4062 6436
449 379 558 436 315

451 490 627 555 (licus,
656 491 926 563 abjectus,
953 490 1070 547 vilis
1100 500 1152 547 et
1182 493 1375 547 nullius
1406 494 1557 562 pretii
1580 511 1592 546 :
1612 494 1707 549 sed
1737 493 1909 563 cogita
1939 509 2034 562 pro

449 580 542 634 illo
568 580 849 638 Christum
873 590 1147 637 mortuum
1182 599 1300 638 esse
1324 625 1338 649 ,
1381 585 1538 655 idque
1577 585 1669 640 tibi
1700 586 1831 640 satis
1859 596 1939 639 est
1968 584 2033 638 ad

450 686 666 725 omnem
688 672 1085 740 suscipiendam
1116 688 1318 729 curam.
1340 674 1526 745 Cogita
1554 689 1711 745 quem
1735 690 1854 730 esse
1880 690 2040 744 opor-

455 770 567 818 teat
593 777 717 818 eum
764 774 921 829 quem
965 760 1210 819 Christus
1249 765 1327 820 sic
1368 764 1731 830 honoraverit,
1764 776 1822 820 ut
1864 780 2039 835 neque

451 853 695 921 sanguini
726 867 824 906 suo
850 856 1164 922 pepercerit.
1189 855 1372 926 Neque
1401 858 1564 921 enim,
1602 857 1648 912 si
1688 872 1781 912 res
1820 872 1917 927 pro
1937 855 2037 910 ali~

453 959 559 1014 quo
596 959 718 999 sese
751 944 1028 1001 immolare
1062 947 1261 1014 vellet,
1304 949 1445 1003 aliud
1485 964 1849 1020 qumrcremus
1876 964 2038 1019 argu-

452 1043 712 1101 mentum,
745 1036 887 1106 quod
918 1053 1140 1106 magnus
1167 1040 1254 1093 ille
1276 1050 1452 1105 esset,
1477 1041 1691 1110 regique
1710 1041 2038 1105 cariSsimus,

453 1137 510 1181 ut
536 1143 635 1198 ego
663 1127 878 1199 quidem
906 1131 1155 1185 existimo
1188 1149 1201 1186 :
1237 1148 1380 1187 mors
1407 1134 1600 1203 quippe
1629 1136 1759 1189 satis
1796 1144 1939 1189 esset
1973 1134 2041 1187 ad

453 1220 830 1275 declarandum
872 1221 987 1291 ejus
1017 1224 1107 1294 qui
1139 1235 1366 1280 mortem
1414 1226 1709 1296 susciperet
1739 1241 1863 1296 erga
1896 1227 2040 1281 illum

453 1310 720 1365 allectum.
751 1311 867 1366 Jam
898 1328 1025 1369 vero
1054 1331 1160 1368 non
1194 1315 1385 1381 homo,
1417 1333 1518 1371 non
1549 1319 1786 1388 angelus,
1823 1334 1925 1372 non
1951 1333 2042 1372 ar-

454 1399 773 1471 ehangelus,
805 1404 899 1457 sed
928 1404 1043 1472 ipse
1069 1406 1322 1461 caelorum
1362 1409 1631 1474 Dominus,
1662 1409 1775 1480 ipse
1800 1411 2043 1481 unigeni-

455 1500 538 1548 tus
584 1494 749 1549 Filius
793 1496 885 1551 Dei
936 1512 1099 1553 carne
1145 1499 1359 1554 indutus
1402 1502 1638 1571 seipsum
1688 1502 1903 1556 tradidit
1948 1517 2045 1571 pro

456 1586 633 1641 nobis.
662 1588 854 1642 Annon
889 1589 1049 1659 igitur
1074 1591 1250 1645 omnia
1284 1591 1572 1656 faciemus,
1605 1593 1782 1648 omnia
1814 1593 2039 1649 tentabi-

457 1690 596 1743 mus,
623 1687 680 1732 ut
709 1677 952 1734 homines
986 1690 1131 1736 tanto
1159 1681 1332 1737 allecti
1365 1680 1569 1739 honore
1598 1693 1777 1738 nostra
1806 1683 2047 1739 fruantur

459 1783 586 1823 cura
618 1779 672 1824 et
701 1771 1099 1828 sollicitudine?
1128 1774 1360 1844 Ecquam
1403 1776 1717 1831 habebimus
1744 1778 2047 1832 excusatio-

460 1875 582 1913 nem
602 1861 627 1913 ?
654 1877 810 1931 quam
839 1864 1089 1918 veniam?
1121 1864 1234 1919 lloc
1262 1866 1433 1933 ipsum
1464 1866 1662 1922 Paulus
1692 1866 1933 1922 indicans
1968 1867 2049 1922 di-

459 1951 649 2004 cebat:
677 1950 760 2005 Ne
797 1954 907 2006 cibo
949 1964 1034 2005 tuo
1074 1954 1217 2008 illum
1248 1956 1465 2023 perdas,
1500 1966 1702 2025 prapter
1727 1974 1872 2026 quem
1896 1956 2047 2010 Citri-

459 2050 565 2096 stus
592 2052 820 2096 mortuus
843 2053 915 2097 est
946 2044 1134 2115 (Rom.
1166 2047 1251 2100 M.
1280 2046 1407 2117 15).
1438 2047 1544 2101 Eos
1570 2049 1712 2102 enim
1739 2048 1829 2117 qui
1860 2048 2050 2102 fratres

460 2144 723 2201 Spel‘nllltl
750 2144 804 2189 et
832 2145 1099 2206 tamquam
1132 2136 1375 2191 inlirmos
1404 2138 1706 2207 despiciunt
1735 2149 1791 2193 ut
1829 2140 2050 2208 pudefa-

458 2225 565 2279 eiat
588 2267 603 2292 ,
637 2233 692 2280 et
718 2227 783 2281 ad
811 2229 1040 2296 proximi
1067 2245 1250 2284 curam
1278 2231 1623 2301 studiumque
1652 2232 1900 2298 inducat,
1934 2234 2049 2288 vice

459 2322 700 2376 omnium
743 2332 968 2377 mortem
1003 2324 1215 2378 Domini
1262 2326 1460 2393 posuit.
1491 2325 1571 2380 Ex
1606 2335 1752 2381 tanto
1782 2328 1942 2397 igitur
1973 2328 2053 2380 in-

461 2413 684 2467 tervallo
730 2414 781 2467 in
823 2430 1041 2470 carcere
1088 2415 1285 2470 sedens
1335 2415 1765 2486 Philippensibus
1811 2419 2046 2487 scripsit.

459 2500 607 2556 Talis
638 2502 832 2572 quippe
856 2514 939 2559 est
968 2506 1164 2559 caritas
1188 2520 1311 2575 erga
1345 2507 1546 2571 Deum;
1576 2508 1735 2563 nullis
1770 2511 1927 2564 rebus
1956 2512 2054 2564 im-

461 2591 676 2661 peditur
705 2595 972 2659 humanis,
1000 2605 1184 2665 utpote
1210 2612 1328 2667 qua:
1355 2597 1405 2651 in
1435 2598 1581 2653 cmlis
1602 2599 1832 2655 radicem
1864 2600 2055 2656 habeat

463 2691 516 2735 et
565 2686 1074 2743 remunerationem.
1124 2687 1191 2742 Et
1234 2688 1361 2759 quid
1409 2689 1743 2746 dicit?Scire
1783 2708 1868 2746 vos
1903 2694 2049 2760 volo,

460 2774 642 2844 fratres
675 2775 929 2848 (Philipp.
958 2780 1007 2833 1.
1044 2780 1154 2852 12).
1179 2781 1423 2836 Vidistin’
1444 2798 1624 2837 curam
1651 2799 1781 2855 erga
1814 2786 2048 2856 discipu-

464 2865 583 2919 los?
616 2867 847 2922 vidistin’
877 2871 1112 2938 magistri
1161 2872 1620 2930 sollicitudinem?
1647 2877 1781 2931 Audi
1826 2887 1881 2932 et
1918 2878 2049 2931 alle-

467 2966 606 3011 etum
633 2958 1016 3028 discipulorum
1040 2977 1163 3031 erga
1190 2965 1522 3033 magistrum,
1551 2976 1607 3019 ut
1628 2967 1765 3022 scias
1790 2967 1909 3022 ideo
1935 2969 2054 3024 illos

465 3046 630 3103 fortes
662 3048 994 3121 invictosque
1025 3052 1205 3116 fuisse,
1238 3055 1378 3123 quod
1405 3067 1586 3110 mutuo
1610 3073 1793 3113 amore
1822 3059 2051 3115 devincti

465 3148 665 3193 essont.
694 3140 827 3194 Nam
856 3143 899 3196 si
929 3141 1115 3197 Frater
1152 3146 1240 3214 qui
1279 3145 1553 3215 adjuvatur
1598 3166 1630 3201 a
1656 3152 1864 3217 ‘fratre,
1913 3154 2057 3220 quasi

467 3229 641 3286 civitas
669 3233 818 3300 ﬁrma
843 3232 1027 3304 (Prov.
1057 3236 1144 3292 18.
1172 3237 1284 3309 19),
1318 3239 1485 3292 multo
1511 3243 1677 3310 magis
1711 3252 1784 3295 tot
1812 3243 2055 3300 homines

466 3324 704 3379 caritatis
732 3325 961 3383 vinculis
990 3329 1264 3384 constricti
1290 3371 1305 3395 ,
1335 3346 1523 3387 omnes
1551 3333 1819 3403 depellant
1841 3335 2054 3405 maligni

465 3414 724 3469 dannonis
755 3416 994 3473 insidias.
1020 3418 1181 3475 Certe
1212 3422 1351 3490 quod
1380 3421 1578 3479 Paulus
1610 3424 1886 3479 devinctus
1913 3435 2057 3481 esset

467 3501 781 3572 discipulis,
825 3522 930 3560 non
972 3524 1108 3577 opus
1152 3520 1235 3564 est
1281 3511 1651 3569 demonstrare
1705 3516 1788 3570 vel
1841 3517 2051 3582 dicere,

467 3596 683 3662 quando
714 3599 875 3653 etiam
908 3601 1131 3656 vinculis
1157 3606 1477 3660 constrictus
1505 3606 1713 3661 illorum
1743 3611 2059 3665 sollicitudi-

467 3701 590 3739 nem
617 3688 854 3755 gerebat,
889 3699 945 3746 et
969 3693 1204 3762 quotidie
1232 3710 1331 3764 pro
1362 3697 1465 3752 illis
1492 3700 1840 3769 moriebatur,
1870 3703 2055 3757 incen-

468 3791 559 3831 SllS
587 3793 790 3835 amore.

541 3868 594 3923 6.
626 3868 775 3935 Quod
811 3887 939 3927 vero
977 3873 1223 3945 discipuli
1265 3876 1431 3934 Paulo
1470 3892 1652 3937 essent
1686 3884 1833 3938 omni
1881 3885 2058 3939 studio

466 3958 732 4028 devincti,
775 3979 880 4018 nun
928 3966 1023 4020 viri
1065 3967 1269 4035 solum,
1313 3970 1408 4025 sed
1447 3974 1606 4026 etiam
1634 3973 1904 4041 mulieres,
1933 3976 2056 4031 audi

468 4050 595 4119 quid
624 4054 762 4107 dicat
785 4055 854 4109 de
887 4056 1086 4112 Phtebe
1112 4076 1125 4112 :
1155 4058 1461 4116 Commendo
1482 4064 1619 4118 vobis
1647 4065 1885 4121 Pluzhem
1913 4086 2053 4122 soro-

471 4159 576 4196 rem
598 4185 612 4208 ,
640 4162 754 4214 qua:
777 4147 828 4199 in
857 4148 1131 4212 ministerio
1171 4160 1243 4205 est
1271 4150 1544 4219 Ecclesiaz,
1583 4173 1697 4226 qua”.
1730 4167 1803 4211 est
1842 4159 1895 4212 in
1929 4158 2059 4214 Cen-

471 4236 653 4298 chrcis,
691 4247 745 4290 ut
772 4254 884 4292 eam
915 4242 1201 4309 suscipiatis
1239 4244 1291 4295 in
1318 4243 1540 4299 Domino
1579 4247 1731 4315 digne
1756 4250 1944 4303 sanctis
1964 4293 1976 4314 ,
2011 4261 2057 4303 et

471 4326 719 4381 ussistatis
744 4331 788 4383 ei
818 4330 868 4383 in
889 4347 1202 4401 quocumque
1226 4335 1423 4402 negotio
1445 4337 1592 4389 vestri
1616 4338 1888 4406 indiguerit
1905 4380 1920 4401 ,
1949 4357 2061 4410 qua:

472 4420 666 4475 adstitit
710 4423 911 4490 multis,
953 4432 999 4476 et
1042 4424 1166 4476 mihi
1190 4424 1289 4494 ipsi
1316 4424 1503 4496 (Rom.
1534 4428 1621 4482 16.
1659 4429 1706 4482 1.
1735 4428 1827 4497 2).
1858 4429 2059 4486 Verum

475 4514 562 4569 hic
597 4515 733 4571 circa
777 4516 1127 4584 patrocinium
1164 4526 1364 4571 tantum
1406 4517 1572 4588 ipsius
1608 4520 1785 4576 studio
1818 4522 2059 4576 testimo-

473 4604 619 4658 nium
651 4605 796 4659 dedit
823 4624 837 4658 :
864 4606 1100 4660 Priscilla
1129 4622 1258 4662 vero
1294 4618 1349 4663 et
1384 4609 1578 4677 Aquila
1612 4625 1782 4681 usque
1810 4611 1876 4665 ad
1909 4629 2056 4666 mor-

478 4704 583 4747 tem
634 4694 779 4749 Pauli
823 4698 987 4765 gratia
1037 4709 1432 4767 processerunt.
1480 4700 1555 4756 De
1593 4701 1699 4756 illis
1738 4712 1915 4757 autem
1957 4702 2059 4758 huc

477 4785 638 4839 modo
663 4787 883 4842 scribit:
917 4787 1158 4843 Salutant
1182 4804 1269 4844 vos
1298 4790 1481 4860 Aquila
1508 4800 1554 4844 et
1581 4790 1842 4859 Priscilla,
1863 4795 1949 4863 qui
1969 4811 2061 4863 pro

476 4875 646 4927 anima
680 4893 789 4929 mea
821 4878 1056 4931 cervicem
1092 4895 1237 4932 suam
1272 4889 1642 4949 supposuerunt
1678 4882 1698 4954 (
1717 4883 1867 4937 Rom.
1893 4885 1981 4940 16.
2005 4887 2058 4939 5.

477 4964 533 5037 4)
558 4966 654 5038 (u),
671 4968 737 5023 ad
762 4981 985 5025 mortem
1010 4971 1276 5027 videlicet.
1301 4973 1376 5028 De
1393 4974 1497 5028 alio
1517 4990 1732 5046 quoque
1755 4978 1833 5031 sic
1853 4977 1918 5031 ad
1944 4978 2061 5032 illos

478 5059 698 5114 scribit:
731 5059 902 5129 Usque
941 5064 1008 5114 ad
1048 5074 1257 5117 mortem
1301 5066 1540 5132 accessit,
1588 5065 1792 5121 tradens
1840 5069 2061 5121 animum

478 5166 640 5210 suam,
673 5160 725 5203 ut
756 5150 983 5219 impleret
1006 5153 1078 5213 id,
1103 5154 1240 5222 quod
1264 5170 1326 5208 ea:
1344 5155 1481 5209 vobis
1508 5155 1678 5210 deerat
1704 5174 1824 5227 erga
1859 5174 1937 5210 me
1973 5159 2063 5212 oba

477 5241 699 5310 sequium
729 5239 985 5311 (Philipp.
1014 5242 1067 5296 Ξ.
1094 5242 1211 5312 50).
1244 5242 1434 5299 Viden’
1460 5247 1727 5315 quomodo
1747 5249 2059 5317 magistrum

476 5331 795 5401 diligerent,
829 5333 1097 5402 quomodo
1126 5334 1277 5403 prius
1296 5377 1308 5397 ,
1338 5351 1498 5404 quam
1528 5339 1720 5392 anima:
1764 5353 1873 5391 sua:
1898 5378 1913 5405 ,
1946 5339 2062 5408 ejus

475 5423 842 5492 tranquillitati
891 5426 1301 5494 prospicerent?
1344 5426 1700 5493 Quamobrem
1743 5442 1901 5482 nemo
1940 5437 2063 5483 tunc

474 5509 593 5568 illos
648 5515 952 5582 superabat.
1006 5516 1133 5570 lltec
1183 5531 1344 5585 porro
1396 5515 1554 5582 dico,
1607 5532 1712 5571 non
1770 5525 1826 5570 ut
1875 5518 2062 5572 audia-

476 5616 594 5657 mus
622 5611 846 5667 tantum,
879 5605 972 5660 sed
997 5609 1156 5661 etiam
1186 5615 1244 5660 ut
1272 5606 1584 5662 imitemur:
1618 5622 1792 5679 neque
1831 5608 2058 5663 subditis

478 5698 687 5750 tantum
715 5696 925 5765 loquor,
955 5697 1048 5751 sed
1077 5698 1238 5752 etiam
1272 5698 1709 5768 magistratibus;
1737 5706 1794 5753 ut
1818 5697 2064 5768 discipuli

541 5808 616 5870 (tt)
646 5816 756 5858 “me
776 5809 1005 5860 dilferunt
1028 5824 1052 5857 a
1079 5816 1219 5859 textu
1246 5811 1466 5872 epistolae
1488 5811 1548 5861 ad
1570 5818 1822 5863 Romanos.

1175 376 1233 432 S.
1263 376 1539 433 JOANNIS
1575 379 2054 436 CHRYSOSTOMI
2087 379 2402 436 ARCIllEP.
2443 378 2981 437 CONSTANTINOP.

3629 382 3735 438 διδ

2142 492 2360 545 multum
2390 507 2514 562 erga
2545 503 2830 562 magistros
2853 508 3037 547 curam
3069 491 3386 557 exhibeant,
3424 503 3593 560 utque
3621 509 3736 549 ma-

2141 583 2292 651 gistri
2334 582 2582 637 eumdem
2627 599 2784 652 quem
2831 584 3026 640 Paulus
3066 599 3190 655 erga
3216 584 3455 641 subditos
3484 584 3735 641 all'cctum

2144 674 2397 741 habeant,
2431 689 2529 729 nec
2551 675 2724 729 solum
2758 683 3078 744 prursentes,
3110 676 3207 730 sed
3236 676 3395 731 etiam
3423 677 3611 747 procul
3639 694 3736 747 po-

2144 766 2298 821 sitos.
2331 766 2605 836 Siquidem
2635 766 2833 822 Paulus
2857 783 2920 822 ac
2945 768 2989 821 si
3018 769 3071 822 in
3112 777 3223 822 toto
3249 768 3380 824 orbe
3406 784 3505 823 ceu
3536 783 3639 824 cna
3682 771 3736 825 in

2145 857 2306 913 domo
2334 858 2617 925 habitaret,
2647 860 2725 914 sic
2752 859 2820 915 de
2849 860 3088 915 omnium
3115 861 3289 916 salute
3316 861 3577 916 sollicitus
3596 871 3736 930 erat,

2146 950 2431 1020 missisque
2458 952 2681 1006 vinculis
2707 953 2818 1006 suis
2838 994 2853 1017 ,
2885 953 3137 1007 aerumnis
3157 994 3171 1018 ,
3213 953 3380 1023 plagis
3402 995 3418 1019 ,
3440 955 3702 1024 angustiis
3720 996 3735 1021 ,

2147 1041 2523 1096 considerabat
2563 1050 2619 1096 et
2662 1043 3036 1098 sciscitabatur
3083 1044 3339 1113 quotidie,
3379 1045 3650 1115 quomodo
3680 1061 3741 1101 se

2150 1129 2411 1187 haberent
2434 1148 2515 1197 ea,
2553 1148 2672 1203 qua:
2703 1134 2768 1187 ad
2797 1133 3088 1203 discipulos
3109 1135 3419 1203 spectabant
3444 1152 3458 1189 :
3489 1151 3740 1206 saepeque

2150 1222 2235 1275 illa
2262 1223 2432 1277 solum
2460 1223 2527 1278 dc
2554 1239 2714 1278 causa
2743 1224 3004 1287 mittebat.
3036 1242 3175 1280 nunc
3196 1227 3569 1296 Timotheum,
3597 1243 3740 1283 nunc

2149 1315 2441 1387 Tychieum
2468 1334 2480 1368 :
2514 1332 2634 1371 nam
2662 1317 2729 1371 de
2754 1317 2855 1372 huc
2890 1319 3103 1388 quidem
3134 1320 3209 1373 ait
3238 1337 3252 1373 :
3286 1319 3353 1374 Ut
3381 1322 3506 1375 sciat
3529 1338 3643 1392 qua!
3671 1322 3741 1374 ad

2157 1422 2243 1462 vos
2272 1417 2516 1477 spectant,
2549 1417 2595 1462 et
2619 1411 2904 1463 consoletur
2931 1412 3086 1465 corda
3111 1422 3272 1466 vestra
3302 1414 3516 1484 (Ephes.
3540 1414 3593 1469 6.
3616 1414 3740 1486 22):

2151 1500 2218 1556 de
2238 1501 2521 1556 Timotheo
2540 1509 2717 1556 autem
2743 1519 2754 1555 :
2781 1503 2900 1556 Misi
2919 1520 3031 1557 eum
3052 1504 3120 1557 ad
3145 1521 3230 1558 vos
3259 1521 3356 1559 non
3386 1506 3610 1575 amplius
3630 1522 3744 1560 sus-

2151 1592 2333 1656 tinens,
2367 1609 2430 1645 nc
2457 1596 2588 1661 forte
2617 1594 2875 1647 tentaverit
2920 1610 3006 1647 vos
3036 1595 3080 1648 is
3108 1595 3193 1665 qui
3221 1604 3375 1650 tentet
3398 1596 3473 1667 (1.
3498 1595 3655 1650 Thes.
3684 1597 3741 1651 3.

2151 1683 2227 1749 5).
2250 1683 2386 1736 Alibi
2409 1699 2533 1737 vero
2554 1684 2730 1739 Titum
2751 1726 2766 1751 ,
2791 1684 2914 1739 alibi
2942 1686 3123 1740 alium.
3151 1687 3284 1754 Quia
3319 1689 3459 1742 enim
3488 1688 3605 1757 ipse
3633 1703 3745 1742 uno

2151 1774 2398 1829 detentus
2438 1775 2489 1829 in
2518 1776 2636 1830 loco
2658 1776 2759 1830 illis
2785 1776 2971 1832 adesse
2998 1792 3103 1832 non
3147 1787 3384 1848 poterat,
3413 1780 3503 1849 qui
3533 1780 3743 1834 viscera

2155 1868 2270 1936 ejus
2303 1877 2494 1934 erant,
2541 1885 2636 1938 per
2674 1869 2964 1939 discipulos
3005 1886 3132 1925 suus
3173 1872 3318 1940 ipsos
3368 1871 3743 1926 conveniebat.

2227 1957 2279 2011 7.
2326 1956 2525 2013 Caritas
2566 1960 2956 2028 iquualitatem
2997 1961 3187 2030 objicit.
3221 1989 3294 2000 —-
3326 1960 3473 2015 Tunc
3512 1975 3645 2030 ergo
3691 1962 3747 2016 in

2159 2046 2382 2101 vinculis
2429 2062 2551 2102 cum
2595 2058 2774 2114 esset,
2818 2049 3247 2119 Philippensibus
3282 2051 3494 2120 scripsit
3541 2070 3555 2105 :
3600 2051 3749 2107 Scire

2155 2146 2320 2189 autent
2347 2153 2433 2191 vos
2462 2139 2594 2204 volo,
2617 2139 2798 2207 fratres
2826 2139 3077 2212 (Philipp.
3114 2143 3166 2197 1.
3200 2140 3320 2213 12);
3344 2142 3636 2212 discipulos
3653 2158 3749 2196 vo-

2156 2239 2241 2283 cat
2285 2229 2494 2285 fratres.
2536 2232 2677 2286 Talis
2718 2233 2915 2303 quippe
2943 2235 3135 2288 caritas
3174 2243 3297 2289 est:
3328 2235 3747 2304 inaequalitatem

2156 2337 2369 2376 omnem
2397 2324 2595 2391 abjicit,
2626 2326 3079 2393 pracemincntiam
3102 2335 3157 2380 et
3177 2326 3487 2396 dignitatem
3515 2341 3624 2380 non
3654 2341 3750 2380 no-

2157 2412 2266 2471 vit:
2297 2415 2387 2467 sed
2418 2414 2626 2469 etiamsi
2655 2416 2771 2484 quis
2802 2416 2870 2470 sit
2908 2417 3156 2470 omnibus
3190 2416 3486 2480 sublimior,
3523 2416 3591 2469 ad
3629 2432 3749 2470 om-

2159 2504 2302 2556 nium
2335 2504 2692 2559 humillimum
2721 2506 3015 2567 descendit,
3043 2506 3183 2576 quod
3203 2517 3255 2560 et
3282 2507 3474 2561 Paulus
3498 2506 3749 2561 l'.;ciebal.

2157 2592 2261 2647 Sed
2294 2595 2571 2651 audiamus
2599 2597 2725 2666 quid
2773 2597 2896 2652 illos
2934 2603 3075 2651 scire
3111 2598 3272 2652 velit:
3301 2596 3433 2662 Quia
3471 2613 3585 2666 qua:
3615 2598 3755 2651 circa

2160 2702 2237 2738 me
2265 2695 2400 2750 sunt,
2426 2690 2586 2758 magis
2613 2690 2682 2743 ad
2709 2692 2986 2761 profectum
3017 2700 3255 2743 venerunt
3281 2690 3525 2759 evangelii
3553 2688 3701 2759 (Ibid
3731 2688 3753 2759 )

2160 2775 2254 2828 Dic
2294 2777 2460 2842 mihi,
2512 2780 2782 2848 quomodo
2832 2790 2887 2836 et
2928 2797 3029 2850 qua
3063 2781 3322 2835 ratione?
3359 2780 3493 2834 Num
3546 2796 3577 2834 a
3630 2781 3752 2834 vin-

2159 2869 2293 2922 culis
2337 2855 2589 2925 liberatus
2625 2873 2721 2927 es?
2752 2888 2876 2926 num
2913 2884 3154 2928 catenam
3179 2873 3468 2942 deposuisti
3491 2914 3508 2938 ,
3536 2883 3587 2927 ct
3627 2887 3752 2927 cum

2160 2959 2404 3016 libertate
2435 2962 2486 3014 in
2516 2963 2644 3017 urbe
2675 2964 2930 3032 pnedicas
2949 2970 2973 3017 γ
3002 2980 3124 3017 num
3149 2964 3201 3016 in
3227 2963 3517 3018 Ecclesium
3546 2964 3756 3031 ingres-

2173 3065 2265 3105 sus
2294 3052 2480 3121 longos
2510 3054 2812 3123 multusque
2842 3056 3052 3109 texuisti
3083 3068 3357 3109 sermones
3388 3055 3528 3108 circa
3564 3054 3751 3119 tidem,

2161 3141 2462 3212 multosque
2488 3143 2711 3213 adeptus
2738 3144 3029 3214 discipulos
3055 3145 3358 3200 abscessisti
3385 3144 3407 3196 ?
3448 3160 3573 3198 num
3606 3160 3753 3198 mor-

2161 3240 2278 3287 tuos
2308 3235 2573 3288 suseitasti
2595 3275 2611 3301 ,
2651 3244 2704 3290 et
2744 3236 3081 3290 admirationi
3113 3236 3299 3289 fuisti?
3328 3251 3454 3289 num
3506 3237 3754 3305 leprosos

2161 3327 2425 3380 mundasti
2453 3369 2468 3393 ,
2496 3335 2550 3382 et
2577 3342 2762 3382 omnes
2795 3328 3074 3395 stupefacti
3115 3327 3272 3380 sunt?
3316 3343 3442 3380 num
3477 3327 3754 3381 daemones

2162 3418 2371 3487 iugasti,
2403 3427 2456 3471 et
2477 3418 2721 3472 sublimis
2748 3418 2869 3472 inde
2894 3418 3067 3473 factus
3097 3418 3196 3472 es?
3229 3418 3367 3472 Nihil
3399 3422 3622 3473 borum.
3671 3417 3753 3470 iu-

2162 3510 2298 3578 quit.
2342 3510 2619 3575 Quomodo
2668 3511 2826 3580 igitur
2874 3511 3138 3579 profectus
3164 3511 3419 3579 evangelii
3471 3508 3611 3561 fuit?
3641 3509 3752 3575 die,

2162 3618 2364 3669 quaeso.
2398 3601 2485 3655 Ita
2510 3612 2587 3667 ut,
2614 3603 2804 3673 inquit,
2830 3604 3029 3656 vincula
3055 3618 3165 3656 mea
3187 3602 3451 3671 manifesta
3472 3603 3523 3653 in
3549 3600 3754 3655 Christo

2163 3697 2336 3762 fierent
2362 3697 2413 3749 in
2446 3706 2549 3749 toto
2598 3698 2833 3765 praetorio
2855 3736 2868 3759 ,
2896 3705 2939 3749 et
2985 3696 3038 3748 in
3075 3696 3266 3748 ra'tcris
3292 3694 3520 3747 omnibus
3563 3691 3750 3762 (Ibid.

2161 3803 2211 3840 υ.
2263 3787 2371 3857 15).
2397 3788 2532 3854 Quid
2558 3788 2734 3843 dicis?
2758 3787 2974 3842 lliccine
3005 3786 3304 3856 profectus?
3337 3786 3448 3838 lnec
3474 3783 3754 3838 accessio?

2162 3879 2264 3934 hoc
2292 3888 2633 3950 augmentum
2679 3880 3074 3950 praedicationis
3096 3920 3111 3943 ,
3159 3877 3297 3949 quod
3325 3890 3512 3931 omnes
3540 3875 3751 3929 didice-

2162 3972 2289 4035 rint,
2327 3982 2378 4026 te
2403 3971 2643 4025 vinctum
2676 3970 2834 4025 esse?
2864 3969 3058 4032 Etiam,
3092 3970 3281 4038 inquit.
3308 3966 3441 4021 Audi
3466 3966 3623 4035 igitur
3651 3981 3746 4024 ea.

2162 4077 2280 4131 qua:
2304 4070 2618 4131 sequuntur,
2648 4070 2705 4115 ut
2730 4061 2926 4124 discas,
2958 4059 3162 4115 vincula
3194 4075 3296 4112 non
3327 4057 3484 4111 modo
3526 4055 3754 4123 impedi-

2161 4162 2398 4208 mentum
2432 4169 2480 4206 ην
2505 4169 2537 4207 n
2568 4153 2728 4207 fuisse
2753 4194 2765 4215 ,
2797 4150 2889 4207 scd
2931 4152 3090 4206 etiam
3133 4159 3498 4220 argumentum
3531 4146 3751 4214 majoris

2163 4246 2369 4299 ﬁducia:
2404 4262 2416 4297 :
2449 4244 2535 4297 Ita
2564 4253 2617 4297 ut
2647 4246 2816 4314 plures
2852 4259 2880 4296 e
2908 4241 3150 4313 fratribus
3187 4242 3240 4294 in
3286 4239 3499 4293 Domino
3523 4280 3535 4298 ,
3580 4237 3750 4304 conﬁ~

2164 4338 2334 4390 dentes
2362 4336 2573 4390 vinculis
2595 4335 2715 4388 meis
2736 4374 2751 4398 ,
2782 4333 3128 4386 abundantius
3157 4330 3403 4384 auderent
3433 4328 3542 4383 sine
3569 4327 3752 4379 timore

2161 4429 2362 4483 verbum
2407 4428 2541 4497 loqui
2586 4425 2747 4498 (Ibid.
2776 4440 2822 4477 v.
2859 4424 2970 4493 14).
3017 4422 3152 4490 Quid
3182 4420 3347 4487 dicis,
3402 4418 3599 4472 Paule?
3621 4415 3753 4471 Vin-

2164 4520 2281 4574 cula
2330 4534 2432 4572 non
2480 4518 2839 4579 anxietatem,
2887 4514 2979 4568 sed
3028 4511 3274 4565 fiduciam
3321 4506 3592 4563 indidere?
3643 4520 3751 4560 non

2167 4613 2410 4667 timorem
2433 4652 2447 4676 ,
2488 4609 2579 4664 sed
2611 4606 2888 4663 amorem?
2916 4606 3030 4660 Non
3073 4604 3272 4658 habent
3298 4601 3412 4655 lucc
3440 4600 3578 4655 dicta
3616 4613 3753 4652 cono

2166 4703 2524 4772 sequendam.
2551 4702 2674 4757 Scio
2707 4709 2760 4754 et
2788 4713 2907 4766 ego.
2932 4696 3047 4751 Non
3075 4695 3217 4749 enim
3244 4692 3533 4747 secundum
3562 4690 3755 4743 huma-
3788 4716 3801 4729 κ

2167 4810 2352 4848 narmn
2385 4806 2561 4847 rerum
2595 4805 2798 4844 morem
2841 4788 2956 4842 hare
2996 4786 3332 4854 euutigerunt
3353 4822 3371 4848 ,
3414 4781 3621 4849 inquit:
3653 4778 3752 4832 sed

2165 4899 2323 4952 supra
2353 4890 2592 4935 naturam
2624 4888 2748 4933 sunt
2774 4880 2857 4932 illa
2881 4919 2895 4941 ,
2928 4885 2982 4931 et
3005 4877 3199 4929 divina:
3226 4873 3409 4942 gratia:
3433 4879 3601 4941 gesta.
3626 4868 3752 4922 Ideo

2165 4975 2305 5045 quod
2350 4974 2469 5028 aliis
2517 4974 2836 5025 anxietatem
2881 4970 3048 5038 parit,
3082 4967 3133 5021 id
3164 4967 3302 5036 apud
3335 4965 3479 5018 illum
3506 4962 3751 5017 fiduciam

2168 5066 2454 5135 prarbcbat.
2493 5064 2701 5117 Etenim
2746 5063 2789 5115 si
2837 5063 2955 5130 quis
2998 5068 3154 5128 capto
3198 5056 3592 5123 constrictoque
3614 5053 3753 5109 duce

2168 5158 2219 5211 id
2251 5157 2480 5226 evulget,
2515 5164 2680 5208 totum
2710 5152 3006 5208 exercitum
3038 5154 3089 5204 in
3120 5150 3292 5219 fugam
3319 5147 3537 5216 conjicit
3565 5162 3580 5203 :
3614 5154 3667 5199 et
3705 5145 3761 5198 si

2167 5249 2288 5319 quis
2321 5257 2588 5317 pastorem
2616 5261 2680 5298 ex
2709 5245 2831 5297 ovili
2863 5241 3141 5296 abduxerit
3165 5282 3181 5306 ,
3209 5237 3458 5308 abigendi
3485 5236 3660 5306 gregis
3688 5236 3751 5289 li-

2168 5341 2427 5394 bertatem
2460 5336 2681 5407 praebet.
2718 5335 2910 5388 Verum
2940 5348 3045 5386 non
3074 5332 3152 5385 sic
3179 5333 3231 5383 in
3265 5329 3427 5383 Paulo
3453 5369 3468 5394 ,
3501 5326 3593 5381 sed
3620 5341 3755 5380 cnn—

2170 5432 2391 5486 trarium
2410 5428 2709 5484 eveniebat.
2732 5426 2863 5481 Nam
2881 5425 2985 5479 dux
3007 5423 3340 5493 alligabatur,
3374 5427 3427 5474 et
3464 5417 3755 5471 alacriores

2169 5523 2366 5578 milites
2393 5528 2577 5584 erant,
2611 5517 2906 5586 majorique
2947 5515 3129 5568 animo
3172 5510 3506 5565 adversarios
3543 5505 3748 5560 adorie-

2171 5615 2366 5670 bantur
2394 5628 2409 5670 :
2437 5621 2617 5681 pastor
2642 5611 2965 5664 constrictus
2993 5613 3138 5669 erat,
3167 5611 3222 5657 et
3259 5617 3385 5656 oves
3413 5614 3522 5655 non
3558 5612 3752 5654 consu-

2175 5706 2476 5771 mebantur,
2506 5718 2605 5759 nec
2630 5697 3095 5771 dispergebantur‘.
3310 5732 3319 5739 ς
3634 5774 3672 5787 Δ.
3743 5773 3762 5787 .

2247 5800 2302 5856 8.
2344 5794 2616 5853 ﬁrmum:
2657 5802 2701 5847 et
2745 5801 2934 5845 catena:
2980 5786 3133 5842 Pauli
3170 5801 3368 5857 magna:
3418 5774 3761 5840 consolationi
