4062 6462
343 436 450 495 316

342 552 377 624 ἢ
417 552 500 606 ὅτι
536 548 751 621 πτωχδς
794 549 889 603 καὶ
923 546 1358 620 ἀπερῤιμμένος,
1405 547 1498 602 καὶ
1540 547 1786 620 εὐτελής,
1826 549 1923 603 καὶ

340 633 553 698 οὐδενὸς
582 633 732 701 ἄξιος
751 633 910 702 λόγου
931 650 945 662 ·
977 633 1094 687 ἀλλ’
1132 634 1385 703 ἐννόησον
1418 633 1501 686 ὅτι
1527 634 1621 686 καὶ
1643 633 1784 706 ὑπὲρ
1804 633 1925 685 τού-

339 733 434 771 του
465 713 701 789 Χριστὸς
724 716 987 781 ἀπέθανε,
1021 716 1117 770 καὶ
1142 718 1304 788 ἀρδεῖ
1331 732 1412 768 σοι
1442 713 1601 768 τοῦτο
1634 716 1715 778 είς
1743 714 1925 784 πάσης

340 801 599 872 προνοίας
648 800 923 856 ὑπόθεσιν.
981 789 1266 872 Ἐ’ννόησον
1322 800 1505 854 ὁποῖόν
1538 815 1662 851 τινα
1717 800 1925 852 ἐκεῖνον

340 880 480 938 εἶναι
512 884 642 955 χρὴ,
673 884 732 937 ὃν
759 883 1015 939 τοσούτου
1042 884 1280 955 Χριστὸς
1306 885 1631 954 ἐτιμήσατο,
1662 881 1740 946 ὡς
1787 882 1924 953 μηδὲ

337 966 433 1021 τοῦ
471 968 705 1037 αἵματος
733 967 1022 1037 φείσασθαι
1047 967 1144 1021 τοῦ
1174 964 1395 1021 ἐαυτοῦ.
1425 966 1562 1020 Οὐδὲ
1585 966 1716 1037 γὰρ,
1747 968 1796 1020 εἰ
1823 965 1923 1036 βα-

341 1050 522 1113 σιλεὺς
549 1049 691 1118 ὑπέρ
717 1067 862 1114 τινος
878 1050 1055 1104 είλετο
1081 1049 1387 1105 καταθῦσαι
1414 1048 1627 1113 ἐαυτὸν,
1653 1050 1928 1120 ἐζητήσα-

341 1149 443 1202 μεν
473 1131 539 1185 ἂν
571 1133 766 1204 ἑτέραν
811 1132 1087 1201 ἀπόδειξιν
1140 1132 1234 1186 τοῦ
1272 1133 1450 1204 μέγαν
1487 1132 1610 1186 τινὰ
1644 1127 1783 1186 εἶναι
1831 1132 1926 1186 καὶ

339 1214 803 1286 περισπούδαστον
822 1216 1029 1271 ἐκεῖνον
1050 1215 1129 1288 τῷ
1164 1215 1394 1287 βασιλεῖ,
1416 1216 1517 1269 οὐκ
1542 1214 1716 1283 ἔγωγε
1745 1211 1921 1286 οἶμαιο

337 1298 499 1370 ἦρκει
545 1299 655 1371 γὰρ
683 1302 717 1371 ἡ
742 1300 971 1373 τελευτή
1001 1299 1174 1365 δεῖξαι
1202 1299 1298 1353 τοῦ
1332 1299 1780 1369 τετελευτηκότος
1822 1300 1924 1370 τήν

336 1383 469 1453 περὶ
523 1382 688 1434 αὑτὸν
740 1382 985 1453 ἀγάπην.
1023 1382 1163 1436 Νυνὶ
1193 1382 1251 1435 δέ
1297 1383 1399 1435 οὐκ
1447 1382 1755 1454 ἄνθρωπος,
1821 1385 1924 1437 ούκ

334 1465 588 1534 ἄγγελος,
624 1465 724 1519 οὐκ
758 1466 1119 1539 ἀρχάγγελος,
1149 1463 1265 1519 ἀλλ’
1296 1465 1461 1529 αὐτὸς
1482 1468 1511 1519 6
1534 1466 1644 1519 τῶν
1676 1464 1925 1538 οὐρανῶν

334 1548 636 1618 Δεσπότης,
664 1547 826 1613 αὐτὸς
855 1552 883 1602 6
920 1549 1216 1620 μονογενὴς
1267 1548 1394 1612 Υἱὸς
1442 1548 1538 1601 τοῦ
1565 1548 1702 1602 Θεοῦ
1739 1549 1925 1620 σάρκα

337 1632 768 1703 περιϐαλόμενος
823 1632 1100 1686 ἐπέδωκεν
1159 1633 1353 1686 ἐαυτὸν
1401 1631 1544 1703 ὑπὲρ
1593 1631 1773 1703 ⁴ήμῶν.
1847 1632 1922 1685 Οὐ

335 1715 517 1769 πάντα
561 1711 655 1769 οὖν
711 1716 1011 1787 ποιήσομεν
1060 1716 1154 1770 καὶ
1184 1715 1748 1787 πραγματευσόμεθα.
1780 1714 1923 1769 ὥστε

332 1798 462 1862 τοὺς
489 1796 634 1852 οὕτω
660 1790 990 1870 τιμηθέντος
1021 1795 1342 1871 ἀνθρώπους
1385 1798 1568 1871 πάσης
1616 1797 1924 1853 ἀπολαῦσαι

336 1882 466 1951 παρ’
504 1881 664 1952 ἡμῶν
693 1881 978 1953 προνοίας;
1014 1884 1128 1936 Καὶ
1171 1881 1334 1936 ποίαν
1361 1882 1556 1954 ἐξομεν
1585 1881 1920 1952 ἀπολογίαν;

333 1964 455 2018 τίνα
488 1962 858 2036 συγγνῶμην;
900 1964 1073 2019 Τοῦτο
1110 1965 1242 2035 γοῦν
1295 1964 1430 2018 αὐτὸ
1485 1966 1581 2019 καὶ
1624 1966 1653 2019 6
1710 1964 1924 2028 Παῦλος

333 2047 741 2118 ἐνδεικνύμενος
771 2048 926 2117 ἔλεγε
948 2065 961 2078 ·
989 2047 1086 2116 Μὴ
1116 2047 1199 2113 τῷ
1235 2046 1509 2117 ,βρώματι
1536 2063 1654 2103 σου
1685 2047 1926 2102 ἐκεῖνον

333 2128 631 2193 ἀπόλλυε,
652 2129 728 2183 δι’
758 2131 833 2184 ὃν
860 2130 1117 2201 Χριστὸς
1148 2130 1432 2185 ἀπέθανε.
1484 2131 1625 2195 Τοὺς
1670 2130 1782 2201 γάρ
1820 2148 1923 2184 κα-

332 2226 444 2281 ταφ
452 2212 734 2281 ρονοῦντας
755 2214 865 2268 τῶν
884 2214 1130 2284 ἀδελφῶν
1139 2255 1156 2280 ,
1167 2216 1262 2269 κα)¹
1273 2215 1349 2278 ὡς
1362 2215 1735 2270 ἀσθενούντων
1750 2216 1853 2269 ύπε
1862 2232 1925 2286 ρ-

330 2290 574 2361 ορῶντας
608 2292 929 2365 βουλόμενος
969 2293 1229 2365 ἐντρέψαι
1271 2294 1365 2348 καὶ
1396 2297 1478 2358 είς
1518 2293 1754 2366 σπουδήν
1781 2295 1923 2363 ἀγα-

329 2376 451 2440 γεῖν
481 2374 576 2428 καὶ
610 2379 796 2429 πεῖσαι
826 2375 1084 2447 κήδεσθαι
1115 2376 1225 2430 τῶν
1257 2375 1506 2448 πλησίον,
1549 2377 1673 2430 ἀντὶ
1707 2378 1925 2432 πάντων

328 2457 424 2508 τὸν
453 2457 547 2509 τοῦ
569 2459 846 2512 Δεσπότου
880 2459 1112 2513 θάνατον
1139 2459 1370 2514 τέθεικε.
1394 2458 1720 2530 Καθήμενος
1744 2459 1926 2514 τοίνυν

328 2540 394 2594 ἐν
426 2538 503 2613 τῷ
528 2541 890 2615 δεσμωτηρίῳ
925 2545 1039 2608 τοῖς
1075 2544 1458 2616 Φιλιππησίοις
1501 2543 1825 2597 ἐπέστελλεν
1860 2545 1926 2598 ἐκ

326 2624 586 2678 τοσούτου
616 2623 711 2678 τοῦ
734 2626 1123 2697 διαστήματος.
1148 2624 1388 2698 Τοιαύτη
1417 2626 1527 2699 γὰρ
1552 2627 1586 2697 ἠ
1616 2626 1762 2681 κατά
1789 2627 1924 2681 Θεὸν

327 2705 523 2777 ἀγάπη
545 2725 556 2738 ·
582 2707 759 2762 οὐδενὶ
780 2708 888 2764 τῶν
922 2710 1284 2782 ἀνθρωπίνων
1312 2710 1691 2777 διακόπτεται,
1716 2710 1923 2767 ἀνωθεν

326 2789 535 2860 ἔχουσα
557 2790 657 2856 τὰς
683 2792 840 2863 ῥίζας
871 2795 937 2847 ἐκ
956 2793 1065 2847 τῶν
1087 2794 1334 2866 οὐρανῶν
1367 2797 1463 2849 καὶ
1478 2795 1578 2858 τὰς
1602 2794 1838 2866 ἀμοιϐάς
1868 2806 1917 2848 ι.

327 2873 446 2926 Καὶ
484 2873 536 2926 τί
567 2892 701 2946 φησι
720 2870 746 2942 ς’
768 2876 1105 2930 Γινώσκειν
1118 2876 1189 2930 δὲ
1219 2875 1377 2947 ὑμᾶς
1392 2877 1515 2942 βού
1531 2881 1721 2947 ὶομαι,
1741 2876 1922 2931 ἁδελα

323 2955 454 3025 φοι.
486 2952 642 3017 Εἶδες
658 2958 915 3030 πρόνοιαν
936 2958 1077 3029 ὺπέρ
1101 2959 1397 3031 μαθητῶν;
1429 2956 1569 3024 εἶδες
1601 2960 1922 3014 διδασκάλου

325 3040 699 3110 κηδεμονίανς
761 3043 1028 3095 ’Ἄκουσον
1086 3042 1184 3096 καὶ
1223 3042 1605 3115 φιλοστοργίαν
1664 3042 1923 3115 μαθητῶν

324 3123 464 3194 περὶ
490 3123 582 3177 τὸν
599 3124 939 3190 διδάσκαλον,
969 3126 1056 3179 ἵνα
1085 3126 1198 3198 ἴδῃς
1223 3127 1253 3166 b
1270 3127 1353 3180 ὅτι
1373 3126 1534 3180 τοῦτο
1556 3122 1625 3198 ἧν
1650 3127 1711 3180 τὸ
1736 3127 1924 3180 ποιοῦν

325 3206 592 3278 ἰσχυροὺς
607 3208 848 3273 ἐκείνους
863 3210 958 3263 καὶ
973 3210 1477 3279 ἀκαταγωνίστους,
1493 3210 1554 3263 τὸ
1578 3208 1925 3263 συνδεδέσθαι

322 3286 601 3357 ἀλλήλοις.
631 3287 694 3341 Εἰ
739 3288 846 3359 γὰρ
889 3287 1170 3358 Ἀδελερὸς
1206 3287 1328 3344 ὑπό
1363 3288 1633 3358 ἀδελφοῦ
1658 3290 1924 3358 ,βοηθού-

314 3381 532 3435 μενος,
571 3366 653 3432 ὡς
703 3367 884 3434 πόλις
938 3368 1147 3437 ὀχυρὰ,
1206 3366 1389 3437 πολλῷ
1448 3367 1650 3439 μᾶλλον
1678 3368 1925 3421 τοσοῦτοι

326 3449 710 3520 συνδεδεμένοι
739 3455 854 3515 τοῖς
905 3453 1005 3523 τῆς
1045 3452 1270 3525 ἀγάπης
1317 3451 1559 3524 δεσμοῖς,
1620 3452 1804 3504 πᾶσαν
1856 3450 1923 3503 ἂν

323 3530 749 3604 ἀπεκρούσαντο
780 3534 885 3607 τὴν
918 3533 1011 3588 τοῦ
1042 3534 1283 3606 πονηροῦ
1314 3535 1567 3607 δαίμονος
1605 3534 1922 3606 ἐπιϐουλήν.

326 3610 461 3663 Ὅτι
494 3612 595 3681 μὲν
628 3608 721 3666 οῦν
749 3614 779 3666 ό
824 3612 1038 3679 Παῦλος
1079 3614 1390 3667 συνεδέδετο
1444 3616 1558 3676 τοῖς
1614 3613 1922 3684 μαθηταῖς,

320 3691 455 3746 οὐδὲ
483 3695 811 3762 ἀποδείξεως
829 3696 912 3750 δεῖ
934 3696 1119 3751 λοιπὸν
1149 3699 1305 3770 ήμῖν,
1333 3696 1453 3751 οὐδὲ
1484 3697 1667 3765 λόγου,
1697 3698 1830 3750 ὅπου
1858 3714 1923 3765 γε

320 3777 427 3830 καὶ
440 3775 723 3848 δεδεμένος
741 3780 923 3834 αὐτῶν
937 3782 1236 3854 ἐμερίμνα,
1260 3783 1356 3835 καὶ
1373 3781 1495 3835 καθ’
1510 3781 1751 3852 ἑκάστην
1787 3782 1924 3853 ἡμέ-

323 3876 435 3934 ραν
450 3862 546 3914 καὶ
573 3863 715 3935 ὑπὲρ
739 3865 921 3920 αὐτῶν
942 3866 1259 3939 ἀπέθνησκε
1287 3867 1367 3938 τῷ
1387 3866 1537 3938 πόθῳ
1557 3867 1919 3939 πυρούμενος.

407 3943 558 4017 [505]
584 3944 672 4009 εἷ’.
688 3944 878 4003 Ὅτιδὲ
906 3952 998 4003 καὶ
1018 3952 1068 4004 οἱ
1087 3951 1331 4022 μαθηταὶ
1352 3950 1430 4023 τῷ
1460 3951 1658 4021 Παύλῳ
1680 3951 1925 4006 συνδεδε-

324 4024 490 4106 μένοι
524 4026 665 4098 μετά
699 4030 988 4102 ἀκριϐειας
1008 4029 1149 4105 ἦσαν
1188 4035 1428 4106 ἀπάσης,
1467 4037 1563 4089 καὶ
1593 4036 1694 4089 οὐκ
1729 4036 1922 4105 ἄνδρες

324 4104 514 4188 μόνον,
553 4106 690 4161 ἀλλά
729 4112 825 4162 καὶ
851 4115 1129 4179 γυναῖκες,
1163 4104 1396 4167 ἄκουσον
1423 4114 1474 4166 τί
1501 4131 1635 4185 φησι
1666 4114 1795 4184 περὶ
1822 4104 1929 4188 τῆς

317 4184 551 4253 Φοίϐηςο
584 4189 919 4258 Συνίστημι
944 4190 1015 4243 δὲ
1036 4192 1180 4260 ὑμῖν
1218 4193 1441 4260 Φοίϐην
1470 4184 1588 4260 τὴν
1619 4184 1918 4261 ἀδελφὴν,

317 4262 615 4319 διάκονον
639 4262 838 4321 οὖσαν
856 4268 969 4338 τῆς
990 4270 1357 4340 Ἐκκλησίας
1374 4269 1485 4340 τῆς
1497 4273 1568 4325 ἐν
1577 4273 1926 4341 Κεγχρέαις.

317 4345 434 4397 ἵνα
479 4346 900 4417 προσδέξησθε
954 4350 1150 4419 αὐτὴν
1199 4353 1271 4405 ἐν
1318 4353 1517 4419 Κυρίῳ
1569 4351 1755 4418 ἀξίως
1799 4354 1921 4407 τῶν

314 4422 536 4490 ἁγίων,
567 4425 667 4479 καὶ
695 4427 1046 4499 παραστῆτε
1073 4428 1250 4498 αὐτῇ,
1289 4429 1360 4483 ἐν
1389 4425 1439 4498 ᾧ
1464 4431 1544 4485 ἂν
1577 4430 1746 4501 ὑμῶν
1772 4431 1921 4500 πρά-

316 4516 506 4571 γματι
537 4503 725 4573 χρῄζῃ
745 4544 761 4568 ,
793 4506 928 4575 ἣτις
968 4508 1300 4577 προστάτις
1356 4510 1608 4563 πολλῶν
1638 4511 1920 4579 ἐγενήθη,

315 4581 431 4636 καὶ
462 4584 652 4637 αὐτοῦ
676 4585 846 4654 ἐμοῦ.
891 4586 1032 4640 Ἀλλ’
1063 4588 1296 4642 ἐνταῦθα
1339 4589 1438 4659 μὲν
1473 4589 1637 4659 μέχρι
1682 4605 1920 4660 προσταο

317 4661 454 4724 σίας
498 4663 885 4735 ἐμαρτύρησεν
916 4666 1056 4739 αὐτῇ
1095 4666 1195 4739 τὴν
1217 4667 1457 4737 σπουδήν
1480 4683 1492 4694 ’
1529 4666 1830 4739 Πρίσκιλλα
1862 4667 1920 4720 δὲ

313 4741 426 4795 καὶ
466 4741 699 4806 Ἀκύλας
722 4745 816 4797 καὶ
850 4745 1015 4816 μέχρι
1054 4744 1287 4799 θανάτου
1308 4743 1399 4798 διά
1425 4744 1516 4798 τὸν
1545 4744 1756 4799 Παῦλον
1788 4745 1923 4817 ἐχώ-

317 4836 524 4891 ρησαν,
542 4822 635 4875 καὶ
653 4823 783 4895 περὶ
794 4824 974 4878 αὐτῶν
990 4825 1049 4878 δέ
1066 4824 1209 4879 οὕτω
1229 4825 1428 4898 γράφει
1479 4825 1671 4895 λέγων’
1710 4825 1921 4880 Ἄσπάο

314 4899 525 4960 ζονται
553 4900 708 4970 ὑμᾶς
731 4904 980 4972 Ἀκύλας
1008 4906 1108 4959 καὶ
1131 4906 1493 4972 Πρίσκιλλα,
1524 4905 1745 4972 οἵτινες
1766 4905 1918 4973 ὑπὲρ

310 4976 441 5050 τῆς
471 4979 681 5048 ψυχῆς
708 4998 829 5051 μου
857 4983 967 5037 τὸν
984 4982 1214 5038 ἑαυτῶν
1224 4983 1531 5053 τράχηλον
1544 4982 1917 5054 ὑπέθηκανθν

310 5062 412 5119 είς
444 5056 676 5112 θάνατον
701 5060 965 5131 δηλονότι.
1010 5064 1120 5115 Καὶ
1146 5064 1277 5134 περὶ
1293 5058 1498 5133 ’ἐτέρου
1530 5062 1697 5116 πάλιν
1726 5065 1918 5125 αὐτοῖς

222 5184 269 5224 ι.
309 5135 539 5224 τούτοις
570 5140 819 5224 γράφων.
845 5142 1039 5215 φησίν·
1062 5143 1192 5224 ’ςιτι
1216 5141 1477 5224 ἤγγισεν
1492 5142 1603 5209 ἕως
1633 5142 1915 5224 θανάτου,
1945 5140 1948 5143 λ

309 5219 983 5289 παραόουλευσάμενος
1040 5221 1119 5290 τῇ
1181 5220 1355 5291 ψυχῇ
1382 5260 1398 5285 ,
1456 5223 1557 5276 ἵνα
1625 5220 1692 5274 τὸ
1748 5219 1919 5291 ὑμῶν

307 5296 637 5366 ὑστέρημα
656 5298 1070 5370 ἀναπληρώσῃ
1096 5299 1207 5370 τῆς
1234 5302 1381 5369 πρός
1417 5318 1495 5371 με
1517 5303 1912 5370 λειτουργίας.

315 5371 483 5439 Εἶδες
510 5375 630 5440 πῶς
676 5377 896 5447 ἐφίλουν
945 5379 1037 5433 τὸν
1085 5379 1444 5447 διδάσκαλον;
1495 5381 1615 5444 πῶς
1662 5381 1771 5453 πρὸ
1818 5382 1916 5453 τῆς

310 5454 508 5533 ψυχῆς
530 5455 637 5533 ,τῆς
665 5455 877 5510 ἐαυτῶν
905 5457 1004 5529 τὴν
1026 5458 1212 5512 ἄνεσιν
1240 5459 1509 5514 ἐσκόπουν
1533 5461 1633 5533 τὴν
1665 5461 1913 5527 ἐκείνους

310 5530 427 5610 ᾼιά
455 5532 617 5586 τοῦτο
644 5534 821 5599 οὐδεὶς
854 5536 1036 5590 αὐτῶν
1075 5540 1423 5610 περιεγένετο
1463 5530 1606 5595 τότε.
1643 5542 1829 5596 Ταῦτα
1858 5542 1916 5598 δὲ

309 5608 498 5676 λέγω,
529 5612 629 5682 οὐχ
679 5611 767 5666 ἵνα
815 5614 1107 5685 ἀκούωμεν
1142 5608 1328 5686 μόνον,
1362 5617 1500 5672 ἀλλά
1550 5620 1637 5673 ἴνα
1669 5622 1771 5673 καὶ
1815 5640 1908 5693 μι-

385 5698 421 5772 ξ
441 5699 557 5772 ES;
574 5703 897 5772 τᾲς-ἀμοιϐάς.
920 5706 1050 5755 Εόὶιὶ
1065 5708 1150 5764 τὰς
1169 5708 1400 5772 ἀφορμάς.

386 5759 422 5830 ξ
522 5763 641 5812 COd.
666 5759 758 5814 ’ῖιὸ
796 5759 940 5830 είδλῇς.

392 5823 422 5895 ξ
584 5837 678 5895 ppu
704 5822 947 5895 qpadra'gig
969 5827 1028 5876 ad
1053 5834 1246 5895 textum
1271 5831 1429 5895 Epist.
1452 5834 1512 5884 ad
1537 5834 1799 5886 Romanos.

384 5879 420 5923 δ
445 5884 546 5934 Duo
584 5885 697 5934 Mss.
720 5879 809 5934 ’ἵνα
825 5890 905 5936 καὶ
924 5890 1273 5953 διεγειρώμεθα.

646 5975 922 6042 Ριτιιοι.
967 5980 1085 6043 Gn.
1132 5981 1233 6045 LI.

1563 455 1646 509 DE
1683 455 2046 513 PROFECTU
2091 454 2471 513 EVANGEIJI.

3512 435 3618 490 516

2038 551 2272 623 μώμεθα
2287 550 2338 591 ιι·
2374 551 2466 605 καὶ
2497 551 2558 604 ού
2591 540 2883 622 πρδςτοὺς
2915 550 3250 621 ἀρχομένους
3275 548 3453 620 μόνον,
3482 549 3618 603 ἀλλά

2028 635 2279 707 καὶπρὸς
2310 636 2438 699 τοὺς
2464 634 2876 707 άρχονταςήμῖν
2906 636 2934 687 6
2962 634 3119 701 λόγος
3147 631 3510 696 ἀποτείνεται,
3532 634 3621 686 ἴνα

2030 720 2122 772 καὶ
2161 720 2209 772 οί
2240 717 2483 790 μαθηταὶ
2511 717 2712 790 πολλὴν
2743 718 2871 790 περὶ
2900 716 3026 780 τοὺς
3074 714 3431 779 διδασκάλους
3461 710 3622 785 κηδε-

2031 801 2222 872 μονίαν
2244 803 2714 861 ἐπιδεικνύωνται.
2743 801 2840 856 καὶ
2867 802 2915 854 οί
2965 799 3276 854 διδάσκαλοι
3309 798 3408 869 τὴν
3444 797 3617 869 αὐτὴν

2037 885 2117 957 τῷ
2147 885 2346 954 Παύλῳ
2376 884 2762 957 φιλοστοργίαν
2824 883 2955 956 περὶ
2981 885 3109 947 τοὺς
3148 881 3620 950 ὑποταττομένους

2025 967 2248 1038 ἔχωσιν,
2295 968 2417 1040 ούχὶ
2447 969 2575 1032 τοὺς
2626 967 2905 1039 παρόντας
2947 965 3131 1082 μόνον.
3167 964 3305 1019 άλλά
3341 966 3439 1018 καὶ
3490 965 3619 1026 τοὺς

2027 1052 2311 1082 ..ΑλλωΩρη
2345 1053 2503 1082 κη---
2558 1052 2665 1082 Ἰτηῖ
2702 1050 2810 1082 νηὶ...
2857 1053 2885 1082 Α
2989 1050 3148 1082 afﬁn—
3187 1050 3438 1082 ..-αι-ρο..
3481 1048 3612 1082 ηἷηυ

2027 1052 2311 1123 πόρρωθεν
2344 1053 2524 1116 δντας.
2558 1052 2671 1106 Καὶ
2702 1050 2810 1123 γάρ
2857 1053 2886 1104 6
2951 1048 3148 1113 ⁵(αῦλος
3187 1050 3439 1118 καθάπερ
3479 1048 3612 1119 μίαν

2026 1134 2193 1189 οἰκῶν
2208 1135 2383 1189 οἰκίαν
2399 1135 2500 1207 τὴν
2516 1134 2845 1205 οἰκουμένην
2863 1134 2893 1188 3
2911 1131 3259 1197 -.ασαν,οὖτω
3282 1132 3378 1202 τῆς
3402 1131 3617 1184 πάντων

2027 1217 2309 1289 ἐφρόντιζε
2331 1218 2625 1288 σωτηρίας,
2653 1219 2747 1271 καὶ
2768 1216 2838 1270 τά
2854 1215 3019 1270 αὑτοῦ
3048 1216 3227 1268 πάντα
3252 1215 3412 1280 ἀφεὶς
3441 1211 3617 1283 δεσμά

2028 1297 2125 1350 καὶ
2162 1296 2368 1367 θλίψεις
2399 1299 2494 1351 κα)⁵
2527 1297 2742 1368 πληγάς
2772 1297 2868 1351 καὶ
2898 1295 3282 1367 στενοχωρίας,
3317 1292 3617 1346 ἐπεσκόπει

2028 1380 2123 1433 καὶ
2159 1380 2492 1436 ἐπυνθάνετο
2552 1380 2674 1433 καθ’
2698 1379 2941 1451 ἑκάστην
2967 1378 3202 1451 ἡμέραν,
3236 1375 3351 1440 πῶς
3387 1375 3458 1429 τά
3507 1376 3618 1428 τῶν

2031 1463 2290 1535 μαθητῶν
2326 1463 2470 1536 ἐχοιο
2506 1465 2603 1517 καὶ
2655 1462 2919 1525 πολλάκις
2969 1462 3038 1515 δι’
3066 1462 3199 1514 αὐτὸ
3246 1460 3408 1514 τοῦτο
3456 1459 3618 1532 μόνον

2027 1546 2264 1618 έπεμψε,
2286 1546 2397 1608 νῦν,
2417 1546 2518 1619 μὲν
2544 1546 2831 1617 Τιμόθεον,
2864 1544 2959 1599 νῦν
2980 1544 3039 1598 δὲ
3062 1543 3300 1615 Τυχικόν
3322 1558 3337 1574 ⁸
3373 1544 3469 1597 καὶ
3486 1544 3620 1614 περὶ

2020 1630 2131 1702 ¹μὲν
2163 1631 2373 1685 ἐκείνου
2415 1630 2581 1702 φησίν
2604 1646 2617 1660 ·
2672 1630 2808 1685 Ἵνα
2836 1626 2959 1699 γνῷ
2990 1629 3064 1683 τὰ
3105 1629 3241 1697 περὶ
3272 1624 3441 1697 ὑμῶν
3460 1665 3476 1690 ,
3516 1626 3618 1679 καὶ

2027 1716 2426 1784 παρακαλέσῃ
2448 1714 2556 1779 τὰς
2582 1712 2832 1781 καρδίας
2848 1710 3017 1782 ὑμῶν
3031 1726 3045 1739 ⁸
3082 1712 3209 1783 περὶ
3228 1710 3286 1765 δέ
3312 1709 3578 1780 Τιμοθέου
3600 1725 3613 1739 ·

2031 1798 2310 1868 Ἔπεμψα
2337 1797 2526 1852 αὐτὸν
2547 1795 2698 1866 πρὸς
2721 1795 2878 1865 ὑμᾶς
2896 1794 3384 1864 μηκέτιστέγων,
3400 1792 3618 1863 μήπως

2026 1880 2349 1951 ἐπείρασεν
2400 1880 2558 1951 ὑμᾶς
2607 1882 2639 1935 ό
2701 1877 3029 1949 πειράζωνο
3094 1878 3191 1932 καὶ
3244 1877 3404 1931 Τίτον
3454 1874 3617 1930 πάλιν

2028 1963 2284 2037 ἀλλαχοῦ,
2316 1965 2412 2019 καὶ
2443 1963 2604 2018 ἄλλον
2640 1963 2902 2037 ἑτέρωσε.
2946 1961 3167 2034 Ἐπειδὴ
3211 1959 3320 2033 γάρ
3357 1958 3519 2022 αὐτὸς
3546 1961 3614 2029 τῇ

2027 2048 2136 2101 τῶν
2157 2048 2372 2119 δεσμῶν
2388 2048 2606 2120 ἀνάγκῃ
2630 2046 2890 2111 πολλάκις
2906 2048 2965 2099 ἐν
2980 2045 3063 2099 ἐνὶ
3083 2044 3446 2116 κατεχόμενος
3468 2041 3620 2112 τόπῳ

2031 2130 2389 2201 συγγενέσθαι
2413 2134 2525 2195 τοῖς
2558 2130 2725 2184 αὑτοῦ
2749 2129 3089 2200 σπλάγχνοις
3118 2129 3218 2181 οὐκ
3245 2126 3498 2197 ήδύνατο,
3529 2124 3618 2178 διὲι

2027 2212 2136 2268 τῶν
2177 2213 2437 2286 μαθητῶν
2475 2214 2661 2277 αὐτοῖς
2697 2212 3037 2277 συνεγένετο.

2100 2295 2167 2361 ζ’.
2185 2297 2298 2352 Καὶ
2316 2296 2438 2351 τότε
2454 2297 2635 2352 τοίνυν
2653 2299 2711 2351 ἐν
2725 2297 2945 2367 δεσμοῖς
2969 2292 3044 2347 ὢν
3069 2292 3272 2365 γράφει
3297 2293 3411 2356 τοῖς
3430 2288 3620 2344 Φιλιπ-

2029 2380 2248 2453 πησίοις
2284 2380 2458 2450 λέγων
2467 2397 2480 2411 ’
2496 2380 2836 2434 Γινώσκειν
2848 2379 2918 2431 δὲ
2930 2375 3088 2447 ὑμᾶς
3098 2378 3419 2446 βούλομαι,
3438 2373 3619 2432 ἁδελ-

2028 2463 2149 2533 spot.
2177 2464 2305 2528 τοὺς
2330 2462 2579 2537 μαθητάς
2617 2462 2882 2532 ἀδελφοὺς
2921 2460 3125 2515 καλῶν.
3152 2459 3407 2513 Τοιοῦτον
3439 2456 3550 2530 γάρ
3583 2460 3617 2530 ή

2029 2548 2250 2620 ἀγάπηο
2287 2548 2470 2601 πᾶσαν
2522 2545 2843 2618 ἀνωμαλίαν
2877 2544 3151 2610 ἐκϐάλλει,
3185 2543 3285 2598 καὶ
3340 2540 3617 2615 ὑπεροχὴν

2029 2631 2124 2684 καὶ
2148 2630 2307 2696 ἀξίαν
2325 2630 2427 2684 οὐκ
2462 2623 2625 2694 οἶδεν,
2659 2627 2797 2683 ἀλλά
2815 2627 2918 2684 κᾶν
2947 2628 3201 2682 ἁπάντων
3228 2625 3558 2698 ὑψηλότερος

2026 2736 2135 2786 τις,
2155 2718 2291 2790 πρὸς
2308 2719 2397 2774 τὸν
2417 2719 2636 2774 πάντων
2663 2716 2878 2772 κάτεισι
2911 2716 3296 2787 ταπεινότερον
3316 2730 3331 2744 '
3361 2714 3499 2783 ὅπερ
3522 2715 3618 2767 καὶ

2027 2802 2241 2866 Παῦλος
2276 2802 2470 2857 ἐποίει.
2515 2801 2657 2856 Ἀλλ’
2683 2802 3009 2873 ἀκούσωμεν
3044 2799 3096 2854 τί
3145 2798 3398 2871 βούλεται
3450 2796 3617 2867 γινώ-

2028 2902 2179 2938 σκειν
2211 2883 2442 2949 αὐτούς*
2470 2884 2602 2939 ’Ὅτι
2631 2884 2705 2940 τὰ
2734 2885 2863 2939 κατ’
2893 2884 3021 2955 ἐμὲ,
3054 2884 3210 2956 φησὶ,
3258 2880 3505 2951 μᾶλλον
3529 2883 3619 2945 εἰς

2026 2967 2345 3037 προκοπὴν
2357 2967 2463 3023 τοῦ
2478 2969 2851 3039 Εὐαγγελίου
2872 2967 3193 3033 ἐλήλυθεν.
3214 2962 3356 3019 Εἰπέ
3378 2981 3487 3035 μοι,
3501 2963 3619 3027 πῶς

2027 3052 2122 3106 καὶ
2151 3051 2258 3105 τίνι
2285 3053 2501 3123 τρόπῳ;
2532 3044 2680 3124 *Λρά
2706 3051 2815 3105 τῶν
2832 3051 3046 3122 δεσμῶν
3065 3049 3275 3120 ἀφέθης
3298 3066 3315 3113 ;
3338 3046 3449 3119 ἆρα
3507 3048 3585 3099 ἀπ
3603 3077 3615 3086 -

2028 3133 2155 3188 έθου
2173 3132 2269 3207 τὴν
2289 3134 2612 3200 ἆλυσιν,κα“ι
2639 3134 2779 3205 μετά
2809 3134 2994 3198 ἀδείας
3018 3132 3313 3205 κηρύττεις
3341 3132 3399 3184 ἐν
3429 3133 3493 3200 τῇ
3522 3130 3619 3182 πό-

2028 3217 2143 3285 λεις
2174 3215 2285 3292 ἆρα
2306 3220 2388 3283 είς
2416 3219 2717 3290 ἐκκλησίαν
2749 3217 3035 3284 εἰσελθὼν,
3072 3216 3322 3290 μακροὺς
3355 3215 3460 3269 καὶ.
3489 3214 3618 3267 πολ-

2026 3301 2153 3366 λοὺς
2175 3303 2493 3366 κατέτεινας
2508 3302 2701 3370 λόγους
2719 3303 2849 3373 περὶ
2873 3301 2973 3371 τῆς
2992 3301 3251 3364 πίστεως,
3275 3300 3370 3354 καὶ
3388 3297 3619 3360 πολλοὺς

2026 3383 2211 3439 λαϐὼν
2240 3385 2489 3456 μαθητὰς
2527 3384 2803 3455 ἀπῆλθες;
2843 3380 2953 3455 ἆρα
2982 3385 3212 3455 νεκροὺς
3244 3383 3495 3453 ἤγειρας,
3521 3381 3617 3433 καὶ

2028 3467 2461 3539 ἐθαυμαστώθης
2478 3485 2492 3534 ;
2507 3464 2617 3540 ἄρα
2632 3468 2869 3541 λεπροὺς
2888 3467 3187 3539 ἐκάθηρας,
3200 3466 3296 3519 καὶ
3310 3464 3615 3534 ἐξεπλάγη-

2030 3565 2129 3604 σαν
2150 3550 2302 3624 [506]
2331 3551 2602 3618 ἀπαντες;
2625 3548 2734 3623 ἆρα
2765 3550 3022 3623 δαίμονας
3051 3549 3360 3620 ἀπήλασας,
3400 3548 3495 3602 καὶ
3524 3549 3618 3599 ἀν-

2025 3632 2280 3705 υψὼθηςς
2310 3635 2477 3689 Ούδέν
2489 3635 2714 3702 τούτων,
2741 3634 2894 3706 φησί.
2929 3634 3053 3698 Πῶς
3081 3630 3226 3705 οὖνὴ
3254 3633 3503 3705 προκοπὴ
3521 3632 3617 3698 γέ-

2025 3730 2151 3783 γονε
2179 3716 2274 3769 τοῦ
2304 3715 2663 3787 Εὑαγγελίου;
2697 3715 3030 3777 είπέ.Ὥστε
3046 3718 3186 3785 τοὺς
3197 3717 3461 3787 δεσμούς
3466 3731 3612 3784 μου,

2028 3802 2182 3872 φησὶ,
2210 3802 2583 3870 φανεροὺςέν
2596 3801 2829 3871 Χριστῷ
2838 3802 3201 3871 τενέσθαεὲν
3211 3800 3335 3867 ὅλῳ
3349 3800 3430 3865 τῷ
3445 3814 3588 3867 πραι
3599 3829 3616 3840 -

2029 3884 2234 3953 τωρίῳ,
2262 3884 2365 3939 καὶ
2401 3888 2526 3952 τοῖς
2538 3885 2775 3953 λοιποῖς
2789 3884 2963 3941 πᾶσι.
2985 3885 3050 3938 Τί
3066 3882 3278 3953 λέγεις;
3297 3883 3457 3936 τοῦτο
3482 3884 3612 3955 ἄρα,

2026 3970 2184 4022 τοῦτο
2206 3973 2237 4041 ή
2271 3973 2522 4043 προκοπή
2549 3987 2565 4037 ;
2593 3969 2755 4025 τοῦτο
2782 3972 2816 4042 ἡ
2841 3970 3117 4034 ἐπίδοσις;
3139 3968 3300 4022 τοῦτο
3326 3969 3361 4040 ἡ
3386 3966 3615 4038 αὔξησις

2024 4052 2122 4107 τοῦ
2146 4054 2525 4125 κηρύγματος,
2546 4056 2627 4108 ὅτι
2648 4055 2851 4118 πάντες
2875 4053 3077 4125 ἔμαθον
3097 4055 3181 4107 ὅτι
3206 4051 3454 4118 δέδεσαι;
3481 4051 3611 4110 Ναὶ,

2027 4137 2213 4208 φησίν.
2244 4138 2511 4192 ’Ἄκουσον
2557 4139 2689 4207 γοῦν
2720 4139 2830 4191 τῶν
2879 4137 3042 4209 ἑξῆς,
3076 4138 3162 4191 ἴνα
3210 4135 3401 4209 μάθῃς
3418 4134 3523 4189 ὅτι,
3545 4135 3616 4186 “cf:

2025 4222 2207 4293 δεσμὰ
2238 4223 2301 4276 οὐ
2333 4223 2495 4295 μόνον
2527 4227 2626 4278 οὐκ
2653 4224 2866 4292 ἐγίνετο
2893 4223 3146 4293 κώλυμα,
3182 4220 3322 4276 ἀλλά
3349 4219 3445 4274 καὶ
3477 4219 3615 4272 61:3-

2026 4305 2178 4370 Geou;
2218 4304 2467 4371 πλείονος
2521 4308 2836 4380 παρρησίας
2856 4323 2868 4336 ·
2904 4306 3087 4361 ’Ὥστε
3130 4305 3277 4371 τοὺς
3323 4303 3615 4368 πλείονας

2023 4386 2145 4443 τῶν
2169 4388 2451 4459 ἀδελφῶν
2477 4390 2549 4445 ἐν
2571 4392 2790 4461 Κυρίῳ,
2818 4391 3180 4456 πεποιθότας
3205 4388 3333 4455 τοῖς
3365 4384 3616 4454 δεσμοῖς

2014 4489 2171 4543 μου,
2222 4473 2668 4544 περισσοτέρως
2716 4472 2948 4544 τολμᾷν
2989 4474 3230 4543 ἀφόϐως
3277 4468 3385 4524 τὸν
3422 4468 3613 4539 λόγον

2023 4556 2257 4611 λαλεῖν.
2277 4558 2343 4610 Τί
2374 4557 2573 4626 λέγεις,
2600 4553 2646 4612 ὦ
2673 4557 2887 4624 Παῦλε;
2918 4558 3020 4611 ούκ
3055 4555 3298 4625 ἀγωνίαν
3326 4552 3609 4614 ἀνέσαλεν,

2023 4639 2161 4693 ἀλλά
2204 4639 2406 4712 θάρσος
2432 4642 2501 4695 τά
2541 4641 2745 4712 δεσμά;
2781 4642 2843 4696 οὐ
2874 4641 3063 4713 φόϐον,
3097 4640 3236 4694 ἀλλά
3265 4639 3464 4705 πόθον;
3496 4638 3615 4692 Οὐκ

2023 4723 2139 4796 ἔχει
2163 4724 2235 4778 τά
2276 4726 2550 4796 λεγόμενα
2584 4726 2928 4781 ἀκολουθίαν.
2960 4720 3096 4779 Οἶδα
3124 4724 3302 4793 κάγώ.
3333 4723 3469 4777 Ούδέ
3501 4722 3613 4793 γάρ

2023 4808 2168 4863 κατὰ
2192 4808 2549 4881 ἀνθρωπίνων
2572 4811 2917 4883 πραγμάτων
2937 4807 3264 4864 ἀκολουθίαν
3285 4807 3459 4861 ταῦτα
3487 4823 3614 4860 συν-

2022 4892 2225 4955 έϐαινε,
2259 4895 2458 4966 φησίν·
2495 4895 2611 4949 ἀλλ’
2639 4895 2781 4966 ὺπέρ
2812 4894 2974 4964 φύσιν
3005 4888 3075 4964 ἦν
3108 4893 3178 4947 τὰ
3200 4892 3484 4963 γινόμενα,
3514 4894 3613 4945 καὶ

2022 4977 2173 5044 θείας
2194 4981 2414 5052 χάριτος
2430 4979 2503 5034 τὰ
2521 4979 2946 5051 κατορθώματα.
2962 4979 3063 5032 Διά
3074 4978 3233 5032 τοῦτο
3247 4978 3276 5030 ὃ
3295 4980 3410 5041 τοῖς
3430 4975 3608 5038 ἀλλοις

2020 5063 2260 5132 ἀγωνίαν
2297 5064 2492 5128 ἐποίει,
2536 5063 2697 5117 τοῦτο
2728 5065 2816 5122 ἐπ’
2852 5063 3046 5134 ἐκείνῳ
3070 5074 3095 5103 ο
3119 5063 3320 5134 θάρσος
3353 5063 3607 5133 παρεῖχε.

2023 5146 2135 5200 Καὶ
2170 5152 2282 5218 γὰρ
2320 5148 2629 5220 στρατηγὸν
2672 5147 2769 5202 ἐάν
2818 5147 2999 5202 λαϐών
3038 5164 3124 5211 τις
3171 5147 3266 5201 καὶ
3313 5144 3608 5215 καθείρξας

2021 5232 2227 5304 ποιήσῃ
2258 5231 2493 5303 φανερὸν
2516 5232 2701 5298 τοῦτο,
2730 5233 2810 5296 εἰς
2853 5232 3034 5303 φυγὴν
3060 5230 3320 5303 ἐμϐάλλει
3349 5229 3410 5281 τδ
3439 5243 3607 5299 στραο

2018 5314 2243 5369 τόπεδον
2272 5313 2449 5369 ἅπανο
2486 5314 2583 5369 καὶ
2616 5316 2856 5387 ποιμένα
2906 5315 2962 5369 δὲ
2993 5314 3089 5367 ἐάν
3119 5330 3205 5376 τις
3236 5312 3334 5382 τῆς
3366 5309 3604 5380 ποίμνης

2019 5397 2307 5470 ἀπαγάγῃ,
2335 5396 2476 5468 μετά
2496 5398 2702 5469 πολλῆς
2726 5400 2827 5470 τῆς
2848 5397 3031 5459 ἀδείας
3057 5392 3444 5450 ἀπελαύνειτά
3471 5394 3605 5464 πρό-

2020 5479 2180 5535 ϐατα.
2221 5480 2360 5534 Ἀλλ’
2395 5481 2495 5534 οὐκ
2529 5483 2622 5535 ἐπὶ
2654 5480 2867 5535 Παύλου
2896 5480 3088 5542 οὕτως,
3128 5477 3265 5531 ἀλλὰ
3291 5476 3604 5531 τούναντίον

2019 5562 2186 5618 ἅπαν.
2228 5565 2288 5619 '0
2320 5564 2623 5636 στρατηγὸς
2657 5563 2765 5635 γάρ
2790 5563 3017 5625 ἐδέδετο,
3056 5562 3150 5615 καὶ
3179 5564 3230 5615 οἱ
3270 5560 3599 5635 στρατιῶται

2020 5647 2425 5719 προθυμότεροι
2451 5647 2715 5715 ἐγίνοντο,
2748 5647 2842 5699 καὶ
2875 5645 3012 5716 μετὰ
3046 5645 3291 5710 πλείονος
3321 5644 3420 5714 τῆς
3457 5645 3601 5716 παῤ·

2019 5730 2213 5803 ῥησίας
2239 5732 2351 5793 τοῖς
2365 5730 2629 5797 ἐναντίοις
2648 5730 2935 5802 ἐπεπήδων
2959 5747 2975 5763 ·
3000 5732 3030 5784 6
3055 5731 3260 5803 ποιμὴν
3285 5728 3597 5799 καθεῖρκιο,

2017 5813 2112 5867 καὶ
2150 5813 2220 5867 τὰ
2256 5811 2508 5883 πρόϐατα
2535 5813 2636 5867 οὐκ
2672 5813 2966 5888 ἀνηλοῦτο,
2997 5812 3121 5868 ούδέ
3167 5812 3544 5887 ἐσκορπίζετο.

2048 5948 2053 5951 Α
2085 5906 2108 5934 θ
2137 5902 2253 5954 MSS.
2278 5902 2352 5951 ἐπ’
2374 5903 2584 5953 ἐκείνων.

3153 6001 3233 6065 20
