4062 6464
334 497 437 553 317

326 609 601 679 discipulis
640 615 803 661 erant.
833 633 905 648 ι·-
931 603 1065 672 Quis
1090 603 1242 670 vidit,
1271 602 1392 673 quis
1421 599 1630 655 audivit
1657 600 1711 655 in
1757 600 1930 669 magi-

333 716 568 760 Strorum
597 699 852 756 aerumnis
879 699 995 768 plus
1010 698 1183 752 solatii
1214 709 1409 766 capere
1429 693 1762 764 discipulos?
1785 693 1931 762 Quo-

333 794 498 850 tnodo
523 809 630 848 non
673 790 1002 846 timuerunt?
1028 788 1130 855 Qui
1157 788 1272 842 ﬁeri
1305 786 1497 857 potuit,
1534 797 1592 840 ut
1631 785 1796 840 Paulo
1826 800 1932 840 non

335 889 618 943 dicerent:
654 883 873 948 Mediae,
906 899 1030 936 cura
1079 882 1295 951 teipsum
1316 879 1468 949 (Luc.
1496 879 1553 933 4.
1574 878 1670 947 25)
1690 895 1704 930 :
1728 893 1858 932 erue
1884 887 1935 931 te

335 979 517 1042 ipsum
533 975 602 1030 ab
627 973 717 1039 ius,
738 973 932 1043 quibus
952 971 1362 1040 constringeris.
1405 968 1580 1033 malis,
1611 977 1668 1022 et
1690 978 1814 1022 ttmc
1840 983 1936 1020 no-

337 1073 424 1128 bis
462 1071 747 1126 innumera
792 1067 936 1123 bona
977 1063 1310 1120 conciliabis.
1344 1062 1454 1117 Cur
1490 1060 1592 1114 hoc
1641 1075 1750 1113 non
1794 1058 1938 1113 dixe-

339 1163 507 1217 runt?
536 1161 705 1229 Quam
731 1159 803 1213 ob
828 1157 978 1212 rem?
1001 1156 1266 1224 Quoniam
1301 1153 1477 1208 edocti
1517 1160 1672 1207 erant
1695 1167 1730 1206 a
1767 1151 1936 1220 gratia

337 1253 594 1323 Spiritus,
617 1250 734 1305 lucc
759 1266 866 1304 non
891 1263 958 1303 ex
985 1246 1310 1308 inﬁrmitate,
1352 1243 1448 1299 sed
1473 1258 1542 1298 ex
1583 1241 1939 1313 permissione

337 1347 543 1402 Christi
575 1345 715 1412 ﬁeri,
747 1354 807 1398 ut
831 1343 1031 1396 veritas.
1053 1342 1222 1411 magis
1251 1338 1552 1409 effulgeret,
1578 1354 1674 1408 per
1700 1338 1935 1405 vincula,

341 1455 442 1510 per
468 1451 712 1494 carceres
739 1445 795 1491 et
819 1449 1110 1501 aerumnas,
1137 1433 1516 1504 angustiasque
1534 1442 1712 1497 aucta,
1742 1441 1798 1486 et
1824 1445 1940 1485 ma-

338 1533 514 1602 jorem
541 1533 594 1586 in
625 1531 841 1585 modum
864 1539 1067 1585 evecta.
1096 1529 1187 1585 Sic
1208 1529 1379 1583 virtus
1398 1527 1596 1584 Christi
1629 1529 1682 1583 in
1708 1528 1940 1582 inﬁrmi-

343 1633 459 1679 tate
490 1623 762 1694 perﬁcitur
791 1623 870 1693 (‘2.
901 1621 1020 1677 Cor.
1055 1621 1142 1676 12.
1173 1622 1254 1689 9).
1301 1621 1359 1675 Si
1390 1621 1532 1675 enim
1562 1620 1768 1676 vincula
1806 1620 1944 1674 Pau-

343 1716 458 1772 lum
499 1715 954 1786 supplantassent,
978 1721 1034 1768 et
1065 1713 1385 1767 timidiorem
1419 1712 1796 1778 reddidissent,
1829 1711 1943 1766 sive

345 1808 520 1874 illum,
540 1807 652 1862 sive
673 1821 790 1871 eos,
821 1807 912 1876 qui
940 1805 1041 1874 ipsi
1071 1803 1366 1869 merebant,
1392 1813 1516 1858 tunc
1546 1801 1942 1858 formidandum

343 1911 498 1965 erat;
531 1901 612 1955 sin
655 1900 916 1966 majorem
961 1898 1210 1953 ﬁduciam
1240 1896 1568 1962 indiderunt,
1620 1905 1678 1952 et
1717 1895 1784 1950 ad
1826 1911 1944 1950 am-

348 1995 578 2062 pliorem
615 1993 839 2062 gloriam
881 1999 1197 2055 erexerunt,
1241 1989 1626 2058 obstupescere
1669 2003 1733 2042 ac
1762 1987 1946 2042 mirari

347 2093 585 2154 oportet,
619 2083 888 2153 quomodo
933 2097 1031 2152 per
1054 2096 1168 2137 rem
1203 2081 1491 2152 ignominia
1524 2081 1738 2153 plenam
1779 2081 1948 2152 gloria

346 2175 618 2244 discipulo
671 2173 1082 2238 conciliaretur;
1136 2187 1340 2242 perque
1395 2186 1509 2227 rem
1559 2187 1680 2241 qua;
1743 2179 1948 2226 metum

351 2265 596 2321 incutere
637 2265 886 2329 debebat,
919 2263 1110 2318 tiducia
1140 2272 1198 2318 et
1219 2264 1518 2318 consolatio
1561 2264 1662 2318 illis
1702 2263 1949 2317 munibus

350 2365 653 2428 pareretur.
697 2356 829 2425 Quis
856 2356 1002 2410 enim
1030 2371 1137 2409 non
1163 2366 1271 2409 tum
1314 2355 1747 2424 obstupescebat,
1777 2356 1948 2408 virum

346 2464 582 2504 cernens
608 2459 795 2504 catena
820 2447 1210 2504 constrictum?
1235 2446 1388 2501 Tunc
1413 2448 1644 2501 maxime
1677 2445 1949 2500 daemones

348 2543 650 2614 fugiebant,
691 2559 812 2598 cum
853 2542 1095 2597 viderent
1121 2555 1244 2595 eum
1285 2539 1346 2594 in-
1381 2555 1598 2595 carcere
1643 2541 1949 2609 degentem.

350 2633 539 2704 Neque
580 2635 722 2688 enim
753 2633 996 2688 diadema
1038 2633 1242 2702 regiqu
1292 2641 1452 2701 caput
1481 2631 1701 2701 perinde
1735 2631 1953 2700 conspi-

350 2744 516 2783 cuum
561 2727 704 2794 facit,
744 2738 908 2797 atque
937 2737 1142 2781 catenae
1181 2741 1371 2780 manus
1412 2726 1572 2790 illius,
1602 2742 1708 2780 non
1733 2725 1950 2797 quidem

347 2831 547 2891 suapte
577 2830 791 2887 natura,
823 2821 1042 2891 sed-per
1079 2821 1304 2890 gratiam
1349 2820 1403 2874 in
1432 2821 1565 2889 ipsis
1597 2818 1950 2875 efﬂorescen-

355 2926 485 2968 tem.
519 2914 654 2968 Hine
675 2929 861 2984 magna
889 2913 1182 2968 consolatio
1204 2912 1495 2981 discipulis.
1521 2911 1784 2966 Videbunt
1808 2911 1951 2965 enim

351 3022 555 3076 corpus
578 3008 837 3074 vinctum,
867 3007 1099 3076 linguam
1126 3021 1256 3060 vero
1283 3005 1504 3060 minime
1542 3005 1791 3076 ligatam;
1840 3019 1955 3057 ma-

355 3113 460 3153 nus
485 3099 692 3169 ligatas,
717 3097 810 3153 sed
832 3099 1053 3153 verbum
1083 3098 1334 3159 solutum,
1358 3097 1501 3167 quod
1528 3096 1766 3151 velocius
1791 3111 1951 3165 quant

353 3193 553 3246 solaris
593 3191 775 3245 radius
805 3200 971 3244 tottun
1018 3189 1276 3244 mundum
1328 3197 1685 3258 percurreret.
1721 3187 1955 3257 Eratque

351 3287 414 3342 id
441 3286 544 3340 illis
573 3270 949 3350 consolationi,
979 3298 1101 3338 cum
1142 3298 1237 3353 per
1261 3297 1422 3351 opera
1469 3282 1793 3344 ediscerent,
1829 3282 1952 3334 uul-

352 3379 468 3433 iam
495 3391 673 3431 rerum
704 3376 1048 3444 praesentium
1071 3389 1197 3430 esse
1226 3387 1464 3442 gravem.
1507 3373 1702 3426 Anima
1730 3373 1950 3442 quippe,

353 3487 487 3526 cum
545 3486 730 3525 amore
786 3469 1160 3540 desiderioque
1225 3468 1408 3522 divino
1448 3483 1576 3522 vere
1632 3466 1952 3535 corripitur,

349 3563 429 3620 ad
480 3563 681 3618 nullam
732 3578 913 3617 rerum
961 3560 1305 3632 prmsentium
1347 3573 1470 3614 sese
1502 3557 1808 3614 convertit;
1859 3556 1954 3610 sed

351 3655 808 3727 quemadmodum
831 3653 1017 3709 furiosi
1037 3662 1095 3709 et
1123 3653 1300 3723 ignem
1326 3661 1383 3706 et
1406 3650 1630 3718 ferrum,
1658 3657 1716 3706 et
1740 3651 1881 3704 feras
1903 3659 1957 3704 et

353 3765 511 3804 mare
540 3759 598 3803 et
639 3748 821 3802 omnia
866 3745 1016 3801 adire
1061 3745 1195 3801 nihil
1223 3745 1513 3799 dubitant:
1556 3745 1634 3798 sic
1673 3751 1728 3798 et
1759 3742 1811 3797 Ιιί
1839 3743 1957 3813 pul-

350 3841 631 3896 cherrimo
671 3839 901 3910 quodam
936 3849 993 3894 et
1040 3838 1305 3910 Spiritnali
1352 3839 1534 3892 furore
1578 3836 1833 3907 correpti,
1877 3836 1959 3890 fu-

359 3950 510 4000 rore,
539 3933 776 4003 inquam,
807 3933 895 4003 qui
927 3947 955 3985 a
993 3931 1344 4001 temperantia
1375 3929 1748 4000 proﬁciscitur,
1776 3928 1960 3983 visibi-

358 4026 435 4080 iia
480 4025 660 4078 on‘tuia
705 4021 1044 4077 deridebaut.
1087 4021 1425 4091 Quapropter
1471 4036 1593 4075 cum
1643 4019 1956 4090 magistrum

355 4125 651 4172 cernerent
680 4114 939 4180 vinctum,
981 4115 1150 4184 tnagis
1180 4113 1522 4169 exsultabant
1561 4121 1614 4168 et
1632 4113 1955 4184 gaudebant,

361 4227 462 4282 per
497 4210 610 4279 ipsa
649 4223 815 4279 Opera
853 4207 1178 4262 adversariis
1219 4206 1580 4274 declarautes,
1624 4221 1684 4261 se
1726 4205 1960 4276 undique

363 4303 594 4358 invictos
623 4299 1120 4370 insuperabilesque
1145 4314 1285 4354 esse.

437 4395 496 4450 9.
533 4393 688 4449 Tunc
721 4393 900 4463 igitur,
928 4408 1049 4447 cum
1090 4408 1176 4448 res
1222 4393 1296 4448 ita
1342 4407 1401 4448 se
1428 4391 1710 4459 haberent,
1740 4393 1957 4464 quidam

362 4485 528 4544 Pauli.
574 4485 797 4553 iniutici,
845 4499 968 4538 cum
1027 4485 1221 4539 vellent
1265 4485 1443 4540 acrius
1484 4484 1679 4541 bellum
1720 4501 1958 4550 movere,

357 4590 420 4634 et
447 4589 730 4650 tyrannum
753 4575 821 4631 ad
848 4575 1108 4644 majorem
1153 4575 1410 4631 adversus
1439 4577 1590 4632 illum
1622 4577 1956 4632 inimicitiam

363 4670 723 4732 inflammare,
746 4682 807 4722 se
835 4666 1128 4736 praedicare
1157 4667 1500 4732 simulabant,
1530 4677 1585 4722 et
1607 4684 1793 4724 revera
1818 4684 1958 4739 pra:-

359 4761 616 4818 dicabant
656 4767 861 4814 rectam
891 4772 1184 4827 sanamque
1231 4759 1413 4824 tidem,
1445 4768 1502 4813 ut
1526 4759 1769 4816 doctrina
1804 4776 1962 4831 auge-

363 4865 519 4911 retur
550 4871 565 4909 :
597 4851 723 4908 illud
755 4865 885 4906 vero
915 4850 1200 4916 faciebant,
1245 4868 1350 4907 non
1383 4860 1442 4906 ut
1484 4854 1616 4910 lldes
1643 4854 1963 4910 dissemina-

363 4960 538 5012 retur,
564 4947 660 5004 sed
691 4954 750 5001 ut
780 4947 882 4999 hoc
913 4957 1191 5020 comperto
1231 4944 1394 5009 Nero,
1431 4945 1572 5017 quod
1601 4962 1795 5018 nempe
1824 4965 1962 5018 prte-

362 5042 564 5096 dicatio
614 5054 919 5110 cresceret,
967 5053 1022 5098 et
1076 5041 1318 5096 doctrina
1368 5039 1758 5106 invalesceret,
1806 5041 1962 5096 citius

305 5210 308 5211 ν
364 5133 590 5190 Paulum
621 5135 673 5189 in
697 5133 1345 5203 barathrumconjiceret.
1377 5131 1490 5186 Duo
1511 5132 1686 5202 itaque
1714 5133 1964 5203 magiste-

364 5230 447 5284 ria
492 5238 665 5294 erant,
718 5227 868 5282 Pauli
915 5241 1110 5296 nempe
1138 5224 1569 5294 discipulorum,
1614 5225 1963 5294 ejusdemque

365 5319 727 5384 inimicorum,
763 5319 870 5372 illis
914 5333 982 5374 ex
1022 5319 1268 5380 veritate,
1303 5314 1386 5369 liis
1425 5330 1490 5370 ex
1535 5316 1880 5371 contentione
1908 5325 1962 5370 ct

363 5412 495 5466 odio
521 5411 667 5466 Pauli
704 5409 1135 5480 prmdicantibus.
1172 5407 1298 5462 Haec
1329 5422 1490 5476 porro
1516 5407 1796 5463 declarans
1817 5407 1964 5463 dicc-

365 5501 461 5556 bat
500 5501 591 5557 ille
621 5520 636 5556 :
667 5501 893 5566 Quidam
941 5508 1150 5568 propter
1197 5497 1438 5551 invidiam
1495 5507 1543 5550 et
1597 5501 1962 5552 contentionem

365 5595 627 5649 Christum
648 5595 924 5666 praedicant
953 5591 1212 5663 (Philipp.
1237 5593 1286 5644 1.
1310 5589 1420 5660 15),
1453 5591 1695 5661 proprios
1726 5594 1963 5646 indicans

364 5684 741 5749 adversarios;
771 5683 991 5752 Quidam
1019 5694 1223 5753 propter
1261 5683 1438 5736 bonam
1470 5682 1774 5738 voluntatem
1807 5683 1962 5754 (Νὴ),

365 5781 441 5835 de
475 5779 585 5832 suis
613 5779 838 5848 loquens
883 5777 1181 5847 discipulis.
1221 5775 1423 5830 Deinde
1465 5791 1677 5831 rursum
1717 5777 1785 5831 de
1812 5778 1953 5832 illis:

366 5871 476 5929 Alii
492 5872 695 5941 quidem
725 5887 788 5925 ea:
805 5871 1140 5936 contentione,
1171 5867 1371 5926 inimici
1415 5884 1629 5939 nempe,
1660 5887 1766 5925 non
1793 5882 1960 5939 caste,

369 5974 482 6013 non
505 5958 740 6026 sincere,
795 5963 890 6020 sed
915 5963 1279 6020 Existimantes
1319 5980 1374 6019 se
1399 5980 1687 6035 presserant
1715 5965 1961 6020 suscitare

1507 488 1594 544 DE
1633 485 1994 542 PBOFECTU
2038 485 2427 543 EVANGELII.

3519 475 3628 531 518

2040 601 2251 655 vinculis
2299 601 2560 664 meis;alii
2575 618 2691 656 vero
2705 600 3114 670 cxcaritateUb.
3134 619 3180 657 υ.
3203 605 3287 669 17,
3313 606 3624 672 16);ι·ιιτειις

2041 693 2145 748 hoc
2166 693 2296 748 dicit
2321 693 2391 749 de
2428 693 2705 763 discipulis
2741 695 2854 749 suis
2881 713 2894 748 :
2925 695 3160 749 Scientes
3182 695 3424 764 quoniam
3463 697 3517 750 in
3541 696 3631 750 dc-

2045 787 2322 858 [ensionem
2366 787 2610 859 eraugelii
2655 787 2850 856 positus
2893 804 3009 841 sum
3059 785 3164 857 (Ib.
3216 804 3264 840 υ.
3322 786 3438 860 16).
3496 785 3633 856 Quid

2039 881 2171 931 enim
2189 880 2216 932 2
2243 878 2382 933 Dum
2412 883 2547 934 ontni
2575 881 2745 943 modo,
2786 883 2890 935 sive
2921 899 3009 951 per
3036 883 3372 948 occasionem,
3419 884 3522 937 sive
3547 899 3635 952 per

2041 971 2320 1038 veritatem,
2351 970 2581 1027 Christus
2601 973 2927 1026 annuntietur
2949 972 3055 1045 (Ιό.
3079 989 3127 1026 υ.
3161 975 3276 1044 18).
3306 973 3488 1045 Itaque
3516 976 3631 1028 fru-

2042 1070 2152 1116 stra
2173 1071 2226 1116 et
2262 1063 2528 1118 incassum
2558 1063 2660 1118 hoc
2685 1064 2884 1118 dictum
2916 1065 2983 1120 de
3023 1062 3317 1121 ltwresibus
3350 1067 3632 1136 accipitur.

2042 1154 2176 1208 Nam
2190 1156 2278 1224 qui
2312 1164 2437 1210 tunc
2458 1156 2836 1225 prmdicabant,
2866 1172 2974 1212 non
2999 1167 3305 1227 corruptam
3328 1157 3628 1212 doctrinam

2042 1248 2448 1310 annuntiabant.
2475 1248 2570 1303 sed
2602 1248 2758 1304 fidem
2796 1263 2984 1303 sanam
3011 1258 3064 1303 et
3093 1259 3316 1304 rectam.
3349 1249 3562 1305 Etenim
3591 1249 3636 1303 si

2042 1349 2352 1408 corruptam
2402 1339 2700 1395 doctrinam
2753 1341 3156 1411 praedicasscnt,
3194 1352 3246 1398 et
3292 1343 3418 1410 alia,
3473 1357 3634 1414 quam

2048 1431 2246 1486 Paulus
2262 1433 2593 1500 docuissent,
2631 1435 2939 1504 neutiquam
2973 1435 3078 1490 illis
3107 1436 3391 1492 accidisset
3408 1437 3464 1491 id
3493 1439 3634 1508 quod

2045 1525 2314 1580 \olebant.
2376 1526 2512 1594 Quid
2571 1539 2748 1580 autem
2815 1527 3102 1582 volebant?
3152 1527 3222 1584 Ut
3284 1538 3440 1584 aucta
3491 1529 3634 1593 fide,

2047 1620 2337 1690 multisque
2364 1620 2560 1675 additis
2588 1621 2752 1675 Paulo
2782 1620 3074 1690 discipulis,
3103 1621 3174 1676 ad
3203 1622 3375 1692 majus
3405 1622 3640 1678 inferen-

2047 1712 2180 1766 dum
2203 1712 2398 1767 bellum
2428 1712 2693 1767 Neronem
2731 1713 3050 1768 excitarent.
3083 1714 3143 1768 Si
3183 1723 3358 1770 autem
3392 1714 3498 1770 alia
3541 1718 3643 1771 dn-

2049 1816 2227 1875 gmata
2255 1807 2654 1876 prmdicassent,
2701 1821 2811 1860 non
2860 1807 3060 1861 multos
3101 1806 3353 1862 fecissent
3380 1807 3528 1862 Pauli
3555 1809 3642 1861 di-

2049 1899 2288 1968 scipulos
2319 1915 2333 1951 :
2364 1899 2410 1952 si
2444 1914 2549 1953 non
2583 1899 2856 1963 fecissent,
2886 1913 2993 1952 non
3023 1911 3432 1973 exasperasscnt
3466 1909 3648 1971 tyran-

2051 2009 2201 2048 num.
2230 1992 2348 2048 Non
2388 1991 2516 2048 illud
2546 1993 2723 2062 itaque
2752 1992 2902 2053 dicit.
2936 1993 3080 2062 quod
3105 2005 3355 2063 corrupta
3398 1993 3644 2063 dogmata

2053 2082 2370 2140 inducerent
2399 2101 2412 2138 :
2441 2083 2536 2139 sed
2567 2083 2709 2153 quod
2749 2099 2910 2139 causa
2959 2095 3174 2154 propter
3199 2101 3359 2153 quam
3390 2085 3649 2154 praedica-

2053 2175 2205 2242 bant,
2241 2176 2430 2230 vitiosa
2478 2185 2642 2230 esset.
2689 2176 2848 2230 Aliud
2875 2177 3072 2247 quippe
3119 2187 3203 2231 est
3246 2177 3648 2246 praedicationis

2053 2282 2268 2322 causam
2317 2267 2520 2332 dicere,
2559 2278 2612 2323 et
2647 2267 2791 2323 aliud
2835 2269 3018 2324 dicere
3065 2269 3503 2340 praedicationem
3543 2287 3649 2324 ttntt

2053 2373 2238 2412 s:mam
2268 2373 2410 2414 esse.
2447 2358 2596 2413 Tunc
2633 2359 2778 2414 enim
2808 2359 3049 2415 doctrina
3083 2377 3186 2414 non
3215 2369 3298 2416 est
3342 2377 3493 2427 sana,
3523 2379 3646 2417 eum

2053 2449 2302 2521 dogmata
2345 2466 2531 2506 errore
2572 2451 2728 2522 plena
2771 2461 2933 2517 sunt;
2978 2453 3190 2508 occasio
3215 2463 3531 2508 autemnon
3568 2467 3650 2509 est

2055 2558 2205 2610 sana,
2231 2560 2352 2600 cum
2380 2545 2622 2600 doctrina
2653 2547 2869 2616 quidem
2900 2563 3026 2600 sana
3046 2555 3150 2612 est,
3184 2548 3274 2618 qui
3305 2563 3428 2602 vero
3454 2549 3648 2617 praedi-

2055 2645 2201 2704 cant,
2236 2653 2340 2691 non
2377 2647 2598 2709 propter
2626 2638 2794 2692 Deum
2837 2638 3148 2708 praedicant,
3193 2639 3286 2694 sed
3313 2650 3404 2693 aut
3433 2650 3651 2710 propter

2057 2730 2410 2798 inimicitiam,
2440 2732 2524 2786 vel
2551 2731 2620 2786 ad
2648 2731 2876 2786 aliorum
2907 2732 3150 2802 gratiam.

2131 2823 2220 2878 10.
2249 2822 2364 2876 Non
2405 2823 2585 2893 itaque
2612 2822 2742 2877 dicit
2794 2837 2889 2878 eos
2928 2822 3161 2878 itaareses
3207 2822 3504 2890 induxisse,
3558 2825 3652 2878 sed

2059 2929 2164 2968 non
2191 2923 2337 2968 recta
2357 2914 2662 2980 occasione,
2689 2928 2788 2969 nec
2824 2914 3035 2984 pietatis
3054 2929 3215 2969 causa
3252 2915 3304 2969 id
3335 2915 3654 2986 przedicasse

2057 3007 2202 3075 quini
2231 3007 2610 3076 prmdicabant.
2645 3006 2698 3061 Id
2741 3007 2939 3076 quippe
2993 3023 3097 3062 non
3136 3007 3257 3062 ideo
3303 3007 3548 3078 agebant,
3601 3020 3658 3062 ut

2058 3101 2391 3170 evangelium
2417 3109 2693 3170 angerent,
2734 3100 2831 3156 sed
2885 3108 2944 3155 ut
2993 3100 3124 3155 illud
3164 3100 3555 3171 impugnarent,
3604 3114 3657 3155 et

2059 3195 2111 3248 in
2143 3194 2356 3264 gravius
2384 3191 2675 3261 periculum
2704 3191 3034 3261 conjicerent
3057 3209 3070 3246 :
3097 3192 3220 3247 ideo
3269 3191 3390 3245 illos
3429 3192 3654 3247 incusat.

2062 3287 2128 3340 Et
2169 3285 2287 3341 vide
2335 3300 2492 3354 quam
2525 3293 2776 3338 accurate
2802 3283 2928 3337 illud
2971 3282 3241 3351 proferat:
3269 3282 3650 3346 Existimantes,

2061 3378 2253 3447 inquit,
2266 3392 2322 3431 re
2338 3392 2627 3448 pressuram
2646 3376 2833 3446 inferre
2849 3375 3059 3428 uinculis
3078 3375 3197 3427 meis
3215 3373 3502 3446 (Philippd
3518 3375 3652 3445 .17).

2060 3475 2176 3529 Non
2206 3473 2359 3538 dixit,
2391 3472 2713 3537 inferentes;
2749 3470 2880 3536 sed,
2935 3468 3299 3522 Existimautes
3344 3485 3401 3523 se
3435 3468 3658 3538 inferre;

2059 3567 2113 3622 id
2157 3576 2260 3634 est,
2292 3566 2614 3620 arbitrantes
2643 3579 2658 3618 :
2685 3562 2993 3626 ostendens,
3027 3560 3236 3616 etiamsi
3282 3560 3356 3615 illi
3382 3561 3462 3615 sic
3506 3558 3655 3613 arbi-

2064 3669 2350 3726 trarentur,
2383 3676 2442 3715 se
2477 3668 2654 3713 tamen
2682 3649 2787 3713 non
2835 3658 2904 3712 ita
2936 3657 3188 3712 affectum
3214 3671 3366 3720 esse;
3397 3656 3656 3725 inuigan-

2061 3755 2193 3810 dere
2222 3753 2291 3810 de
2322 3752 2719 3824 praedicationis
2758 3751 3109 3805 incremento.
3157 3749 3365 3816 Adiecit
3404 3763 3532 3816 ergo
3575 3748 3660 3801 di-

2063 3862 2190 3903 cens
2225 3865 2238 3901 :
2273 3845 2445 3902 Sedet
2471 3844 2522 3897 in
2568 3844 2663 3897 hoc
2707 3841 2922 3914 gaudeo,
2963 3851 3013 3894 et
3043 3838 3270 3910 gaudebo
3298 3836 3418 3910 (Ib.
3442 3855 3488 3890 υ.
3530 3837 3656 3905 18).

2063 3939 2120 3996 Si
2145 3947 2324 3993 autem
2360 3950 2515 3990 error
2542 3933 2727 3989 fuisset
2754 3934 2806 3986 in
2833 3930 3188 4001 dogmatibus,
3218 3938 3272 3982 et
3313 3929 3386 3982 illi
3427 3927 3661 3983 haereses

2065 4033 2419 4097 induxissent,
2451 4044 2559 4084 non
2581 4027 2840 4098 potuisset
2863 4023 3096 4094 gaudere
3121 4023 3338 4077 Paulus.
3369 4021 3502 4088 Quia
3534 4034 3662 4074 vero

2064 4140 2252 4181 sanum
2297 4132 2353 4178 et
2396 4137 2501 4177 non
2529 4119 2884 4174 adulteratam
2926 4116 3116 4186 degtna
3161 4125 3292 4179 erat,
3341 4114 3462 4169 ideo
3496 4113 3660 4182 dicit,

2067 4215 2294 4280 Gaudeo,
2320 4223 2366 4267 et
2394 4211 2644 4284 gaudebo.
2672 4209 2808 4276 Quid
2834 4207 2998 4272 enim,
3027 4207 3074 4261 si
3102 4206 3177 4260 illi
3202 4221 3265 4259 ex
3295 4205 3564 4260 inimicitia
3611 4205 3659 4257 id

2066 4316 2307 4378 agentes,
2370 4321 2430 4361 se
2477 4305 2528 4360 in
2577 4302 2862 4374 perniciem
2913 4297 3249 4368 eonjiciunt?‘
3289 4299 3356 4351 At
3408 4311 3526 4351 mea
3579 4297 3660 4350 vel

2070 4399 2219 4455 inviti
2271 4398 2561 4469 augebunt.
2606 4393 2798 4449 Videu’
2828 4400 3021 4464 quanta
3053 4389 3210 4445 fuerit
3263 4389 3410 4443 Pauli
3457 4389 3662 4441 virtus?

2066 4490 2336 4563 quntnodo
2358 4489 2514 4543 nullis
2553 4485 2748 4543 diaboli
2789 4481 3047 4538 machinis
3072 4489 3260 4550 captus
3284 4479 3386 4533 sit?
3425 4478 3533 4533 Nec
3575 4493 3664 4531 so-

2067 4585 2176 4638 lum
2208 4597 2314 4636 non
2341 4588 2530 4648 captus
2549 4585 2653 4644 est,
2682 4574 2778 4630 sed
2806 4575 2966 4628 etiam
2989 4571 3179 4626 iisdem
3210 4571 3378 4639 ipsum
3402 4569 3664 4624 machinis

2068 4673 2227 4742 cepit.
2253 4672 2448 4742 Ingens
2475 4667 2719 4740 profecto
2744 4674 2860 4721 erat
2894 4663 3090 4719 diaboli
3117 4662 3377 4730 vafrities,
3404 4671 3460 4718 et
3503 4661 3663 4715 mini-

2068 4777 2300 4822 strorum
2327 4763 2444 4834 ejus
2487 4759 2757 4832 nequitia:
2792 4773 2914 4813 nam
2971 4771 3034 4812 se
3073 4755 3216 4811 idem
3265 4755 3439 4824 ipsum
3465 4754 3668 4808 sentire

2069 4859 2400 4920 simulantes,
2431 4855 2864 4926 praedicationem
2891 4853 3233 4921 exstinguere
3258 4849 3527 4904 volebant.
3558 4846 3665 4902 Sed

2072 4952 2171 5019 Qui
2214 4948 2593 5022 comprehendit
2635 4946 2886 5016 sapientes
2929 4944 2983 4998 in
3027 4946 3212 4997 astutia
3240 4958 3412 4997 eorum
3453 4945 3518 5013 (1
3545 4942 3663 4996 Cor.

2071 5047 2122 5099 5.
2159 5043 2302 5114 l9),
2335 5043 2386 5096 id
2437 5041 2551 5096 fieri
2607 5055 2712 5094 non
2763 5039 3126 5109 permittebat.
3177 5036 3234 5092 id
3289 5037 3460 5107 ipsum
3507 5053 3668 5107 porro

2070 5136 2349 5190 declarans
2383 5134 2574 5188 Paulus
2602 5131 2816 5186 dicebat
2849 5148 2863 5184 :
2895 5129 3206 5184 Permanere
3247 5140 3416 5182 autem
3439 5131 3491 5182 in
3514 5144 3666 5181 cur-tte
3693 5111 3717 5133 ⁸

2071 5229 2233 5299 magis
2259 5227 2599 5280 necessarium
2615 5233 2686 5277 est
2707 5231 2915 5293 propter
2933 5238 3018 5276 eos
3041 5239 3060 5285 ,'
3080 5233 3125 5275 et
3156 5223 3250 5274 hoc
3272 5221 3532 5288 conﬁdens
3561 5219 3666 5270 scio

2071 5321 2189 5390 quia
2213 5319 2442 5379 manebo.
2463 5326 2510 5371 et
2537 5316 2837 5387 [permanebo
2859 5331 2976 5368 cum
2989 5311 3218 5366 omnibus
3239 5311 3376 5363 tabis
3402 5308 3662 5380 (Philipp.

2072 5415 2124 5468 1.
2151 5412 2243 5466 24.
2266 5410 2394 5482 25).
2426 5409 2502 5465 llli
2529 5409 2790 5480 siquidem
2812 5423 2875 5460 ex
2906 5403 3155 5474 praesenti
3201 5401 3304 5454 vita
3336 5400 3534 5468 ejicere
3576 5413 3664 5454 me

2070 5503 2310 5572 cupiunt.
2361 5511 2417 5557 ct
2467 5515 2531 5556 ea
2577 5499 2647 5554 de
2690 5511 2848 5552 causa
2881 5494 3011 5548 nihil
3051 5506 3162 5546 non
3185 5490 3490 5546 sustinent:
3522 5490 3663 5544 Dens

2071 5604 2248 5650 autem
2275 5593 2438 5650 vesrri
2468 5606 2628 5645 causa
2659 5589 2708 5644 id
2742 5604 2848 5642 non
2873 5584 3164 5656 permittet.

2146 5689 2232 5742 11.
2265 5687 2344 5740 Ad
2373 5685 2708 5756 precationem
2737 5684 2987 5734 hortatur.
3031 5676 3412 5731 Perseum-entia
3458 5679 3513 5728 in
3543 5690 3655 5744 pre-

2072 5779 2234 5832 cando
2269 5787 2515 5846 quantum
2542 5775 2741 5828 rvaleat.
2794 5771 2942 5825 Deus
2973 5788 3062 5839 per
3115 5787 3206 5824 nos
3257 5779 3469 5839 rogatus
3501 5785 3665 5838 "rupis

2075 5869 2300 5933 exaudit,
2329 5884 2485 5934 quam
2512 5866 2555 5920 si
2588 5882 2674 5934 per
2699 5865 2826 5918 alios
2871 5879 3124 5932 rogemus.
3156 5890 3223 5901 -—
3252 5861 3449 5916 Horum
3482 5860 3659 5931 itaque

2074 5963 2312 6020 omnium
2339 5957 3030 6033 diligenterrecordamini;
3085 5965 3141 6010 ut
3183 5972 3277 6012 eos
3326 5955 3411 6025 qtti
3459 5965 3662 6012 temere
