4062 6428
497 494 601 549 Si!)

498 618 550 660 et
610 598 972 673 perfunctorie
1037 591 1324 664 Seripturis
1373 570 1594 644 utuntur
1671 585 1724 640 in
1798 577 2090 653 perniciem

503 696 766 766 proximi,
813 706 934 748 cum
995 687 1140 743 omni
1189 683 1448 754 sapientia
1500 675 1787 734 emendare
1852 671 2092 726 valeatis.

505 788 804 844 Poterimus
851 791 1028 837 autem
1081 786 1138 833 et
1175 777 1436 830 dictorum
1486 767 1820 830 meminisse,
1863 773 1917 818 et
1965 761 2098 815 alios

503 879 806 938 emendare,
857 874 900 929 si
946 870 1011 926 ad
1058 867 1330 924 orationes
1369 877 1584 931 semper
1628 856 2013 926 confugiamus,
2046 859 2100 905 et

502 973 670 1028 Deum
699 969 1065 1046 Obsecremus,
1096 960 1188 1032 qui
1216 959 1309 1014 dat
1336 955 1558 1011 verbum
1589 950 1885 1020 sztpientitr,
1915 956 1971 1000 ιιι
2007 944 2100 998 det

500 1067 712 1122 auditus
757 1043 1178 1130 intelligentiam,
1227 1062 1388 1123 atque
1435 1055 1738 1104 accuratam
1767 1051 1820 1098 et
1849 1040 2097 1095 invictam

505 1156 800 1229 spiritualis
859 1152 1017 1222 hujus
1057 1145 1286 1218 depositi
1337 1141 1652 1198 custodiam.
1684 1135 1816 1191 Nam
1844 1148 1963 1204 qua:
1993 1145 2096 1184 non

505 1262 787 1322 possumus
831 1259 975 1314 surpe
1004 1241 1218 1312 proprio
1244 1235 1421 1292 stmlio
1447 1231 1722 1304 perﬁcere,
1769 1243 1830 1282 ea
1881 1238 2098 1295 precum

504 1343 702 1399 auxilio
743 1338 898 1394 facile
939 1335 1233 1406 poterimus
1272 1328 1512 1398 exsequi,
1543 1325 1610 1380 de
1641 1320 1890 1393 precibus
1913 1317 2102 1385 loquor

502 1439 754 1493 assiduis.
805 1435 1031 1502 Semper
1075 1429 1218 1483 enim
1269 1433 1326 1480 et
1375 1425 1491 1479 sine
1542 1415 1935 1474 intermissione
1984 1425 2104 1480 pre-

502 1529 732 1584 candum
760 1535 865 1591 est,
895 1524 1012 1579 sive
1038 1520 1158 1590 quis
1186 1519 1239 1572 in
1275 1511 1554 1576 aerumnis,
1597 1509 1710 1564 sive
1759 1505 1810 1559 in
1844 1499 2102 1571 tranquil-

504 1622 671 1682 litate.
703 1617 890 1672 sivein
911 1611 1322 1672 calamitatibus,
1354 1610 1466 1660 sive
1495 1604 1546 1656 itt
1575 1599 1731 1654 bonis
1759 1604 2020 1652 versetur.
2056 1589 2104 1645 Is

503 1713 593 1784 qui
623 1714 675 1765 in
703 1707 1087 1778 tranquillitate
1107 1712 1163 1758 et
1193 1699 1349 1757 bonis
1400 1695 1605 1756 multis,
1637 1699 1694 1745 ut
1719 1690 1836 1743 haec
1882 1686 2104 1740 immota

509 1773 770 1873 ﬁrmaque
806 1773 1077 1860 maneant,
1120 1802 1182 1850 et
1221 1803 1508 1859 numquam
1553 1783 1804 1840 excidant
1852 1796 1865 1832 :
1919 1774 2008 1846 qui
2051 1773 2106 1827 in

509 1894 763 1950 aerumnis
784 1901 834 1947 et
877 1890 1056 1944 multis
1094 1881 1504 1942 calamitatibus,
1530 1885 1589 1931 ut
1615 1873 1894 1942 benignam
1915 1879 2106 1936 quam-

509 1988 632 2040 dam
662 1981 1080 2039 vicissitudinem
1131 1975 1327 2038 videat,
1359 1981 1412 2027 et
1452 1971 1504 2024 in
1531 1965 1776 2022 solatium
1806 1956 2104 2028 tranquilli-

513 2080 636 2132 tatis
665 2074 1034 2131 transferatur.
1079 2069 1134 2123 ltt
1182 2064 1564 2134 tranquillitate
1607 2057 1704 2112 es?
1753 2055 1895 2123 Roga
1950 2049 2110 2118 igitur

511 2170 704 2234 Deum,
737 2176 795 2220 ιιι
821 2167 971 2220 ﬁrma
1003 2161 1098 2218 tibi
1149 2166 1362 2214 maneat
1389 2155 1504 2209 inec
1541 2147 1914 2218 tranquillitas.
1944 2141 2108 2195 Tem-

514 2271 771 2332 pestatcnt
819 2256 968 2310 vides
1009 2247 1380 2324 ingruentem?
1413 2245 1578 2300 Deum
1620 2238 1817 2294 obnixe
1864 2245 2107 2304 precare,

513 2331 570 2408 ut
595 2351 883 2424 procellam
902 2355 1126 2412 avertat,
1148 2352 1204 2399 et
1230 2338 1666 2410 tranquillitatem
1696 2347 1764 2387 ex
1797 2331 2112 2396 tempestate

513 2416 689 2501 faciat.
721 2441 1014 2500 Exauditus
1043 2438 1136 2492 es?
1165 2435 1376 2491 Gratias
1397 2445 1495 2500 age
1516 2425 1657 2498 quod
1687 2421 1970 2479 exauditus
2013 2416 2108 2470 sis.

512 2539 628 2594 Non
659 2535 941 2592 exauditus
993 2530 1087 2587 es?
1132 2529 1430 2584 Persevera
1485 2529 1544 2576 ιιι
1593 2513 1913 2574 exaudiaris.
1964 2508 2114 2564 Licet

514 2629 660 2684 enim
683 2625 826 2682 Deus
872 2623 1072 2679 donum
1125 2616 1412 2688 aliquando
1460 2610 1693 2674 differat,
1734 2619 1844 2660 non
1890 2601 2013 2657 ideo
2059 2598 2112 2653 id

513 2719 639 2774 facit
659 2717 800 2789 qttod
828 2715 952 2772 odio
978 2713 1172 2768 habeat
1195 2717 1288 2764 aut
1305 2714 1604 2768 averSetur,
1651 2700 1746 2756 sed
1801 2707 1856 2751 ιιι
1898 2707 2114 2766 procra-

513 2787 762 2870 stinatido
798 2822 849 2866 te
878 2810 1076 2865 diutius
1101 2805 1239 2876 apml
1267 2819 1327 2859 se
1351 2801 1608 2862 detineat,
1662 2787 2112 2865 quemadmodum

517 2919 694 2978 patres
725 2903 888 2974 prolis
913 2910 1156 2955 amantes
1177 2936 1194 2963 ,
1225 2898 1313 2966 qui
1344 2894 1484 2948 dona
1509 2884 1808 2944 differendo
1836 2879 2114 2951 segniores

517 3000 657 3054 ﬁlios
677 2999 903 3052 solerter
921 3003 1119 3062 cogunt
1147 2988 1360 3044 assidue
1381 2999 1544 3056 penes
1583 2995 1643 3035 se
1667 2991 1828 3033 stare.
1874 2973 1992 3030 Non
2021 2969 2114 3026 tibi

515 3093 656 3164 apud
689 3093 854 3145 Deum
885 3085 1126 3158 patronis
1157 3089 1242 3137 est
1270 3092 1405 3148 opus
1424 3119 1440 3145 ,
1469 3088 1642 3143 neque
1687 3069 1852 3124 multa
1881 3066 2115 3119 circum-

520 3184 849 3242 cursatione,
880 3187 936 3233 ιιι
982 3174 1216 3231 adulcris
1267 3171 1419 3230 aliis;
1476 3165 1570 3222 sed
1613 3159 1822 3218 etiamsi
1873 3156 2118 3212 desertus

521 3289 852 3350 patronoque
878 3271 1164 3328 destitutus
1186 3267 1285 3332 sis,
1308 3271 1419 3318 tute
1466 3261 1632 3315 Deum
1663 3260 1913 3326 precatus
1934 3255 2119 3320 postu-

522 3372 687 3426 latum
710 3364 1036 3437 assequeris.
1065 3359 1274 3415 Nonita
1313 3354 1452 3409 solet
1479 3362 1718 3406 annuere
1747 3344 1866 3399 aliis
1889 3356 1985 3413 pro
2023 3353 2120 3393 no-

523 3463 608 3518 bis
660 3457 960 3522 orantibus,
1009 3463 1070 3508 ut
1127 3451 1282 3506 nobis
1331 3445 1462 3517 ipsis
1503 3437 1863 3513 precantibus,
1909 3429 2120 3488 etiamsi

520 3553 818 3612 innumeris
838 3552 1006 3606 simus
1037 3545 1190 3601 malis
1219 3540 1416 3597 onusti.
1445 3537 1581 3594 Nam
1604 3535 1648 3590 si
1680 3530 1944 3596 homines,
1982 3539 2118 3597 quos

524 3647 823 3706 innumeris
858 3642 1091 3698 ltesimus
1118 3617 1357 3702 offensis,
1383 3648 1510 3688 cum
1556 3625 1816 3685 matutino
1857 3633 2118 3691 tempore,

527 3738 771 3804 meridie,
795 3748 1021 3808 vespere
1051 3730 1260 3786 adimus
1308 3726 1453 3795 ipsos
1493 3715 1941 3791 indignabumlos,
1990 3727 2122 3766 con-

527 3802 1068 3904 spt-ctttsl‘reqt-tentia
1096 3831 1151 3878 et
1179 3817 1490 3875 assiduitate
1519 3812 1736 3867 tandem
1763 3805 1914 3862 facile
1943 3802 2124 3874 placa-

529 3903 682 3993 mus,
711 3924 878 3980 multo
907 3919 1076 3990 magis
1102 3915 1156 3972 id
1184 3911 1325 3985 apud
1347 3911 1514 3966 Deum
1545 3903 1838 3973 contingat.

603 3988 693 4075 t2.
723 4015 832 4073 Sed
859 3988 1109 4084 indignus
1142 4007 1245 4064 es?
1289 4001 1615 4060 Assiduitate
1657 3996 1852 4066 dignus
1902 3988 2123 4046 evadas.

434 4153 436 4155 ›
531 4107 687 4179 Quod
708 4109 850 4163 enim
882 4081 1128 4174 indignus
1142 4098 1313 4170 possit
1333 4091 1643 4150 assiduitate
1663 4087 1854 4158 dignus
1875 4081 2125 4145 evadere,

607 4198 750 4271 quod
772 4212 868 4268 per
893 4173 1012 4248 nos,
1034 4190 1226 4259 magis,
1267 4201 1425 4257 quam
1458 4197 1552 4254 per
1581 4180 1716 4234 alios
1745 4184 1965 4246 rogatus
1991 4173 2131 4226 Dens

535 4264 1048 4361 annuatsquodque
1072 4283 1273 4338 donum
1299 4293 1443 4348 smpe
1468 4274 1698 4337 diﬁ‘erat,
1730 4277 1916 4325 nonut
1941 4264 2132 4321 dubios

535 4387 699 4444 animi
745 4357 954 4445 reddat,
986 4388 1041 4433 et
1080 4373 1264 4430 vacuis
1307 4367 1555 4426 manibus
1597 4361 1874 4419 remittat;
1929 4357 2022 4412 sed
2075 4366 2134 4410 ut

540 4481 803 4551 majorum
861 4473 1013 4529 nobis
1040 4471 1304 4525 bonorum
1332 4470 1520 4518 auctor
1566 4457 1630 4514 sit
1658 4472 1676 4512 :
1704 4455 1840 4519 haec,
1894 4452 2132 4522 inquam,

542 4543 644 4630 tria
673 4587 765 4642 per
793 4564 1098 4639 parabolam
1147 4557 1306 4613 hodie
1349 4553 1502 4608 vobis
1548 4550 1738 4605 lectam
1767 4543 2139 4600 demonstrare

543 4640 802 4734 satagam.
861 4655 1103 4714 Accessit
1156 4649 1223 4704 ad
1278 4645 1550 4702 Christum
1594 4640 1897 4696 Chananaea
1942 4646 2139 4705 rogans

546 4725 798 4828 pt'o‘vfllia
842 4747 1165 4805 daemonium
1211 4739 1472 4802 habente,
1526 4734 1980 4798 vehementerque
2027 4725 2140 4779 cla-

548 4863 722 4912 mans,
749 4843 987 4898 Miserere
1000 4839 1118 4902 mei,
1144 4834 1381 4898 Domine,
1413 4830 1522 4900 ﬁlia
1551 4843 1660 4881 mea
1689 4824 1822 4878 male
1841 4841 1871 4874 a
1894 4820 2142 4876 danunttio

547 4950 756 4996 vexatur
790 4933 1017 5010 (IIattIt.
1067 4933 1156 4987 15.
1208 4927 1338 4999 2‘2).
1388 4925 1469 4980 En
1519 4922 1815 4988 alienigena
1861 4915 2053 4970 mulier
2090 4919 2146 4968 et

552 5004 810 5096 barbara,
851 5027 1157 5083 Iudaeorum
1211 5019 1519 5090 reipublica:
1578 5021 1852 5069 extranea.
1907 5008 1977 5063 Et
2018 5004 2145 5077 quid

461 5127 480 5144 ⁰
556 5127 695 5188 aliud
719 5133 854 5186 erat,
885 5135 1042 5192 quam
1071 5115 1242 5179 canis,
1266 5121 1321 5168 et
1341 5110 1554 5179 indigna
1590 5121 1710 5178 quae
1733 5111 1972 5174 optatum
1995 5113 2146 5154 asse-

547 5217 844 5292 queretur?
872 5212 995 5269 Non
1029 5219 1100 5264 est
1144 5206 1298 5269 enim,
1350 5202 1538 5270 inquit,
1571 5198 1759 5253 bonum
1787 5195 2016 5266 accipere
2053 5207 2148 5260 pa-

554 5287 666 5370 nem
702 5310 943 5382 filiorum,
998 5312 1043 5357 et
1087 5300 1212 5354 dare
1257 5294 1450 5350 catellis
1501 5291 1519 5356 (
1534 5291 1615 5346 Ib.
1664 5307 1712 5343 υ.
1737 5287 1868 5352 26).
1899 5288 2151 5341 Attamen

559 5376 870 5464 assiduitate
892 5401 1046 5469 digna
1072 5392 1259 5450 evasit.
1291 5388 1475 5458 Neque
1504 5385 1646 5440 enim
1679 5389 1881 5435 tantum
1912 5377 2056 5432 illam
2100 5376 2152 5429 in

560 5499 790 5557 filiorum
844 5491 1174 5547 nobilitatem
1229 5482 1428 5544 evexit,
1485 5491 1604 5546 quae
1665 5472 1816 5528 canis
1858 5477 2002 5532 erat;
2061 5465 2156 5521 sed

562 5593 724 5648 etiam
751 5583 934 5640 multis
953 5597 1074 5636 cum
1096 5574 1340 5632 laudibus
1362 5563 1596 5631 dimisit,
1615 5563 1802 5619 dicens
1829 5575 1842 5612 :
1879 5558 1923 5614 0
1943 5556 2160 5611 mulier!

562 5698 750 5756 magna
778 5686 850 5733 est
873 5674 999 5745 ﬁdes
1021 5684 1108 5726 tua
1140 5669 1262 5738 :ftat
1285 5664 1374 5720 tibi
1401 5665 1526 5716 sicut
1548 5659 1619 5713 vis
1648 5654 1760 5724 (Ib.
1791 5671 1838 5708 v.
1869 5650 2000 5722 28).
2027 5649 2163 5704 Cum

567 5741 745 5827 autem
790 5741 1034 5824 Christus
1085 5761 1254 5823 dicat,
1304 5755 1499 5824 Magna
1527 5761 1599 5805 est
1649 5748 1775 5819 ﬁdes
1803 5756 1911 5811 tua,
1959 5741 2163 5798 nullum

574 5861 716 5915 aliud
743 5871 949 5925 qureras
970 5854 1111 5907 circa
1153 5845 1638 5917 magnanimitatem
1663 5840 1884 5906 hujusce
1928 5833 2168 5890 mulieris

575 5947 976 6008 argumentum.
1003 5939 1252 5998 Vidistin‘
1281 5934 1549 6007 quomodo
1577 5950 1639 5989 ex
1673 5930 1983 5986 assiduitate
2009 5927 2166 5997 digna

1221 477 1280 535 S.
1317 469 1600 533 IOANNIS
1636 457 2111 526 CIIRYSOSTOLII
2150 454 2467 516 ARClllEi’.
2507 449 3044 511 CONSTANTINOP.

3691 449 3782 504 5‘20

2207 571 2340 625 facta
2368 570 2438 625 sit
2470 569 2679 633 mulier,
2704 583 2824 638 quae
2852 567 3064 636 indigna
3094 564 3242 636 prius
3266 561 3417 618 emt?
3446 563 3538 620 Vis
3587 563 3781 626 discere

2203 678 2300 716 nos
2325 662 2375 716 in
2405 659 2672 731 precando
2692 674 2786 728 per
2806 659 3164 729 nosmetipsos
3191 658 3310 728 plus
3329 660 3610 730 perﬁcere,
3637 679 3782 731 quam

2204 771 2300 826 per
2348 755 2518 808 alios?
2575 754 2839 808 Clamavit
2896 752 3030 815 lucc,
3081 761 3138 807 et
3177 753 3495 808 accedentes
3549 756 3781 824 discipuli

2203 849 2498 903 dixerunt:
2532 845 2739 898 Dimitte
2777 844 2943 909 illaut,
2983 844 3102 912 quia
3143 845 3329 898 clamat
3379 856 3492 914 post
3537 863 3634 900 nos
3679 847 3779 916 (Ib.

2203 957 2252 994 υ.
2279 940 2389 1011 25)
2422 957 2434 992 :
2467 948 2522 993 et
2545 937 2611 992 ad
2639 938 2761 992 illos
2785 936 3000 1005 quidem
3030 937 3338 1004 respondit,
3373 935 3492 990 Non
3534 955 3648 992 sum
3675 941 3785 994 mis-

2203 1052 2290 1089 sus
2337 1034 2436 1089 nisi
2487 1033 2556 1085 ad
2609 1047 2742 1097 oves,
2784 1046 2896 1102 quae
2943 1029 3218 1100 perierunt,
3245 1031 3429 1083 domus
3478 1029 3650 1086 Israel
3679 1032 3783 1103 (Ib.

2205 1144 2250 1180 υ.
2273 1126 2377 1195 24)
2405 1146 2418 1181 :
2448 1141 2570 1180 cum
2602 1134 2781 1179 autem
2829 1125 2915 1176 illa
2961 1139 3054 1192 per
3093 1123 3324 1192 seipsatn
3352 1124 3578 1190 accedit,
3609 1134 3663 1179 et
3684 1126 3784 1178 cla.

2207 1220 2405 1273 mando
2431 1217 2788 1286 perseveravit
2815 1216 3032 1278 dicens,
3073 1214 3261 1279 Etiam,
3309 1215 3541 1280 Domine,
3591 1234 3708 1270 nam
3745 1227 3786 1270 et

2207 1313 2374 1367 Catelli
2393 1313 2548 1366 edunt
2575 1311 2638 1364 de
2665 1326 2839 1362 mensa
2859 1309 3179 1362 dominorum
3196 1325 3404 1361 suorum
3431 1308 3548 1378 (Ib.
3575 1325 3624 1362 ν.
3654 1311 3786 1381 27):

2210 1415 2335 1460 tunc
2371 1403 2594 1475 gratiam
2626 1401 2874 1466 contulit,
2920 1410 2975 1454 et
2996 1399 3192 1463 "dixit,
3247 1398 3367 1452 Fiat
3413 1401 3501 1453 tibi
3550 1403 3684 1454 sicut
3725 1403 3788 1455 vis

2210 1496 2326 1567 (Ib.
2351 1513 2400 1549 ιο.
2429 1494 2556 1562 28).
2588 1492 2832 1547 Vidistin’
2856 1489 3148 1560 quomodo,
3178 1505 3298 1543 cum
3324 1490 3397 1543 illi
3434 1499 3789 1560 precarentur,

2211 1586 2425 1656 repulit,
2456 1600 2577 1639 cum
2606 1592 2787 1638 autent
2839 1580 2926 1635 illa
2971 1595 3165 1634 munus
3189 1580 3471 1634 clamando
3495 1583 3791 1650 postulavit,

2210 1679 2432 1735 annuit?
2474 1678 2581 1732 Illis
2624 1677 2820 1746 quippe
2855 1673 3004 1739 dicit,
3059 1672 3181 1726 Non
3231 1691 3344 1728 sum
3386 1674 3566 1728 missus
3595 1676 3696 1728 nisi
3732 1676 3794 1728 ad

2211 1788 2344 1836 oves,
2389 1784 2502 1837 ante
2557 1767 2832 1837 perierunt,
2864 1765 3043 1818 domus
3065 1763 3262 1828 Israel;
3292 1765 3412 1820 huic
3432 1780 3583 1830 vero,
3612 1765 3796 1836 Magna

2211 1872 2284 1915 est
2305 1861 2432 1929 ﬁdes
2450 1870 2537 1912 tua
2560 1873 2579 1912 :
2610 1859 2698 1926 ﬁat
2721 1857 2810 1908 tibi
2836 1856 2965 1909 sicut
2992 1856 3084 1909 vis.
3113 1855 3180 1910 Et
3205 1856 3418 1925 quidem
3459 1857 3614 1910 initio
3663 1859 3792 1926 peti-

2215 1952 2374 2008 tionis
2422 1949 2552 2004 nihil
2591 1947 2901 2017 respondit:
2933 1947 3021 2001 ubi
3069 1953 3248 2000 autem
3293 1947 3491 2012 semel,
3519 1946 3714 2002 iterum
3750 1956 3799 2001 et

2215 2043 2373 2099 tertio
2401 2044 2647 2106 accessit,
2678 2050 2804 2094 tunc
2828 2037 3052 2108 gratiam
3082 2036 3337 2102 contulit;
3368 2053 3434 2092 ex
3476 2037 3584 2092 ﬁne
3606 2038 3800 2093 docens

2214 2152 2334 2201 nos,
2358 2151 2418 2190 se
2441 2148 2634 2188 munus
2660 2131 2953 2195 distulisse,
2985 2145 3089 2183 non
3121 2138 3177 2182 ut
3200 2127 3344 2182 illam
3379 2129 3688 2198 repelleret,
3713 2129 3799 2182 sed

2215 2240 2273 2285 ut
2329 2229 2484 2284 nobis
2549 2225 2797 2282 omnibus
2851 2221 3156 2292 patientiam
3211 2221 3449 2275 mulieris
3507 2221 3798 2275 exhiberet.

2213 2323 2349 2378 Nam
2366 2320 2410 2376 si
2435 2329 2493 2374 ut
2523 2318 2668 2373 illam
2721 2314 3001 2385 repelleret
3050 2311 3367 2376 distulisset,
3408 2327 3581 2381 neque
3612 2313 3668 2365 itt
3709 2312 3803 2366 ﬁne

2217 2412 2540 2484 postulatum
2570 2407 2836 2471 dedisset;
2863 2405 2987 2475 quia
3029 2417 3158 2458 vero
3187 2411 3245 2456 ut
3277 2402 3676 2473 philosophiam
3699 2404 3804 2471 ejus

2215 2505 2466 2560 omnibus
2511 2500 2789 2556 exhiberet
2824 2495 3203 2565 exspectabat,
3250 2493 3372 2548 ideo
3419 2494 3650 2548 tacebat.
3682 2493 3802 2546 Nam

2217 2598 2262 2652 si
2288 2596 2468 2650 statim
2497 2610 2525 2646 ιι
2560 2589 2819 2661 principio
2848 2586 3162 2643 beneﬁcium
3188 2585 3524 2648 contulisset,
3573 2583 3803 2637 mulieris

2220 2689 2468 2742 virtutem
2481 2681 2954 2748 fortitudinemque
2970 2691 3078 2730 non
3100 2689 3397 2730 nossemus.
3423 2672 3632 2726 Dimitte
3646 2673 3802 2734 illam,

2219 2780 2501 2850 inquiunt,
2543 2773 2665 2844 quia
2709 2769 2895 2825 clamat
2935 2777 3048 2838 post
3098 2781 3211 2820 nos.
3262 2763 3400 2831 Quid
3458 2779 3586 2818 vero
3640 2763 3793 2816 Citri-

2217 2870 2377 2926 stus?
2436 2867 2540 2921 \‘os
2581 2862 2778 2917 auditis
2801 2873 3023 2925 vocem,
3072 2871 3173 2927 ego
3215 2865 3448 2910 mentem
3474 2853 3634 2908 video
3666 2853 3807 2908 :scio

2220 2961 2348 3034 quid
2399 2958 2604 3014 dictura
2652 2954 2742 3008 sit.
2811 2950 2949 3006 Nolo
2999 2949 3312 3003 thesaurum
3371 2945 3425 2999 in
3474 2953 3659 2999 mente
3703 2943 3808 3011 ejus

2222 3053 2556 3111 reconditum
2602 3048 2771 3103 latere
2807 3061 2821 3099 :
2848 3042 2940 3098 sed
2970 3049 3222 3110 exSpecto
3251 3048 3306 3094 et
3332 3049 3503 3102 taceo,
3556 3045 3617 3090 ιιι
3646 3037 3807 3104 ipsum

2223 3149 2492 3204 detectum
2516 3144 2568 3196 in
2600 3140 2834 3196 medium
2862 3133 3156 3207 proferam,
3209 3139 3265 3186 et
3312 3128 3559 3183 omnibus
3587 3127 3808 3180 manili»

2223 3250 2365 3297 stum
2404 3231 2634 3293 faciant.'

2297 3330 2386 3386 l3.
2423 3327 2549 3383 llzec
2574 3324 2733 3394 igitur
2761 3318 2937 3375 omnia
2965 3330 3086 3370 cum
3116 3311 3458 3368 didicerimus
3479 3351 3498 3376 ,
3530 3307 3737 3368 etiamsi
3764 3307 3812 3360 iu

2227 3420 2461 3494 peccatis
2495 3417 2686 3478 simus,
2718 3421 2772 3467 et
2807 3406 3080 3464 beneﬁciis
3107 3402 3330 3473 indigni,
3360 3416 3426 3455 ne
3451 3401 3812 3470 deSperemns,

2227 3492 2459 3569 scientes
2487 3522 2587 3564 nos
2616 3521 2683 3560 ex
2728 3499 2890 3556 animi
2916 3496 3228 3552 assiduitate
3247 3507 3403 3564 posse
3424 3492 3615 3561 dignos
3642 3499 3814 3560 postu-

2230 3603 2350 3658 latis
2377 3598 2629 3656 evadere.
2664 3593 2813 3650 Licet
2839 3591 2954 3646 sine
2982 3585 3280 3658 patrocinio
3310 3598 3372 3638 ac
3401 3581 3602 3636 deserti
3633 3581 3814 3640 simus,

2229 3712 2300 3753 ne
2319 3695 2554 3749 anitnum
2587 3684 3037 3759 despondeamus,
3067 3676 3220 3750 gnari
3263 3688 3510 3745 magnum
3547 3672 3681 3726 illttd
3709 3685 3818 3724 esse

2230 3783 2610 3858 patrocinium,
2642 3778 2686 3832 si
2713 3775 2832 3847 quis
2863 3786 3054 3842 magno
3087 3783 3207 3824 cum
3239 3765 3417 3820 studio
3447 3779 3539 3832 per
3590 3761 3817 3831 seipsunt

2229 3854 2297 3934 ad
2330 3879 2496 3930 Deum
2522 3869 2764 3927 accedat.
2783 3866 2836 3921 Si
2865 3875 3060 3919 munus
3086 3857 3329 3915 conferre
3354 3854 3565 3909 differat
3602 3861 3658 3905 et
3703 3864 3812 3920 pro-

2233 3968 2491 4025 crastinet
2511 4004 2527 4030 ,
2552 3977 2620 4017 ne
2647 3956 3016 4018 concidamus,
3043 3951 3273 4006 scientes
3305 3947 3444 4000 illam
3467 3942 3812 4013 procrastinao

2237 4065 2439 4118 tionem
2475 4071 2622 4113 curte
2649 4062 2808 4123 atque
2833 4045 3174 4118 benignitatis
3203 4055 3320 4095 esse
3345 4043 3738 4108 argumentum.
3769 4031 3822 4086 Si

2237 4155 2288 4210 id
2317 4163 2630 4224 persuasum
2660 4145 2970 4206 habeamus,
3015 4147 3070 4192 et
3121 4148 3241 4190 cum
3288 4130 3467 4184 animo
3518 4125 3735 4180 dolente
3773 4133 3822 4176 et

2237 4215 2467 4310 fervido,
2496 4249 2654 4310 atque
2675 4236 2902 4292 excitata
2923 4229 3216 4288 voluntate,
3237 4223 3323 4278 tali
3347 4221 3570 4282 scilicet,
3613 4215 3817 4288 qualem

2239 4337 2427 4394 habuit
2456 4331 2720 4388 accedens
2738 4325 3061 4386 Cltanantea,
3091 4326 3144 4372 et
3171 4327 3269 4370 nos
3297 4313 3469 4382 ipsum
3504 4307 3822 4368 adierimus,

2239 4429 2447 4488 etiamsi
2473 4439 2635 4483 canes
2663 4423 2853 4484 simus,
2881 4412 3090 4472 etiamsi
3122 4407 3330 4480 quidvis
3363 4418 3524 4476 grave
3554 4408 3823 4472 perpetra-

2241 4524 2498 4585 verimus,
2524 4527 2581 4573 et
2611 4524 2791 4570 nostra
2821 4507 2956 4563 mala
2986 4502 3322 4562 amoliemur,
3367 4503 3676 4561 tantumque
3697 4489 3822 4543 ﬁdu-

2243 4621 2340 4675 cia:
2367 4613 2711 4685 accipiemus,
2735 4615 2792 4661 ιιι
2813 4603 2932 4659 aliis
2952 4611 3162 4670 quoque
3185 4589 3502 4665 patrocinari
3525 4587 3826 4640 valeamus:

2245 4675 2694 4781 quemadmodum
2721 4707 2775 4753 et
2793 4695 3092 4751 Chanatnea
3119 4701 3224 4740 non
3251 4682 3428 4738 solum
3453 4681 3564 4749 ipsa
3589 4675 3827 4729 ﬁduciam

2247 4763 2300 4858 dt
2330 4798 2524 4855 multas
2550 4791 2737 4848 laudes
2755 4790 3084 4853 consequuta
3118 4785 3221 4842 est,
3251 4772 3345 4828 sed
3369 4771 3529 4826 etiant
3571 4765 3730 4820 ﬁliam
3756 4763 3832 4816 in-

2249 4887 2616 4947 tolerabilibus
2663 4878 2926 4936 molestiis
2986 4873 3194 4941 eripere
3245 4864 3436 4936 potuit.
3485 4859 3624 4917 Nihil
3675 4855 3832 4916 enim,

2253 4981 2385 5037 nihil
2436 4979 2616 5046 utique
2676 4969 2944 5042 potentius
2989 4973 3072 5018 est
3117 4958 3362 5016 oratione
3410 4950 3634 5008 ferventi
3685 4957 3836 5016 atque

2252 5075 2484 5129 sincera.
2512 5068 2637 5124 Haec
2660 5075 2713 5118 et
2736 5056 3018 5132 prtesentia
3043 5051 3178 5108 mala
3195 5049 3371 5112 solvit,
3395 5055 3448 5100 et
3473 5061 3502 5099 a
3535 5041 3722 5097 futuris
3749 5037 3838 5090 illo
3924 5054 3934 5061 ε

2255 5176 2498 5234 tempore
2543 5154 2818 5226 suppliciis
2869 5149 3048 5219 eripit.
3103 5143 3172 5200 Ut
3229 5142 3404 5210 itaque
3437 5145 3491 5192 et
3534 5137 3839 5204 pra-sentem

2258 5221 2421 5314 vitain
2470 5221 2675 5309 facilius
2732 5245 3123 5312 transigamus,
3175 5244 3230 5290 et
3297 5232 3426 5286 illnc
3484 5243 3605 5283 cum
3659 5221 3841 5277 ﬁducia

2259 5355 2534 5416 abeamus,
2557 5346 2725 5403 multo
2745 5340 2923 5398 studio
2948 5348 3003 5393 et
3025 5331 3298 5390 alacritate
3320 5327 3565 5399 precibus
3581 5331 3842 5376 vacemus.

2263 5448 2352 5503 Sic
2380 5446 2522 5500 enim
2551 5438 2846 5513 poterimus
2871 5441 2927 5491 et
2968 5427 3250 5502 prmsentia
3291 5416 3544 5487 consequi
3590 5415 3744 5475 bona,
3797 5418 3852 5461 et

2265 5539 2464 5610 Optima
2493 5550 2589 5605 spe
2617 5531 2715 5586 frui
2750 5547 2763 5582 :
2797 5543 2916 5599 quae
2944 5539 3044 5580 nos
3085 5533 3270 5576 omnes
3319 5511 3531 5581 assequi
3561 5505 3848 5571 contingat,

2266 5591 2456 5704 giatia,
2489 5591 2830 5696 benignitate
2869 5627 2922 5673 et
2959 5606 3426 5670 commiseratione
3459 5595 3664 5656 Domini
3689 5591 3854 5648 nostri

2269 5730 2396 5786 Jrsu
2445 5696 2669 5786 Christi,
2716 5718 2932 5789 quicum
2971 5710 3138 5777 Patri,
3183 5717 3393 5774 unaque
3426 5696 3648 5770 Spiritui
3673 5699 3856 5748 sancto

2272 5823 2462 5897 gloria,
2494 5819 2688 5884 honor,
2709 5810 3010 5882 imperium,
3034 5806 3086 5860 itt
3104 5799 3297 5859 smcula
3313 5796 3648 5854 steculorum.
3668 5790 3857 5845 Amen.
