4062 6440
246 486 257 493 _
311 406 416 464 διο

313 524 421 580 τῶν
450 519 778 591 εἰρημένων,
796 503 1129 594 καὶέτέρους
1142 518 1411 591 διορθοῦν,
1429 519 1495 573 ἂν
1514 519 1596 581 εἰς
1622 516 1789 586 εὐχὰς
1809 514 1896 566 ἀεὶ

315 602 773 674 καταφεύγωμεν,
802 605 897 658 καὶ
924 605 1333 676 παρακαλῶμεν
1363 603 1458 657 τὸν
1502 602 1639 655 Θεὸν
1686 599 1781 652 τὸν
1820 598 1898 649 διο

313 687 472 742 δόντα
499 686 656 754 λόγον
692 687 904 755 σοφίας,
938 687 1120 742 δοῦναι
1154 688 1254 741 καὶ
1289 686 1506 741 σύνεσιν
1544 683 1897 754 ἀκροάσεως,

317 773 414 824 καὶ
446 769 693 841 φυλακὴν
723 771 823 839 τῆς
855 771 1231 842 πνευματικῆς
1260 769 1465 840 ταύτης
1503 762 1898 839 παρακαταθή-

318 871 425 925 κης
446 854 651 925 ἀκριϐῆ
683 853 776 908 καὶ
802 854 1115 925 ἀχείρωτον.
1146 856 1213 907 "A
1235 854 1345 926 7&9
1372 854 1474 906 οὐκ
1500 849 1757 921 ἰσχύομεν
1774 847 1903 901 πολ-

319 935 482 999 λάκις
508 938 566 1003 ἐξ
598 936 804 1000 οἰκείας
842 936 1187 1007 κατορθῶσαι
1215 935 1486 1006 σπουδῆς,
1535 933 1710 987 ταῦτα
1744 932 1903 1001 δυνη-

323 1021 531 1092 σόμεθα
558 1019 752 1074 ἀνύσαι
787 1020 1042 1091 εὐμαρῶς
1071 1020 1138 1074 δι’
1167 1020 1344 1091 εὐχῶν
1378 1031 1428 1086 ι,
1460 1017 1637 1090 εὐχῶν
1668 1017 1725 1071 δέ
1758 1014 1903 1085 λέγω

320 1103 434 1156 τῶν
448 1103 730 1174 διηνεκῶν.
757 1104 872 1157 Ἀεὶ
886 1104 994 1173 7&9
1010 1104 1105 1157 καὶ
1123 1102 1480 1165 ἀδιαλείπτως
1500 1101 1624 1171 εῦχε
1632 1101 1751 1155 σθαι
1774 1118 1901 1171 χρη,

322 1188 423 1240 καὶ
440 1186 532 1240 τὸν
561 1188 620 1240 ἐν
647 1186 856 1257 θλίψει,
886 1187 981 1241 καὶ
1017 1186 1108 1240 τὸν
1137 1188 1196 1240 ἐν
1227 1186 1431 1250 ἀνέσει,
1467 1186 1560 1238 καὶ
1587 1184 1681 1238 τὸν
1704 1186 1765 1237 ἐν
1796 1185 1906 1238 δει-

322 1273 459 1332 νοῖς.
491 1270 585 1323 καὶ
613 1269 704 1323 τὸν
737 1272 794 1323 ἐν
823 1270 1052 1336 ἀγαθοῖς
1076 1270 1227 1322 ὄντα·
1256 1270 1346 1324 τὸν
1381 1269 1480 1334 μὲν
1507 1270 1565 1321 ἐν
1596 1267 1781 1321 ἀνέσει
1814 1266 1908 1321 καὶ

324 1352 542 1416 πολλοῖς
564 1352 807 1422 ἀγαθοῖς,
828 1354 914 1407 ἵνα
939 1351 967 1392 δ
993 1353 1224 1422 ἀκίνητα
1250 1356 1343 1406 καὶ
1365 1350 1717 1421 ἀμετάϐλητα
1737 1349 1909 1403 ταῦτα

326 1436 474 1509 μένῃ
507 1437 602 1489 καὶ
632 1437 903 1508 μηδέποτε
950 1437 1252 1508 μεταπέσῃ·
1302 1436 1392 1489 τὸν
1430 1436 1487 1489 δὲ
1518 1437 1575 1489 ἐν
1616 1434 1790 1505 θλίψει
1816 1436 1911 1489 καὶ

325 1520 550 1585 πολλοῖς
576 1523 686 1585 τοῖς
709 1521 925 1584 δεινοῖς,
962 1521 1047 1574 ἵνα
1074 1521 1195 1575 τινὰ
1227 1520 1470 1591 χρηστὴν
1520 1518 1667 1590 αὑτῷ
1713 1518 1795 1590 ῖδῃ
1818 1534 1911 1586 γε-

325 1603 563 1673 νομένην
598 1603 919 1674 μεταϐολὴν,
948 1605 1040 1657 καὶ
1067 1607 1145 1667 είς
1165 1604 1408 1674 γαλήνην
1438 1601 1783 1674 παρηγορίας
1814 1617 1913 1670 με·

325 1687 601 1757 ταϐληθῇ.
655 1686 744 1739 Ἐν
766 1686 975 1758 γαλήνῃ
1008 1683 1086 1749 εἷς
1115 1685 1324 1740 Οὐκοῦν
1346 1684 1655 1757 παρακάλει
1677 1685 1769 1737 τὸν
1781 1683 1916 1737 θεὸν

329 1769 559 1840 βεϐαίαν
582 1785 663 1822 σοι
688 1768 868 1839 μένειν
888 1770 987 1841 τὴν
1003 1769 1245 1841 γαλήνην
1260 1770 1480 1840 ταύτην.
1497 1768 1758 1839 Χειμῶνα
1777 1764 1917 1830 εἶδες

329 1852 749 1917 ἐπαναστάντας
780 1851 1094 1922 Παρακάλει
1124 1852 1359 1916 ἐκτενῶς
1376 1852 1467 1906 τὸν
1499 1851 1634 1904 Θεὸν
1657 1850 1919 1922 παρενέγ-

329 1952 431 1991 και
454 1934 515 1988 τὸ
534 1934 842 1998 κλυδώνιον,
861 1935 955 1988 καὶ
978 1935 1221 2006 γαλήνην
1240 1936 1349 1990 ἀπὸ
1374 1935 1641 2006 χειμῶνος
1668 1935 1914 2003 ποιῆσαι.

347 2018 684 2089 Ἥκούσθης;
716 2020 840 2074 Ἐπί
877 2017 1054 2089 τούτῳ
1093 2020 1509 2091 εὐχαρίστησον,
1539 2020 1729 2091 ἐπειδὴ
1755 2019 1920 2089 ἡκού-

334 2102 492 2173 σθης.
513 2105 625 2157 Ούκ
646 2104 956 2175 ήκούσθης;
981 2104 1326 2174 Παράμεινον
1340 2143 1354 2168 ,
1375 2104 1461 2157 ἴνα
1487 2105 1780 2175 ἀκουσθῇς.
1803 2102 1920 2158 Κᾶν

335 2184 493 2259 [509]
541 2188 651 2257 γὰρ
698 2188 1036 2258 ἀναϐάληταί
1092 2204 1220 2241 ποτε
1253 2187 1352 2258 τὴν
1396 2188 1542 2242 δόσιν
1568 2191 1597 2242 ό
1622 2188 1776 2253 Θεὸς,
1801 2188 1923 2257 ούχὶ

340 2271 519 2339 μισῶν
556 2272 678 2326 οὐδὲ
709 2272 1223 2344 ἀποστρεφόμενος,
1257 2272 1397 2327 ἀλλά
1428 2274 1494 2343 τῇ
1532 2273 1788 2343 μελλήσει
1821 2272 1925 2343 τῆς

333 2353 539 2418 δόσεως
569 2354 834 2426 διηνεκῶς
856 2372 915 2408 σε
947 2356 1079 2426 παρ’
1098 2353 1275 2426 ἐαυτῷ
1299 2355 1550 2426 κατέχειν
1576 2355 1921 2426 βουλόμενος,

335 2437 595 2510 καθάπερ
627 2439 721 2491 καὶ
757 2439 996 2510 πατέρες
1026 2437 1373 2509 φιλόστοργοι
1414 2437 1650 2492 ποιοῦσι·
1683 2441 1777 2493 καὶ
1812 2439 1925 2512 γὰρ

335 2521 542 2572 ἐκεῖνοι
569 2520 679 2575 τῶν
708 2520 1097 2592 ρᾳθυμοτέρων
1127 2522 1334 2574 παίδων
1379 2521 1480 2593 τὴν
1507 2521 1730 2593 διηνεκῆ
1759 2538 1928 2594 προσ-

336 2602 559 2673 εδρείαν
589 2606 655 2674 τῇ
686 2604 784 2673 τῆς
815 2604 1014 2667 δόσεως
1048 2603 1282 2675 ἀναϐολῇ
1313 2604 1644 2673 σοφίζονται.
1670 2604 1748 2659 Ού
1766 2605 1927 2677 χρεία

338 2703 432 2740 σοι
470 2689 704 2758 μεσιτῶν
730 2689 822 2742 ἐπὶ
844 2688 941 2741 τοῦ
969 2688 1129 2752 Θεοῦ,
1153 2688 1275 2741 ούδέ
1308 2688 1512 2758 πολλῆς
1539 2689 1640 2760 τῆς
1669 2690 1928 2760 περιδρο-

342 2770 479 2841 μῆς,
508 2773 601 2824 καὶ
630 2770 727 2824 τοῦ
772 2770 1104 2825 κολακεῦσαι
1138 2772 1379 2843 ἐτέρους·
1413 2771 1551 2826 ἀλλά
1587 2772 1692 2826 κᾶν
1722 2774 1930 2845 ἔρημος

336 2852 435 2926 ᾗς,
472 2855 574 2908 κᾶν
606 2855 1067 2925 ἀπροστάτευτος,
1108 2854 1271 2919 αὐτὸς
1312 2856 1401 2909 διὰ
1439 2856 1639 2910 σαυτοῦ
1671 2873 1931 2928 παρακα-

338 2935 509 3000 λέσας
536 2937 627 2989 τὸν
646 2937 778 2990 Θεὸν
798 2936 1058 3009 ἐπιτεύξῃ
1086 2938 1323 3002 πάντως.
1339 2937 1453 3009 Ούχ
1480 2938 1623 2992 οὕτω
1643 2938 1710 2991 δι’
1726 2938 1931 3011 ἐτέρων

341 3018 491 3089 ὑπὲρ
515 3018 673 3090 ήμῶν
704 3020 1194 3091 παρακαλούμενος
1221 3021 1491 3075 ἐπινεύειν
1521 3022 1736 3089 εἴωθεν,
1760 3023 1836 3087 ὡς
1862 3023 1930 3076 δι’

340 3105 382 3173 ἠ
391 3104 505 3173 μῶν
524 3104 830 3158 αὐτῶντῶν
862 3105 1153 3175 δεομένων,
1185 3104 1286 3159 κᾶν
1323 3105 1533 3178 μυρίων
1557 3098 1709 3177 ὦμεν
1735 3107 1934 3178 γέμον-

338 3204 439 3250 τες
469 3186 676 3241 κακῶν.
712 3188 776 3240 Εἰ
804 3186 914 3259 γὰρ
958 3189 1045 3240 ἐπ’
1075 3187 1380 3259 ἀνθρώπων
1420 3188 1526 3243 κᾶν
1566 3190 1736 3261 μυρία
1764 3207 1934 3263 προσ-

343 3271 712 3341 κεκρουκότες
738 3265 912 3342 ὦμεν,
947 3272 1076 3325 ὃταν
1112 3272 1206 3326 καὶ
1248 3271 1355 3325 ὑπὸ
1380 3272 1481 3344 τήν
1509 3273 1605 3338 έω,
1635 3275 1732 3327 καὶ
1759 3275 1935 3346 μέσης

342 3356 581 3426 ἡμέρας,
613 3356 710 3409 καὶ
763 3356 822 3409 ἐν
872 3355 1085 3427 ἑσπέρᾳ.
1119 3354 1440 3426 φαινώμεθα
1463 3358 1578 3421 τοῖς
1622 3358 1762 3429 πρὸς
1788 3361 1935 3430 ἡμᾶς

342 3438 770 3509 λελυπημένοις,
804 3442 871 3511 τῇ
894 3440 1144 3511 συνεχείᾳ
1172 3445 1263 3495 καὶ
1280 3443 1349 3512 τῇ
1378 3440 1620 3512 διηνεκεῖ
1634 3442 1734 3512 τῆς
1757 3442 1935 3512 ὅψεως

346 3524 617 3594 συντυχίᾳ.
662 3523 1008 3595 καταλύομεν
1059 3525 1257 3597 ῥᾳδίως
1309 3525 1493 3579 αὐτῶν
1539 3526 1639 3597 τὴν
1700 3526 1935 3597 ἔχθραν,

345 3607 534 3679 πολλῷ
561 3607 761 3677 μᾶλλον
792 3609 885 3660 ἐπὶ
908 3607 1002 3661 τοῦ
1033 3608 1170 3661 Θεοῦ
1200 3608 1360 3662 τοῦτο
1391 3608 1586 3677 γένοιτ’
1607 3611 1695 3665 ἀν.

426 3690 511 3760 ιβ’.
533 3690 672 3743 Ἀλλ’
698 3690 913 3755 ἀνάξιος
936 3686 1004 3758 εἷ;
1023 3691 1187 3743 Γενοῦ
1209 3694 1274 3761 τῇ
1295 3692 1623 3763 προσεδρείᾳ
1634 3692 1802 3759 ἄξιος.
1813 3694 1935 3747 Ὅτι

346 3775 465 3846 γὰρ
485 3777 580 3828 καὶ
606 3774 699 3827 τὸν
719 3774 935 3838 ἀνάξιον
955 3770 1179 3827 δυνατὸν
1198 3775 1347 3838 ἀξιον
1377 3775 1441 3828 ἐκ
1461 3775 1560 3846 τῆς
1577 3776 1936 3848 προσεδρείας

346 3858 630 3930 ¹γενέσθαι,
665 3858 759 3912 καὶ
791 3858 859 3912 δι’
903 3858 1061 3929 ήμῶν
1087 3859 1265 3913 αὐτῶν
1298 3858 1532 3929 μᾶλλον,
1570 3859 1603 3930 ἢ
1632 3859 1699 3913 δι’
1734 3861 1937 3931 ἐτέρων

348 3940 846 4013 παρακαλούμενος
878 3943 907 3993 ό
940 3942 1072 4006 Θεὸς
1108 3941 1372 4005 ἐπινεύει,
1405 3943 1502 3997 καὶ
1535 3943 1618 3997 ὅτι
1661 3944 1762 4015 τὴν
1791 3944 1938 3999 δόσιν

349 4024 715 4081 ἀναϐάλλεται
748 4024 1032 4091 πολλάκις,
1063 4025 1162 4096 οὐχ
1194 4026 1342 4096 ήμᾶς
1385 4026 1722 4099 ἐξαπορῆσαι
1754 4028 1941 4099 βουλό-

352 4126 541 4183 μενος,
567 4108 689 4163 οὐδὲ
721 4108 904 4171 κεναῖς
937 4108 1217 4179 ἐκπέμψαι
1243 4109 1453 4180 χερσὶν,
1500 4109 1612 4163 ἀλλ’
1646 4111 1733 4165 ῖνα
1762 4110 1941 4183 μειζό-

351 4211 465 4246 νων
493 4194 624 4263 ἡμῖν
650 4190 870 4258 ἀγαθῶν
908 4190 1079 4255 αἴτιος
1121 4192 1368 4264 γένηται·
1395 4193 1464 4246 τὰ
1493 4193 1619 4265 τρία
1655 4194 1830 4248 ταῦτα
1853 4196 1941 4249 διά

352 4277 457 4346 τῆς
476 4274 793 4345 παραϐολῆς
808 4275 907 4345 τῆς
933 4276 1177 4345 σήμερον
1206 4275 1648 4348 ἀναγνωσθείσης
1673 4278 1801 4348 ὑμῖν
1826 4296 1941 4332 πει-

358 4359 603 4432 ράσομαι
657 4360 880 4429 ποιῆσαι
933 4360 1165 4430 φανερά.
1213 4360 1498 4432 Προσῆλθε
1544 4361 1622 4431 τῷ
1657 4362 1878 4435 Χριστῷ
1907 4367 1941 4435 ή

357 4443 647 4498 Χαναναία
662 4444 804 4512 ὑπὲρ
828 4442 1095 4513 θυγατρὸς
1108 4443 1338 4514 δεομένη
1354 4444 1830 4515 δαιμονιζομένης,
1848 4448 1944 4500 καὶ

361 4528 547 4599 βοῶσα
581 4527 719 4598 μετά
755 4527 958 4598 πολλῆς
978 4528 1281 4591 ἐκτενείας,
1302 4528 1490 4597 φησίν·
1532 4529 1832 4597 Ἐλέησόν
1844 4550 1941 4601 με,

356 4611 563 4677 Κύριε,
596 4609 635 4676 ή
662 4608 925 4679 θυγάτηρ
964 4628 1084 4678 μου
1124 4608 1324 4674 κακῶς
1363 4610 1776 4680 δαιμονίζεται.
1811 4616 1944 4671 Ἰδοὺ

357 4694 661 4762 ἀλλόφυλος
686 4694 720 4764 ὴ
748 4692 905 4763 γυνὴ,
936 4694 1032 4747 καὶ
1072 4693 1349 4766 βάρϐαρος
1368 4733 1383 4757 ,
1417 4696 1513 4748 καὶ
1541 4697 1640 4766 τῆς
1668 4699 1944 4766 πολιτείας

360 4778 469 4847 τῆς
514 4775 806 4846 Ἰουδαϊκῆς
838 4776 1014 4841 ἐκτός.
1032 4778 1142 4831 Καὶ
1166 4779 1217 4831 τί
1242 4779 1349 4852 γὰρ
1379 4780 1567 4850 ἐτερον
1592 4780 1624 4850 ἢ
1654 4780 1820 4847 κύων,
1851 4786 1947 4839 καὶ

364 4860 589 4927 ἀνάξιος
608 4859 703 4914 τοῦ
735 4860 921 4915 λαϐεῖν
952 4862 1051 4933 τὴν
1078 4861 1326 4933 αἴτησιν;
1371 4864 1453 4916 Οὐ
1482 4862 1591 4933 γάρ
1618 4865 1770 4927 ἐστι,
1790 4868 1944 4937 φησὶ,

357 4945 557 4998 καλὸν
589 4943 799 4998 λαϐεῖν
820 4943 927 4997 τόν
957 4944 1140 5013 ἄρτον
1176 4944 1294 4999 τῶν
1328 4944 1577 5011 τέκνων,
1601 4946 1701 5001 καὶ
1733 4948 1947 5004 δοῦναι

360 5033 492 5101 τοῖς
519 5036 849 5104 κυναρίοις.
898 5035 1037 5089 Ἀλλ’
1077 5036 1228 5107 ὅμως
1274 5036 1383 5090 ἀπὸ
1436 5038 1538 5109 τῆς
1589 5040 1948 5111 προσεδρείας

358 5118 596 5188 γέγονεν
631 5116 777 5183 ἀξία.
803 5120 880 5173 Οὐ
910 5120 1020 5192 γάρ
1046 5121 1206 5191 μόνον
1235 5123 1316 5183 εἰς
1353 5121 1452 5193 τὴν
1485 5123 1595 5175 τῶν
1626 5122 1832 5177 παίδων
1851 5125 1948 5177 αύ-

360 5203 468 5272 τὴν
495 5202 775 5271 εὐγένειαν
802 5203 1086 5274 εἰσήγαγε,
1123 5202 1260 5257 κύνα
1286 5200 1482 5271 οὖσαν,
1514 5204 1652 5258 ἀλλά
1687 5206 1781 5260 καὶ
1811 5208 1949 5278 μετά

362 5284 583 5338 πολλῶν
609 5285 717 5339 τῶν
744 5285 1038 5356 ἐγκωμίων
1069 5286 1399 5359 ἐξέπεμψεν,
1436 5286 1629 5342 εἰπών·
1652 5284 1727 5344 Ὦ
1750 5292 1949 5359 γύναι,

357 5368 603 5440 μεγάλη
647 5387 766 5424 σου
799 5371 839 5438 ἠ
872 5372 1101 5437 πίστις·
1124 5371 1434 5441 γενηθήτω
1483 5388 1584 5426 σοι
1611 5373 1693 5440 ὡς
1735 5376 1950 5440 θέλεις.

364 5451 543 5506 ’Ὅταν
553 5452 611 5505 δὲ
625 5453 655 5505 ό
673 5451 712 5506 Χ
726 5454 906 5523 ριστὸς
927 5453 1082 5526 λέγῃ,
1109 5453 1351 5523 Μεγάλη
1370 5456 1408 5523 ἡ
1431 5459 1657 5523 πίστις,
1682 5459 1952 5530 μηδεμίαν

361 5536 567 5606 ἑτέραν
596 5536 871 5603 ἀπόδειξιν
899 5536 1054 5607 ζήτει
1085 5537 1187 5607 τῆς
1227 5538 1633 5611 μεγαλοψυχίας
1675 5543 1773 5613 τῆς
1813 5544 1955 5598 κατά

357 5616 469 5688 τὴν
500 5623 756 5687 γυναῖκα.
793 5618 944 5685 Εἶδες
974 5619 1093 5684 πῶς
1124 5622 1190 5675 ἐκ
1213 5622 1315 5693 τῆς
1349 5625 1709 5695 προσεδρείας
1733 5627 1954 5696 γέγονεν

436 5774 463 5802 ⁸
490 5773 523 5821 Α
534 5773 584 5823 lii
613 5776 674 5823 δι’
696 5776 968 5832 ἐντεύξεων.
1402 5818 1406 5822 -

433 5835 462 5878 δ
489 5835 604 5887 Mss.
630 5837 821 5900 ἀγαθοῖς
846 5840 1220 5903 φιλοτιμηθέντα,
1248 5840 1339 5890 ἴνα.

1484 406 1573 467 DE
1612 405 1979 465 PROFECTU
2006 402 2399 464 EVANGELII.

3462 391 3589 448 τεο

1997 516 2144 581 ἀξία,
2176 516 2373 581 ἀναξία
2402 510 2537 570 οὖσα
2561 516 2596 587 ή
2628 515 2801 586 γυνή;
2833 514 3022 569 Βούλει
3066 513 3259 587 μαθεῖν
3294 510 3390 566 καὶ
3411 511 3492 564 ὃτι
3513 504 3582 561 δι’

1996 598 2155 668 ήμῶν
2178 598 2359 653 αὐτῶν
2404 599 2635 671 μᾶλλον,
2682 598 2716 670 ἢ
2765 598 2832 652 δι’
2882 597 3085 667 ἐτέρων
3136 589 3583 681 παρακαλοῦντες
3695 675 3700 681 ι

1998 688 2161 741 αὑτὸν
2191 687 2460 757 ἀνύομεν;
2494 686 2764 759 Ἔκραξεν
2801 684 2959 756 αὕτη,
2995 684 3090 738 καὶ
3114 680 3504 752 προσελθόντες
3532 678 3583 730 οἱ

2004 769 2244 841 μαθηταὶ
2261 769 2528 838 λέγουσιν·
2573 771 2923 826 Ἀπόλυσον
2968 767 3198 835 αὐτὴν,
3245 764 3337 819 ὅτι
3390 760 3583 832 κράζει

2003 853 2255 907 ὄπισθεν
2282 852 2471 921 ἡμῶν·
2514 853 2611 907 καὶ
2655 852 2793 925 πρὸς
2827 852 2925 923 μὲν
2957 851 3205 913 ἐκείνους
3236 847 3423 918 φησὶν,
3461 847 3587 898 Οὐκ

2002 935 2380 1002 ἀπεστάλην,
2405 938 2458 990 εἰ
2482 936 2565 1006 μὴ
2592 937 2681 1001 εἰς
2722 935 2794 989 τὰ
2821 936 3086 1002 πρόϐατα
3119 932 3190 985 τὰ
3230 929 3590 987 ἀπολωλότα

2004 1020 2174 1074 οἴκου
2202 1018 2470 1087 Ἰσραήλ·
2495 1022 2584 1074 ὅτε
2616 1020 2673 1073 δὲ
2706 1020 2843 1089 αὑτὴ
2873 1019 2939 1072 δι’
2970 1016 3172 1085 ἑαυτῆς
3198 1014 3470 1086 προσῆλθε
3492 1010 3592 1065 καὶ

2006 1103 2239 1172 ἐπέμενε
2275 1103 2476 1174 βοῶσα.
2519 1104 2613 1156 καὶ
2654 1102 2907 1171 λέγουσα·
2957 1101 3092 1162 Ναὶ,
3130 1101 3330 1167 Κύριε,
3359 1095 3590 1163 καὶγὰρ

2006 1186 2081 1241 τὰ
2102 1186 2355 1257 κυνάρια
2381 1188 2571 1241 ἐσθίει
2615 1186 2733 1241 ἀπὸ
2770 1185 2881 1254 τῆς
2911 1182 3200 1253 τραπέζης
3230 1181 3347 1236 τῶν
3369 1180 3593 1257 κυρίων

2007 1269 2227 1326 αὐτῶν·
2254 1254 2381 1324 τότε
2405 1269 2505 1342 τὴν
2554 1272 2715 1343 χάριν
2744 1269 2935 1335 ἔδωκε,
2971 1269 3067 1323 καί
3085 1283 3240 1338 φησι·
3269 1254 3593 1333 Γενηθήτω

2010 1371 2106 1410 σοι
2139 1356 2221 1420 ὡς
2258 1354 2473 1421 θέλεις.
2514 1351 2668 1417 Εἶδες
2696 1353 2837 1417 πῶς,
2871 1355 2958 1407 ὅτε
2992 1352 3089 1423 μὲν
3113 1353 3311 1405 ἐκεῖνοι
3343 1345 3596 1419 παρεκά-

2007 1440 2155 1501 λουν,
2181 1438 2549 1508 διεκρούσατο·
2580 1439 2668 1492 ὅτε
2701 1439 2758 1492 δέ
2787 1439 2980 1510 αὖτὴή
3016 1436 3244 1507 δεομένη
3269 1435 3365 1505 τῆς
3385 1432 3597 1503 δωρεᾶς

2013 1524 2260 1595 ἐϐόησεν,
2297 1523 2625 1589 ἐπένευσεν;
2666 1524 2927 1586 Ἐκείνοις
2965 1522 3064 1593 μὲν
3101 1521 3211 1592 γάρ
3256 1534 3440 1591 φησιν.
3473 1518 3597 1570 Οὐκ

2012 1607 2400 1675 ἀπεστάλην,
2424 1609 2477 1661 εί
2491 1606 2578 1677 μὴ
2601 1609 2690 1673 εἰς
2718 1607 2792 1660 τὰ
2817 1607 3087 1674 πρόϐατα
3122 1604 3194 1658 τὰ
3239 1599 3601 1656 ἀπολωλότα

2014 1692 2185 1746 οἴκου
2236 1690 2519 1759 Ἰσραήλ·
2573 1690 2749 1762 ταύτῃ
2789 1691 2847 1745 δὲ
2905 1685 3061 1753 εἶπε,
3109 1686 3355 1757 Μεγάλη
3404 1698 3524 1738 σου
3558 1684 3598 1751 ἡ

2015 1774 2239 1839 πίστις·
2276 1771 2580 1844 γενηθήτω
2620 1787 2719 1827 σοι
2742 1773 2823 1839 ὡς
2861 1772 3075 1837 θέλεις.
3110 1770 3277 1825 Πάλιν
3311 1766 3463 1838 παρά
3499 1763 3600 1836 μὲν

2014 1856 2115 1929 τὴν
2142 1857 2316 1928 ἀρχὴν
2347 1854 2441 1910 καὶ
2480 1857 2537 1910 ἐν
2562 1855 2835 1927 προοιμίῳ
2862 1857 2962 1926 τῆς
2993 1850 3442 1924 αίτήσεωςούδέν
3492 1849 3604 1901 ἀπ-

2017 1941 2291 2013 εκρίνατό
2330 1940 2518 2012 ἐπειδὴ
2552 1939 2703 2012 [510]
2736 1940 2793 1993 δέ
2825 1939 2919 1993 καὶ
2949 1935 3204 2004 amem
3228 1934 3479 2002 δεύτερον
3513 1930 3606 1984 καὶ

2018 2026 2141 2096 τρὶς
2172 2026 2468 2098 προσῆλθε,
2502 2027 2623 2079 τότε
2653 2026 2751 2097 τὴν
2785 2024 2947 2097 χάριν
2973 2023 3162 2085 ἔδωκε,
3188 2019 3276 2074 διά
3300 2017 3394 2070 τοῦ
3418 2014 3607 2098 τέλους

2021 2111 2171 2181 ἡμᾶς
2204 2096 2428 2174 πείθων,
2446 2110 2528 2164 ὅτι
2561 2111 2663 2179 τὴν
2688 2096 2834 2163 δόσιν
2862 2096 3177 2168 ἀνεϐάλετο,
3199 2103 3297 2173 οὐχ
3332 2102 3419 2153 ἵνα
3436 2096 3606 2169 αὐτὴν
3716 2152 3737 2157 _

2020 2193 2433 2266 διακρούσηται,
2451 2193 2564 2248 ἀλλ’
2584 2194 2671 2249 ἵνα
2694 2196 2858 2248 πᾶσιν
2881 2194 3013 2263 ἡμῖν
3032 2188 3179 2259 δείξῃ
3204 2187 3302 2258 τὴν
3330 2181 3608 2253 ὑπομονὴν

2022 2280 2124 2349 τῆς
2160 2278 2439 2348 γυναικός.
2478 2279 2541 2332 Εἰ
2601 2279 2710 2350 γὰρ
2746 2279 2834 2331 ἴνα
2870 2277 3044 2346 αὐτὴν
3081 2270 3470 2343 διακρούσηται
3516 2267 3610 2350 ἀνα

2023 2347 2284 2427 ἐϐάλετο,
2328 2363 2439 2416 οὐδ’
2481 2361 2548 2416 ἂν
2581 2347 2717 2435 πρὸς
2752 2360 2831 2432 τῷ
2863 2359 3008 2413 τέλει
3054 2357 3284 2410 ἔδωκεν·
3325 2350 3513 2420 ἐπειδὴ
3550 2347 3609 2401 δὲ

2024 2453 2254 2523 ἀνέμενε
2282 2452 2454 2519 δεῖξαι
2480 2453 2648 2506 πᾶσιν
2671 2451 2841 2521 αὐτῆς
2857 2451 2957 2519 τὴν
2981 2444 3321 2518 φιλοσοφίαν,
3343 2443 3432 2497 διὰ
3452 2437 3614 2494 τοῦτο

2027 2540 2206 2609 ἐσίγα.
2246 2537 2309 2593 EE
2340 2539 2450 2610 7&9
2481 2538 2684 2602 εὐθέως
2728 2537 2897 2590 ἔδωκε
2942 2535 3038 2588 καὶ
3069 2532 3223 2604 παρά
3272 2530 3371 2600 τὴν
3408 2524 3610 2599 ἀρχὴν.

2026 2629 2128 2682 οὐκ
2155 2628 2221 2683 ἂν
2255 2627 2503 2699 ἔγνωμεν
2541 2627 2640 2696 τὴν
2666 2626 2921 2696 ἀνδρείαν
2969 2623 3072 2691 τῆς
3116 2619 3396 2689 γυναικός.
3452 2610 3613 2669 Ἀπό-

2026 2720 2227 2771 λυσον
2248 2715 2463 2783 αὐτὴν,
2525 2714 2710 2784 φησὶν,
2755 2713 2846 2766 ὅτι
2899 2708 3092 2780 κράζει
3125 2709 3378 2762 ὄπισθεν
3419 2700 3614 2772 ἡμῶν.

2029 2804 2096 2857 Τί
2128 2804 2186 2857 δὲ
2226 2805 2254 2857 ό
2286 2802 2558 2878 Χριστός;
2606 2802 2795 2872 Ὑμεῖς
2826 2798 3008 2870 φωνὴν
3028 2795 3279 2856 ἀκούετε,
3302 2790 3414 2861 ἐγὼ
3438 2792 3495 2845 δέ
3515 2788 3616 2878 τῂν

2028 2890 2266 2945 διάνοιαν
2296 2876 2426 2961 ὁρῶ·
2459 2885 2575 2942 οἶδα
2597 2888 2649 2942 τί
2681 2887 2863 2959 μέλλει
2898 2886 3099 2954 λέγειν.
3131 2884 3207 2938 Ού
3240 2880 3501 2953 βούλομαι
3521 2876 3614 2930 τὸν

2031 2977 2486 3049 ἐγκεκρυμμένον
2508 2977 2678 3047 αὐτῆς
2709 2978 2775 3046 τῇ
2815 2975 3026 3045 διανοίᾳ
3071 2969 3345 3044 θησαυρὸν
3397 2968 3617 3036 ἀφεῖναι

2031 3065 2235 3132 λαθεῖν,
2262 3066 2375 3118 ἀλλ’
2408 3065 2663 3134 ἀναμένω
2683 3066 2778 3116 καὶ
2804 3062 2962 3130 σιγῶ,
2994 3062 3083 3114 ἴνα
3109 3058 3273 3114 αὐτὸν
3301 3052 3619 3122 ἐκκαλύψας

2034 3156 2114 3217 εἰς
2133 3153 2196 3206 τὸ
2237 3154 2399 3224 μέσον
2430 3151 2781 3222 καταθῶμαι,
2807 3151 2902 3205 καὶ
2938 3153 3072 3203 πᾶσι
3112 3147 3325 3217 ποιήσω
3361 3140 3617 3213 φανερόν.

2088 3250 2177 3313 ιγ’.
2196 3242 2363 3297 Ταῦτ’
2378 3238 2471 3296 οὖν
2488 3241 2706 3297 ἅπαντα
2726 3241 3013 3312 μαθόντες,
3040 3237 3145 3292 κᾶν
3156 3236 3214 3291 ὲν
3226 3232 3620 3305 ἁμαρτήμασιν

2034 3329 2205 3406 ὦμεν,
2239 3335 2335 3387 καὶ
2360 3333 2455 3387 τοῦ
2480 3332 2666 3386 λαϐεῖν
2716 3328 2949 3395 ἀνάξιοι,
3002 3327 3078 3399 μὴ
3124 3321 3619 3393 ἀπογινώσκωμεν,

2035 3422 2242 3487 εἰδότες
2263 3424 2346 3476 ὅτι
2369 3423 2433 3491 τῇ
2460 3418 2788 3492 προσεδρείᾳ
2809 3417 2911 3488 τῆς
2945 3415 3124 3487 ψυχῆς
3154 3408 3497 3481 δυνησόμεθα
3526 3421 3625 3475 γε-

2034 3510 2225 3567 νέσθαι
2254 3509 2355 3580 τῆς
2382 3509 2651 3579 αἰτήσεως
2700 3506 2858 3574 ἄξιοι.
2898 3505 3016 3560 Κᾶν
3058 3500 3489 3573 ἀπροστάτευτοι
3525 3495 3623 3548 καὶ

2035 3600 2233 3671 ἔρημοι
2265 3591 2436 3667 ὦμεν.
2464 3596 2539 3667 μὴ
2570 3593 3028 3665 ἀπαγορεύωμεν,
3060 3589 3261 3651 εἰδότες
3289 3588 3370 3640 δτι
3407 3581 3619 3671 μεγάλη

2038 3668 2366 3759 προστασία,
2396 3686 2457 3737 τὸ
2479 3683 2643 3737 αὐτὸν
2686 3683 2754 3735 δι’
2796 3679 2994 3734 ἐαυτοῦ
3023 3675 3348 3749 προσελθεῖν
3388 3670 3469 3759 τῷ
3500 3668 3620 3739 Θεῷ

2041 3758 2180 3844 μετά
2211 3771 2518 3843 προθυμίας
2541 3769 2765 3839 πολλῆς.
2795 3766 2915 3822 Κᾶν
2955 3764 3125 3837 μέλλῃ
3148 3763 3244 3816 καὶ
3283 3758 3620 3844 ἀναϐἀληται

2204 3859 2301 3931 τὴν
2321 3859 2484 3921 δόσιν,
2513 3857 2587 3928 μὴ
2616 3858 3008 3925 ἀναπέσωμεν,
3039 3850 3305 3922 μαθόντες
3327 3849 3409 3900 ὅτι
3436 3846 3469 3915 ἡ
3496 3843 3622 3933 μέλε

2037 3931 2195 4018 λησις
2228 3947 2322 4002 καὶ
2353 3944 2588 4016 ἀναϐολὴ
2610 3942 2935 4013 κηδεμονίας
2958 3940 3052 3993 καὶ
3071 3936 3263 4008 φιλανθ
3273 3933 3482 4006 ρωπίας
3505 3931 3623 3984 ἐστὶ

2037 4036 2362 4107 τεκμήριον.
2381 4036 2480 4088 Ἂν
2506 4032 2680 4096 οὕτως
2718 4025 2868 4101 ὦμεν
2902 4027 3227 4088 πεπεικότες
3254 4022 3498 4085 ἐαυτοὸς,
3527 4019 3625 4073 καὶ

2044 4125 2184 4197 μετὰ
2197 4124 2379 4195 ψυχῆς
2394 4122 2565 4175 ὀδυνω
2572 4121 2742 4193 μένης
2758 4119 2851 4173 καί
2864 4116 3076 4190 θερμῆς
3088 4114 3411 4182 καὶδιεγηγε
3421 4128 3451 4183 ρ
3458 4109 3624 4180 μένης

2043 4212 2438 4287 προαιρέσεως,
2473 4210 2568 4265 καὶ
2592 4208 2850 4279 τοιαύτης
2871 4208 2990 4270 οἲας
3014 4207 3047 4277 ή
3082 4201 3364 4287 Χαναναία
3386 4197 3623 4287 προσῆλο

2044 4283 2157 4364 θεν,
2186 4283 2336 4371 αὐτῷ
2352 4297 2667 4371 προσίωμεν
2690 4296 2784 4350 καὶ
2800 4297 2981 4367 ήμεῖς,
3009 4293 3112 4347 κᾶν
3144 4292 3304 4353 κύνες
3332 4283 3503 4359 ὦμεν,
3523 4285 3625 4339 κᾶν

2044 4388 2221 4442 ὁτιοῦν
2243 4386 2598 4459 εἰργασμένοι
2635 4384 2828 4446 δεινὸν,
2864 4382 2958 4436 καὶ
2978 4380 3047 4434 τὰ
3080 4381 3256 4433 οἰκεῖα
3288 4374 3627 4446 ἀποκρουσό-

2048 4476 2191 4549 μεθα
2235 4474 2403 4537 κακά,
2434 4474 2529 4526 καὶ
2552 4470 2823 4541 τοσαύτην
2867 4467 3148 4539 ληψόμεθα
3174 4465 3507 4537 παρρησίαν,
3550 4460 3627 4523 ὡς

2045 4564 2140 4618 καὶ
2173 4562 2375 4633 ἐτέρων
2413 4558 2736 4632 προστῆναι·
2783 4556 2841 4608 δν
2892 4555 3093 4626 τρόπον
3141 4552 3236 4605 καὶ
3288 4550 3427 4619 αὓτη
3453 4550 3486 4619 ἡ
3514 4549 3628 4600 Χα-

2045 4648 2241 4704 ναναία
2267 4648 2326 4701 οὐ
2353 4646 2514 4717 μόνον
2557 4643 2701 4715 αὐτη
2733 4640 3048 4712 παρρησίας
3081 4637 3356 4691 ἀπέλαυσε
3388 4634 3484 4687 καὶ
3523 4651 3629 4704 μυ-

2050 4736 2182 4809 ρίων
2210 4733 2521 4804 ἐγκωμίων,
2541 4730 2676 4784 ἀλλά
2693 4731 2789 4783 καὶ
2812 4728 2874 4782 τὸ
2893 4727 3185 4799 θυγάτριον
3210 4725 3318 4778 τῶν
3335 4723 3629 4795 ἀφορήτων

2050 4822 2271 4894 ἴσχυσεν
2304 4820 2610 4892 ἐξαρπάσαι
2649 4816 2857 4873 δεινῶν.
2902 4814 3070 4869 Οὐδὲν
3099 4813 3245 4885 γὰρ,
3284 4812 3437 4865 οὐδὲν
3463 4809 3629 4879 εὐχῆς

2047 4910 2416 4980 δυνατώτερον
2442 4905 2848 4980 πεπυρωμένης
2876 4905 2968 4958 καὶ
2988 4903 3237 4972 γνησίας.
3266 4899 3413 4970 Αὕτη
3445 4899 3541 4952 καὶ
3561 4898 3630 4950 τὰ

2050 5003 2297 5075 παρόντα
2321 4996 2526 5052 διαλύει
2551 4996 2719 5060 δεινά,
2746 4996 2842 5047 καὶ
2865 4994 2974 5047 τῶν
3014 4994 3134 5047 κατ’
3163 4994 3370 5045 ἐκεῖνον
3399 4990 3491 5042 τὸν
3512 5006 3632 5042 και-

2052 5095 2145 5169 ρὸν
2172 5087 2580 5162 συμϐαινόντων
2604 5084 2906 5156 ἐξαρπάζει
2945 5083 3245 5138 κολάσεων.
3278 5082 3375 5134 "lv‘
3409 5075 3633 5169 oﬁvAxa}

2049 5167 2140 5236 τὸν
2164 5178 2408 5250 παρόντα
2460 5174 2574 5245 βίον
2612 5176 2731 5245 μετ’
2766 5172 3021 5236 εὐκολίας
3059 5171 3421 5240 διανύσωμεν,
3472 5167 3635 5220 κάκεῖ

2056 5268 2192 5343 μετά
2224 5263 2538 5337 παρρησίας
2564 5262 2910 5333 ἀπέλθωμεν,
2934 5259 3101 5330 πολλῇ
3138 5257 3337 5325 σπουδῇ
3371 5256 3467 5343 καὶ.
3499 5270 3633 5343 προ-

2053 5342 2225 5427 θυμία
2245 5353 2449 5421 ταύτην
2479 5350 2884 5419 ἐπιτελέσωμεν
2908 5345 3194 5418 διηνεκῶς.
3230 5343 3385 5398 Οὕτω
3405 5342 3515 5413 γὰρ
3542 5342 3633 5395 δυ-

2053 5443 2332 5517 νησόμεθα
2358 5442 2451 5496 καὶ
2478 5440 2586 5494 τῶν
2632 5437 3012 5506 ἀποκειμένων
3053 5434 3249 5517 τυχεῖν
3266 5429 3508 5517 ἀγαθῶν,
3537 5431 3634 5485 καὶ

2055 5509 2162 5583 τῶν
2193 5509 2444 5598 χρηστῶν
2482 5521 2778 5576 ἀπολαύειν
2802 5519 3053 5573 ἐλπίδων·
3086 5509 3161 5570 ὦν
3189 5515 3400 5585 γένοιτο
3425 5516 3634 5578 πάντας

2057 5614 2203 5685 ἡμᾶς
2234 5609 2529 5678 ἐπιτυχεῖν,
2554 5606 2736 5677 χάριτι
2766 5606 2860 5659 καὶ
2892 5603 3273 5674 φιλανθρωπίᾳ
3299 5602 3393 5656 καὶ
3425 5604 3632 5685 οἰκτιρξ

2062 5680 2180 5780 μοῖς
2196 5695 2313 5780 ’τοῦ
2348 5693 2562 5780 μυρίου
2629 5692 2817 5780 ήμῶν,
2841 5691 3015 5780 Ἰηστοῦ
3044 5690 3348 5780 ’Χριστοξῶ⁵
3364 5778 3383 5780 Α,
3406 5691 3525 5780 μεθ’
3566 5680 3638 5780 ρῦ

2058 5759 2137 5839 τῷ
2162 5759 2372 5888 ⁷Πατρ).
2429 5759 2545 5833 ἅμα
2592 5759 2681 5844 τςῗί
2722 5762 2864 5846 ἀγίιρ
2904 5759 3199 5833 ’Πνεύμὰτι
3261 5759 3420 5829 δόξα,
3462 5759 3651 5834 τιμὴν

2062 5838 2259 5907 κράτος
2284 5852 2307 5887 ε
2336 5852 2363 5900 ς
2394 5835 2521 5898 τοὺς
2560 5835 2761 5899 αἰωνας
2791 5850 2902 5891 των
2923 5832 3154 5890 αἰώνων.
3204 5833 3401 5905 ’Δμήν.

2081 5871 2257 5905 ιιιαυνθ
2284 5871 2360 5900 ὃν,
2404 5871 2518 5898 *νῦν
2560 5871 2759 5899 *ιι-μιαν
2802 5871 2900 5891 ’ων
2923 5871 3154 5890 utwvwro
3219 5871 3401 5905 σιν-Ἰν.
