4062 6456
1561 295 1624 350 IN
1669 291 1896 357 ILLUD,
1939 289 2148 345 V'lDUA
2190 283 2562 342 ELIGATUR.

3582 277 3614 330 3

3623 277 3651 329 Ξ

3656 277 3687 328 '2

3160 470 3651 482 Mv-m-.

1591 811 1667 872 1N
1708 808 2090 871 HOMILIAM
2128 805 2224 865 DE
2265 801 2542 865 VlDUIS.

448 1087 598 1141 illam
631 1079 954 1139 sententiam
986 1075 1302 1146 scrupulum
1347 1070 1680 1142 injiciemus.
1731 1068 1953 1124 Certum
2001 1071 2084 1118 est
2119 1058 2569 1130 Chrysostoinum
2622 1069 2766 1109 anno
2811 1052 3030 1107 ineunte
3070 1049 3175 1104 587
3206 1063 3314 1102 non
3359 1063 3565 1118 paucas
3599 1047 3699 1102 ha-

449 1206 634 1262 buisse
667 1201 962 1258 conciones
987 1197 1055 1253 de
1082 1192 1360 1266 ὁμσουσῐῳ
1391 1200 1445 1248 et
1475 1198 1665 1246 contra
1688 1188 1987 1242 A-nomozos
2013 1199 2027 1236 :
2067 1196 2168 1236 nec
2209 1180 2388 1233 minus
2417 1185 2628 1232 certum
2677 1172 2854 1228 solere
2897 1170 3348 1239 Chrysostomum
3397 1170 3699 1237 praeterita—

451 1334 571 1374 rum
603 1316 928 1372 concionum
953 1309 1301 1365 meminisse:
1329 1322 1396 1360 an
1428 1315 1554 1360 vero
1585 1277 1904 1371 contingere
1935 1295 2146 1368 potuit,
2186 1303 2247 1348 ut
2277 1294 2491 1362 vigente
2522 1287 2611 1342 illa
2641 1284 3034 1355 disceptatione
3064 1291 3251 1338 contra
3287 1279 3607 1342 Anomreos,
3644 1277 3698 1330 iu

450 1433 597 1489 nulla
637 1433 894 1486 harumce
923 1443 1111 1482 novem
1137 1425 1510 1488 homiliarum,
1537 1436 1658 1492 qum
1683 1419 1802 1474 sine
1843 1416 2011 1471 dubio
2040 1414 2180 1467 inter
2211 1407 2476 1465 Homilias
2509 1413 2698 1461 contra
2743 1402 3040 1456 Anomceos
3069 1396 3398 1452 intermixta:
3434 1391 3696 1456 fuerunt,

439 1548 498 1602 si
534 1547 626 1600 illo
651 1561 794 1600 anno
825 1545 982 1599 dictae
1014 1543 1236 1608 fuerint,
1279 1545 1344 1595 de
1385 1539 1474 1593 illa
1505 1535 1877 1594 controversia
1929 1545 2173 1601 unquam
2219 1523 2570 1583 meminerit?
2618 1521 2730 1576 Hac
2764 1519 2896 1574 mihi
2944 1532 3082 1572 nova
3137 1514 3361 1571 suborta
3413 1507 3700 1566 dubitandi

447 1674 641 1725 causa,
669 1658 843 1714 animi
877 1657 1089 1728 pendeo
1118 1654 1292 1710 donec
1316 1651 1447 1723 quid
1474 1649 1677 1706 certius
1706 1654 1969 1715 emergat.

523 1795 902 1879 Interpretatio
938 1795 1130 1850 Latina
1159 1805 1244 1850 est
1264 1789 1554 1848 Frontonis
1579 1787 1783 1842 Ducaei.

433 2649 630 2693 unus
675 2644 989 2690 ELIGATUR
1036 2641 1158 2685 non
1205 2638 1400 2682 mnus
1443 2631 1796 2679 SEXAGL‘lTA
1844 2625 2150 2671 annosum
2199 2604 2283 2685 (1.
2330 2604 2493 2666 Tim.
2535 2602 2593 2662 5.
2630 2600 2762 2682 9);
2812 2619 2890 2659 er
2935 2617 3016 2658 ne
3063 2613 3433 2657 nonnenon!
3477 2611 3716 2653 nocua-

1510 2733 1727 2787 '11an,
1775 2730 1850 2774 ac
1893 2730 1978 2772 DE
2020 2723 2435 2770 ELEEMOSYN-A
2482 2703 2594 2784 (a).

1764 2901 1994 2910 .——.——-—

510 3012 561 3064 1.
611 3009 865 3064 Conuexio
909 3005 1236 3060 dicendorum
1285 3017 1401 3054 cum
1445 3007 1594 3052 antea
1645 2997 1816 3050 dictis.
1867 2993 2026 3046 Arma

434 3105 702 3158 viduarum
766 3116 882 3171 quia
936 3101 1054 3152 sint.
1082 3127 1153 3137 ——
1187 3091 1536 3150 Commodum
1580 3088 1745 3144 divini
1795 3087 2024 3155 Spiritus

433 3197 602 3266 gratia
632 3195 950 3264 disponente
977 3190 1220 3259 contigit,
1254 3197 1310 3243 ut
1335 3188 1380 3242 is
1413 3185 1568 3239 vobis
1603 3182 1911 3252 apostolicae
1941 3180 2023 3234 lo-

434 3303 530 3341 cus
571 3285 833 3355 epistolm,
871 3297 1031 3354 quem
1075 3280 1334 3335 hodierno
1360 3277 1447 3333 die
1485 3274 1784 3340 audivistis,
1818 3273 2022 3342 legere-

435 3387 522 3433 tur
549 3396 564 3433 :
593 3378 750 3432 habet
792 3374 933 3431 enim
973 3389 1093 3428 cum
1120 3374 1184 3427 iis
1207 3387 1325 3442 quae
1351 3385 1520 3439 nuper
1545 3368 1797 3430 diximus,
1824 3379 2024 3433 cogna-

435 3472 637 3526 tionem
680 3477 735 3524 et
772 3468 1159 3524 connexionem
1204 3463 1342 3518 haud
1389 3461 1744 3523 mediocrem,
1778 3459 1821 3512 si
1850 3457 2026 3510 minus

435 3563 491 3616 in
539 3563 737 3627 verbis,
781 3569 928 3615 certe
975 3560 1026 3611 in
1071 3555 1367 3612 sententiis.
1419 3554 1530 3607 lloc
1573 3553 1714 3606 enim
1747 3549 1875 3604 illud
1919 3556 2023 3612 est,

438 3653 582 3724 quod
611 3667 779 3718 nuper
805 3649 1096 3718 legebatur,
1125 3646 1203 3701 De
1231 3645 1588 3700 dormientibus
1612 3655 1781 3696 autem
1804 3641 1921 3695 nolo
1942 3656 2028 3694 vos

434 3746 688 3814 ignorare,
710 3742 894 3813 fratres
916 3739 1175 3813 (LTIiess.
1206 3739 1258 3792 4.
1295 3737 1421 3809 1‘2):
1454 3747 1508 3791 et
1551 3735 1619 3790 de
1636 3733 2027 3790 resurrectione

435 3834 600 3888 multa
634 3843 743 3886 tum
773 3851 802 3885 a
832 3831 985 3886 nobis
1026 3839 1153 3886 sunt
1195 3829 1356 3894 dicta,
1405 3841 1559 3896 aiquo
1599 3826 1778 3879 animo
1810 3822 2026 3878 ferenda

435 3939 559 3979 esse
601 3924 736 3977 mala
779 3921 1064 3993 ejusmodi,
1108 3922 1322 3990 Deoque
1365 3918 1562 3989 gratias
1608 3915 1881 3987 agendas,
1936 3914 2026 3984 qui

437 4019 767 4089 propinquos
793 4029 1004 4071 nostros
1021 4015 1121 4069 sibi
1147 4021 1463 4068 assumeret.
1492 4010 1660 4065 Hodie
1679 4025 1807 4064 vero
1832 4009 2026 4063 lectum

437 4121 521 4165 est
547 4111 725 4166 istud:
767 4107 933 4164 Vidua
980 4108 1195 4178 eligatur
1238 4121 1340 4158 non
1370 4104 1534 4157 minus
1574 4101 1836 4173 sexaginta
1864 4116 2023 4153 anno-

435 4220 551 4257 rum
602 4202 701 4276 (1.
733 4199 868 4256 Tim.
901 4199 1084 4270 5.9).
1138 4197 1362 4266 Quando
1415 4197 1575 4266 igitur
1626 4210 1694 4249 ex
1747 4193 2031 4248 occasione

439 4295 630 4348 mortis
653 4293 885 4348 viduitas
921 4292 1111 4355 oritur,
1141 4301 1196 4345 et
1222 4290 1324 4344 hoc
1361 4297 1464 4354 est,
1502 4287 1643 4356 quod
1671 4287 1902 4339 maxime
1930 4283 2030 4337 do-

440 4386 614 4442 lorem
659 4395 837 4455 auget,
886 4400 948 4438 ac
992 4383 1192 4436 luctum
1234 4382 1459 4446 excitat,
1503 4392 1771 4434 memores
1821 4390 2029 4440 eorum,

440 4495 562 4549 quae
589 4494 758 4546 nuper
783 4493 812 4532 a
839 4477 992 4531 nobis
1030 4475 1168 4528 dicta
1214 4483 1338 4527 sunt
1366 4472 1431 4526 ad
1460 4486 1554 4525 eos
1583 4471 1672 4541 qui
1705 4472 1884 4538 lugent
1907 4482 2033 4522 cnn-

439 4573 716 4636 solandos,
741 4585 912 4641 eaque
937 4583 1148 4622 summo
1174 4564 1349 4620 studio
1371 4563 1743 4632 suscipientes,
1768 4563 1818 4615 in
1842 4569 2034 4614 vestra:

440 4667 639 4721 mentis
665 4661 1037 4733 promptuariis
1063 4660 1153 4712 illa
1179 4656 1471 4712 recondite.
1505 4655 1637 4709 Nam
1666 4653 1892 4707 viduitas
1920 4650 2037 4721 qui-

442 4756 566 4810 dem
615 4753 932 4810 calamitatis
973 4766 1092 4806 es~'e
1122 4763 1314 4804 nomen
1343 4747 1570 4810 videtur,
1603 4739 1696 4798 sed
1724 4754 1899 4798 tamen
1928 4752 2034 4796 non

442 4858 547 4914 est,
590 4858 777 4902 Verum
808 4844 1056 4915 dignitas,
1090 4842 1282 4908 honor,
1325 4849 1381 4895 et
1409 4840 1578 4910 gloria
1617 4837 1881 4902 maxima;
1929 4851 2034 4889 non

442 4939 814 5010 opprobrium,
841 4937 935 4992 sed
949 4951 1168 4992 corona.
1189 4933 1338 4988 Licet
1367 4933 1508 4987 enim
1535 4930 1783 4986 maritum
1813 4945 1918 4982 non
1945 4926 2040 4980 ha-

445 5035 590 5099 beat,
615 5047 738 5087 eum
763 5047 869 5100 quo
891 5028 1112 5094 habitet,
1140 5027 1297 5081 vidua
1321 5043 1337 5082 :
1367 5035 1544 5080 tamen
1574 5022 1843 5078 Christum
1881 5020 2041 5074 habet

443 5140 568 5178 cum
601 5138 708 5194 quo
733 5119 956 5188 habitet,
985 5140 1016 5177 a
1035 5132 1143 5188 quo
1166 5121 1432 5184 universa,
1460 5133 1594 5190 qua:
1610 5116 1876 5186 ingruant,
1901 5113 2042 5168 mala

446 5214 845 5286 propulsentur.
889 5214 1101 5270 Sufficit
1128 5213 1270 5267 enim
1301 5213 1426 5267 dum
1458 5211 1664 5281 injuriis
1706 5219 1928 5264 vexatur
1957 5209 2038 5260 vi-

443 5309 574 5372 dua,
627 5321 685 5362 ut
737 5306 986 5371 introeat,
1036 5321 1193 5375 genu
1227 5303 1423 5368 ﬂectat,
1473 5302 1666 5358 acerbe
1707 5301 2038 5371 ingemiscat,

446 5411 712 5472 lacrymas
756 5399 963 5463 fundat,
1010 5407 1064 5452 et
1101 5413 1284 5452 omnes
1311 5395 1530 5451 insidias
1555 5411 1762 5457 eorum,
1793 5410 1821 5447 a
1849 5393 2041 5464 quibus

443 5505 690 5557 texatur,
733 5491 976 5558 repellat.
1028 5488 1298 5557 Ejusmodi
1345 5489 1486 5543 enim
1517 5503 1662 5542 arma
1691 5495 1813 5541 sunt
1843 5485 2036 5550 vidum,

446 5581 722 5656 laet-your,
749 5583 999 5651 gemitus,
1045 5596 1108 5634 ae
1153 5593 1341 5650 preces
1365 5577 1593 5633 assidua:
1631 5595 1646 5633 :
1676 5593 1773 5649 per
1793 5577 1908 5632 hate
1936 5592 2041 5631 non

513 5714 590 5777 (ri)
619 5711 796 5768 collata
833 5728 944 5766 cum
969 5721 1074 5764 Mss.
1115 5719 1230 5777 Reg.
1260 5711 1412 5772 1975,
1447 5714 1502 5762 et
1533 5707 1828 5774 colbertiuis
1860 5710 1957 5761 970
1989 5715 2044 5762 et

450 5792 584 5842 293i).

2003 2871 2178 2927 3mg.

2186 2891 2404 2901 -—-————.—_

2139 2991 2397 3045 humanas
2444 3000 2646 3045 tantum
2696 2989 2936 3059 injurias,
2983 2989 3077 3044 sed
3120 2989 3422 3044 da-tnonuni
3453 2992 3610 3045 etiam
3644 2993 3726 3046 in-

2133 3100 2321 3139 cursus
2341 3084 2539 3153 poterit
2558 3081 3068 3152 propulsarc.Vidua
3089 3098 3116 3134 a
3135 3082 3479 3138 saecularibus
3503 3084 3728 3153 negotiis

2134 3172 2386 3232 immunis
2429 3184 2532 3248 est,
2581 3175 2646 3230 ad
2694 3178 2882 3230 cadum
2929 3187 3105 3230 autem
3157 3177 3410 3246 deinceps
3438 3177 3644 3232 tendit:
3673 3187 3730 3233 et

2132 3270 2277 3341 quod
2314 3285 2439 3340 erga
2480 3271 2650 3324 virum
2692 3268 2926 3323 studium
2954 3277 3007 3322 et
3031 3268 3231 3322 cultum
3268 3267 3571 3329 exhibebat,
3604 3286 3726 3324 eum

2135 3363 2188 3417 in
2219 3376 2305 3416 res
2341 3361 2650 3431 Spirituales
2688 3368 2865 3428 potest
2901 3358 3229 3428 impendere.
3264 3358 3415 3426 Quod
3463 3359 3508 3412 si
3551 3357 3724 3425 dicas,

2134 3451 2260 3506 olim
2291 3467 2404 3505 rem
2447 3451 2604 3504 istam
2647 3450 3004 3504 calamitatem
3033 3449 3216 3515 ΐιιίςευ,
3250 3458 3360 3503 ιυιιι
3393 3449 3519 3504 illud
3555 3451 3725 3519 subji-

2135 3545 2294 3609 ciam,
2339 3550 2564 3595 mortem
2613 3554 2825 3610 quoque
2861 3539 3196 3594 maledicmm
3224 3538 3390 3594 fuisse
3417 3557 3430 3592 :
3461 3549 3640 3594 tamen
3671 3543 3722 3595 iu

2136 3633 2394 3688 honorem
2420 3647 2484 3686 ac
2510 3633 2820 3701 dignitatem
2847 3647 3102 3685 convirsa
3134 3641 3218 3686 est
3247 3631 3328 3685 his
3354 3635 3440 3701 qui
3468 3632 3730 3702 patienter

2136 3724 2352 3779 tulerint
2382 3723 2742 3779 invadentem.
2790 3723 2878 3778 Sic
2909 3723 3158 3777 nimirum
3185 3732 3239 3778 et
3281 3735 3546 3794 martyres
3572 3737 3726 3777 enro-

2134 3828 2350 3885 nantur,
2379 3817 2672 3889 eademque
2701 3817 2906 3872 ratione
2935 3817 3090 3871 vidua
3120 3833 3380 3870 summam
3409 3818 3472 3870 ad
3504 3818 3731 3886 dignita-
3808 3811 3810 3814 ’

2135 3922 2243 3968 tem
2274 3911 2537 3966 evehitur.

2206 4003 2262 4058 9..
2309 4003 2397 4058 Vis
2437 4003 2754 4074 intelligere,
2794 4015 2990 4074 quanta
3021 4021 3105 4059 res
3133 4005 3201 4060 sit
3247 4007 3442 4062 vidua?
3471 4023 3629 4079 quam
3661 4011 3730 4064 sit

2136 4096 2279 4166 apud
2322 4096 2488 4150 Deum
2520 4095 2721 4150 honore
2760 4097 2940 4166 digna,
2984 4107 3038 4151 et
3061 4113 3268 4165 amore,
3303 4111 3463 4168 utque
3488 4117 3727 4156 summu-

2139 4202 2267 4258 pere
2296 4203 2394 4242 suo
2422 4191 2590 4259 possit
2613 4189 2753 4258 apud
2782 4190 2945 4244 Deum
2979 4191 3272 4259 patrocinio
3295 4192 3500 4261 jnvare,
3526 4204 3581 4249 et
3608 4210 3728 4248 rum

2140 4283 2370 4350 primum
2393 4281 2715 4349 apparuerit,
2750 4280 2860 4352 jam
2905 4283 3208 4348 damnatos,
3235 4285 3472 4337 animum
3501 4284 3733 4354 despon-

2140 4374 2361 4436 dentes,
2401 4372 2610 4428 hiscere
2657 4389 2762 4427 nou
2805 4375 3098 4439 audentes,
3145 4374 3361 4429 odiosus
3409 4377 3537 4441 lico,
3582 4377 3727 4431 omni

2140 4465 2504 4520 excusationis
2547 4480 2642 4534 Spe
2685 4465 2942 4534 spoliatos
2989 4465 3239 4532 liberare,
3271 4482 3331 4520 ac
3364 4470 3728 4534 rei-nnciliare,

2141 4572 2315 4626 neque
2343 4557 2549 4611 veniam
2575 4565 2776 4610 tantum
2806 4557 3097 4626 impetrare
3116 4567 3170 4610 et
3196 4559 3457 4628 supplicio
3473 4559 3730 4626 eximere,

2141 4649 2235 4704 sed
2265 4659 2320 4703 et
2345 4651 2562 4703 multam
2587 4650 2829 4704 liduciain
2877 4665 2940 4705 ac
2986 4650 3324 4719 splendorem
3354 4653 3650 4720 acquirere.
3681 4667 3736 4709 et

2141 4742 2270 4797 solis
2292 4742 2452 4795 radiis
2482 4743 2726 4812 puriores
2751 4742 2996 4806 reddere,
3027 4742 3150 4797 licet
3179 4743 3418 4797 omnium
3445 4747 3553 4799 snit
3587 4761 3728 4799 mor.

2144 4835 2326 4890 talium
2372 4834 2759 4890 sordidissimi?
2804 4834 2939 4889 Audi
2989 4835 3157 4888 Deum
3205 4835 3378 4904 ipsum
3419 4835 3633 4890 .Iudzeos
3658 4839 3738 4891 sic

2143 4927 2502 4998 alloquentem
2529 4945 2543 4982 :
2578 4925 2703 4980 Cum
2729 4927 3050 4981 exlenderilis
3081 4944 3259 4982 manus
3280 4937 3489 4993 vestras,
3515 4939 3736 4982 avertam

2145 5020 2318 5074 oculos
2345 5035 2480 5073 meos
2505 5035 2538 5071 a
2559 5019 2696 5073 vobis
2715 5034 2736 5072 :
2762 5019 2808 5072 si
2837 5019 3289 5088 multiplicaveritis
3314 5019 3611 5084 orationem,
3639 5035 3739 5072 non

2145 5114 2416 5169 exaudiam
2465 5129 2552 5166 vos
2591 5128 2612 5166 :
2649 5128 2832 5165 manus
2883 5112 3016 5165 enim
3062 5125 3238 5168 vestra:
3281 5115 3524 5184 sanguine
3573 5116 3741 5182 ptem:

2143 5214 2261 5260 sunt
2290 5203 2443 5278 (Isai.
2477 5205 2667 5275 1.15).
2692 5206 2942 5261 Attamen
2987 5204 3072 5260 liis
3125 5206 3400 5261 sceleratis
3437 5203 3739 5269 homicidis,

2149 5299 2352 5368 pudore
2396 5297 2630 5363 suffusis,
2675 5298 2961 5369 ignominia
3002 5299 3199 5353 notatis
3241 5313 3300 5352 se
3339 5295 3740 5350 reconciliatum

2147 5392 2212 5446 iri
2242 5391 2543 5460 pollicetur,
2570 5391 2615 5445 si
2635 5391 2837 5446 achctis
2865 5389 3053 5458 injuria
3076 5388 3250 5442 viduis
3268 5385 3521 5442 auxilium
3547 5384 3736 5439 ferant.

2150 5482 2437 5553 Postquam
2485 5483 2627 5537 enim
2673 5482 2826 5544 dixit,
2871 5479 3107 5532 Avertam
3153 5476 3325 5531 oculos
3369 5493 3524 5538 meos,
3571 5485 3743 5528 etnon

2148 5548 2441 5641 exaudiam,
2497 5571 2706 5644 inquit:
2746 5569 2984 5625 Judicate
3005 5569 3237 5641 pupillo,
3265 5578 3312 5622 et
3346 5567 3636 5638 justiﬁcate
3665 5548 3767 5619 υἱέ

2150 5669 2324 5734 duum,
2353 5678 2398 5723 et
2427 5673 2605 5733 uenite,
2657 5675 2703 5720 et
2752 5666 3179 5731 disputemus;et
3231 5664 3276 5717 si
3317 5664 3502 5733 fuerint
3542 5673 3743 5730 peccata

2149 5769 2312 5814 castra
2351 5759 2506 5827 quasi
2539 5757 2872 5829 plzmziceu-n,
2917 5756 3046 5811 sicut
3093 5756 3252 5809 nit-om
3291 5752 3658 5823 dealbaboUb.
3690 5754 3742 5808 ί.
