4062 6432
465 281 571 338 5‘25

464 368 555 446 l7.”
583 389 699 462 18).
752 390 914 446 Vides
963 401 1214 462 quautam
1261 391 1455 447 habeat
1495 390 1650 446 vidua
1694 392 2052 462 potestatem?

459 482 546 536 ubi
591 496 745 537 suum
791 483 1040 538 ostendat
1077 483 1356 547 auxilium,
1390 499 1496 538 non
1516 483 1656 553 apud
1681 483 2048 554 magistratum

458 577 543 627 \cl
574 589 779 644 regem,
807 575 896 644 qui
922 573 1263 629 dominantur
1291 575 1340 628 in
1375 576 1548 642 terris,
1583 575 1678 631 sed
1708 575 1846 646 apud
1877 576 2050 645 ipsum

454 667 708 720 ca-lurum
752 666 997 738 Regem?
1041 675 1290 738 quantam
1339 669 1508 737 possit
1551 669 1685 724 iram
1721 668 1942 734 sedare,
1987 684 2051 724 ac

457 759 738 812 Dominum
784 758 909 824 illis,
957 759 1046 829 qui
1095 760 1374 815 incurabili
1426 761 1616 816 morbo
1662 761 1844 817 infecti
1888 771 2045 828 sunt,

452 849 686 919 placare,
728 847 1048 904 intolerabili
1087 851 1350 922 supplicio
1391 853 1623 921 eripere.
1659 852 1892 907 animam
1924 867 2047 907 sor-

450 940 606 995 dibus
630 939 874 996 obrutam
903 953 1241 1011 peccatorum
1272 946 1337 998 ab
1364 943 1626 1015 ejusmodi
1655 944 1775 1000 labe
1797 961 2044 1016 purgare,

448 1042 608 1102 atque
653 1032 720 1087 ad
761 1048 1025 1088 summam
1076 1037 1360 1105 puritatem
1405 1038 1840 1106 perducere?Ne
1884 1039 2046 1110 igitur

445 1125 728 1180 mulierem
753 1126 964 1180 viduam
991 1137 1418 1194 contemnamus,
1445 1129 1539 1184 sed
1569 1145 1785 1185 omnem
1812 1131 1865 1185 in
1897 1131 2041 1186 illam

443 1217 856 1272 sollicitudinem
894 1217 1263 1275 exhibeamus.
1311 1220 1539 1276 Patrona
1569 1230 1751 1278 nostra
1791 1231 1892 1288 est,
1923 1239 2042 1294 qua:

442 1322 572 1362 vere
597 1309 776 1364 vidua.

515 1397 715 1455 Genera
737 1401 1011 1456 viduarum
1033 1403 1272 1457 varia.—
1296 1403 1404 1460 Sed
1425 1419 1603 1475 Opera:
1624 1405 1852 1476 pretium
1881 1405 2041 1462 fuerit

442 1499 502 1543 ut
529 1500 732 1546 attente
774 1493 1197 1560 consideremus,
1235 1495 1303 1550 de
1341 1511 1443 1566 qua
1485 1496 1698 1553 tandem
1741 1499 1897 1554 vidua
1937 1499 2040 1556 hoc

440 1580 558 1635 lacn
585 1582 746 1637 verba
766 1584 912 1638 fiant.
929 1584 1059 1640 Nam
1082 1594 1135 1640 et.
1157 1587 1260 1641 illae
1285 1588 1457 1642 vidua:
1474 1587 1743 1657 dicuntur,
1769 1607 1888 1661 qua:
1914 1607 2036 1646 cum

439 1673 492 1726 in
536 1689 800 1730 summam
841 1677 1122 1733 inciderint
1171 1689 1462 1750 egestatem
1509 1692 1564 1736 et
1607 1684 1660 1738 in
1702 1684 2036 1741 matriculam

438 1765 623 1820 relata:
669 1767 883 1834 fuerint,
933 1785 1002 1824 ex
1053 1770 1434 1828 ecclesiasticis
1493 1775 1734 1843 pecuniis
1781 1777 2033 1846 aluntur,

436 1869 597 1926 prout
654 1860 987 1930 temporibus
1048 1863 1412 1936 apostolorum
1475 1867 1654 1922 fiebat.
1704 1865 1924 1923 Factum
1963 1880 2036 1924 est

391 1927 400 1936 χ
434 1949 603 2016 enim,
645 1951 835 2022 inquit,
871 1971 1104 2009 murmur
1145 1956 1276 2010 inter
1319 1955 1543 2024 (ἔπεσθε,
1577 1976 1636 2014 eo
1692 1963 1828 2032 quod
1862 1965 2034 2034 despi-

434 2054 668 2098 cerentur
692 2046 745 2099 in
783 2046 1061 2102 ministerio
1089 2051 1388 2119 quotidiana
1412 2053 1580 2107 vidua:
1615 2071 1788 2109 eorum
1809 2055 1942 2127 (Act.
1975 2058 2031 2113 6.

435 2135 509 2205 1).
553 2136 736 2207 Neque
781 2156 911 2194 vero
954 2142 1125 2196 solum
1169 2144 1283 2198 ista:
1323 2144 1496 2201 viduae
1539 2146 1810 2214 dicuntur,
1856 2150 1949 2205 sed
1979 2159 2034 2205 et

433 2227 557 2295 illm,
585 2246 704 2301 quae
727 2233 871 2288 nulla
900 2233 1077 2304 inopia
1110 2251 1332 2307 pressae,
1364 2238 1459 2293 sed
1489 2237 1831 2297 facultatibus
1854 2245 2030 2299 abun-

430 2321 638 2390 dantes,
667 2339 788 2378 cum
817 2325 1001 2380 domui
1025 2329 1263 2397 prmsint,
1304 2332 1552 2388 maritum
1597 2343 1801 2390 tantutn
1831 2338 2030 2392 amise-

430 2425 573 2468 runt.
623 2415 908 2472 Videamus
953 2435 1113 2490 ergo,
1162 2420 1232 2477 de
1273 2439 1506 2494 quanam
1554 2426 1710 2482 vidua
1758 2427 1862 2484 hoc
1908 2429 2030 2485 loco

428 2506 591 2561 verba
618 2504 796 2572 faciat,
827 2509 952 2563 dum
980 2501 1074 2578 ait,
1109 2510 1274 2567 Vidua
1299 2515 1518 2587 eligatur
1540 2535 1640 2573 non
1679 2520 1845 2575 minor
1879 2523 2029 2578 annis

425 2599 815 2668 sexaginta;an
860 2601 927 2656 de
967 2617 1030 2656 ea
1077 2620 1195 2673 qua:
1239 2606 1440 2662 auxilio
1482 2608 1737 2681 indigeat,
1783 2623 1838 2668 et
1865 2629 2025 2684 quant

424 2705 560 2760 opus
585 2692 656 2746 sit
680 2709 746 2748 ex
789 2695 1168 2753 ecclesiasticis
1218 2702 1452 2769 pecuniis
1491 2704 1583 2770 ali,
1615 2720 1681 2759 an
1711 2706 1780 2762 de
1817 2723 1877 2763 ea
1905 2725 2028 2780 quae

423 2781 642 2838 minime
658 2784 833 2854 indiga
852 2787 941 2853 sit,
966 2797 1020 2844 et
1035 2790 1223 2860 opibus
1243 2792 1612 2851 circumﬂuat?
1632 2797 1782 2855 Haud
1804 2799 2023 2858 dubium

422 2873 550 2942 quin
593 2875 661 2930 de
705 2877 825 2932 ista.
857 2879 988 2934 Nam
1015 2881 1083 2937 de
1111 2883 1198 2938 illa
1225 2885 1438 2955 quidem
1469 2904 1592 2944 cum
1620 2891 1871 2962 loquitur,
1904 2912 2024 2967 quae

423 2967 562 3020 tante
589 2970 889 3037 conficitur,
913 2989 1019 3026 non
1045 2984 1254 3045 tempus
1278 2979 1535 3050 assignat,
1566 2997 1672 3036 non
1701 2985 2022 3053 probitatem

426 3072 635 3112 tuorum
685 3061 946 3127 requirit:
975 3065 1070 3119 sed
1121 3067 1382 3136 absolute,
1417 3071 1481 3126 Si
1504 3074 1616 3143 quis
1641 3076 1830 3144 fidelis,
1863 3090 1951 3134 aut
1979 3084 2022 3136 si

419 3164 517 3215 qua
543 3149 730 3218 ﬁdelis,
763 3150 952 3222 inquit,
981 3157 1158 3213 viduas
1205 3159 1374 3229 habet,
1421 3165 1762 3222 subministret
1810 3170 1935 3239 illis,
1975 3183 2022 3228 et

417 3259 518 3296 non
546 3255 783 3316 gravetur
808 3247 1039 3305 Ecclesia
1078 3252 1152 3326 (1.
1178 3251 1314 3309 Tint.
1337 3256 1390 3312 5.
1425 3258 1518 3329 16)
1544 3277 1560 3315 :
1582 3276 1691 3318 non
1716 3263 1871 3333 dixit,
1899 3281 2021 3323 cum

415 3337 690 3406 sexaginta
728 3354 990 3396 annorum
1030 3341 1229 3412 fuerit;
1259 3362 1366 3403 non
1394 3349 1548 3418 dixit,
1580 3351 1634 3409 Si
1679 3354 1910 3427 hospitio
1934 3375 2024 3416 re-

413 3431 556 3498 cepit
575 3430 682 3494 ';si
711 3442 1014 3490 sanctorum
1039 3437 1202 3507 pedes
1223 3440 1352 3496 lavit
1378 3441 1398 3514 (
1410 3445 1456 3499 1.
1479 3443 1564 3499 1b.
1588 3446 1642 3502 5.
1668 3449 1757 3518 10)
1781 3467 1796 3505 :
1822 3465 1888 3507 ac
1907 3467 2021 3510 me-

413 3520 518 3573 rito
565 3535 714 3578 sane.
770 3523 866 3580 Ubi
907 3529 1051 3583 enim
1097 3533 1392 3589 remedium
1438 3535 1600 3594 fuerit
1653 3541 2017 3605 adhibendum

413 3610 630 3680 inopiae,
680 3623 891 3685 tempus
932 3634 1036 3674 non
1079 3634 1378 3693 exspectat.
1415 3627 1551 3697 Quid
1603 3633 1768 3702 enim,
1820 3637 1865 3692 si
1893 3653 2016 3697 cum

411 3718 674 3758 annorum
722 3708 792 3762 sit
831 3711 1236 3785 quinquaginta,
1281 3719 1423 3775 fame
1470 3723 1826 3783 conficiatur?
1877 3731 2016 3800 Quid

412 3796 455 3848 si
475 3796 529 3850 in
550 3796 774 3865 juvenili
794 3813 952 3859 aetate
977 3821 1205 3878 corpore
1233 3811 1303 3866 sit
1325 3815 1608 3872 mutilata?
1631 3819 1766 3873 Num
1785 3822 2018 3882 dormiet

411 3898 736 3958 exspectans
779 3892 952 3950 donec
1005 3902 1373 3970 sexagesimus
1427 3921 1600 3962 annus
1651 3917 1908 3982 appetat?
1947 3920 2018 3974 At

414 3977 517 4034 hoc
562 3994 819 4039 extremae
866 3987 1006 4044 foret
1050 3990 1418 4051 immanitatis.
1469 3999 1640 4066 Quam
1682 4004 1753 4060 ob
1797 4021 2012 4066 causam

409 4091 533 4129 cum
580 4077 820 4134 sedanda
862 4081 1030 4138 fames
1073 4085 1254 4154 fuerit,
1292 4105 1397 4144 non
1424 4094 1583 4150 anxie
1611 4096 1664 4150 in
1695 4108 1932 4170 tetnpora
1959 4111 2014 4158 et

300 4164 308 4173 '
408 4166 606 4224 animas
651 4173 874 4230 virtutes
917 4177 1172 4248 inquirit:
1201 4197 1324 4239 cum
1365 4201 1494 4242 vero
1523 4206 1630 4244 non
1667 4193 1860 4262 impiae
1886 4211 2012 4254 suc-

408 4262 735 4320 currendum
784 4276 886 4333 est,
939 4269 1034 4324 sed
1092 4271 1265 4329 honor
1317 4286 1402 4331 est
1443 4295 1540 4349 pro
1576 4282 1833 4353 dignitate
1861 4287 2013 4346 defe-

412 4362 646 4433 rendus,
689 4367 885 4422 merito
922 4367 1063 4426 hanc
1100 4371 1168 4427 de
1205 4374 1445 4431 moribus
1484 4377 1883 4449 inquisitionem
1923 4401 2010 4440 tn-

408 4456 599 4513 stituit.

481 4549 537 4604 5.
579 4548 715 4605 Olim
741 4552 886 4608 chori
908 4566 1050 4610 erant
1091 4557 1381 4616 viduarum.
1403 4593 1476 4604 —
1499 4564 1630 4621 Nam
1659 4569 2010 4639 quemadmo-

407 4638 538 4693 dum
563 4639 715 4698 chori
741 4656 868 4701 sunt
890 4648 1177 4720 virginum,
1206 4654 1285 4710 sic
1309 4665 1364 4710 et
1389 4657 1518 4714 olim
1543 4638 1698 4716 erant
1729 4663 2009 4722 viduarum

409 4730 584 4796 chori,
614 4735 786 4806 neque
823 4741 1023 4809 passim
1063 4743 1260 4801 licebat
1286 4747 1392 4805 illis
1417 4751 1470 4806 in
1501 4769 1781 4812 numerum
1822 4759 2009 4816 vidua-

413 4837 530 4876 rum
575 4823 782 4882 referri.
809 4829 942 4886 Non
986 4833 1162 4904 igitur
1185 4836 1253 4892 de
1282 4839 1370 4894 illa
1399 4855 1579 4898 sermo
1606 4857 1708 4912 est,
1735 4864 1857 4921 quae
1891 4867 2026 4921 pre-4

411 4914 576 4971 mitur
620 4929 883 4989 egestate,
932 4932 1093 4996 atque
1133 4930 1334 4988 auxilio
1379 4935 1602 5008 indiget,
1649 4914 1854 4998 sed-de
1885 4914 2005 5013 ista,

409 5022 530 5078 quae
565 5007 876 5068 viduitatem
917 5015 1097 5090 elegit.
1123 5021 1236 5078 Cur
1261 5037 1441 5083 autem
1473 5007 1525 5085 in
1557 5030 1661 5089 hac
1683 5037 1844 5092 etiam
1875 5007 2009 5094 tem:-

409 5113 514 5170 pus
558 5101 823 5174 requirit?
865 5106 1080 5165 Sciebat
1119 5128 1306 5187 pyram
1339 5122 1624 5192 quamdam
1653 5141 1774 5186 esse
1808 5131 2004 5202 juven~

411 5199 601 5258 tutam,
631 5202 689 5251 et
717 5197 934 5271 pelagus
962 5201 1179 5272 plenum
1205 5205 1483 5279 ﬂuctuum,
1509 5229 1574 5271 ac
1598 5219 1778 5278 multis
1801 5197 2006 5296 tempe-

407 5285 636 5375 statibus
685 5287 959 5348 infcslum.
1018 5293 1304 5370 Postquam
1358 5303 1521 5375 igitur
1544 5312 1718 5368 astatis
1744 5285 2007 5374 beneficio

407 5373 608 5433 literlnt
649 5381 1051 5444 immunitatem
1099 5373 1468 5467 consequutus,
1513 5409 1569 5458 et
1623 5412 1891 5479 tamquam

411 5476 620 5565 portum
671 5470 742 5565 ad
790 5487 1122 5536 senectutem
1165 5488 1498 5558 appulerint,
1541 5470 1766 5565 jamque
1813 5501 2009 5560 fuerint

410 5556 519 5612 illis
559 5559 839 5618 exstincta:
887 5566 1157 5639 libidines,
1209 5556 1560 5639 confidenter.
1595 5556 1688 5641 cas
1715 5587 1768 5645 in
1807 5556 2006 5650 emtum

416 5685 510 5797 at“
500 5681 616 5732 Non
637 5679 792 5752 dixit,
818 5692 862 5744 si
881 5695 1009 5762 ﬁlios
1031 5699 1271 5772 educam,
1294 5724 1340 5762 δι
1353 5710 1778 5798 hospitidreccpit.
1805 5725 1878 5779 sic
1900 5734 2005 5782 tres

1177 274 1234 331 S.
1274 274 1557 331 JOANNIS
1594 272 2079 330 CIIRYSOSTOMI
2120 273 2440 334 ARCHIEP.
2483 278 3021 346 CONSTANTINOP.

3628 320 3722 383 521

2163 389 2321 497 istum
2364 395 2583 469 adlegit.
2635 401 2772 472 Quid
2817 409 3012 479 igitur?
3055 430 3232 475 nonne
3277 423 3545 497 plurimae,
3595 436 3725 494 dicet

2158 485 2370 556 aliquis,
2401 505 2522 547 cum
2551 495 2634 551 vel
2665 509 2785 566 post
2821 516 3019 560 annum
3048 509 3356 574 vicesimum
3395 520 3720 595 incepisseut,

2156 577 2224 631 ad
2256 581 2411 636 tinem
2443 598 2612 654 usque
2639 603 2761 644 cum
2793 591 2948 650 laude
2979 600 3245 672 vixerunt,
3274 608 3456 679 jugum
3485 617 3721 689 tulerunt,

2155 679 2210 724 et
2237 676 2542 742 apostolica
2590 681 2713 738 vitm
2759 687 3031 756 specimen
3078 676 3390 758 ediderunt!
3436 721 3506 762 an
3551 676 3722 783 igitur;

2155 775 2356 830 qumso,
2380 765 2498 823 illas
2524 770 2950 847 prohibebimus,
2971 791 3166 841 etcum
3193 790 3498 852 viduitatem
3527 765 3725 860 servare

2153 854 2336 922 velint,
2386 863 2639 920 secundis
2687 871 2884 938 nuptiis
2929 873 3631 952 jungicogemus?hoccine
3652 899 3726 952 di-

2150 958 2312 1014 gnum
2351 961 2433 1005 est
2474 958 2702 1023 apostoli
2751 964 3012 1021 consilio?
3036 971 3160 1040 quid
3192 975 3351 1046 igitur
3385 980 3497 1038 lucc
3519 986 3616 1058 sibj
3643 1006 3726 1046 vo-

2151 1038 2266 1146 lunt
2283 1042 2306 1095 ?
2323 1045 2593 1104 Attendite
2607 1051 2907 1124 diligenter,
2926 1038 3274 1138 dilectissimi,
3300 1038 3722 1146 significatidnem

2149 1132 2418 1194 dictionis.
2445 1140 2562 1197 Non
2587 1147 2731 1201 enim
2759 1149 2913 1218 dixit,
2938 1154 3107 1214 Vidua
3133 1162 3226 1217 ﬂat
3247 1132 3561 1228 nonvmiubr
3585 1193 3724 1232 sexa—

2147 1227 2290 1296 ginta
2320 1235 2496 1298 annis,
2526 1237 2641 1304 sed,
2685 1239 2853 1297 Vidua
2881 1245 3097 1318 eligatur
3116 1267 3138 1307 :
3162 1265 3218 1311 et
3236 1273 3422 1316 rursus
3441 1279 3547 1320 non
3579 1268 3718 1336 dixit,

2150 1317 2333 1378 Vidua:
2352 1324 2592 1394 juniores
2617 1347 2686 1388 ne
2711 1317 2992 1408 eligantur,
3022 1345 3136 1411 sed,
3176 1348 3415 1409 Iuniores

2145 1414 2246 1510 uita
2268 1416 2349 1486 (1.
2380 1415 2514 1474 Tim.
2540 1423 2594 1479 5.
2630 1425 2719 1497 11)
2748 1444 2762 1481 :
2787 1434 2864 1487 sic
2879 1433 3022 1490 enim
3042 1438 3117 1492 ait
3142 1440 3208 1495 ad
3238 1443 3574 1506 Timotheum

2143 1505 2298 1604 heus.
2346 1509 2488 1604 _Nam
2556 1520 2808 1586 quoniam
2872 1524 3289 1590 detractionibus
3337 1547 3393 1593 et
3440 1505 3721 1604 maledictis

2143 1599 2296 1655 multi
2339 1600 2493 1660 facile
2535 1619 2659 1666 sunt
2684 1612 2921 1683 obnoxii,
2952 1629 3007 1674 et
3036 1620 3243 1693 linguas
3270 1628 3528 1689 adversus
3551 1637 3721 1694 Eccle-

2141 1692 2234 1746 sia:
2260 1698 2516 1764 przesules
2543 1713 2795 1762 exacutas
2820 1707 3037 1779 habent,
3071 1718 3254 1775 volens
3283 1734 3545 1783 rectorem
3575 1748 3603 1783 a
3627 1733 3721 1787 cri-

2142 1787 2493 1847 minationum
2528 1797 2777 1864 periculis
2803 1803 3097 1877 vindieare,
3126 1809 3222 1866 bas
3246 1814 3391 1886 leges
3412 1825 3718 1892 praescribit,

2139 1889 2195 1934 et
2217 1883 2326 1940 ait:
2360 1884 2438 1940 'l'u
2465 1887 2664 1958 devita,
2711 1902 2766 1948 tu
2807 1912 2874 1951 ne
2913 1900 3096 1972 eligas.
3128 1904 3184 1961 Si
3211 1883 3340 1964 velit
3509 1916 3641 1971 ultro
3663 1883 3719 1974 ac

2138 1986 2234 2026 sua
2264 1987 2456 2044 sponte
2485 1979 2601 2037 hmc
2625 1986 2895 2055 amplecti,
2927 1990 3119 2050 faciat:
3149 2005 3202 2052 tu
3223 1979 3438 2068 quidem
3462 2020 3532 2061 ue
3557 2007 3720 2064 adhuc

2137 2063 2410 2134 admittas,
2457 2087 2526 2128 ne
2569 2073 2706 2132 forte
2747 2079 2944 2149 dicant,
2977 2082 3072 2140 llle
3099 2089 3218 2145 talis
3237 2063 3509 2160 juniorem
3535 2101 3716 2172 coegit,

2137 2170 2256 2225 qua:
2295 2159 2502 2218 nubere
2543 2167 2773 2236 volebat,
2820 2182 2877 2227 et
2913 2173 3094 2231 domui
3133 2159 3407 2248 praeesse:
3447 2159 3727 2259 proptei‘ea.

2137 2248 2286 2319 lapsa
2323 2263 2428 2320 est,
2472 2267 2526 2311 et
2557 2261 2914 2330 supplantata.
2958 2267 3035 2323 Tu
3080 2270 3226 2328 illam
3267 2291 3337 2331 ne
3378 2248 3568 2350 eligas:
3600 2285 3717 2339 utsi

2134 2341 2273 2397 forte
2302 2345 2448 2414 lapsa
2489 2349 2668 2416 fuerit,
2702 2363 2756 2409 tu
2781 2373 2809 2408 a
2840 2359 3300 2422 criminationibus
3325 2370 3400 2424 sis
3426 2372 3674 2430 immunis
3701 2394 3714 2430 :

2133 2435 2180 2488 si
2206 2452 2313 2491 non
2343 2437 2502 2495 fuerit
2526 2441 2692 2514 lapsa,
2713 2449 2904 2518 majori
2933 2467 3054 2508 cum
3081 2459 3370 2517 securitate
3386 2469 3716 2524 convenienti

2135 2533 2376 2597 tempore
2423 2532 2572 2588 illaut
2618 2537 2804 2608 eligas.
2850 2540 3002 2609 Quod
3053 2547 3098 2601 si
3148 2548 3310 2618 dicat,
3353 2553 3717 2629 Volojuniom

2131 2619 2311 2674 viduas
2353 2624 2558 2692 nubere,
2600 2628 2737 2697 filios
2770 2649 3038 2702 procreare
3068 2637 3144 2711 (1.
3189 2638 3324 2697 Tim.
3355 2646 3408 2700 5.
3443 2619 3559 2719 Li),
3604 2651 3717 2706 audi

2131 2729 2267 2784 quas
2304 2715 2547 2788 juniores
2574 2725 2824 2796 appellet,
2857 2744 2950 2786 eas
2976 2747 3096 2803 quae
3122 2751 3244 2791 cum
3272 2738 3562 2798 luxuriatae
3605 2744 3718 2801 fuc-

2130 2807 2238 2864 rint
2264 2811 2524 2869 adversus
2546 2816 2838 2890 Christum,
2870 2825 3071 2881 nubere
3097 2829 3297 2897 volunt,
3331 2834 3607 2902 verbosas,
3632 2854 3718 2894 cu-

2129 2900 2338 2970 riosas,
2396 2908 2791 2969 circumeuntes
2846 2916 3072 2984 domos,
3119 2922 3392 2993 loquentes
3442 2946 3569 2998 qua:
3618 2947 3714 2987 non

2127 3007 2361 3067 oportet,
2411 3017 2532 3073 qua:
2585 3019 2858 3064 conversae
2905 3023 3030 3068 sunt
3080 3026 3201 3085 post
3241 3029 3504 3077 Satanam.
3544 3024 3714 3096 Neque

2125 3089 2270 3144 enim
2309 3106 2432 3147 cum
2463 3097 2780 3166 simpliciter
2813 3101 3055 3171 dixisset,
3101 3105 3226 3164 Vola
3245 3112 3477 3180 juniores
3518 3089 3712 3185 nubere,

2127 3184 2312 3253 tacuit,
2343 3188 2441 3244 sed
2481 3198 2538 3245 et
2581 3194 2768 3263 quales
2787 3195 3031 3264 juniores
3057 3200 3204 3266 dicit,
3250 3217 3305 3259 et
3331 3222 3518 3263 earum
3546 3210 3715 3280 lapsus

2125 3278 2389 3334 enuntiat.
2421 3281 2568 3350 Quos
2589 3284 2802 3342 tandem
2826 3287 3044 3359 lapsus?
3065 3291 3192 3348 Cum
3215 3296 3487 3353 luxuriatae
3509 3278 3711 3371 fuerint,

2123 3365 2317 3440 inquit,
2345 3372 2586 3429 adversus
2626 3377 2901 3448 Christum,
2932 3383 3120 3438 nubere
3143 3387 3336 3456 volunt,
3367 3399 3420 3443 et
3439 3365 3619 3447 otioste
3640 3365 3713 3447 di;

2119 3473 2293 3532 scunt,
2338 3474 2388 3520 et
2429 3467 2665 3536 curiosa,
2708 3472 3072 3530 circumeuntes
3095 3477 3289 3542 domos,
3323 3481 3585 3551 loquentes
3608 3503 3715 3554 qui:

2123 3570 2228 3610 non
2276 3567 2494 3628 oportet,
2535 3570 2582 3614 et
2635 3579 2891 3620 conversa:
2936 3579 3056 3622 sunt
3084 3569 3252 3641 (Ibid.
3269 3573 3426 3627 υ.11.
3456 3577 3550 3631 15.
3603 3579 3709 3649 15).

2123 3645 2252 3702 Post
2274 3664 2433 3720 quem
2463 3656 2679 3709 autem?
2708 3654 2834 3711 Post
2858 3669 3110 3715 satanam.
3129 3663 3352 3729 Quando
3371 3667 3555 3737 igitur,
3578 3645 3716 3738 post-

2121 3753 2281 3806 quam
2326 3739 2638 3800 viduitatem
2690 3757 2816 3804 sunt
2868 3753 3154 3821 amplexas,
3212 3764 3268 3810 et
3317 3771 3534 3812 omnem
3583 3760 3717 3814 hanc

2122 3834 2469 3904 ignominiam
2515 3843 2782 3898 sustinere
2826 3844 3130 3911 voluerunt,
3161 3862 3347 3903 rursus
3393 3849 3601 3906 nubere
3626 3867 3718 3905 vo-

2119 3927 2254 3993 lunt,
2305 3933 2471 3987 satius
2519 3944 2602 3988 est
2648 3936 2955 4006 priusquam
3005 3942 3221 4008 peccato
3273 3940 3636 4010 detineantur,
3663 3953 3714 3998 et

2120 4019 2248 4075 inita
2279 4035 2399 4076 cum
2431 4021 2643 4080 Christo
2673 4038 2822 4096 pacta
2853 4028 3068 4095 violent,
3101 4031 3166 4084 ad
3198 4030 3297 4086 huc
3321 4033 3504 4088 venire
3531 4051 3546 4087 :
3575 4035 3713 4106 quod

2119 4112 2164 4168 si
2197 4129 2300 4184 qua
2327 4115 2445 4170 talis
2473 4133 2578 4170 non
2608 4115 2787 4184 fuerit,
2818 4122 3195 4176 necessitatem
3222 4124 3579 4180 secundarum
3618 4143 3711 4179 uu-

2119 4205 2348 4275 ptiarum
2370 4222 2474 4260 non
2508 4209 2751 4278 imponit.

2188 4299 2243 4352 4.
2289 4298 2454 4354 Porro
2482 4300 2536 4355 id
2569 4317 2750 4356 verum
2778 4319 2918 4366 esse,
2943 4304 3067 4361 inde
3094 4316 3324 4362 constat.
3357 4306 3412 4364 Si
3442 4309 3589 4364 enim
3613 4310 3710 4366 hoc

2117 4391 2266 4460 quasi
2298 4393 2413 4463 lege
2439 4395 2704 4450 sanxisset
2722 4397 2970 4451 omnibus
2991 4399 3324 4465 mulieribus,
3346 4411 3401 4455 ut
3423 4402 3707 4463 nuberent,

2116 4491 2171 4538 et
2198 4485 2377 4539 domui
2429 4497 2741 4555 praeessent,
2791 4489 3060 4560 superﬂue
3103 4491 3194 4546 illa
3233 4494 3618 4562 requisivisset,
3649 4493 3710 4548 Si

2115 4577 2251 4645 ﬁlios
2277 4578 2524 4643 educavit,
2553 4581 2598 4635 si
2626 4592 2913 4636 sanctorum
2939 4585 3090 4656 pedes
3113 4586 3255 4653 lavit,
3276 4587 3321 4641 si
3340 4587 3712 4640 tribulationem

2116 4669 2418 4740 patientibus
2455 4673 2702 4737 subvenit,
2745 4676 2792 4730 si
2836 4693 2984 4731 omne
3026 4695 3154 4748 opus
3195 4677 3380 4732 bonum
3423 4690 3612 4733 sectata
3637 4689 3710 4734 est

2117 4764 2223 4838 (Ib.
2270 4782 2317 4821 υ.
2355 4767 2482 4839 10);
2515 4770 2783 4839 superﬂue
2821 4787 3032 4840 quoque
3063 4772 3190 4827 illud
3221 4773 3366 4837 dicit,
3410 4773 3538 4839 Quae
3558 4776 3709 4847 fuerit

2113 4857 2266 4912 unius
2308 4859 2404 4912 viri
2444 4876 2575 4914 uxor
2620 4860 2725 4932 (Ib.
2755 4878 2803 4916 ο.
2833 4861 2913 4933 9).
2941 4863 2997 4919 Si
3026 4865 3167 4919 enim
3193 4864 3378 4920 viduas
3406 4881 3593 4921 omnes
3617 4867 3709 4936 ju—

2114 4951 2294 5006 niores
2337 4952 2539 5008 nubere
2573 4952 2756 5023 jubes,
2799 4955 3069 5025 quomodo
3113 4956 3310 5025 poterit
3347 4957 3520 5028 aliqua
3553 4959 3709 5012 unius

2113 5043 2214 5099 viri
2245 5060 2380 5099 uxor
2407 5046 2564 5100 esse?
2594 5045 2777 5118 Itaque
2821 5048 2940 5103 illas
2981 5049 3099 5119 ejus
3143 5059 3348 5118 spectat
3393 5053 3582 5107 oratio.
3634 5052 3707 5104 Ita

2113 5135 2239 5192 facit
2288 5146 2344 5193 et
2390 5138 2516 5193 dum
2561 5138 2799 5211 loquitur
2844 5140 2914 5198 de
2942 5157 3230 5213 congressu
3256 5144 3542 5214 conjugali.
3574 5145 3704 5199 Cum

2112 5231 2256 5286 enim
2301 5231 2542 5298 dixisset,
2579 5231 2764 5288 Nolite
2804 5235 3049 5305 fraudare
3075 5236 3305 5301 invicem,
3348 5237 3449 5290 nisi
3476 5237 3602 5307 forte
3645 5252 3710 5288 cz

2111 5337 2360 5377 consensu
2392 5323 2461 5376 ad
2498 5332 2714 5395 tempus.
2748 5335 2804 5378 ut
2843 5329 3028 5380 vacetis
3056 5327 3259 5396 jejunio
3295 5341 3343 5380 et
3385 5327 3618 5392 orationi,
3657 5337 3705 5379 et

2111 5413 2292 5467 iterum
2321 5417 2640 5469 revertamini
2660 5418 2712 5469 in
2737 5418 2961 5486 idipsum
2985 5419 3059 5485 (1.
3087 5417 3202 5472 Cor.
3234 5418 3288 5472 7.
3318 5418 3374 5484 5)
3401 5436 3413 5471 :
3444 5435 3509 5472 ne
3535 5419 3700 5487 legent

2112 5519 2232 5560 esse
2260 5522 2324 5560 ac
2355 5520 2676 5577 praeceptum
2719 5509 3016 5574 existimes,
3044 5525 3258 5565 causam
3286 5510 3488 5580 adjicit,
3511 5507 3700 5564 deinde

2111 5595 2332 5653 dicens:
2366 5597 2451 5653 Ne
2477 5609 2630 5654 tentet
2664 5617 2748 5655 vos
2789 5611 3011 5656 satanas.
3049 5599 3162 5656 Hoc
3189 5611 3357 5655 autent
3389 5602 3502 5655 dico
3522 5614 3701 5655 secun-

2113 5687 2238 5745 dum
2272 5692 2660 5762 indulgentiam,
2712 5711 2813 5748 non
2856 5696 3134 5750 secundum
3178 5696 3467 5762 imperium,
3502 5703 3701 5764 propter

2115 5787 2530 5843 incontinentiam
2579 5799 2794 5846 vestram
2848 5789 2950 5854 (Ib.
2983 5808 3026 5846 ε.
3057 5791 3109 5847 6.
3145 5791 3216 5858 5).
3249 5787 3698 5858 Quemadmodum
