4062 6466
244 327 353 406 m

242 448 422 518 11391;
458 444 563 498 ποῦ
583 444 680 517 τὴν
707 447 1041 516 προστασίαν
1070 448 1437 505 ἐπιδείκνυται
1462 456 1560 525 τὴν
1590 456 1811 528 ἑαυτῆς,

241 539 304 590 οὐ
337 537 487 608 παρά
520 538 742 609 ἄρχοντι
772 540 866 593 καὶ
895 539 1106 610 βασιλεῖ
1144 541 1253 596 τῶν
1278 544 1372 596 ἐπὶ
1401 546 1505 615 τῆς
1528 548 1656 618 γῆς,
1681 548 1816 602 ἀλλά

247 630 372 698 παρ’
401 628 550 699 αὐτῷ
577 628 655 699 τῷ
681 629 791 683 τῶν
842 631 1087 702 οὐρανῶν
1122 633 1358 704 βασιλεῖ;
1394 637 1569 709 πόσην
1596 639 1818 695 δύναται

245 719 542 775 καταλῦσαι
557 721 727 793 ὀργὴν
737 723 1081 788 ,καταλλάξαι
1096 725 1187 778 τὸν
1201 728 1477 800 Δεσπότην
1495 733 1607 794 τοῖς
1623 731 1820 785 ἀνίατα

244 810 608 880 νενοσηκόσιν,
647 812 954 883 ἐξαρπάσαι
987 816 1258 887 τιμωρίας
1302 819 1599 890 ἀφορήτου,
1644 820 1821 893 ψυχὴν

242 895 511 966 βαφεῖσαν
538 897 618 968 τῷ
657 898 768 951 τῶν
814 900 1229 972 ἁμαρτημάτων
1262 904 1426 975 ῥύπῳ
1466 906 1567 975 τῆς
1607 908 1822 979 κηλῖδος

244 985 511 1039 ἐκπλῦναι
542 985 778 1059 ἐκείνης,
808 990 903 1043 καὶ
928 990 1065 1061 πρὸς
1080 990 1178 1063 τὴν
1199 993 1376 1065 άκραν
1396 996 1626 1064 ἀγαγεῖν
1652 997 1824 1052 καθα-

244 1079 485 1148 ριότητα;
519 1080 610 1149 Μὴ
636 1079 816 1134 τοίνυν
847 1084 1281 1155 καταφρονῶμεν
1310 1087 1489 1157 χήρας
1519 1091 1780 1156 γυναικὸς
1803 1129 1819 1154 ,

241 1170 383 1223 ἀλλά
440 1172 622 1224 πᾶσαν
674 1173 802 1243 περὶ
847 1174 1018 1246 αὐτὴν
1073 1176 1394 1246 ἐπιμέλειαν
1440 1178 1821 1252 ἐπιδείξωμεν.

239 1263 548 1333 Προστάτις
568 1265 724 1335 ἡμῶν
755 1267 904 1319 ἐστιν
929 1268 962 1337 ἡ
999 1266 1168 1332 ὄντως
1195 1271 1363 1341 χήρα.
1658 1296 1665 1299 -

319 1372 504 1438 ’Δξιον
538 1373 597 1427 δέ
626 1374 955 1440 ἐπιστάντας
996 1376 1157 1442 ἰδεῖν,
1203 1379 1335 1450 περί
1389 1381 1549 1444 ποίας
1591 1381 1827 1438 ἐνταῦθα

242 1466 425 1537 χήρας
445 1465 598 1537 φησί.
641 1465 751 1519 Καὶ
781 1466 891 1539 γὰρ
919 1468 1015 1522 καὶ
1041 1471 1245 1523 ἐκεῖναι
1267 1472 1436 1544 χῆραι
1462 1473 1734 1544 λέγονται,
1766 1477 1823 1529 αἰ

239 1559 328 1619 εἰς
353 1556 629 1612 εὐτέλειαν
658 1559 893 1630 ἐσχάτην
924 1561 1353 1627 καταπεσοῦσαι,
1381 1566 1477 1619 καί¹
1511 1567 1830 1639 ἐγγεγραμ-

245 1647 431 1711 μέναι,
462 1649 556 1700 καὶ
587 1650 653 1702 ἐκ
676 1647 785 1702 τῶν
813 1648 1283 1721 ἐκκλησιαστικῶν
1311 1655 1648 1727 τρεφόμεναι
1687 1673 1826 1729 χρη-

244 1740 459 1810 μάτων,
488 1740 740 1814 καθάπερ
766 1738 860 1797 οὖν
894 1744 987 1797 ἐπὶ
1021 1742 1132 1796 τῶν
1175 1744 1511 1802 ἀποστόλων.
1550 1749 1816 1819 Ἐγένετο

241 1833 379 1902 7&9,
415 1832 924 1903 φησὶ,γογγυσμὸς
959 1833 1190 1903 μεταξὺ
1227 1836 1348 1890 τῶν
1385 1837 1825 1907 Ἑλληνιστῶν.

238 1922 340 1978 ὅτι
378 1925 860 1993 παρεθεωροῦντο
887 1926 958 1980 ἐν
975 1925 1050 1995 τῇ
1071 1926 1347 1995 διακονίᾳ
1363 1925 1440 1997 τῇ
1463 1929 1829 1999 καθημερινῇ

241 2021 305 2070 αἰ
340 2016 514 2087 χῆραι
539 2017 756 2072 αὐτῶν.
781 2018 894 2089 Οὐχ
922 2010 1084 2074 αὗται
1104 2018 1160 2072 δὲ
1184 2019 1343 2089 μόνον
1365 2020 1532 2091 χῆραι
1556 2020 1829 2090 λέγονται,

243 2111 384 2163 ἀλλά
406 2111 674 2171 κάκεῖναι,
697 2111 754 2163 αἰ
783 2111 1009 2181 μηδενὸς
1034 2111 1130 2181 μὲν
1154 2110 1425 2182 δεόμεναι,
1442 2111 1556 2164 ἀλλ’
1570 2112 1833 2184 εὐπορίας

244 2202 647 2263 ἀπολαύουσαι,
680 2204 775 2256 καὶ
801 2203 982 2266 οἰκίας
1034 2202 1400 2274 προεστῶσαι,
1446 2204 1538 2257 τὸν
1571 2204 1629 2257 δὲ
1662 2204 1833 2274 ἄνδρα

242 2294 624 2348 ἀποϐαλοῦσαι
661 2294 841 2365 μόνον.
888 2295 1119 2367 Ἴδωμεν
1146 2292 1241 2350 οὖν
1282 2296 1412 2368 περί
1458 2297 1620 2360 ποίας
1656 2300 1833 2369 χήρας

242 2386 484 2442 ἐνταῦθά
515 2403 650 2457 φησι
683 2387 878 2457 λέγων’
907 2386 1073 2456 Χήρα
1099 2388 1521 2459 καταλεγέσθω
1545 2388 1633 2459 μὴ
1659 2387 1835 2443 ἐλάτ-

242 2494 372 2531 των
395 2474 545 2529 ἐτῶν
573 2476 874 2542 ἐξήκοντα
907 2477 1206 2547 γεγονυῖα·
1239 2474 1350 2549 ἄρα
1395 2476 1545 2551 [⁵1⁵]
1577 2478 1706 2550 περὶ
1732 2478 1835 2547 τῆς

238 2568 516 2640 δεομένης
572 2569 825 2641 βοηθείας
851 2571 947 2625 καὶ
981 2571 1171 2642 χρείαν
1203 2570 1435 2641 ἐχούσης
1460 2569 1519 2636 ὲξ
1540 2571 1836 2643 ἐκκλησια-

243 2662 455 2715 στικῶν
484 2660 784 2733 τρέφεσθαι
813 2662 1145 2732 χρημάτων,
1185 2662 1218 2733 ἢ
1261 2663 1389 2734 περὶ
1420 2662 1523 2734 τῆς
1551 2661 1836 2726 ἀνενδεοῦς

241 2753 348 2808 καὶ
377 2753 436 2805 ἐν
477 2752 710 2824 εὐπορίᾳ
762 2751 981 2823 ζώσης;
1011 2752 1249 2824 Εὔδηλον
1298 2753 1381 2807 ὅτι
1436 2755 1566 2826 περὶ
1605 2753 1833 2825 ταύτης.

242 2843 391 2916 Περὶ
418 2844 516 2915 μὲν
537 2843 648 2914 7&9
676 2844 893 2915 ἐκείνης
916 2845 1045 2898 ὅταν
1069 2843 1226 2917 λέγῃ,
1246 2848 1347 2916 τῆς
1361 2844 1506 2916 λιμῷ
1525 2844 1837 2916 διαφθειρο-

245 2933 447 3003 μένης,
480 2935 542 2988 ού
590 2935 782 3007 χρόνον
830 2935 1066 3005 τίθησιν,
1128 2936 1229 2989 οὐκ
1279 2936 1568 3008 ἀκρίϐειαν
1615 2936 1838 2989 ἀπαιτεί

241 3025 492 3091 τρόπων
528 3025 645 3079 ἀλλ’
675 3026 887 3092 ἀπλῶς,
922 3027 997 3081 Εἰ
1013 3044 1103 3093 τις
1126 3029 1344 3094 πιστὸς
1369 3027 1408 3097 ἢ
1431 3027 1641 3096 πιστὴ,
1680 3026 1836 3096 φησι,

244 3115 450 3184 χήρας
480 3115 628 3186 ἔχει,
657 3116 986 3184 ἐπαρκείτω
1022 3117 1254 3184 αὑταῖς,
1294 3117 1393 3171 καί
1418 3117 1507 3187 μὴ
1531 3117 1840 3186 βαρείσθω

245 3207 286 3273 ἡ
335 3207 692 3274 Ἐκκλησία.
718 3208 833 3260 Ούκ
866 3203 1217 3272 είπεν,”οταν
1231 3207 1497 3277 ἐξήκοντα
1523 3208 1661 3261 ἐτῶν
1681 3209 1843 3280 γένη-

241 3313 368 3350 ται·
399 3297 499 3350 οὐκ
540 3293 713 3362 εἶπεν,
751 3296 817 3351 Εἰ
840 3297 1220 3369 ἐξενοδόχησεν
1251 3311 1303 3363 ι,
1350 3299 1400 3352 εἰ
1452 3298 1626 3369 ἀγίων
1672 3297 1841 3365 πόδας

243 3388 430 3459 ἔνιψε·
462 3388 558 3442 καὶ
589 3389 735 3460 μάλα
767 3389 1010 3453 εἰκότως.
1053 3389 1223 3444 Ἔνθα
1265 3390 1363 3462 μὲν
1394 3388 1506 3461 γὰρ
1545 3388 1613 3444 ἂν
1653 3390 1844 3444 πενίαν

243 3479 550 3552 διορθῶσαι
573 3480 705 3544 δέοι,
736 3480 837 3534 οὐκ
869 3481 1129 3552 ἀναμένει
1154 3482 1367 3553 χρόνον.
1394 3482 1461 3536 Τί
1496 3482 1605 3553 γὰρ
1636 3483 1685 3535 εἰ
1713 3499 1843 3535 πεν-

241 3573 501 3644 τήκοντα
529 3571 668 3625 ἐτῶν
698 3568 832 3628 οὖσα
856 3572 1004 3644 λιμῷ
1041 3572 1443 3645 διαφθείροιτος
1476 3573 1528 3626 τί
1561 3573 1620 3626 δὲ
1662 3574 1758 3627 ἐάν
1787 3574 1845 3625 ἐν

242 3664 477 3736 νεότητι
502 3663 564 3718 τὸ
588 3663 747 3735 σῶμα
776 3664 1060 3737 ἀνάπηρος
1079 3661 1213 3719 οὖσα
1239 3663 1428 3736 τύχοις
1460 3664 1800 3719 καθευδείται
1816 3665 1846 3705 δ

246 3754 613 3825 ἀναμένουσα
644 3755 708 3809 τὸ
733 3753 1026 3825 ἑξηκοστὸν
1069 3755 1226 3819 hoc;
1275 3755 1416 3809 Ἀλλ’
1449 3754 1848 3827 ἀπανθρωπίας

244 3848 425 3902 τοῦτο
452 3849 708 3919 ἐσχάτης.
740 3851 840 3903 Διά
882 3848 1063 3912 τοῦτο,
1095 3850 1225 3903 ὅταν
1258 3850 1360 3920 μὲν
1405 3850 1566 3920 λιμὸν
1592 3866 1851 3921 παραμυ-

244 3939 534 4010 θήσασθαι
588 3939 719 4002 δέοι,
765 3940 920 3994 οὐδὲν
972 3941 1103 4011 περί
1145 3942 1352 4013 χρόνων
1400 3941 1493 3994 καὶ
1549 3941 1646 4011 τῆς
1708 3941 1850 3995 κατά

245 4032 447 4102 ψυχὴν
475 4033 678 4103 ἀρετῆς
707 4033 1168 4105 ἀκριϐολογεῖται·
1202 4034 1332 4087 ὃταν
1364 4034 1421 4088 δὲ
1455 4033 1530 4105 μὴ
1559 4031 1593 4105 ᾗ
1620 4033 1850 4105 διορθώ-

252 4123 467 4179 σασθαι
500 4124 713 4188 πενίαν,
745 4124 882 4178 ἀλλά
920 4126 1087 4197 τιμὴν
1128 4125 1251 4179 κατ’
1291 4126 1448 4191 ἀξίαν
1484 4127 1851 4199 χαρίσασθαι,

247 4217 501 4282 εἰκότως
518 4216 791 4288 τοσαύτην
820 4220 1054 4272 ποιεῖται
1084 4218 1301 4290 τρόπων
1334 4217 1601 4284 ἐξέτασιν.

327 4331 407 4398 γ’.
422 4326 811 4399 Καθάπεργάρ
842 4328 947 4380 εἰσι
973 4327 1262 4400 παρθένων
1284 4328 1457 4400 χοροὶ,
1483 4327 1730 4383 οὕτωκαὶ
1758 4345 1855 4399 χησ

249 4417 384 4490 ρῶν
426 4415 489 4469 τὸ
534 4416 761 4470 παλαιὸν
810 4413 950 4488 ἦσαν
979 4419 1150 4490 χοροὶ,
1204 4421 1299 4472 καὶ
1353 4420 1454 4473 οὐκ
1499 4420 1630 4492 ἐξῆν
1667 4422 1857 4485 αὐταῖς

247 4506 461 4571 ἁπλῶς
489 4510 569 4572 εἰς
602 4507 702 4572 τάς
727 4510 902 4581 χήρας
940 4509 1334 4582 ἐγγράφεσθαι.
1365 4512 1440 4565 οὐ
1473 4512 1601 4583 περὶ
1643 4512 1859 4583 ἐκείνης

244 4596 361 4655 οὖν
392 4597 542 4667 λέγει
568 4599 669 4670 τῆς
694 4602 752 4653 ἐν
775 4600 938 4671 πενίᾳ
967 4599 1146 4670 ζώσης
1170 4600 1264 4655 καὶ
1286 4600 1548 4672 δεομένης
1579 4601 1856 4672 βοηθείας,

242 4689 409 4745 ἀλλά
442 4690 572 4760 περὶ
614 4689 820 4764 ταύτης
868 4690 968 4760 τῆς
1010 4691 1274 4761 ἑλομένης
1317 4692 1567 4763 χηρείαν.
1601 4693 1759 4756 Τίνος
1803 4694 1860 4747 δὲ

243 4781 462 4835 ἓνεκεν
506 4778 601 4834 καὶ
631 4781 723 4834 ἐπὶ
765 4779 973 4851 ταύτης
1021 4781 1245 4834 ἀπαιτεῖ
1289 4780 1520 4853 χρόνονς
1570 4777 1725 4836 Οἶδεν
1776 4784 1861 4837 ὅτι

242 4871 427 4944 πυρά
446 4870 532 4935 τίς
555 4873 701 4926 ἐστιν
733 4874 763 4943 ἡ
793 4871 1000 4943 νεότης,
1029 4873 1123 4926 καὶ
1143 4871 1378 4940 πέλαγος
1407 4873 1670 4944 κυμάτων
1689 4873 1862 4945 γέμον

244 4966 367 5019 καὶ
401 4961 602 5025 πολλὰς
627 4962 749 5034 ἕχον
776 4963 1198 5027 ἐπαναστάσεις.
1246 4963 1500 5017 Ἐπειδὰν
1530 4959 1623 5017 οὖν
1654 4962 1861 5035 μέλλω-

244 5077 353 5113 σιν
394 5055 505 5110 ἀπὸ
545 5056 646 5125 τῆς
680 5054 895 5127 ἡλικίας
939 5056 1188 5110 ἀτέλειαν
1231 5055 1395 5128 ἔχειν,
1437 5056 1534 5111 καὶ
1580 5055 1771 5130 ὥσπερ
1805 5058 1862 5110 ἐν

242 5148 459 5221 λιμένι
489 5147 810 5222 διατρίϐωσι
836 5148 916 5219 τῷ
960 5150 1130 5220 γήρᾳ,
1160 5148 1269 5203 τῶν
1315 5148 1626 5221 ἐπιθυμιῶν
1671 5149 1864 5212 αὐταῖς

246 5238 635 5298 σῦεσθεισῶν.
671 5238 810 5310 μετά
837 5238 1022 5303 ἀδείας
1047 5239 1218 5304 αὑτὰς
1246 5242 1326 5306 εἰς
1348 5241 1440 5295 τὸν
1465 5241 1626 5313 χορὸν
1653 5241 1864 5310 εἰσάγει

247 5332 495 5388 τοῦτον.
519 5329 585 5382 Τί
606 5325 700 5383 οὖν
721 5371 736 5396 ,
763 5331 884 5400 οὐχὶ
914 5329 1129 5394 πολλαὶ,
1154 5330 1308 5400 φησὶ,
1341 5332 1436 5386 καί⁸
1461 5332 1599 5403 μετά
1618 5333 1863 5387 εἰκοστὸν

243 5428 403 5486 ἔτος
427 5422 733 5495 ἀρξάμεναι
764 5422 926 5494 μέχρι
953 5422 1146 5486 τέλους
1173 5423 1497 5495 διέλαμψαν,
1531 5427 1626 5480 καὶ
1652 5426 1745 5479 τὸν
1770 5425 1865 5491 ζυ-

243 5516 374 5587 γὸν
442 5514 704 5583 ῆνεγκαν,
760 5513 856 5567 καὶ
907 5513 1265 5568 ἀποστολικδν
1320 5515 1665 5582 ἐπεδείξαντο
1714 5515 1871 5587 βίον;

332 5677 369 5755 ξ
401 5675 508 5755 ρὺξ
534 5676 759 5755 εἰπερ
768 5676 1115 5755 ἐτεκνρτριξφησ
1123 5695 1189 5741 εν,
1208 5679 1248 5728 εἰ
1270 5679 1501 5743 ἐξενοδὸχ.
1527 5679 1610 5732 Sic
1630 5688 1732 5735 [res
1752 5698 1869 5737 mss.

326 5738 368 5780 1³
402 5737 520 5790 Cod.
565 5739 659 5788 Ἰτιὸ
681 5746 818 5789 recte
842 5737 1125 5791 καθεδεῖται.

1356 356 1425 412 IN
1465 357 1694 429 ILLUD,
1741 358 1954 420 VIDUA
1996 359 2373 420 ELIGATUR.

3386 368 3457 423 59.
3469 369 3505 424 ὶ-

1915 462 2232 535 κωλύσομεν
2254 462 2347 521 οὖν
2379 468 2617 535 ἐκείνας,
2647 470 2770 525 εἰπέ
2808 487 2921 543 μοι,
2943 472 3038 525 καὶ
3077 470 3407 544 βουλομένας
3435 476 3503 527 ἐν

1915 555 2112 628 χηρείᾳ
2136 557 2236 628 ζῇν
2264 559 2652 631 ἀναγκάσομεν
2673 561 2950 634 δευτέροις
2974 561 3236 632 ὁμιλῆσαι
3263 561 3493 632 γάμοις;

1917 647 2012 701 καὶ
2055 649 2158 703 ποῦ
2204 651 2365 705 τοῦτο
2407 652 2557 720 ἀξιον
2591 654 2954 723 άποστολικῆς
3001 655 3266 726 γνώμης;
3317 657 3370 709 τί
3402 650 3507 710 οὖν

1917 738 2033 792 ἐστι
2060 739 2122 792 τὸ
2145 739 2468 812 λεγόμενον;
2503 743 2809 815 Προσέχετε
2846 745 2985 815 μετὰ
3016 746 3326 819 ἀκριϐείας,
3354 748 3495 815 ἀγα·-

1918 831 2098 900 πητοί,
2142 831 2278 903 αὐτῇ
2328 835 2395 904 τῇ
2429 834 2677 905 σημασίᾳ
2717 834 2819 905 τῆς
2846 836 3063 904 λέξεως.
3100 839 3176 891 Ού
3217 838 3327 909 γὰρ
3352 835 3505 903 εἷπε,ι

1918 921 2079 994 Χήρα
2107 923 2339 992 γινέσθω
2378 926 2451 996 μὴ
2486 926 2725 980 ἐλάττων
2752 927 2889 981 ἐτῶν
2929 930 3195 1000 ἐξήκοντα
3220 932 3495 999 γεγονυῖα,

1921 1011 2077 1077 ἀλλά,
2128 1012 2294 1081 Χήρα
2337 1014 2760 1085 καταλεγέσθω
2783 1032 2795 1047 ο
2842 1016 2938 1070 καὶ
2990 1017 3154 1071 πάλιν
3201 1018 3304 1071 οὐκ
3349 1012 3501 1081 εἷπε,

1920 1102 2104 1177 Χῆραι
2132 1104 2391 1176 νεώτεραι
2417 1105 2490 1178 μὴ
2520 1106 3024 1175 καταλεγέσθωσαν,
3049 1107 3207 1174 ἀλλὰ,
3237 1108 3348 1175 Τὰς
3364 1123 3510 1162 νεω-

1921 1194 2096 1264 τέρας
2136 1196 2204 1250 δὲ
2227 1196 2419 1265 χήρας
2446 1198 2737 1265 παραιτοῦ
2756 1216 2770 1230 ·
2799 1198 2938 1271 πρὸς
2961 1199 3073 1272 7&9
3105 1201 3198 1254 τὸν
3235 1200 3511 1271 Τιμόθεον

1916 1286 2096 1342 ταῦτα
2118 1287 2446 1357 διαλέγεται.
2480 1289 2699 1360 Ἐπειδὴ
2728 1289 2839 1361 7&9
2863 1291 3049 1345 πολλοὶ
3073 1291 3182 1345 τῶν
3198 1290 3512 1363 ἀνθρώπων·

1923 1380 2238 1452 εὐχείρωτοι
2267 1381 2394 1452 περί
2432 1382 2778 1453 κακηγορίας
2813 1382 2943 1448 εἰσὶ,
2985 1383 3207 1447 καὶτὰς
3255 1382 3504 1452 γλώττας

1924 1472 2064 1526 κατὰ
2092 1473 2201 1524 τῶν
2228 1472 2326 1541 τῆς
2365 1472 2695 1544 Ἐκκλησίας
2724 1472 3086 1545 προεστώτων
3115 1474 3419 1545 ἠκονήκασι
3448 1485 3499 1538 ε,

1926 1562 2250 1634 βουλόμενος
2278 1564 2587 1635 ἐξαρπάσαι
2614 1565 2707 1619 τὸν
2733 1566 2971 1637 ἄρχοντα
2993 1566 3101 1621 τῶν
3116 1567 3503 1638 ἐγκλημάτων.

1921 1650 2146 1716 τούτους
2178 1653 2360 1723 τίθησι
2393 1655 2521 1718 τοὺς
2550 1655 2771 1726 νόμους,
2797 1656 3042 1729 καίφησι
3063 1672 3077 1686 ο
3107 1658 3180 1713 Σὺ
3208 1656 3500 1729 παραιτοῦ,

1925 1744 2021 1798 καὶ
2049 1744 2112 1796 σὺ
2144 1745 2217 1816 μὴ
2251 1746 2543 1815 κατάλεγε.
2574 1748 2672 1801 Ἂν
2706 1748 2845 1819 αὑτὴ
2876 1748 3133 1820 βούληται
3163 1749 3376 1804 οἴκοθεν
3411 1750 3509 1804 καὶ

1927 1836 2056 1906 παρ’
2088 1837 2291 1909 ἐαυτῆς
2312 1838 2585 1910 αἱρεῖσθαι
2614 1839 2805 1905 ταῦτα,
2840 1841 3064 1894 ποιείτω
3083 1858 3097 1873 ·
3129 1843 3193 1895 σὺ
3221 1841 3403 1912 μέντοι
3432 1839 3515 1912 μὴι

1929 1930 2194 2002 καταδέξῃ
2230 1931 2477 2002 μηδέπω,
2505 1932 2592 1985 ἵνα
2635 1931 2710 2004 μὴ
2743 1932 2976 2002 λέγωσιν
3004 1935 3388 2005 ὄτιΝεωτέραν
3419 1928 3514 1987 οὗ.

1930 2039 2049 2087 σαν,
2074 2022 2355 2093 γήμασθαι
2382 2022 2734 2095 βουλομένην,
2762 2023 2943 2088 οἰκίας
2962 2024 3286 2096 προστῆναι,
3311 2026 3339 2078 ὁ
3366 2024 3519 2078 δεῖνα

1926 2116 2311 2185 κατηνάγκασε
2332 2131 2345 2144 ·
2377 2113 2468 2167 διὰ
2494 2113 2654 2167 τοῦτο
2677 2110 2864 2182 ἔπεσε,
2897 2116 2991 2168 καὶ
3018 2115 3408 2186 ὑπεσκελίσθη.
3439 2115 3513 2169 Σὺ

1932 2206 2006 2275 μὴ
2038 2203 2341 2275 καταλέξῃς
2374 2205 2568 2275 αὐτὴν,
2603 2205 2709 2269 ἵνα,
2750 2205 2856 2259 κᾶν
2890 2205 3054 2277 πέσῃ,
3088 2206 3197 2260 τῶν
3226 2208 3510 2278 ἐγκλημά-

1926 2313 2034 2349 των
2062 2291 2130 2369 ᾗς
2155 2294 2575 2365 ἀπηλλαγμένος
2594 2312 2608 2325 ·
2652 2292 2756 2347 κᾶν
2796 2294 2871 2366 μὴ
2900 2294 3064 2368 πέσῃ,
3098 2296 3236 2366 μετά
3265 2295 3512 2359 πλεῖστος

1930 2385 2231 2455 ἀσφαλείας
2269 2385 2349 2455 τῷ
2396 2387 2729 2457 προσήκοντι
2765 2385 2944 2458 καιρῷ
2975 2385 3298 2458 καταλέξῃς.
3340 2387 3403 2440 Εἰ
3453 2387 3511 2440 δὲ

1928 2475 2099 2546 λέγει,
2140 2476 2441 2544 Βούλομαι
2486 2474 2779 2543 νεωτέρας
2815 2475 3007 2546 χήρας
3033 2477 3263 2546 γαμεῖν,
3311 2494 3515 2531 τεκνο-

1929 2566 2154 2636 γονεῖν,
2201 2567 2437 2621 ἄκουσον
2466 2567 2628 2631 ποίας
2658 2567 2795 2636 φησί
2817 2567 3110 2638 νεωτέρας,
3148 2567 3246 2631 τὰς
3283 2567 3421 2638 μετά
3457 2567 3521 2621 τὸ

1935 2656 2087 2730 [514]
2120 2660 2592 2730 καταπρηνιᾶσαι
2635 2658 2731 2711 τοῦ
2764 2659 3005 2728 Χριστοῦ
3039 2658 3373 2730 βουλομένας
3417 2675 3522 2728 γα-

1938 2753 2078 2819 μεῖν,
2110 2749 2211 2815 τὰς
2240 2750 2539 2822 φλυάρους,
2570 2752 2670 2815 τάς
2701 2751 3051 2823 περιέργους,
3089 2750 3188 2815 τὰς
3228 2767 3520 2823 περιερχο-

1940 2841 2107 2911 μένας
2146 2840 2247 2904 τάς
2278 2842 2480 2906 οἰκίας,
2513 2842 2614 2907 τάς
2644 2842 2911 2905 λαλούσας
2957 2842 3029 2895 τὰ
3069 2842 3142 2913 μὴ
3177 2842 3385 2905 δέοντα,
3421 2841 3522 2906 τὰς

1936 2932 2309 3003 ἐκτραπείσας
2327 2933 2503 2986 ὀπίσω
2522 2934 2617 2987 τοῦ
2645 2934 2963 2988 Σατανᾶ.οὑ
2983 2933 3094 3006 γὰρ
3118 2933 3288 2986 εἰπὼν
3309 2933 3520 2998 ἁπλῶς,

1937 3023 2242 3092 Βούλομαι
2281 3023 2577 3092 νεωτέρας
2607 3022 2843 3094 γαμεῖν,
2894 3023 3174 3095 ἐσίγησεν,
3206 3022 3340 3077 ἀλλά
3371 3023 3524 3092 λέγει

1939 3114 2032 3167 καὶ
2058 3114 2219 3179 ποίας
2246 3116 2540 3188 νεωτέρας,
2573 3116 2669 3169 καὶ
2711 3114 2782 3168 τά
2812 3115 3080 3187 πτώματα
3114 3116 3295 3169 αὐτῶν
3321 3114 3523 3168 ἔπεισι.

1940 3207 2078 3261 Ποῖα
2093 3205 2366 3280 πτώματα
2384 3224 2399 3275 ;
2420 3208 2608 3261 Ὅταν
2627 3205 3219 3275 καταστρηνιάσωσι,
3245 3206 3398 3277 φησὶ,
3418 3206 3529 3260 τοῦ

1940 3296 2221 3366 Χριστοῦ,
2256 3296 2572 3367 γαμεῖσθαι
2615 3295 2889 3360 θέλουσι,
2936 3296 3034 3350 καί
3078 3296 3256 3364 ἀργαὶ
3291 3293 3526 3364 μανθά-

1939 3405 2142 3454 νουσι,
2177 3390 2276 3443 καί
2303 3390 2619 3459 περίεργοι,
2660 3388 3117 3458 περιερχόμεναι
3162 3389 3270 3453 τὰς
3302 3389 3519 3452 οἰκίας,

1941 3480 2247 3535 λαλοῦσαι
2276 3482 2350 3534 τὰ
2381 3479 2468 3549 μὴ
2493 3480 2731 3544 δέοντα,
2769 3479 2869 3533 καί
2896 3478 3338 3547 ἐξετράπησαν.
3370 3478 3529 3541 Τίνος

1942 3571 2148 3635 όπίσω;
2206 3571 2321 3627 Τοῦ
2354 3569 2611 3627 Σατανᾶ.
2662 3571 2818 3625 Ἐπεὶ
2855 3565 2948 3625 οὖν
3003 3570 3143 3642 μετά
3187 3570 3248 3624 τὸ
3300 3569 3531 3641 χηρείαν

1944 3660 2184 3725 ἑλέσθαι,
2215 3662 2309 3717 καὶ
2335 3660 2540 3730 ταύτην
2565 3662 2745 3714 πᾶσαν
2776 3660 3071 3731 ὑπομεῖναι
3097 3661 3195 3731 τὴν
3221 3658 3529 3730 ἀσχημοσύ⁴

1945 3771 2066 3826 νην,
2095 3752 2373 3823 βούλονται
2401 3752 2646 3823 γαμῆσαι
2676 3750 2858 3815 πάλιν,
2893 3750 3099 3821 βέλτιον
3128 3752 3257 3821 πρὶν
3284 3749 3529 3820 ἔχεσθαι,

1947 3845 2041 3901 καὶ
2076 3844 2178 3907 τὰς
2203 3844 2339 3915 πρὸς
2383 3843 2475 3897 τὸν
2518 3842 2751 3915 Χριστὸν
2798 3841 3187 3911 καταπατῆσαι
3230 3840 3531 3910 συνθήκας,

1948 3932 2231 3989 ἐπὶτοῦτο
2277 3932 2487 3986 ἐλθεῖνο
2523 3931 2599 3994 ὡς
2638 3933 2688 3984 εί
2737 3930 2812 4001 μὴ
2862 3947 2946 3993 τις
2994 3928 3081 4000 εἵη
3131 3928 3383 4001 τοιαύτη,
3432 3928 3534 3982 οὐκ

1949 4021 2255 4092 ἐπιτίθησιν
2283 4019 2531 4089 ἀνάγκην
2568 4017 2748 4088 γάμου
2775 4016 3057 4088 δευτέρου.

2021 4131 2085 4185 δ’.
2101 4130 2213 4185 Καὶ
2226 4131 2310 4183 ὅτι
2325 4128 2484 4182 τοῦτό
2499 4130 2650 4181 ἐστιν
2669 4126 2888 4198 ἀληθὲς,
2905 4126 3064 4196 δῆλον
3088 4124 3320 4179 ἐκεῖθεν.
3340 4126 3404 4179 Εἰ
3424 4125 3539 4197 7&9

1953 4221 2031 4285 ὡς
2070 4222 2235 4292 νόμον
2264 4218 2422 4273 τοῦτο
2459 4219 2673 4273 τέθεικε
2700 4217 2901 4281 πάσαις
2929 4220 3050 4281 ταῖς
3083 4216 3301 4284 γυναιξὶ
3341 4217 3402 4270 τὸ
3439 4233 3539 4284 γα-

1959 4312 2080 4381 μεῖν
2106 4310 2202 4363 καὶ
2238 4308 2665 4371 οἰκοδεσποτεῖν,
2704 4305 2979 4377 περιττῶς
3011 4307 3195 4358 ἐκεῖνα
3218 4305 3439 4376 ἀπῄτει,
3469 4306 3540 4358 Εἰ

1953 4401 2494 4470 ἐτεκνοτρόφησεν,
2523 4401 2577 4453 εἰ
2607 4397 2792 4467 ἁγίων
2834 4397 3026 4463 πόδας
3059 4397 3292 4464 ἔνιψεν,
3326 4398 3379 4449 εἰ
3408 4398 3538 4451 θλι-

1957 4492 2231 4562 ϐομένοις
2270 4490 2633 4560 ἐπήρκεσεν,
2677 4490 2731 4542 εἰ
2770 4487 2950 4540 παντί
3000 4487 3152 4555 ἔργῳ
3193 4486 3395 4555 ἀγαθῷ
3440 4487 3542 4540 ἐπ·

1957 4584 2342 4650 ηκολούθησε
2363 4598 2377 4611 ο
2403 4578 2676 4649 περιττῶς
2708 4576 2929 4630 κάκεῖνό
2958 4592 3092 4647 φησι
3119 4576 3200 4638 τὸ,
3242 4576 3415 4643 Ἐνὸς
3441 4577 3542 4630 ἀν-

1957 4674 2099 4743 δρὸς
2119 4672 2419 4743 γεγονυῖα.
2449 4672 2513 4724 Εἰ
2533 4669 2640 4741 7&9
2667 4669 2850 4732 πάσας
2869 4667 2968 4732 τὰς
2997 4667 3272 4740 νεωτέρας
3296 4667 3542 4732 κελεύεις

1958 4764 2277 4836 γαμεῖσθαι,
2306 4761 2422 4826 πῶς
2434 4762 2724 4833 δυνήσεταί
2743 4778 2828 4824 τις
2844 4761 2963 4825 ἐνὸς
2993 4761 3187 4833 ἀνδρὸς
3208 4756 3348 4815 εἶναι
3369 4763 3505 4833 γυνή
3523 4780 3539 4828 ;

1960 4850 2126 4902 Ὠστε
2158 4847 2297 4920 πρὸς
2320 4847 2535 4909 ἐκείνας
2559 4848 2588 4899 ὁ
2616 4845 2773 4914 λόγος
2797 4845 2970 4917 αὐτῷ·
3006 4843 3168 4900 Οὕτω
3194 4846 3291 4899 καὶ
3314 4846 3410 4899 ἐπὶ
3439 4847 3541 4917 τῆς

1962 4934 2247 4998 συνουσίας
2293 4934 2394 5005 τῆς
2445 4930 2589 4987 κατά
2617 4932 2710 4985 τὸν
2757 4931 2938 5004 γάμον
2970 4934 3135 4987 ποιεῖ.
3175 4932 3362 4987 Εἰπὼν
3410 4932 3542 5006 7&9,

1960 5032 2018 5083 Μ
2024 5030 2058 5095 ὴ
2093 5014 2483 5094 ἀποστερεῖτε
2511 5023 2849 5091 ἀλλήλους,
2889 5026 2943 5078 εἰ
2967 5023 3053 5093 μή
3092 5042 3149 5078 τι
3181 5024 3260 5079 ἂν
3288 5026 3359 5081 ἐκ
3386 5041 3543 5097 συμ-

1961 5120 2163 5191 φώνου
2201 5118 2351 5187 πρὸς
2382 5117 2612 5186 καιρὸν,
2644 5116 2748 5170 ἵνα
2785 5115 3124 5187 σχολάζητε
3180 5116 3255 5186 τῇ
3293 5119 3548 5186 νηστείᾳ

1963 5212 2061 5266 καὶ
2105 5207 2182 5278 τῇ
2214 5205 2550 5278 προσευχῇ,
2583 5204 2684 5259 καί
2720 5204 2909 5261 πάλιν
2960 5206 3062 5261 ἐπὶ
3103 5207 3168 5261 τὸ
3208 5206 3357 5260 αὐτὸ
3395 5222 3548 5260 συν-

1964 5297 2226 5366 έρχησθε
2249 5309 2263 5323 ·
2316 5293 2405 5345 ἵνα
2448 5290 2522 5362 μὴ
2551 5290 2780 5362 νομίζῃς
2821 5291 2884 5343 τὸ
2930 5293 3163 5361 πρᾶγμα
3191 5288 3356 5358 νόμον
3383 5284 3547 5353 εἶναι,

1965 5379 2295 5451 προστίθησι
2318 5376 2414 5448 τὴν
2443 5376 2623 5430 αἰτίαν
2655 5373 2885 5445 ὕστερον
2915 5373 3118 5441 λέγων·
3148 5373 3281 5433 Ἵνα
3303 5370 3391 5440 μὴ
3420 5388 3550 5425 πει-

1960 5464 2108 5532 ράζῃ
2136 5461 2296 5533 ὑμᾶς
2321 5465 2354 5516 ό
2385 5458 2678 5524 Σατανᾶς.
2721 5458 2901 5512 Τοῦτο
2932 5455 3001 5509 δὲ
3041 5455 3196 5524 λέγω
3225 5457 3377 5509 κατὰ
3402 5470 3551 5524 συγ-

1968 5550 2234 5618 γνώμην,
2265 5548 2375 5601 οὐκ
2407 5542 2721 5612 ἐπιταγὴν,
2757 5541 2855 5594 διὰ
2882 5538 2998 5607 τὴν
3029 5539 3331 5608 ἀκρασίαν
3364 5540 3550 5611 ὑμῶν.

1971 5634 2186 5703 ’Ὠσπερ
2215 5626 2308 5684 οὖν
2350 5629 2412 5681 οὐ
2465 5628 2631 5681 πᾶσιν
2687 5626 2805 5678 ἐκεῖ
2839 5621 3016 5677 ταῦτα
3050 5623 3379 5692 διαλέγεται,
3416 5624 3554 5678 ἀλλὰ

2024 5767 2060 5797 ·⁶
2102 5762 2219 5817 Cod.
2245 5760 2339 5810 748
2360 5758 2619 5819 ἠκόνησαν.
