4062 6438
537 302 646 361 525

539 421 654 483 τοῖς
687 415 1113 490 ἀκρατεστέροις
1146 413 1257 472 τῶν
1297 416 1606 488 ἀνθρώπων
1663 419 1759 473 καὶ
1801 418 2126 480 εύαλὼτοις·

540 500 686 554 οὓτω
729 502 826 554 καὶ
863 501 1098 554 ἐνταῦθα
1126 503 1248 564 ταῖς
1290 502 1642 572 εύχειρὼτοις
1669 502 1780 557 τῶν
1831 504 2131 573 γυναικῶν,

543 586 640 640 καὶ
671 585 747 657 μὴ
770 586 1102 657 δυναμέναις
1132 588 1382 654 ἐνεγκεῖν
1411 588 1505 640 τὸν
1534 588 1673 659 μετά
1704 588 1995 661 ἀκριϐείας
2018 589 2134 661 βίον

543 672 645 743 τῆς
678 673 922 744 χηρείας,
952 672 1182 737 ταύταις
1211 677 1470 746 παραινεῖ
1496 675 1590 728 καὶ
1618 676 1985 746 συμϐουλεύει
2007 675 2132 729 δεύ-

542 776 700 832 τερον
734 761 1051 829 ἐπεισάγειν
1075 761 1328 831 νυμφίον.
1366 762 1431 815 'H
1457 761 1568 833 γάρ
1590 762 1790 834 χηρεία
1826 762 2049 817 διπλοῦν
2081 780 2135 816 τι

538 851 777 920 πρᾶγμά
805 852 942 903 ἐστι.
987 850 1052 904 Τί
1081 850 1213 903 ποτέ
1244 853 1360 905 ἐστι
1383 848 1644 919 διπλοῦν;
1681 852 1901 923 Ἔργων
1931 852 2137 907 ἐπίδει-

543 937 625 1002 ξις
652 938 894 1006 ἀγαθῶν,
935 940 1031 992 καὶ
1059 940 1227 1011 τιμῆς
1259 939 1506 1013 ὑπεροχὴ
1537 940 1828 1012 μεγίστης.
1869 940 2137 1011 Καθάπερ

537 1024 634 1081 οὖν
662 1028 754 1081 καὶ
780 1028 814 1098 ή
857 1028 999 1099 ἀρχὴ
1028 1028 1250 1081 διπλοῦν
1287 1046 1341 1082 τι
1379 1029 1616 1101 πρᾶγμά
1652 1030 1836 1084 ἐστιν·
1885 1029 2000 1100 ἔχει
2026 1030 2138 1101 γάρ

543 1116 638 1169 καὶ
671 1115 809 1187 ἔργα
830 1117 928 1168 καὶ
959 1116 1178 1186 ἀξίωμα
1199 1133 1213 1147 ·
1239 1115 1458 1188 ἀξίωμα
1486 1118 1587 1188 μὲν
1618 1117 1794 1189 ἀρχῆς
1824 1120 1858 1189 ἡ
1892 1115 2134 1184 ἐξουσία,

541 1205 636 1259 καὶ
669 1205 703 1276 ἡ
734 1204 887 1275 παρά
908 1204 1021 1257 τῶν
1050 1205 1263 1258 πολλῶν
1301 1205 1589 1278 θεραπεία,
1632 1208 1730 1261 καὶ
1757 1206 1892 1261 αὐτὸ
1913 1207 1974 1260 τὸ
1997 1200 2141 1261 εἶναι

540 1291 800 1363 ἄρχοντα·
823 1292 959 1364 ἔργα
980 1291 1036 1345 δέ
1053 1295 1249 1365 ἀρχῆς,
1271 1294 1333 1347 τὸ
1357 1294 1575 1366 βοηθεῖν
1598 1297 1715 1358 τοῖς
1738 1294 2140 1367 ἀδικουμένοις,

543 1380 773 1434 κωλύειν
815 1382 944 1444 τοὺς
992 1380 1337 1446 ἀδικοῦντας,
1375 1382 1713 1454 προεστάναι
1758 1383 1869 1436 τῶν
1904 1383 2138 1448 πόλεων,

537 1469 982 1540 διανυκτερεύειν
1011 1469 1069 1521 ἐν
1090 1472 1212 1533 ταῖς
1235 1473 1446 1534 κοιναῖς
1471 1469 1583 1524 τῶν
1610 1471 1955 1543 πραγμάτων
1976 1487 2143 1542 φρον-

539 1558 674 1622 τίσι,
699 1557 794 1610 καὶ
820 1556 993 1629 μυρία
1022 1555 1217 1628 ἔτερα·
1242 1555 1387 1611 οὕτω
1404 1557 1501 1612 καὶ
1520 1560 1554 1628 ἡ
1583 1559 1783 1631 χηρεία
1804 1558 1899 1613 καὶ
1920 1558 2142 1629 ἀξίωμά

538 1647 659 1698 ἐστι
692 1645 787 1698 καὶ
813 1645 1005 1717 ἔργον·
1028 1645 1249 1716 ἀξίωμά
1268 1648 1436 1709 ἐστιν,
1465 1647 1599 1701 αύτὺ
1620 1647 1681 1701 τὸ
1716 1650 1863 1720 χήρα
1917 1659 1944 1688 ι
1974 1643 2137 1712 εἶναι,

547 1735 808 1805 μέγιστον
832 1732 915 1797 ὃν,
939 1734 1017 1799 ὼς
1046 1735 1414 1807 ἀπεδείξαμεν
1436 1735 1749 1812 ἔμπροσθεν
1769 1752 1784 1765 ·
1811 1736 1974 1809 ἔργον
1999 1736 2139 1802 ἐστὶ,

536 1823 606 1874 τὸ
640 1823 719 1893 μὴ
742 1821 1007 1893 ’δεύτερον
1039 1823 1359 1891 ἐπεισάγειν
1396 1824 1589 1895 ἄνδρα,
1641 1824 1758 1877 ἀλλ’
1804 1822 2144 1896 ἀρκεσθῆναι

545 1910 624 1979 τῷ
658 1910 932 1980 προτέρῳ,
975 1909 1038 1962 τὸ
1067 1913 1525 1982 τανοτροφῆσαι,
1574 1912 1637 1964 τὸ
1668 1910 2036 1983 ξενοδοχῆσαι,
2081 1909 2143 1963 τὺ

548 1995 724 2063 ἁγίων
775 1994 943 2059 πόδας
987 1995 1175 2065 νίψαι,
1224 1996 1287 2049 τὺ
1326 1997 1667 2069 θλιϐομένοις
1704 1999 2032 2069 ἐπαρκέσαι,
2081 1997 2145 2051 τὸ

549 2081 715 2133 παντὶ
742 2079 894 2152 ἔργῳ
926 2080 1117 2152 ἀγαθῷ
1139 2081 1604 2153 ἐπακολουθῆσαι.
1646 2084 1704 2137 Ὀ
1730 2084 1911 2152 τοίνυν
1931 2082 2147 2146 Παῦλος

548 2168 681 2237 περὶ
721 2168 905 2221 αὐτῶν
932 2161 1340 2240 διαλεγόμενος,
1377 2171 1448 2225 τά
1492 2172 1591 2242 μὲν
1633 2170 1772 2244 ἔργα
1813 2172 1918 2240 τῆς
1967 2172 2143 2243 χήρας

545 2254 774 2327 ἀφίησιν
808 2255 981 2329 αὐτὴν
1016 2256 1196 2311 πάντα
1240 2258 1546 2312 ἐπιτελεῖν·
1592 2261 1671 2324 εἰς
1708 2258 1766 2312 δὲ
1813 2257 1876 2311 τὸ
1924 2256 2146 2328 ἀξίωμα

547 2343 648 2414 τῆς
673 2344 872 2415 χήρας,
906 2345 1001 2398 καὶ
1027 2345 1120 2398 τὸν
1143 2345 1325 2418 χορὸν,
1355 2348 1450 2401 καὶ
1476 2346 1574 2419 τὴν
1602 2346 1756 2413 τάξιν
1786 2346 1887 2399 οὐκ
1916 2346 2146 2415 ἀφίησιν

549 2430 722 2503 αὐτὴν
782 2432 1076 2498 εἰσελθεῖν,
1107 2434 1213 2497 ἓως
1257 2433 1325 2488 ἂν
1362 2434 1659 2505 ἑξηκοστὸν
1715 2435 1837 2497 ἔτος
1869 2434 2143 2507 παρέλθῃ,

551 2525 840 2595 μονονουχὶ
876 2524 1084 2594 λέγων·
1109 2524 1263 2598 [513]
1304 2527 1540 2580 Ποιείτω
1583 2526 1683 2597 μὲν
1726 2524 1797 2579 τὰ
1833 2524 1937 2596 τῆς
1971 2528 2148 2597 χήρας

549 2613 712 2683 ἔργα,
747 2614 850 2682 τῆς
882 2612 939 2667 δὲ
967 2613 1133 2683 τιμῆς
1159 2612 1432 2677 ἀξιούσθω
1464 2614 1611 2679 τότε,
1653 2615 1785 2668 ὅταν
1814 2613 1994 2667 πάντα
2024 2614 2148 2667 ἐπι-

548 2701 847 2771 δειξαμένη
886 2701 981 2754 καὶ
1019 2698 1119 2772 τὴν
1144 2702 1254 2755 ἀπὸ
1280 2701 1374 2755 τοῦ
1403 2703 1601 2774 χρόνου
1628 2701 1817 2756 λοιπὸν
1844 2691 2149 2771 ἀσφάλειαν

551 2790 673 2861 ἔχῃ.
709 2792 806 2844 καὶ
832 2789 934 2862 τὴν
968 2791 1077 2844 ἀπὸ
1106 2790 1217 2844 τῶν
1243 2790 1422 2861 ἔργων
1443 2791 1741 2856 ἀπόδειξιν.
1777 2790 1873 2844 xal
1897 2790 1997 2861 τὴν
2021 2790 2151 2855 ἔξω·
2173 2840 2179 2846 .

552 2878 645 2931 θεν
682 2878 1010 2949 μαρτυρίαν.
1039 2879 1247 2951 Μηδεὶς
1281 2877 1499 2948 γυναιξὶ
1539 2880 1702 2951 μόνον
1723 2878 1816 2931 τὸν
1846 2878 2005 2947 λόγον
2028 2878 2153 2931 τοῦ·

553 2985 645 3021 τον
676 2970 982 3039 ἐπιτήδειον
1005 2962 1145 3022 εῖναι
1171 2969 1462 3039 νομιζέτω.
1497 2969 1607 3022 Kal
1631 2968 1740 3040 γὰρ
1764 2968 1861 3021 καὶ
1889 2966 2151 3039 ἀνδράσιν

558 3057 675 3109 ἐστὶ
703 3058 1000 3127 χρήσιμος,
1038 3056 1128 3109 ’ίνα
1160 3057 1254 3110 καὶ
1288 3055 1445 3109 αὐτοὶ
1486 3056 1759 3127 στέργωσι
1789 3055 1889 3119 τάς
1940 3053 2150 3108 ἐαυτῶν

557 3144 653 3196 καὶ
686 3143 1051 3208 ἀπελθούσας,
1074 3145 1170 3197 καὶ
1190 3143 1265 3215 μὴ
1299 3143 1523 3207 λεαίνας
1550 3141 2010 3211 συγκατοικίζωσι
2040 3145 2152 3207 τοῖς

561 3230 815 3296 παιδίοις,
852 3231 1130 3303 μητρυιὰς
1160 3230 1571 3298 ἐπεισάγοντες,
1603 3229 1700 3284 καὶ
1726 3229 1828 3302 τὴν
1848 3227 2153 3298 ἀσφάλειαν

554 3319 656 3391 τὴν
691 3319 904 3373 ἑαυτῶν
935 3319 1157 3374 ἃπασαν
1190 3319 1617 3393 ἀνατρέποντες.

629 3414 691 3462 ε’.
733 3406 922 3462 Ταῦτα
954 3407 1012 3461 δὲ
1031 3407 1266 3480 λέγομεν
1294 3407 1416 3478 οὐχὶ
1452 3403 1876 3478 νομοθετοῦντες
1903 3403 2156 3477 δεύτερον

557 3493 1005 3567 ἀποστρέφεσθαι
1042 3496 1245 3566 γάμον,
1276 3494 1413 3547 ἀλλά
1447 3493 1845 3565 παραινοῦντες
1880 3494 1975 3547 καὶ
2011 3511 2154 3564 συμ-

558 3583 910 3647 ϐουλεύοντες
935 3583 1075 3655 μετά
1087 3583 1445 3656 σωφροσύνης
1469 3582 1763 3654 ἀρκεῖσθαι
1779 3580 1858 3652 τῷ
1878 3582 2152 3654 προτέρῳ.

563 3672 790 3743 Ἕτερόν
844 3673 992 3725 ἐστιν
1037 3674 1328 3744 παραινεῖν
1370 3672 1465 3725 καὶ
1502 3668 1917 3741 συμϐουλεύειν,
1969 3670 2157 3739 ἕτερον

559 3760 895 3831 νομοθετεῖν.
944 3760 1004 3814 '0
1049 3759 1150 3830 μὲν
1175 3759 1285 3831 γὰρ
1314 3758 1600 3831 παραινῶν
1623 3756 1717 3812 καὶ
1744 3756 2154 3829 συμϐουλεύων,

559 3848 752 3919 νόριον
792 3847 987 3919 ἀφίησι
1012 3847 1103 3901 τὸν
1134 3847 1405 3901 ἀκούοντα
1429 3850 1529 3919 τῆς
1557 3846 1668 3899 τῶν
1711 3843 2158 3916 συμϐουλευομέ-

561 3953 669 3991 ww
692 3937 958 4006 αἱρέσεως
982 3930 1131 3990 εἶναι
1150 3951 1164 3966 ·
1194 3939 1221 3989 6
1244 3934 1302 3989 δὲ
1340 3928 1673 4005 νομοθετῶν,
1716 3932 1926 4001 ταύτην
1959 3946 2160 4005 παραι-

562 4028 738 4079 τεῖται
760 4026 790 4065 ι’
825 4027 924 4094 τὴν
953 4023 1206 4089 ἐξουσίαν
1256 4023 1458 4079 αὐτῶν,
1507 4022 1648 4076 Ἀλλ’
1677 4023 1712 4094 ἡ
1748 4020 2047 4092 Ἐκκλησία
2096 4021 2158 4074 ού

565 4112 854 4183 νομοθετεῖ
878 4111 1076 4175 ταῦτα,
1109 4111 1248 4166 ἀλλά
1276 4113 1538 4183 παραινεῖ
1573 4110 1766 4182 μόνον·
1797 4111 1894 4163 καὶ
1922 4109 2035 4181 γὰρ
2064 4109 2160 4163 καὶ

562 4200 822 4271 δεύτερον
855 4198 1126 4268 ἐπέτρεψε
1161 4199 1340 4270 γάμον
1374 4201 1402 4252 6
1450 4197 1687 4263 Παῦλος,
1726 4196 1905 4262 οὕτως
1944 4195 2121 4250 εἰπών
2143 4213 2158 4226 ·

565 4290 739 4358 Γυνὴ
773 4286 1009 4342 δέδεται
1039 4288 1221 4356 νόμῳ,
1264 4287 1357 4356 ἐφ’
1391 4288 1545 4341 ὅσον
1571 4289 1795 4355 χρόνον
1822 4284 1890 4354 ζῇ
1929 4289 1962 4340 ό
1996 4284 2162 4352 ἀνὴρ

565 4376 792 4448 αὐτῆς·
823 4376 935 4430 ἐὰν
961 4374 1031 4428 δὲ
1066 4375 1327 4444 κοιμηθῇ
1365 4378 1396 4430 ὀ
1436 4374 1615 4441 ἀνὴρ,
1652 4373 1951 4442 ἐλευθέρα
1984 4373 2162 4426 ἐστίν

566 4461 617 4534 ᾧ
642 4466 799 4522 θέλει
822 4462 1183 4536 γαμηθῆναι,
1208 4463 1400 4533 μόνον
1416 4462 1487 4517 ἐν
1509 4462 1729 4531 Κυρίῳ·
1752 4461 2163 4532 μακαριωτέρα

569 4555 638 4612 δέ
656 4556 848 4617 ἐστιν,
864 4554 974 4609 ἐὰν
994 4553 1149 4607 οὕτω
1168 4553 1371 4622 μείνῃ.
1409 4552 1623 4621 ’Ὠσπερ
1653 4548 1748 4606 οὖν
1793 4550 1959 4606 καλὸν
1994 4550 2092 4620 μὲν
2132 4551 2161 4602 ὁ

568 4647 769 4715 γάμος,
800 4645 1073 4717 κρείσσων
1102 4643 1160 4696 δέ
1179 4645 1214 4714 ή
1240 4642 1515 4715 παρθενίη.
1535 4661 1547 4673 ·
1565 4641 1712 4695 οὓτω
1738 4640 1904 4695 καλὸν
1936 4640 2039 4713 μὲν
2068 4639 2163 4692 καὶ⁸

568 4739 599 4790 6
625 4733 879 4805 δεύτερος
910 4734 1111 4804 γάμος,
1142 4732 1418 4805 κρείσσων
1454 4731 1515 4784 δὲ
1545 4730 1714 4786 αὐτοῦ
1740 4734 1769 4785 6
1814 4732 2032 4802 πρῶτος
2068 4729 2165 4783 καὶ

574 4824 757 4896 μόνος.
799 4824 873 4877 υύ
907 4823 1088 4877 τοίνυν
1136 4822 1477 4894 ἐκϐάλλομεν
1505 4821 1762 4893 δεύτερον
1796 4822 1996 4890 γάμον,
2043 4817 2166 4872 οὐδὲ

573 4910 975 4983 νομοθετοῦμεν
992 4911 1192 4971 ταῦτα,
1238 4910 1378 4965 ἀλλά
1410 4908 1815 4981 παραινοῦμεν,
1846 4907 1904 4960 εί
1944 4924 2033 4971 τις
2059 4906 2155 4960 δύ-

572 5016 729 5052 ναιτο
757 5002 1076 5071 σωφρονεῖν,
1104 4999 1197 5053 ἐπὶ
1223 4998 1300 5070 τῷ
1328 4998 1584 5070 προτέρῳ
1613 4998 1819 5068 μένειν.
1850 4993 2164 5067 Παραινοῦ-

578 5104 679 5158 μεν
704 5087 761 5140 δὲ
792 5087 888 5140 καὶ
936 5085 1381 5158 συμϐουλεύομεν
1417 5088 1514 5139 καὶ
1550 5085 1617 5139 δι’
1650 5086 1823 5156 αὐτὴν
1854 5084 1954 5155 τῆς
1986 5083 2168 5148 οἰκίας

575 5177 673 5250 τὴν
710 5175 1048 5247 ἀσφάλειαν·
1093 5176 1274 5247 μάχης
1315 5174 1427 5247 γὰρ
1475 5174 1739 5239 πολλάκις
1767 5174 1865 5227 καὶ
1909 5172 2167 5243 πολέμων

576 5263 964 5339 καθημερινῶν
992 5266 1020 5318 ό
1048 5263 1305 5335 δεύτερος
1348 5264 1528 5332 γάμος
1570 5262 1715 5335 ἀρχὴ
1754 5263 1852 5315 καὶ
1888 5261 2169 5332 πρόφασις

577 5354 788 5425 γέγονε.
816 5353 1087 5417 Πολλάκις
1115 5351 1248 5422 γοῦν
1291 5351 1429 5422 ἀνὴρ
1466 5352 1564 5405 ἐπὶ
1601 5350 1883 5422 τραπέζης
1913 5348 2163 5420 καθήμε-

579 5459 688 5507 νος,
733 5445 834 5514 τῆς
881 5441 1159 5513 προτέρας
1202 5439 1466 5510 γυναικὸς
1515 5436 1888 5509 ἀναμνησθεὶς
1932 5437 2028 5490 ἐπὶ
2070 5437 2170 5508 τῆς

581 5533 860 5606 δευτέρας,
904 5535 1207 5603 ἐδάκρυσεν
1248 5531 1433 5602 ἠρέμα
1456 5544 1471 5560 ·
1508 5533 1543 5601 ἡ
1585 5529 1643 5583 δέ
1673 5528 1876 5591 εὐθέως
1908 5526 2162 5599 ⁴ίιγρίανε,

581 5625 677 5677 καὶ
722 5624 976 5695 καθάπερ
1013 5622 1205 5695 θηρίον
1251 5621 1588 5693 ἐπεπήδησε,
1634 5620 1734 5691 τῆς
1783 5617 2169 5690 φιλοστοργίας

647 5717 675 5776 ξ’·
697 5715 796 5765 Alii
820 5715 987 5776 χήραν.
1096 5749 1099 5752 -

646 5773 675 5816 h
701 5771 869 5826 Cod.'7
884 5771 935 5822 i8
950 5773 1268 5837 παραιρεῖται,
1291 5771 1419 5823 alius
1437 5772 1747 5837 παραινεῖται.

1289 319 1346 376 S.
1379 318 1665 375 JOANNIS
1698 311 2197 374 CHRYSOSTOMI
2236 311 2555 370 ARCHIEP.
2584 309 3135 368 CONSTANTINOP.

2227 418 2393 474 αὐτὸν
2416 417 2521 486 τῆς
2543 414 2682 488 πρὸς
2703 413 2924 485 ἐκείνην
2951 410 3263 468 ἀπαιτοῦσα
3284 412 3447 485 δίκην
3471 424 3486 439 ·
3526 411 3640 467 κᾶν
3666 412 3825 465 ἐπαιο

2225 511 2379 565 νέσαι
2402 509 2510 580 τὴν
2542 504 2885 561 ἀπελθοῦσαν
2922 502 3146 576 θελήσῃ,
3194 502 3404 571 γίνεται
3439 499 3689 570 πολέμου
3734 498 3831 552 καὶ

2234 599 2416 670 μάχης
2434 595 2708 669 πρόφασις
2733 594 2769 664 ὴ
2788 591 2896 645 τῶν
2920 589 3214 660 ἐγκωμίων
3242 588 3527 652 ὑπόθεσις.
3546 586 3670 640 Kal
3689 583 3826 655 πρὸς

2234 687 2334 760 μὶν
2360 685 2490 749 τοὺς
2516 683 2750 755 ἐχθροὺς
2786 678 3126 741 ἀπελθόντας
3150 675 3526 747 σπενδόμεθα,
3561 673 3659 727 καὶ
3687 671 3830 743 μετά

2227 774 2328 844 τῆς
2364 771 2512 843 ζωῆς
2558 769 2742 825 αὐτῶν
2776 769 2873 823 καὶ
2912 766 3014 838 τὴν
3047 765 3188 837 πρὸς
3227 765 3429 829 αὐτοὺς
3474 760 3833 830 καταλύομεν

2231 860 2435 932 ἔχθραν
2452 873 2466 887 ·
2503 859 2599 911 ἐπὶ
2625 857 2685 910 δὲ
2711 854 2824 908 τῶν
2847 851 3127 923 γυναικῶν
3150 851 3470 905 τούναντίον
3507 850 3683 904 ἅπαν.
3723 847 3828 899 Ἦν

2231 950 2342 1020 γὰρ
2372 946 2477 1001 οὐκ
2520 939 2683 1008 εἶδεν,
2710 938 2781 1016 ἧς
2804 943 2907 995 ούκ
2945 941 3172 1012 ἤκουσε,
3199 938 3333 1010 παρ’
3357 932 3428 1011 ἧς
3467 936 3625 991 οὐδὲν
3654 934 3829 989 ἔπαθε

2232 1035 2426 1100 δεινὸν,
2475 1031 2680 1102 ταύτην
2716 1032 2868 1102 μισεῖ
2902 1030 2998 1083 καί⁵
3025 1024 3457 1097 ἀποστρέφεται,
3486 1026 3585 1080 καὶ
3629 1023 3756 1078 οῦδὲ
3799 1022 3831 1074 6

2236 1125 2469 1188 θάνατος
2496 1123 2559 1175 τὸ
2592 1123 2751 1192 μῖσος
2783 1118 3058 1172 σϐέννυσι.
3090 1117 3190 1180 Τίς
3215 1110 3349 1177 εἶδε,
3378 1114 3466 1179 τίς
3486 1115 3699 1185 ἢκουσε
3728 1113 3821 1182 ζη-

2233 1211 2643 1283 λοτυπουμένην
2680 1209 2853 1273 κόνιν,
2886 1205 2982 1261 καὶ
3010 1203 3426 1275 πολεμουμένην
3451 1202 3701 1273 τέφρανς

2299 1314 2372 1367 ς’.
2418 1304 2556 1359 Ἀλλ’
2580 1305 2642 1357 ού
2666 1302 2832 1374 μέχρι.
2847 1297 3038 1353 τούτου
3054 1296 3117 1351 τδ
3136 1295 3331 1350 δεινόν·
3348 1293 3486 1348 ἀλλὰ
3504 1291 3610 1347 κάν
3628 1290 3830 1361 γένων-

2235 1416 2327 1453 ται
2367 1396 2558 1458 παίδες
2601 1396 2668 1447 ἐκ
2698 1392 2799 1465 τῆς
2842 1389 3125 1461 δευτέρας,
3154 1386 3259 1442 κάν
3291 1385 3368 1458 μὴ
3402 1385 3701 1454 γένωνται,
3728 1383 3831 1435 πό-

2237 1490 2403 1563 λεμος
2438 1487 2601 1542 πάλιν
2631 1485 2729 1540 καὶ
2760 1484 2933 1556 μάχη.
2975 1482 3067 1553 Μὴ
3098 1479 3411 1551 γενομένων
3446 1478 3547 1549 μὲν
3576 1476 3689 1548 γὰρ
3708 1475 3831 1528 όδυο

2237 1587 2394 1640 νάται
2432 1580 2719 1655 μειζόνως,
2758 1578 2854 1632 καὶ
2889 1574 2978 1630 διά
3010 1573 3193 1637 τοῦτο,
3238 1570 3494 1641 καθάπερ
3535 1568 3835 1638 πολεμίους

2238 1677 2336 1732 καὶ
2366 1676 2434 1730 τὰ
2474 1674 2710 1745 μέγιστα
2754 1669 3088 1741 ἠδικηκότας
3110 1666 3239 1728 τοὺς
3267 1664 3368 1735 τῆς
3396 1660 3681 1735 προτέρας
3706 1660 3834 1730 ὁρᾷ,

2236 1772 2326 1826 διὰ
2350 1769 2452 1837 τῆς
2491 1766 2717 1820 ἐκείνων
2746 1762 2895 1832 ζωῆς
2927 1761 3025 1832 τῆς
3046 1757 3257 1821 οἰκείας
3280 1754 3541 1818 ἀπαιδίας
3566 1751 3836 1821 σαφεστέ-

2241 1882 2341 1938 ραν
2369 1860 2726 1933 λαμϐάνουσα
2770 1854 3047 1926 αἴσθησιν.
3083 1854 3182 1906 Ἂν
3221 1848 3281 1903 δὲ
3324 1844 3843 1938 γένωνται,

2239 1935 2341 2011 οὐκ
2377 1955 2600 2008 ἔλαττον
2636 1951 2700 2005 τὸ
2730 1949 2925 2004 δεινόν.
2968 1947 3029 2001 '0
3071 1944 3173 2016 μὲν
3210 1942 3322 2015 γὰρ
3376 1938 3519 2010 ἀνὴρ
3566 1935 3841 1997 πολλάκις

2241 2048 2617 2119 φιλοστόργως
2645 2042 2785 2114 πρὸς
2815 2039 2917 2111 τὴν
2947 2033 3293 2092 ἀπελθοῦσαν
3326 2030 3680 2100 διακείμενος
3709 2029 3841 2079 ἀντ⁸

2241 2142 2430 2213 έχεται
2474 2129 2708 2197 τούτων,
2752 2130 2923 2203 φιλῶν
2952 2147 3015 2183 τε
3039 2126 3178 2199 ὁμοῦ
3205 2126 3303 2179 καὶ
3340 2121 3508 2178 ἐλεῶν
3530 2120 3632 2190 τῆς
3664 2120 3839 2213 ὄρφον..

2399 2230 2550 2305 [516]
2594 2226 2828 2285 αύτούς·
2867 2222 3053 2291 ἐκείνη
3086 2220 3145 2272 δέ
3177 2214 3458 2287 πανταχοῦ
3490 2214 3617 2275 τοὺς
3662 2211 3849 2281 αὐτῆς

2244 2323 2623 2399 προτιμᾶσθαι
2655 2318 2927 2392 βούλεται.
2967 2314 3063 2368 καὶ
3100 2311 3224 2366 οὐδὲ
3262 2312 3326 2399 ἐν
3355 2306 3605 2375 ἀδελφῶν
3657 2305 3841 2399 τάξει,

2242 2395 2360 2474 ἀλλ’
2399 2395 2459 2471 ἐν
2501 2412 2734 2470 οἰκετῶν
2767 2405 3202 2480 ἀπερριμμένων
3233 2398 3376 2456 εἶναι
3420 2399 3679 2471 βούλεται
3717 2395 3845 2451 τού-

2242 2522 2400 2568 τους·
2430 2504 2576 2575 άπερ
2604 2501 2822 2556 ἅπαντα
2851 2497 3030 2550 οἰκίαν
3051 2491 3356 2562 ἀνατρέψαι
3379 2489 3587 2544 δύναιτ’
3621 2488 3715 2551 ἂν,
3747 2484 3842 2539 καὶ

2243 2600 2323 2672 τῷ
2355 2595 2701 2668 γεγαμηκότι
2736 2590 2967 2660 ποιῆσαι
2989 2587 3081 2640 τὸν
3106 2585 3220 2657 βίον
3248 2582 3500 2637 ἀϐίωτον.
3540 2578 3647 2634 Διά
3672 2578 3841 2634 ταῦτα

2247 2668 2649 2762 παραινοῦμεν,
2698 2686 2749 2738 εί
2790 2680 3040 2743 δυνατὸν,
3090 2677 3410 2747 σωφρονεῖν,
3457 2672 3719 2742 στέργειν
3765 2668 3837 2740 τῷ

2248 2781 2505 2856 προτέρῳ
2534 2778 2723 2849 γάμῳ,
2767 2775 2864 2827 καὶ¹
2908 2772 3048 2844 μήτε
3092 2767 3363 2840 νυμφίους
3408 2764 3511 2856 τάς
3545 2766 3837 2856 γυναῖκας.

2251 2855 2389 2948 μήτε
2412 2875 2681 2943 γυναῖκας
2712 2868 2838 2928 τοὺς
2865 2865 3070 2936 ἄνδρας
3099 2861 3439 2928 ἐπεισάγειν,
3461 2855 3609 2910 ὥστε
3642 2855 3724 2927 μὴ
3744 2855 3848 2924 τὴν

2246 2967 2427 3038 οἰκίαν
2455 2959 2864 3034 ἀνατρέπεσθαι
2888 2959 3093 3012 πᾶσαν.

2320 3058 2478 3122 Τίνος
2517 3055 2576 3110 δέ
2610 3055 2800 3108 ’ένεκεν
2839 3050 2968 3122 περὶ
3004 3047 3235 3120 χηρείας
3280 3044 3693 3114 διαλεγόμενος,
3746 3040 3854 3093 οὐκ

2248 3144 2498 3217 ἠρκέσθη
2522 3141 2601 3214 τῷ
2631 3139 2887 3214 προτέρῳ
2910 3138 3079 3209 μόνῳ,
3104 3134 3182 3207 τῷ
3203 3136 3403 3197 εἰπεῖν,
3432 3131 3604 3197 Ἑνὸς
3620 3128 3859 3198 ἀνδρὸς

2250 3236 2438 3308 Tum};
2473 3237 2593 3289 Ἵνα
2626 3233 2825 3305 μάθῃς,
2856 3231 2939 3284 ὅτι
2967 3230 3144 3301 χήραν
3178 3227 3326 3280 ποιεῖ
3355 3225 3417 3279 ού
3450 3224 3515 3278 τὸ
3544 3224 3625 3297 μὴ
3658 3221 3853 3293 γαμῆ-

2252 3347 2343 3384 σαι
2370 3328 2624 3399 δεύτερον
2656 3326 2819 3397 μόνον
2851 3321 3059 3385 ἁπλῶς,
3093 3320 3233 3375 ἀλλά
3272 3319 3335 3372 τὸ
3362 3318 3542 3390 κομᾷν
3571 3318 3630 3370 ἐν
3662 3315 3861 3388 ἔργοις

2250 3421 2496 3491 ἀγαθοῖς,
2533 3421 2591 3472 ἐν
2630 3414 2974 3487 ἐλεημοσύνη
3006 3412 3102 3466 καὶ
3139 3406 3549 3480 φιλανθρωπίᾳ,
3581 3407 3683 3461 καὶ
3724 3407 3853 3469 ταῖς

2250 3515 2361 3570 τῶν
2405 3513 2572 3580 ξένων
2606 3507 2948 3580 θεραπείαις.
2994 3504 3059 3558 Εἰ
3088 3504 3201 3576 γάρ
3231 3503 3332 3565 τὰς
3350 3499 3663 3571 παρθένους
3694 3498 3858 3553 οὐδὲν

2252 3605 2535 3675 ὠφέλησεν
2565 3602 2600 3673 ἡ
2633 3597 2899 3671 παρθενία
2934 3594 3135 3665 (καίτοι
3178 3590 3356 3662 πολλῷ
3387 3588 3594 3661 μείζων
3618 3588 3855 3659 χηρείας

2252 3700 2287 3770 ὴ
2335 3694 2651 3767 παρθενία),
2690 3690 2807 3745 ἀλλ’
2858 3687 3125 3758 ἀπῆλθον,
3171 3684 3492 3743 σϐεσθέντος
3519 3682 3725 3745 αὐταῖς
3758 3677 3857 3734 τοῦ

2255 3790 2427 3864 πυρὸς
2461 3788 2571 3841 τῶν
2615 3783 2941 3856 λαμπάδων,
2985 3777 3356 3852 ἠτιμωμέναι,
3387 3775 3581 3846 ἐπειδὴ
3617 3774 3716 3828 τὸν
3746 3771 3857 3828 ἀπὸ

2255 3886 2354 3955 τῆς
2393 3877 2810 3953 φιλανθρωπίας
2838 3875 2934 3929 καὶ
2968 3871 3342 3943 ἐλεημοσύνης
3378 3869 3481 3922 οὐκ
3509 3866 3679 3939 ἔσχον
3726 3868 3854 3920 ἐπι-

2255 3974 2427 4039 δεῖξαι
2471 3969 2706 4043 καρπὸν,
2758 3962 2940 4035 πολλῷ
2982 3963 3184 4036 μᾶλλον
3235 3961 3293 4015 αἱ
3347 3960 3535 4031 χῆραι.
3601 3956 3863 4025 Ἐκείνης

2255 4067 2387 4138 γοῦν
2418 4058 2658 4125 ἀκούσας
2684 4060 2784 4131 τῆς
2813 4055 3133 4129 παραϐολῆς
3158 4056 3187 4108 6
3219 4050 3456 4113 Παῦλος,
3505 4049 3607 4103 καὶ
3656 4046 3869 4117 φοϐούο

2258 4176 2417 4233 μενος
2447 4156 2586 4226 ὑπὲρ
2616 4152 2843 4212 τούτων,
2905 4147 3105 4219 πολλὴν
3155 4147 3297 4216 ὑπὲρ
3325 4143 3419 4196 τοῦ
3452 4154 3477 4183 ο
3518 4141 3868 4233 πράγματος

2260 4228 2494 4306 ποιεῖται
2532 4247 2630 4319 τὴν
2686 4241 3095 4315 ἀκριϐολογίαν,
3144 4240 3233 4291 ῖνα
3289 4235 3364 4306 μὴ
3408 4235 3479 4306 τῇ
3538 4228 3877 4319 μονογαμὶφ.

2259 4341 2563 4417 θαρῤοῦσαι
2590 4318 2593 4319 ν
2620 4336 2722 4407 τῆς
2767 4333 2966 4404 λοιπῆς
3016 4328 3218 4404 ἀρετῆς
3256 4325 3736 4417 καταμελήσωσιῖ
3771 4318 3867 4374 διὰ

2258 4412 2415 4490 τοῦτό
2459 4448 2645 4504 φησιν,
2709 4428 2814 4481 Ἐν
2854 4425 3051 4494 ἔργοις
3105 4418 3316 4485 καλοῖς
3349 4412 3864 4504 μαρτιφοιιμέτη·
3944 4462 3953 4469 .

2259 4528 2451 4598 ὥσπερ
2474 4501 2592 4595 γάρ
2630 4518 2797 4575 καλὸν
2822 4519 2856 4588 ἡ
2893 4512 3186 4587 παρθενία,
3214 4511 3386 4582 χωρὶς
3417 4507 3475 4560 δὲ
3501 4504 3616 4557 τῶν
3645 4501 3871 4598 λοιπῶν

2260 4594 2514 4692 ἄκαρπος
2544 4594 2761 4684 γέγονε,
2781 4607 2991 4664 καὶτοῦ
3011 4604 3302 4675 νυμφῶνος
3321 4599 3649 4656 ἀπέκλεισεν
3669 4610 3685 4624 ·
3713 4594 3875 4692 οὕτω

2260 4687 2426 4771 καλδν
2465 4713 2500 4783 ἡ
2531 4707 2752 4780 χηρεία,
2797 4701 2969 4775 χωρὶς
3009 4699 3066 4752 δὲ
3097 4698 3194 4768 τῆς
3233 4692 3429 4763 λοιπῆς
3479 4688 3687 4783 ἀρετῆς
3712 4687 3873 4783 ~96:-

2260 4803 2412 4859 ταιόν
2582 4777 2677 4852 καὶ
2703 4791 2979 4867 περιττόν.
3015 4789 3115 4844 Διά
3148 4786 3311 4840 τοῦτο
3344 4784 3405 4838 οὐ
3443 4781 3607 4853 μέχρι
3637 4778 3745 4832 τοῦ
3785 4777 3883 4851 μὴ

2264 4895 2518 4964 δεύτερον
2555 4886 2871 4953 ἐπεισάγειν
2907 4883 3080 4953 ἄνδρα
3114 4878 3214 4952 τὴν
3254 4876 3581 4947 παραίνεσιν
3619 4870 3888 4941 ἔστησεν

2261 4993 2292 5044 6
2332 4963 2566 5049 Παῦλος,
2611 4980 2750 5035 ἀλλὰ
2783 4978 2879 5032 και
2917 4977 3084 5049 ἐτερα
3115 4971 3299 5043 πολλῷ
3333 4969 3557 5023 πλείονα
3593 4965 3693 5019 και
3741 4963 3882 5035 μεί-

2266 5084 2396 5149 ζονα
2425 5079 2650 5133 ἀπαιτεῖ
2685 5074 2840 5145 παρά
2867 5072 2967 5144 τῆς
2990 5071 3185 5142 χήρας.
3215 5065 3327 5119 Καὶ
3354 5062 3609 5132 καθάπερ
3637 5058 3693 5110 of.
3728 5056 3887 5149 τοὺς

2267 5170 2606 5245 στρατιώτας
2622 5166 3014 5234 καταλέγοντες
3050 5160 3307 5231 σώματος
3328 5152 3584 5225 ζητοῦσιν
3613 5148 3883 5212 εὐεξίαν,

2266 5264 2409 5318 οῦτω
2440 5263 2537 5317 καὶ
2565 5255 2720 5324 οὗτος
2752 5258 2835 5320 εἰς
2864 5255 2926 5309 τὸ
2954 5253 3051 5308 τοῦ
3086 5247 3328 5323 Χριστοῦ
3362 5240 3737 5318 στρατόπεδον
3778 5242 3889 5294 αὐε-

2265 5359 2363 5430 τὴν
2394 5354 2733 5423 καταλέγων,
2767 5349 2946 5421 ψυχῆς
2977 5345 3191 5410 εὐεξίαν
3216 5340 3453 5412 ἐζήτησε
3479 5334 3576 5390 καὶ
3605 5332 3895 5386 εὐτονίαν

2267 5451 2361 5506 καὶ
2393 5449 2491 5520 τὴν
2532 5448 2589 5499 ἐν
2616 5444 2791 5499 ἅπασι
2823 5443 2937 5504 τοῖς
2955 5437 3182 5508 ἀγαθοῖς
3208 5434 3392 5506 ἔργοις
3424 5425 3685 5497 σπουδὴν.
3722 5426 3899 5482 οὕτω

2266 5543 2473 5611 λέγων·
2526 5538 2598 5592 El
2627 5532 3170 5601 ἐτεκνοτρόφησεν,
3205 5528 3261 5580 εί
3290 5520 3789 5611 ἐξενοδόχησεν,
3835 5522 3896 5574 ει

2265 5608 2453 5706 ἀγέίὼν
2477 5628 2670 5693 πόδας
2714 5625 2952 5693 ἔνιψεν,
2989 5624 3044 5676 εἰ
3081 5615 3460 5688 θλιϐομένοις
3486 5608 3900 5695 ἐπήρκεσεν.

2332 5770 2356 5800 ο
2383 5765 2481 5818 Alii
2504 5763 2683 5820 πολλὴν
2704 5761 2781 5811 ἐπὶ
2801 5755 2903 5810 τοῦ.
