4062 6422
324 369 432 429 525

326 482 487 551 igitur
508 494 617 535 non
642 477 892 534 omnibus
918 478 1024 533 illic
1047 476 1144 531 ista
1172 472 1424 546 loquitur,
1452 470 1551 529 sed
1575 472 1641 527 iis
1665 469 1755 540 qui
1775 470 1917 526 inter

325 574 570 628 homines
594 569 1071 627 ineontinentiores
1095 576 1241 629 sunt,
1270 575 1323 621 et
1346 562 1505 619 facile
1524 563 1642 632 capi
1668 571 1913 632 possunt:

322 665 402 718 sic
428 665 587 719 etiam
612 661 723 718 hoc
742 662 864 717 loco
888 660 1138 716 mulieres
1162 666 1463 729 expugnato
1488 652 1692 719 faciles,
1723 662 1777 708 et
1796 667 1917 723 qua:

323 748 430 810 iion
480 755 553 810 ita
595 753 750 810 facile
772 752 1019 823 perferre
1065 759 1288 821 possunt
1316 755 1562 804 exactam
1583 746 1636 801 in
1662 745 1918 801 viduitate

320 846 537 902 vivendi
587 846 886 910 rationem,
938 844 1216 906 hortatur,
1246 850 1301 897 et
1324 839 1579 905 consulit,
1607 846 1667 894 ut
1689 838 1915 892 alterum

319 939 494 991 virum
528 936 886 997 introducunt.
933 935 1029 990 Est
1053 934 1194 989 enim
1241 948 1330 988 res
1353 930 1595 1002 quaedam
1616 929 1813 998 duplex
1837 929 1921 982 vi-

317 1029 517 1084 duitas.
549 1027 687 1096 Quid
733 1028 837 1083 hoc
877 1035 962 1081 est
992 1026 1205 1081 tandem
1231 1023 1463 1092 duplex?
1490 1022 1757 1076 Bonorum
1788 1035 1916 1091 ope-

318 1137 442 1176 rum
469 1120 764 1190 specimen,
790 1128 848 1174 et
871 1118 1091 1173 honoris
1126 1117 1323 1173 summi
1347 1115 1636 1186 fastigium.
1666 1113 1734 1169 Ut
1758 1113 1917 1184 igitur

318 1223 403 1270 est
447 1213 609 1269 etiam
637 1227 726 1268 res
768 1211 1012 1283 quaedam
1056 1208 1257 1280 duplex
1298 1208 1643 1278 magistratus
1688 1222 1703 1261 :
1755 1205 1917 1259 habet

317 1304 465 1360 enim
492 1314 552 1360 et
574 1318 740 1374 opera
788 1313 844 1359 et
884 1302 1227 1373 dignitatem;
1252 1299 1484 1370 dignitas
1511 1297 1724 1369 quidem
1750 1297 1918 1366 magi-

316 1405 525 1450 stratus
562 1404 646 1450 est
692 1402 952 1464 potestas,
982 1403 1037 1447 et
1061 1392 1235 1448 cultus
1259 1389 1351 1461 qui
1369 1404 1398 1442 a
1427 1387 1583 1458 vulgo
1611 1386 1914 1449 exhibetur,

315 1497 381 1544 et
410 1489 584 1559 ipsum
623 1503 746 1543 esse
787 1486 1189 1556 magistratum;
1216 1497 1382 1553 Opera
1418 1495 1548 1535 vero
1577 1478 1917 1548 magistratus

316 1588 451 1635 sunt
490 1578 683 1651 injuria
725 1576 934 1632 affectis
976 1588 1313 1641 succurrere,
1344 1570 1637 1627 inferentes
1670 1567 1917 1638 injuriam

316 1671 697 1741 compescere,
716 1668 937 1724 urbibus
962 1681 1218 1739 praeesse,
1250 1666 1303 1720 in
1338 1661 1715 1720 communibus
1741 1661 1919 1729 reipu-

317 1761 478 1818 blicae
525 1762 668 1817 curis
702 1759 1019 1816 excubando
1057 1766 1393 1828 pernoctare,
1421 1765 1477 1810 et
1514 1754 1713 1824 reliqua
1762 1753 1919 1806 innu-

318 1869 474 1909 mera
503 1870 520 1909 :
546 1853 625 1908 sic
649 1862 704 1907 et
731 1851 961 1907 viduitas
989 1860 1042 1906 et
1065 1849 1295 1920 dignitas
1316 1855 1400 1903 est
1417 1854 1473 1902 ct
1492 1860 1660 1915 opus:
1686 1843 1916 1899 maxima

318 1946 556 2016 dignitas
580 1954 663 2000 est
711 1943 925 1999 viduam
974 1956 1120 2007 esse,
1158 1949 1217 1995 ut
1244 1948 1373 1995 ante
1397 1936 1919 2000 demonstravimus;

318 2052 459 2107 epos
480 2044 565 2092 est
589 2035 883 2092 secundum
913 2035 1160 2089 maritum
1192 2032 1293 2088 sibi
1322 2047 1427 2086 non
1456 2030 1789 2095 adsciscere,
1823 2027 1916 2082 sed

321 2129 490 2199 priori
528 2144 652 2184 esse
684 2137 1020 2194 contentam,
1050 2127 1189 2181 filios
1228 2125 1478 2189 educare,
1526 2123 1756 2193 hospitio
1784 2121 1920 2176 reci-

318 2236 474 2293 pere,
498 2221 664 2291 pedes
704 2230 1011 2276 sanctorum
1049 2218 1248 2282 lavare,
1275 2215 1674 2271 tribulationem
1714 2213 1923 2284 patien-

320 2316 469 2371 tibus
491 2314 920 2377 subministrare,
943 2325 1106 2366 omne
1125 2324 1261 2381 opus
1286 2310 1485 2364 bonum
1501 2307 1715 2363 sectari.
1737 2306 1921 2375 Itaque

318 2406 524 2463 Paulus
567 2404 637 2461 de
680 2404 790 2459 illis
833 2403 1061 2473 loquens
1102 2416 1266 2471 opera
1295 2400 1511 2471 quidem
1539 2398 1717 2453 omnia
1746 2398 1918 2451 viduae

318 2498 455 2553 sinit
480 2497 626 2553 illam
655 2496 914 2568 perlicere
938 2514 950 2549 :
978 2495 1045 2550 ad
1072 2494 1384 2565 dignitatem
1421 2501 1603 2547 autem
1631 2490 1823 2556 vidum,
1856 2504 1920 2545 ac

318 2598 546 2654 cretum,
594 2596 651 2643 et
671 2586 916 2643 ordinem
966 2586 1110 2641 illam
1159 2583 1380 2655 provehi
1427 2599 1535 2638 non
1563 2582 1710 2648 sinit,
1748 2580 1921 2637 donec

319 2679 693 2749 sexagesimus
706 2692 880 2733 annus
901 2675 1236 2746 prwterierit,
1255 2675 1406 2745 quasi
1430 2674 1592 2729 dicat:
1609 2673 1783 2746 Opera
1804 2674 1919 2743 qui-

317 2773 451 2828 dem
479 2771 648 2826 vitlua:
671 2769 852 2835 faciat,
879 2770 1190 2841 dignitatem
1219 2785 1346 2824 vero
1377 2779 1485 2823 tum
1513 2768 1770 2833 obtineat,
1796 2782 1919 2823 eum

321 2866 416 2922 liis
438 2866 684 2920 omnibus
710 2864 964 2936 perfectis
1000 2863 1342 2920 securitatem
1371 2863 1633 2919 bcnelicio
1662 2861 1921 2933 temporis

318 2967 611 3027 assequuta
631 2956 807 3022 fuerit,
839 2963 894 3011 et
918 2972 984 3011 ex
1010 2956 1262 3027 operibus
1307 2955 1817 3011 demonstrationem
1857 2968 1923 3008 ac

323 3051 692 3113 testimonium
731 3060 1035 3105 externum.
1092 3047 1263 3104 Nemo
1288 3048 1418 3103 solis
1444 3046 1758 3102 mulieribus
1780 3045 1924 3099 arbi-

323 3152 502 3200 tretur
540 3143 837 3197 orationem
864 3141 1173 3197 convenire.
1204 3140 1339 3196 Nam
1357 3147 1415 3195 et
1436 3139 1564 3194 viris
1597 3137 1832 3209 prodest,
1862 3144 1924 3190 ut

322 3246 387 3290 et
412 3235 511 3305 ipsi
556 3233 822 3289 deﬂectis
868 3233 1128 3288 uxoribus
1172 3232 1285 3287 suis
1321 3230 1559 3287 contenti
1588 3230 1716 3297 sint,
1747 3243 1923 3300 neque

314 3328 496 3381 velint
517 3342 641 3383 cum
665 3325 850 3381 liberis
870 3325 982 3380 suis
1011 3325 1211 3380 leaenas
1237 3323 1501 3382 habitare.
1521 3321 1648 3377 dum
1666 3334 1922 3376 novercas

320 3419 674 3475 introducunt
694 3458 712 3483 ,
753 3426 809 3474 et
842 3432 993 3472 suam
1024 3431 1239 3470 omnem
1271 3415 1612 3471 securitatem
1650 3421 1917 3469 evertunt.

404 3510 458 3566 5.
500 3508 807 3565 Cohortatttr
843 3509 912 3562 ad
945 3508 1318 3578 monogamiam
1338 3547 1353 3568 ,
1384 3522 1475 3558 nec
1507 3506 1716 3559 damnat
1744 3521 1924 3558 secun-

312 3603 427 3657 das
450 3602 677 3670 nuptias.
697 3631 771 3641 -—
794 3600 919 3655 llaec
944 3608 1126 3654 autem
1169 3613 1201 3652 a
1232 3598 1385 3652 nobis
1411 3597 1661 3650 dicuntur
1683 3637 1698 3662 ,
1732 3611 1838 3650 non
1866 3603 1924 3649 ut

316 3694 595 3751 secundas
612 3693 851 3747 aversari
879 3691 1089 3761 nuptias
1115 3688 1509 3758 praecipiamus;
1538 3687 1631 3742 sed
1663 3695 1721 3741 ut
1746 3687 1925 3741 horte-

326 3800 456 3840 mur
483 3793 539 3839 et
560 3782 905 3838 consulamus
925 3822 940 3847 ,
988 3780 1254 3850 prioribus
1277 3794 1399 3834 esse
1431 3786 1733 3834 contentos.
1766 3777 1922 3855 Aliud

320 3884 418 3931 est
442 3874 741 3938 adhortari,
769 3872 910 3928 aliud
938 3873 1249 3944 precipere.
1271 3871 1403 3927 Nam
1428 3871 1515 3941 qui
1539 3870 1853 3926 adhortatur
1871 3880 1927 3925 et

324 3966 570 4021 consulit
589 4004 607 4032 ,
634 3964 689 4020 in
714 3965 939 4019 arbitrio
964 3978 1029 4019 ac
1069 3972 1331 4033 potestate
1354 3962 1608 4032 relinquit
1630 3961 1887 4016 auditoris
1907 4002 1922 4026 ,

329 4066 399 4112 ut
422 4057 563 4127 quod
608 4058 919 4112 consulatur
948 4056 1111 4127 eligat
1142 4073 1157 4109 :
1189 4057 1279 4126 qui
1310 4071 1437 4110 vero
1478 4055 1721 4126 pra-cipit
1741 4096 1756 4119 ,
1791 4054 1926 4108 hanc

329 4149 638 4203 facultatem
666 4146 931 4217 ejusmodi
975 4163 1083 4201 non
1124 4147 1402 4215 permittit.
1434 4146 1504 4200 At
1546 4146 1782 4202 Ecclesia
1827 4146 1926 4199 ista

329 4256 443 4295 non
465 4241 724 4310 pra-cipit,
748 4240 842 4295 sed
870 4239 1112 4294 hortatur
1137 4240 1309 4294 solum
1334 4256 1348 4292 :
1376 4238 1641 4309 siquidem
1663 4239 1927 4294 secundas

328 4332 495 4387 ctiam
527 4331 740 4401 nuptias
770 4328 1010 4401 permisit
1038 4330 1234 4385 Paulus
1261 4346 1383 4385 cum
1414 4330 1484 4385 ita
1528 4330 1663 4385 dixit
1692 4346 1707 4382 :
1740 4329 1931 4384 Mulier

329 4424 548 4494 alligata
570 4432 645 4478 est
672 4424 773 4495 legi
791 4464 806 4488 ,
836 4433 1023 4494 quanto
1049 4435 1271 4493 tempore
1298 4424 1374 4476 vir
1400 4423 1508 4491 eius
1533 4423 1651 4477 vivit
1681 4438 1700 4476 :
1727 4422 1863 4493 quod
1887 4422 1931 4475 si

330 4519 595 4573 dormierit
625 4519 700 4572 vir
718 4520 851 4588 ejus,
875 4518 1031 4572 libera
1060 4526 1132 4570 est
1150 4557 1165 4578 ,
1193 4517 1278 4569 cui
1304 4514 1412 4571 uult
1437 4514 1592 4568 nubat
1614 4557 1630 4581 ,
1660 4524 1852 4568 tantum
1878 4515 1930 4569 in

332 4611 581 4665 Domino.
607 4609 815 4664 Rectior
851 4618 925 4663 est
948 4618 1118 4662 autem
1142 4609 1187 4661 si
1222 4608 1297 4662 sic
1338 4608 1666 4675 pertttanserit
1692 4607 1710 4677 (
1734 4608 1778 4661 ι.
1810 4606 1929 4661 Cor.

334 4705 395 4757 7.
419 4702 509 4758 '59.
536 4702 608 4757 4t)
629 4705 670 4773 ).
695 4700 763 4756 Ut
783 4701 941 4770 igitur
960 4700 1158 4754 bomun
1179 4708 1261 4754 est
1280 4698 1607 4768 conjugium,
1630 4697 1725 4754 sed
1744 4699 1932 4753 melior

332 4804 426 4851 est
453 4795 730 4864 virginitas
758 4811 772 4846 :
806 4793 878 4847 ita
906 4794 1105 4849 bonum
1132 4791 1348 4862 quidem
1375 4801 1454 4845 est
1483 4790 1779 4846 secundum
1804 4806 1936 4846 con-

328 4884 544 4957 jugium
566 4926 582 4948 ,
609 4874 704 4939 sed
733 4884 927 4938 melius
951 4892 1032 4938 est
1064 4883 1294 4952 primum
1320 4890 1374 4937 et
1402 4881 1598 4936 solum.
1627 4879 1746 4936 Non
1775 4881 1936 4950 igitur

332 4980 649 5050 conjugium
685 4977 980 5034 secundum
1009 4978 1279 5046 rejicintus
1302 5016 1318 5041 ,
1347 4991 1520 5045 neque
1544 4974 1660 5030 inec
1691 4975 1935 5044 praecipi-

334 5087 467 5127 mus
489 5113 505 5136 ,
537 5070 632 5127 sed
669 5075 1049 5135 cohortamur,
1078 5078 1135 5123 ut
1163 5068 1207 5122 si
1247 5068 1366 5137 quis
1388 5066 1690 5123 castitatem
1721 5080 1938 5120 servare

338 5166 550 5238 possit,
593 5166 663 5221 sit
711 5164 875 5233 priori
917 5172 1221 5219 contentus.
1264 5159 1625 5216 Cohortamur
1661 5169 1840 5215 autem
1884 5167 1942 5214 et

337 5258 675 5314 consulimus
696 5256 761 5311 ad
783 5254 1152 5310 stabiliendam
1177 5253 1368 5309 domus
1390 5253 1732 5307 securitatem
1759 5267 1773 5304 :
1797 5265 1941 5319 saepe

343 5364 580 5420 namque
603 5347 854 5405 secundae
879 5359 1077 5416 nuptiae
1104 5343 1533 5415 quotidianarum
1560 5354 1616 5399 et
1644 5357 1940 5413 pugnarum

338 5453 407 5499 et
445 5442 847 5498 contentionum
897 5439 1103 5494 initium
1150 5447 1206 5493 et
1251 5437 1588 5491 occasionem
1629 5434 1941 5489 attulerunt.

342 5538 498 5593 Sane
535 5534 811 5589 multoties
845 5530 1066 5595 evenit,
1100 5540 1157 5585 ut
1198 5528 1443 5585 assidens
1486 5543 1686 5584 mensae
1724 5525 1946 5581 maritus

346 5629 548 5702 prioris
573 5626 760 5681 uxoris
798 5623 1113 5682 recordatus
1135 5665 1151 5689 ,
1181 5624 1371 5678 leniter
1395 5621 1521 5677 ﬂeat
1550 5638 1566 5676 :
1595 5630 1650 5676 at
1692 5621 1782 5676 illa
1810 5635 1947 5676 eon-

346 5721 532 5779 festitn
559 5718 925 5784 excandescit,
955 5727 1011 5773 et
1037 5725 1306 5786 tamquam
1341 5715 1447 5770 fera
1478 5714 1665 5781 insilit,
1697 5724 1749 5769 et
1781 5713 1944 5783 suiin

348 5813 505 5869 illam
532 5810 735 5870 amoris
773 5812 842 5867 ab
886 5825 955 5868 eo
995 5823 1185 5880 ρωυθε
1224 5808 1408 5879 exigit.
1453 5805 1605 5874 Quod
1644 5806 1688 5862 si
1719 5804 1947 5862 voluerit

1427 358 1494 417 IN
1532 358 1756 424 ILLUD.
1800 355 2005 415 VIDUA
2051 356 2420 415 ELIGATUR.

3508 364 3618 424 526

2028 469 2246 527 laudare
2265 470 2594 536 defunctam.
2613 480 2726 529 tum
2748 474 3107 531 contentionis
3125 483 3182 532 et
3201 491 3389 549 pugnae
3404 485 3618 539 occasio

2024 578 2091 616 ex
2121 561 2365 618 laudibus
2392 563 2536 619 illius
2563 563 2809 622 offertur.
2849 568 2931 622 Ac
2970 566 3236 624 defunctis
3265 568 3480 640 quidem
3509 572 3614 627 ini.

2025 651 2177 707 micis
2213 653 2623 710 rcconciliamur
2645 694 2659 717 ,
2687 655 2984 728 eodemque
3013 657 3121 714 fine
3156 658 3261 713 vita
3304 659 3519 717 illorum
3560 672 3616 720 et

2023 751 2264 798 nostrum
2307 744 2359 799 in
2422 744 2542 800 illos
2583 746 2765 803 odium
2824 747 3143 805 terminatur
3192 766 3207 802 :
3256 749 3312 806 iu
3360 752 3617 809 uxoribus

2022 844 2202 889 autem
2244 836 2572 891 contrarium
2618 838 2832 908 penitus
2871 839 3069 895 evenit.
3108 840 3279 908 Quam
3318 842 3461 897 enim
3503 858 3611 901 non

2023 924 2176 991 vidit,
2204 941 2361 995 quam
2390 942 2497 981 non
2519 927 2722 983 audivit
2746 970 2763 991 ,
2791 944 2822 984 a
2853 945 2953 1000 qua
2985 929 3119 985 nihil
3142 939 3230 987 est
3256 932 3383 986 mali
3413 948 3568 1003 passa
3588 973 3613 1004 ,

2023 1016 2164 1070 hanc
2187 1016 2312 1072 odio
2344 1019 2684 1089 prosequitur
2708 1027 2763 1074 et
2791 1030 3101 1087 aversatur,
3130 1036 3194 1077 ac
3232 1038 3299 1076 ne
3325 1039 3472 1097 niors
3495 1024 3615 1096 qui-

2022 1104 2144 1160 dum
2173 1106 2356 1162 odium
2397 1110 2706 1179 exstinguit.
2736 1108 2866 1178 Quis
2893 1126 3144 1181 umquam
3171 1111 3340 1177 vidit,
3368 1114 3487 1184 quis
3510 1131 3613 1171 au-

2022 1195 2155 1250 divit
2192 1198 2508 1270 zelotypiam
2547 1199 2601 1254 in
2642 1201 2918 1272 pulverem
2943 1217 3218 1274 ,pugnam
3256 1218 3380 1260 cum
3428 1206 3619 1263 cinere

2022 1299 2323 1358 susceptam
2339 1290 2363 1343 ’ἰ

2092 1382 2145 1437 6.
2191 1382 2295 1437 Sed
2326 1398 2429 1438 non
2475 1398 2714 1455 eousque
2758 1392 2961 1439 tantum
2992 1385 3330 1456 progreditur
3362 1387 3562 1443 malum
3594 1404 3609 1440 :

2022 1474 2149 1542 quin
2177 1475 2335 1529 etiam
2362 1474 2476 1530 sive
2503 1492 2568 1531 ex
2598 1476 2831 1532 secunda
2873 1475 2983 1531 nati
3011 1476 3120 1531 sint
3141 1476 3294 1531 liberi
3319 1519 3336 1543 ,
3364 1476 3478 1532 sive
3505 1493 3612 1532 non

2023 1565 2131 1618 sint
2158 1565 2289 1633 nati,
2319 1581 2492 1636 pugna
2522 1582 2708 1622 rursus
2733 1576 2789 1622 et
2814 1567 3087 1621 contentio
3112 1569 3373 1623 exoritur.
3405 1567 3536 1621 Nam
3565 1569 3612 1622 si

2024 1659 2132 1711 nati
2157 1672 2266 1713 non
2293 1660 2401 1713 sint
2424 1701 2440 1725 ,
2471 1660 2660 1728 majori
2708 1674 2942 1716 mmrore
2985 1659 3300 1727 coniicitur,
3328 1669 3384 1715 et
3422 1659 3524 1714 hac
3546 1660 3616 1715 dc

2022 1761 2183 1801 causa
2225 1757 2379 1803 natos
2419 1763 2491 1803 ex
2531 1749 2696 1819 priori
2723 1758 2994 1820 tamquam
3033 1749 3255 1814 hostes,
3286 1758 3340 1805 et
3368 1765 3398 1802 a
3425 1749 3618 1819 quibus

2025 1838 2271 1894 maximis
2299 1839 2368 1893 sit
2395 1838 2582 1896 affecta
2613 1840 2842 1912 injuriis,
2871 1841 3127 1906 intuetur,
3154 1841 3281 1895 dum
3310 1856 3378 1896 ex
3402 1841 3615 1898 illorum

2023 1927 2131 1981 vita
2170 1928 2466 1984 sterilitatis
2506 1944 2619 1984 suae
2654 1945 2872 1985 sensum
2912 1931 3057 2001 capit
3098 1931 3377 2001 majorem.
3406 1931 3461 1987 Si
3491 1948 3620 1987 vero

2026 2018 2133 2073 nati
2165 2018 2273 2073 sint
2294 2060 2310 2084 ,
2352 2035 2539 2074 rursus
2568 2020 2736 2076 nihilo
2770 2021 2947 2076 minus
2983 2021 3183 2076 malum
3212 2030 3314 2077 est.
3345 2020 3617 2092 Siquidem

2026 2111 2250 2166 maritus
2289 2125 2660 2182 smpenumero
2706 2115 2842 2169 bene
2883 2112 3110 2169 allectus
3147 2129 3273 2184 erga
3311 2113 3620 2171 defunctam

2027 2200 2128 2257 hos
2151 2204 2524 2272 amplectitur,
2550 2214 2608 2259 et
2639 2220 2824 2260 amore
2848 2204 3011 2259 simul
3054 2220 3118 2261 ac
3158 2205 3526 2260 misericordia
3565 2206 3621 2260 in

2026 2294 2145 2350 illos
2169 2304 2384 2365 propter
2409 2296 2691 2352 orbitatem
2717 2307 3121 2354 commovetur:
3150 2308 3204 2354 at
3232 2298 3323 2354 illa
3352 2312 3481 2353 suos
3505 2298 3623 2353 ubi-

2025 2401 2129 2454 que
2154 2387 2392 2457 przeferri
2420 2390 2568 2454 vult,
2595 2404 2658 2444 ac
2697 2405 2797 2445 nec
2834 2389 3058 2445 fratrum
3099 2390 3220 2445 illos
3257 2389 3444 2445 haberi
3473 2389 3615 2451 loco,

2026 2478 2121 2534 sed
2143 2480 2472 2550 abjectorum
2501 2481 2823 2537 famulorum
2854 2500 2869 2536 :
2901 2498 3021 2553 qua:
3046 2482 3226 2538 omnia
3252 2482 3470 2537 domum
3497 2495 3626 2552 pos-

2025 2579 2152 2624 sunt
2177 2572 2508 2640 subvertere,
2538 2588 2601 2628 ac
2620 2574 2778 2629 vitam
2803 2576 2996 2629 marito
3018 2573 3269 2630 acerbam
3293 2583 3347 2629 et
3372 2573 3619 2628 infestam

2026 2660 2272 2716 reddere.
2312 2662 2599 2733 Propterea
2629 2662 2696 2718 ad
2742 2664 3058 2719 servandam
3097 2664 3396 2719 castitatem
3421 2663 3624 2719 adhor—

2030 2758 2206 2805 tatnur
2231 2793 2246 2816 ,
2274 2752 2318 2806 si
2347 2754 2459 2807 fieri
2503 2754 2705 2822 possit,
2733 2763 2788 2809 et
2816 2763 2876 2809 ut
2900 2754 3063 2826 priori
3103 2754 3350 2824 conjugio
3387 2754 3623 2811 contenti

2027 2842 2146 2898 sitis
2172 2884 2185 2908 ,
2219 2852 2272 2899 et
2301 2859 2476 2915 neque
2506 2845 2683 2900 mariti
2711 2860 2905 2904 uxores
2924 2886 2940 2910 ,
2974 2861 3146 2914 neque
3180 2860 3374 2900 uxores
3402 2846 3624 2899 maritos

2027 2936 2350 3004 adsciscam,
2393 2954 2462 2994 ne
2504 2940 2724 2994 domum
2766 2955 2918 2995 suam
2950 2955 3166 3010 omnem
3212 2954 3409 3009 susque
3451 2937 3624 3008 deque

2028 3038 2259 3085 vertant.

2112 3120 2388 3193 Virginitas
2431 3123 2540 3178 sine
2578 3122 2840 3178 virtutibus
2877 3122 2995 3179 aliis
3032 3141 3136 3178 non
3178 3123 3400 3193 prodest.
3422 3122 3627 3181 —:.Cur

2029 3222 2208 3269 autem
2233 3230 2355 3270 cum
2386 3213 2455 3271 de
2480 3215 2736 3270 viduitate
2775 3215 3103 3278 dissereret,
3136 3214 3299 3284 priori
3339 3215 3455 3269 solo
3490 3230 3625 3270 con-

2032 3312 2212 3361 tentus
2238 3322 2344 3361 non
2377 3305 2507 3368 fuit,
2538 3320 2660 3361 cum
2684 3306 2858 3371 dixit,
2897 3303 3062 3360 Unius
3109 3304 3204 3359 uiri
3230 3307 3404 3361 uxor?
3440 3305 3512 3361 Ut
3538 3304 3626 3359 in-

2031 3397 2241 3468 telligas
2258 3397 2308 3452 id
2326 3398 2538 3450 viduam
2563 3413 2667 3451 non
2688 3396 2885 3460 laci-re,
2912 3396 2955 3450 si
2980 3396 3215 3451 secundo
3236 3397 3428 3450 marito
3449 3396 3624 3450 solum

2033 3497 2320 3559 utcumque
2350 3504 2454 3541 non
2488 3488 2673 3554 nubat,
2705 3487 2795 3541 sed
2820 3487 2871 3540 si
2906 3487 3058 3540 bonis
3085 3485 3357 3556 operibus,
3386 3486 3626 3542 elcemo-

2035 3594 2190 3649 syna,
2216 3576 2562 3648 benignitate,
2584 3587 2745 3648 atque
2767 3576 2958 3631 officiis
2979 3592 3103 3647 erga
3128 3576 3439 3646 peregrinos
3459 3575 3628 3631 abun-

2035 3671 2146 3730 det.
2164 3672 2299 3728 Nam
2318 3674 2364 3730 si
2384 3671 2687 3744 virginibus
2704 3671 2836 3725 nihil
2883 3670 3088 3739 profuit
3111 3672 3393 3742 virginitas
3411 3667 3630 3739 (Matth.

2034 3762 2127 3833 23)
2159 3763 2395 3830 (tametsi
2428 3764 2601 3815 multo
2641 3761 2816 3825 major
2868 3769 2953 3812 est
2991 3759 3256 3814 viduitate
3301 3757 3633 3830 virginitas),

2033 3853 2127 3908 sed
2154 3868 2277 3909 cum
2305 3852 2358 3907 in
2382 3850 2717 3922 lampadibus
2746 3838 2955 3904 illarum
2987 3847 3123 3918 ignis
3148 3836 3290 3903 esset
3309 3847 3627 3912 exstinctus,

2036 3945 2323 4016 ignominia
2354 3943 2561 4000 allecto:
2592 3950 2975 4006 recesserunt,
3008 3941 3260 4011 quoniam
3288 3938 3632 4009 benignitatis

2035 4047 2091 4093 et
2116 4038 2475 4107 eleentosyna:
2504 4037 2731 4090 fructum
2763 4033 3020 4088 exhibere
3065 4032 3285 4087 minime
3314 4032 3629 4095 valuerunt,

2037 4130 2208 4185 multo
2239 4128 2406 4200 magis
2430 4127 2623 4182 viduae.
2653 4127 2813 4182 Certe
2855 4140 2977 4180 cum
3009 4124 3156 4178 illam
3189 4121 3494 4193 parabolam
3524 4137 3633 4195 au-

2037 4221 2206 4276 disset
2229 4220 2443 4283 Paulus,
2472 4229 2526 4274 et
2551 4218 2772 4273 istarum
2801 4232 2961 4270 causa
2992 4216 3224 4279 timeret,
3252 4213 3514 4284 exquisite
3538 4213 3633 4265 atl-

2040 4314 2258 4369 modum
2275 4328 2388 4368 rem
2415 4311 2703 4373 examinat,
2730 4325 2797 4365 ne
2820 4309 2953 4364 forte
2973 4318 3192 4378 promer
3209 4306 3423 4360 unicum
3446 4305 3631 4359 matri-

2041 4407 2278 4463 monium
2305 4405 2407 4460 sibi
2428 4403 2760 4460 conlidentes
2787 4402 3019 4469 reliquas
3035 4400 3258 4453 virtutes
3283 4397 3633 4466 negligercnt.

2042 4501 2327 4570 PrOpterea
2350 4498 2517 4563 dicit,
2544 4494 2613 4549 In
2653 4494 2886 4564 operibus
2913 4492 3057 4545 bouis
3087 4490 3423 4546 testimonium
3450 4487 3638 4542 habens

2043 4592 2062 4662 (
2085 4594 2129 4646 l.
2157 4589 2288 4645 Tim.
2313 4589 2365 4644 5.
2390 4588 2458 4643 10
2542 4585 2614 4643 Ut.
2637 4585 2781 4640 enim
2803 4584 2998 4638 bonum
3021 4591 3103 4636 est
3120 4580 3414 4650 virginitas,
3432 4579 3636 4648 absque

2042 4684 2252 4740 ueteris
2293 4691 2473 4736 autem
2513 4678 2838 4734 infructuosa
2883 4674 2977 4739 lit,
3010 4683 3065 4729 et
3105 4688 3135 4727 a
3170 4671 3409 4727 conclavi
3454 4670 3637 4738 sponsi

2044 4774 2283 4833 excludit
2314 4791 2328 4827 :
2361 4773 2439 4828 sic
2466 4779 2522 4827 et
2545 4769 2775 4825 viduitas
2805 4769 3000 4821 bomnn
3031 4773 3133 4830 est,
3163 4763 3257 4819 sed
3288 4762 3407 4819 sine
3435 4762 3643 4815 virtuti-

2045 4871 2144 4927 bus
2172 4868 2380 4926 caeteris
2404 4881 2538 4920 vana
2558 4879 2647 4920 res
2676 4870 2837 4918 estet
2865 4858 3155 4929 superﬂua.
3186 4857 3474 4928 Propterea
3502 4854 3641 4908 Pau-

2048 4963 2133 5018 lus
2158 4962 2284 5017 dum
2315 4959 2647 5021 cohortatur,
2678 4970 2784 5008 non
2813 4966 3052 5021 eousque
3081 4951 3252 5006 solum
3283 4932 3644 5021 piogreditnr,

2048 5065 2233 5108 utnon
2253 5066 2375 5108 esse
2394 5044 2915 5119 superinducendum
2943 5043 3237 5099 secundum
3260 5043 3509 5096 maritum
3532 5056 3645 5095 sna-

2048 5147 2194 5215 deat,
2222 5143 2321 5201 sed
2345 5152 2402 5198 et
2427 5142 2530 5197 alia
2558 5141 2709 5212 plura
2738 5148 2792 5193 et
2822 5136 3025 5207 majora
3058 5135 3279 5207 requirit
3307 5149 3338 5186 a
3368 5132 3544 5186 vidua.
3579 5130 3646 5185 Et

2049 5236 2499 5311 quemadmodum
2529 5234 2566 5289 ii
2586 5274 2604 5301 ,
2633 5232 2721 5305 qui
2755 5232 2979 5286 militum
3000 5228 3262 5284 delectum
3293 5225 3506 5288 habent,
3529 5238 3647 5276 cor-
3696 5276 3701 5285 ,

2052 5333 2199 5405 poris
2228 5331 2423 5387 bonam
2452 5326 2820 5383 habitudinem
2852 5323 3128 5394 requirunt
3156 5337 3169 5373 :
3202 5320 3268 5371 ita
3300 5316 3386 5370 hic
3410 5357 3426 5382 ,
3458 5315 3544 5386 qui
3578 5314 3645 5395 ad

2050 5429 2345 5487 exercitum
2362 5425 2562 5484 Christi
2598 5424 2737 5479 hanc
2768 5420 2973 5491 deligit,
2994 5418 3188 5474 bonam
3221 5414 3417 5469 anima:
3438 5413 3648 5469 habitu-

2054 5524 2235 5579 dinetn
2258 5520 2556 5592 requisivit,
2580 5525 2637 5575 et
2660 5515 3047 5576 fortitudinem,
3070 5520 3126 5566 et
3150 5509 3202 5566 in
3225 5508 3473 5564 omnibus
3495 5508 3650 5563 bonis

2055 5615 2309 5686 operibus
2327 5612 2585 5676 studium,
2613 5610 2686 5664 ita
2715 5607 2898 5662 dicens
2923 5623 2938 5660 :
2969 5604 3029 5661 Si
3049 5603 3186 5672 ﬁlios
3203 5601 3459 5666 educlwit,
3489 5601 3534 5655 si
3560 5601 3653 5655 Ιιο-

2057 5708 2209 5778 spitio
2236 5704 2447 5774 recepit,
2474 5701 2518 5755 si
2535 5708 2828 5755 sanctorum
2859 5696 3009 5769 pedes
3038 5694 3181 5759 lavit,
3208 5692 3253 5748 si
3278 5689 3652 5747 tribulationem

2058 5795 2363 5867 patientibus
2391 5790 2823 5859 subministravit,
2854 5790 2897 5844 si
2923 5805 3069 5844 omne
3097 5803 3223 5855 opus
3256 5786 3437 5841 bonum
3467 5795 3652 5840 sectam
