4062 6422
469 385 574 445 δῖ’]

471 515 564 559 est.
618 498 827 555 Etenim
877 496 1285 565 unumquodque
1328 496 1546 549 istorum
1598 492 1795 548 nudum
1843 492 2053 561 quidem

474 606 595 646 esse
617 605 809 643 nomen
833 586 1060 652 videtur,
1084 585 1176 640 sed
1210 585 1428 638 multam
1456 585 1508 638 in
1538 583 1714 652 seipse
1738 583 1898 636 vitam
1922 596 2055 635 con-

473 682 628 736 tiltt'l.

550 773 601 825 7.
654 769 832 825 Vidua:
876 769 928 822 in
968 766 1241 821 educandis
1279 767 1448 821 liberis
1477 766 1608 820 laus.
1634 795 1707 806 —
1735 765 1811 819 Ac
1835 763 1878 820 si
1907 762 2056 817 vide-

477 873 582 929 tur,
607 863 830 931 primum
853 859 1202 922 excutiamus,
1227 857 1367 927 quod
1395 858 1483 911 ille
1511 857 1679 926 primo
1700 855 1821 910 loco
1843 856 2053 924 posuit:

477 954 539 1008 Si
564 953 700 1022 ﬁlios
725 951 973 1004 educavit.
1007 949 1383 1002 Educationem
1415 948 1558 1002 enim
1591 945 1762 999 innuit
1786 961 1890 999 non
1923 943 2059 997 hanc

473 1044 792 1114 simplicem.
823 1058 979 1112 quam
1007 1041 1191 1110 vulgus
1217 1049 1436 1105 censet,
1467 1040 1592 1095 dum
1625 1038 1764 1092 fame
1788 1037 2061 1091 confectos

476 1128 676 1190 liberos
718 1150 821 1189 non
870 1133 1183 1202 negligimus
1214 1149 1227 1184 :
1263 1133 1364 1186 hoc
1407 1131 1547 1186 enim
1596 1145 1664 1184 ne
1707 1129 1817 1197 ipsa
1847 1127 2060 1196 quidem

477 1237 678 1282 natura:
718 1225 1008 1285 necessitas
1043 1237 1293 1292 umquam
1321 1221 1493 1276 omitti
1524 1220 1794 1291 permittet
1822 1235 1837 1272 :
1867 1233 1973 1289 quo
2003 1217 2062 1271 fit

475 1331 536 1376 ut
563 1334 734 1388 neque
747 1317 1010 1371 mandatis
1028 1317 1130 1370 hac
1155 1314 1221 1369 de
1234 1329 1391 1370 causa
1421 1313 1492 1368 sit
1518 1329 1653 1382 opus
1676 1322 1730 1367 et
1760 1311 1982 1380 legibus,
2007 1319 2065 1364 ut

476 1428 626 1468 suam
649 1410 852 1482 prolem
875 1409 1106 1464 educent
1127 1406 1338 1473 viduae;
1363 1406 1455 1460 sed
1478 1405 1695 1475 justitize
1715 1419 1917 1462 curam.
1941 1402 2065 1458 edu—

474 1503 739 1558 cationem
769 1516 890 1555 cum
922 1500 1118 1570 pietate
1152 1497 1255 1553 hoc
1285 1499 1404 1553 loco
1444 1497 1688 1566 intelligit
1719 1513 1732 1548 :
1765 1495 1902 1565 quod
1934 1495 2065 1548 alio-

477 1594 603 1658 quin
626 1607 724 1656 eae,
749 1607 865 1660 quae
891 1591 992 1645 hoc
1013 1601 1166 1660 pacto
1190 1604 1293 1643 non
1319 1587 1568 1652 educant,
1595 1587 1874 1657 parricidm
1893 1585 2066 1656 potius

482 1685 607 1752 sint,
633 1700 792 1753 quam
821 1694 1038 1738 matres.
1069 1682 1178 1736 lloc
1205 1697 1310 1734 non
1338 1680 1402 1734 ad
1429 1680 1678 1734 mulieres
1703 1689 1904 1733 tantum
1930 1695 1961 1732 a
1982 1693 2068 1733 me

481 1778 676 1833 dictum
696 1788 799 1842 est,
823 1775 914 1830 sed
935 1775 1095 1829 etiam
1121 1774 1183 1828 ad
1209 1775 1374 1828 viros.
1405 1771 1676 1842 Siquidem
1697 1771 1846 1825 multi
1868 1781 2065 1839 patres,

481 1879 538 1924 ut
561 1869 732 1923 bonus
757 1883 925 1936 equus
955 1866 1064 1919 filio
1091 1865 1388 1929 obveniret,
1414 1873 1467 1916 et
1498 1873 1556 1916 ut
1579 1862 1723 1916 a-dcs
1749 1859 2065 1931 magnificae,

484 1969 539 2012 et
567 1958 822 2029 praedium
864 1956 1040 2026 magni
1083 1955 1268 2024 pretii,
1301 1964 1486 2008 cuncta
1531 1953 1726 2007 faciunt
1765 1960 1921 2021 atque
1953 1967 2070 2004 mo-

487 2048 689 2102 liuntur
715 2067 727 2101 :
765 2057 821 2101 ut
849 2057 1024 2101 autem
1047 2048 1221 2100 anima
1251 2047 1366 2114 ejus
1395 2044 1529 2097 bona
1563 2043 1670 2106 fiat,
1699 2052 1753 2096 et
1778 2043 1920 2112 pium
1953 2058 2073 2110 pro-

482 2143 732 2210 positum,
763 2140 956 2194 nullius
981 2139 1129 2207 pensi
1164 2137 1381 2190 habent.
1409 2136 1474 2190 Et
1495 2135 1596 2189 hoc
1625 2143 1708 2189 est
1735 2133 1874 2204 quod
1901 2142 2071 2186 totum

481 2233 739 2288 mundum
784 2233 1079 2294 subvertit,
1111 2230 1253 2300 quod
1297 2239 1505 2284 nostros
1534 2228 1733 2283 liberos
1778 2242 1881 2281 non
1921 2241 2074 2280 cure-

484 2339 622 2390 mus,
645 2333 700 2380 et
729 2324 1126 2393 posscssionum
1154 2337 1421 2392 opumque
1450 2321 1685 2390 ipsorum
1714 2335 1895 2375 curam
1923 2334 2076 2390 gera-

482 2433 635 2481 mus,
664 2417 756 2470 sed
800 2416 1037 2486 ipsorum
1081 2416 1310 2469 animam
1352 2414 1679 2484 negligemus
1700 2455 1715 2478 ,
1745 2423 1799 2468 et
1826 2421 2077 2467 extremae

485 2507 768 2562 dementia
793 2507 994 2561 facinus
1013 2507 1376 2560 admittamus.
1409 2505 1539 2559 Nam
1565 2504 1933 2574 possessiones
1957 2503 2076 2573 qui-

483 2600 607 2654 dem
634 2599 743 2654 sint
771 2599 888 2652 licet
910 2599 1090 2652 multa:
1116 2615 1177 2652 ac
1206 2607 1552 2668 sumptuose,
1581 2597 1624 2652 si
1653 2597 1851 2666 probus
1881 2613 1985 2651 non
2012 2597 2082 2652 sit

487 2705 552 2744 ac
577 2689 870 2745 studiosus.
898 2689 984 2759 qui
1011 2705 1130 2742 eum
1160 2690 1352 2742 virtute
1383 2688 1547 2759 possit
1568 2703 1659 2742 eas
1685 2687 2078 2753 administrare,

492 2797 676 2836 omnes
699 2797 819 2835 cum
853 2781 969 2851 ipso
995 2781 1240 2850 peribunt
1266 2791 1318 2834 et
1347 2789 1664 2834 evanescent
1688 2820 1704 2845 ,
1728 2793 1792 2834 ac
1814 2793 2081 2832 summum

489 2873 787 2942 possessori
811 2871 1062 2925 damnum
1082 2870 1318 2927 inferent
1344 2889 1356 2924 ε
1389 2871 1468 2924 sin
1491 2879 1668 2926 autem
1698 2885 1954 2940 generosa
1974 2871 2085 2925 fue-

497 2966 563 3017 rit
585 2973 639 3018 et
665 2965 877 3032 sapiens
900 2963 1095 3028 anima,
1127 2963 1248 3015 licet
1278 2961 1407 3015 nihil
1431 2962 1570 3015 intus
1595 2961 1663 3015 sit
1694 2961 1744 3014 in
1775 2970 2086 3028 promptua-

489 3057 585 3111 riis
631 3057 985 3117 reconditum,
1026 3055 1262 3108 omnium
1302 3055 1441 3108 bona
1477 3063 1588 3107 tuto
1620 3055 1811 3123 poterit
1835 3054 2082 3108 retinere.

503 3145 636 3200 lllud
669 3145 827 3214 igitur
854 3143 1202 3212 Spectandum
1247 3153 1370 3208 est,
1404 3158 1509 3195 non
1555 3159 1658 3210 quo
1691 3152 1843 3211 pacto
1867 3153 2089 3212 argento

489 3245 546 3292 et
572 3251 702 3290 auro
725 3276 742 3302 ,
773 3245 826 3288 et
855 3235 1013 3289 rebus
1042 3234 1303 3302 ejusmodi
1333 3233 1624 3302 locupletes
1653 3249 1748 3288 eos
1775 3233 2080 3298 reddamus,

489 3330 583 3386 sed
613 3344 720 3399 quo
762 3337 916 3398 pacto
957 3329 1150 3397 pietate
1191 3342 1255 3380 ac
1297 3327 1648 3396 temperantia
1674 3367 1690 3390 ,
1724 3325 2086 3395 virtutumque

489 3421 841 3492 acquisitione
865 3418 1118 3473 ditissimi
1161 3419 1398 3472 omnium
1442 3417 1569 3471 liant
1597 3434 1610 3469 :
1641 3432 1749 3487 quo
1786 3428 1939 3486 pacto
1965 3416 2087 3483 fiat,

495 3524 554 3568 ut
574 3512 754 3567 multis
784 3527 889 3565 non
921 3511 1222 3580 indigeant,
1250 3518 1310 3563 ut
1335 3524 1424 3563 res
1454 3509 1634 3563 smculi
1667 3508 1822 3577 hujus
1851 3518 1905 3564 et
1927 3523 2094 3562 novas

495 3605 820 3673 cupiditates
849 3619 954 3656 non
997 3602 1126 3655 tanti
1166 3600 1378 3655 faciant.
1418 3601 1482 3655 Et
1516 3601 1787 3669 ingressus
1827 3615 2011 3654 eorum
2042 3609 2097 3653 et

495 3710 750 3766 egressus
779 3694 1061 3764 diligenter
1087 3702 1142 3748 et
1163 3693 1374 3746 curiose
1401 3692 1822 3746 considerandus
1844 3700 1946 3757 est,
1979 3691 2098 3760 qui-

497 3787 720 3841 buscum
745 3792 1046 3850 versentur,
1075 3784 1162 3851 qui
1193 3781 1478 3836 familiares
1504 3781 1606 3836 illis
1632 3781 1758 3846 sint,
1788 3797 1909 3835 cum
1933 3781 2092 3835 intel-

503 3880 747 3950 ligamus,
780 3878 823 3932 si
855 3876 972 3931 hmc
998 3891 1025 3929 a
1057 3877 1210 3929 nobis
1249 3877 1487 3945 neglecta
1522 3874 1735 3940 fuerint,
1770 3876 1969 3929 nullam
1999 3890 2096 3930 nos

493 3985 524 4024 a
573 3969 686 4024 Deo
731 3968 941 4022 veniam
983 3967 1374 4036 impetraturos.
1415 3966 1547 4020 Nam
1613 3967 1656 4021 si
1703 3982 1823 4020 cum
1872 3967 2098 4020 aliorum

497 4076 682 4116 curam
728 4076 833 4113 non
891 4062 1249 4127 gesserimus,
1311 4073 1483 4128 paena:
1540 4074 1571 4112 a
1622 4058 1776 4113 nobis
1819 4059 2102 4128 exiguntur

505 4157 523 4227 (
549 4155 713 4208 Nemo
741 4155 871 4206 enim
898 4153 1034 4220 quod
1058 4169 1205 4206 suum
1230 4162 1322 4217 est,
1355 4161 1572 4221 quierat,
1604 4153 1773 4221 inquit
1801 4151 2092 4222 apostolus,

501 4247 590 4300 sed
614 4248 750 4312 quod
790 4242 1035 4312 alterius)
1065 4243 1156 4312 (l.
1189 4240 1309 4297 Cor.
1345 4242 1432 4296 10.
1459 4242 1531 4296 Si
1552 4243 1592 4311 ),
1626 4251 1824 4311 quanto
1863 4243 2028 4312 magis
2055 4242 2098 4296 si

504 4338 793 4392 liberorum
823 4349 1005 4388 curam
1053 4349 1157 4388 non
1200 4333 1562 4402 gesserimus?
1608 4332 1795 4388 Nonne
1834 4333 2004 4402 ipsum
2049 4334 2099 4387 in

503 4431 611 4484 tuis
640 4427 846 4484 aedibus
871 4427 938 4480 ab
969 4426 1116 4480 initio
1146 4425 1420 4490 Collocavi,
1453 4424 1658 4496 inquit?
1685 4439 1863 4478 nonne
1891 4433 1941 4478 te
1968 4440 2104 4492 pra:-

501 4532 773 4590 ceptorem
798 4561 814 4588 ,
843 4517 1156 4590 praefectum
1201 4525 1255 4572 et
1293 4526 1591 4571 curatorem
1619 4515 1922 4585 etjudicem
1948 4515 2020 4569 illi
2054 4524 2104 4569 te

514 4614 773 4685 praefeci?
803 4630 1018 4668 omnem
1053 4615 1104 4668 in
1147 4613 1296 4666 illum
1329 4620 1645 4682 potestatem
1679 4613 1732 4664 in
1770 4625 1958 4664 manus
1990 4619 2104 4663 tuas

507 4707 788 4762 transtuli?
815 4707 1082 4762 Tenerum
1125 4707 1301 4760 adhuc
1323 4706 1764 4761 conformandum
1797 4720 1861 4759 ac
1899 4705 2105 4776 tingen-

508 4800 632 4854 dum
673 4799 916 4858 commisi
949 4817 961 4853 :
994 4815 1096 4869 qua
1128 4800 1277 4852 venia
1307 4799 1499 4868 dignus
1529 4798 1636 4852 eris
1675 4798 1720 4850 si
1752 4797 2100 4852 reluctantem

504 4892 654 4947 illum
688 4891 1028 4960 neglexeris?
1069 4890 1205 4959 Quid
1253 4891 1397 4944 enim
1436 4891 1614 4944 dicere
1647 4888 1886 4958 poteris?
1919 4887 2103 4942 Refre-

504 4995 631 5036 natu
657 4981 926 5037 difficilem
970 4992 1024 5037 et
1068 4996 1317 5050 asperum
1363 4981 1510 5035 illum
1551 4979 1708 5036 esse?
1753 4981 1823 5034 At
1872 4979 1986 5032 hare
2036 4978 2105 5032 ab

505 5075 656 5131 initio
689 5073 971 5145 pnevideri
1010 5076 1281 5144 oportuit,
1321 5084 1375 5130 et
1418 5075 1630 5145 quando
1677 5073 1828 5128 freno
1864 5071 2103 5128 cohiberi

505 5175 740 5235 poterat,
768 5180 890 5221 cum
914 5165 1128 5234 juvenis
1155 5164 1442 5220 admodum
1473 5174 1636 5231 esset,
1668 5179 1791 5220 eum
1819 5165 2105 5235 diligenter

507 5259 748 5325 frenari,
799 5269 854 5315 et
893 5253 1072 5313 officio
1116 5273 1214 5312 suo
1253 5256 1398 5329 fungi
1443 5259 1717 5314 assuefieri
1744 5299 1760 5325 ,
1791 5258 2103 5324 informari,

509 5353 711 5408 morbis
736 5351 852 5420 ejus
895 5353 1090 5405 anima:
1135 5349 1429 5404 remedium
1477 5351 1741 5405 adhiberi.
1775 5350 1999 5417 Quando
2026 5351 2106 5404 fa-

509 5445 666 5498 eilior
693 5451 809 5497 erat
832 5443 1139 5514 agricolatio
1162 5482 1177 5506 ,
1210 5451 1320 5496 tum
1366 5441 1594 5496 resecari
1626 5443 1807 5510 spinas
1835 5444 2066 5514 oportuit
2089 5483 2103 5506 ,

513 5534 746 5604 quando,
773 5549 893 5588 cum
925 5543 1106 5589 tenera
1134 5543 1276 5587 esset
1303 5541 1453 5596 tetas,
1487 5531 1690 5586 facilius
1716 5531 2104 5596 evellebautur,

520 5640 692 5695 neque
716 5626 992 5696 passiones
1019 5625 1297 5694 neglectm,
1326 5633 1379 5678 et
1406 5633 1598 5689 aucte,
1629 5631 1936 5691 cXpugnatu
1961 5621 2105 5674 difﬁ-

521 5717 652 5770 ciles
682 5715 996 5770 evasissent.
1029 5716 1232 5775 Idcirco
1247 5715 1375 5770 dicit
1405 5731 1419 5768 :
1450 5715 1613 5770 Curva
1641 5731 1673 5767 α
1699 5713 1919 5785 pueritia
1943 5712 2104 5767 cerci-

518 5819 625 5856 cem
645 5811 753 5874 ejus
781 5802 969 5872 (Ereti.
993 5807 1045 5860 7.
1071 5807 1194 5875 ‘25),
1229 5807 1439 5876 quando
1462 5806 1665 5863 facilius
1685 5817 1860 5879 potest
1880 5813 2098 5870 erudiri.

1188 383 1245 438 S.
1285 380 1563 438 JOANNIS
1611 371 2086 434 CHRYSOSTOMI
2141 369 2457 429 ARCIIIEP.
2498 367 3035 426 CONSTANTINOP.

3653 367 3766 428 328

2173 491 2352 560 Neque
2379 505 2506 544 vero
2535 489 2772 557 prmcipit
2802 496 3006 542 tantum
3031 527 3046 553 ,
3077 485 3171 540 sed
3198 495 3250 542 et
3276 485 3388 556 ipse
3414 496 3594 542 tecum
3623 503 3761 557 Opus

2169 580 2487 651 aggreditur.
2511 580 2626 646 Quo
2658 576 2868 632 tandem
2894 577 3084 646 pacto?
3113 576 3215 642 Qui
3243 576 3501 630 maledicit
3529 583 3666 648 patri
3685 588 3762 632 vel

2167 676 2354 737 matri,
2387 672 2593 740 inquit,
2635 677 2795 723 morte
2836 677 3005 737 pereat
3050 666 3253 737 (Exod.
3291 667 3382 721 2t.
3424 667 3554 735 17).
3602 665 3765 721 Vides

2165 773 2419 836 quantum
2450 763 2552 816 illis
2579 762 2824 815 timorem
2866 758 3185 814 ineusserit?
3223 768 3475 827 quantam
3515 758 3758 812 formidi-
3819 829 3825 832 _

2167 871 2290 910 nem
2317 851 2612 922 objecerit?
2638 866 2797 920 quam
2826 852 3024 920 potenti
3073 849 3299 916 imperio
3345 849 3550 918 pollere
3579 858 3635 903 te
3659 864 3763 902 vo-

2169 946 2362 1001 luerit?
2399 945 2565 1012 Quam
2596 958 2694 996 nos
2721 943 2879 1011 igitur
2904 944 3304 996 excusationem
3341 940 3636 996 obtendere
3667 955 3766 1008 po-

2169 1043 2410 1104 terimus,
2425 1052 2562 1114 _cum
2593 1037 2708 1106 ipse
2735 1035 2972 1105 quidem,
3001 1035 3045 1087 si
3078 1050 3174 1087 nos
3201 1033 3498 1087 afficiantur
3526 1033 3768 1101 injuria‘,

2170 1149 2237 1186 ne
2273 1132 2395 1184 vita:
2420 1127 2633 1198 quidem
2687 1135 2869 1196 parcat.
2915 1125 3149 1195 ipsorum
3181 1143 3192 1178 :
3226 1139 3323 1178 nos
3367 1136 3545 1177 autem
3566 1163 3583 1188 ,
3613 1123 3661 1177 si
3698 1124 3773 1176 ab

2169 1224 2274 1278 illis
2298 1223 2406 1276 Deo
2435 1220 2690 1274 inferatur
2729 1218 2951 1288 injuria,
2981 1233 3048 1272 ne
3077 1232 3395 1272 succensere
3417 1216 3636 1286 quidem
3664 1217 3772 1272 illis

2168 1312 2432 1369 velimus?
2461 1312 2574 1381 Ego
2607 1326 2706 1366 nec
2730 1309 2976 1365 occidere
3001 1309 3149 1364 illum
3174 1325 3366 1364 recuso
3385 1352 3400 1375 ,
3433 1310 3522 1378 qui
3555 1318 3608 1364 te
3632 1309 3768 1364 affe-

2169 1405 2244 1460 cit
2287 1403 2476 1472 injuria
2509 1425 2522 1456 :
2555 1411 2608 1455 tu
2638 1416 2770 1455 vero
2815 1416 2880 1456 ne
2911 1401 3085 1454 verbis
3125 1400 3341 1469 quidem
3384 1401 3537 1454 illum
3565 1403 3773 1456 contri-

2171 1505 2316 1552 stare
2338 1494 2591 1564 dignaris,
2617 1493 2806 1562 inquit,
2829 1508 2858 1546 a
2880 1509 2985 1562 quo
3005 1493 3150 1562 leges
3167 1508 3300 1546 mere
3319 1493 3604 1547 violentur.
3631 1493 3771 1547 Num

2175 1589 2290 1643 lucc
2312 1589 2464 1643 venia
2490 1588 2682 1654 digna?
2709 1587 2870 1642 Vides
2899 1587 3036 1641 affici
3067 1587 3387 1642 contumelia
3415 1586 3732 1643 Creatorem
3755 1631 3771 1652 ,

2173 1695 2273 1736 nec
2303 1680 2594 1750 indignaris
2616 1721 2630 1744 ,
2666 1694 2838 1749 neque
2866 1689 3032 1733 terres
3055 1721 3070 1744 ,
3098 1695 3199 1734 nec
3224 1679 3595 1750 reprehendis,
3627 1697 3772 1749 pra:-

2173 1773 2356 1827 sertim
2387 1788 2507 1826 cum
2549 1772 2809 1842 intelligas
2835 1771 2938 1826 hoc
2979 1787 3010 1827 a
3039 1772 3149 1826 Deo
3191 1771 3354 1827 fuisse
3393 1763 3727 1842 prohibitum
3751 1813 3770 1840 ,

2175 1879 2280 1918 non
2310 1863 2450 1934 quod
2481 1863 2569 1917 ille
2597 1864 2864 1934 quidpiam
2895 1861 3200 1917 detrimenti
3232 1864 3474 1933 patiatur,
3511 1864 3602 1930 qui
3637 1878 3776 1916 eon-

2177 1956 2450 2010 tumeliam
2494 1955 2699 2024 accepit
2728 1955 2942 2025 (neque
2983 1954 3123 2008 enim
3161 1954 3366 2009 Numen
3413 1955 3652 2010 interitui
3697 1966 3779 2010 est

2177 2045 2538 2116 obnoxium),
2578 2044 2672 2100 sed
2716 2053 2933 2114 propter
2973 2045 3201 2100 salutem
3247 2047 3447 2116 ipsius?
3486 2047 3587 2114 Qui
3629 2048 3782 2101 enim

2179 2137 2358 2208 inique
2388 2151 2447 2192 se
2475 2137 2610 2206 gerit
2653 2137 2704 2190 in
2751 2137 2915 2190 Deum
2952 2147 3008 2191 et
3044 2137 3272 2203 stolide,
3306 2138 3476 2192 multo
3507 2139 3682 2207 magis
3729 2139 3785 2192 in

2179 2239 2384 2299 patrem
2403 2245 2556 2283 suum
2579 2238 2634 2284 et
2657 2229 2708 2282 in
2736 2243 2884 2282 suam
2908 2228 3076 2299 ipsius
3096 2229 3327 2283 animam
3352 2231 3784 2285 contumeliOsus

2180 2331 2233 2376 et
2260 2321 2496 2375 insolens
2522 2335 2641 2376 esse
2669 2320 2886 2389 poterit.

2252 2416 2308 2470 8.
2336 2414 2412 2469 Ne
2442 2415 2599 2484 igitur
2623 2423 3028 2468 contemnamus
3047 2454 3062 2478 ,
3103 2429 3224 2468 cum
3255 2415 3487 2468 sciamus
3514 2415 3630 2468 fore
3654 2455 3672 2480 ,
3727 2423 3783 2468 ut

2183 2507 2228 2561 si
2253 2522 2378 2576 erga
2407 2507 2575 2560 Deum
2606 2513 2750 2558 recte
2775 2520 2834 2559 se
2860 2505 3126 2574 gesserint
3146 2546 3162 2568 ,
3193 2506 3350 2559 etiam
3379 2505 3430 2558 in
3462 2504 3527 2557 iis
3559 2521 3684 2574 qua:
3711 2505 3776 2557 ad

2186 2597 2324 2653 hanc
2356 2599 2516 2650 vitam
2551 2597 2819 2666 pertinent
2855 2596 3096 2650 celebres
3142 2597 3252 2650 sint
3287 2605 3342 2650 et
3381 2597 3637 2650 illustres.
3681 2597 3781 2663 Qui

2185 2689 2327 2744 enim
2360 2689 2522 2742 vitam
2565 2703 2684 2742 cum
2729 2687 2921 2742 virtute
2951 2688 3318 2755 modestiaque
3361 2686 3628 2750 traducit,
3661 2703 3780 2740 eum

2187 2795 2376 2836 omnes
2401 2788 2717 2834 reverentur
2759 2787 2814 2832 et
2838 2779 3019 2833 colunt
3044 2820 3059 2844 ,
3101 2778 3171 2832 sit
3208 2779 3329 2832 licet
3369 2779 3609 2832 omnium
3651 2793 3786 2847 pau-

2191 2875 2454 2944 perrimus
2475 2914 2489 2936 ,
2519 2873 2657 2926 sicut
2686 2871 2984 2940 improbum
3013 2886 3076 2925 ac
3098 2871 3441 2940 depravatum
3467 2879 3788 2925 aversantur

2190 2977 2244 3022 et
2270 2967 2397 3021 odio
2427 2976 2820 3036 prosequuntur
2849 2979 3058 3030 omnes,
3091 2964 3214 3018 licet
3239 2965 3429 3032 opibus
3469 2962 3651 3016 multis
3681 2964 3785 3016 circ

2192 3058 2464 3114 cumlluat.
2484 3056 2665 3127 Neque
2685 3057 2856 3111 solum
2881 3056 3090 3111 czeteris
3117 3054 3419 3108 hominibus
3444 3054 3789 3108 venerandus

2193 3152 2316 3216 erit,
2345 3151 2439 3206 sed
2467 3151 2556 3204 tibi
2588 3149 2705 3219 ejus
2731 3148 2937 3218 parenti
2965 3147 3068 3202 crit
3093 3147 3288 3212 carior,
3321 3160 3440 3199 cum
3469 3154 3665 3216 praeter
3695 3160 3794 3197 na-

2196 3251 2370 3296 turam
2415 3241 2584 3295 nihilo
2627 3241 2889 3294 minorem
2924 3238 3118 3294 habeat
3163 3238 3500 3293 occasionem
3548 3237 3794 3299 amoris.

2196 3333 2364 3403 ipsam
2405 3333 2703 3387 virtutem:
2735 3347 2908 3400 neque
2951 3346 3080 3384 vero
3123 3330 3296 3384 solum
3337 3329 3548 3394 carior,
3596 3327 3694 3381 sed
3742 3335 3798 3382 et

2199 3423 2378 3479 utilior
2407 3423 2510 3477 erit
2538 3422 2628 3476 tibi
2654 3421 2779 3477 dum
2811 3422 2972 3485 colet,
3005 3421 3133 3475 dum
3163 3421 3438 3484 inserviet,
3467 3420 3596 3473 dum
3623 3420 3677 3472 in
3705 3435 3797 3473 se-

2198 3526 2412 3572 nectute
2433 3515 2773 3570 sustentabit.
2799 3513 2870 3569 Ut
2898 3515 3040 3569 enim
3063 3514 3152 3584 qui
3174 3523 3300 3567 sunt
3330 3513 3381 3566 in
3412 3512 3580 3566 Deum
3610 3510 3798 3580 injurii

2197 3617 2253 3663 et
2283 3607 2494 3677 ingrati,
2517 3607 2677 3661 etiam
2709 3614 2959 3675 parentes
2987 3615 3340 3674 aspernantur
3368 3621 3382 3659 :
3416 3605 3486 3657 ita
3514 3603 3603 3673 qui
3634 3618 3797 3656 suum

2200 3700 2542 3754 Conditorem
2569 3698 2779 3763 colunt,
2811 3699 3080 3766 ingentem
3122 3695 3453 3766 genitoribus
3478 3695 3592 3749 suis
3618 3694 3800 3748 hono-

2202 3810 2315 3849 rem
2343 3792 2610 3848 deferunt.
2644 3791 2710 3847 Ut
2741 3790 2899 3861 igitur
2919 3799 2971 3844 et
2994 3789 3134 3858 apud
3167 3790 3328 3843 Deum
3363 3797 3414 3842 et
3443 3787 3586 3856 apud
3620 3786 3800 3840 homi-

2203 3899 2300 3938 nes
2330 3884 2466 3938 bene
2503 3881 2690 3936 audias
2710 3921 2727 3945 ,
2759 3881 2960 3950 tibique
2989 3881 3150 3932 vitam
3187 3877 3476 3948 jucundam
3506 3876 3673 3931 facias
3693 3919 3708 3939 ,
3736 3891 3800 3930 ac

2203 3975 2396 4030 futuris
2427 3975 2600 4044 pomis
2633 3973 2893 4036 libereris,
2922 3971 3066 4025 omni
3100 3972 3269 4040 ipsum
3292 3970 3467 4024 studio
3494 3969 3634 4024 cole.
3661 3968 3804 4022 Nam

2204 4081 2298 4122 eos
2327 4066 2540 4134 quidem
2571 4064 2660 4133 qui
2691 4064 2984 4118 liberorum
3014 4078 3197 4117 curam
3242 4078 3345 4115 non
3376 4062 3674 4132 gesserint,
3721 4073 3804 4114 ta-

2207 4156 2360 4210 metsi
2389 4155 2714 4224 caeteroquin
2746 4154 2972 4208 modesti
3001 4153 3198 4208 fuerint
3226 4162 3385 4222 atque
3413 4153 3696 4217 moderati,
3730 4153 3809 4206 ob

2207 4249 2344 4303 istud
2372 4259 2648 4319 peccaturo
2683 4263 2866 4317 [muas
2894 4247 3235 4318 gravissimas
3259 4247 3507 4313 Iuituros,
3533 4262 3600 4302 ex
3631 4245 3802 4300 veteri

2205 4341 2471 4395 constabit
2496 4338 2713 4394 historia
2736 4380 2751 4403 ,
2783 4355 2940 4408 quam
2975 4341 3224 4393 narrabo.

2283 4433 2402 4487 Heli
2431 4444 2576 4504 pater
2603 4434 2755 4487 nimis
2774 4433 3062 4505 indulgens.
3085 4463 3155 4472 —
3176 4432 3440 4488 Sacerdos
3466 4431 3563 4486 fuit
3583 4433 3804 4501 quidam

2207 4525 2346 4596 apud
2367 4525 2581 4579 Iudaeos
2605 4525 2931 4593 caeteroquin
2958 4523 3256 4590 modestus,
3285 4539 3347 4579 ae
3374 4524 3532 4589 leuis,
3557 4524 3669 4577 Heli
3700 4541 3803 4577 no-

2210 4620 2370 4673 mine.
2431 4617 2565 4672 Huic
2605 4617 2763 4688 igitur
2810 4617 2930 4672 Heli
2967 4617 3074 4672 duo
3115 4617 3326 4672 fuerunt
3365 4617 3555 4682 liberi,
3599 4618 3686 4686 qui
3736 4616 3804 4669 ad

2208 4725 2475 4764 summum
2522 4709 2881 4778 improbitatis
2926 4707 3197 4778 fastigium
3243 4718 3646 4778 pervenerant:
3679 4707 3804 4762 illos

2209 4811 2386 4854 autem
2414 4816 2518 4854 non
2549 4801 2872 4869 reprimebat
2901 4800 3008 4867 ille,
3037 4815 3139 4855 nec
3165 4800 3481 4870 prohibebat
3504 4818 3517 4853 :
3541 4801 3648 4853 imo
3670 4815 3800 4855 vero

2211 4892 2538 4960 reprimebat
2574 4892 2666 4947 ille
2690 4892 2906 4962 quidem
2931 4933 2947 4959 ,
2991 4902 3149 4961 atque
3188 4892 3536 4960 prohibebat,
3567 4890 3661 4945 sed
3693 4905 3800 4948 non

2212 4993 2355 5037 tanta
2383 4999 2504 5038 cum
2534 4984 2806 5054 diligentia
2841 4994 2897 5039 et
2925 4985 3254 5039 vehementia
3276 5025 3292 5050 ,
3321 4994 3514 5053 quanta
3542 4999 3677 5052 opus
3705 4981 3810 5037 fuit

2211 5075 2286 5143 (i.
2320 5074 2448 5146 Reg.
2477 5074 2532 5129 2.
2564 5076 2677 5144 ll).
2711 5073 2844 5128 Cum
2872 5075 3016 5131 enim
3049 5076 3230 5146 ﬂagris
3258 5077 3466 5130 cardrre
3493 5075 3768 5128 debuisset
3788 5114 3806 5140 ,

2211 5167 2371 5220 domo
2415 5175 2636 5235 paterna
2673 5166 2868 5236 ejicere
2893 5208 2906 5230 ,
2938 5182 3154 5220 omnem
3196 5167 3545 5221 correctionis
3583 5164 3807 5218 modum

2210 5259 2505 5324 adhibere,
2553 5257 2934 5312 cohortabatur
2972 5258 3144 5312 solum
3189 5267 3245 5312 et
3281 5257 3590 5312 consulebat
3623 5259 3690 5310 ita
3715 5257 3810 5311 di-

2212 5365 2372 5404 cens:
2399 5347 2501 5411 Ne,
2537 5350 2650 5415 filii,
2682 5366 2744 5402 ne
2771 5350 2842 5401 ita
2871 5350 3074 5417 faciatis
3104 5363 3122 5401 :
3150 5349 3392 5415 quoniam
3422 5364 3521 5400 non
3551 5350 3678 5399 bona
3707 5362 3813 5398 au-

2213 5442 2360 5502 ditio,
2393 5457 2544 5510 quant
2573 5440 2727 5492 audio
2766 5439 2829 5492 de
2865 5441 3003 5493 vobis
3029 5441 3106 5506 (l.
3142 5438 3269 5509 Reg.
3291 5437 3348 5493 ἓ.
3379 5437 3497 5507 2i).
3527 5438 3661 5502 Quid
3683 5435 3813 5490 ais?

2216 5531 2382 5584 Deum
2411 5530 2602 5600 injuria
2629 5530 2925 5586 affecerunt
2948 5569 2964 5585 .
2995 5541 3051 5585 et
3086 5530 3220 5584 filios
3245 5530 3522 5600 appellas?
3548 5529 3814 5584 Condito-

2213 5637 2327 5674 rem
2360 5621 2704 5689 ignorarunt.
2734 5630 2787 5676 et
2819 5632 2873 5675 tu
2916 5611 3365 5692 propinquitatem
3397 5621 3604 5675 illorum
3632 5637 3813 5690 agnu-

2214 5712 2357 5767 scis?
2397 5713 2683 5782 Propterea
2732 5714 2895 5781 dicit,
2939 5730 3060 5769 eum
3103 5731 3209 5769 non
3252 5715 3594 5771 admonuisse
3633 5714 3758 5768 illos
3789 5730 3809 5767 :

2220 5805 2511 5865 admonitio
2540 5807 2681 5864 Cuittt
2711 5820 2792 5866 est
2830 5811 2872 5867 si
2913 5832 3018 5874 non
3070 5824 3363 5881 tnruinque
3391 5809 3666 5865 consilium
3704 5807 3810 5860 do-
