4062 6420
316 404 426 463 327

315 522 377 575 σι
405 516 589 574 παντί
615 516 766 588 ἔργῳ
793 516 990 590 ἁγαθῷ
1017 518 1503 590 ἐπηκολούθησε.
1538 519 1756 575 Τούτων
1782 520 1892 592 γὰρ

313 613 549 669 ἕκαστον
607 612 755 666 δοκεῖ
786 613 885 684 μὲν
914 606 1054 668 εἶναι
1088 614 1240 686 ῥῆμα
1285 614 1459 685 ψιλὸν,
1494 613 1697 686 πολλὴν
1719 614 1778 668 δέ
1838 615 1897 669 ἐν

312 705 499 778 ἐαυτῷ
527 703 739 776 συνέχει
765 703 864 777 τὴν
886 704 1053 777 ζωήν.

293 810 297 815 ’
385 820 454 886 ζ’.
471 818 583 872 Καὶ
597 820 647 872 εί
661 818 828 883 δοκεῖ,
842 818 1080 895 πρῶτον,
1096 817 1443 891 ἐξετάσωμεν
1454 820 1483 874 δ
1498 818 1714 892 πρῶτον
1731 819 1895 884 αὐτὸς

307 910 560 964 τέθεικεν
580 925 595 939 ·
640 910 711 963 El
742 908 1235 979 ἐτεκνοτρόφησε.
1275 909 1494 982 Τροφὴν
1519 911 1628 983 γάρ
1658 908 1892 965 ἐνταῦθα

308 998 465 1068 λέγει
508 1000 570 1053 οὑ
603 998 810 1068 ταύτην
842 1000 945 1066 τὴν
985 1000 1146 1071 ψιλὴν
1178 1002 1272 1055 καὶ
1306 1002 1458 1073 παρά
1508 1004 1619 1065 τοῖς
1677 1001 1893 1065 πολλοῖς

306 1092 695 1164 νομιζομένην,
715 1092 775 1145 τὸ
798 1093 873 1163 μὴ
891 1092 1035 1162 λιμῷ
1058 1092 1449 1164 φθειρομένους
1471 1093 1736 1164 περιιδεῖν
1763 1092 1891 1154 τούς

309 1187 513 1251 παῖδας
532 1203 547 1217 ·
583 1186 741 1240 τοῦτο
772 1187 882 1257 γὰρ
910 1186 1033 1239 οὐδέ
1066 1186 1203 1257 αὑτὴ
1232 1186 1332 1256 τῆς
1363 1187 1577 1256 φύσεως
1608 1188 1641 1257 ἡ
1674 1186 1889 1257 ἀνάγκη

304 1282 504 1351 ἀφίησι
544 1278 1003 1351 παραμεληθῖψαί
1032 1295 1163 1332 ποτε
1188 1296 1203 1310 ·
1240 1279 1363 1332 ὅθεν
1383 1279 1505 1332 οὑδέ
1531 1280 1891 1350 προσταγμάο

298 1389 417 1425 των
445 1371 588 1443 ὑπὲρ
636 1369 829 1423 τούτου
870 1369 1030 1440 χρεία
1066 1371 1162 1424 καὶ
1215 1370 1415 1440 νόμων,
1463 1370 1549 1423 ἵνα
1578 1370 1647 1423 τά
1686 1370 1888 1437 ἔκγονα

300 1464 583 1535 τρέφωσιν
608 1465 665 1516 αἰ
692 1463 894 1533 χῆραι·
915 1461 1051 1516 ἀλλά
1078 1463 1178 1532 τὴν
1204 1463 1302 1533 τῆς
1327 1463 1675 1533 δικαιοσύνης
1701 1464 1889 1533 ἐπιμέ-

306 1554 488 1613 λειαν,
506 1554 605 1625 τὴν
622 1554 937 1625 ἀνατροφὴν
955 1554 1056 1625 τὴν
1076 1556 1194 1624 μετ’
1217 1554 1505 1617 εὐλαϐείας
1526 1554 1761 1609 ἐνταῦθά
1782 1573 1887 1627 φη-

299 1659 423 1697 σιν·
448 1642 524 1707 ώς
556 1642 617 1695 αἴ
642 1659 706 1712 γε
738 1641 813 1713 μὴ
845 1641 990 1696 οὑτω
1011 1642 1330 1711 τρέφουσαι,
1368 1642 1710 1696 παιδοκτόνοι
1746 1643 1885 1714 μᾶλ-

295 1735 397 1790 λόν
429 1738 566 1789 εἰσιν
601 1736 634 1807 ἢ
670 1735 926 1807 μητέρες.
957 1734 1129 1789 Τοῦτο
1151 1735 1213 1788 οὑ
1256 1736 1395 1805 πρὸς
1420 1738 1683 1804 γυναῖκας
1711 1737 1872 1807 μόνον

295 1828 468 1898 λέγω,
500 1826 637 1881 ἀλλά
668 1827 923 1899 καὶπρὸς
946 1827 1170 1898 ἀνδρας.
1201 1826 1311 1881 Καὶ
1340 1827 1450 1899 γὰρ
1478 1827 1665 1882 πολλοὶ
1687 1827 1885 1883 πολλά-

296 1939 394 1985 κις
416 1919 528 1975 τῶν
550 1919 830 1991 πατέρων,
862 1920 1012 1983 ὅπως
1044 1919 1144 1990 μέν
1183 1919 1349 1983 ἵππος
1376 1920 1588 1989 γένοιτο
1610 1919 1772 1983 καλὸς
1805 1919 1883 1990 τῷ

296 2013 477 2079 παιδί,
510 2013 605 2068 καὶ
634 2014 784 2076 ὅπως
813 2011 961 2066 οἰκία
996 2012 1251 2085 λαμπρά,
1289 2012 1385 2066 καὶ
1411 2013 1558 2076 ὅπως
1584 2011 1883 2083 πολυτελὴς

293 2106 490 2177 ἀγρὸς,
517 2105 696 2159 πάντα
729 2104 945 2159 ποιοῦσι
985 2105 1081 2158 καὶ
1107 2103 1623 2176 πραγματεύονταιο
1649 2104 1797 2168 ὅπως
1825 2104 1883 2157 δὲ

292 2197 450 2268 αὐτῷ
498 2196 645 2269 ψυχὴ
687 2194 897 2265 γένοιτο
950 2194 1093 2266 καλὴ
1143 2195 1238 2249 καὶ
1272 2193 1594 2268 προαίρεσις
1626 2194 1877 2264 εὐσεϐὴς,

289 2288 489 2343 οὐδένα
518 2287 703 2358 έχουσι
748 2287 927 2355 λόγον.
970 2287 1081 2341 Καὶ
1109 2285 1268 2340 τοῦτό
1306 2288 1477 2351 ἐστιν,
1515 2285 1545 2339 ὃ
1572 2284 1670 2358 τὴν
1700 2288 1881 2339 οίκου-

294 2378 471 2450 μένην
502 2377 653 2450 [317]
688 2378 985 2449 ἀνατρέπει
1025 2378 1225 2440 πᾶσαν,
1251 2378 1332 2431 ὃτι
1361 2377 1472 2431 τῶν
1496 2376 1711 2431 οἰκείων
1737 2376 1876 2447 ἀμε-

288 2470 495 2541 λοῦμεν
524 2470 750 2536 παίδων,
787 2470 881 2523 καὶ
898 2469 1010 2523 τῶν
1038 2469 1137 2540 μὲν
1163 2468 1462 2541 κτημάτων
1482 2468 1663 2524 αὐτῶν
1686 2471 1876 2539 ἐπιμε-

288 2560 560 2633 λούμεθα,
589 2561 688 2633 τῆς
714 2561 771 2615 δὲ
796 2561 977 2633 ψυχῆς
1001 2560 1182 2616 αὐτῶν
1211 2560 1688 2633 καταφρονοῦμεν,
1710 2558 1876 2630 ἐσχά-

286 2667 394 2722 της
436 2649 624 2714 ἀνοίας
673 2650 910 2720 πρᾶγμα
941 2649 1328 2721 ὑπομένοντες.
1358 2649 1440 2703 Τά
1472 2650 1572 2719 μέν
1599 2647 1708 2719 γὰρ
1741 2650 1876 2720 κτή-

290 2758 444 2811 ματα
474 2740 576 2795 κᾶν
599 2739 770 2793 πολλὰ
861 2740 956 2794 καὶ
987 2740 1275 2812 πολυτελῆ,
1301 2738 1394 2794 τοῦ
1419 2739 1720 2811 δυναμένου
1754 2739 1874 2811 μετ’

286 2834 497 2907 ἀρετῆς
535 2834 679 2888 αὐτά
704 2835 1009 2905 οἰκονομεῖν
1039 2835 1141 2888 οὐκ
1162 2835 1314 2899 ὄντος
1350 2834 1666 2899 σπουδαίου,
1693 2833 1873 2888 πάντα

284 2927 575 2982 ἀπολεῖται
620 2926 715 2981 καὶ
781 2927 1063 2997 οἰχήσεται
1117 2927 1234 2997 μετ’
1291 2927 1478 2994 αὑτοῦ,
1526 2928 1621 2981 καί
1670 2926 1873 2998 βλάϐην

284 3020 525 3091 ἐσχάτην
555 3017 765 3087 ἐνέγκοι
795 3030 821 3058 ει
840 3017 919 3088 τῷ
952 3019 1275 3091 κεκτημένῳ
1294 3035 1309 3050 ο
1339 3020 1406 3073 ἂν
1428 3017 1540 3090 δὲή
1571 3020 1718 3090 ψυχὴ
1748 3034 1874 3087 γεν-

287 3107 420 3163 ναία
447 3108 676 3178 γένηται
712 3108 805 3161 καὶ
844 3108 1154 3179 φιλόσοφος,
1185 3109 1289 3163 κᾶν
1342 3110 1508 3181 μηδὲν
1547 3109 1697 3163 ἐνδον
1734 3110 1874 3163 ἀπο-

280 3199 542 3269 κείμενον
588 3195 646 3272 ᾖ,
694 3199 763 3252 τά
804 3200 1021 3254 πάντων
1051 3200 1342 3272 δυνήσεται
1376 3201 1518 3272 μετά
1555 3202 1741 3267 ἀδείας
1774 3219 1872 3256 συ-

283 3295 461 3365 σχεῖν.
489 3294 584 3345 Δεῖ
597 3292 780 3345 τοίνυν
800 3295 1044 3354 σκοπεῖν,
1070 3293 1166 3364 οὐχ
1190 3294 1338 3358 ὅπως
1363 3295 1562 3359 αὐτοὺς
1580 3294 1870 3359 πλουσίους

279 3387 345 3438 ἐν
374 3384 625 3456 ἀργυρίῳ
650 3384 746 3437 καὶ
765 3384 973 3456 χρυσίῳ
1001 3385 1227 3448 καὶτοῖς
1247 3384 1509 3449 τοιούτοις
1527 3388 1869 3459 ποιήσωμεν,

279 3478 402 3532 ἀλλ’
429 3478 577 3541 ὅπως
609 3479 669 3531 ἐν
701 3477 962 3548 εὐλαϐείᾳ
986 3477 1081 3530 καὶ
1112 3477 1404 3549 φιλοσοφίᾳ
1434 3480 1529 3531 καὶ
1552 3481 1745 3550 κτήσει
1770 3481 1869 3550 τῆς

277 3572 488 3644 ἀρετῆς
528 3570 749 3625 πάντων
790 3568 1020 3639 γένοιντ’
1059 3567 1127 3622 ἂν
1156 3568 1560 3641 εὐπορώτεροι·
1610 3571 1759 3633 ὅπως
1791 3570 1866 3642 μὴ

277 3663 500 3719 πολλῶν
543 3662 769 3727 δέοιντο,
807 3662 957 3725 ὅπως
1004 3660 1079 3732 μὴ
1112 3660 1244 3732 7:591
1272 3661 1343 3714 τὰ
1377 3659 1606 3731 βιωτικά
1642 3662 1737 3715 καὶ
1766 3661 1866 3726 τάς

276 3755 619 3827 νεωτερικὰς
637 3754 931 3824 ἐπιθυμίας
957 3746 1090 3807 ὦσιν
1118 3754 1469 3825 ἐπτοημένοι.
1500 3756 1612 3809 Καὶ
1631 3756 1730 3820 τάς
1755 3757 1870 3809 εἰσ-

276 3848 438 3911 όδους
482 3845 686 3908 αὐτῶν,
733 3845 960 3908 καὶτὰς
1004 3843 1222 3911 ἐξόδους
1262 3844 1380 3915 μετ’
1425 3845 1716 3917 ἀκριϐείας
1770 3862 1869 3899 πε-

279 3934 676 4013 ριεργάζεσθαι
721 3932 850 4004 χρὴ,
889 3933 991 3996 τάς
1040 3931 1347 4004 διατριϐάς,
1397 3934 1500 3997 τάς
1555 3935 1863 4003 συνουσίας,

277 4028 493 4093 εἰδότας
534 4028 618 4081 ὅτι
650 4024 855 4079 τούτων
901 4023 1322 4096 ἀμελουμένων,
1358 4025 1616 4097 οὐδεμίαν
1671 4027 1867 4100 ἐξομεν

279 4113 440 4186 παρά
463 4110 543 4182 τῷ
573 4107 694 4180 Θεῷ
746 4106 1094 4178 συγγνώμην.
1137 4108 1200 4160 Εἰ
1244 4109 1354 4181 γὰρ
1403 4110 1503 4181 τῆς
1534 4112 1643 4165 τῶν
1690 4114 1867 4169 ἄλλων

278 4193 544 4267 προνοίας
592 4187 976 4258 ἀπαιτούμεθα
1004 4188 1104 4248 τὰς
1137 4187 1369 4253 εὐθύνας
1398 4191 1725 4262 (Ἕκαστος
1755 4194 1866 4265 γὰρ

272 4279 368 4351 μὴ
405 4277 470 4332 τό
498 4273 718 4330 ἑαυτοῦ
762 4270 1020 4339 ζητείτω.
1062 4272 1253 4342 φησὶν,
1295 4274 1460 4329 ἀλλὰ
1488 4277 1556 4329 τὸ
1583 4280 1691 4332 τοῦ
1718 4285 1865 4349 πλη-

278 4364 471 4426 σίον),
499 4359 652 4429 πόσῳ
700 4355 901 4427 μᾶλλον
933 4355 1032 4425 τῆς
1064 4354 1173 4409 τῶν
1198 4356 1440 4424 παίδων;
1474 4360 1548 4414 Οὐ
1582 4362 1867 4434 κατῴκισά

281 4463 393 4510 σοι,
427 4443 613 4516 φησὶν,
663 4439 826 4495 αὐτὸν
854 4438 915 4504 ἐξ
962 4437 1174 4509 ἀρχῆςς
1222 4441 1503 4513 ἐπέστησα
1531 4444 1589 4498 δέ
1623 4464 1683 4503 σε
1716 4450 1865 4521 αὐτῷ

277 4526 603 4584 διδάσκαλον
627 4524 723 4577 καὶ
742 4521 1055 4595 προστάτην
1073 4523 1168 4574 καὶ
1190 4524 1463 4593 κηδεμόνα
1486 4529 1582 4581 καὶ
1604 4531 1861 4602 ἄρχοντας

275 4614 386 4683 τὴν
408 4608 659 4677 ἐξουσίαν
686 4605 852 4661 αὐτοῦ
878 4606 1060 4687 πᾶσαν
1080 4604 1264 4687 φέρων
1278 4607 1359 4670 εἰς
1382 4608 1480 4672 τάς
1507 4609 1607 4675 σάς
1630 4615 1864 4687 ἐνέθηκα

274 4698 509 4770 pip“;
564 4687 800 4745 ’Δπαλδν
852 4688 981 4743 ὄντα
1034 4685 1383 4743 διαπλάττειν
1439 4694 1721 4765 ἐκέλευσα,
1769 4685 1865 4756 καὶ

278 4778 571 4854 ῥυθμίζειν
593 4791 609 4807 ο
645 4776 804 4829 ποίαν
838 4774 904 4828 ἂν
930 4773 1075 4846 ἐχοις
1110 4773 1465 4847 συγγνώμην,
1518 4783 1567 4836 εἰ
1601 4783 1862 4855 περιίδοις

269 4863 446 4920 αὐτὸν
472 4860 997 4930 ἀποσκιρτήσαντα;
1025 4861 1091 4915 Τί
1118 4861 1228 4934 γάρ
1255 4861 1322 4917 ἂν
1349 4862 1564 4932 εῖποις;
1612 4866 1695 4921 ὅτι
1737 4870 1864 4924 δυσ-

275 4945 431 5019 ήνιός
465 4944 581 4996 ἐστι
621 4942 717 4996 καὶ⁵
764 4942 998 5014 τραχύςς
1055 4945 1195 4999 Ἀλλ’
1233 4946 1293 5012 ἐξ
1343 4948 1519 5018 ἀρχῆς
1562 4948 1665 5005 ἔδει
1690 4954 1861 5009 ταῦτα

275 5026 623 5100 προορῶντα,
674 5028 762 5079 ὅτε
796 5027 1010 5099 εὐήνιος
1041 5024 1131 5099 ἦν,
1161 5032 1256 5085 καὶ
1294 5031 1491 5105 κομιδῆ
1532 5033 1669 5100 νέος,
1707 5038 1861 5107 χαλι.

270 5111 403 5168 γοῦν
437 5110 553 5183 μετ’
583 5109 889 5182 ἀκριϐείας,
925 5110 1125 5175 ἐθίζειν
1159 5113 1296 5184 πρὸς
1321 5113 1389 5167 τὰ
1412 5115 1619 5182 δέοντα,
1658 5121 1860 5192 ῥυθμί-

270 5198 414 5264 ζειν,
454 5194 703 5259 κολάζειν
733 5194 902 5248 αὐτοῦ
941 5194 1012 5249 τά
1047 5198 1329 5268 νοσήματα
1358 5200 1459 5270 τῆς
1484 5201 1683 5275 ψυχῆς,
1727 5205 1857 5260 Ὅτε

268 5278 617 5350 εὐκολωτέρα
647 5280 682 5349 ἡ
716 5277 971 5349 ἐργασία,
1018 5279 1140 5331 τότε
1168 5280 1269 5344 τὰς
1296 5281 1540 5361 ἀκάνθας
1568 5288 1857 5360 ἐκτέμνειν

266 5363 404 5429 ἔδει,
421 5363 509 5416 ὅτε
537 5362 900 5434 ἀπαλωτέρας
923 5361 1090 5434 οὔσης
1119 5367 1219 5436 τῆς
1249 5365 1461 5436 ἡλικίας
1489 5371 1857 5445 εὐκολώτερον

263 5445 612 5510 ἀνεσπῶντο,
656 5446 753 5500 καὶ
781 5447 884 5500 οὐκ
934 5447 1003 5501 ἂν
1029 5448 1378 5519 ἀμελούμενα
1417 5451 1486 5505 τὰ
1531 5454 1704 5526 πάθη,
1759 5460 1855 5512 καὶ

263 5533 640 5616 αὐξανόμενα,
669 5534 1126 5608 δυσκατέργαστα
1149 5536 1361 5607 γέγονε.
1391 5540 1491 5594 Διά
1510 5541 1673 5597 τοῦτό
1693 5562 1853 5616 φησι,

260 5615 535 5687 Κάμψον
570 5618 640 5671 ἐκ
687 5620 976 5685 νεότητος
1012 5619 1122 5674 τὸν
1160 5621 1466 5691 τράχηλον
1507 5625 1717 5691 αὑτοῦ,
1760 5615 1857 5681 ὅτε

265 5702 621 5774 εὐκολωτέρα
645 5703 845 5772 γένοιτ’
868 5702 935 5758 ἂν
964 5705 999 5776 ὴ
1025 5704 1390 5776 παιδαγωγία.
1428 5708 1545 5763 Οὐκ
1576 5710 1857 5767 ἐπιτάττει

334 5840 360 5872 ³
379 5838 498 5892 Cod.
522 5837 616 5888 718
635 5839 755 5902 μετά
775 5836 863 5888 τοῦ
884 5840 965 5889 καὶ
977 5841 1051 5904 βλ.
1076 5840 1114 5890 ἐ.
1141 5841 1363 5904 ἐνεγκεῖν.

1412 419 1482 477 IN
1523 416 1755 479 ILLUD.
1801 415 2012 476 VIDUA
2054 417 2429 478 ELIGATUB.

3470 424 3573 479 523

1997 518 2056 573 δέ
2107 521 2290 592 μόνον,
2331 522 2469 577 ἀλλά
2516 525 2611 579 καὶ
2670 525 2834 591 αὐτὸς
2884 527 3290 597 συνεφάπτεται
3344 549 3427 587 σοι
3476 537 3577 589 τοῦ

1997 610 2184 684 ἐργου.
2228 614 2339 668 Καὶ
2384 616 2522 682 πῶς,
2566 618 2662 671 καὶ
2698 618 2807 673 τίνι
2854 621 3073 692 τρόπῳ;
3130 622 3186 674 '0
3226 625 3579 696 κακολογῶν

1995 704 2222 774 πατέρα
2242 707 2280 774 ἢ
2304 706 2546 777 μητέρα,
2580 711 2734 781 φησί,
2764 711 3001 777 θανάτῳ
3025 714 3377 770 τελευτάτω.
3410 716 3577 788 Ὁρᾷς

1996 794 2164 850 πόσον
2209 798 2395 862 αὐτοῖς
2443 799 2716 873 ἐπέστησε
2766 802 2965 871 φόϐον;
3008 804 3184 876 πόσην
3239 805 3576 877 ἐπετείχισεν

1993 885 2271 953 ἀγωνίαν;
2304 889 2423 954 πῶς
2446 891 2680 963 δυνατήν
2706 910 2801 946 σου
2829 893 2928 965 τὴν
2951 896 3124 968 ἀρχὴν
3155 897 3414 969 ἐποίησε;
3440 901 3578 955 Τίνι

1992 970 2088 1029 οῦν
2121 978 2417 1048 ἀπολογίαν
2468 980 2688 1052 ἔχοιμεν
2733 984 2802 1038 ἂν
2851 987 3048 1051 εἰπεῖν,
3095 988 3226 1042 ὅταν
3253 991 3418 1051 αὐτὸς
3449 992 3570 1062 μὲν,

1992 1067 2211 1123 ἐπειδάν
2243 1072 2408 1142 ἡμεῖς
2454 1072 2832 1146 ὑϐριζώμεθα,
2879 1078 3015 1149 μηδὲ
3064 1080 3166 1151 τῆς
3207 1079 3354 1151 ζωῆς
3392 1082 3572 1135 αὐτῶν

1993 1158 2244 1231 φείδηται
2264 1179 2279 1193 -
2318 1163 2481 1233 ἡμεῖς
2512 1164 2589 1231 δὲ,
2616 1165 2976 1238 ὑϐριζομένου
3003 1168 3097 1222 τοῦ
3132 1169 3270 1223 Θεοῦ
3309 1174 3440 1243 παρ’
3468 1173 3571 1226 αὐο

1988 1247 2120 1315 τῶν,
2178 1251 2313 1323 μηδὲ
2354 1254 2685 1322 ἀγανακτεῖν
2719 1257 2905 1322 αὐτοῖς
2937 1259 3340 1331 ὑπομένωμεν;
3403 1261 3566 1331 Ἐγὼ,

1990 1343 2176 1413 φησὶν,
2216 1344 2337 1398 οὐδέ
2380 1348 2700 1402 ἀποκτεῖναι
2737 1351 3112 1423 παραιτοῦμαι
3153 1355 3246 1408 τὸν
3277 1354 3571 1425 ὑϐρίζοντά

1990 1446 2051 1483 σε
2069 1448 2083 1462 ·
2118 1433 2182 1486 σὺ
2212 1434 2269 1487 δὲ
2300 1435 2420 1488 οὐδὲ
2450 1438 2657 1508 ῥήματι
2687 1438 2878 1493 λυπεῖν
2912 1440 3103 1513 ἀνέχῃ,
3139 1444 3293 1512 φησὶ,
3321 1442 3412 1496 τὸν
3440 1444 3570 1502 τοὺς

1988 1524 2159 1594 ἐμοὺς
2207 1527 2624 1581 καταπατοῦντα
2662 1529 2879 1600 νόμους,
2934 1532 3044 1584 Καὶ
3079 1532 3182 1586 ποῦ
3214 1531 3391 1587 ταῦτα
3434 1549 3567 1601 συγσ-

1985 1614 2212 1688 γνώμης
2245 1617 2406 1685 ἀξιας
2451 1619 2615 1692 Ὁρᾷς
2650 1618 2814 1674 αὑτὸν
2865 1621 3161 1693 ὑϐρίζοντα
3217 1625 3298 1688 εἰς
3333 1623 3425 1676 τὸν
3475 1641 3569 1676 πε·-

1984 1709 2276 1777 ποιηκότα,
2306 1710 2403 1764 καὶ
2425 1711 2487 1763 οὐ
2512 1712 2911 1783 δυσχεραίνεις,
2936 1715 3057 1767 εἰπέ
3084 1731 3195 1785 μοι,
3224 1715 3345 1768 οὐδὲ
3380 1714 3567 1785 φοϐεῖς

1983 1801 2080 1854 καὶ
2113 1802 2395 1873 ἐπιτιμᾷς,
2435 1804 2530 1857 καὶ⁵
2568 1805 2745 1859 ταῦτα
2775 1805 2953 1870 εἰδὼς,
2984 1807 3067 1860 ὅτι
3094 1808 3187 1861 καὶ
3220 1808 3377 1860 τοῦτο
3403 1807 3564 1872 αὐτὸς

1984 1893 2013 1945 ὁ
2056 1890 2191 1958 Θεὸς
2237 1894 2536 1962 ἐκώλυσεν,
2568 1897 2671 1951 οὑκ
2711 1898 2901 1970 ἐπειδὴ
2953 1898 3126 1969 βλάϐη
3162 1899 3312 1972 [518]
3358 1917 3442 1963 τις
3485 1903 3567 1964 εἰς

1983 1984 2345 2056 ὑϐριζόμενον
2372 1984 3081 2075 γίνεται’(ἀνώλεθρονδγάρ
3108 1990 3170 2044 τὸ
3201 1990 3399 2062 Θεῖον),
3446 1990 3563 2044 ἀλλ’

1983 2078 2127 2150 ὑπὲρ
2160 2080 2275 2151 τῆς¹
2302 2080 2514 2135 ἐκείνου
2545 2082 2857 2154 σωτηρίας;
2897 2084 2956 2136 Ὀ
2988 2083 3099 2153 γάρ
3138 2083 3269 2154 περὶ
3305 2082 3398 2137 τὸν
3430 2081 3566 2135 Θεὸν

1982 2167 2257 2239 ἀγνώμων
2288 2171 2583 2242 γενόμενος
2633 2172 2730 2225 καὶ
2767 2172 3113 2243 ἀναίσθητος,
3147 2170 3328 2243 πολλῷ
3362 2171 3566 2243 μᾶλλον

1978 2262 2062 2325 εἰς
2108 2261 2201 2315 τὸν
2246 2262 2640 2334 γεγεννηκότα,
2700 2262 2796 2317 καὶ
2848 2265 2930 2328 εἰς
2981 2264 3080 2336 τὴν
3135 2263 3330 2319 ἐαυτοῦ
3379 2261 3566 2333 ψυχὴν

1979 2354 2383 2425 ἐμπαροινῆσαι
2416 2353 2727 2427 δυνήσεται.

2047 2450 2117 2513 η’.
2149 2445 2242 2516 Μὴ
2272 2445 2450 2498 τοίνυν
2475 2444 2790 2517 ἀμελῶμεν,
2809 2444 3010 2509 εἰδότες
3035 2445 3240 2500 ὅτιτῶν
3267 2445 3408 2499 κατά
3426 2444 3564 2499 Θεὸν

1976 2535 2161 2599 αὐτοῖς
2208 2531 2267 2589 εῦ
2313 2534 2694 2608 διακειμένων,
2742 2535 2838 2590 καί
2867 2536 3008 2590 κατὰ
3036 2536 3128 2589 τὸν
3166 2537 3411 2607 παρόντα
3445 2534 3564 2605 βίον

1974 2624 2190 2681 ἐσονται
2220 2627 2498 2699 εὐδόκιμοι
2540 2630 2637 2684 καὶ
2678 2628 2944 2702 λαμπροί.
2989 2630 3092 2683 Τὸν
3121 2628 3230 2700 γάρ
3262 2631 3433 2700 ἀρετῇ
3461 2643 3558 2680 συ-

1976 2720 2156 2785 ζῶντα
2192 2721 2287 2775 καὶΙ
2323 2721 2596 2794 ἐπιεικείᾳ
2630 2722 2831 2787 πάντες
2866 2721 3140 2777 αἰδοῦνται
3191 2722 3287 2775 καὶ
3332 2720 3558 2792 τιμῶσι,

1975 2812 2078 2867 κᾶν
2105 2811 2361 2867 ἀπάντων
2396 2814 2723 2886 πενέστερος
2757 2809 2826 2889 ᾗ,
2872 2813 3062 2886 ὥσπερ
3082 2810 3174 2867 οὖν
3200 2813 3290 2867 τὸν
3320 2813 3561 2886 πονηρὸν

1974 2908 2069 2960 καὶ
2104 2908 2534 2980 διεστραμμένον
2564 2908 2969 2979 ἀποστρέφουσι
2996 2907 3091 2962 καὶ
3116 2905 3364 2977 μισοῦσιν
3385 2906 3559 2962 ἀπαν-

1971 3016 2085 3063 τες,
2129 2998 2232 3053 κᾶν
2277 2994 2603 3073 εὐπορίανῇ
2653 2998 2989 3070 κεκτημένος
3044 2998 3265 3068 πολλήν.
3325 2998 3399 3051 Οὐ
3444 3001 3559 3061 τοῖς

1972 3091 2153 3155 ἄλλοις
2184 3090 2242 3144 δὲ
2271 3091 2432 3162 μόνον
2455 3089 2766 3163 ἀνθρώποις
2792 3090 2946 3145 ἔσται
2968 3090 3267 3161 αἰδέσιμος,
3305 3089 3439 3144 ἀλλά
3465 3093 3561 3143 καὶ

1975 3180 2059 3234 σοὶ
2088 3179 2168 3251 τῷ
2202 3181 2559 3251 γεγεννηκότι
2604 3179 3003 3251 ποθεινότερος,
3034 3178 3173 3249 πλὴν
3208 3178 3310 3249 τῆς
3337 3178 3557 3247 φύσεως

1971 3275 2073 3328 οὑκ
2102 3274 2360 3327 ἐλάττονα
2393 3275 2588 3345 ἑτέραν
2631 3272 2889 3327 ὑπόθεσιν
2922 3272 3062 3342 ἔχων
3108 3272 3246 3343 πρὸς
3290 3271 3353 3324 τὸ
3382 3271 3559 3341 φιλεῖ-

1974 3364 2099 3418 σθαι
2152 3363 2252 3435 τὴν
2290 3365 2495 3436 ἀρετήν
2520 3381 2535 3396 ο
2569 3365 2634 3417 οὐ
2688 3363 3067 3432 ποθεινότερος
3104 3362 3162 3415 δὲ
3200 3362 3382 3433 μόνον,
3419 3361 3557 3414 ἀλλά

1971 3455 2066 3509 καὶ
2109 3457 2526 3526 χρησιμώτερος
2572 3454 2722 3507 ἐσται
2778 3471 2858 3507 σοι
2893 3453 3232 3523 θεραπεύων,
3263 3454 3554 3518 δουλεύων,

1971 3546 2317 3618 γηροκομῶν.
2357 3546 2570 3618 ’Ὥσπερ
2590 3544 2701 3618 γὰρ
2729 3547 2927 3620 οἱπερὶ
2956 3548 3049 3601 τὸν
3081 3548 3215 3601 Θεὸν
3238 3545 3556 3618 ἀγνώμονες

1970 3636 2065 3690 καὶ
2101 3636 2211 3689 τῶν
2244 3637 2654 3707 γεγεννηκότων
2679 3638 3142 3709 καταφρονοῦσιν·
3172 3638 3344 3703 οὕτως
3373 3642 3421 3693 οἱ
3462 3639 3555 3693 τὸν

1969 3730 2312 3799 πεποιηκότα
2339 3728 2756 3801 θεραπεύοντες,
2783 3731 2841 3783 ἐν
2864 3730 3033 3802 πολλῇ
3073 3732 3169 3784 καὶ
3193 3733 3321 3795 τοὺς
3364 3747 3556 3801 γεγενο

1971 3822 2199 3893 νηκότας
2229 3822 2413 3892 έχουσι
2437 3825 2503 3894 τῇ
2541 3825 2699 3894 τιμῇ.
2728 3823 2846 3877 Ἵνα
2871 3818 2964 3877 οῦν
2994 3823 3090 3877 καὶ
3122 3823 3273 3895 παρά
3299 3824 3439 3894 Θεῷ,
3458 3824 3552 3876 καὶ

1968 3915 2120 3988 παρά
2147 3915 2459 3988 ἀνθρώποις
2488 3916 2773 3986 εὑδοκιμῇ,
2802 3914 2898 3968 καί
2932 3931 3015 3968 σοι
3058 3914 3159 3985 τὴν
3192 3914 3338 3984 ζωὴν
3368 3914 3554 3985 ἡδεῖαν

1967 4010 2117 4080 ποιῇ,
2150 4008 2244 4062 καὶ
2276 4007 2374 4079 τῆς
2418 4007 2719 4080 μελλούσης
2749 4007 3067 4079 ἀπαλλάττῃ
3100 4007 3396 4072 κολάσεως,
3448 4009 3554 4061 πᾶ-

1968 4116 2068 4154 σαν
2102 4097 2442 4152 ἐπιδείκνυσο
2476 4098 2604 4169 περὶ
2637 4098 2800 4152 αὑτὸν
2836 4098 2936 4169 τὴν
2971 4099 3227 4170 σπουδήν.
3263 4099 3385 4153 Ὀτι
3443 4098 3551 4171 γάρ

1965 4191 2015 4244 οἰ
2040 4190 2148 4244 τῶν
2181 4190 2390 4244 παίδων
2433 4190 2784 4262 ἀμελοῦντες,
2807 4191 2912 4246 κᾶν
2934 4191 3102 4246 τᾶλλα
3123 4185 3257 4245 ὦσιν
3290 4192 3553 4255 hmani;

1966 4284 2062 4338 καὶ
2097 4282 2333 4355 μέτριοι,
2371 4283 2461 4337 διά
2498 4283 2705 4356 ταύτην
2744 4283 2843 4355 τὴν
2872 4284 3148 4357 ἁμαρτίαν
3186 4285 3286 4354 τὴν
3314 4284 3553 4355 ἐσχάτην

1967 4376 2364 4447 ὑποστήσονται
2407 4375 2583 4448 δίκην,
2636 4376 2880 4448 ἱστορίαν
2919 4376 3004 4429 σοί
3051 4392 3171 4429 τινα
3215 4374 3552 4447 διηγήσομαι

1963 4468 2222 4523 παλαιάν.

2049 4559 2251 4631 Ἱερεύς
2282 4576 2368 4623 τις
2406 4554 2474 4631 ἦν
2527 4558 2680 4630 παρά
2709 4561 2823 4623 τοῖς
2870 4558 3151 4623 Ἰουδαίοις
3190 4560 3439 4632 ἐπιεικὴς
3480 4561 3547 4615 τά

1964 4650 2100 4706 ἀλλα
2143 4651 2239 4704 καὶ
2286 4651 2526 4721 μέτριος,
2573 4650 2722 4703 Ἠλεῖ
2751 4648 2831 4720 τῷ
2860 4648 3106 4719 όνόματι.
3134 4642 3242 4703 Ἦν
3275 4645 3368 4706 οῦν
3396 4646 3551 4714 οὗτος

1976 4740 2126 4793 Ἦλεῖ
2156 4740 2251 4793 δύο
2284 4740 2481 4802 παῖδας
2512 4737 2653 4809 ἔχων
2688 4739 2767 4802 ⁴τίς
2798 4738 3027 4809 ἔσχατον
3052 4740 3320 4812 πονηρίας
3351 4740 3544 4813 ἐληλαο

1964 4833 2156 4897 κόταςο
2174 4833 2235 4886 οὐ
2261 4834 2481 4903 κατεῖχε
2510 4831 2589 4896 δὲ,
2610 4814 2732 4885 οὐδέ
2761 4830 2965 4885 ἐκώλυε
2982 4848 2995 4861 ο
3024 4832 3225 4902 μᾶλλον
3248 4832 3306 4886 δέ
3328 4835 3548 4903 κατεῖχε

1966 4926 2066 4997 μὲν
2097 4926 2194 4980 καὶ
2221 4923 2480 4987 ἐκώλυεν,
2508 4924 2570 4977 οὐ
2600 4922 2741 4995 μετά
2765 4923 2868 4993 τῆς
2896 4924 3282 4997 προσηκούσης
3302 4925 3359 4978 δέ
3386 4927 3544 4996 ἀκρι-

1962 5019 2115 5083 ϐείας
2152 5019 2248 5073 καὶ
2280 5017 2662 5087 σφοδρότητος.
2706 5017 2836 5071 Δέον
2877 5017 2987 5088 γάρ
3026 5018 3392 5088 μαστιγῶσαι,
3445 5020 3547 5088 τῆς

1960 5110 2221 5183 πατρῴας
2252 5108 2506 5164 ἐκϐαλεῖν
2537 5108 2749 5174 οἰκίας,
2800 5108 2979 5163 πάντα
3004 5108 3378 5174 ἐπιδείξασθαι
3403 5109 3548 5180 διορο

1959 5201 2178 5265 θώσεως
2226 5201 2452 5273 τρόπον,
2510 5200 2744 5273 παρῄνει
2805 5201 2901 5255 καὶ
2956 5201 3308 5255 συνεϐούλευε
3358 5202 3543 5271 μόνον,

1956 5295 2101 5352 οὕτω
2130 5294 2305 5363 λέγων
2329 5311 2343 5324 ’
2381 5299 2437 5349 Μ
2446 5293 2478 5363 ἡ
2498 5336 2515 5361 ,
2554 5296 2756 5360 τέκνα,
2792 5294 2880 5365 μὴ
2930 5294 3150 5348 ποιεῖτε
3198 5294 3385 5360 οὕτως
3406 5310 3419 5324 ·
3450 5294 3545 5347 ὅτι

1955 5391 2067 5444 οὐκ
2096 5387 2288 5459 ἀγαθὴ
2321 5388 2359 5456 ἡ
2389 5386 2564 5457 ἀκοὴ,
2591 5386 2671 5455 ἣν
2700 5387 2815 5457 ἐγὼ
2843 5387 3043 5442 ἀκούω
3069 5386 3203 5454 περὶ
3236 5384 3425 5451 ὑμῶν.
3474 5387 3543 5445 Τί

1954 5481 2172 5550 λέγειςς
2220 5481 2313 5534 τὸν
2344 5479 2623 5549 Δεσπότην
2658 5478 2912 5549 ῦϐρισαν,
2965 5477 3059 5529 καὶ
3108 5476 3274 5529 τέκνα
3316 5476 3540 5541 καλεῖς;

1954 5570 2234 5642 ἠγνόησαν
2280 5571 2373 5623 τὸν
2399 5570 2759 5641 πεποιηκότα,
2790 5569 2885 5622 καὶ¹
2914 5569 2979 5622 σὺ
3019 5568 3406 5638 ἐπιγινώσκεις
3440 5570 3545 5623 αὐ-

1953 5659 2065 5712 τῶν
2103 5658 2201 5731 τὴν
2234 5658 2588 5727 συγγένειαν’;
2616 5659 2715 5712 Διά
2738 5658 2896 5712 τοῦτό
2924 5675 3112 5730 φησιν,
3146 5659 3227 5713 ὄτι
3265 5658 3366 5713 οὐκ
3394 5659 3547 5712 ἐνουο

1956 5748 2102 5803 θέτει
2147 5747 2379 5811 αὐτούς·
2423 5748 2678 5803 νουθεσία
2709 5749 2818 5821 γάρ
2860 5752 3029 5816 ἐστιν,
3074 5750 3175 5805 οὐκ
3216 5750 3314 5804 ἐὰν
3357 5751 3546 5817 ἁπλῶς

1959 5838 2474 5913 συμϐουλεύσωμεν,
2507 5841 2625 5895 ἀλλ’
2664 5842 2760 5897 ἐὰν
2810 5843 3165 5917 σφοδρότερον
3215 5842 3313 5898 καὶ
3363 5841 3555 5924 τομώ-⁸

2901 5932 2919 5960 \
