4062 6416
221 451 317 504 399

221 563 370 609 tuus,
395 542 486 600 sed
517 539 886 597 vehementius
909 547 964 594 et
997 536 1206 602 acrius,
1239 541 1293 590 et
1317 532 1361 588 si
1391 542 1643 604 quantam
1675 533 1789 586 vut-

222 639 360 695 neris
385 635 609 706 requirit
645 633 830 699 ulcus,
858 640 1059 686 tantam
1090 629 1298 700 plagam
1330 625 1648 695 inﬂigamus.
1681 621 1797 679 Non

220 746 340 803 ergo
369 728 564 784 sufficit
601 728 644 784 si
677 727 849 781 solum
879 724 1118 779 dicamus
1140 762 1154 784 ,
1187 719 1280 774 sed
1316 728 1369 773 et
1398 717 1622 774 multum
1651 715 1802 768 iucu-

219 833 324 878 tere
355 822 599 876 timorem
626 827 876 888 Oportet,
910 827 968 871 ut
1005 813 1299 886 iuventutis
1325 809 1584 866 desidiam
1626 822 1796 862 escu-

221 913 334 968 tias.
361 911 620 980 Quoniam
651 910 810 980 igitur
837 907 1146 961 hortabatur
1177 903 1268 958 ille
1293 901 1532 972 quidem,
1563 898 1655 953 sed
1689 915 1795 951 non

218 1012 270 1057 nt
289 1004 518 1072 oportuit
537 1000 870 1064 hortabatur,
889 997 1132 1052 hostibus
1149 995 1268 1050 illos
1287 991 1552 1061 exposuit,
1569 1000 1624 1044 et
1641 1004 1799 1043 exor-

219 1107 266 1150 to
303 1095 481 1165 prmlio
505 1095 813 1149 ceciderunt
852 1093 904 1147 in
939 1092 1090 1157 acie,
1131 1103 1360 1158 cumque
1382 1085 1622 1140 nuntium
1659 1084 1799 1140 terre

217 1204 316 1241 non
345 1197 558 1257 posset,
589 1185 788 1240 cadens
813 1192 870 1239 et.
897 1184 1010 1252 ipse
1036 1181 1341 1238 confractus
1373 1186 1457 1232 est
1494 1186 1549 1231 et
1573 1174 1796 1250 interiit.

219 1279 368 1333 Vides
395 1279 586 1332 merito
612 1277 810 1332 dictum
838 1291 869 1329 a
895 1290 982 1330 me
1005 1274 1186 1338 fuisse,
1212 1273 1498 1326 liberorum
1528 1283 1648 1322 esse
1678 1281 1799 1334 par-

219 1370 423 1433 ricidas,
451 1371 541 1439 qui
572 1370 906 1439 negligentes
933 1368 1130 1421 liberos
1157 1365 1353 1418 acriter
1383 1377 1486 1420 non
1515 1360 1796 1427 castigant,

219 1477 380 1531 neque
417 1461 486 1515 ab
518 1462 627 1516 illis
660 1461 909 1516 debitum
934 1460 1042 1513 Deo
1074 1457 1277 1512 cultum
1305 1452 1566 1523 exigunt?
1596 1451 1686 1506 Sic
1711 1447 1795 1501 ni~

218 1554 398 1608 mirum
426 1553 542 1608 Heli
571 1552 738 1607 factus
758 1564 840 1606 est
863 1549 1146 1620 parricida.
1175 1547 1320 1602 Licet
1344 1547 1485 1599 enim
1516 1542 1654 1596 lilios
1677 1539 1797 1609 ejus

218 1645 387 1700 hostes
414 1644 744 1709 occiderint,
771 1643 860 1696 ille
891 1651 1068 1695 tamen
1096 1649 1284 1693 auctor
1309 1636 1472 1693 caedis
1496 1634 1626 1698 fuit,
1653 1629 1794 1701 quod

217 1751 304 1790 sua
328 1737 474 1789 circa
500 1735 622 1788 illos
649 1733 968 1803 negligentia
1003 1731 1095 1786 Dei
1123 1729 1376 1786 auxilium
1403 1726 1472 1782 al)
1503 1725 1610 1779 illis
1634 1738 1792 1776 aver-

217 1829 370 1891 terit,
407 1837 461 1882 et
491 1826 661 1882 nudos
699 1841 761 1880 ac
802 1825 1044 1880 desertos
1075 1823 1138 1876 iis
1161 1861 1176 1885 ,
1209 1821 1296 1890 qui
1327 1831 1519 1874 necare
1558 1816 1752 1871 vellent
1775 1855 1793 1880 ,

214 1917 478 1986 ohjecerit.
522 1917 708 1984 Neque
741 1931 870 1972 vero
912 1915 1094 1971 solum
1132 1913 1273 1978 illos,
1321 1909 1415 1966 sed
1465 1917 1521 1964 et
1558 1908 1794 1976 scipsum

212 2025 324 2062 cum
351 2009 454 2064 illis
482 2009 775 2063 interemit.

179 2107 185 2112 ’
277 2100 326 2154 9.
361 2098 524 2157 Pater
545 2099 816 2169 indulgens
841 2095 1099 2167 parricida
1127 2102 1226 2148 est.
1263 2121 1338 2135 -—-
1379 2091 1611 2161 ldipsum
1651 2102 1794 2142 nunc

214 2206 410 2261 quoque
437 2189 685 2260 plurimis
713 2188 951 2258 patribus
977 2187 1154 2242 evenit
1183 2202 1198 2240 :
1229 2184 1354 2255 quia
1381 2183 1669 2238 verberare
1697 2194 1794 2232 no-

214 2284 432 2346 luerunt,
467 2299 569 2339 nec
591 2281 772 2337 verbis
797 2281 1080 2350 castigare,
1114 2293 1286 2348 neque
1315 2276 1632 2330 contristare
1659 2272 1794 2326 libe—

213 2391 295 2430 ros
319 2374 626 2430 inordinate.
643 2383 802 2443 atque
829 2374 1008 2442 inique
1035 2371 1299 2435 viventes,
1325 2381 1697 2436 sepenumcro
1726 2365 1778 2417 in

211 2459 531 2538 gravissimis
561 2469 679 2523 illos
701 2466 1015 2522 criminibus
1036 2462 1422 2532 deprehensos,
1448 2459 1501 2512 in
1528 2458 1796 2527 judicium

213 2559 467 2629 abreptos,
495 2575 527 2616 a
549 2557 886 2615 carnificibus
907 2557 1081 2627 capite
1109 2553 1342 2608 truitcari
1366 2551 1632 2605 viderunt.
1655 2547 1790 2604 Cum

213 2649 343 2703 enim
373 2658 427 2706 tu
453 2664 552 2704 eos
583 2663 688 2702 non
719 2648 947 2716 castiges
971 2687 986 2711 ,
1036 2660 1154 2700 cum
1186 2653 1239 2696 tu
1287 2658 1392 2695 non
1433 2640 1670 2709 corrigas
1689 2679 1707 2704 ,
1737 2646 1796 2692 et.

212 2740 471 2794 sceleratis
500 2754 570 2794 ac
596 2739 818 2808 perditis
845 2737 1149 2794 hominibus
1180 2745 1230 2790 te
1261 2735 1431 2803 ipsum
1460 2731 1789 2792 admisceas,

212 2837 261 2884 ct
287 2830 334 2883 in
361 2831 690 2886 consortium
718 2829 968 2898 nequitiae
998 2842 1119 2881 cum
1151 2824 1254 2880 illis
1292 2824 1517 2886 venias,
1555 2836 1620 2875 ex
1646 2835 1794 2874 com-

214 2923 451 2977 munibus
497 2921 708 2989 legibus
736 2920 788 2974 in
821 2935 913 2974 eos
955 2919 1156 2988 agitur,
1189 2927 1244 2971 et
1290 2916 1342 2969 in
1385 2913 1626 2968 omnium
1667 2927 1795 2964 con-

213 3023 382 3084 specta
412 3014 710 3084 puniuntur
743 3030 756 3066 :
786 3027 850 3069 ac
876 3011 1047 3078 major
1076 3024 1195 3063 cum
1227 3007 1533 3062 calamitate
1563 3004 1620 3058 lit
1651 3006 1794 3072 igno-

214 3105 402 3171 minia,
431 3105 562 3159 dum
596 3114 798 3172 patrem
843 3102 990 3156 illum
1032 3099 1201 3169 digito
1244 3105 1545 3150 monstrant
1595 3107 1784 3148 omnes

214 3205 322 3261 post
363 3195 503 3249 illius
534 3195 780 3259 obitum,
819 3201 874 3248 et
911 3191 986 3246 illi
1030 3189 1132 3244 fori
1163 3189 1363 3243 aditum
1411 3185 1790 3241 intercludunt.

211 3286 404 3350 Quibus
429 3287 574 3340 enim
605 3285 778 3338 oculis
806 3282 1000 3353 poterit
1029 3288 1374 3336 occurrentes
1403 3278 1501 3333 sibi
1535 3286 1654 3342 post
1680 3287 1794 3331 tan-

211 3385 310 3429 tam
337 3375 608 3430 infamiam
638 3385 689 3430 et
708 3375 1067 3430 calamitatem
1099 3373 1190 3426 lilii
1221 3371 1502 3426 contueri?
1532 3369 1792 3438 Quocirca

210 3481 391 3534 precor
409 3478 463 3522 et
489 3467 722 3522 obsecro
751 3466 970 3518 multam
998 3463 1286 3518 liberorum
1312 3475 1497 3515 curam
1521 3474 1790 3529 geramus,

211 3565 261 3611 et
296 3559 484 3630 ubique
529 3557 758 3612 Salutem
791 3557 1002 3610 illorum
1043 3554 1235 3607 anima:
1264 3567 1587 3622 quaeramus.
1631 3550 1794 3618 Magi-

209 3659 313 3706 ster
340 3664 394 3706 et
421 3653 617 3706 doctor
654 3666 712 3706 es
740 3650 1002 3703 universa}
1029 3646 1225 3702 domus
1257 3654 1359 3698 tuae
1383 3684 1398 3705 ,
1426 3643 1627 3712 tibique
1659 3657 1792 3694 uxo-

210 3757 315 3796 rem
347 3751 403 3797 et
441 3744 583 3796 filios
613 3750 866 3811 perpetuo
904 3737 1176 3793 docendos
1203 3735 1489 3793 couuuittit
1529 3735 1687 3787 Deus.
1731 3732 1795 3786 Et

210 3851 345 3894 nunc
382 3837 605 3907 quidem
641 3837 714 3889 ait
741 3834 936 3888 Paulus
965 3833 1032 3888 de
1063 3831 1318 3886 uxoribus
1350 3847 1362 3882 :
1396 3829 1456 3885 Si
1479 3828 1601 3899 quid
1627 3838 1794 3881 autent

209 3927 370 3982 volunt
396 3929 614 3992 discere,
639 3927 777 3980 domi
801 3926 934 3978 viros
958 3941 1077 3978 suos
1098 3924 1402 3992 interrogent
1444 3923 1518 3992 (l.
1549 3920 1666 3976 Cor.
1703 3920 1788 3973 14.

209 4017 328 4090 '55);
359 4035 498 4074 nunc
524 4034 657 4074 vero
682 4018 749 4073 de
778 4018 956 4071 liberis
977 4057 991 4080 ,
1024 4015 1251 4070 Educate
1279 4014 1397 4068 illos
1431 4014 1482 4067 in
1513 4013 1790 4082 disciplina

208 4119 251 4162 et
277 4113 592 4184 correptione
619 4111 823 4168 Domini
844 4114 1058 4185 (Ephes.
1087 4112 1140 4166 6.
1169 4111 1246 4180 4).
1277 4109 1493 4164 Statuas
1521 4122 1711 4162 aureas
1741 4109 1792 4159 in
1823 4135 1828 4140 ε

208 4202 402 4258 milibus
435 4205 639 4261 habere
673 4215 726 4260 te
767 4207 1013 4263 existima
1060 4206 1296 4268 liberos;
1344 4203 1565 4273 singulis
1605 4201 1820 4260 diebusi

207 4307 296 4348 eos
324 4295 575 4363 informa,
601 4307 657 4350 et
681 4297 965 4367 diligenter
983 4296 1285 4362 considera,
1309 4296 1561 4365 omnique
1589 4294 1794 4347 ratione
1821 4325 1826 4330 ε

208 4384 412 4441 illorum
443 4389 678 4445 animum
707 4404 911 4443 exorna
950 4397 1004 4443 et
1033 4389 1254 4443 institue
1288 4405 1301 4442 :
1337 4389 1544 4442 imitare
1583 4387 1792 4441 beatum
1823 4417 1830 4428 ε

205 4475 322 4545 Job,
353 4482 445 4550 qui
474 4483 671 4535 timens
689 4482 758 4537 ob
780 4497 840 4536 ea
869 4497 990 4552 qua:
1015 4481 1114 4551 ipsi
1139 4491 1318 4536 mente
1340 4490 1680 4549 peccassent,
1710 4493 1796 4532 sa-

205 4572 400 4631 crificia
432 4589 532 4643 pro
561 4574 693 4646 ipsis
717 4573 975 4632 oli'crebat
999 4617 1014 4642 ,
1057 4591 1121 4630 ac
1153 4575 1378 4630 multum
1418 4575 1484 4628 de
1528 4573 1636 4628 illis
1679 4582 1796 4628 erat

205 4663 464 4724 sollicitus
491 4665 617 4737 (Job
669 4669 722 4722 l.
753 4669 833 4740 5).
866 4668 1074 4722 Imitare
1104 4667 1372 4720 Abraham
1409 4684 1424 4721 :
1453 4682 1577 4722 nam
1620 4674 1675 4720 et
1705 4667 1796 4720 ille

206 4759 550 4822 pecuniarum
599 4767 654 4814 et
693 4759 1094 4830 possessionum
1139 4757 1282 4812 haud
1324 4757 1594 4812 studiosus
1636 4765 1793 4825 erat,

204 4847 292 4900 sed
319 4849 626 4904 divinarum
659 4851 836 4920 legum
857 4893 872 4918 ,
907 4860 965 4906 ut
992 4851 1203 4905 illarum
1231 4849 1661 4908 observationem
1702 4865 1796 4920 po-

203 4942 365 4995 steris
392 4943 508 4996 suis
535 4953 721 4997 exacte
750 4943 1171 4998 commendaret.
1197 4942 1368 5009 Quam
1396 4941 1512 5011 ejus
1546 4942 1794 4997 virtutem

203 5031 512 5086 testimonio
532 5048 630 5086 suo
650 5032 886 5088 declarat
908 5033 1046 5087 Deus
1062 5033 1112 5086 in
1137 5031 1251 5086 huic
1272 5031 1430 5086 verba
1455 5048 1468 5085 :
1497 5030 1620 5086 Scio
1641 5033 1798 5098 enim,

201 5123 318 5190 quia
342 5125 615 5180 constituet
645 5126 903 5180 Abraham
929 5127 1052 5195 [iliis
1078 5127 1184 5180 suis
1213 5127 1418 5197 judicia
1455 5135 1500 5180 et
1531 5127 1793 5197 iustiﬁca-

203 5215 358 5268 tiones
380 5214 536 5286 (Gen.
579 5219 665 5274 l8.
693 5218 805 5288 l9).
838 5218 1001 5272 David
1029 5233 1241 5288 quoque
1261 5259 1274 5282 ,
1301 5218 1427 5272 dum
1457 5227 1755 5272 moreretur
1777 5259 1793 5283 ,

201 5317 408 5374 magna:
428 5306 749 5363 hereditatis
775 5309 893 5364 loco
921 5319 1109 5363 vocato
1135 5309 1245 5363 lilio
1270 5325 1368 5364 suo
1400 5309 1703 5374 mandabat,
1734 5325 1798 5364 ac

202 5396 512 5465 frequenter
553 5400 767 5456 dicebat
795 5419 816 5454 ι
844 5401 900 5456 Si
936 5400 1174 5456 Volueris
1199 5441 1214 5468 ,
1263 5401 1336 5456 fdi
1358 5443 1373 5468 ,
1405 5418 1470 5458 ex
1501 5403 1672 5473 legum
1706 5404 1796 5458 Dei

207 5491 523 5561 praescripto
551 5492 734 5547 vivere
753 5535 768 5558 ,
799 5493 1003 5548 nullum
1033 5493 1362 5561 inopinatum
1392 5493 1588 5547 tnalum
1621 5505 1670 5546 te
1699 5509 1796 5562 op-

205 5581 418 5651 primet,
451 5583 550 5638 sed
581 5587 758 5641 omnia
787 5602 1043 5657 prospere
1077 5586 1168 5640 tibi
1199 5587 1510 5653 succedent,
1538 5603 1601 5642 ac
1635 5589 1795 5640 multa

204 5677 492 5731 securitate
520 5680 739 5746 potieris
771 5697 792 5735 '.
817 5681 897 5734 sin
925 5690 1102 5734 autem
1129 5681 1197 5734 ab
1219 5679 1312 5733 illo
1333 5681 1531 5733 auxilio
1560 5680 1794 5745 excidas,

205 5764 335 5819 nihil
362 5767 455 5820 tibi
479 5783 702 5836 regnum
727 5779 781 5824 et
803 5770 962 5824 multa
987 5769 1101 5824 hzec
1127 5769 1355 5838 potentia
1385 5769 1645 5839 proderit.
1671 5769 1798 5826 llaec

205 5868 256 5912 et
285 5860 407 5916 talia
433 5861 667 5931 dicebat,
691 5865 790 5919 etsi
813 5879 916 5918 non
941 5864 1056 5919 istis
1077 5863 1232 5935 plane
1259 5865 1454 5921 verbis.

1438 420 1503 477 IN
1545 418 1768 479 ILLUD.
1810 416 2016 473 ηοω
2058 416 2426 476 ELIGATUR.

3394 422 3500 480 350

1983 530 2071 586 10.
2109 529 2373 596 Quomodo
2403 529 2548 600 pueri
2576 529 2820 597 docendi;
2847 533 3049 603 {ructus
3072 532 3214 588 bona:
3237 545 3328 590 aut
3351 543 3500 593 malai

1905 621 2219 676 educationis
2275 623 2593 688 liberorum;
2665 608 2968 695 ncjligentia
3028 637 3314 694 parentum.
3373 630 3500 685 Haec

1907 717 2064 768 etiam
2095 730 2194 768 nos
2225 725 2277 767 et
2308 715 2433 767 dum
2467 716 2724 782 vivimus,
2766 725 2821 771 et
2849 733 2969 772 cum
3002 719 3245 774 ntoritnri
3271 737 3458 776 sumus
3493 770 3507 786 ,

1906 804 2091 858 liberis
2121 806 2319 860 nostris
2340 805 2610 872 dicamus,
2629 807 2813 877 eisque
2836 809 3250 878 persuadeamus
3277 829 3494 883 magnas

1905 909 2027 950 esse
2053 895 2264 951 divitias
2289 906 2343 950 et
2368 898 2616 953 stabilem
2645 899 2997 954 hereditatem
3025 943 3044 968 ,
3077 904 3496 976 thesaurumque

1905 988 2070 1042 nullis
2091 989 2386 1042 obnoxium
2415 989 2626 1044 damnis
2652 993 2898 1048 timorem
2931 995 3060 1060 Dei;
3094 1012 3158 1052 ac
3185 999 3497 1055 Studeamus

1905 1080 2010 1136 illis
2033 1096 2136 1134 non
2168 1082 2422 1150 pecunias
2446 1098 2566 1152 quae
2592 1093 2819 1153 pereunt
2841 1086 3176 1156 relinquere,
3201 1090 3295 1145 sed
3324 1092 3494 1159 picta-

1906 1182 2014 1228 tcm
2037 1189 2154 1242 quae
2187 1181 2487 1242 permanet,
2516 1190 2616 1230 nec
2639 1191 2887 1246 umquam
2912 1178 3228 1236 absumitur.
3261 1181 3316 1237 Si
3347 1184 3494 1240 enim

1905 1263 2074 1332 pietas
2100 1279 2206 1318 non
2251 1263 2428 1330 adsit,
2473 1275 2697 1334 pereunt
2741 1270 2978 1336 pecuniae
3015 1285 3135 1339 qua:
3164 1283 3497 1343 suppetunt,

1905 1369 2028 1408 cum
2057 1353 2299 1422 periculo
2323 1365 2376 1408 et
2403 1355 2690 1425 ignominia
2713 1372 2918 1412 summa
2953 1379 2964 1412 :
3001 1376 3060 1416 ca
3090 1378 3217 1417 vero
3242 1365 3288 1418 si
3313 1366 3452 1424 adsit
3476 1407 3491 1431 ,

1903 1447 2064 1500 etiam
2096 1463 2158 1501 ea
2189 1464 2307 1520 quae
2335 1464 2441 1502 non
2471 1439 2795 1520 suppetunt:
2839 1454 3205 1522 acquiruntur.
3248 1457 3304 1514 Si
3344 1469 3399 1514 tu
3431 1461 3496 1513 ti-

1903 1540 2031 1594 lium
2061 1552 2210 1594 tuum
2237 1550 2380 1598 recte
2405 1542 2716 1597 educaveris
2743 1584 2758 1608 ,
2791 1544 2860 1598 ita
2889 1562 3040 1602 suum
3074 1548 3237 1606 lilium
3272 1550 3360 1609 ille
3380 1592 3396 1614 ,
3437 1560 3496 1605 et

1903 1633 2038 1685 alter
2058 1647 2210 1684 suum
2237 1649 2249 1696 ;
2275 1647 2335 1685 ac
2357 1632 2520 1686 veluti
2538 1644 2725 1688 catena
2747 1636 2989 1704 quasdam
3012 1650 3063 1690 et
3086 1640 3253 1694 series
3277 1643 3493 1710 optima:

1901 1723 2324 1778 conversationis
2349 1723 2416 1776 ad
2445 1739 2632 1778 omnes
2660 1741 2830 1794 usque
2859 1729 3159 1796 perveniet,
3190 1747 3217 1784 a
3253 1740 3301 1786 te
3331 1731 3498 1788 ducto

1902 1813 2055 1868 initio
2081 1821 2135 1866 et
2160 1813 2338 1866 radice
2357 1855 2372 1878 ,
2396 1814 2536 1868 unde
2566 1814 2659 1868 tibi
2697 1815 2766 1869 ob
2793 1828 3095 1885 susceptam
3139 1820 3365 1875 filiorum
3395 1839 3494 1875 cu-

1900 1918 2014 1956 ram
2042 1903 2250 1957 fructus
2280 1913 2586 1958 nascentur.
2616 1904 2672 1958 Si
2704 1917 2954 1974 parentes
2986 1907 3180 1963 liberos
3206 1924 3332 1966 suos
3360 1911 3488 1966 dili-
3529 1963 3532 1968 .

1899 2006 2079 2067 genth
2107 1997 2381 2051 erudirent
2405 2037 2420 2061 ,
2463 2013 2568 2052 non
2611 1998 2848 2068 legibus,
2879 2015 2983 2053 non
3007 2001 3225 2076 judiciis
3249 2019 3383 2072 Opus
3411 2004 3496 2057 fo-

1900 2098 2021 2155 ret,
2052 2105 2156 2143 non
2189 2089 2364 2158 pinnis
2405 2105 2468 2145 ac
2508 2091 2810 2159 suppliciis,
2843 2102 2899 2148 et
2939 2093 3176 2149 ca'dibus
3223 2098 3443 2165 publicis
3477 2117 3492 2153 :

1899 2181 2160 2251 siquidem
2186 2180 2359 2245 Juslo,
2390 2181 2562 2249 inquit
2587 2181 2698 2246 ille,
2733 2181 2815 2236 lca:
2839 2200 2938 2237 non
2964 2194 3035 2238 est
3063 2187 3226 2253 posita
3251 2187 3324 2258 (Ι.
3359 2187 3493 2242 Tim.

1901 2275 1955 2328 1.
1981 2274 2072 2344 9).
2119 2273 2384 2340 Quoniam
2414 2283 2589 2329 autem
2631 2275 2840 2330 illorum
2874 2293 3054 2331 curam
3088 2297 3192 2333 non
3219 2281 3490 2350 gerimus,

1907 2365 2108 2419 idcirco
2133 2365 2426 2434 majoribus
2468 2365 2588 2419 illos
2619 2367 2774 2422 malis
2810 2369 3128 2424 involvimus
3148 2413 3162 2434 ,
3192 2382 3242 2426 et
3271 2374 3487 2427 carnili-

1897 2471 2018 2510 cum
2050 2455 2167 2510 illos
2199 2457 2444 2511 manibus
2487 2455 2734 2514 dedimus
2757 2497 2772 2522 ,
2811 2467 2970 2528 atque
3001 2461 3053 2515 in
3085 2461 3334 2518 barathra
3379 2466 3490 2519 fre-

1897 2560 2124 2620 quenter
2153 2548 2493 2618 impellimus.
2523 2549 2621 2614 Qui
2641 2551 2770 2616 enim
2795 2553 3058 2622 refrigerat
3083 2554 3266 2620 lilium,
3295 2555 3491 2626 inquit,

1899 2639 2156 2710 colligabit
2181 2643 2388 2692 vulnera
2419 2642 2526 2710 ejus
2556 2639 2743 2708 (Ercli.
2770 2643 2856 2696 50.
2891 2646 2966 2710 7).
3000 2644 3135 2710 Quid
3167 2655 3249 2700 est
3275 2645 3372 2711 Qui
3403 2665 3486 2701 re-

1899 2730 2150 2800 frigerat?
2179 2730 2280 2796 Qui
2308 2731 2592 2785 miseretur
2613 2773 2628 2796 ,
2662 2733 2751 2800 qui
2779 2731 3025 2786 adulatur
3047 2775 3062 2798 ,
3103 2736 3190 2804 qui
3226 2735 3496 2794 blanditur

1900 2826 2034 2876 ultra
2076 2820 2314 2875 modum.
2355 2821 2403 2876 ls
2430 2821 2573 2875 enini
2609 2822 2894 2878 severitate
2923 2839 3159 2892 curaque
3191 2825 3389 2896 indiget
3429 2844 3497 2882 ac

1900 2923 2065 2968 metu.
2099 2913 2224 2967 llznc
2260 2921 2436 2966 autem
2470 2928 2576 2967 non
2613 2929 2678 2967 eo
2710 2913 2849 2977 dico,
2885 2924 2942 2968 ut
2971 2915 3127 2970 nimis
3155 2918 3327 2985 asperi
3359 2919 3493 2973 libc~

1899 3005 1972 3058 ris
2002 3006 2169 3058 simus
2195 3045 2208 3067 ,
2256 3004 2350 3058 sed
2381 3021 2446 3060 ne
2483 3005 2778 3074 despicatui
2809 3007 2880 3060 ab.
2921 3008 3021 3061 illis
3073 3009 3383 3064 habeantur.
3436 3013 3496 3066 Si

1897 3098 2042 3151 enim
2076 3112 2209 3150 uxor
2236 3097 2406 3150 virum
2438 3113 2591 3151 suum
2620 3107 2859 3153 metuere
2891 3099 3049 3154 debet
3072 3142 3088 3165 ,
3134 3104 3300 3156 tnttlto
3328 3109 3499 3175 magis

1899 3188 2040 3242 filius
2087 3197 2310 3258 patrem.
2359 3189 2546 3258 Neque
2583 3190 2711 3244 mihi
2763 3191 2908 3246 dicas
2937 3191 3142 3248 domari
3184 3212 3288 3248 non
3339 3212 3498 3265 posse
3562 3229 3564 3231 >

1894 3279 2250 3350 juventutem.
2282 3279 2412 3334 Nam
2442 3281 2540 3336 sia
2571 3281 2794 3336 muliere
2827 3282 2981 3336 vidua
3015 3300 3198 3338 curam
3227 3287 3496 3356 ejusmodi

1898 3375 2122 3440 requirit
2148 3373 2378 3434 Paulus,
2409 3375 2576 3426 inulto
2605 3376 2771 3443 magis
2801 3390 2829 3427 a
2862 3376 2988 3430 viris
3021 3395 3032 3429 :
3064 3377 3107 3430 si
3147 3377 3259 3432 ﬁeri
3294 3379 3345 3433 id
3388 3397 3497 3434 non

1898 3475 2099 3537 posset,
2133 3482 2239 3521 non
2269 3467 2607 3535 imperasset.
2645 3466 2840 3520 Verum
2871 3468 3047 3522 onmis
3079 3468 3392 3537 improbitas
3421 3488 3488 3526 ex

1900 3560 2221 3631 negligentia
2248 3570 2429 3614 nostra
2473 3560 2645 3614 oritur
2671 3600 2683 3622 ,
2731 3569 2786 3615 ct
2823 3560 2962 3630 quod
2997 3578 3101 3615 non
3133 3577 3160 3614 a
3192 3562 3454 3634 principio
3476 3608 3492 3628 ,

1899 3666 2074 3721 neque
2096 3666 2124 3704 a
2153 3651 2405 3721 prinueva
2435 3658 2593 3705 aetate
2617 3649 2682 3703 ad
2719 3654 2968 3718 pietatem
3003 3653 3147 3720 ipsos
3174 3653 3499 3709 informave-

1897 3744 2086 3798 rimus.
2119 3741 2224 3796 Sed
2257 3751 2312 3794 ut
2339 3739 2579 3812 profanis
2599 3740 2810 3810 quidem
2845 3741 3153 3794 imbuuntur
3175 3743 3498 3812 disciplinis,

1898 3846 1954 3892 et
1977 3837 2028 3891 in
2055 3845 2354 3891 castrorum
2385 3849 2637 3890 nttmeros
2666 3834 2984 3904 allegantur,
3017 3851 3232 3903 operam
3261 3836 3452 3892 damus
3474 3881 3495 3902 ,

1899 3939 1953 3986 et
1979 3929 2234 4000 pecunias
2262 3943 2630 3993 numeramus,
2667 3937 2718 3981 et
2747 3928 2952 3981 amicos
2977 3927 3320 3985 obsecramus
3346 3971 3362 3996 ,
3393 3930 3500 3984 huc

1899 4022 2022 4076 illuc
2053 4021 2360 4090 frequenter
2385 4019 2738 4076 discurrimus
2773 4037 2785 4072 :
2822 4031 2877 4074 ut
2905 4030 3083 4074 autem
3114 4023 3253 4090 apud
3275 4025 3488 4090 angelo-

1897 4129 2015 4168 rum
2047 4113 2245 4184 Regem
2279 4113 2330 4166 in
2359 4112 2753 4167 existimatione
2781 4113 2888 4166 sint
2911 4154 2927 4178 ,
2959 4130 3063 4168 non
3094 4115 3379 4170 admodum
3413 4119 3491 4170 la—

1901 4206 2174 4261 boramus.
2221 4208 2396 4276 Atque
2440 4205 2507 4260 ad
2558 4209 2861 4273 spectacula
2915 4207 3130 4277 quidem
3190 4209 3495 4279 frequenter

1898 4298 2190 4352 ascendere
2220 4299 2484 4365 sinimus,
2535 4298 2600 4352 ad
2642 4298 2925 4353 ecclesiam
2971 4309 3147 4354 autem
3196 4317 3492 4370 numquam

1901 4389 2085 4442 venire
2106 4389 2480 4457 compellimus
2512 4406 2525 4442 :
2559 4388 2652 4442 sed
2686 4389 2729 4444 si
2760 4389 2924 4444 semel
2949 4399 3042 4442 aut
3074 4390 3263 4443 iterum
3293 4407 3489 4460 pueru-

1899 4481 1983 4534 lus
2009 4479 2114 4534 h-ue
2143 4480 2428 4546 adveniat,
2460 4489 2692 4546 temere,
2727 4480 2921 4534 frustra
2951 4490 3004 4534 ct
3035 4482 3298 4535 incassum
3331 4493 3490 4553 atque

1901 4573 2064 4628 animi
2090 4588 2249 4626 causa
2292 4571 2396 4626 huc
2421 4571 2655 4625 advenit.
2704 4573 2772 4626 At
2816 4587 2918 4624 non
2965 4573 3032 4625 ita
3069 4573 3180 4627 lieri
3210 4576 3491 4642 Oportuit:

1899 4665 1993 4719 sed
2022 4663 2472 4734 quemadmodum
2503 4678 2622 4716 cum
2649 4662 2713 4718 ad
2745 4663 2958 4717 scholas
3000 4664 3258 4718 mittimus
3278 4708 3294 4732 ,
3324 4665 3492 4720 disci-

1899 4754 2166 4824 plinarum
2194 4754 2263 4808 ab
2291 4752 2396 4807 illis
2432 4753 2691 4808 rationem
2720 4753 3012 4823 exigimus,
3047 4753 3114 4807 ita
3146 4771 3268 4809 cum
3303 4757 3367 4810 ad
3401 4775 3496 4812 ee-

1901 4845 2117 4901 clcsiam
2146 4843 2426 4910 mittimus,
2451 4844 2534 4899 vel
2563 4844 2738 4915 potius
2764 4844 3027 4900 ducimus.
3055 4844 3170 4900 Non
3202 4847 3346 4902 enim
3373 4851 3493 4905 aliis

1901 4952 1996 4992 eos
2025 4937 2393 5000 committere,
2427 4952 2456 4990 a
2487 4936 2639 4990 vobis
2668 4936 2858 4991 ductos
2886 4936 2988 4991 huc
3019 4947 3231 5007 oportet
3256 4940 3455 4996 intrare
3476 4984 3495 5007 ,

1903 5038 1958 5083 ct
1984 5042 2173 5084 eorum
2200 5043 2318 5098 qme
2350 5028 2434 5081 hic
2457 5027 2779 5092 audiverint,
2807 5037 2860 5083 et
2882 5045 3003 5098 qua:
3036 5029 3344 5097 didicerint,
3379 5050 3493 5088 nte-

1903 5121 2071 5175 moria
2099 5118 2427 5190 reposcenda
2456 5130 2561 5176 est.
2595 5118 2684 5174 Sic
2714 5121 2856 5174 enim
2891 5121 3043 5176 lierct
3074 5129 3131 5175 ut
3159 5137 3188 5175 a
3222 5124 3378 5180 nobis
3416 5125 3494 5180 fa-

1901 5213 2004 5268 cile
2031 5228 2096 5267 ac
2121 5213 2268 5268 nullo
2297 5213 2512 5282 negotio
2553 5213 2618 5267 ad
2652 5215 2928 5269 meliorem
2974 5213 3181 5284 frugem
3226 5217 3376 5271 liberi
3408 5235 3491 5272 re-

1902 5316 2241 5362 vocarentur.
2269 5307 2400 5361 Nam
2431 5308 2474 5362 si
2502 5317 2555 5362 et
2579 5307 2724 5363 domi
2763 5318 3020 5380 perpetuo
3043 5325 3140 5362 nos
3168 5307 3236 5363 de
3259 5309 3488 5377 philoso-

1903 5399 2028 5470 phia
2073 5399 2356 5470 loquentes
2395 5401 2663 5467 audirent,
2704 5409 2760 5454 et
2798 5399 2940 5470 quod
2989 5415 3123 5468 opus
3170 5399 3310 5454 facto
3351 5393 3516 5455 esset"

1903 5490 2272 5557 consulentes,
2301 5502 2354 5547 et
2381 5507 2501 5546 cum
2535 5493 2637 5546 illis
2661 5491 3078 5559 adjuugerentur
3101 5505 3220 5560 qua:
3249 5491 3352 5547 hoc
3379 5492 3494 5546 loco

1903 5583 2154 5638 dicuntur
2175 5625 2189 5649 ,
2221 5593 2274 5637 et
2299 5583 2692 5653 quamprimum
2723 5582 2945 5646 istorum
2977 5581 3246 5637 seminum
3280 5584 3498 5638 uberem

1905 5678 2060 5732 nobis
2094 5677 2321 5731 fructum
2352 5676 2728 5744 producerent.
2759 5676 2828 5729 At
2858 5689 2956 5729 nos
2985 5675 3115 5729 nihil
3144 5675 3333 5730 horum
3362 5691 3500 5746 pra--

1903 5782 2126 5835 stamus,
2151 5769 2243 5823 sed
2269 5785 2330 5823 ea
2356 5784 2474 5838 qute
2505 5776 2688 5823 nostra
2719 5769 2984 5823 intersunt
3009 5769 3260 5836 maxime,
3289 5769 3506 5839 perfun-

1905 5863 2072 5918 ctorie
2103 5877 2350 5918 curamus
2383 5879 2398 5916 :
2429 5861 2574 5932 quod
2617 5863 2660 5917 si
2691 5863 2762 5918 de
2795 5861 2880 5916 bis
2907 5863 3222 5918 cohortatur
3267 5863 3460 5935 aliquis
3481 5899 3499 5927 ,
