2031 3211
272 210 321 238 35⁵1

273 273 363 301 statim
378 272 518 306 irridetur;
532 277 612 308 alque
627 272 689 300 hinc
704 274 743 306 tit,
760 278 788 300 ut
801 273 890 300 omnia
906 279 1005 306 susque
1017 270 1066 298 dc-

273 327 326 353 que
340 323 485 351 vertantur,
501 326 622 354 quosque
632 324 758 354 parentes
772 326 824 346 non
838 318 979 354 castigant,
995 317 1069 353 leges

270 369 391 391 externa:
404 364 544 399 castigent.

308 411 353 436 ll.
369 410 410 436 An
426 417 478 437 non
495 414 520 437 te
536 410 627 445 pudet,
647 417 749 445 quaiso,
765 418 815 438 nec
829 410 966 437 erubescis
978 430 986 443 ,
1006 416 1067 437 cum

273 456 356 483 lilium
366 460 444 484 'tuum
455 457 537 491 jndex
550 458 626 492 pttnit
636 477 643 490 ,
657 462 684 484 et
702 457 936 493 temperantiorem
959 451 1066 488 reddit,

271 501 341 535 quod
356 502 400 528 ille
411 503 579 529 correctione
594 507 705 530 externa
721 503 848 537 indigeat,
859 502 905 537 qui
916 506 989 528 tanto
1000 506 1068 528 tem-

271 555 336 582 pore
351 547 376 574 in
389 548 566 575 contubernio
587 553 633 576 tuo
653 548 739 575 vixit?
761 556 813 575 non
833 553 858 575 te
879 547 1022 575 abscondis
1040 551 1068 574 ct

270 592 410 619 occultas?
423 593 464 620 An
479 601 544 620 vero
559 598 586 620 tu
601 594 711 620 omnino
724 614 731 627 ,
745 594 790 621 dic
802 614 808 625 ,
824 601 916 628 quaeso
927 614 935 625 ,
947 598 1024 628 paler
1036 592 1066 619 il-

270 638 322 666 lius
336 639 419 667 audes
429 640 529 671 vocari,
544 642 588 674 qui
604 640 685 667 tilium
698 640 732 666 ita
747 639 907 674 prodideris,
919 646 1006 673 neque
1018 645 1066 665 ne-

269 686 388 713 cessario
402 686 476 713 illum
497 687 621 721 prmsidio
637 685 765 714 munieris
776 706 785 719 ,
801 685 849 713 sed
863 685 897 712 ab
909 685 981 712 omni
997 684 1066 711 sive-

270 732 306 759 ris
325 732 496 767 improbitate
512 733 620 760 vitiari?
635 733 677 760 Ae
688 733 709 760 si
724 732 877 767 quempiam
897 731 1005 767 quidem
1023 730 1065 757 fu-

269 780 380 814 gitivum
396 781 488 808 videas
501 781 615 815 puerulo
625 781 715 816 alapas
729 781 930 815 impingcntem,
945 779 1067 814 indigna-

271 827 327 859 ris,
350 827 494 859 irasceris,
520 832 546 854 et
568 827 622 855 fera
641 827 779 854 crudelius
802 827 827 854 in
850 826 945 853 faciem
964 826 1066 853 inrolas

267 871 327 906 ejus
339 893 347 906 ,
362 880 376 899 a
387 881 443 907 quo
456 874 606 907 percutitur
621 882 628 899 ε
643 881 704 900 cum
721 880 785 900 vero
798 872 933 900 diabolum
947 871 1065 906 quotidie

272 917 366 945 videas
390 918 483 952 alapas
505 918 543 945 illi
559 918 707 953 impingere
721 938 729 951 ,
749 918 886 945 d:emoues
905 917 938 944 ad
958 921 1064 951 peccata

271 964 406 998 pellicere,
422 965 534 997 dormis,
551 973 641 1000 neque
656 965 813 1000 indignaris,
832 972 918 999 neque
932 971 966 991 ex
981 963 1064 990 fauci-

270 1010 320 1037 bus
342 1010 497 1037 stevissimze
520 1011 615 1038 bellua:
638 1010 721 1038 filium
744 1010 846 1045 eripis?
866 1009 996 1036 Rursusa
1010 1008 1065 1035 da:-

269 1064 348 1083 ntone
362 1057 384 1084 si
399 1062 552 1091 correptum
567 1057 668 1090 videas,
682 1057 715 1084 ad
730 1065 823 1084 omnes
837 1061 945 1083 sanctos
958 1055 1045 1083 curris
1055 1075 1062 1086 ,

268 1107 296 1129 et
307 1110 355 1131 eos
367 1103 412 1138 qni
428 1104 566 1131 cacumlna
581 1104 712 1131 montium
726 1103 846 1130 incolunt
858 1102 1021 1137 interpellas,
1036 1105 1065 1128 ut

267 1148 342 1175 illum
356 1149 488 1183 ejusmodi
501 1149 591 1177 furore
603 1150 717 1177 liberent
728 1158 735 1178 :
747 1157 808 1177 cum
822 1153 911 1177 autem
926 1157 940 1176 a
953 1154 1064 1184 peccato

267 1202 374 1230 semper
391 1201 505 1224 vexetur
514 1218 522 1229 ,
538 1196 608 1231 quod
624 1197 747 1224 daemone
760 1197 855 1232 quovis
867 1196 989 1231 asperius
1000 1199 1042 1222 est
1054 1215 1062 1228 ,

267 1241 332 1269 nihil
347 1246 435 1269 tamen
448 1247 474 1270 te
489 1243 660 1270 commovet?

300 1287 424 1316 Peccator
437 1289 593 1316 dwmoniaco
606 1289 730 1317 miserior.
745 1303 782 1309 ο-
794 1288 829 1316 At
840 1296 854 1315 a
869 1288 992 1315 diemone
1002 1287 1063 1323 qui-

265 1334 326 1362 dem
341 1335 430 1362 vexari
443 1356 452 1368 ,
468 1334 533 1362 nihil
546 1343 627 1370 grave
642 1340 683 1362 est
696 1344 703 1362 :
718 1343 805 1370 neque
824 1334 895 1362 enim
915 1334 968 1361 ullo
982 1333 1061 1360 modo

266 1386 356 1416 potest
375 1381 538 1409 diemonium
561 1382 587 1408 in
611 1381 760 1417 gehennam
783 1380 946 1416 prmcipitem
966 1382 1059 1415 agerc;

263 1427 313 1455 sed
333 1427 356 1455 si
376 1427 471 1454 attenti
491 1428 576 1454 simus
590 1434 621 1454 ac
635 1426 729 1462 vigiles
744 1447 752 1459 ,
769 1426 814 1453 tibi
835 1433 895 1453 cuin
916 1425 1061 1460 gratiarum

265 1472 370 1499 actione
384 1473 560 1500 contumelias
576 1472 707 1507 ejusmodi
724 1472 875 1502 tulerimus,
887 1471 967 1498 etiant
980 1477 1061 1497 coro-

265 1524 314 1543 nas
329 1517 406 1544 nobis
422 1517 540 1552 insignes
554 1522 582 1545 et
597 1517 714 1544 illustres
731 1517 773 1543 illa
788 1516 900 1543 tentatio
918 1522 1061 1549 compara-

265 1564 319 1596 bit;
335 1571 396 1591 eum
413 1571 476 1591 vero
491 1563 536 1598 qui
552 1563 670 1598 peccatis
689 1563 760 1589 vivat
774 1562 895 1589 addictus
907 1581 914 1594 ,
935 1561 1061 1596 impossi-

264 1610 318 1638 bile
331 1615 372 1637 est
384 1617 510 1645 umquam
523 1609 626 1636 salvum
642 1609 697 1635 tieri
711 1628 719 1641 ,
741 1608 788 1635 sed
805 1607 882 1642 plane
898 1614 1006 1634 necesse
1020 1610 1062 1633 est

263 1662 292 1684 et
305 1656 347 1684 hic
362 1657 569 1691 ignominiosum
584 1663 646 1683 esse
658 1676 666 1688 ,
690 1660 717 1682 ct
729 1655 885 1683 defunctum
900 1661 991 1681 rursus
1008 1653 1061 1681 illic

264 1703 408 1731 innnortali
431 1703 562 1738 supplicio
583 1703 681 1737 puniri.
706 1701 896 1729 Verumtamen
921 1701 981 1727 licet
1003 1700 1061 1727 hzec

263 1751 397 1783 sciamus,
413 1750 526 1777 multum
548 1749 656 1784 quidem
672 1748 752 1776 studii
766 1748 792 1776 in
809 1756 841 1775 ea
860 1755 920 1782 qum
931 1751 994 1774 sunt
1007 1746 1060 1773 ini-

263 1803 329 1822 nora
344 1795 509 1823 conferimus
524 1804 531 1822 :
544 1800 572 1822 at
583 1803 644 1822 cum
658 1795 691 1822 dc
706 1794 854 1829 majoribus
869 1794 967 1829 agitur,
980 1794 1059 1820 nolu-

264 1849 323 1867 mus
338 1841 449 1868 excitari
466 1850 472 1868 :
488 1841 606 1876 dumque
620 1846 773 1877 correptum
796 1849 810 1867 a
830 1841 952 1868 dmmouc
972 1839 1061 1868 cerni-

264 1894 323 1914 nius
336 1907 343 1919 ,
364 1887 485 1922 lugemus
500 1896 507 1914 :
523 1888 587 1914 dum
607 1891 696 1915 autem
722 1891 877 1922 peccantem
901 1886 1038 1914 cernintns
1051 1906 1059 1918 ,

263 1942 298 1961 ne
314 1934 477 1969 percipimus
494 1934 603 1969 quidem
615 1954 623 1967 ,
645 1941 706 1961 cum
729 1933 856 1968 plangere
871 1937 1008 1967 oporteret
1028 1939 1061 1959 ac

262 1979 363 2006 deﬂere
379 1988 385 2006 :
403 1979 444 2006 vel
459 1980 545 2014 potius
559 1987 611 2006 non
632 1978 733 2007 deﬂere
746 1979 832 2006 solunt
843 1999 850 2010 ,
872 1978 920 2006 sed
942 1983 969 2006 et
982 1978 1058 2006 cohi-

262 2027 326 2053 bere
341 2034 372 2053 ac
385 2025 531 2058 refrenare,
548 2026 701 2058 consulere,
716 2025 865 2058 cohortari,
879 2024 1002 2051 timorem
1015 2023 1058 2051 in-

261 2076 366 2103 cutere,
379 2071 589 2106 reprehendere,
605 2071 677 2098 omni
691 2071 803 2098 medela:
817 2077 916 2105 genere
936 2070 1057 2097 morbum

263 2118 338 2144 illum
350 2117 469 2151 abigere,
485 2124 516 2144 ac
531 2117 638 2144 viduam
654 2117 732 2144 istam
746 2117 843 2143 imitari
855 2137 862 2147 .
876 2116 909 2143 dc
923 2123 974 2150 qua
988 2115 1058 2142 Pau-

262 2165 303 2191 lus
316 2164 363 2197 ait,
379 2163 411 2191 Si
422 2164 492 2197 ﬁlios
504 2163 620 2190 educauit
632 2163 670 2200 (l.
682 2162 752 2190 Tim.
770 2163 795 2190 5.
810 2162 865 2198 10).
882 2161 973 2197 Neque
986 2162 1058 2189 enim

262 2211 295 2238 ad
309 2211 380 2238 illam
394 2213 496 2237 tantum
510 2229 518 2241 ,
538 2209 585 2237 scd
610 2210 643 2237 ad
664 2216 757 2237 omnes
776 2216 883 2244 quoque
906 2216 1058 2236 sermonem

263 2259 333 2285 lumc
347 2258 455 2293 dirigit,
468 2265 615 2292 omnesque
635 2257 790 2284 cohortatur
800 2277 807 2288 ,
823 2256 913 2283 dit-ens
923 2277 930 2287 ,
947 2254 1060 2282 Educate

263 2304 330 2338 ﬁlios
344 2304 368 2330 in
383 2303 539 2337 correptione
554 2302 658 2329 Domini
674 2301 782 2337 (Ep/tes.
803 2303 829 2328 6.
849 2302 887 2337 4).
913 2301 979 2328 Nam
1003 2301 1059 2336 pri-

264 2358 335 2376 mum
352 2350 402 2376 hoc
413 2349 520 2384 quidem
536 2354 585 2381 est,
602 2355 628 2377 et
642 2349 786 2375 maximum
798 2349 908 2380 bonum,
923 2348 993 2383 quod
1009 2348 1059 2374 uti-

263 2404 315 2430 que
335 2397 450 2430 primum
470 2404 483 2422 a
501 2396 578 2422 vidua
595 2396 701 2429 exegit;
718 2394 815 2422 deinde
839 2399 899 2429 [)Oal
914 2395 983 2421 istud
997 2395 1034 2421 ait
1051 2403 1057 2421 :

264 2444 295 2470 Si
310 2444 419 2479 hospitio
433 2444 535 2477 recepit.
550 2443 629 2476 Quid,
642 2450 744 2477 quaeso,
760 2442 844 2468 dicis?
855 2443 875 2468 Λ
890 2442 1002 2468 muliere
1017 2442 1058 2467 vi-

264 2491 315 2517 dua
327 2491 452 2525 requiris,
469 2495 496 2516 ut
511 2490 627 2523 hospitio
641 2489 769 2524 recipiat?
789 2489 846 2516 Non
868 2488 918 2515 hoc
941 2488 1038 2515 sufﬁcit
1050 2509 1056 2520 ,

263 2542 293 2564 ut
308 2537 406 2564 liberos
420 2537 537 2562 nutriat?
549 2536 731 2571 Nequaquam,
747 2536 848 2570 inquit;
864 2535 910 2562 sed
924 2535 975 2562 hoc
990 2543 1058 2569 quo-

263 2591 314 2619 que
328 2583 468 2618 adjiciatur
482 2589 592 2609 necesse
602 2587 653 2614 est,
667 2586 693 2608 ct
703 2582 765 2609 dum
778 2581 933 2608 domesticis
950 2586 1056 2615 Dl‘él‘Csl,

263 2631 342 2657 etiam
357 2630 506 2657 alienorum
522 2637 613 2655 curam
628 2633 720 2663 gerat,
743 2636 774 2655 ac
790 2629 937 2663 peregrinis
948 2629 1056 2655 domum

260 2678 372 2712 aperiat.
398 2677 453 2704 Vita
476 2676 581 2703 functus
606 2680 648 2703 est
670 2676 800 2708 maritus;
820 2683 927 2702 ontnetn
948 2683 1057 2710 operam

261 2731 339 2757 quam
363 2723 428 2750 olim
449 2723 474 2749 in
498 2723 583 2754 illum,
604 2730 630 2749 tn
654 2721 810 2757 peregrinos
833 2720 966 2754 impende.
989 2721 1056 2754 Quid

263 2776 327 2804 ergo
338 2790 346 2801 ,
360 2769 381 2794 si
396 2769 555 2803 paupercula
571 2769 604 2795 sit
617 2789 624 2801 ,
647 2767 718 2794 dicet
737 2767 849 2801 aliquis?
863 2767 919 2793 Non
944 2772 985 2793 est
1005 2767 1057 2793 ulla

263 2813 406 2849 pauperior
418 2813 461 2840 illa
476 2814 552 2840 vidua
566 2835 573 2846 ,
589 2821 648 2849 qu:e
664 2812 769 2840 modico
789 2813 834 2839 illo
851 2812 941 2839 farina:
955 2833 961 2844 ,
978 2817 1058 2846 atque

262 2861 313 2886 olei
338 2859 443 2894 Iecytho
457 2867 580 2894 magnum
597 2860 753 2894 prophetam
777 2859 878 2886 llcliatn
893 2859 998 2893 excepit
1018 2859 1055 2891 (3.

267 2904 329 2938 Reg.
347 2905 378 2931 Π
390 2906 408 2938 ).
426 2904 492 2931 Nam
507 2905 543 2931 illi
558 2910 634 2931 erant
649 2905 723 2931 liberi
738 2913 744 2933 :
762 2905 808 2932 sed
830 2913 915 2939 neque
930 2905 967 2932 rei
982 2905 1056 2931 fatui-

262 2947 337 2974 liaris
351 2954 465 2982 egestas,
484 2957 533 2976 uec
553 2949 676 2976 violentia
695 2949 771 2976 famis
783 2971 790 2984 ,
808 2959 893 2986 neque
910 2959 983 2979 mors
1005 2953 1052 2978 im-

665 215 694 244 ὃ.
713 214 853 244 JOANNIS
871 211 1109 243 CllRYSOSTOMl
1128 212 1287 241 AllClllEP.
1309 214 1576 246 CONSTANTINOP.
1873 221 1916 250 33!

1128 271 1244 305 mincns,
1268 280 1355 308 neque
1379 274 1523 303 liberorum
1545 283 1618 309 cura,
1647 284 1697 305 nec
1719 277 1849 313 viduitas,
1872 289 1915 308 nec

1122 318 1192 345 aliud
1205 319 1349 355 quidquam
1365 320 1487 356 hospitali
1505 323 1613 350 mulieri
1625 323 1767 352 obstaculo
1781 326 1841 353 fuit.

1158 363 1201 390 12.
1216 364 1260 392 Sic
1275 364 1372 401 ubique
1388 374 1439 394 non
1454 368 1606 395 facultatum
1623 377 1760 402 tuensura.
1776 371 1825 398 sed
1840 372 1913 399 animi

1121 408 1285 445 affectusque
1295 418 1419 439 mensura
1430 414 1566 448 qumritur.
1579 414 1630 447 Qui
1643 416 1830 450 magnanimus
1843 423 1882 444 est
1890 424 1913 444 ει

1121 460 1211 482 mente
1225 455 1309 489 dives,
1326 456 1388 484 licet
1402 459 1513 492 pecunia
1535 460 1570 487 sit
1581 460 1700 488 omnium
1723 463 1912 496 pauperrimus,

1120 505 1146 528 et
1159 501 1349 536 hospitalitate,
1362 508 1388 530 et
1398 504 1578 541 eleemosyna,
1586 510 1612 533 et
1624 506 1696 533 omni
1707 507 1810 541 reliquo
1820 516 1912 543 genere

1121 546 1287 575 liberalitatis
1294 556 1388 576 omnes
1403 550 1501 584 poterit
1515 558 1644 585 superare
1658 560 1665 577 :
1681 552 1725 586 qui
1741 560 1805 579 vero
1819 561 1908 587 parcus

1119 599 1161 620 est
1180 601 1211 621 ac
1225 599 1314 622 mente
1331 603 1439 630 pauper,
1454 602 1534 632 atque
1547 598 1620 625 humi
1632 598 1724 633 serpit.
1740 600 1775 627 sit
1790 600 1851 627 licet
1859 609 1910 627 om-

1119 640 1192 667 nium
1215 640 1457 675 locupletissimus,
1481 644 1600 670 omnium
1625 645 1810 680 pauperrimus
1828 652 1868 674 est
1887 652 1910 674 et

1119 686 1325 720 egentissimus;
1337 687 1437 715 idcirco
1454 688 1514 715 talia
1523 694 1619 716 cuncta
1632 690 1763 718 detrectat
1772 696 1798 719 et
1809 692 1909 727 refugit.

1120 731 1153 758 Et
1164 731 1387 766 quemadmodum
1400 733 1426 760 in
1440 741 1557 769 paupere
1566 735 1667 762 nullum
1677 741 1764 771 potest
1776 743 1911 772 paupertas

1118 777 1151 804 ad
1160 778 1357 814 eleeuiosynam
1370 779 1589 814 intpcdimentum
1603 781 1709 814 aﬂ'erre,
1722 787 1832 817 propter
1844 791 1912 811 men-

1119 823 1152 850 tis
1163 824 1346 857 opulentiam:
1369 825 1409 852 sic
1426 833 1475 852 nec
1491 826 1600 854 divitem
1617 832 1728 862 possunt
1749 836 1814 863 opes
1823 829 1911 863 juvare

1118 869 1151 896 ad
1165 869 1348 898 liberalitatem
1363 872 1539 899 exercendam
1565 880 1620 907 pra:
1634 873 1714 900 nimia
1735 875 1834 902 mentis
1851 883 1910 910 ege-

1117 921 1196 945 state.
1210 917 1266 945 Nec
1287 918 1366 954 longe
1388 923 1468 946 erunt
1488 920 1610 954 exempla
1633 921 1744 955 petenda
1765 922 1910 956 :siqttidcnl

1118 963 1195 990 vidua
1211 963 1318 991 modico
1331 964 1423 991 farina:
1437 964 1594 999 prophetam
1610 966 1734 1001 excepit:
1751 966 1861 994 Achaab
1869 975 1913 994 au-

1118 1013 1182 1041 tem,
1195 1009 1241 1044 qui
1255 1014 1295 1037 tot
1318 1010 1423 1037 divitias
1439 1011 1603 1046 possidebat,
1618 1012 1699 1039 etiam
1714 1012 1800 1040 aliena
1813 1021 1912 1040 concu-

1117 1055 1182 1089 pivit
1202 1055 1247 1090 (5.
1261 1056 1325 1091 Reg.
1340 1065 1363 1083 ε.
1379 1057 1422 1084 17.
1436 1061 1460 1083 et
1474 1065 1499 1083 c.
1512 1057 1543 1084 Ἦ
1562 1057 1583 1092 ).
1609 1058 1645 1085 Ita
1667 1066 1719 1085 non
1741 1060 1913 1093 pecuniarum

1115 1101 1224 1133 divitite,
1238 1101 1285 1129 sed
1299 1102 1396 1130 mentis
1414 1102 1515 1130 divitia:
1528 1103 1681 1131 facilitatem
1697 1105 1774 1131 nobis
1786 1104 1820 1131 ad
1843 1105 1914 1132 elec-

1115 1154 1255 1183 mosynam
1271 1148 1391 1182 prrebent
1405 1156 1411 1174 :
1426 1148 1642 1184 quandoquident
1667 1149 1712 1176 illa
1733 1150 1813 1177 etiam
1836 1150 1912 1178 vidua

1115 1192 1220 1221 duobus
1240 1193 1327 1220 obolis
1337 1194 1492 1222 innumeros
1505 1194 1602 1222 divites
1620 1196 1766 1230 superavit,
1784 1204 1836 1223 nec
1850 1205 1911 1231 pau-

1114 1244 1205 1274 pertas
1218 1239 1435 1274 impedimentum
1447 1240 1545 1275 objecit
1556 1240 1632 1276 (Luc.
1641 1241 1686 1269 2t.
1695 1241 1775 1277 2-4).
1793 1242 1849 1269 Imo
1860 1243 1910 1271 ha-c

1115 1285 1171 1320 ipsa
1189 1290 1333 1320 pattpcrtas
1355 1286 1554 1322 elccmosynam
1577 1287 1704 1322 majorem
1725 1288 1831 1315 ell'ecit:
1846 1289 1910 1323 quod

1115 1331 1208 1366 utique
1232 1331 1328 1359 Paulus
1352 1332 1394 1360 liis
1408 1333 1497 1361 verbis
1516 1334 1672 1369 expressit:
1693 1334 1825 1361 Altissima
1850 1344 1908 1370 pnu-

1117 1382 1200 1413 pertas
1211 1378 1347 1405 abundavit
1356 1379 1383 1405 in
1396 1379 1498 1406 divitias
1513 1379 1684 1414 simplicitatis
1696 1388 1784 1407 eorum
1795 1380 1805 1416 (
1815 1381 1843 1408 2.
1855 1380 1908 1409 Cor.

1115 1424 1142 1450 8.
1154 1423 1195 1458 ‘2).
1206 1423 1262 1451 Non
1271 1424 1342 1451 cnitn
1354 1424 1404 1452 hoc
1412 1425 1634 1453 consideramlmn
1644 1430 1684 1453 est
1691 1426 1758 1454 duos
1768 1427 1842 1454 illam
1851 1427 1911 1455 obo-

1114 1468 1154 1496 los
1168 1476 1303 1505 crogassc,
1329 1469 1375 1497 sed
1390 1470 1461 1505 quod
1475 1478 1536 1498 cum
1561 1471 1611 1498 hos
1636 1472 1707 1499 solos
1723 1472 1846 1506 haberet,
1864 1474 1911 1501 illis

1114 1515 1224 1543 minitne
1247 1517 1408 1551 pepercerit,
1424 1516 1471 1543 sed
1485 1520 1567 1544 totam
1576 1517 1751 1545 substantiam
1764 1526 1841 1547 suam
1851 1527 1913 1547 con-

1115 1561 1215 1595 tulerit,
1241 1562 1350 1590 laudare
1371 1562 1442 1590 illam
1457 1568 1563 1597 oportet
1583 1571 1615 1591 ac
1639 1564 1740 1592 mirari.
1761 1565 1820 1593 Non
1835 1566 1913 1601 igitur

1113 1607 1219 1642 opibus,
1234 1608 1282 1635 sed
1304 1608 1386 1635 animi
1406 1608 1545 1637 alacritate
1560 1609 1636 1637 nobis
1657 1615 1698 1637 est
1711 1617 1790 1645 opus,
1806 1611 1912 1646 quando

1113 1653 1262 1688 excipiendi
1278 1659 1339 1681 sunt
1354 1654 1483 1689 hospites.
1497 1655 1562 1682 Nam
1576 1656 1804 1690 quemadmodum
1817 1657 1839 1684 si
1856 1657 1913 1684 ha‘c

1113 1699 1193 1732 adsit,
1209 1699 1274 1726 nihil
1286 1707 1383 1728 nocere
1397 1705 1484 1735 potest
1500 1706 1642 1736 paupertas
1656 1710 1662 1728 :
1679 1702 1717 1729 sic
1729 1703 1751 1729 si
1763 1701 1820 1730 hate
1833 1703 1912 1736 absit,

1114 1745 1179 1772 nihil
1195 1746 1314 1779 proderit
1327 1746 1473 1781 opulentia.
1489 1747 1557 1780 Quid
1573 1748 1612 1774 ais
1625 1747 1637 1774 ?
1650 1747 1748 1775 Curam
1764 1748 1910 1776 liberorum

1113 1794 1182 1829 gerit
1194 1795 1283 1826 vidua,
1297 1799 1324 1822 ct
1339 1794 1439 1822 idcirco
1452 1795 1607 1830 peregrinos
1628 1794 1717 1823 fovere
1732 1803 1787 1822 non
1803 1797 1914 1832 potest?

1114 1840 1170 1867 lmo
1182 1848 1246 1867 vero
1255 1840 1324 1868 hanc
1335 1840 1457 1868 eamdem
1468 1841 1503 1868 ob
1515 1848 1622 1868 causam
1635 1840 1738 1869 facilius
1750 1841 1775 1868 id
1786 1847 1916 1877 prmstare

1114 1886 1221 1921 poterit,
1236 1893 1296 1913 cum
1311 1887 1337 1913 in
1350 1886 1515 1913 consortium
1539 1886 1688 1914 ofticrorum
1701 1887 1914 1915 cxhibendorum

1115 1932 1183 1959 filios
1198 1932 1285 1967 poscit
1297 1931 1460 1965 adsciscere,
1475 1931 1520 1966 qui
1536 1931 1615 1958 sinml
1627 1931 1731 1966 juvent,
1746 1937 1773 1959 et
1785 1940 1849 1960 cum
1872 1934 1914 1960 illa

1114 1978 1270 2013 praeclarum
1283 1978 1348 2005 illud
1363 1985 1431 2012 opus
1442 1982 1632 2013 exsequantur.
1653 1978 1744 2013 itaque
1758 1987 1811 2005 non
1828 1979 1914 2014 impe-

1113 2024 1271 2057 dimentutu,
1288 2022 1335 2050 scd
1350 2023 1478 2050 auxilium
1498 2023 1686 2058 hospitalitatis
1699 2024 1750 2051 erit
1769 2024 1916 2052 multitudo

1113 2069 1267 2102 liberorntn,
1282 2074 1309 2097 et
1317 2070 1460 2097 tnultorum
1472 2077 1566 2097 manus
1576 2070 1651 2105 operi
1662 2070 1777 2098 admotae
1789 2078 1914 2105 magnam

1113 2116 1225 2143 atlerent
1245 2115 1396 2143 ministerio
1411 2116 1574 2143 facilitatem.
1591 2115 1650 2143 Noli
1663 2117 1734 2143 enim
1755 2117 1819 2143 mihi
1841 2125 1915 2145 sum-

1114 2166 1235 2196 ptuosam
1249 2169 1370 2189 mensam
1383 2169 1595 2190 commemorare
1605 2162 1643 2189 :si
1658 2162 1827 2197 peregrinum
1844 2168 1914 2191 tecto

1113 2209 1258 2243 exceperit,
1280 2209 1304 2236 si
1314 2216 1374 2244 qua;
1386 2209 1564 2244 suppetebant
1576 2210 1741 2244 apposuerit,
1755 2209 1777 2237 si
1797 2210 1912 2237 multam

1113 2253 1306 2282 humanitatem
1328 2258 1355 2282 et
1381 2255 1535 2282 comitatem
1558 2254 1727 2288 exhibuerit,
1757 2256 1913 2283 mercedem

1113 2308 1220 2327 omnctn
1243 2300 1432 2335 hospitalitatis
1452 2300 1608 2335 promeruit.
1623 2300 1689 2328 Nam
1705 2301 1726 2328 si
1741 2301 1817 2328 solus
1835 2309 1914 2336 aque

1112 2345 1214 2380 f.-igid:e
1224 2346 1292 2373 calix
1302 2353 1412 2380 regnum
1423 2346 1549 2373 cwlorum
1555 2346 1676 2373 Conciliat
1689 2346 1797 2383 (Matth.
1805 2347 1849 2375 10.
1857 2347 1913 2380 ΔΞ).

1112 2399 1162 2419 suo
1177 2396 1247 2419 tecto
1257 2392 1392 2427 excipere,
1409 2399 1508 2419 mensa!
1524 2392 1680 2428 participem
1696 2393 1857 2424 adsciscere.
1881 2400 1914 2420 ac

1112 2439 1234 2473 reﬁcere,
1247 2443 1386 2474 quantum,
1407 2446 1508 2474 qureso,
1530 2438 1644 2466 fructum
1665 2440 1770 2473 pariet?
1789 2440 1828 2467 Ac
1838 2440 1912 2470 Vide,

1112 2492 1191 2520 quam
1206 2489 1331 2513 accurate
1340 2492 1397 2512 rem
1406 2484 1504 2512 Paulus
1515 2490 1640 2520 exponat.
1652 2485 1711 2512 Non
1724 2486 1797 2513 enim
1810 2486 1914 2520 simpli-

1111 2532 1178 2559 citer
1191 2531 1243 2559 hoc
1254 2533 1315 2560 loco
1321 2531 1529 2566 hospitalitatem
1542 2531 1636 2567 exigit,
1652 2531 1699 2559 sed
1710 2540 1769 2559 eam
1780 2540 1840 2567 qua:
1850 2540 1912 2558 eum

1111 2578 1193 2605 animi
1218 2577 1437 2613 promptitudiuc,
1463 2577 1564 2605 fervida
1588 2582 1688 2610 mente,
1710 2583 1790 2613 atque
1805 2578 1912 2604 ardenti

1111 2624 1206 2652 affectu
1219 2624 1370 2651 cxltibctur.
1390 2623 1457 2650 Cum
1473 2624 1542 2651 enim
1558 2623 1680 2657 dixisset,
1697 2624 1727 2650 Si
1742 2624 1852 2658 hospitio
1873 2631 1915 2649 ex-

1111 2671 1187 2706 cepit,
1202 2670 1309 2705 adjecit,
1321 2670 1352 2697 Si
1363 2674 1507 2696 sanctorum
1521 2670 1595 2704 pedes
1608 2670 1679 2696 lauit.
1691 2669 1748 2696 Non
1763 2670 1834 2696 illam
1848 2677 1912 2696 cuni

1111 2717 1179 2744 fastu
1200 2716 1339 2743 sedentem
1358 2721 1466 2751 oportet
1484 2716 1640 2751 obsequium
1659 2723 1721 2750 erga
1737 2714 1912 2749 peregrinum

1109 2763 1213 2790 ancillis
1237 2762 1410 2795 dcmaudare,
1434 2762 1481 2790 sed
1495 2762 1660 2797 ipsamoperi
1683 2769 1791 2788 manum
1815 2762 1916 2788 adinoo

1110 2819 1183 2844 vere,
1200 2810 1369 2845 fructutnque
1389 2809 1437 2837 sibi
1465 2809 1594 2844 arripere,
1621 2816 1671 2836 nec
1690 2808 1735 2835 ulli
1749 2808 1911 2843 pneclarum

1109 2857 1185 2884 illum
1201 2857 1357 2884 thesaurum
1382 2856 1489 2884 cedere.
1515 2855 1568 2882 Sed
1583 2855 1627 2890 qui
1644 2855 1701 2881 ficri
1714 2854 1811 2890 poterit
1825 2855 1910 2886 istud,

1109 2902 1182 2930 diret
1193 2903 1288 2937 aliquis
1301 2902 1313 2929 ’ἒ
1330 2902 1352 2929 si
1368 2902 1439 2929 enim
1454 2902 1488 2929 sit
1503 2901 1599 2928 nobilis
1614 2906 1641 2929 et
1656 2900 1778 2933 illustris,
1790 2908 1821 2927 ac
1832 2901 1910 2927 cele-

1110 2950 1175 2983 bris,
1199 2955 1225 2977 et
1233 2950 1314 2978 claris
1326 2954 1384 2977 orta
1399 2948 1555 2984 majoribus,
1568 2956 1599 2976 an
1614 2949 1670 2983 ipsa
1682 2948 1812 2984 peregrini
1824 2947 1910 2983 pedes
