4062 6422
343 351 447 408 3‘5!

337 485 422 534 τις
442 469 574 542 περὶ
598 469 824 536 τούτων,
857 471 1026 538 γέλως
1051 465 1279 528 εὐθέως·
1307 465 1400 518 καὶ
1422 464 1510 516 διὰ
1542 461 1700 515 τοῦτο
1727 462 1795 513 τὸ.
1818 461 1925 515 ἄιω

341 559 494 613 κάτω
531 559 851 630 γεγένηται,
873 559 970 612 καὶ
991 555 1085 620 οὒς
1111 557 1170 608 οὐ
1208 553 1558 608 παιδεύουσιν
1582 552 1631 604 οί
1663 551 1858 618 γονεῖς,
1877 550 1925 601 οἱ

338 645 540 710 ἔξωθεν
577 645 899 700 παιδεύουσι
930 644 1108 715 νόμοι.

400 737 492 786 ια’.
511 733 625 786 Οὐκ
637 731 870 807 αἰσχύνῃ
883 733 978 787 καὶ
995 731 1274 804 ἐρυθριᾷς,
1293 727 1414 783 εἰπέ
1432 746 1542 799 μοι,
1559 728 1687 780 ὅταν
1703 725 1794 778 τὸν
1815 724 1928 777 υἱὸν

337 819 433 874 τὸν
459 819 553 873 σὸν
589 821 620 872 6
642 819 906 892 δικαστὴς
932 819 1138 890 κολάσῃ
1161 819 1258 872 καὶ
1291 815 1738 886 σωφρονέστερον
1767 812 1928 882 ποιή-

339 926 434 984 σῃ,
471 912 568 965 καὶ
591 912 693 984 τῆς
718 911 918 976 ἔξωθεν
942 913 1150 975 ἐκεῖνος
1180 909 1370 980 δέηται
1401 905 1766 979 διορθώσεως,
1797 920 1930 956 τοσ-

336 1002 506 1056 οῦτον
565 1002 714 1076 [521]
747 1003 807 1071 ἐξ
839 1003 1018 1077 ἀρχῆς
1068 1020 1151 1056 σοι
1184 1001 1518 1071 συνοικήσας
1555 998 1786 1070 χρόνον;
1828 995 1931 1048 οὐκ

339 1093 662 1168 ἐγκαλύπτῃ
687 1095 786 1148 καὶ
813 1093 1088 1167 καταδύῃ;
1119 1092 1338 1164 Τολμᾷς
1367 1091 1424 1144 δέ
1456 1089 1618 1158 ὅλως,
1655 1086 1781 1141 εἰπέ
1814 1103 1928 1156 μοι,

339 1185 527 1258 πατὴρ
553 1185 634 1240 ἔτι
661 1185 973 1252 καλεῖσθαι,
1003 1184 1150 1239 οὕτω
1173 1183 1405 1256 προδοὺς
1433 1181 1526 1235 τὸν
1549 1178 1688 1245 υίὸν,
1707 1179 1803 1232 καὶ
1829 1179 1928 1248 τὴν

337 1277 650 1344 ἀναγκαίαν
679 1278 781 1332 οὐκ
809 1275 1140 1346 εἰσενεγκὼν
1171 1275 1322 1348 αὐτῷ
1351 1276 1526 1347 φοράν
1550 1313 1565 1338 ,
1606 1271 1742 1326 ἀλλά
1773 1287 1930 1342 περι-

339 1362 466 1417 ιδὼν
481 1363 588 1418 ὑπὸ
609 1365 790 1436 πάσης
814 1364 1184 1437 διαφθαρέντα
1204 1362 1431 1429 κακίας;
1458 1361 1576 1416 Κᾶν
1607 1360 1708 1432 μὲν
1732 1358 1930 1432 δραπέ-

334 1470 438 1527 την
469 1455 595 1510 τινά
611 1455 726 1530 ἴδῃς
753 1467 780 1496 ε
809 1455 1110 1527 ραπίζοντα
1139 1455 1199 1509 τὸ
1227 1454 1461 1521 παιδίον,
1491 1454 1818 1523 ἀγανακτεῖς
1834 1451 1930 1505 καί
1961 1489 1966 1494 ς

333 1548 536 1620 ὀργίζῃ
560 1549 656 1604 καὶ
675 1549 1072 1622 δυσχεραίνεις,
1099 1549 1291 1622 θηρίου
1321 1545 1702 1620 χαλεπώτερον
1727 1547 1930 1615 ἐπιπη-

334 1640 512 1712 δήσας
534 1643 602 1713 τῇ
622 1641 717 1694 τοῦ
737 1645 1118 1714 τυπτήσαντος
1146 1641 1268 1712 ὄψει
1291 1659 1305 1672 ·
1337 1641 1430 1696 τὸν
1453 1641 1510 1694 δέ
1538 1638 1784 1693 διάϐολον
1801 1637 1926 1692 καθ’

332 1731 574 1804 ἑκάστην
600 1733 815 1805 ἡμέραν
840 1733 982 1806 ὁρῶν
1004 1734 1170 1788 αὐτὸν
1211 1731 1534 1806 ῥαπίζοντα,
1564 1731 1823 1803 δαίμονας
1847 1731 1929 1792 είς

330 1823 716 1896 ἁμαρτήματα
747 1825 1066 1894 ἐνάγοντας,
1102 1824 1394 1889 καθεύδεις
1444 1825 1540 1878 καὶ
1577 1823 1680 1876 οὐκ
1719 1823 1926 1890 ἀγανα-

329 1917 507 1978 κτεῖς,
542 1913 665 1969 οὐδέ
695 1914 1029 1988 ἐξαρπάζεις
1061 1916 1158 1970 τοῦ
1189 1916 1578 1988 χαλεπωτάτου
1605 1914 1798 1987 θηρίου
1832 1913 1928 1966 τὸν

331 2008 484 2076 υίόν;
518 2008 693 2065 Πάλιν
723 2009 790 2065 ἂν
823 2010 922 2081 μὲν
950 2010 1055 2064 ὑπὸ
1106 2009 1364 2082 δαίμονος
1415 2009 1734 2080 ἐνεργῆται,
1788 2007 1926 2080 πρὸς

329 2101 546 2166 πάντας
569 2103 696 2166 τοὺς
722 2102 914 2172 άγίους
953 2103 1187 2176 τρέχεις,
1215 2103 1310 2158 καὶ
1349 2102 1474 2166 τοὺς
1513 2103 1572 2156 ἐν
1609 2103 1732 2164 ταῖς
1764 2115 1928 2172 κορυ-

329 2195 464 2262 φαῖς
497 2193 608 2249 τῶν
637 2195 810 2266 ὀρέων
839 2195 1098 2267 ἐνοχλεῖς,
1150 2193 1292 2249 ὥστε
1355 2194 1520 2249 αὐτὸν
1569 2192 1671 2264 τῆς
1724 2191 1927 2264 μανίας

331 2282 643 2348 ἀπαλλάξαι
675 2283 896 2356 ἐκείνης
916 2297 929 2311 ·
954 2282 1233 2356 ἁμαρτίας
1255 2283 1334 2345 δὲ,
1370 2282 1405 2354 ἣ
1444 2269 1647 2344 παντὸς
1671 2277 1927 2350 δαίμονός

331 2371 452 2426 ἐστι
481 2372 862 2444 χαλεπωτέρα,
890 2373 1133 2446 συνεχῶς
1166 2372 1516 2444 ἐνοχλούσης,
1563 2370 1722 2425 οὐδὲν
1759 2369 1924 2424 πλέον

329 2463 510 2525 ποιεῖς
536 2479 551 2528 ;

403 2549 518 2603 Καὶ
569 2547 630 2604 τὸ
671 2550 772 2622 μὲν
805 2551 965 2623 παρά
1024 2550 1280 2622 δαίμονος
1314 2547 1648 2620 ἐνοχλεῖσθαι
1688 2547 1924 2619 χαλεπὸν

326 2641 520 2695 οὐδέν’
555 2643 618 2696 οὐ
664 2643 774 2717 γάρ
819 2644 1161 2714 είς-γέενναν
1213 2644 1473 2715 ἐμϐαλεῖν
1527 2642 1592 2696 τὸ
1649 2640 1924 2712 δαιμόνιον

327 2732 558 2788 δύναται
586 2735 828 2800 πάντως,
863 2737 979 2791 ἀλλ’
1029 2736 1124 2793 ἐὰν
1172 2738 1459 2808 νήφωμεν,
1493 2737 1586 2790 καὶ
1622 2737 1926 2808 στεφάνους

325 2826 467 2897 ἡμῖν
491 2827 520 2880 ὁ
553 2829 864 2900 πειρασμὸς
892 2822 1048 2894 οὗτος
1076 2814 1531 2899 οῖσειλαμπροὺς
1562 2829 1658 2883 καὶ
1689 2847 1926 2900 περιφα-

329 2921 468 2983 νεῖς,
481 2919 610 2974 ὅταν
626 2921 966 2994 εὐχαρίστως
980 2923 1236 2994 φέρωμεν
1249 2922 1346 2986 τάς
1356 2921 1614 2986 τοιαύτας
1632 2925 1740 2992 ἐπη
1751 2921 1921 2992 ρείας·

325 3007 424 3062 τὸν
452 3009 508 3064 δὲ
536 3010 785 3084 ἁμαρτίᾳ
831 3011 1080 3074 συξῶντα
1125 3013 1409 3084 ἀμήχανον
1455 3012 1695 3084 σωθῆναί
1745 3029 1877 3066 ποτε
1907 3050 1922 3078 ,

325 3101 450 3156 ἀλλ’
485 3103 700 3174 ἀνάγκη
733 3105 952 3168 πάντως
985 3107 1081 3159 καὶ
1099 3104 1334 3158 ἐνταῦθα
1364 3105 1730 3160 ἐπονείδιστον
1756 3101 1920 3173 εἶναι,

327 3194 429 3248 καὶ
451 3193 756 3249 ἀπελθόντα
789 3197 908 3250 ἐκεῖ
938 3196 1185 3252 ἀθάνατα
1209 3197 1374 3252 πάλιν
1393 3197 1746 3264 κολάζεσθαι.
1778 3198 1922 3252 Ἀλλ’

324 3285 480 3357 ὅμως
507 3285 682 3341 ταῦτα
705 3287 930 3353 εἰδότες,
947 3289 1086 3362 ὑπὲρ
1119 3289 1220 3360 μὲν
1247 3289 1359 3343 τῶν
1387 3290 1689 3346 ἐλαττόνων
1719 3289 1922 3362 πολλὴν

328 3379 634 3452 ποιούμεθα
657 3382 914 3454 σπουδὴν,
931 3383 1074 3456 ύπέρ
1092 3384 1149 3438 δέ
1169 3384 1278 3440 τῶν
1309 3383 1574 3457 μειζόνων
1589 3385 1711 3440 οὐδέ
1736 3385 1924 3442 διανα-

329 3473 526 3544 στῆναι
582 3473 886 3546 βουλόμεθα
909 3493 924 3508 ⁶
965 3477 1062 3532 καὶ
1117 3477 1464 3548 δαιμονῶντα
1525 3479 1627 3548 μέν
1682 3479 1923 3550 ὁρῶντες

327 3564 664 3638 θρηνοῦμεν,
709 3567 1098 3640 ἁμαρτάνοντα
1131 3568 1188 3622 δέ
1222 3568 1460 3641 ὁρῶντες
1496 3569 1618 3624 οὐδέ
1667 3570 1922 3624 αἰσθανό-

331 3656 494 3724 μεθα·
521 3655 643 3711 δέον
670 3657 792 3711 τότε
829 3657 1274 3712 κατακόπτεσθαι
1312 3659 1406 3712 καὶ
1444 3659 1754 3731 ὀδύρεσθαι,
1789 3660 1923 3731 μᾶλ-

326 3746 422 3800 λον
453 3745 510 3800 δὲ
557 3747 659 3802 οὐκ
720 3747 847 3818 ὀδύρ
879 3750 998 3804 σθαι
1030 3749 1209 3820 μόνον,
1235 3748 1372 3802 ἀλλά
1407 3749 1500 3802 καὶ
1542 3749 1796 3821 κατέχειν
1829 3751 1922 3804 καὶ

323 3838 606 3910 χαλινοῦν,
667 3839 1082 3912 συμϐουλεύειν,
1133 3843 1442 3914 παραινεῖν,
1489 3842 1696 3910 φοϐεῖν,
1741 3845 1921 3896 ἐπιτι-

329 3929 464 4000 μᾷν,
496 3930 662 3982 παντὶ
681 3929 867 4002 τρόπῳ
895 3929 1193 4002 θεραπείας
1216 3929 1315 4002 τὴν
1337 3933 1650 4004 ἀρρωστίαν
1679 3933 1922 3987 άπελαύι

323 4035 445 4072 νειν
476 4020 714 4090 ἐκείνην,
748 4021 843 4074 καὶ
873 4021 976 4092 τὴν
1020 4021 1197 4091 χήραν
1223 4020 1512 4092 μιμεῖσθαι
1543 4022 1765 4093 ταύτην,
1791 4024 1922 4095 περὶ

321 4105 400 4181 ἧς
427 4112 454 4164 ὀ
481 4110 695 4176 Παῦλός
751 4127 939 4181 φησιν’
975 4114 1049 4165 El
1101 4111 1644 4180 ἐτεκνοτρόφησεν.
1695 4113 1769 4166 Οὐ
1811 4112 1921 4184 γὰρ

321 4199 469 4270 πρὸς
501 4198 716 4268 ἐκείνην
751 4199 932 4270 μόνον,
966 4199 1102 4252 ἀλλά
1135 4199 1232 4252 καὶ
1262 4198 1400 4272 πρὸς
1443 4200 1691 4264 ἃπαντας
1729 4200 1920 4255 τοῦτον

320 4291 605 4345 ἀποτείνει
663 4293 754 4347 τὸν
808 4292 1000 4362 λόγον,
1055 4293 1149 4348 καὶ
1205 4295 1342 4346 πᾶσι
1397 4297 1664 4365 παραινεῖ
1723 4295 1920 4364 λέγων,

338 4380 690 4449 Ἐκτρέφετε
718 4381 792 4437 τὰ
810 4382 1018 4436 παιδία
1038 4383 1110 4436 ἐν
1128 4383 1418 4450 νουθεσίᾳ
1435 4385 1674 4452 Κιζρίου.
1696 4385 1921 4457 Πρῶτον

322 4469 438 4542 γάρ
471 4469 630 4525 τοῦτο
651 4473 744 4526 καὶ
779 4471 1036 4542 μέγιστόν
1082 4473 1198 4526 ἐστι
1228 4470 1335 4524 τῶν
1375 4472 1618 4540 ἀγαθῶν·
1659 4473 1798 4544 ὅπερ
1826 4469 1920 4528 οὖν

320 4561 426 4614 καὶ
466 4561 618 4633 παρά
647 4562 748 4632 τῆς
789 4563 968 4632 χήρας
1011 4560 1233 4632 πρῶτον
1289 4561 1592 4632 ἀπῄτησεν·
1627 4558 1746 4615 εἶτα
1781 4562 1921 4633 μετά

319 4649 488 4704 τοῦτό
519 4667 708 4720 φησιν,
744 4653 815 4704 El
841 4650 1268 4720 ἐξενοδόχησε.
1303 4650 1370 4703 Τί
1400 4649 1602 4718 λέγεις,
1636 4650 1760 4704 εἰπέ
1785 4668 1876 4722 μοι
1903 4669 1917 4718 ;

319 4741 506 4812 χήραν
560 4744 800 4811 γυναῖκα
839 4741 1143 4812 ξενοδοχίαν
1186 4740 1476 4805 ἀπαιτεῖς;
1521 4741 1582 4794 οὐ
1612 4739 1722 4812 γὰρ
1759 4743 1923 4812 ἀρκεῖ

317 4827 388 4883 τὸ
419 4827 618 4902 θρέψαι
651 4829 870 4896 παιδίοις
903 4830 1059 4900 Οὐχὶ,
1092 4829 1280 4900 φησίν⁸
1319 4827 1459 4882 ἀλλά
1493 4827 1574 4882 δεῖ
1627 4830 1722 4882 καὶ
1762 4829 1919 4883 τοῦτο

321 4920 637 4987 προσεῖναι,
667 4917 763 4971 καὶ
814 4917 950 4988 μετὰ
977 4917 1078 4990 τὴν
1122 4916 1232 4970 τῶν
1284 4917 1504 4970 οἰκείων
1543 4917 1918 4992 προστασίαν,

319 5006 425 5060 καὶ
459 5005 569 5060 τῶν
603 5005 902 5078 ἀλλοτρίων
935 5006 1080 5078 ἔχειν
1123 5007 1382 5077 πρόνοιαν
1422 5007 1548 5078 χρὴ,
1587 5007 1682 5060 καὶ
1709 5007 1809 5078 τὴν
1839 5009 1919 5060 οἰ-

321 5095 454 5149 κίαν
483 5096 696 5162 ἀνοῖξαι
739 5099 856 5160 τοῖς
903 5095 1095 5160 ξένοις.
1135 5095 1407 5166 Ἀπῆλθεν
1459 5097 1488 5148 ὀ
1525 5096 1687 5166 ἀνήρ·
1735 5098 1918 5150 πᾶσαν

319 5184 425 5252 τὴν
453 5201 519 5236 πε
529 5184 580 5256 ρὶ
615 5185 824 5239 ἐκεῖνον
841 5185 1079 5256 σπουδὴν
1103 5186 1228 5256 περὶ
1249 5186 1374 5248 τοὺς
1397 5184 1584 5248 ξένους
1615 5184 1915 5240 ἀνάλωσαν.

322 5271 394 5324 Τί
414 5266 528 5336 οῦν,
555 5275 746 5344 φησὶν,
775 5275 825 5327 εί
859 5273 1030 5344 πένης
1060 5272 1184 5342 εἴη;
1233 5271 1350 5326 Οὐκ
1400 5272 1548 5326 ἔστιν
1581 5272 1799 5343 ἐκείνης
1819 5273 1920 5341 τῆς

321 5360 505 5431 χήρας
538 5359 842 5432 πενεστέρα
869 5360 970 5430 τῆς
1023 5362 1082 5414 ἐν
1131 5359 1346 5430 ἀλεύρῳ
1391 5359 1574 5432 μικρῷ
1605 5360 1698 5413 καὶ
1736 5359 1918 5413 ἐλαίου

315 5449 514 5520 κυάθῳ
529 5449 624 5504 τὸν
643 5449 818 5521 μέγαν
841 5451 1128 5520 προφήτην
1163 5448 1573 5519 ὑποδεξαμένης
1589 5448 1680 5502 τὸν
1711 5448 1915 5502 Ἢλίαν.

315 5536 439 5594 Καὶ
475 5535 584 5609 γάρ
613 5537 709 5590 καὶ
743 5539 862 5590 ἐκεῖ
890 5536 1080 5592 παιδία
1118 5535 1320 5607 παρῆν’
1347 5535 1462 5589 ἀλλ’
1495 5536 1618 5591 οὐτε
1649 5539 1683 5608 ἡ
1720 5537 1920 5600 σπάνις

312 5623 436 5680 τῶν
478 5625 649 5678 ὄντων
676 5662 691 5688 ,
741 5623 868 5678 οὔτε
921 5626 956 5695 ή
1022 5624 1115 5678 τοῦ
1144 5623 1306 5696 λιμοῦ
1360 5623 1656 5695 τυραννὶς,
1709 5624 1834 5679 οὐτε
1889 5628 1918 5680 6

315 5714 781 5788 προσδοκώμενος
809 5715 1062 5782 θάνατος,
1093 5715 1190 5786 οὐχ
1212 5717 1245 5786 ἡ
1269 5715 1378 5768 τῶν
1407 5713 1639 5771 παιδίων
1671 5718 1914 5786 φροντὶς,

385 5847 412 5878 ⁸
437 5847 554 5896 (ἶοιι.
579 5846 670 5894 758
689 5851 827 5895 recte
851 5847 971 5908 ἴδῃς.
995 5845 1115 5894 Ειιά.
1147 5847 1289 5906 εῗδῃς.

628 5939 902 5998 ruam“
948 5937 1063 5998 Cm.
1109 5935 1178 5996 LI
1192 5983 1207 5998 .

1483 353 1546 408 IN
1586 353 1814 426 ILLUD,
1855 356 2070 416 VIDUA
2109 347 2480 416 ELIGATUR.

3502 333 3614 388 331‘.

2029 457 2182 528 οὒκή
2215 456 2434 528 χηρεία.
2477 455 2580 508 οὐκ
2624 453 2754 507 ἄλλο
2798 453 2951 506 οὐδὲν
3012 452 3228 522 ἐγένετο
3279 452 3504 522 κώλυμα
3550 454 3616 521 τῇ

2030 545 2153 613 φιλο
2161 545 2294 615 ξένῳ
2321 543 2567 614 γυναικί.

2099 673 2187 744 ιβ’.
2209 673 2365 728 Οῦτω
2394 671 2673 744 πανταχοῦ
2699 671 2762 725 οὐ
2797 671 2971 743 μέτρα
3003 670 3215 733 οὐσίας,
3251 668 3387 722 ἀλλά
3446 667 3622 738 μέτρα

2029 766 2269 830 διανοίας
2287 763 2554 839 ζητεῖται.
2584 767 2642 819 'U
2665 764 3042 837 μεγαλόψυχος
3053 766 3149 816 καὶ
3163 765 3230 833 τῇ
3246 759 3456 830 διανοίᾳ
3471 755 3620 830 [ὅὲοὶξ

2033 855 2310 924 πλούσιος,
2330 857 2434 912 κᾶν
2451 857 2710 912 ἁπάντων
2735 854 3042 928 ἀνθρώπων
3067 852 3393 924 πενέστερος
3418 851 3476 902 ἐν
3496 849 3600 920 χρὴ

2035 966 2199 1020 μασιν
2227 945 2286 1022 ᾖ,
2315 951 2524 1014 πάντας
2561 949 2868 1022 ὑπερϐῆναι
2893 947 3182 1019 δυνήσεται
3219 944 3315 998 καὶ
3347 939 3622 1013 φιλοξενίᾳ

2031 1042 2128 1096 καί
2151 1041 2516 1114 ἐλεημοσύνη,
2551 1045 2646 1098 καὶ
2673 1046 2738 1115 τῇ
2786 1042 2950 1113 λοιπῇ
2983 1041 3134 1114 πάσῃ
3157 1033 3529 1108 φιλοφροσύνῃ
3548 1051 3559 1064 ’
3592 1035 3621 1084 ὁ

2035 1134 2359 1206 μικρολόγος
2415 1137 2510 1190 καὶ
2571 1135 2790 1207 πτωχὸς
2842 1133 2940 1206 τὴν
2999 1131 3260 1194 διάνοιαν,
3313 1126 3408 1180 καὶ
3445 1125 3621 1198 χαμαὶ

2030 1225 2238 1296 ἕρπων,
2271 1227 2374 1280 κᾶν
2423 1227 2682 1282 ἁπάντων
2733 1223 3111 1296 εὐπορώτερος
3153 1215 3212 1295 ᾖ,
3252 1218 3470 1272 πάντων
3501 1211 3620 1266 ἐστὶ

2032 1317 2376 1391 πτωχότερος
2409 1319 2506 1373 καὶ
2539 1317 2912 1392 ἀπορώτερος
2950 1314 3039 1370 διὰ
3064 1310 3226 1367 τοῦτο
3250 1308 3388 1380 πρὸς
3415 1305 3488 1360 τά
3504 1321 3620 1358 τοι·

2031 1407 2172 1462 αὔτα
2199 1409 2415 1463 ἅπαντα
2443 1409 2594 1462 ὀκνεῖ
2627 1407 2722 1462 καὶ
2755 1404 3065 1461 ἀναδύεται.
3105 1401 3220 1457 Καὶ
3245 1399 3436 1472 ὥσπερ
3466 1393 3620 1449 οὐδὲν

2030 1501 2124 1556 ἐπὶ
2149 1501 2244 1556 τοῦ
2269 1503 2498 1573 πένητος
2555 1505 2588 1575 ή
2641 1501 2805 1555 πενία
2844 1499 3044 1569 γένοιτ’
3082 1495 3148 1551 ἀν
3207 1493 3436 1564 κώλυμα
3480 1488 3617 1561 πρὸς

2031 1592 2404 1668 ἐλεημοσύνην
2437 1595 2530 1648 διὰ
2567 1593 2660 1648 τὸν
2709 1593 2810 1664 τῆς
2848 1589 3092 1653 διανοίας
3139 1584 3389 1641 πλοῦτον·
3445 1579 3620 1634 οὕτως

2028 1686 2186 1741 οὐδὲν
2208 1687 2302 1740 ἐπὶ
2330 1685 2430 1742 τοῦ
2465 1686 2826 1750 πλουτοῦντος
2866 1686 2901 1756 ἡ
2926 1681 3158 1755 εὐπορία
3189 1674 3507 1750 συμπρᾶξαι
3531 1675 3620 1726 δυ·

2029 1778 2255 1850 νήσεται
2284 1779 2420 1850 πρὸς
2439 1778 2538 1851 τὴν
2565 1777 2968 1852 φιλοφροσύνην
3005 1774 3092 1829 διὰ
3117 1772 3218 1844 τὴν
3246 1774 3346 1843 τῆς
3381 1766 3618 1826 διανοίας

2030 1870 2246 1925 πενίαν.
2292 1873 2406 1926 Καὶ
2437 1872 2507 1925 τά
2553 1870 2978 1942 παραδείγματα
3021 1866 3272 1937 ἐγγύθενο
3307 1866 3342 1934 ἡ
3385 1864 3482 1933 μὲν
3513 1861 3620 1926 γὰρ

2029 1964 2176 2034 χήρα
2200 1963 2297 2016 καὶ
2322 1963 2381 2020 ἐν
2419 1962 2635 2034 ἀλεύρῳ
2671 1960 2854 2034 μικρῷ
2885 1959 2976 2013 τὸν
3007 1957 3295 2030 προφήτην
3326 1952 3562 2018 ἐδέξατο·
3594 1950 3621 1998 6

2027 2055 2086 2109 δὲ
2126 2054 2332 2126 Ἀχαάϐ
2365 2054 2623 2113 τοσοῦτον
2669 2053 3008 2124 κεκτημένος
3062 2048 3312 2112 πλοῦτον,
3369 2045 3464 2098 καὶ
3515 2041 3623 2094 τᾶν

2028 2147 2327 2220 ἀλλοτρίων
2373 2147 2744 2219 ἐπεθύμησεν.
2777 2145 2971 2208 Οὕτως
3003 2144 3104 2221 οὐκ
3152 2139 3268 2194 ἔστι
3319 2135 3624 2210 χρημάτων

2030 2237 2286 2304 πλοῦτος,
2338 2237 2476 2292 ἀλλὰ
2531 2236 2763 2300 πλοῦτος
2819 2233 3062 2296 διανοίας
3110 2231 3140 2283 6
3185 2229 3445 2300 παρέχων
3489 2226 3623 2295 ἡμῖν

2027 2330 2282 2386 εὐκολίαν
2329 2331 2458 2404 περὶ
2514 2329 2615 2402 τὴν
2673 2325 3068 2400 ἐλεημοσύνην·
3110 2322 3236 2377 ἐπεῖ
3273 2321 3434 2390 καλή
3477 2320 3622 2390 χήρα

2027 2421 2214 2495 ἐκείνη
2243 2422 2332 2477 διὰ
2351 2422 2446 2478 δύο
2469 2423 2631 2494 μόνον
2657 2419 2859 2475 ὀϐολῶν
2883 2417 3113 2491 μυρίους
3139 2415 3426 2476 πλουσίους
3453 2411 3624 2480 ύπερ-

2027 2515 2422 2588 ηκόντισε,καὶ
2451 2515 2554 2570 οὐκ
2570 2514 2790 2584 ἐγένετο
2821 2511 3108 2584 κώλυμαὴ
3142 2511 3323 2564 πενία.
3345 2507 3494 2580 Αὕτη
3522 2510 3623 2576 μὲν

2027 2604 2122 2664 οῦν
2157 2611 2192 2681 ή
2214 2609 2374 2664 πενία
2397 2609 2620 2681 μείζονα
2634 2609 2734 2680 τὴν
2751 2604 3122 2678 ἐλεημοσύνην
3147 2604 3464 2678 εἰργάσατο·
3483 2603 3622 2672 ὅπερ

2027 2695 2123 2751 οὖν
2157 2697 2252 2752 καὶ
2281 2695 2546 2762 ὀΠαῦλός
2577 2714 2763 2770 φησιν,
2806 2695 2868 2753 Ἠ
2904 2695 3055 2751 κατὰ
3091 2695 3328 2762 ,βάθους
3359 2695 3620 2762 πτωχεία

2027 2789 2478 2860 ἐπερίσσευσεν
2525 2791 2616 2858 είς
2657 2789 2766 2843 τὸν
2807 2787 3084 2844 πλοῦτον
3127 2785 3238 2857 τῆς
3277 2788 3620 2856 ἁπλότητος

2025 2879 2248 2938 αὐτῶν.
2275 2882 2351 2936 Οὐ
2367 2881 2476 2953 γάρ
2497 2879 2656 2935 τοῦτο
2680 2880 2787 2953 χρὴ
2818 2883 3066 2946 σκοπεῖν,
3093 2881 3175 2934 ὅτι
3202 2879 3297 2934 δύο
3324 2879 3620 2934 κατέϐαλεν

2025 2971 2267 3038 ὀϐολοὺς,
2287 2971 2402 3027 ἀλλ’
2421 2973 2504 3026 ὅτι
2525 2973 2718 3043 μόνους
2739 2972 2940 3044 ἔχουσα
2958 2979 3204 3038 τούτους,
3227 2973 3328 3026 οὐκ
3344 2973 3618 3042 ἐφείσατο,

2027 3064 2456 3138 ἀλλ’όλὸκληρον
2481 3067 2582 3137 τὴν
2601 3065 2793 3120 οὐσίαν
2831 3066 3144 3138 εἰσήνεγκε,
3179 3064 3482 3137 θαυμάζειν
3519 3069 3586 3118 αὐ
3605 3095 3620 3102 -

2025 3157 2127 3228 τὴν
2157 3159 2264 3231 χρὴ
2295 3158 2391 3212 καὶ
2420 3157 2746 3229 στεφανοῦν.
2781 3159 2858 3212 Οὐ
2889 3159 3072 3214 τοίνυν
3113 3158 3452 3232 περιουσίας,
3487 3159 3622 3212 ἀλλά

2025 3241 2338 3314 προθυμίας
2353 3243 2484 3314 ήμῖν
2505 3242 2602 3309 δεῖ,
2619 3243 2750 3296 ὅταν
2771 3241 3162 3314 ύποδεχώμεθα
3187 3243 3390 3310 ξένους.
3413 3245 3622 3316 Ὠσπερ

2025 3323 2135 3395 γάρ
2191 3325 2395 3397 ταύτης
2428 3324 2712 3397 παρούσης
2755 3325 2906 3379 οὐδὲν
2954 3324 3152 3396 βλάϐος
3199 3326 3397 3394 γένοιτ’
3423 3325 3490 3381 ἂν
3515 3328 3622 3380 ἀπὸ

2025 3414 2239 3480 πενίας,
2281 3413 2456 3480 οὕτως
2494 3416 2741 3488 ἀπούσης
2792 3415 2944 3469 οὐδὲν
2977 3415 3170 3485 ὄφελος
3207 3417 3405 3486 γένοιτ’
3442 3415 3508 3472 ἂν
3559 3420 3619 3483 ἐξ

2023 3507 2307 3578 εὐπορίας.
2343 3506 2410 3560 Τί
2458 3507 2675 3578 λέγεις;
2727 3507 2963 3563 Παιδίων
2989 3507 3336 3579 ἐπιμελεῖται
3389 3512 3422 3582 ὴ
3473 3511 3620 3583 χήρα

2024 3599 2120 3653 καὶ
2147 3599 2238 3654 διὰ
2255 3601 2416 3655 τοῦτο
2447 3603 2550 3656 οὐκ
2585 3601 2653 3658 ἂν
2677 3600 2894 3656 δύναιτο
2937 3601 3261 3674 θεραπεύειν
3300 3601 3515 3669 ξένους;
3542 3605 3622 3656 Δι’

2025 3692 2160 3747 αὐτὸ
2201 3693 2302 3765 μὲν
2345 3689 2440 3748 οὖν
2470 3693 2630 3748 τοῦτο
2674 3691 3043 3766 εὐκολώτερον
3091 3692 3251 3748 τοῦτο
3299 3695 3617 3766 ἐργάσεται,

2025 3785 2318 3848 κοινωνοὺς
2348 3784 2546 3856 ἔχουσα
2580 3784 2678 3855 τῆς
2708 3783 3008 3856 θεραπείας
3027 3785 3154 3848 τοὺς
3177 3785 3344 3850 υἱοὺς,
3373 3803 3620 3840 συναντι-

2025 3877 2468 3949 λαμϐανομένους
2500 3877 2595 3932 καὶ
2617 3877 3128 3948 συνεφαπτομένους
3148 3877 3288 3949 αὐτῇ
3327 3877 3426 3948 τῆς
3447 3878 3617 3946 καλῆς

2025 3969 2230 4042 ταύτης
2275 3970 2681 4042 πραγματείας.
2735 3970 2899 4024 Ὥστε
2930 3971 2992 4023 οὐ
3027 3969 3259 4042 κώλυμα
3279 4011 3293 4035 ,
3325 3970 3463 4024 ἀλλά
3489 3970 3618 4041 βοής

2024 4061 2147 4117 θεια
2168 4063 2266 4135 τῆς
2293 4061 2598 4132 φιλοξενίας
2628 4063 2780 4117 ἐσται
2806 4061 2913 4116 τῶν
2948 4061 3154 4116 παίδων
3181 4062 3244 4115 τὸ
3278 4061 3500 4135 πλῆθος,
3527 4065 3620 4116 καί

2025 4157 2060 4225 ή
2091 4154 2410 4226 πολυχειρία
2450 4153 2651 4226 πολλὴν
2677 4157 2744 4227 τῇ
2778 4153 3027 4226 διακονίᾳ
3070 4153 3296 4225 παρέξει
3325 4153 3424 4226 τὴν
3458 4155 3613 4208 εὐκι-

2025 4246 2169 4300 λίαν.
2191 4247 2284 4319 Μὴ
2318 4249 2426 4318 γάρ
2465 4265 2554 4319 μοι
2590 4247 2858 4318 πολυτελῆ
2904 4247 3186 4319 τράπεζαν
3213 4247 3396 4320 εἴπῃς·
3433 4247 3501 4301 ἂν
3539 4250 3618 4308 εἰς

2024 4339 2124 4411 τὴν
2154 4339 2333 4394 οἰκίαν
2355 4339 2577 4412 δέξηται
2604 4341 2696 4395 τὸν
2722 4340 2894 4408 ξένον,
2924 4341 2991 4395 ἂν
3015 4341 3084 4394 τὰ
3112 4341 3242 4394 ὄντα
3268 4341 3511 4412 παραθῇ,
3550 4342 3616 4394 ἂν

2025 4430 2229 4504 πολλὴν
2268 4433 2600 4504 ἐπιδείξηται
2651 4432 2750 4504 τὴν
2803 4431 3218 4502 φιλοφροσύνην,
3281 4433 3614 4501 ἀπήρτισται

2021 4525 2124 4596 τῆς
2183 4523 2486 4595 ξενοδοχίας
2523 4527 2553 4579 6
2591 4525 2803 4595 καρπὸς
2853 4524 3024 4588 ἄπας.
3078 4526 3142 4578 El
3177 4524 3286 4596 γὰρ
3356 4525 3614 4596 ποτήριον

2021 4615 2231 4688 ψυχροῦ
2298 4617 2459 4688 μόνον
2513 4616 2791 4686 βασιλείαν
2833 4615 3080 4688 οὐρανῶν
3119 4616 3389 4688 προξενεῖ,
3433 4617 3494 4670 τὸ
3523 4619 3615 4671 καὶ

2021 4707 2332 4778 ὁμωρόφιον
2362 4707 2607 4776 ποιῆσαι,
2634 4707 2730 4760 καὶ
2761 4706 3039 4778 τραπέζης
3063 4707 3336 4771 κοινωνὸν,
3367 4707 3460 4761 καὶ
3488 4708 3620 4760 ἀντε-

2023 4798 2252 4863 παῦσαι,
2284 4797 2452 4852 πόσον
2506 4797 2645 4850 οἴσει
2679 4797 2770 4852 τὸν
2798 4797 3032 4870 καρπὸν,
3069 4797 3191 4852 εἰπέ
3240 4813 3368 4869 μοι;
3415 4797 3615 4852 Σκόπει

2021 4890 2084 4962 δή
2116 4907 2208 4962 μοι
2238 4889 2453 4945 Παύλου
2483 4889 2584 4961 τὴν
2625 4889 2941 4960 ἀκρίϐειαν.
2979 4889 3055 4942 οὐ
3086 4888 3194 4961 γάρ
3229 4888 3416 4952 ἁπλῶς
3467 4889 3618 4955 ξενο-

2019 4983 2204 5054 δοχίαν
2225 4982 2462 5036 ἐνταῦθα
2509 4982 2756 5047 ἀπαιτεῖ,
2782 4981 2920 5036 ἀλλὰ
2953 4981 3056 5054 τὴν
3117 4981 3259 5054 μετά
3309 4981 3617 5054 προθυμίας

2021 5078 2118 5129 καὶ
2145 5074 2376 5148 ζεούσης
2400 5075 2580 5146 ψυχῆς
2603 5075 2698 5128 καὶ
2723 5073 2965 5140 διανοίας
3003 5074 3235 5148 θερμῆς.
3260 5073 3447 5128 Εἰπὼν
3482 5073 3615 5146 γὰρ,

2017 5170 2087 5222 El
2111 5165 2583 5237 ἐξενοδόχησεν,
2613 5166 2921 5237 ἐπήγαγεν,
2951 5169 3023 5221 Et
3065 5166 3254 5237 ἁγίων
3277 5164 3469 5230 πόδας
3495 5164 3616 5218 ἔνια

2019 5264 2160 5328 ⁴εᾶιεν.
2199 5260 2274 5313 Οὐ
2329 5259 2712 5332 θεραπαινίσιν
2767 5259 3088 5331 ἐπιτρέπειν
3119 5257 3226 5328 χρὴ
3273 5256 3446 5326 αὐτὴν
3478 5257 3616 5326 μετὰ

2019 5353 2191 5422 τύφου
2221 5351 2543 5426 καθημένην
2567 5351 2662 5406 τοῦ
2703 5351 2858 5419 ξένου
2891 5351 2992 5422 τὴν
3030 5347 3348 5420 θεραπείαν,
3373 5347 3490 5400 ἀλλ’
3517 5349 3611 5400 αύ-

2021 5446 2251 5518 τουργὸν
2275 5444 2550 5515 γενέσθαι,
2586 5445 2681 5500 καὶ
2704 5445 2796 5498 τὸν
2824 5442 3038 5514 καρπὸν
3067 5439 3356 5515 ἁρπάζειν,
3389 5440 3483 5496 καί
3509 5457 3612 5510 μη-

2019 5539 2132 5594 δενὶ
2157 5541 2508 5610 παραχωρεῖν
2527 5535 2623 5590 τοῦ
2644 5534 2810 5589 καλοῦ
2831 5533 3022 5588 τούτου
3045 5531 3344 5605 θησαυροῦ.
3371 5531 3476 5586 Καὶ
3492 5531 3610 5594 mh,

2019 5633 2181 5687 τοῦτο
2206 5631 2407 5701 γένοιτ’
2431 5629 2520 5694 ἂν,
2587 5626 2790 5698 φησίνς
2846 5627 2896 5680 εί
2947 5625 3058 5700 γὰρ
3120 5625 3351 5696 εὐγενὴς
3397 5623 3482 5694 είή
3517 5640 3611 5674 και

2022 5719 2328 5792 περιφανὴς
2355 5716 2451 5772 καὶ
2488 5715 2717 5788 λαμπρά
2759 5718 2855 5770 καὶ
2902 5715 3176 5790 ἐπίσημος
3209 5718 3274 5769 ἐκ
3305 5713 3607 5786 προγόνων.

2023 5813 2163 5882 αὐτὴ
2189 5809 2282 5864 τοῦ
2318 5807 2470 5882 [5‘23]
2505 5807 2655 5875 ξένου
2691 5807 2836 5880 νίψει
2869 5811 2995 5874 τοὺς
3019 5809 3186 5874 πόδας
3210 5827 3224 5876 ;
3251 5808 3346 5862 καὶ
3373 5805 3490 5867 πῶς
3518 5805 3606 5860 ιύι

3143 5951 3209 6006 εὶι
