4062 6432
537 343 640 400 353

536 457 799 530 αἰσχρόν;
849 454 1082 526 Αἰσχρίιν
1132 452 1228 525 μὲν
1257 448 1350 506 οῦν
1380 452 1441 504 τὸ
1472 452 1548 523 μὴ
1571 453 1804 515 νίπτειν,
1839 448 2117 521 ἄνθρωπε.

538 550 659 606 Κᾶν
687 550 798 620 γάρ
823 547 1082 619 μυριάκις
1122 545 1292 616 αὐτῆς
1322 543 1423 614 τὴν
1456 544 1737 612 εὐγένειαν
1781 544 1994 615 ἐπάρῃς
2026 540 2121 594 καὶ

536 642 636 713 τὴν
665 638 1043 712 περιφάνειαν,
1080 638 1173 691 καὶ
1215 637 1317 707 τὴν
1367 635 1753 707 λαμπρότητα,
1809 634 1910 705 τῆς
1950 634 2122 703 αὐτῆς

540 734 756 805 μετέχει
787 730 865 802 τῷ
919 729 1231 802 νιπτομένῳ
1264 729 1499 799 φύσεως,
1529 728 1627 783 καὶ
1658 728 1942 793 σύνδουλός
2003 730 2120 781 ἐστι

534 822 627 876 τοῦ
656 820 1089 891 θεραπευομένου
1116 820 1211 874 καὶ
1237 820 1517 891 ὁμότιμος.

605 919 695 980 ιγ’.
716 912 998 984 Ἐννόησον
1010 911 1095 976 τίς
1110 911 1218 966 τῶν
1233 911 1492 982 μαθητῶν
1507 912 1635 974 τοὺς
1650 910 1818 975 πόδας
1836 909 1984 981 ἐνιψε
1995 950 2009 973 ,
2027 909 2122 963 καὶ

536 1004 742 1058 παῦσαί
771 1020 860 1074 μοι
896 1002 1026 1075 περί
1078 1003 1358 1071 εὐγενείας
1395 1002 1795 1074 διαλεγόμενος.
1851 1003 1909 1056 '0
1943 1001 2122 1065 κοινὸς

530 1095 630 1167 τῆς
660 1094 989 1166 οἰκουμένης
1019 1094 1316 1164 Δεσπότης,
1351 1095 1380 1147 6
1430 1093 1541 1148 τῶν
1568 1093 1817 1163 ἀγγέλων
1867 1092 2120 1164 βασιλεὺς

532 1189 629 1243 καὶ
659 1188 809 1259 ένιψε
858 1188 956 1242 καὶ
1010 1186 1217 1240 λέντιον
1251 1184 1643 1257 περιεζώσατο,
1694 1184 1790 1237 καὶ
1837 1184 1961 1255 οὑχί
2010 1181 2119 1238 τῶ)

534 1280 795 1352 μαθητῶν
822 1281 1005 1352 μόνον,
1035 1277 1171 1332 ἀλλά
1194 1277 1289 1332 καὶ
1319 1276 1487 1331 αὑτοῦ
1518 1275 1612 1330 τοῦ
1640 1275 1918 1348 προδότου.
1965 1271 2121 1339 Εἶδες

531 1374 697 1430 πόσον
728 1373 791 1428 τὸ
838 1373 1004 1446 μέσον
1038 1371 1133 1426 τοῦ
1163 1371 1443 1435 νίπτοντος
1475 1369 1571 1424 καὶ
1605 1369 1714 1423 τῶν
1742 1365 2115 1439 νιπτομένων;

543 1467 686 1522 Ἀλλ’
707 1469 857 1539 ὅμως
884 1465 944 1520 τὸ
972 1465 1139 1537 μέσον
1180 1464 1327 1519 ἀπαν
1354 1463 1514 1517 τοῦτο
1552 1461 1777 1534 κατέϐη,
1812 1461 1906 1517 καὶ
1949 1463 1978 1515 6
2020 1461 2118 1512 Δε-

531 1557 736 1628 σπότης
766 1558 858 1610 τὸν
884 1555 1070 1610 δοῦλον
1107 1554 1311 1623 ἔνιψεν,
1339 1554 1427 1609 ἰνα
1455 1552 1490 1627 ἢ
1522 1553 1685 1626 δούλη
1712 1553 1804 1608 τὸν
1834 1552 2118 1608 σύνδουλον

534 1650 610 1723 μὴ
642 1649 1057 1720 ἐπαισχύνηται.
1083 1648 1184 1703 Διά
1229 1649 1386 1704 τοῦτο
1434 1647 1530 1704 καὶ
1574 1647 1670 1703 τοῦ
1718 1646 1998 1720 προδότου,
2028 1645 2117 1701 ἵνα

533 1742 610 1816 μὴ
643 1741 843 1814 μέλλῃς
874 1741 1075 1810 λέγειν,
1106 1742 1191 1796 δτι
1222 1741 1447 1813 εὐτελὴς
1474 1743 1567 1796 καὶ
1595 1739 2068 1812 εὐκαταφρόνητος
2089 1740 2118 1794 δ

533 1834 743 1905 μέλλων
774 1832 1068 1888 ἀπολαύειν
1087 1832 1188 1905 τῆς
1209 1832 1523 1905 θεραπείας.
1552 1833 1617 1886 Εἰ
1638 1831 1749 1904 γὰρ
1774 1832 1869 1887 καὶ
1893 1831 2120 1903 εὐτελὴς

530 1921 627 1976 καὶ
669 1921 1146 1995 εὐκαταφρόνητος
1162 1962 1178 1987 ,
1228 1921 1344 1977 ἀλλ’
1385 1920 1538 1975 οὐπω
1584 1920 1727 1977 κατὰ
1778 1922 1869 1977 τὸν
1918 1919 2119 1975 Ἰούδαν

530 2015 698 2081 ἐστὶν,
726 2013 847 2068 οὐδὲ
890 2012 1116 2069 τοιαῦτά
1149 2031 1232 2068 σοι
1270 2012 1539 2086 διέθηκεν,
1574 2010 1662 2069 οἷα
1701 2016 1795 2070 τὸν
1839 2014 2120 2086 Δεσπότην

530 2108 758 2172 ἐκεῖνος,
790 2105 928 2178 μετά
968 2105 1068 2170 τάς
1112 2104 1313 2178 μυρίας
1357 2105 1674 2178 εὐεργεσίας
1701 2107 1794 2161 ἐπὶ
1826 2105 2119 2178 προδοσίαν

528 2201 720 2257 ἐλθών.
739 2201 879 2255 Ἀλλ’
904 2201 1055 2273 ὅμως
1099 2200 1316 2256 ἅπαντα
1361 2198 1535 2257 ταῦτα
1572 2199 1837 2273 προειδὼς
1868 2199 2048 2270 ἔνιψεν
2065 2212 2116 2269 ι,

529 2296 662 2366 ήμῖν
698 2293 895 2365 νόμους
923 2292 1110 2358 τιθεὶς,
1142 2292 1228 2347 ἵνα
1269 2291 1374 2346 κᾶν
1406 2293 1661 2347 ἁπάντων
1684 2287 1834 2363 ὦμεν
1862 2291 2132 2365 ὑψηλότεο.

530 2399 635 2453 ροι.
672 2381 775 2435 κᾶν
810 2381 1065 2436 ἁπάντων
1111 2379 1481 2451 λαμπρότεροι
1514 2380 1608 2434 καί
1642 2380 2118 2453 περιφανέστεροι,

529 2472 632 2527 κᾶν
657 2473 909 2527 ἁπάντων
928 2471 1147 2545 χείρους
1170 2473 1220 2525 οἰ
1244 2470 1530 2543 μέλλοντες
1553 2472 1688 2543 πρὸς
1709 2473 1857 2544 ἡμᾶς
1885 2473 2122 2543 κατάγε-

530 2563 674 2630 σθαι,
716 2563 791 2636 μὴ
823 2562 913 2618 διὰ
940 2562 1100 2617 τοῦτο
1124 2561 1304 2617 αὐτῶν
1342 2562 1633 2633 φεύγωμεν
1664 2563 1764 2634 τὴν
1797 2563 2118 2635 θεραπείαν,

534 2655 669 2727 μηδὲ
706 2653 805 2727 τὴν
836 2654 1113 2710 εὐτέλειαν
1144 2651 1620 2725 ἐπαισχυνώμεθα.
1650 2655 1725 2708 Σὺ
1753 2655 1834 2721 δέ,
1861 2650 1909 2710 ὦ
1935 2655 2119 2726 γύναι,

531 2749 627 2802 ἐὰν
672 2746 775 2820 μέν
824 2764 948 2802 τινα
993 2746 1107 2819 ἴδῃς
1159 2747 1218 2799 ἐν
1268 2748 1381 2809 τοῖς
1409 2745 1683 2817 βιωτικοῖς
1709 2763 1791 2799 σοι
1820 2744 2122 2818 βοηθοῦντα

529 2840 873 2913 πράγμασιν,
926 2837 960 2908 ἢ
1010 2838 1068 2891 ἐν
1115 2835 1448 2908 δικαστηρίῳ
1494 2836 1938 2908 συμπράττοντα,
1981 2836 2015 2909 ἢ
2063 2838 2122 2890 ἐν

529 2930 675 3002 ἄλλῳ
718 2931 827 2983 τινὶ
871 2927 1120 3000 τοιούτῳ,
1153 2928 1249 2981 καὶ
1294 2928 1560 3000 ἁπαντᾷς,
1604 2929 1699 2981 καὶ
1738 2927 1877 2999 μετά
1918 2926 2122 2999 πολλῆς

530 3024 663 3095 δέχῃ
689 3023 787 3094 τῆς
818 3020 1052 3086 εὐνοίας,
1086 3022 1182 3075 καί
1224 3023 1413 3092 χεῖρας
1457 3018 1791 3089 καταφιλεῖς,
1824 3020 1919 3073 καὶ
1949 3018 2123 3091 ἀργύ-

536 3132 650 3187 ριον
691 3112 1069 3177 καταϐάλλεις,
1100 3110 1198 3166 καὶ
1232 3112 1301 3165 τὰ
1335 3112 1443 3165 τῶν
1476 3110 1877 3182 θεραπαινίδων
1907 3113 2082 3176 ποιεῖς
2103 3127 2118 3143 ·

530 3202 598 3255 ἂν
625 3200 682 3254 66
708 3198 799 3253 τὸν
825 3198 1058 3272 Χριστὸν
1084 3198 1395 3253 εἰσελθόντα
1417 3197 1532 3269 ἴδῃς
1549 3196 1598 3265 ιδ,
1626 3199 1803 3261 ὀκνεῖς
1826 3197 1924 3251 καὶ
1955 3214 2124 3251 κατα⁶

531 3289 630 3361 δύῃ
663 3287 800 3362 πρὸς
822 3287 922 3361 τήν
956 3285 1122 3341 αὑτοῦ
1165 3284 1501 3356 θεραπείαν;
1550 3284 1614 3338 Εἰ
1657 3284 1733 3357 μὴ
1762 3283 1837 3349 ὡς
1860 3285 1953 3340 τὸν
1987 3285 2126 3357 Χρι-

534 3376 658 3429 στὸν
689 3377 823 3449 δέχῃ
854 3376 944 3431 τὸν
974 3374 1143 3442 ξένον,
1183 3375 1258 3446 μή
1287 3373 1414 3447 δέξῃ
1433 3390 1448 3405 ο
1478 3374 1527 3426 εἰ
1555 3372 1611 3426 66
1639 3373 1716 3438 ὼς
1755 3373 1847 3428 τὸν
1890 3373 2124 3445 Χριστὸν

531 3464 682 3538 δέχῃ,
725 3463 800 3537 μὴ
833 3462 1201 3535 ἐπαισχυνθῇς
1227 3461 1320 3517 τοῦ
1347 3461 1580 3534 Χριστοῦ
1611 3462 1761 3533 νίψαι
1784 3463 1909 3524 τοὺς
1933 3462 2120 3527 πόδας.

532 3556 646 3625 Οὐχ
681 3556 813 3627 δρᾷς
857 3556 1014 3608 πόσοι
1044 3554 1154 3608 τῶν
1185 3551 1641 3624 ἐπηρεαζομένων
1678 3555 1759 3618 εἰς
1791 3554 2125 3627 ἀνδριάντων

534 3645 844 3714 κατέφυγον
878 3643 1085 3711 πόδας;
1134 3643 1329 3697 Καίτοι
1358 3659 1422 3711 γε
1450 3643 1774 3715 ἀναίσθητος
1801 3644 1835 3714 ή
1876 3643 1998 3716 ὕλη,
2032 3644 2127 3698 καὶ

535 3735 741 3805 ﬂuxo;
789 3736 817 3789 6
856 3734 1090 3806 χαλκός·
1138 3732 1253 3788 ἀλλ’
1280 3733 1429 3804 ὅμως
1473 3733 1661 3804 ἐπειδὴ
1698 3732 1963 3804 βασιλέων
1987 3735 2125 3789 εἰσὶν

534 3822 763 3886 εἰκόνες,
789 3820 1197 3894 προσεδόκησαν
1222 3837 1344 3875 τινα
1374 3819 1775 3892 καρπώσασθαι
1822 3821 1976 3895 παρὰ
2016 3823 2125 3876 τῶν

534 3909 711 3965 ποδῶν
737 3909 960 3964 ἐκείνων
986 3907 1275 3979 ὠφέλειαν.
1304 3908 1376 3961 Σύ
1404 3908 1462 3962 δὲ
1499 3908 1599 3962 οὐκ
1630 3909 1989 3982 ἀναισθήτους
2024 3910 2125 3964 πό-

532 4002 650 4066 δας,
677 4003 798 4056 οὐδέ
826 4002 1032 4073 ἄψυχον
1058 4000 1213 4072 ὓλην,
1237 3999 1352 4054 ἀλλ’
1382 4001 1566 4054 εἰκόνα
1605 4000 1750 4057 ἐνδον
1776 4001 2010 4073 ἔχουσαν
2033 4004 2128 4058 τὸν

537 4094 760 4165 βασιλέα
782 4094 1064 4167 θεωροῦσα
1090 4097 1228 4168 πρὸς
1258 4098 1317 4151 σὲ
1344 4096 1638 4162 εἰσιοῦσαν,
1661 4098 1721 4150 οὑ
1746 4098 2125 4171 προστρέχεις,

535 4185 658 4239 εἰπέ
690 4201 800 4256 μοι,
830 4187 924 4238 καὶ
960 4186 1087 4252 τοὺς
1127 4188 1292 4252 πόδας
1334 4189 1607 4260 κατέχεις,
1637 4190 1732 4243 καὶ
1765 4190 1929 4244 παντί
1961 4191 2125 4263 θερα-

538 4279 681 4353 πεύῃ
710 4278 898 4351 τρόπῳ
919 4296 933 4346 ;
958 4278 1062 4333 Καὶ
1089 4281 1192 4334 ποῦ
1215 4280 1387 4336 ταῦτα
1410 4283 1742 4354 συγγνώμης
1763 4283 1920 4350 ἀξια;
1955 4284 2128 4354 πόσης

534 4369 592 4423 δὲ
624 4371 723 4423 οὐκ
750 4368 815 4424 ἂν
845 4370 929 4441 εἴη
962 4371 1119 4424 τοῦτο
1140 4370 1434 4443 αἰσχύνης;
1482 4372 1767 4441 Ἐννόησον
1792 4373 1898 4425 τίνι
1938 4389 2131 4426 κοινωο

538 4460 647 4522 νεῖς
689 4458 1016 4530 φυσωμένη,
1063 4458 1159 4512 καί
1210 4458 1347 4531 πρὸς
1395 4456 1714 4524 ἀλαζονείαν
1763 4460 2126 4533 ἐπαιρομένη,

538 4547 634 4600 καί¹
676 4545 770 4601 τοῦ
803 4547 953 4614 ξένου
985 4547 1084 4618 τὴν
1119 4547 1416 4621 θεραπείαν
1460 4549 1845 4621 αἰσχυνομένη.
1878 4549 1969 4620 Τῷ
2016 4548 2130 4603 δια-

540 4633 679 4702 ϐόλῳ
715 4634 992 4705 δηλονότιο
1032 4637 1244 4690 ἐκείνου
1289 4636 1400 4709 γὰρ
1429 4639 1462 4709 ἡ
1496 4636 1845 4708 ὑπερηφανία
1891 4637 2124 4707 νόσημα.

542 4722 639 4775 Ἂν
660 4721 718 4775 δὲ
740 4722 1115 4797 προσδράμῃς,
1140 4725 1391 4797 ἐννόησον
1409 4726 1531 4780 τίνα
1556 4724 1831 4797 μιμῇ.Τὸν
1851 4725 2129 4796 Δεσπότην

539 4809 631 4863 τὸν
662 4810 773 4875 σὺν,
807 4812 902 4864 καὶ
931 4812 992 4865 τὸ
1018 4813 1115 4866 τοῦ
1144 4812 1384 4883 Χριστοῦ
1423 4817 1596 4877 ποιεῖς
1642 4813 1821 4884 ἔργον.
1853 4812 1988 4866 Ποία
2020 4811 2129 4866 τοί-

541 4915 637 4953 νυν
673 4898 926 4971 αἰσχύνη,
961 4899 995 4971 ἢ
1033 4903 1185 4955 ποῖον
1220 4901 1421 4966 δνειδος
1448 4900 1526 4973 τῷ
1553 4901 1802 4975 Δεσπότῃ
1826 4902 2129 4968 κοινωνεῖν,

542 4986 665 5038 εἰπέ
718 5002 807 5056 μοι
831 5002 847 5050 ;
876 4986 1115 5059 Αἰσχύνη
1149 4988 1249 5060 μὲν
1274 4984 1367 5043 οῦν
1391 4989 1454 5043 τὸ
1477 4987 1654 5044 ταῦτα
1679 4988 2126 5060 ἐπαισχύνεσθαι,

542 5072 637 5127 καὶ
669 5072 914 5144 νομίζειν
946 5075 1147 5140 ὄνειδος
1172 5072 1333 5143 εἶναι,
1360 5077 1499 5150 ὅπερ
1526 5076 1779 5149 ἐποίησεν
1812 5079 1841 5131 6
1863 5076 2125 5149 Χριστός·

540 5160 756 5232 μεγάλα
797 5160 1054 5217 δύνανται
1100 5163 1262 5228 πόδες
1302 5164 1473 5233 ἁγίων
1502 5166 1582 5228 εἰς
1618 5164 1796 5225 οἰκίαν
1834 5164 2120 5227 εἰσιόντες⁸

544 5248 674 5305 αὐτὸ
704 5249 765 5303 τὸ
790 5248 989 5321 ἔδαφος
1013 5250 1322 5321 ἁγιάζουσι,
1350 5250 1622 5323 θησαυρὸν
1650 5250 1860 5322 μυρίων
1879 5249 2131 5319 εἰσάγουο

545 5353 629 5391 σιν
660 5337 902 5407 ἀγαθῶν,
937 5338 1099 5412 φύσιν
1138 5340 1545 5413 πετπγρωμένην
1584 5338 1942 5410 διορθοῦνται,
1972 5339 2130 5410 λιμὸν

542 5425 751 5493 λύουσι,
780 5430 980 5502 πολλὴν
1011 5432 1290 5501 εἰσάγουσι
1332 5428 1486 5503 [326]
1524 5429 1623 5500 τὴν
1649 5429 1934 5501 εὐπορίαν.
1968 5427 2129 5483 Οὑτω

546 5515 640 5570 καὶ
663 5518 712 5569 οἰ
737 5517 895 5581 πόδες
923 5518 1014 5573 τοῦ
1050 5520 1228 5575 Ἡλίου
1252 5522 1331 5584 εἰς
1358 5519 1458 5590 τὴν
1487 5518 1665 5572 οἰκίαν
1693 5518 1791 5588 τῆς
1818 5518 1991 5590 χήρας
2019 5520 2132 5571 εἰσ-

607 5692 630 5722 ³
660 5691 766 5739 Duo
791 5705 903 5741 mss.
934 5695 1129 5745 ἓνιπτεν.

611 5752 747 5823 τιίιιιτ
769 5762 821 5800 οι
847 5768 991 5815 supra
1007 5757 1115 5823 ίξῃς
1138 5758 1279 5823 dgdit
1299 5758 1408 5823 cod_.
1433 5756 1767 5823 7681Editum
1796 5759 1957 5823 fuerat
1983 5759 2125 5813 ἴδοις,

547 5806 701 5859 33"11-
728 5816 775 5860 ἱιι
801 5806 951 5876 ῐηέινξζσ
985 5806 1130 5877 εἳδῇέ.
1156 5818 1311 5879 Supra
1337 5819 1487 5869 ekiam
1674 5806 1955 5885 léghbnur.
1992 5806 2126 5870 Eun".

1260 356 1318 408 S.
1358 350 1643 411 JOANFJIS
1676 345 2169 405 CIIEH'SOSTOMI
2208 341 2525 397 ARCIIIEP.
2571 335 3123 395 CONSTANTINOP.

3708 334 3814 391 33.6

2225 445 2471 511 ελθόντες
2493 447 2678 501 καινόν
2702 463 2825 501 τινα
2857 445 2951 501 καί
2976 443 3275 520 παράδοξον
3292 444 3584 520 εὐετηρίας
3608 449 3819 503 ἐπεδείυ

2224 534 2382 603 ξαντο
2409 536 2918 608 τρόπον.Ἀρουραν
2949 536 3048 606 τὴν
3078 535 3257 590 οἰκίαν
3286 537 3388 607 τῆς
3425 536 3603 608 χήρας
3628 537 3817 607 ἐποίηο

2226 641 2306 686 σε,
2349 625 2443 678 καὶ
2470 623 2569 694 τὴν
2603 623 2792 694 ὑδρίαν
2820 623 3022 677 ἁλωνα.
3048 622 3249 687 Καινός
3268 640 3353 687 τις
3378 624 3581 695 τρόπος
3610 624 3820 694 σπόρου

2224 713 2319 768 καὶ
2343 711 2558 783 ἀμητοῦ
2588 712 2797 781 ἐγίνετο
2818 711 2939 764 τότε
2956 728 2970 741 ο
2993 710 3248 781 ἔσπειρεν
3277 711 3358 774 εἰς
3386 710 3449 764 τὺ
3471 709 3567 764 τοῦ
3597 711 3818 765 δικαίου

2226 803 2420 874 στόμα,
2460 801 2554 856 καί
2576 802 2645 855 τά
2678 800 3090 871 καταὸληθέντα
3125 798 3265 870 μετά
3296 798 3500 869 πολλῆς
3520 799 3622 870 τῆς
3647 799 3817 868 6:900—

2224 891 2343 953 νίας
2380 892 2446 943 ἐκ
2489 890 2590 960 τῆς
2623 888 2810 961 ὑδρίας
2839 889 3114 959 ἐθέριζεν·
3150 887 3403 961 ἔσπειρεν
3442 887 3691 958 ἄλευρον,
3717 888 3817 942 καὶ

2224 979 2469 1051 ἐθέριζεν
2490 977 2719 1049 ἄλευρον
2741 994 2755 1008 ’
2784 977 2885 1031 οὐκ
2905 976 3097 1050 ἐδεήθη
3130 974 3292 1047 βοῶν,
3322 977 3419 1030 καὶ
3449 974 3699 1044 ζεύγους,
3718 976 3817 1029 καὶ

2223 1066 2477 1138 ἀρότρου,
2512 1066 2607 1120 καὶ
2641 1064 2898 1129 αὐλακος,
2930 1064 3051 1118 οὐδέ
3082 1062 3238 1118 ὑετοῦ
3261 1065 3356 1117 καὶ⁵
3383 1064 3549 1135 ἀέρος
3573 1064 3668 1117 καὶ
3693 1064 3818 1134 δρε-

2222 1157 2423 1226 πάνης,
2465 1155 2586 1209 οὐδὲ
2634 1154 2838 1219 ἅλωνος
2888 1154 2984 1208 καὶ
3023 1153 3376 1225 δραγμάτων,
3423 1153 3547 1207 οὐδὲ
3594 1152 3817 1223 ἀνέμων

2221 1244 2610 1316 διακρινόντων
2636 1243 2743 1297 ἀπὸ
2773 1243 2869 1297 τοῦ
2900 1239 3117 1313 καρποῦ
3156 1240 3226 1295 τά
3261 1239 3463 1313 ἄχυρα,
3482 1238 3609 1307 ,οὐδέ
3640 1239 3817 1311 μύλης

2221 1330 2551 1403 τριῧούσηςο
2584 1330 2724 1385 ἀλλὰ
2771 1332 2830 1384 ἐν
2866 1331 2969 1401 μιᾷ
2994 1328 3188 1400 καιροῦ
3223 1330 3364 1398 ῥοπῇ
3403 1326 3611 1382 τούτων
3639 1326 3814 1382 ἁπάν-

2219 1435 2331 1472 των
2352 1418 2414 1472 τὸ
2439 1418 2592 1483 τέλος
2631 1411 2792 1490 εὗρεν
2819 1418 2910 1472 ἐπὶ
2938 1417 3037 1489 τῆς
3068 1416 3256 1488 ὑδρίας
3278 1432 3292 1446 '
3324 1414 3419 1469 καὶ
3466 1414 3563 1469 δύο
3599 1414 3803 1485 πηγάς,

2220 1506 2321 1578 τὴν
2366 1507 2466 1578 μὲν
2511 1505 2766 1579 ἀλεύρου,
2795 1506 2894 1578 τὴν
2919 1504 2977 1559 δὲ
3004 1504 3186 1559 ἐλαίου
3232 1502 3500 1574 διηνεκῶς
3540 1503 3744 1574 ἀνῆκεν
3766 1504 3804 1574 ή

2218 1592 2314 1648 τοῦ
2347 1595 2627 1666 προφήτου
2659 1594 2832 1666 φωνή.

2298 1682 2381 1739 ιδ’.
2407 1681 2645 1737 Τοιαῦτα
2665 1680 2773 1736 τῶν
2799 1682 2970 1751 ἁγίων
2997 1680 3066 1736 τά
3089 1680 3260 1754 δῶρα,
3291 1680 3389 1735 καὶ
3406 1679 3691 1750 δαψίλειαν
3714 1675 3808 1732 καὶ

2220 1774 2472 1833 εὐκολίαν
2499 1773 2612 1846 ἔχει
2641 1774 2865 1847 πολλήν.
2892 1774 2974 1827 Τά
2998 1773 3097 1844 μὲν
3121 1773 3230 1846 γάρ
3269 1771 3377 1828 ἀπὸ
3411 1772 3511 1844 τῆς
3545 1773 3653 1843 γῆς
3689 1769 3811 1843 δρεο

2222 1870 2434 1942 πόμενα
2461 1869 2791 1932 δαπανᾶται,
2826 1867 3031 1920 ἐκεῖναι
3059 1864 3117 1919 δέ
3157 1866 3213 1919 αἰ
3242 1865 3417 1937 πηγαί
3449 1862 3812 1934 ἀντλούμεναι

2220 1960 2546 2034 καθημέραν
2574 1958 2675 2013 οὑκ
2702 1955 3071 2029 ἐκενώθησαν,
3106 1955 3222 2010 ἀλλ’
3248 1951 3317 2027 ἦν
3346 1953 3650 2017 ἰσοστάσιος
3675 1952 3814 2026 πρὸς

2180 2072 2187 2077 ί
2219 2052 2321 2126 τὴν
2350 2050 2649 2107 ἐκκένωσιν
2683 2048 2785 2120 τῆς
2820 2046 3086 2120 ἐπιρροῆς
3111 2046 3144 2117 ἡ
3174 2045 3343 2117 μάχη.
3372 2043 3610 2098 Τοιαῦτα
3655 2043 3816 2114 χαρίο

2222 2149 2404 2213 ζονται
2449 2144 2607 2206 πόδες
2654 2141 2846 2212 ἁγίων,
2880 2139 3081 2214 μᾶλλον
3123 2138 3180 2192 66
3230 2138 3324 2192 καὶ
3367 2135 3548 2208 πολλῷ
3591 2136 3819 2190 πλείονα

2220 2239 2426 2294 τούτων
2445 2256 2458 2269 ο
2487 2237 2581 2291 καὶ
2609 2238 2658 2289 εἰ
2687 2234 2762 2306 μὴ
2801 2233 3009 2307 μακρὸν
3032 2231 3251 2287 ἐποίουν
3283 2231 3375 2285 τὸν
3406 2230 3585 2300 λόγον,
3611 2229 3819 2293 πολλάς

2221 2327 2288 2382 ἂν
2347 2324 2825 2397 ἀπηριθμησάμην
2871 2321 3124 2385 τοιαύτας
3178 2319 3405 2393 δωρεάς.
3442 2318 3583 2372 Ἀλλ’
3621 2318 3818 2390 ὥσπερ

2223 2418 2523 2491 τιμώμενοι
2549 2416 2777 2472 τοιαῦτα
2818 2414 3047 2486 φέρουσι
3079 2413 3249 2486 δῶρα,
3277 2411 3448 2476 οὑτως
3473 2408 3816 2482 ἀτιμαζόμε-

2224 2530 2306 2568 νοι
2338 2510 2585 2583 μεγάλην
2610 2508 2879 2578 ἐπάγουσι
2907 2507 3129 2561 κόλασιν
3156 2507 3251 2561 καί
3280 2504 3393 2577 πῦρ
3415 2506 3819 2577 ἀπαραίτητον.

2224 2605 2399 2661 Πόθεν
2444 2601 2607 2657 τοῦτο
2650 2600 2845 2671 δῆλον;
2896 2600 3163 2653 Ἀκουσον
3213 2596 3378 2652 αὐτοῦ
3428 2596 3523 2650 τοῦ
3583 2594 3823 2669 Χριστοῦ

2224 2694 2476 2762 λέγοντος
2500 2693 2614 2754 τοῖς
2645 2689 2915 2760 μαθηταῖς
2936 2704 2950 2718 ·
2985 2689 3090 2754 Εἰς
3120 2685 3201 2755 ἢν
3234 2685 3312 2740 ἂν
3340 2686 3522 2739 πόλιν
3546 2684 3587 2754 ἢ
3622 2686 3823 2738 οἰκίαν

2222 2780 2556 2848 εἰσέλθητε,
2596 2775 2935 2848 ἐρωτήσατε
2982 2776 3075 2841 τίς
3116 2773 3281 2839 ἄξιός
3323 2772 3497 2826 ἐστιν
3536 2771 3609 2825 ἐν
3638 2769 3817 2839 αὐτῇ,

2224 2866 2402 2923 κάκεῖ
2429 2867 2695 2938 μείνατε,
2739 2863 2840 2918 καί
2880 2864 3290 2932 εἰσερχόμενοι
3335 2860 3561 2929 λέγετε·
3595 2859 3822 2928 Εἰρήνη

2226 2953 2302 3024 τῇ
2322 2955 2481 3022 οἰκίᾳ
2498 2952 2840 3022 ταύτῃ.”1να
2871 2951 2981 3022 γὰρ
3004 2949 3080 3022 μὴ
3107 2949 3295 3021 λέγῃς,
3328 2947 3565 3003 Δαπανῶ
3593 2947 3662 3001 τά
3689 2948 3824 3019 χρή-

2230 3059 2398 3115 ματα,
2437 3040 2715 3096 ἀναλίσκω
2754 3039 2854 3112 τὴν
2897 3038 3107 3101 οὐσίαν,
3141 3033 3422 3109 τράπεζαν
3459 3034 3827 3106 παρατιθεῖσα

2225 3132 2339 3193 τοῖς
2368 3127 2561 3196 ξένοις,
2592 3127 2757 3182 αὑτὸν
2789 3126 3056 3198 πρότερον
3078 3122 3170 3179 τὸν
3205 3122 3441 3177 εἰσιόντα
3470 3122 3824 3195 παρασκευά-

2228 3219 2312 3285 ζει
2335 3235 2417 3271 σοι
2443 3216 2666 3288 κομίσαι
2701 3213 2848 3281 ξένια
2880 3214 2974 3268 καί
3003 3211 3151 3284 δῶρα
3196 3212 3375 3265 πᾶσαν
3421 3209 3824 3282 ὑπερϐαίνοντα

2227 3304 2567 3378 περιουσίαν.
2610 3304 2745 3357 Ποῖα
2784 3302 2849 3373 δὴ
2897 3300 3104 3367 ταῦτα;
3137 3300 3250 3371 Τῆς
3287 3299 3511 3371 εἰρήνης
3533 3299 3635 3372 τὴν
3658 3315 3827 3371 χορη-

2228 3393 2374 3464 γίαν.
2409 3390 2630 3463 Ταύτης
2667 3389 2778 3461 γὰρ
2808 3390 2920 3443 ῐσον
2957 3387 3131 3442 οὐδέν.
3149 3386 3315 3458 Ὁρᾷς
3348 3387 3467 3458 μεθ’
3501 3386 3637 3458 ὅσης
3662 3388 3826 3440 εὐπο-

2233 3481 2353 3555 ρίας
2401 3483 2433 3535 δ
2476 3480 2630 3548 ἆγιος
2667 3478 2977 3550 εἰσέρχεται
3023 3477 3104 3539 εἰς
3152 3475 3253 3547 τὴν
3302 3473 3509 3542 οἰκίαν;
3551 3474 3628 3528 T6
3674 3474 3829 3546 ῥῆμα

2228 3568 2392 3624 τοῦτο
2429 3566 2583 3638 ψιλὸν
2635 3566 2735 3637 μέν
2784 3567 2923 3630 ἐστι,
2957 3564 3168 3636 μυρίων
3197 3564 3254 3617 δὲ
3284 3561 3508 3632 ἀγαθῶν
3538 3561 3827 3628 ὑπόθεσις.

2228 3657 2295 3711 Τί
2319 3654 2427 3727 γάρ
2464 3654 2871 3725 ἀσφαλέστερον
2897 3651 3076 3715 οἰκίας
3109 3650 3307 3720 γένοιτ’
3335 3652 3405 3705 ἀν
3433 3651 3661 3723 εἰρήνης
3692 3651 3822 3704 ἀπο-

2230 3745 2536 3816 λαυούσης;
2572 3744 2813 3815 Εἰρήνην
2847 3741 2903 3795 δὲ
2935 3742 3262 3811 ἐπεύχονται
3289 3741 3341 3793 οἰ
3367 3740 3513 3808 ἆγιοι
3544 3742 3658 3804 τοῖς
3695 3741 3831 3793 ὑπο-

2230 3837 2567 3909 δεχομένοις,
2600 3835 2661 3888 οὐ
2699 3834 2799 3904 τὴν
2844 3832 2981 3903 πρὸς
3020 3832 3285 3903 ἀλλήλους
3326 3832 3509 3902 μόνον,
3542 3830 3683 3884 ἀλλά
3734 3834 3830 3886 καὶ

2231 3928 2331 3999 τὴν
2373 3927 2512 3999 πρὸς
2558 3927 2706 3997 ἡμᾶς
2762 3923 2980 3987 αὐτούς.
3010 3922 3278 3984 Πολλάκις
3317 3922 3449 3991 γοῦν
3493 3921 3735 3992 πόλεμον
3770 3923 3828 3974 ἐν

2231 4021 2346 4081 τοῖς
2390 4017 2672 4088 λογισμοῖς
2718 4014 2936 4086 ἔχομεν,
2964 4014 3060 4067 καὶ
3099 4012 3326 4084 μηδενὸς
3358 4009 3705 4083 ἐνοχλοῦντος
3737 4028 3829 4064 ται

2236 4104 2584 4179 ραττόμεθα,
2625 4102 2719 4158 καὶ
2768 4101 3058 4172 ἐπιθυμίαι
3108 4099 3343 4171 πονηραὶ
3401 4098 3644 4170 συνεχῶς
3691 4100 3830 4168 ἡμῖν

2233 4194 2643 4248 ἐπανίστανται.
2675 4191 2785 4246 Καὶ
2812 4189 3017 4260 ταύτην
3049 4184 3142 4243 οῦν
3175 4186 3528 4243 καταστέλλει
3568 4186 3670 4258 τὴν
3724 4187 3829 4257 μά-

2233 4300 2338 4355 χην
2375 4284 2552 4336 ἐκεῖνο
2597 4280 2704 4335 τῶν
2752 4280 2923 4349 ἁγίων
2967 4279 3029 4332 τὸ
3075 4279 3247 4350 ῥῆμα,
3286 4278 3381 4331 καὶ
3426 4276 3631 4347 πολλὴν
3679 4275 3829 4329 ἔνδον

2236 4372 2383 4425 ποιεῖ
2408 4369 2669 4440 γαλήνην.
2689 4366 2852 4440 Ὁμοῦ
2888 4384 2944 4420 τε
2978 4366 3086 4438 γὰρ
3130 4368 3336 4430 ἐκεῖνος
3381 4363 3704 4434 ἐφθέγξατο,
3733 4364 3830 4417 καὶ

2236 4460 2388 4513 πᾶσα
2450 4457 2750 4530 ἐνθύμησις
2809 4454 3093 4527 διαδολικὴ
3162 4455 3258 4508 καὶ
3316 4453 3577 4524 λογισμὸς
3627 4453 3830 4515 ἄτοπος

2235 4547 2634 4620 ἐδραπέτευσεν
2665 4547 2730 4600 ἐκ
2752 4545 2852 4617 τῆς
2881 4544 3157 4616 ἡμετέρας
3176 4542 3358 4614 ψυχῆς
3376 4559 3391 4573 ·
3427 4540 3569 4595 ὥστε
3606 4539 3830 4613 μείζονα

2235 4632 2537 4706 λαμϐάνεις
2584 4633 2618 4705 ἢ
2667 4633 2845 4696 δίδως.
2907 4631 3037 4689 Κᾶν
3086 4631 3206 4701 μὲν
3248 4629 3574 4696 δέξωνται,
3620 4630 3828 4700 cndu

2233 4721 2411 4795 ὑμᾶς,
2440 4723 2660 4778 ἐλθέτω
2690 4724 2728 4791 ἠ
2752 4721 2957 4791 εἰρήνη
2986 4721 3079 4775 ἐπ’
3094 4720 3350 4795 αὐτούς·
3379 4719 3492 4773 ἐὰν
3516 4716 3587 4772 δὲ
3618 4723 3708 4787 μὴ
3733 4716 3831 4771 δέ-

2237 4812 2455 4877 furta:
2478 4853 2493 4878 ,
2539 4809 2891 4875 ἐκτινάξατε
2946 4808 3054 4863 τὸν
3104 4790 3418 4878 κονιορτὸν
3462 4805 3583 4859 τῶν
3628 4803 3833 4859 ποδῶν

2235 4899 2424 4970 ὑμῶν.
2455 4898 2656 4971 Ἀμὴν,
2695 4898 2853 4969 λέγω
2896 4898 3059 4968 ὑμῖν,
3106 4898 3501 4967 ἀνεκτότερον
3537 4894 3710 4949 ἔσται
3753 4891 3833 4964 πῆ

2237 4988 2516 5058 Σοδόμων
2538 4988 2635 5042 καὶ
2665 4987 2975 5056 Γομόρρας
2995 4986 3065 5039 ἐν
3104 4984 3179 5055 τῇ
3209 4988 3398 5054 ἡμέρᾳ
3426 4984 3655 5051 ἐκείνῃ,
3682 4982 3722 5051 ἦ
3757 4979 3834 5050 τῇ

2237 5077 2412 5131 πόλει
2441 5075 2666 5145 ἐκείνῃ.
2684 5075 2850 5147 Ὁρᾷς
2882 5075 2966 5129 ὅτι
3003 5073 3397 5145 ἀτιμαζόμενοι
3446 5071 3604 5134 πόδες
3657 5071 3833 5139 ἁγίων

2239 5165 2406 5219 πόσον
2429 5165 2695 5233 ἐπάγουσι
2722 5162 2871 5234 πῦρ;
2900 5162 3004 5217 Διά
3039 5161 3196 5216 τοῦτο
3242 5161 3455 5215 κελεύει
3500 5161 3715 5215 νίπτειν
3743 5159 3839 5212 αὐο

2236 5255 2388 5320 τοὺς,
2416 5253 2504 5307 ῖνα
2543 5251 2970 5324 θεραπευόμενοι
3017 5249 3219 5321 πολλὴν
3271 5251 3403 5321 ἡμῖν
3456 5247 3836 5321 προξενήσωσι

2239 5345 2394 5419 παρὰ
2423 5341 2502 5414 τῷ
2524 5341 2646 5414 Θεῷ
2664 5341 2766 5412 τὴν
2799 5340 3142 5414 παρρησία-ι’
3174 5339 3309 5410 ὁμοῦ
3339 5339 3397 5392 δέ
3425 5337 3521 5393 καὶ
3545 5339 3725 5390 ἐκεῖνο
3746 5333 3838 5388 διά

2238 5435 2444 5506 ταύτης
2495 5434 2647 5504 ἡμᾶς
2693 5431 2940 5485 παιδεύει
2962 5429 3067 5500 τῆς
3095 5427 3497 5500 παραινέσεως,
3524 5423 3594 5479 τά
3615 5424 3719 5496 τῆς
3744 5440 3836 5494 φι-

2239 5521 2483 5589 λοξενίας
2527 5521 2665 5593 ἔργα
2714 5517 2868 5593 [525]
2912 5517 2979 5572 δι’
3021 5516 3229 5571 ἑαυτῶν
3278 5515 3496 5570 ἅπαντα
3543 5512 3829 5567 ἐπιτελεῖν.

2241 5611 2500 5683 Μίμησαι
2538 5610 2629 5662 τὸν
2668 5607 2940 5678 Ἀϐραὰμ,
2992 5603 3150 5674 γενοῦ
3192 5603 3442 5675 θυγάτηρ
3492 5602 3728 5665 ἐκείνου,
3779 5601 3839 5658 ῖς

2240 5699 2589 5772 τριακοσίους
2630 5697 2764 5752 δέκα
2810 5694 2905 5750 καὶ
2938 5692 3081 5748 ὀκτὼ
3115 5693 3255 5763 ἔχων
3298 5691 3620 5760 οἰκογενεῖς,
3673 5687 3834 5745 αὐτίς

2247 5788 2385 5860 μετὰ
2438 5788 2538 5859 τῆς
2594 5785 2853 5857 γυναικὸς
2905 5783 3214 5853 διενείματο
3263 5780 3362 5843 τῆς
3408 5777 3715 5859 φιλοξενίας
3743 5772 3834 5826 τδν
