4062 6426
302 385 410 445 333

303 495 546 558 ‘lavabit?
575 505 753 548 nonne
788 493 888 548 hoc
925 500 1077 564 turpe
1122 496 1277 550 fuerit
1301 491 1327 550 ἲ
1351 495 1530 567 Turpe
1573 509 1702 551 sane
1743 495 1898 552 fuerit

312 591 359 644 si
390 604 496 643 non
525 587 685 654 lavet,
709 588 780 640 mi
803 585 984 640 homo.
1017 583 1368 653 Quantu’mvis
1395 586 1538 640 enim
1570 587 1897 642 nobilitatem

307 681 477 749 ipsius
522 679 572 730 iu
602 677 790 733 cadum
821 675 1030 742 efferas,
1087 685 1141 730 et
1167 675 1461 730 claritatem
1490 676 1703 746 generis
1741 687 1899 748 atque

305 768 669 839 splendorem,
724 766 962 837 ejusdem
1009 766 1272 836 particeps
1318 775 1402 820 est
1441 775 1644 821 natura:
1677 782 1798 821 cum
1829 781 1898 822 eo

305 859 396 928 qui
435 858 684 925 abluitur,
709 867 762 910 et
811 872 1068 911 conserva
1098 858 1240 911 illius
1266 867 1368 924 est,
1394 864 1447 912 et
1473 855 1676 912 honore
1704 872 1799 927 par
1824 857 1897 912 illi

307 949 393 1003 cui
422 947 660 1003 defertur
681 948 1014 1016 obsequium.

381 1039 467 1092 15.
500 1037 804 1108 Exemplum
841 1039 1028 1092 Christi
1049 1038 1201 1108 pedes
1222 1039 1436 1093 laventis
1456 1056 1476 1104 ;
1496 1039 1625 1094 bona
1642 1056 1706 1095 ea:
1729 1057 1898 1095 susce-

306 1131 480 1201 ptione
491 1131 866 1201 peregrinorum
887 1131 1145 1183 manantia
1157 1147 1178 1196 ;
1190 1129 1470 1200 exemplum
1488 1130 1901 1202 viduam-Cogit

307 1230 360 1273 ta
377 1221 496 1290 quis
510 1230 623 1274 erat
641 1220 726 1274 ille
746 1221 835 1289 qui
851 1220 1228 1290 discipulorum
1247 1220 1409 1290 pedes
1425 1221 1570 1285 lavit,
1585 1236 1648 1276 ac
1663 1221 1728 1276 de
1745 1221 1896 1276 nobi-

303 1313 455 1366 litate
493 1312 654 1366 verba
690 1313 866 1367 facere
894 1312 1095 1367 desine.
1123 1310 1432 1368 Communis
1457 1312 1601 1367 orbis
1633 1323 1894 1368 terrarum

306 1402 584 1468 Dominus,
616 1401 728 1456 Rex
751 1402 1061 1472 angelorum
1078 1411 1134 1458 et
1157 1403 1304 1470 lavit,
1321 1411 1375 1457 et
1403 1403 1565 1458 linteo
1593 1418 1652 1458 se
1674 1403 1897 1473 praecin-

302 1493 405 1558 xit,
424 1507 524 1550 nec
551 1492 934 1562 discipulorum
963 1502 1189 1555 tantum,
1214 1493 1308 1548 sed
1329 1501 1383 1548 et
1415 1493 1701 1564 proditoris
1726 1494 1895 1564 ipsius

303 1583 326 1651 (
354 1583 543 1637 Joann.
589 1584 676 1638 l5.
725 1584 779 1638 4.
808 1599 914 1654 sqq.
937 1583 977 1654 ).
1004 1583 1164 1639 Vides
1190 1592 1446 1654 quantum
1489 1586 1629 1639 inter
1652 1601 1773 1641 eum
1805 1585 1894 1655 qui

306 1674 540 1739 lavabat,
571 1683 625 1730 et
668 1689 762 1730 eos
783 1676 871 1745 qui
893 1675 1210 1730 lavabantur
1236 1684 1383 1731 esset
1403 1676 1774 1731 intervallum?
1799 1679 1894 1731 At-

300 1775 487 1821 tamen
537 1774 647 1820 toto
678 1766 779 1821 hoc
820 1765 1101 1822 intervallo
1140 1780 1201 1822 se
1245 1766 1479 1834 demisit,
1534 1775 1588 1822 et
1639 1767 1895 1823 Dominus

301 1868 518 1909 servum
551 1855 698 1920 lavit,
726 1864 783 1910 ut
807 1870 962 1912 serva
986 1871 1306 1912 conservum
1333 1872 1439 1912 non
1469 1858 1771 1914 erubescat.
1805 1859 1892 1913 ld-

300 1945 450 1998 circo
464 1945 621 1999 etiam
649 1945 955 2015 proditoris,
983 1961 1049 2002 ne
1079 1946 1214 2002 forte
1233 1947 1415 2002 dicere
1437 1963 1623 2018 posses
1649 1949 1807 2003 vilem
1838 1958 1894 2004 et

297 2033 568 2103 abjectum
596 2049 718 2090 esse
759 2035 930 2101 illum,
961 2036 1045 2091 cui
1072 2036 1248 2092 cultus
1272 2047 1414 2093 esset
1458 2038 1546 2093 ille
1591 2046 1752 2110 atque
1797 2039 1893 2095 ob-

297 2125 546 2194 sequium
573 2126 940 2182 deferendum.
992 2127 1141 2184 Licet
1169 2130 1311 2184 enim
1351 2137 1404 2184 et
1435 2130 1552 2185 vilis
1579 2131 1648 2186 sit
1691 2139 1744 2186 et
1791 2131 1890 2186 ab-

294 2216 492 2286 jectus,
515 2216 750 2272 nondum
772 2225 950 2272 tamen
974 2217 1125 2274 Judae
1154 2219 1343 2274 similis
1362 2229 1464 2286 est,
1488 2235 1587 2276 uec
1606 2223 1659 2275 in
1686 2229 1737 2276 te
1768 2222 1889 2276 talia

295 2311 642 2376 perpetravit,
674 2308 853 2378 qualia
900 2309 956 2364 in
984 2309 1266 2366 Dominum
1292 2311 1402 2378 ille,
1429 2313 1517 2382 qui
1547 2315 1780 2383 acceptis
1802 2313 1886 2367 in-

294 2398 538 2452 numeris
564 2399 838 2455 beueﬁciis
867 2400 934 2455 ad
958 2401 1311 2471 proditionem
1338 2404 1501 2458 venit.
1529 2405 1777 2459 Attamen
1805 2404 1888 2459 his

294 2490 545 2544 omnibus
569 2493 805 2560 prmvisis
834 2493 981 2559 lavit,
1013 2508 1076 2549 ac
1105 2494 1262 2550 nobis
1289 2496 1458 2567 legem
1503 2497 1800 2565 constituit,
1829 2507 1886 2552 ut

291 2579 424 2638 licet
487 2584 825 2641 sublimiores
880 2587 1128 2643 omnibus
1199 2589 1391 2656 simus,
1443 2589 1568 2645 licet
1636 2591 1886 2646 omnibus

295 2673 558 2730 clariores
583 2685 638 2731 et
689 2677 1004 2733 illustriores
1057 2679 1266 2746 simus,
1321 2681 1449 2736 licet
1509 2683 1757 2738 omnibus
1785 2683 1876 2737 in-

294 2763 526 2821 feriores
554 2767 661 2822 sint
703 2769 794 2839 qui
844 2770 984 2840 apud
1031 2785 1130 2827 nos
1169 2771 1486 2829 diversaturi
1521 2784 1666 2842 sunt,
1700 2791 1767 2831 ne
1798 2775 1880 2830 id-

290 2855 441 2911 eirco
469 2857 573 2930 illis
623 2858 884 2916 inservire
923 2875 1233 2917 recusemus
1256 2903 1272 2929 ,
1338 2879 1512 2934 neque
1544 2865 1758 2920 vilitatis
1783 2882 1882 2922 nos

291 2947 515 3018 pudeat.
541 2953 609 3005 At
635 2959 715 3018 tu,
745 2952 959 3019 mulier,
1003 2953 1046 3008 si
1075 2955 1379 3023 quempiam
1403 2956 1602 3011 videris
1629 2957 1681 3011 in
1712 2971 1878 3012 saecu-

288 3040 494 3098 laribus
525 3043 616 3099 tibi
645 3045 869 3115 negotiis
893 3061 1046 3116 opem
1069 3046 1229 3114 ferre,
1252 3048 1334 3103 vel
1362 3049 1416 3104 iu
1437 3049 1636 3119 judicio
1663 3066 1882 3106 succur-

287 3149 433 3200 rere,
463 3135 546 3192 vel
590 3135 643 3189 in
687 3136 790 3190 alia
824 3137 1070 3207 quapiam
1125 3155 1184 3193 re
1226 3140 1408 3207 simili,
1457 3150 1511 3195 et
1535 3142 1789 3206 occurris,
1825 3152 1878 3197 et

287 3227 456 3280 multa
487 3242 609 3281 cum
631 3227 1000 3286 benevolentia
1031 3232 1276 3302 suscipis,
1311 3248 1500 3288 manus
1526 3233 1872 3304 deoscularis,

286 3317 546 3386 pecunias
594 3334 804 3390 erogas,
835 3332 888 3378 et
927 3323 1240 3379 ancillarum
1284 3341 1502 3380 munera
1536 3326 1652 3380 obis
1680 3343 1695 3382 :
1724 3327 1876 3381 Chri-

283 3417 430 3463 stum
458 3418 636 3466 autem
665 3413 1020 3470 introeuntem
1059 3416 1102 3471 si
1125 3416 1326 3475 videas.
1359 3418 1650 3488 pigritaris,
1681 3427 1734 3472 et
1761 3419 1874 3473 cul-

284 3510 398 3555 tum
429 3518 491 3558 ac
529 3505 879 3561 ministerium
923 3507 1000 3562 illi
1026 3508 1281 3563 exhibere
1314 3509 1578 3564 detrectas
1604 3511 1627 3564 ?
1656 3510 1709 3565 Si
1765 3526 1870 3564 non

281 3601 347 3648 ut
371 3594 637 3650 Christum
685 3598 910 3669 suscipis
949 3600 1310 3670 peregrinum,
1351 3616 1419 3655 ne
1461 3603 1719 3671 suscipias
1748 3619 1760 3654 :
1787 3601 1868 3656 siu

279 3694 463 3740 autem
495 3695 550 3741 ut
581 3685 849 3744 Christum
867 3691 1111 3760 suscipis,
1149 3692 1322 3747 lavare
1348 3692 1545 3749 Christi
1574 3695 1732 3766 pedes
1761 3715 1866 3754 non

279 3777 588 3834 erubescas.
624 3780 812 3838 Nonne
851 3784 1019 3850 vides,
1071 3800 1229 3855 quam
1258 3787 1408 3841 multi
1434 3803 1638 3858 eorum,
1672 3793 1866 3862 quiin-

271 3866 434 3936 juriis
467 3867 790 3938 afficiuntur,
842 3874 909 3928 ad
959 3884 1254 3932 statuarum
1300 3878 1463 3948 pedes
1515 3884 1866 3954 confugiant?

277 3957 514 4015 Tametsi
543 3963 763 4017 materia
780 3974 862 4019 est
890 3979 1051 4022 sensu
1078 3968 1352 4036 destituta,
1381 3980 1434 4027 et
1456 3988 1530 4028 aes
1556 3975 1748 4030 animm
1773 3992 1866 4031 ex—

276 4065 405 4121 pers
432 4070 444 4106 :
472 4055 564 4110 sed
593 4058 844 4125 quoniam
867 4059 1252 4130 imperatorum
1298 4075 1423 4120 sunt
1450 4066 1556 4121 illae
1584 4067 1862 4138 imagines,

273 4142 507 4212 aliquam
559 4161 618 4201 se
645 4163 675 4201 a
717 4147 936 4217 pedibus
965 4151 1070 4206 illis
1093 4167 1248 4223 opem
1292 4155 1666 4226 impetraturos
1692 4159 1862 4213 confi-

271 4233 430 4289 dunt.
482 4237 552 4291 At
596 4247 650 4292 tu
679 4256 797 4309 quae
837 4257 941 4297 non
969 4258 1127 4300 sensu
1166 4259 1410 4304 carentes
1457 4250 1639 4320 pedes,
1691 4267 1864 4323 neque

271 4327 551 4382 materiam
576 4341 846 4400 expertem
863 4336 1074 4402 animat,
1089 4339 1181 4392 sed
1196 4339 1478 4409 imaginem
1495 4343 1635 4398 intus
1650 4343 1787 4414 apud
1803 4359 1861 4400 se

273 4418 474 4488 Regem
501 4431 796 4491 gestantem
843 4425 1063 4481 domum
1093 4437 1232 4482 tuam
1258 4431 1460 4501 ingredi
1522 4434 1721 4496 videas,
1755 4451 1858 4491 non

266 4511 528 4579 accurris,
561 4529 763 4583 quaeso,
807 4533 905 4572 nec
932 4518 1094 4587 pedes
1121 4521 1476 4590 amplecteris,
1523 4535 1680 4596 atque
1714 4529 1858 4582 omni

265 4600 476 4657 ratione
493 4604 626 4658 colis
649 4605 672 4658 ?
701 4607 830 4672 Quis
861 4612 962 4664 hoc
993 4609 1194 4664 facinus
1218 4613 1366 4666 venia
1387 4613 1858 4686 dignumjudicet?

261 4694 385 4764 quis
427 4712 529 4750 non
584 4699 758 4766 potius
813 4703 956 4756 omni
1008 4703 1346 4773 plectendum
1391 4706 1693 4776 ignominim
1733 4721 1855 4767 nota

260 4788 744 4859 censeat?Cogita
799 4793 883 4847 cui
930 4795 1290 4851 communices
1319 4838 1333 4864 ,
1384 4799 1508 4853 dum
1555 4801 1756 4856 inflaris
1802 4812 1857 4858 et

261 4889 576 4946 arroganter
603 4881 827 4950 elfcrris,
859 4893 1020 4955 atque
1050 4887 1308 4944 inservire
1336 4893 1615 4960 peregrino
1635 4895 1854 4951 erubes-

261 4969 360 5023 cis.
396 4969 545 5026 llaud
575 4972 796 5029 dubium
827 4976 954 5045 quin
983 4977 1196 5034 diabolo
1225 4998 1238 5035 :
1266 4981 1405 5037 illius
1445 4982 1585 5037 enim
1633 4987 1853 5041 morbus

259 5069 344 5113 est
374 5064 644 5132 superbia.
703 5065 795 5121 Stn
836 5079 1013 5124 autem
1041 5085 1310 5137 accurras,
1341 5076 1512 5144 cogita
1543 5091 1698 5146 quem
1734 5078 1854 5133 imi-

255 5155 392 5210 teris
464 5156 742 5214 Dominum
773 5170 944 5228 tuum,
976 5171 1029 5218 et
1069 5179 1202 5234 opus
1223 5164 1420 5221 Christi
1459 5169 1690 5237 perficis.
1723 5169 1851 5238 Quis

249 5260 387 5314 ergo
414 5247 604 5315 pudor,
632 5265 751 5319 quae
778 5253 1082 5322 ignominia,
1109 5259 1447 5325 quaeso,-fieri
1494 5260 1688 5316 Christi
1716 5278 1846 5318 con-

249 5343 500 5394 sortem?
532 5343 642 5397 lmo
684 5359 813 5400 vero
839 5346 1009 5415 pudor
1041 5356 1141 5411 est,
1181 5351 1222 5404 si
1256 5351 1477 5406 istorqu
1507 5370 1604 5410 nos
1629 5355 1845 5426 pudeat,

251 5437 308 5480 et
341 5428 680 5498 ignominiam
736 5437 786 5491 id
826 5439 966 5509 quod
998 5439 1239 5495 Christus
1268 5443 1472 5509 fecerit,
1502 5446 1841 5503 arbitremur.

246 5521 410 5575 Malm
443 5537 664 5592 possunt
690 5529 907 5584 domum
937 5532 1264 5588 introeuntcs
1295 5549 1598 5592 sanctorum
1633 5541 1797 5609 pedes
1829 5560 1842 5596 :

247 5616 612 5684 pavimentum
656 5620 826 5690 ipsum
867 5624 1219 5690 sauctificaut,
1271 5629 1672 5687 innumerorum
1720 5634 1842 5691 the-

244 5721 476 5764 saurum
512 5707 773 5767 bonorum
819 5714 1110 5770 invehunt:
1143 5719 1434 5774 mutilatam
1490 5731 1732 5779 naturam
1763 5727 1841 5781 in-

246 5804 524 5865 staurant,
569 5799 760 5860 famem
795 5807 1014 5877 pellunt,
1055 5811 1248 5866 multas
1298 5827 1424 5882 opes
1460 5814 1730 5872 inducunt.
1763 5819 1834 5874 lta

1538 377 1599 430 l.\'
1644 379 1866 448 ILLL’ll,
1909 378 2115 435 V'lDU.\
2150 377 2514 438 El.lC.-lTl'fl.

3488 369 3594 432 53$

2009 511 2221 567 quoque
2251 496 2410 564 pedes
2465 492 2626 546 llelirc
2667 491 2837 545 vidum
2868 491 3084 546 domum
3125 492 3350 562 ingressi
3400 507 3598 548 novum

2005 587 2288 656 quemdam
2316 595 2368 639 ct
2411 583 2777 637 admirabilem
2821 581 3094 659 ubertatis
3122 598 3350 636 annona:
3381 583 3599 637 modum

2006 677 2297 732 intulerunt
2324 676 2414 746 (5.
2443 674 2568 744 Reg.
2591 674 2656 729 l7
2678 671 2720 746 ).
2745 673 2929 728 Vidua:
2949 672 3165 726 domutn
3195 673 3245 726 in
3271 687 3455 742 agrum
3477 689 3604 728 con-

2003 767 2184 832 vertit,
2223 775 2277 821 et
2319 765 2560 836 byth-iam
2607 764 2660 818 in
2706 779 2907 819 aream.
2955 763 3160 817 Novum
3199 762 3467 832 quoddam
3508 779 3596 818 sc-

2005 858 2197 914 tnetttis
2249 871 2313 910 ac
2351 856 2540 910 messis
2591 871 2756 923 genus
2790 863 2915 908 tunc
2951 854 3236 923 apparuit:
3266 853 3317 906 in
3367 867 3428 907 os
3466 852 3597 922 justi

2002 963 2186 1005 semen
2207 947 2459 1017 jactabat,
2489 958 2677 1015 etquae
2707 955 2818 1000 sata
2845 945 3053 1000 fuerant
3089 945 3254 998 multa
3287 959 3408 998 cum
3432 945 3595 998 uber-

2003 1049 2110 1094 tate
2133 1056 2197 1095 ex
2222 1038 2406 1110 hydria
2428 1039 2691 1092 metebat:
2712 1037 3005 1090 semiuabat
3032 1036 3276 1100 farinam,
3301 1044 3355 1089 et
3372 1034 3592 1088 farinam

2000 1131 2262 1195 metebat;
2296 1145 2401 1184 non
2432 1129 2653 1199 indiguit
2705 1128 2894 1192 bobus,
2929 1136 2984 1180 et
3022 1126 3170 1196 jugo,
3199 1135 3256 1180 et
3297 1133 3497 1192 aratro,
3539 1135 3595 1178 et

2001 1223 2172 1289 sulco,
2199 1236 2299 1276 nec
2324 1221 2500 1291 pluvia
2521 1229 2576 1275 et
2602 1235 2726 1275 aere
2754 1234 2816 1273 ac
2865 1217 3017 1284 falce,
3062 1233 3162 1272 nee
3183 1230 3307 1271 area
3336 1225 3392 1272 et
3416 1217 3593 1270 mani-

2002 1315 2158 1385 pulis,
2191 1329 2365 1384 neque
2388 1315 2582 1378 ventis,
2613 1312 2700 1382 qui
2725 1312 2903 1382 paleas
2941 1325 2969 1364 a
2990 1311 3170 1381 granis
3199 1309 3590 1374 discernerent,

1999 1421 2174 1476 neque
2214 1406 2376 1472 mola,
2429 1419 2548 1474 quae
2603 1411 2848 1458 tereret:
2883 1401 2977 1457 sed
3017 1417 3123 1455 uno
3167 1400 3422 1470 temporis
3473 1414 3591 1455 mo-

1999 1505 2184 1552 mento
2214 1497 2266 1551 in
2301 1495 2490 1568 hydria
2539 1496 2698 1552 finem
2726 1494 2965 1549 omnium
3011 1495 3235 1548 istorum
3267 1493 3467 1547 invenit
3491 1511 3505 1546 :
3529 1507 3593 1546 ac

1997 1588 2132 1645 duos
2161 1589 2353 1654 fontes,
2382 1605 2545 1643 unum
2577 1587 2784 1656 farina},
2807 1587 3031 1642 alterum
3063 1587 3165 1642 olei
3187 1602 3292 1640 vox
3315 1583 3591 1656 propheta:

1997 1695 2264 1750 perennes
2291 1679 2494 1734 ell‘udit.

2070 1771 2156 1825 14.
2186 1770 2331 1824 Talia
2369 1778 2493 1824 sunt
2535 1768 2674 1824 dona
2720 1777 3050 1834 sanctorum,
3111 1777 3165 1822 et
3195 1767 3489 1821 ubertatem
3538 1776 3590 1821 et

1997 1862 2303 1918 facilitatem
2326 1863 2594 1933 ingentem
2619 1866 2670 1919 in
2698 1878 2756 1919 se
2777 1863 3073 1918 continent.
3110 1861 3242 1916 Nam
3263 1876 3326 1915 ea
3353 1859 3590 1930 quidem,

1995 1970 2114 2023 quae
2133 1953 2490 2026 decerpuntur
2509 1971 2540 2010 e
2573 1964 2732 2022 terra,
2761 1964 3149 2010 consumuntur
3173 1970 3186 2006 :
3211 1961 3268 2007 at
3296 1952 3373 2007 illi
3416 1949 3590 2006 fontes

1997 2046 2172 2102 hausti
2214 2043 2475 2118 quotidie,
2521 2066 2628 2103 non
2657 2048 3140 2111 exhauriebantur,
3173 2044 3266 2100 sed
3307 2060 3427 2099 cum
3462 2044 3588 2109 illis,

1994 2141 2084 2212 qui
2128 2141 2491 2209 evacuabant,
2537 2143 2649 2212 pari
2695 2155 2950 2198 successu
2995 2140 3262 2211 scaturigo
3303 2139 3595 2210 pugnabat.

1994 2233 2139 2288 Talia
2169 2242 2312 2301 sunt,
2343 2250 2461 2304 qua:
2503 2246 2809 2289 sanctorum
2839 2232 3005 2303 pedes
3045 2231 3358 2302 largiuntur,
3381 2231 3461 2286 vel
3491 2246 3587 2299 po-

1994 2325 2100 2380 tius
2130 2326 2212 2380 his
2242 2326 2410 2380 multo
2437 2325 2584 2395 plura
2610 2343 2623 2378 :
2655 2340 2718 2379 ac
2748 2324 2849 2379 nisi
2894 2325 3047 2378 fieret
3099 2322 3357 2392 prolixior
3385 2322 3575 2381 oratio,

1992 2417 2158 2472 multa
2203 2416 2466 2487 ejusmodi
2510 2416 2652 2471 dona
2681 2414 3013 2470 numerando
3056 2428 3449 2485 percenserem.
3481 2413 3584 2467 Sed

1990 2507 2439 2576 quemadmodum
2492 2508 2527 2562 ii
2561 2508 2654 2578 qui
2724 2507 2982 2561 honorem
3011 2505 3117 2559 illis
3142 2504 3410 2572 deferunt,
3461 2504 3585 2559 talta

1989 2601 2126 2655 dona
2155 2611 2555 2672 consequuntur
2587 2618 2600 2654 :
2632 2601 2701 2655 ita
2732 2601 2821 2672 qui
2843 2600 3162 2670 despiciunt,
3207 2613 3456 2668 magnum
3478 2596 3580 2651 sibi

1987 2691 2305 2761 supplicium
2333 2701 2387 2746 et
2424 2691 2783 2746 inevitabilem
2816 2690 2993 2761 ignem
3024 2697 3324 2744 accersunt.
3349 2686 3502 2743 Unde
3529 2687 3581 2741 id

1987 2782 2240 2837 constat?
2263 2781 2402 2837 Audi
2438 2781 2712 2838 Christum
2759 2783 2931 2852 ipsum
2970 2781 3237 2836 dicentem
3265 2778 3580 2848 discipulis:

1986 2874 2052 2930 In
2079 2893 2444 2947 quamcumque
2470 2877 2740 2941 civitatem,
2782 2883 2868 2928 aut
2902 2875 3108 2929 domum
3151 2872 3472 2938 intrat'eritis,
3502 2872 3581 2925 in-

1985 2977 2233 3038 terrogate
2253 2968 2362 3038 quis
2379 2968 2430 3021 in
2457 2985 2517 3022 ea
2538 2963 2721 3038 dignus
2749 2967 2832 3034 sit,
2861 2977 2906 3021 et
2933 2967 2999 3020 ibi
3018 2975 3230 3028 manete.
3263 2976 3309 3019 et
3336 2967 3582 3019 intrantes

1983 3060 2149 3127 dicite,
2176 3059 2295 3115 Pas;
2319 3061 2434 3114 huic
2450 3060 2621 3114 domui
2643 3059 2858 3130 (Matth.
2884 3059 2970 3114 10.
2997 3059 3083 3113 ll.
3100 3057 3287 3128 12).Ut
3310 3056 3452 3112 enim
3471 3073 3578 3111 non

1980 3151 2146 3218 dicas,
2176 3151 2435 3207 Pecunias
2469 3150 2735 3223 expende,
2767 3150 3044 3206 facultates
3073 3163 3312 3215 assumo,
3339 3147 3466 3203 dum
3487 3163 3580 3219 pc-

1982 3243 2208 3313 regrinis
2239 3258 2478 3298 mensam
2510 3257 2740 3313 appono,
2775 3241 2938 3296 efficit
2969 3251 3024 3294 ut
3071 3241 3160 3294 ille
3189 3241 3323 3310 ipse,
3354 3240 3444 3309 qui
3474 3240 3574 3293 do-

1980 3351 2125 3388 mum
2170 3335 2354 3401 intrat,
2404 3337 2550 3404 prior
2582 3333 2678 3389 tibi
2728 3335 2866 3388 dona
2921 3333 3198 3402 hospitalia
3249 3347 3575 3402 muneraque

1979 3426 2254 3496 largiatur,
2297 3443 2414 3497 qua:
2439 3427 2650 3481 divitias
2687 3441 2877 3480 omnes
2922 3433 3268 3494 exsuperant.
3317 3423 3573 3492 Quantam

1977 3519 2064 3572 i'la
2091 3533 2248 3588 porro
2271 3528 2392 3572 sunt
2412 3517 2435 3569 ‘l
2457 3517 2607 3572 Pacis
2633 3517 2955 3586 largitatem.
2979 3516 3119 3571 Nihil
3141 3515 3282 3570 enim
3299 3526 3402 3581 est,
3427 3515 3572 3585 quod

1974 3625 2092 3664 cum
2126 3610 2212 3663 illa
2244 3608 2474 3664 conferri
2508 3609 2693 3678 possit.
2723 3609 2880 3663 Vides
2908 3615 3102 3678 quanta
3134 3621 3254 3662 cum
3287 3621 3448 3677 opum
3488 3601 3569 3657 af-

1975 3700 2188 3756 fluentia
2229 3710 2446 3755 sanctus
2461 3699 2677 3754 domum
2699 3699 2966 3754 introeat?
2989 3698 3100 3753 lloc
3117 3699 3333 3753 verbum
3349 3695 3565 3766 quidem

1973 3793 2172 3846 nudum
2195 3801 2296 3855 est,
2333 3801 2386 3845 at
2413 3791 2740 3846 infinitorum
2777 3791 3038 3844 bonorum
3065 3797 3150 3844 est
3171 3789 3404 3844 occasio.
3428 3786 3564 3854 Quid

1970 3885 2110 3938 enim
2139 3898 2200 3938 ea
2219 3883 2378 3936 domo
2401 3883 2563 3937 tutius
2589 3883 2808 3952 reperiri
2829 3882 3012 3951 possit,
3029 3895 3147 3951 quae
3167 3895 3299 3950 pace
3324 3877 3566 3933 fruatur?

1969 3979 2137 4034 Porro
2151 3977 2254 4033 illis
2270 3996 2297 4032 a
2316 3976 2506 4049 quibus
2526 3974 3048 4044 excipiuntur,sancti
3064 3988 3244 4044 pacem
3261 3981 3565 4042 precantur,

1969 4087 2204 4126 noncum
2219 4071 2444 4125 invicem
2463 4078 2662 4124 tantum
2673 4067 2785 4135 ,sed
2799 4082 2917 4122 cum
2932 4065 3087 4122 nobis
3101 4063 3410 4135 ipsis.S:cpe
3423 4078 3564 4118 nam-

1967 4179 2071 4234 que
2093 4163 2171 4231 fit,
2200 4172 2255 4218 ut
2280 4179 2508 4233 pugnam
2529 4163 2581 4216 in
2600 4161 2798 4216 nostris
2812 4158 3222 4229 cogitationibus
3243 4156 3561 4220 sentiamus,

1967 4265 2022 4310 et
2043 4255 2258 4310 nemine
2284 4254 2659 4324 interpellante
2674 4253 2969 4319 turbemur,
2993 4251 3216 4322 atquein
3231 4265 3328 4306 nos
3341 4248 3557 4304 assidue

1968 4363 2145 4417 prava:
2174 4347 2490 4417 cupiditates
2517 4347 2815 4416 iusurgant.
2848 4345 2912 4398 Et
2958 4344 3096 4398 hanc
3145 4342 3304 4413 igitur
3329 4356 3558 4412 pugnam

1967 4440 2186 4494 verbum
2217 4439 2345 4494 illud
2375 4449 2682 4494 sanctorum
2710 4437 2881 4504 sedat,
2911 4452 2973 4491 ac
3002 4437 3225 4490 multam
3256 4435 3399 4490 intus
3421 4446 3556 4490 tran-

1964 4531 2278 4600 quillitatem
2305 4539 2474 4584 creat.
2507 4529 2639 4584 Nam
2679 4529 2836 4584 simul
2865 4537 3028 4597 atque
3059 4527 3307 4598 loquutus
3331 4534 3416 4581 cst
3446 4527 3555 4592 ille,

1963 4621 2225 4677 diabolica
2255 4629 2446 4691 cuncta
2473 4621 2746 4692 cogitatio,
2801 4633 3131 4689 pravumque
3175 4617 3460 4673 consilium
3491 4633 3560 4675 ex

1960 4716 2140 4770 animo
2192 4723 2376 4768 nostro
2405 4712 2852 4782 cxsulat:itaque
2905 4710 3105 4780 majora
3154 4707 3350 4779 recipis
3392 4723 3556 4781 quam

1964 4807 2227 4878 largiaris.
2260 4805 2326 4859 Et
2349 4807 2390 4861 si
2417 4805 2619 4876 quidem
2647 4819 2754 4871 vos,
2808 4803 2997 4874 inquit,
3043 4805 3342 4874 receperint,
3390 4803 3555 4857 ueniat

1963 4916 2065 4969 pax
2079 4915 2231 4968 super
2273 4898 2387 4952 illos
2414 4915 2431 4951 :
2463 4898 2505 4952 si
2533 4913 2649 4950 vero
2677 4913 2777 4950 non
2803 4896 3098 4966 receperint,
3131 4895 3348 4950 ercutitc
3383 4895 3557 4967 pulve-

1959 5008 2063 5046 rem
2088 4991 2274 5060 pedum
2302 4998 2596 5043 vestrorum.
2629 4989 2786 5042 Amen
2804 4989 2916 5042 dico
2942 4989 3100 5056 vobis,
3125 4987 3432 5044 tolerabilius
3458 4989 3553 5042 erit

1958 5091 2105 5136 terra
2147 5079 2485 5135 Sodomorum
2521 5089 2564 5134 et
2596 5077 2892 5136 Gomorrhw
2918 5080 2971 5134 in
2996 5079 3078 5135 die
3119 5081 3230 5149 illa,
3280 5097 3431 5152 quam
3476 5082 3554 5134 illi

1957 5175 2144 5229 civitati
2173 5175 2190 5245 (
2220 5173 2407 5227 Matth.
2457 5174 2542 5228 10.
2595 5174 2781 5229 lli-lii
2809 5175 2849 5246 ).
2883 5173 3045 5230 Vides
3074 5183 3327 5245 quantum
3371 5173 3548 5244 ignem

1954 5267 2193 5337 despecti
2237 5267 2402 5336 pedes
2432 5276 2740 5321 sanctorum
2787 5267 3128 5322 accumulent
3155 5275 3207 5320 et
3233 5265 3548 5320 attrahant?

1953 5358 2240 5430 Propterea
2287 5358 2460 5428 jubet,
2487 5367 2545 5413 ut
2588 5375 2684 5414 eos
2703 5359 2962 5422 lavemus,
3003 5366 3059 5411 ut
3088 5373 3208 5410 cum
3240 5371 3335 5412 eos
3361 5364 3549 5411 nostro

1954 5454 2249 5508 ministerio
2291 5453 2680 5518 curaverimus,
2732 5452 2952 5506 multam
2987 5448 3142 5503 nobis
3193 5449 3334 5518 apud
3376 5448 3544 5503 Deum

1951 5547 2239 5601 concilient
2274 5545 2494 5615 gratiam
2526 5561 2539 5597 :
2573 5543 2839 5612 simulque
2865 5555 2964 5596 nos
2991 5541 3118 5596 illud
3157 5540 3259 5597 hac
3296 5541 3543 5596 admoni-

1950 5638 2094 5694 tione
2122 5636 2300 5698 doeet,
2324 5645 2380 5690 ut
2408 5633 2783 5706 hospitalitatis
2803 5647 2966 5703 opera
2998 5648 3093 5703 per
3120 5647 3216 5687 nos
3239 5632 3338 5703 ipsi
3364 5634 3541 5687 omnia

1949 5742 2312 5784 exerceamus.
2339 5726 2554 5781 Imitare
2583 5724 2968 5790 Abrahamum,
2992 5724 3096 5778 illia
3128 5723 3269 5778 illius
3299 5722 3413 5786 fias,
3442 5725 3530 5792 qui

1948 5829 2214 5879 trecentos
2239 5818 2420 5873 decem
2451 5827 2502 5872 et
2529 5825 2650 5871 octo
2669 5816 2982 5873 vernaculos
3003 5831 3122 5874 cum
3155 5815 3396 5884 haberet,
3423 5817 3538 5884 ip-e
