2031 3215
257 205 307 233 555

256 274 315 291 cum
333 273 415 293 uxore
432 265 545 294 fructum
560 266 749 300 hospitalitatis
764 267 876 301 partitus
889 272 939 297 est.
956 271 983 294 et
998 268 1053 301 ipse

256 311 362 344 quidem
378 312 486 337 vitulam
499 311 645 344 :tdﬁ-rehat,
660 312 704 338 ilht
720 320 785 340 vero
797 312 908 339 farinam
922 312 1052 346 pinsebat.

257 357 310 384 Ilus
325 361 351 384 ttt
366 364 472 392 quoque
486 357 613 384 :emulare
630 366 636 383 :
652 365 704 384 non
727 358 799 385 enim
821 358 908 384 solutn
929 358 1055 392 pecunias

256 410 377 436 erogare,
401 401 447 428 sed
473 402 553 429 etiam
577 403 736 436 pauperibus
763 403 918 430 ministrare
945 405 1054 429 multant

257 448 407 475 mercedem
433 448 546 475 obtittet.
563 448 707 484 Propterea
730 449 809 476 etiam
824 449 937 484 apostoli
954 454 1054 484 sel-tvm

257 494 317 519 illos
335 495 360 520 in
376 494 472 529 quibus
495 495 658 529 Stephanus,
671 495 803 529 ejusmodi
824 496 972 522 ministerio
986 505 1055 530 pne-

257 540 379 567 l'cecrunt
395 541 460 576 (Act.
477 542 515 576 6).
530 542 646 569 Tatnrbi
660 542 723 568 nihil
739 543 774 568 illi
787 542 820 569 dc
836 550 884 569 suo
896 542 1056 576 ίκιυριλιίιιιις

256 586 413 620 erogabant,
430 586 477 614 sed
491 587 524 614 ab
538 587 597 613 aliis:
608 588 668 613 data
690 594 760 614 recte
776 588 968 622 dispetrabant
982 598 987 613 :
1001 596 1057 614 tui—

256 639 336 665 gnam
346 636 433 660 tamen
442 633 556 660 retulere
567 633 727 666 mercedem,
737 634 807 667 quod
819 642 832 660 a
845 635 947 661 ClL'lﬁ‘rIn
961 635 1012 661 coll
1023 639 1055 661 .ta

258 682 331 705 tecte
344 678 538 713 diligenterque
551 680 746 713 dispensarent.

296 723 340 750 I5.
356 722 518 754 Pauperibus
530 724 714 751 inserviendum
728 729 811 752 cst.—
825 725 890 752 Esto
905 731 931 752 ttt
946 733 1052 760 qltoque

260 772 349 794 rerum
365 772 468 794 tuaruttt
484 768 568 795 bonus
592 770 762 804 dispensator
774 791 781 803 ,
804 776 831 797 ιιι
856 771 987 805 duplicem
1004 770 1056 797 frti-

259 818 332 840 ctnm
346 813 471 847 accipias,
487 814 598 848 etquod
612 823 714 850 eroges,
732 820 758 842 et
774 814 844 850 qttod
861 821 933 842 recte
948 816 1054 849 dispen-

260 865 315 884 ses.
331 854 386 885 Nec
408 862 434 885 te
449 858 544 892 pudeat
560 868 639 887 tuantt
655 865 697 887 tua
719 861 828 896 pauperi
845 861 981 888 inservire.
1000 862 1056 888 Non

260 903 524 931 ct‘tleSCllCIlrISlllS
542 913 590 940 per
611 914 753 941 pauperem
775 915 881 933 manum
900 907 1055 940 extendere,

261 953 340 983 atque
359 950 495 985 accipere,
511 956 537 977 tu
555 959 617 978 vero
632 959 739 979 manum
761 952 906 979 extendere
920 961 951 980 ac
968 953 1056 987 largiri

262 995 402 1027 pecuniam
426 995 584 1023 erubescis?
600 996 662 1030 Quis
685 997 735 1024 hac
761 1002 888 1024 extrema:
920 998 1058 1025 t‘cnloltlbt‘,

261 1041 364 1068 lacinns
396 1049 457 1069 esse
487 1050 540 1069 non
570 1043 663 1070 dicat?
684 1044 770 1071 Umttn
799 1044 885 1072 solunt
909 1049 950 1072 est
974 1045 1059 1079 pudor

260 1092 286 1113 ct
324 1088 485 1122 ignominia,
511 1090 627 1124 nequitia
656 1099 750 1125 nempe
780 1096 806 1118 et
840 1091 983 1118 crudelitas
1019 1097 1058 1119 at-

265 1142 317 1168 que
340 1134 518 1162 inhumanitas
545 1145 550 1161 ε
578 1137 690 1163 comitas
727 1141 833 1168 autem,
861 1138 1055 1173 eleetuosyna,

262 1184 287 1204 ct
318 1179 485 1212 humanitas,
512 1189 543 1208 ac
571 1182 731 1216 pauperibus
757 1184 908 1210 ministrare
931 1184 1058 1211 clariores

261 1233 309 1252 nos
333 1226 414 1253 ellieit
446 1227 550 1261 Quanto
578 1230 648 1256 enitn
671 1229 750 1256 ditior
775 1238 802 1256 cs
825 1238 856 1257 ac
878 1231 1035 1265 loettpletior
1050 1252 1056 1264 ,

261 1276 336 1299 tanto
360 1277 384 1299 te
410 1275 492 1308 magis
515 1283 608 1302 omnes
638 1275 800 1310 lattdabttttt,
829 1285 889 1304 cum
917 1277 950 1304 ad
980 1286 1057 1305 tuen-

259 1317 334 1345 dicos
359 1325 384 1346 et
414 1320 478 1347 \IiCS
503 1326 527 1347 te
551 1320 691 1348 demiseris
716 1330 723 1349 :
749 1331 833 1357 neque
856 1323 942 1350 solum
968 1323 1056 1350 homi-

260 1370 325 1395 nes,
349 1364 396 1391 sed
421 1366 500 1393 ctiam
529 1367 634 1402 angeli,
660 1372 687 1395 et
714 1368 840 1395 Dominus
866 1369 1022 1403 angelorum
1050 1379 1056 1395 :

261 1417 310 1437 nec
337 1410 455 1438 lattdabit
482 1412 579 1445 solum,
597 1413 643 1440 sed
662 1418 689 1440 et
716 1414 811 1448 duplici
836 1415 946 1449 prremio
967 1423 1057 1442 remu-

260 1457 407 1485 nerabitur.
427 1459 482 1486 Non
504 1460 575 1487 enim
596 1460 774 1496 elcetnosynte
795 1465 895 1488 tantum
912 1482 919 1494 ,
941 1461 988 1489 sed
1010 1461 1059 1488 Itu-

261 1502 381 1530 tnilitatis
404 1504 484 1531 etiam
511 1506 620 1532 multam
646 1506 693 1533 tibi
712 1506 861 1533 mercedem
887 1507 1056 1542 praeparabit.

260 1548 299 1575 Ne
322 1550 401 1585 igitur
422 1550 447 1577 in
464 1558 594 1585 pauperes
610 1551 751 1578 ministerii
767 1560 815 1579 tios
839 1552 954 1587 pudeat,
972 1561 1058 1587 neqtte

262 1596 462 1628 peregrinorum
475 1596 564 1624 lavare
576 1597 656 1631 pedes
670 1605 823 1624 recusemus
836 1607 841 1624 :
857 1598 1058 1625 sanctiﬁcaulttr

261 1643 330 1668 t-nitn
347 1642 390 1669 tali
406 1643 532 1670 famulatu
554 1652 648 1671 tttauus
664 1649 782 1676 nostr-.e;
799 1644 870 1679 quod
891 1645 912 1671 si
929 1649 988 1679 post
1009 1646 1058 1672 mi-

261 1688 398 1714 Itislttl‘Iuttl
419 1688 483 1715 illttd
502 1689 534 1715 ad
556 1690 705 1717 orationem
732 1690 791 1717 illas
814 1690 983 1723 extenderis,
1007 1691 1058 1718 illis

260 1734 375 1768 aspectis
397 1734 501 1761 facilius
525 1740 654 1762 exoratur
678 1736 746 1763 Deus
761 1756 768 1769 ,
786 1741 812 1763 ct
839 1736 969 1771 postulata
995 1744 1058 1763 con-

260 1779 340 1806 cedit.
352 1779 417 1806 Natn
429 1781 554 1814 pecunias
565 1781 673 1816 quidem
687 1789 797 1816 erogare
809 1786 920 1816 possunt
931 1782 1036 1816 plurimi
1051 1791 1057 1809 :

262 1833 309 1860 per
325 1833 353 1852 se
367 1835 430 1853 vero
446 1827 604 1861 pauperibus
621 1828 749 1856 inservire
760 1850 767 1861 ,
783 1834 809 1855 et
825 1836 885 1855 cum
903 1829 985 1856 animi
1001 1830 1057 1857 ala-

261 1872 369 1904 critate,
386 1877 412 1899 et
424 1873 534 1900 caritate
546 1895 552 1906 ,
569 1882 600 1901 ac
617 1874 734 1902 fraterno
752 1883 844 1902 amore
859 1875 885 1902 id
898 1883 987 1910 agere,
1001 1884 1057 1902 ma—

260 1926 313 1951 gno
328 1919 428 1954 indiget
443 1920 541 1951 animo,
553 1926 578 1947 cl
590 1920 757 1956 philosnphia
774 1922 895 1955 prtedito.
908 1923 993 1957 Atque
1008 1923 1059 1950 hoc

261 1965 325 1992 illud
341 1971 391 1995 est.
407 1966 476 2001 quod
493 1968 611 1994 omnium
628 1968 741 1995 maxime
752 1968 849 1996 Paulus
862 1969 982 2004 requirit,
998 1976 1058 1996 cum

261 2012 300 2039 eis
312 2032 318 2043 ,
333 2013 376 2046 qui
393 2012 572 2046 tribulatione,
589 2020 742 2049 paupertate.
764 2020 786 2041 rt
804 2016 980 2042 incommodis
997 2024 1058 2050 pre-

261 2063 382 2090 muntur,
397 2059 511 2093 coutpati
523 2060 607 2093 jubet,
627 2061 701 2095 quasi
716 2062 740 2088 in
763 2062 839 2088 malis
852 2062 952 2089 eisdem
970 2071 1060 2089 verse-

264 2111 342 2130 mur:
364 2103 467 2138 I'inctis,
485 2105 579 2140 inquit,
594 2110 720 2141 tamquam
736 2107 813 2133 simul
824 2107 900 2134 vincti
912 2109 920 2142 (
934 2108 999 2135 Πρὸ.
1016 2109 1057 2135 15.

262 2150 300 2186 5).
316 2150 400 2184 Quam
416 2151 449 2178 ob
461 2159 567 2179 causam
584 2159 636 2179 non
653 2152 696 2180 hic
709 2153 795 2180 Solum
810 2154 957 2180 orationem
971 2156 1061 2181 termi-

263 2197 356 2230 navit,
372 2197 418 2225 sed
435 2202 461 2224 et
476 2197 545 2224 aliud
561 2197 658 2232 adjecit
676 2207 682 2225 :
706 2197 738 2225 Si
754 2198 939 2226 tribulationem
961 2200 1060 2233 patien-

263 2243 328 2271 tibus
348 2244 555 2276 subministravit,
570 2244 592 2270 si
614 2253 687 2271 omne
707 2253 770 2279 opus
790 2245 881 2271 bonum
901 2250 994 2271 sec/(tta
1022 2250 1058 2271 est

266 2290 302 2324 (I.
319 2289 384 2316 Tim.
400 2290 425 2317 5.
442 2289 496 2326 I0).
510 2290 577 2324 Quid
592 2295 641 2323 est,
655 2290 684 2318 Si
698 2300 770 2318 omne
783 2300 845 2326 opus
861 2291 951 2318 bonum
967 2297 1061 2319 sectam

263 2335 320 2362 est?
333 2335 369 2362 Ita
381 2340 409 2363 ttt
422 2336 500 2363 etiattt
518 2337 542 2362 in
559 2344 694 2364 carcerem
709 2337 838 2369 introiret,
855 2344 886 2363 ac
902 2337 1004 2364 vim-tos
1020 2337 1061 2364 itt-

264 2382 373 2415 viseret,
386 2387 411 2410 et
424 2387 539 2418 a-grotos
554 2383 682 2415 visitaret,
700 2388 726 2410 et
741 2387 875 2410 recrearet
889 2383 1002 2410 afﬂictos
1012 2404 1018 2416 ,
1036 2388 1062 2410 et

265 2433 410 2455 ntmrentes
426 2429 626 2462 consolaretur,
643 2433 669 2456 et
686 2436 855 2464 quecutuque
870 2429 948 2455 tundo
961 2433 1059 2463 posset,

263 2478 359 2501 cuncta
374 2475 570 2510 suppeditaret,
587 2483 617 2503 ac
632 2475 697 2502 nihil
712 2476 821 2502 omnino
839 2475 999 2502 detrectaret
1017 2484 1063 2502 eo-

265 2527 335 2550 rum.
352 2527 411 2554 qu:e
425 2519 456 2546 ad
471 2520 584 2547 salutem
601 2528 631 2548 ac
644 2520 768 2547 solatium
784 2525 935 2548 nostrorum
952 2521 1061 2547 fratrum

265 2566 439 2602 pertinerent.
453 2565 527 2599 Quod
548 2566 569 2592 si
593 2574 607 2592 a
626 2566 735 2593 muliere
753 2567 828 2592 vidua
854 2572 905 2592 tam
922 2567 1002 2592 tmtlta
1018 2575 1061 2593 re-

264 2613 352 2648 quirat
374 2612 443 2640 bona
460 2620 558 2647 opera,
574 2620 625 2647 qua
640 2620 689 2639 nos
708 2613 880 2639 excusatione
904 2613 1007 2638 censeri
1023 2612 1064 2638 tli-

264 2667 331 2695 gnos
346 2668 451 2696 aequum
466 2660 526 2693 erit,
539 2659 651 2694 quicum
663 2660 713 2687 viri
725 2660 819 2693 simus,
833 2667 864 2687 ea
878 2668 930 2687 non
943 2668 1062 2694 :tgzttnlh‘,

264 2715 325 2742 qua:
339 2707 496 2735 mulieribus
509 2708 607 2735 Paulus
620 2707 722 2742 agenda
739 2706 920 2742 prmscripsit?
940 2706 991 2733 Sed
1008 2707 1062 2733 for-

266 2759 337 2781 tasse
351 2753 423 2781 dicet
439 2754 552 2789 aliquis:
568 2754 626 2787 Quo
648 2752 754 2781 tandem
772 2758 849 2787 pacto
867 2760 882 2779 a
903 2753 1012 2780 muliere
1028 2753 1064 2778 vi—

265 2798 316 2826 dua
334 2802 433 2826 laniatu
446 2799 609 2834 diligentiam
627 2799 746 2834 requirit,
761 2807 820 2827 eunt
836 2807 900 2826 vero
911 2799 943 2827 de
957 2799 1064 2834 virgini-

265 2850 321 2873 tate
340 2845 486 2879 scriberet,
503 2845 569 2874 nihil
591 2847 644 2874 tale
664 2846 788 2882 loquutus
802 2847 864 2875 est?
880 2847 919 2874 Ac
936 2847 1063 2883 tuajurcut

265 2891 373 2924 quidem
396 2890 438 2918 his
457 2891 653 2927 philosophiam
676 2893 710 2921 ab
731 2893 795 2929 ipsis
810 2894 906 2930 exegit.
923 2893 988 2921 Nam
1004 2902 1063 2922 Clllll

269 2935 333 2963 dicit
346 2944 352 2962 :
369 2935 457 2962 Diriso
477 2942 511 2963 est
534 2945 597 2964 uxor
618 2943 640 2965 et
655 2939 724 2974 virgo
739 2947 746 2966 :
761 2943 797 2974 et,
811 2940 873 2973 Qua'
894 2940 1000 2976 innupta
1015 2946 1061 2975 cst,

667 208 805 237 JOANNIS
820 207 1058 236 (IIIIlYSOSTOEII
1079 208 1235 237 Alillllilll'.
1256 211 1526 242 CONSTANTINOP.
1855 214 1900 241 335

1108 268 1216 295 sollicita
1229 273 1264 295 est
1280 270 1310 296 de
1323 270 1353 297 iis
1364 292 1370 301 ,
1385 279 1441 306 qua:
1457 276 1514 298 sunt
1530 271 1648 305 Domini,
1663 272 1789 307 quomodo
1809 272 1902 306 ριατιιιι

1109 311 1236 345 Domino;
1259 319 1283 341 et
1307 323 1397 342 rursus
1415 325 1422 343 :
1440 316 1495 343 Hoc
1515 322 1597 343 autem
1611 317 1668 343 dico
1682 322 1787 352 propter
1800 317 1828 343 id
1839 318 1902 352 quod

1108 358 1239 386 honestum
1253 365 1288 387 est
1299 382 1305 391 .
1324 366 1347 388 ot
1362 363 1431 397 quod
1447 363 1594 398 facultatem
1608 364 1717 398 pra'beat
1732 364 1787 390 sine
1800 363 1902 397 impedi-

1109 409 1192 431 mento
1209 404 1344 433 Dominum
1357 407 1505 435 obscermuli
1526 409 1570 444 (ί.
1587 408 1646 435 Car.
1663 409 1744 436 7.5L
1760 409 1807 442 55)
1821 418 1827 435 :
1843 409 1903 435 nihil

1109 448 1180 475 aliud
1196 458 1242 484 per
1258 451 1314 478 lucc
1330 452 1461 486 signiﬁcat
1472 474 1479 485 ,
1501 453 1550 479 nisi
1566 454 1712 488 virginem,
1728 461 1788 488 qua:
1802 454 1903 481 secula-

1110 495 1184 522 ribus
1200 497 1312 530 negotiis
1327 499 1451 525 omnibus
1466 500 1588 527 nuntium
1604 499 1687 527 semel
1704 500 1848 532 remiserit,
1863 505 1904 526 to-

1111 544 1164 567 tam
1185 542 1301 569 auituam
1323 551 1482 571 consecrare
1499 545 1552 572 Deo
1569 549 1694 579 0p0ttere
1706 565 1714 577 ,
1731 553 1816 580 neque
1830 545 1903 580 quid.

1110 593 1188 619 qttant
1200 586 1299 614 habere
1314 596 1456 616 commune
1470 597 1531 616 cum
1546 595 1627 622 terra,
1640 598 1689 617 nec
1700 591 1842 625 aliquando
1854 591 1903 623 his,

1110 630 1252 665 aliquando
1266 633 1318 659 illis
1334 641 1439 667 vacare,
1452 635 1498 661 scd
1514 643 1574 662 cum
1590 636 1615 662 In
1631 636 1783 662 universum
1798 636 1849 662 illis
1858 637 1904 663 ab-

1111 677 1286 710 renunt‘arit,
1302 683 1385 705 tntum
1402 680 1427 706 itt
1447 688 1489 707 res
1504 681 1656 714 spirituales
1671 681 1770 708 debere
1790 682 1903 708 studium

1110 728 1187 748 suum
1213 722 1376 757 impendere.
1393 725 1463 752 Sane
1487 726 1593 760 quidem
1613 726 1669 761 ipsa
1690 734 1795 762 quoque
1812 727 1903 754 decem

1111 764 1241 798 virginum
1257 767 1381 800 parabola
1394 767 1469 794 nobis
1483 767 1534 794 Itoc
1547 768 1631 802 ipsutn
1641 769 1786 795 declaravit
1798 769 1902 803 (Mat/lt.

1110 808 1174 844 ‘25).
1192 809 1265 837 IIanc
1287 812 1410 839 nimirum
1431 813 1464 840 ob
1487 821 1595 840 causam
1620 814 1739 842 conclavi
1754 815 1845 849 sponsi
1858 823 1903 841 ex-

1111 856 1192 883 clusae
1206 861 1284 890 sunt,
1301 858 1371 893 quod
1394 859 1481 886 oleutn
1499 867 1551 886 non
1568 860 1698 887 haberent
1713 869 1720 887 :
1735 860 1823 888 oleum
1844 868 1905 888 vero

1112 901 1177 928 nihil
1201 902 1272 929 aliud
1297 909 1353 936 est,
1367 913 1446 939 quatn
1470 905 1655 933 misericordia
1675 911 1701 933 et
1717 906 1904 942 eleemosytta,

1112 946 1278 982 benignitas,
1294 954 1320 976 et
1342 951 1492 977 sublevatio
1512 959 1605 978 eorttm
1628 953 1673 986 qui
1689 952 1823 986 patiuntur
1839 953 1905 987 inju-

1112 993 1196 1025 riatn,
1213 999 1239 1021 ct
1262 1003 1354 1022 eorum
1376 997 1420 1031 qui
1443 997 1536 1025 dolore
1561 1003 1719 1033 premuntur
1736 999 1906 1026 consolatio:

1112 1040 1181 1074 quod
1197 1049 1256 1067 etnn
1272 1042 1323 1068 illis
1334 1048 1455 1076 deesset,
1472 1043 1595 1071 abierunt
1608 1044 1659 1071 illte
1670 1049 1749 1080 atque
1762 1053 1777 1072 a
1792 1045 1908 1072 thalamo

1112 1086 1281 1114 exciderunt.

1149 1132 1190 1157 Ili.
1208 1132 1247 1158 ,ΠΙ
1260 1133 1443 1168 electuosyttam
1454 1135 1645 1162 adltorlutio.—-
1657 1135 1718 1163 Ilmc
1732 1136 1809 1171 igitur
1817 1136 1906 1163 omnia

1112 1184 1171 1203 cum
1185 1179 1299 1205 sciamus
1312 1184 1338 1206 et
1355 1188 1451 1207 uxores
1466 1186 1492 1208 et
1515 1181 1563 1208 viri
1576 1202 1582 1213 ,
1597 1187 1623 1208 ct
1639 1182 1753 1216 virgines
1773 1187 1800 1209 et
1814 1183 1906 1209 matri-

1112 1224 1202 1249 monio
1219 1223 1328 1258 juncta),
1345 1229 1372 1252 et
1394 1225 1497 1258 vidua},
1517 1227 1628 1254 multum
1653 1227 1685 1254 ad
1709 1227 1906 1263 eleuatusyuaut

1112 1268 1227 1295 sttulitttn
1244 1269 1431 1303 conferamus,
1449 1280 1534 1306 neque
1555 1272 1690 1305 dicamus,
1707 1272 1752 1300 Ille
1771 1274 1907 1308 improbus

1112 1319 1171 1349 est,
1187 1321 1213 1342 et
1237 1316 1377 1351 indignus,
1394 1318 1438 1353 qui
1462 1318 1619 1346 betteﬁciunt
1641 1319 1767 1354 accipiat;
1785 1320 1829 1347 ille
1851 1320 1907 1346 ιίιίς

1112 1365 1171 1393 est,
1196 1362 1240 1388 ille
1264 1363 1394 1397 abjectus.
1410 1363 1449 1391 Ne
1471 1364 1626 1400 dignitatem
1650 1370 1755 1400 spectes
1772 1366 1849 1401 ejus,
1863 1366 1906 1400 qtti

1112 1407 1182 1434 ettltu
1198 1413 1225 1435 cl.
1238 1409 1357 1436 sub:idio
1373 1410 1483 1446 indiget,
1496 1411 1542 1438 sed
1557 1411 1672 1447 inopiam
1686 1416 1798 1438 tautttm.
1810 1412 1907 1446 Quam-

1112 1453 1152 1479 vis
1167 1454 1237 1480 enitn
1253 1454 1312 1482 vilis
1331 1459 1358 1482 et
1381 1455 1500 1491 abjectus
1520 1456 1571 1489 sit,
1587 1462 1614 1483 et
1634 1456 1774 1492 despectus
1785 1478 1792 1489 .
1812 1458 1847 1484 ita
1863 1458 1907 1485 tibi

1112 1500 1232 1528 Christus
1246 1501 1395 1529 mercedem
1408 1503 1529 1537 imputat,
1545 1510 1575 1530 ac
1588 1503 1609 1530 si
1625 1511 1671 1538 per
1683 1511 1743 1531 eutn
1757 1504 1815 1538 ipse
1830 1505 1909 1531 benc-

1112 1545 1200 1573 tieiutn
1216 1548 1374 1581 accepisset.
1388 1547 1427 1575 Ne
1450 1549 1522 1576 ettim
1536 1556 1628 1576 eorum
1638 1570 1645 1581 ,
1660 1549 1704 1584 qui
1719 1549 1856 1577 beneﬁciis
1868 1549 1908 1575 af-

1113 1592 1250 1626 ficiuniur,
1265 1593 1401 1629 dignitatis
1425 1595 1556 1623 rationem
1572 1595 1746 1628 haberemus,
1759 1596 1823 1623 audi
1846 1596 1908 1631 quid

1112 1637 1181 1664 dicat
1196 1647 1201 1664 :
1220 1638 1377 1666 Esurieutem
1391 1648 1430 1667 me
1449 1641 1546 1668 vidistis
1556 1661 1563 1675 ,
1576 1646 1599 1668 et
1613 1641 1710 1668 aluistis
1728 1640 1846 1676 (Matth.
1863 1642 1908 1668 ‘25.

1112 1683 1169 1719 55).
1188 1685 1287 1713 Deinde
1302 1693 1362 1713 cum
1377 1686 1415 1713 illi
1429 1686 1558 1721 dicerent,
1574 1687 1683 1720 Quando
1697 1692 1720 1715 ιε
1733 1688 1842 1715 vidimus
1853 1697 1910 1715 csu-

1112 1730 1227 1763 rt'cntent,
1243 1737 1266 1758 et
1277 1732 1387 1759 aluimus
1402 1732 1484 1767 (Ib.v.
1496 1733 1542 1769 37)
1553 1733 1564 1760 ?
1574 1734 1672 1768 adjecit
1685 1734 1777 1761 dicens
1791 1743 1796 1761 :
1814 1734 1911 1767 Quant-

1113 1776 1156 1802 (liu
1174 1777 1267 1811 fecistis
1282 1777 1327 1804 uni
1338 1786 1369 1805 ex
1387 1778 1426 1805 Itis
1440 1780 1533 1813 parvis,
1551 1779 1612 1806 mihi
1622 1779 1715 1815 fecistis
1728 1778 1737 1815 (
1749 1778 1790 1806 lli.
1805 1787 1828 1806 υ.
1842 1780 1878 1806 40
1889 1779 1909 1814 ).

1113 1822 1204 1857 Itaque
1218 1823 1305 1851 nullus
1319 1824 1430 1852 relictus
1444 1832 1484 1853 est
1500 1831 1652 1860 prtetexttts.
1669 1826 1806 1861 Siquidem
1822 1835 1857 1853 ne
1869 1827 1910 1853 di-

1112 1876 1173 1895 cere
1187 1877 1335 1904 possemus,
1353 1870 1401 1898 L'bi
1417 1879 1488 1898 nttnc
1501 1871 1583 1899 lIelim
1595 1872 1709 1899 similem
1723 1872 1912 1899 inveniemus?

1113 1915 1157 1942 tibi
1176 1916 1290 1943 similem
1313 1916 1431 1944 Elisreo?
1445 1917 1523 1950 item,
1543 1918 1579 1944 Da
1598 1918 1661 1944 mitti
1690 1918 1755 1945 tales
1775 1918 1865 1951 viros,
1887 1922 1912 1945 et

1112 1968 1216 1988 summa
1232 1969 1292 1989 eum
1312 1962 1393 1989 anitni
1416 1963 1555 1990 alacritate
1574 1963 1716 1997 suscipiam
1733 1963 1807 1995 illos,
1824 1971 1913 1997 neque

1113 2008 1202 2035 lavare
1218 2009 1299 2043 pedes
1312 2008 1453 2042 recusabo,
1465 2014 1491 2036 ct.
1504 2010 1575 2036 oumi
1591 2009 1739 2054 ofﬁciorum
1751 2017 1853 2044 genere
1867 2017 1913 2036 co-

1114 2055 1165 2081 lam
1183 2064 1188 2081 :
1206 2064 1240 2082 ne
1253 2056 1310 2083 lucc
1324 2056 1483 2089 diceremus,
1498 2056 1567 2091 quod
1584 2056 1666 2083 multo
1680 2056 1766 2091 majus
1781 2061 1840 2089 est,
1858 2057 1914 2091 ipse

1115 2100 1197 2128 IICIIJ}
1220 2107 1245 2129 ct
1272 2102 1357 2129 Eliszei
1379 2106 1406 2129 et
1428 2103 1615 2137 prophetarum
1640 2102 1759 2129 omnium
1784 2102 1915 2130 Dominus

1115 2156 1162 2182 per
1176 2156 1306 2183 pauperes
1325 2149 1358 2176 ad
1381 2156 1429 2175 nos
1454 2156 1483 2176 se
1507 2149 1688 2184 ingressurum
1710 2149 1833 2182 promisit
1853 2156 1914 2175 (11m

1115 2195 1181 2222 dixit.
1197 2204 1202 2221 :
1222 2196 1349 2229 Quamdiu
1365 2196 1459 2231 fecistis
1479 2196 1523 2222 uni
1545 2196 1576 2222 de
1593 2195 1632 2222 Itis
1650 2195 1760 2222 minimis
1771 2215 1779 2227 ,
1796 2194 1861 2221 mihi
1876 2196 1915 2230 fc-

1115 2242 1195 2269 cistis.

1152 2287 1268 2320 Quatuor
1280 2287 1310 2314 ob
1324 2295 1414 2315 causas
1431 2286 1526 2314 Christi
1549 2287 1650 2314 nomine
1670 2286 1796 2313 dandum.
1809 2301 1846 2306 -—
1862 2285 1915 2313 Sed

1115 2334 1185 2369 quod
1201 2334 1299 2361 dictum
1313 2339 1369 2366 est,
1387 2342 1419 2361 ne
1437 2339 1592 2369 prmtercas.
1605 2333 1673 2360 Illttd
1685 2334 1756 2361 enim
1767 2354 1774 2366 ,
1789 2333 1917 2359 Esurien-

1117 2387 1165 2407 tout
1181 2390 1218 2407 mc
1233 2381 1340 2413 aluistis,
1356 2375 1468 2416 qua'tuor
1480 2381 1588 2409 exhibet
1600 2381 1779 2415 eleeutosynte
1796 2379 1918 2407 necessi-

1116 2432 1185 2454 t.-.tes
1202 2436 1208 2453 :
1225 2427 1294 2462 quod
1310 2427 1360 2454 ﬁde
1371 2427 1465 2462 dignus
1478 2428 1513 2454 sit
1525 2427 1547 2454 is
1557 2427 1600 2462 qtti
1613 2426 1689 2461 petit,
1701 2426 1772 2461 quod
1786 2425 1920 2452 Dominus

1116 2475 1151 2501 sit
1166 2475 1187 2502 is
1202 2475 1245 2510 qui
1263 2475 1325 2509 petit
1342 2484 1348 2501 :
1366 2474 1435 2510 quod
1453 2480 1544 2510 urgeat
1560 2474 1660 2509 inopia,
1675 2473 1737 2500 dttttt
1752 2473 1836 2500 fames
1853 2479 1918 2506 prc-

1116 2522 1165 2548 mit
1179 2530 1185 2547 :
1201 2521 1271 2556 quod
1293 2520 1370 2548 facile
1385 2520 1420 2547 sit
1440 2520 1545 2555 largiri,
1560 2527 1622 2547 cum
1637 2519 1764 2546 alimenta
1779 2517 1899 2553 postulet
1909 2537 1918 2548 ,

1116 2573 1143 2595 et
1157 2568 1241 2594 Solum
1255 2575 1349 2602 panem
1360 2588 1367 2600 ,
1384 2574 1437 2593 non
1452 2567 1562 2593 delicias
1573 2570 1646 2601 petat
1662 2574 1669 2592 :
1682 2565 1753 2600 quod
1766 2572 1864 2599 magna
1879 2571 1923 2591 re—

1118 2615 1268 2643 muneratio
1282 2619 1462 2650 exspectetur,
1479 2622 1538 2641 cutn
1554 2622 1601 2648 pro
1616 2613 1720 2648 exiguis
1731 2612 1788 2639 istis
1801 2610 1924 2647 promis-

1117 2670 1175 2689 sum
1192 2663 1223 2689 sit
1249 2669 1370 2696 regnum.
1385 2661 1565 2693 Inhumanus,
1586 2660 1717 2692 crudelis,
1731 2664 1758 2687 et
1775 2657 1926 2686 immiseri-

1118 2716 1178 2736 cors
1191 2708 1239 2736 es?
1252 2709 1396 2740 Iieverere,
1416 2708 1511 2743 inquit.
1523 2707 1677 2742 dignitatem
1693 2705 1750 2741 ejus
1765 2704 1811 2739 qui
1826 2709 1926 2739 postn-

1118 2756 1163 2782 Ial.
1182 2756 1215 2781 At
1228 2760 1351 2789 respectu
1371 2753 1508 2789 dignitatis
1531 2761 1583 2780 tton
1606 2751 1746 2780 emt-aris?
1760 2751 1927 2778 Calautitate

1118 2801 1212 2828 Saltem
1234 2799 1350 2827 ﬂectere.
1377 2800 1429 2827 Sed
1453 2807 1538 2835 neque
1560 2798 1721 2826 calamitatis
1743 2797 1812 2824 ratio
1836 2802 1865 2823 te
1890 2795 1926 2822 ad

1119 2846 1330 2874 miscricordiam
1360 2845 1496 2872 inflectit?
1523 2844 1563 2872 0b
1596 2843 1732 2878 petitionis
1762 2841 1924 2869 facilitatettt

1118 2893 1245 2921 concede.
1262 2893 1354 2927 Neque
1379 2893 1505 2928 dignitas,
1533 2898 1620 2927 neque
1639 2890 1736 2925 inopia:
1753 2890 1903 2916 necessum
1916 2908 1924 2915 .

1120 2948 1205 2976 neque
1235 2939 1381 2975 largitionis
1414 2939 1526 2967 facilitas
1554 2944 1725 2965 commovere
1751 2940 1776 2963 to
1803 2934 1927 2970 potat!
