4062 6422
310 486 521 558 καρπόν
544 503 557 514 ·
589 484 682 539 καί
706 484 735 536 6
764 484 861 555 μὲν
885 484 1118 556 δάμαλιν
1147 484 1365 554 ἔφερεν,
1395 487 1428 555 ἡ
1458 485 1516 538 δὲ
1560 484 1836 555 ἐφύρασεν
1861 496 1887 523 α

308 573 562 643 ἄλευρον.
599 569 837 627 Τούτους
865 572 959 625 καὶ
992 573 1056 625 σὺ
1088 572 1328 643 ζήλωσον
1349 591 1362 602 ν
1392 573 1454 626 οὐ
1482 572 1590 643 γάρ
1618 572 1679 625 τὸ
1710 570 1893 625 δοῦναι

308 661 573 730 χρήματα
601 657 784 728 μόνον,
818 657 957 711 ἀλλά
988 658 1083 713 καὶ
1115 659 1177 713 τὸ
1217 659 1536 731 διακονῆσαι
1562 661 1676 722 τοῖς
1704 657 1885 729 δεομέο

306 764 424 809 τοις
466 744 634 798 πολὺν
667 744 781 815 ἔχει
809 745 902 799 τὸν
937 746 1148 815 μισθόν.
1186 744 1285 799 Διά
1313 745 1475 799 τοῦτο
1523 746 1620 799 καὶ
1664 746 1715 798 οἱ
1764 745 1897 799 ἁπό-

309 833 490 886 στολοι
526 834 652 897 τοὺς
701 832 843 887 ἐπτά
889 836 1135 899 ἐκείνους
1167 835 1296 899 τοὺς
1340 837 1471 907 περὶ
1505 836 1775 905 Στέφανον
1800 836 1900 888 ἐπ-

308 921 552 990 έστησαν
577 922 643 991 τῇ
672 922 900 994 τοιαύτῃ
935 922 1203 993 διακονίᾳ.
1235 923 1431 978 Καίτοι
1469 940 1533 992 γε
1567 923 1720 977 ούδέν
1748 922 1897 976 οἴκο-

309 1009 407 1071 θεν
441 1011 639 1063 ἐκεῖνοι
661 1013 917 1081 παρεῖχον
949 1015 1063 1076 τοῖς
1086 1012 1334 1081 πένησιν,
1362 1011 1500 1065 ἀλλά
1526 1013 1595 1067 τὰ
1628 1032 1697 1068 πα
1708 1016 1755 1085 ρ’
1780 1012 1900 1067 ἐτέ-

309 1113 426 1166 ρων
473 1096 725 1166 διδόμενα
776 1096 1089 1169 ᾠκονόμουν
1135 1099 1348 1162 καλῶς’
1385 1099 1499 1152 ἀλλ’
1523 1100 1672 1170 ὅμως
1725 1100 1899 1172 μέγαν

307 1182 697 1251 ἀπηνέγκαντο
728 1184 820 1237 τὸν
867 1185 1078 1255 μισθὸν,
1110 1187 1192 1240 ὅτι
1239 1186 1308 1241 τὰ
1352 1188 1482 1258 παρ’
1506 1187 1707 1259 ἐτέρων
1758 1189 1897 1243 διδό-

317 1287 462 1341 μενα
484 1269 667 1334 καλῶς
691 1271 783 1323 καὶ
808 1271 947 1341 μετά
970 1272 1259 1343 ἀκριϐείας
1289 1273 1602 1344 ᾠκονόμουν
1624 1276 1864 1348 ἀπάσης.

389 1380 468 1428 ιε’.
482 1373 645 1428 Γενοῦ
665 1375 843 1428 τοίνυν
862 1376 952 1430 καί
978 1379 1042 1430 σὺ
1068 1379 1177 1431 τῶν
1191 1379 1389 1433 σαυτοῦ
1404 1379 1569 1443 καλὸς
1593 1381 1895 1453 οἰκονόμος,

309 1463 401 1515 ἵνα
439 1463 658 1518 διπλοῦν
690 1463 863 1537 λάϐῃς
895 1464 986 1519 τὸν
1020 1467 1254 1539 καρπὸν,
1292 1468 1387 1521 καὶ
1428 1467 1521 1522 τοῦ
1571 1469 1776 1535 δοῦναι,
1808 1471 1901 1525 καὶ

307 1549 408 1603 τοῦ
457 1551 638 1615 καλῶς
689 1554 1067 1623 οἰκονομῆσαι.
1119 1553 1212 1624 Μὴ
1252 1556 1623 1628 ἐπαισχυνθῇς
1669 1558 1759 1612 διὰ
1802 1558 1903 1629 τῆς

313 1636 515 1691 σαυτοῦ
569 1641 755 1709 χειρὸς
800 1637 1139 1710 θεραπεῦσαι
1185 1641 1277 1695 τὸν
1327 1641 1632 1712 πένητα.”0
1667 1645 1905 1716 Χριστὸς

309 1726 415 1777 οὐκ
445 1725 833 1795 ἐπαισχύνεται
862 1729 1022 1798 χεῖρα
1051 1728 1288 1781 ἐκτεῖναι
1317 1730 1411 1783 καὶ
1452 1730 1636 1783 λαϐεῖν
1673 1731 1761 1785 διὰ
1807 1730 1902 1785 τοῦ

315 1811 568 1883 πένητος,
601 1813 695 1865 καὶ
729 1814 791 1867 σὺ
834 1816 994 1884 χεῖρα
1023 1815 1259 1868 ἐκτεῖναι
1289 1817 1383 1869 καὶ
1415 1817 1598 1871 δοῦναι
1641 1819 1905 1891 ἀργύριον

315 1899 629 1971 ἐπαισχύνῃ
657 1917 670 1967 ;
708 1901 819 1953 Καὶ
848 1901 967 1965 πῶς
997 1901 1157 1955 τοῦτο
1183 1903 1282 1955 οὑκ
1306 1904 1542 1977 ἐσχάτης
1565 1906 1785 1974 ἀνοίας;
1810 1908 1905 1962 ’Ἑν

320 1989 481 2055 μόνον
505 1987 654 2040 ἐστὶν
680 1985 937 2059 αἰσχύνη,
974 1988 1213 2061 πονηρία
1241 1990 1337 2044 καὶ
1369 1993 1590 2064 ὠμότης
1613 1995 1706 2047 καὶ
1736 1995 1908 2050 ἁπαν-

321 2072 539 2143 θρωπία
565 2090 578 2103 σ
619 2072 990 2146 φιλοφροσύνη
1014 2075 1073 2128 δὲ
1106 2076 1203 2129 καὶ
1228 2077 1567 2151 ἐλεημοσύνη
1599 2081 1691 2134 καὶ
1721 2081 1908 2150 φιλαν-

316 2159 533 2230 θρωπία
572 2161 665 2212 καὶ
698 2161 760 2214 τὸ
803 2161 1173 2216 διακονεῖσθαι
1198 2167 1311 2229 τοῖς
1337 2165 1610 2236 δεομένοις
1654 2169 1905 2243 λαμπρο-

316 2247 510 2318 τέρους
542 2249 692 2318 ἡμᾶς
720 2246 1209 2319 ἐργάζεται.⁰’οσον
1236 2249 1346 2322 γὰρ
1372 2251 1438 2304 ἂν
1466 2248 1535 2324 ᾖς
1561 2254 1787 2309 πλουσία
1815 2257 1908 2317 καὶ

316 2332 569 2406 εὔπορος,
594 2334 849 2388 τοσοῦτον
876 2335 1251 2390 ἐπαινέσονταί
1279 2354 1338 2390 σε
1366 2338 1587 2407 πάντες,
1617 2342 1745 2397 ὅταν
1772 2344 1908 2415 πρὸς

315 2422 443 2485 τοὺς
470 2422 720 2492 πτωχοὺς
746 2422 843 2475 καὶ
866 2423 1104 2487 εὐτελεῖς
1129 2425 1486 2498 καταϐαίνῃς,
1509 2428 1609 2482 οὐκ
1632 2429 1909 2502 ἅνθρωποι

313 2508 373 2560 δὲ
409 2508 591 2578 μόνον,
627 2509 762 2563 ἀλλά
792 2509 886 2563 καί¹
929 2511 1171 2580 ἄγγελοι,
1201 2513 1296 2566 καὶ
1322 2514 1351 2567 6
1382 2514 1491 2569 τῶν
1520 2517 1769 2587 ἀγγέλων
1819 2521 1908 2572 Δε-

317 2598 557 2662 σπότηςο
590 2596 690 2651 οὐκ
721 2597 1068 2652 ἐπαινέσεται
1097 2597 1153 2652 δὲ
1177 2600 1354 2670 μόνον,
1387 2600 1524 2655 ἀλλά
1549 2603 1643 2657 καί⁵
1675 2604 1905 2676 ἀμείψε⁴

312 2701 408 2736 ται
440 2683 654 2748 διπλαῖς
681 2685 930 2756 δωρεαῖς.
955 2684 1033 2740 Οὐ
1062 2684 1173 2757 γάρ
1199 2687 1296 2758 τῆς
1319 2687 1442 2758 ἐλεη
1452 2690 1691 2763 μοσύνης
1715 2693 1900 2763 μόνον,

314 2770 455 2823 ἀλλά
506 2770 601 2825 καὶ
646 2771 745 2844 τῆς
789 2772 1291 2845 ταπεινοφροσύνης
1334 2775 1562 2841 πολλούς
1600 2796 1683 2832 σοι
1730 2797 1908 2851 παρα-

318 2858 575 2911 σκευάσει
622 2860 750 2921 τοὺς
796 2858 1041 2929 μισθούς.
1078 2860 1170 2929 Μὴ
1224 2861 1402 2914 τοίνυν
1450 2864 1908 2936 ἐπαισχυνώμεθα

312 2948 438 3007 ταῖς
487 2946 596 2998 τῶν
645 2948 891 3016 πενήτων
939 2946 1274 3018 θεραπείαις,
1328 2949 1464 3019 μηδὲ
1513 2951 1909 3024 παραιτώμεθα

314 3032 527 3085 νίπτειν
552 3031 662 3085 τῶν
694 3031 858 3097 ξένων
887 3035 1013 3098 τοὺς
1040 3033 1207 3097 πόδας
1227 3051 1240 3065 ·
1271 3036 1588 3104 ἀγιάζονται
1612 3038 1721 3110 γὰρ
1752 3041 1917 3111 ἡμῶν.

316 3120 374 3173 αἱ
405 3122 583 3191 χεῖρες
616 3118 706 3174 διά
731 3120 832 3190 τῆς
865 3119 1122 3192 τοιαύτης
1154 3120 1463 3187 διακονίας·
1496 3124 1600 3178 κᾶν
1637 3127 1716 3189 εἰς
1742 3127 1907 3200 εὐχὴν

314 3207 488 3269 αὐτάς
529 3205 817 3278 ἀνατείνῃς
853 3207 961 3260 ἀπὸ
991 3207 1093 3277 τῆς
1141 3207 1438 3278 θεραπείας
1487 3211 1725 3283 ἐκείνης,
1767 3216 1911 3286 ὁρῶν

316 3294 489 3357 αὐτὰς
536 3296 566 3347 6
617 3293 750 3357 Θεὸς
791 3293 1119 3348 δυσωπεῖται
1169 3295 1391 3366 μᾶλλον,
1424 3299 1519 3353 καὶ
1563 3300 1660 3371 τὴν
1694 3304 1918 3373 αἴτησιν,

313 3381 518 3435 δίδωσι.
554 3381 627 3433 T6
661 3380 758 3451 μὲν
790 3381 899 3452 γὰρ
926 3384 1186 3454 χρήματα
1208 3384 1413 3450 δοῦναι,
1452 3387 1661 3442 πολλῶν
1699 3389 1764 3443 ἂν
1795 3391 1905 3465 εἴης

312 3470 378 3535 τὸ
410 3470 466 3523 δὲ
494 3471 559 3523 δι’
586 3471 793 3523 ἑαυτῶν
825 3470 1162 3542 θεραπεῦσαι
1192 3475 1316 3537 τοὺς
1336 3475 1626 3546 δεομένους
1654 3481 1747 3533 καὶ
1769 3479 1908 3553 μετά

315 3563 627 3634 προθυμίας
673 3562 833 3615 τοῦτο
868 3563 1210 3633 ποιῆσαικαὶ
1243 3566 1464 3639 ἀγάπης
1510 3572 1605 3622 καὶ
1654 3570 1907 3641 φιλαδελ-

316 3654 469 3721 φίας,
499 3653 700 3723 πολλῆς
728 3654 822 3707 καὶ
859 3653 1103 3723 μεγάλης
1147 3656 1315 3709 δεῖται
1345 3657 1525 3729 ψυχῆς
1557 3660 1651 3713 καὶ
1690 3660 1905 3730 φιλοσό-

317 3757 444 3808 ςου.
480 3740 589 3793 Καὶ
632 3740 793 3793 τοῦτό
838 3741 1008 3805 ἐστιν,
1044 3740 1071 3792 6
1103 3742 1336 3811 μάλιστα
1384 3746 1602 3801 πάντων
1633 3749 1662 3800 6
1696 3749 1905 3814 Παῦλος

315 3826 588 3897 ἐπιζητεῖ,
616 3829 728 3890 τοῖς
760 3830 817 3880 ἐν
850 3827 1027 3897 θλίψει
1054 3831 1148 3882 καὶ
1173 3831 1336 3903 πενίᾳ.
1378 3834 1473 3886 καὶ
1520 3836 1905 3905 περιστάσεσιν

314 3913 462 3967 οὕτω
517 3913 752 3967 κελεύων
804 3914 1111 3983 συναλγεῖν,
1147 3917 1224 3982 ὡς
1272 3920 1330 3970 ἐν
1373 3923 1484 3984 τοῖς
1534 3923 1715 3986 αὐτοῖς
1747 3922 1907 3988 ὄντας

313 4001 528 4063 δεινοῖς.
569 4000 697 4065 Τοῖς
728 4003 838 4068 γὰρ
876 4002 1168 4071 δεσμίοις,
1199 4006 1385 4074 φησὶν,
1421 4009 1501 4073 ὡς
1547 4008 1908 4079 συνδεδεμέ-

316 4105 432 4141 νοι.
473 4088 674 4158 Διόπερ
714 4088 835 4140 ούδέ
884 4088 1117 4143 ἐνταῦθα
1168 4093 1260 4145 τὸν
1308 4092 1462 4161 λόγον
1489 4095 1684 4167 ἔστησε
1723 4098 1902 4168 μόνον,

314 4174 456 4228 ἀλλά
499 4174 594 4227 καὶ
637 4175 824 4243 ἓτερον
857 4175 1137 4246 ἐπήγαγεν
1162 4195 1175 4208 ·
1210 4182 1282 4232 Εἰ
1327 4181 1698 4251 θλιϐομένοις
1725 4184 1906 4252 ἑπιξρ-

315 4278 518 4325 κεσεν,
549 4263 602 4315 εί
653 4262 833 4316 παντί
884 4263 1037 4331 ἔργῳ
1086 4264 1285 4333 ἀγαθῷ
1321 4266 1803 4338 ἐπηκολούθησε.
1841 4271 1882 4324 Τ
1890 4272 1905 4325 ί

316 4352 502 4401 ἐστιν·
554 4351 625 4402 Εἰ
672 4350 851 4403 παντὶ
899 4351 1050 4420 ἔργῳ
1109 4350 1307 4422 ἀγαθῷ
1356 4354 1904 4426 ἐπηκολούθησεν;

318 4438 482 4487 ’Ὡστε
510 4435 602 4487 καὶ
634 4436 712 4498 εἰς
742 4435 1113 4508 δεσμωτήριον
1146 4440 1390 4505 εἰσιέναι,
1421 4442 1513 4495 καί
1534 4446 1657 4508 τοὺς
1687 4444 1907 4517 δεδεμέ-

314 4540 444 4584 νους
484 4523 933 4588 ἐπισκέπτεσθαι,
969 4525 1064 4577 καὶ
1101 4525 1520 4596 ἀρρωστοῦντας
1567 4531 1901 4601 ἐπισκοπεῖν,

315 4611 415 4664 καὶ
475 4610 823 4679 θλιϐομένους
874 4611 1340 4683 παραμυθεῖσθαι,
1394 4614 1489 4666 καὶ¹
1535 4617 1902 4689 όδυνωμένους

313 4698 679 4769 παρακαλεῖν,
719 4699 811 4749 καὶ
842 4699 1018 4752 πάντα
1049 4698 1251 4769 τρόπον
1272 4700 1341 4752 τὰ
1366 4700 1509 4759 κατά
1533 4701 1765 4775 δύναμιν
1789 4708 1903 4760 εἰσ-ι

315 4786 504 4855 φέρειν
557 4789 793 4852 ἐπαντα,
826 4790 921 4841 καὶ
960 4789 1125 4859 μηδὲν
1178 4789 1315 4852 ὅλως
1369 4794 1753 4861 παραιτεῖσθαι
1793 4794 1902 4850 τῶν

314 4874 397 4938 εἰς
430 4875 700 4945 σωτηρίαν
734 4876 826 4928 καὶ
852 4878 1159 4931 ἀνάπαυσιν
1188 4875 1297 4931 τῶν
1331 4876 1576 4947 ἀδελφῶν
1599 4882 1902 4952 γινομένων

314 4961 427 5013 τῶν
453 4962 756 5032 ἡμετέρων.
796 4964 860 5015 Εἰ
886 4963 942 5017 δὲ
964 4965 1136 5035 χήραν
1161 4966 1393 5034 γυναῖκα
1416 4964 1655 5027 τοσαῦτα
1683 4969 1905 5024 ἀπαιτεῖ

319 5051 738 5121 κατορθώματα,
763 5054 907 5115 τίνος
941 5054 1006 5107 ἂν
1039 5054 1232 5125 εἴημεν
1255 5055 1548 5125 ἀπολογίας
1578 5056 1726 5130 [526]
1762 5060 1903 5125 ἄξιοι

315 5138 367 5190 oi
420 5139 610 5210 ἄνδρες
657 5142 818 5211 ἡμεῖς
864 5141 1040 5195 ταῦτα
1091 5144 1167 5215 μὴ
1215 5144 1518 5210 ποιοῦντες,
1553 5146 1590 5201 ἃ
1638 5151 1903 5216 γυναῖκας

314 5228 491 5297 χήρας
526 5230 700 5279 ποιεῖν
732 5229 1120 5301 ἐνομοθέτησεν
1154 5233 1182 5284 6
1210 5232 1421 5297 Παῦλος
1447 5249 1461 5299 ;
1514 5234 1653 5288 Ἀλλ’
1684 5235 1813 5301 ἴσως
1834 5237 1907 5293 ἂν

315 5315 462 5366 εἴποι
487 5330 591 5377 τις·
626 5315 740 5368 Καὶ
772 5317 888 5379 πῶς
913 5320 1087 5389 χήραν
1124 5321 1363 5387 γυναῖκα
1387 5321 1653 5394 τοσαύτην
1681 5324 1904 5381 ἀπαιτεῖ

314 5401 623 5470 ἀκρίϐειαν,
659 5403 747 5455 ὅτε
782 5403 837 5456 δὲ
872 5406 1003 5477 περὶ
1036 5406 1334 5478 παρθενίας
1373 5408 1715 5475 ἐπέστελλεν,
1748 5413 1901 5468 οὐδὲν

310 5487 559 5557 διελέχθη
604 5490 874 5558 τοιοῦτον;
910 5492 1140 5548 Πλείονα
1187 5495 1284 5565 μὲν
1333 5494 1539 5549 τούτων
1583 5498 1904 5570 φιλοσοφίαν

311 5575 486 5639 αὐτάς
528 5577 829 5649 ἀπῄτησεν.
861 5580 1032 5635 ’Ὁτλν
1079 5582 1186 5655 γὰρ
1237 5582 1405 5656 εἴπῃο
1452 5585 1811 5654 Μεμέρισται
1860 5592 1900 5659 ἠ

310 5661 470 5735 γυνὴ
513 5664 611 5717 καί
658 5667 695 5733 ἡ
746 5668 1042 5735 παρθένος
1065 5684 1078 5697 ·
1117 5668 1244 5721 καίο
1287 5669 1348 5724 Ἠ
1387 5667 1615 5740 ἄγαμος
1647 5675 1900 5747 μεριμνᾷ

368 5803 394 5831 ⁸
427 5807 532 5855 Duo
559 5821 670 5857 mss.
695 5809 873 5873 ἔφυρςν.

1422 385 1487 440 IN
1526 385 1754 445 ILLUD.
1799 385 2004 442 vmux
2047 370 2459 446 Ismenon.“

3471 365 3578 424 536

1996 486 2068 555 τὰ
2098 487 2204 541 τοῦ
2235 488 2477 555 Κυρίου,
2503 483 2626 551 πῶς
2656 484 2857 554 ἀρέσει
2887 482 2964 549 τῷ
2994 482 3219 552 Κυρίῳο
3253 483 3346 536 καὶ
3378 483 3537 537 πάλιν
3559 500 3575 516 ·

2003 572 2181 627 Τοῦτο
2210 573 2279 626 δὲ
2309 574 2463 645 λέγω
2485 572 2582 629 διὰ
2611 572 2678 626 τὸ
2702 572 3016 642 εὔσχημον
3043 571 3140 625 καὶ
3170 570 3580 640 εὐπρόσεδρογ

1997 661 2077 729 τῷ
2115 664 2309 731 Κυρίῳ
2345 660 2807 733 ἀπερισπάστως
2828 678 2841 692 ο
2887 661 3039 716 οὐδὲν
3082 660 3212 715 ἄλλο
3243 658 3331 715 διὰ
3372 658 3580 714 τούτων

1998 758 2293 812 αἰνίττεται
2340 758 2448 812 τῶν
2495 757 2756 829 ῥημάτων
2790 754 2970 826 ἀλλ’ἢ
3020 753 3103 807 ὅτι
3154 751 3262 806 τῶν
3312 751 3582 823 βιωτικῶν

1999 846 2252 900 ἁπάντων
2285 846 2625 917 πραγμάτων
2665 842 2920 908 καθάπαξ
2961 842 3158 911 ἑαυτὴν
3187 839 3580 912 ἀπορρήξασαν

1997 934 2096 1005 τὴν
2127 934 2393 1005 παρθένον
2426 934 2719 1005 ὁλόκληρον
2760 931 3039 985 ἀναθεῖναι
3088 928 3168 983 δεῖ
3198 927 3276 999 τῷ
3319 925 3439 998 Θεῷ
3482 926 3581 997 τὴν

1998 1021 2175 1093 ψυχὴν
2208 1022 2301 1075 καὶ
2343 1023 2508 1092 μηδὲν
2556 1022 2692 1093 πρὸς
2735 1019 2834 1090 τὴν
2880 1019 2982 1090 γῆν
3022 1017 3167 1088 ἔχειν
3210 1016 3412 1080 κοινὸν,
3446 1014 3582 1084 μηδέ

2000 1113 2131 1166 ποτέ
2178 1112 2273 1181 μὲν
2323 1112 2555 1175 τούτοις,
2596 1109 2727 1163 ποτέ
2766 1109 2823 1163 δὲ
2854 1110 3082 1171 ἐκείνοις
3113 1103 3416 1176 σχολάζειν,
3448 1101 3585 1158 ἀλλά

2000 1199 2231 1254 καθόλου
2260 1196 2468 1262 τούτοις
2493 1197 2733 1263 ἀποταξο
2744 1196 2930 1268 μένην,
2971 1196 3097 1267 ὃλην
3132 1197 3211 1257 εἰς
3240 1193 3309 1246 τά
3336 1207 3582 1261 πνευμα-

1998 1292 2128 1345 τικὰ
2162 1291 2463 1363 πράγματα
2490 1289 2801 1343 ἀναλίσκειν
2829 1288 2928 1360 τὴν
2965 1288 3178 1359 σχολήν.
3214 1286 3324 1339 Καὶ
3350 1284 3385 1356 ὴ
3416 1300 3585 1354 παρα·

2001 1384 2131 1457 ϐολὴ
2175 1385 2231 1438 δέ
2276 1383 2383 1438 τῶν
2429 1383 2561 1437 δέκα
2614 1380 2899 1452 παρθένων
2942 1379 3073 1434 αὐτὸ
3113 1377 3272 1432 τοῦτο
3317 1374 3584 1447 ἐδήλωσεν

2000 1478 2155 1547 ἡμῖν.
2194 1475 2293 1529 Διά
2323 1475 2480 1528 τοῦτο
2505 1471 2633 1543 γοῦν
2662 1468 3098 1539 ἀπεκλείσθησαν
3139 1464 3234 1520 τοῦ
3273 1462 3584 1537 νυμφῶνος,

2001 1565 2083 1618 δτι
2126 1563 2304 1617 ἔλαιον
2347 1562 2448 1616 οὐκ
2489 1557 2632 1631 εἶχον
2657 1576 2670 1590 ·
2707 1558 2884 1612 ἔλαιον
2926 1556 2983 1610 δὲ
3012 1554 3164 1609 οὐδὲν
3194 1552 3384 1620 ἕτερόν
3409 1554 3583 1613 ἐστιν,

2003 1656 2117 1711 ἀλλ’
2146 1656 2179 1727 ἢ
2211 1654 2589 1727 φιλανθρωπία
2618 1653 2713 1708 καὶ
2738 1648 3073 1723 ἐλεημοσύνη
3101 1648 3194 1702 καὶ
3221 1643 3586 1717 φιλοφροσύνη

2005 1750 2102 1803 καὶ
2124 1747 2428 1820 προστασία
2456 1746 2566 1800 τῶν
2600 1743 2968 1814 ἀδικουμένων
2996 1739 3091 1794 καὶ
3115 1736 3457 1822 παράκλησις
3479 1732 3588 1789 τῶν

2004 1839 2354 1911 όδυνωμένων
2374 1856 2389 1869 ·
2425 1838 2564 1908 ὅπερ
2593 1836 2694 1890 οὐκ
2726 1832 2940 1906 ἔχουσαι
2977 1828 3217 1902 ἀπῆλθον
3238 1829 3463 1894 ἐκεῖναι,
3493 1822 3588 1879 καὶ

2004 1932 2099 1986 τοῦ
2124 1932 2414 2003 νυμφῶνος
2441 1929 2717 1996 ἐξέπεσον.

2082 2045 2143 2104 ς’.
2171 2035 2335 2091 Ταῦτ’
2357 2030 2450 2090 οῦν
2480 2034 2684 2098 εἰδότες
2704 2032 2941 2095 ἅπαντα,
2964 2029 3060 2083 καί
3086 2028 3366 2098 γυναῖκες,
3384 2022 3480 2078 καὶ
3500 2021 3592 2077 ἄν·

2006 2131 2152 2202 δρες,
2197 2129 2294 2182 καὶ
2344 2127 2622 2199 παρθένοι,
2664 2125 2759 2178 καὶ
2806 2120 3213 2194 γεγαμημέναι,
3257 2116 3353 2172 καὶ
3398 2116 3591 2187 χῆραι,

2008 2223 2207 2293 πολλὴν
2241 2221 2340 2292 τῆς
2371 2217 2743 2290 ἐλεημοσύνης
2774 2214 3055 2286 ποιώμεθα
3090 2211 3360 2281 σπουδήν·
3397 2204 3589 2277 καὶμὴ

2007 2316 2274 2386 λέγωμεν,
2307 2315 2390 2367 δτι
2430 2315 2457 2366 6
2498 2312 2646 2366 δεῖνα
2675 2306 3034 2381 πονηρδςκαὶ
3064 2305 3174 2359 οὐκ
3208 2300 3356 2381 ἄξιος
3392 2296 3452 2364 εὖ
3485 2315 3591 2352 πα·-

2008 2409 2140 2473 θεῖν,
2169 2410 2198 2460 ὁ
2220 2408 2365 2461 δεῖνα
2387 2402 2630 2475 εὐτελὴς,
2654 2405 2683 2457 6
2703 2402 2851 2455 δεῖνα
2878 2395 3312 2470 ἀπερριμμένος.
3336 2390 3429 2464 Μὴ
3451 2389 3589 2462 πρὸς

2005 2501 2107 2574 τὴν
2155 2499 2312 2565 ἀξίαν
2358 2497 2475 2571 ἴδῃς
2521 2495 2615 2550 τοῦ
2657 2490 2914 2566 δεομένου
2956 2490 3056 2560 τῆς
3100 2479 3590 2574 θεραπείας,ῌάλᾷ

2007 2570 2145 2664 πρὸς
2194 2590 2295 2660 τὴν
2344 2570 2534 2660 χρείαν
2584 2585 2761 2657 μόνον.
2816 2580 2937 2636 Κᾶν
2986 2579 3096 2652 γὰρ
3136 2577 3357 2647 εὐτελὴς
3495 2572 3591 2627 καὶ

2006 2680 2444 2755 ἀπεῤῥιμμένος,
2472 2678 2574 2733 κάν
2604 2675 3101 2747 εὐκαταφρόνητος,
3135 2672 3163 2723 6
3193 2667 3424 2741 Χριστὸς
3447 2664 3591 2719 οὕτω

2010 2792 2093 2828 σοι
2136 2772 2412 2843 λογίζεται
2458 2771 2552 2825 τὸν
2605 2768 2817 2842 μισθὸν,
2847 2766 2923 2828 ὼς
2972 2764 3137 2827 αὐτὸς
3188 2758 3248 2816 εὖ
3299 2757 3491 2814 παθὼν
3517 2755 3589 2811 δι’

2007 2867 2365 2922 ἐκείνου.”ῐνα
2399 2864 2507 2936 γὰρ
2557 2861 2635 2935 μὴ
2665 2861 2800 2934 πρὶς
2828 2857 2927 2931 τὴν
2968 2856 3127 2922 ἀξίαν
3163 2854 3449 2928 βλέπωμεν
3480 2850 3593 2905 τῶν

2008 2959 2502 3034 εὐεργετουμένων,
2528 2959 2761 3012 ἄκουσον
2794 2955 2847 3009 τί
2883 2971 3016 3024 φησι
3034 2968 3047 2981 ·
3079 2945 3382 3006 Πεινῶντά
3405 2961 3481 3016 με
3504 2942 3587 2997 εῖ-

2008 3056 2161 3119 δει-ε,
2189 3053 2288 3108 καὶ
2319 3051 2628 3122 ἐθρέψατε.
2664 3044 2797 3103 Εἶτα
2836 3046 3062 3101 ἐκείνων
3104 3041 3372 3113 λεγόντων
3392 3052 3407 3067 ⁶
3438 3037 3589 3091 Πότε

2010 3162 2083 3201 σε
2128 3146 2370 3215 εἴδομεν·
2416 3141 2731 3208 πεινῶντα,
2782 3138 2881 3195 καί
2921 3137 3291 3207 ἐθρέψαμεν-ς
3343 3131 3591 3201 ἐπήγαγε

2008 3240 2209 3310 λέγων’
2251 3238 2372 3307 Ἐφ’
2395 3236 2548 3291 ὅσον
2566 3232 2891 3300 ἐποιήσατε
2927 3229 3019 3284 ἐνί
3051 3227 3171 3281 τῶν
3201 3221 3433 3310 μικρῶκ
3459 3219 3593 3310 τού-

2009 3307 2145 3392 των,
2165 3327 2295 3399 ἐμοῖ
2311 3323 2635 3391 ἐποιήσατε
2652 3340 2667 3354 ·
2700 3319 2839 3373 ὥστε
2871 3314 3097 3387 οὐδεμία
3123 3313 3255 3385 ἡμῖν
3280 3307 3593 3399 καταλέλει-

2011 3437 2144 3473 πται
2181 3396 2597 3488 πρόφασις.’¹ῐνα
2643 3411 2753 3482 γὰρ
2794 3408 2868 3480 μὴ
2900 3407 3171 3477 λέγωμεν,
3214 3402 3299 3456 δτι
3332 3398 3443 3454 Ποῦ
3492 3396 3591 3452 νῦν

2010 3513 2152 3566 κατὰ
2175 3511 2265 3565 τὸν
2292 3507 2477 3561 Ἠλίαν
2498 3507 2706 3577 εὑρεῖν;
2729 3500 2832 3556 ποῦ
2865 3500 2922 3554 δὲ
2955 3497 3099 3553 κατὰ
3129 3497 3220 3550 τὸν
3251 3493 3589 3553 Ἐλισσαῖονς

2009 3605 2122 3669 καὶ,
2149 3600 2248 3664 Δός
2278 3617 2364 3672 μοι
2391 3597 2664 3660 τοιούτους
2701 3594 2921 3666 ἄνδρας,
2962 3590 3059 3645 καὶ
3098 3586 3237 3659 μετὰ
3277 3585 3455 3653 πάσης
3495 3580 3592 3634 αύ-

2006 3698 2133 3759 τοὺς
2164 3692 2493 3765 ὑποδέξομαι
2527 3691 2626 3761 τῆς
2651 3687 2980 3762 προθυμίας,
3029 3686 3125 3738 καὶ
3152 3683 3213 3736 ού
3250 3677 3590 3751 παραιτήσο-

2011 3806 2109 3859 μαι
2141 3787 2289 3858 νίψαι
2315 3787 2441 3845 τοὺς
2464 3776 2634 3846 πόδας
2689 3780 2784 3834 καὶ
2815 3777 2982 3831 παντὶ
3016 3771 3349 3845 θεραπεῦσαι
3376 3767 3587 3839 τρόπῳο
3617 3796 3621 3801 -

2007 3883 2095 3935 ἵνα
2128 3881 2202 3954 μὴ
2227 3879 2401 3934 ταῦτα
2430 3878 2699 3948 λέγωμεν,
2733 3873 2761 3927 ὃ
2790 3869 2967 3941 πολλῷ
3016 3866 3200 3940 μεῖζόν
3225 3867 3395 3928 ἐστιν,
3424 3860 3588 3954 αύτδς

2005 3976 2034 4027 6
2065 3950 2158 4029 τοῦ
2190 3950 2381 4028 Ἠλίου
2412 3971 2505 4025 καὶ
2529 3967 2623 4022 τοῦ
2668 3963 2970 4020 Ἐλισσαίου
3012 3959 3107 4014 καὶ
3139 3956 3246 4010 τῶν
3291 3950 3595 4025 προφητῶν

2008 4068 2284 4139 Δεσπότης
2308 4067 2563 4120 ἁπάντων
2598 4061 2687 4116 διὰ
2714 4058 2824 4112 τῶν
2864 4056 3110 4128 πενήτων
3148 4048 3415 4119 ὑπέσχετο
3451 4043 3590 4139 πρὸς

2005 4163 2155 4234 ἡμᾶς
2210 4136 2470 4223 εἰσιέναι,
2514 4155 2721 4226 λέγων·
2769 4152 2888 4222 Ἐφ’
2927 4150 3077 4205 ὅσον
3120 4144 3446 4216 ἐποιήσατε
3497 4136 3594 4203 ἑνὶ

2005 4253 2234 4306 τούτων
2265 4247 2385 4303 τῶν
2423 4246 2674 4317 μικρῶν,
2694 4243 2823 4315 ἐμοὶ
2863 4239 3212 4307 ἐποιήσατε.

2090 4340 2252 4395 Ἀλλὰ
2278 4338 2354 4411 μὴ
2381 4337 2751 4411 παραδράμῃς
2780 4334 2840 4389 τὸ
2865 4331 3173 4411 εἰρημένον.
3192 4329 3266 4382 T6
3297 4327 3427 4401 γὰρ,
3457 4328 3590 4380 Hac—

2005 4433 2206 4488 νῶντά
2236 4449 2313 4502 με
2345 4431 2535 4485 εἴδετε
2562 4428 2661 4482 καί
2688 4425 2997 4495 ἐθρέψατε,
3036 4421 3309 4491 τέσσαρας
3341 4416 3588 4486 ἀνάγκας

2005 4504 2288 4593 ἐφίστησιῦ
2322 4517 2691 4591 ἐλεημοσύνης
2710 4531 2723 4545 ⁸
2748 4515 2809 4568 τὸ
2834 4512 3145 4579 ἀξιόπιστον
3169 4508 3265 4563 τοῦ
3285 4506 3593 4573 αἰτοῦντος,

2004 4614 2086 4667 ὅτι
2115 4611 2392 4681 Δεσπότης
2413 4609 2562 4663 ἐστὶν
2583 4610 2611 4661 6
2636 4606 2801 4661 αἰτῶν
2817 4624 2829 4638 ο
2859 4605 2923 4658 τὸ
2945 4603 3241 4674 ἀναγκαῖον
3258 4602 3359 4671 τῆς
3373 4599 3589 4672 χρείας,

2003 4707 2087 4761 ὅτι
2116 4705 2277 4778 πεινᾷ
2294 4721 2309 4735 °
2339 4704 2401 4762 τὸ
2419 4701 2640 4759 εὔκολον
2660 4700 2759 4771 τῆς
2782 4698 3003 4762 δόσεως,
3027 4697 3108 4752 ὅτι
3138 4695 3412 4767 τραφῆναι
3433 4689 3588 4764 ζητεῖ

2004 4800 2097 4853 καὶ
2134 4798 2300 4870 ἄρτον
2333 4796 2476 4850 αἰτεῖ
2510 4794 2691 4867 μόνον,
2716 4789 2838 4862 οὐχὶ
2863 4788 3107 4863 τρυφήνο
3144 4785 3208 4840 τὸ
3234 4784 3463 4857 μέγεθος
3487 4784 3589 4855 τῆς

2002 4889 2233 4962 δωρεᾶς,
2268 4890 2353 4942 ὅτι
2393 4885 2672 4958 βασιλείαν
2713 4883 2838 4937 ἀντὶ
2879 4881 3086 4935 τούτων
3108 4877 3219 4934 τῶν
3248 4874 3459 4949 μικρῶν
3488 4875 3589 4929 ἐπ-

2003 4981 2349 5050 αγγέλλεται.
2367 4978 2760 5051 Ἀπάνθρωπος
2795 4970 2848 5028 εἷ
2874 4975 2970 5031 καὶ
3004 4972 3155 5044 ὠμὸς
3191 4972 3286 5026 καὶ
3314 4967 3587 5042 ἀνηλεήςς

2001 5077 2314 5148 Αἱδέεθητι,
2350 5073 2504 5146 φησὶ,
2537 5072 2600 5126 τὸ
2645 5070 2864 5142 ἀξίωμα
2905 5066 3002 5123 τοῦ
3047 5064 3342 5129 αἰτοῦντος.
3361 5061 3499 5116 Ἀλλ’
3522 5060 3586 5115 οὗ

2002 5170 2284 5226 δυσωπεῖδ
2316 5186 2377 5222 σε
2418 5167 2481 5221 τὸ
2519 5164 2778 5237 ἀξίωμα;
2821 5160 2967 5236 Πρδς
3009 5159 3107 5233 τὴν
3150 5154 3433 5230 συμφορὰν
3469 5155 3587 5207 ἐπι⁴

2003 5258 2468 5336 κάμφθητι.Ἀλλ’
2496 5254 2620 5311 οὔτε
2650 5255 2720 5310 τά
2748 5253 2850 5327 τῆς
2884 5252 3171 5325 συμφορᾶς
3207 5251 3285 5311 εἰς
3332 5245 3487 5336 ἐλεόν,
3518 5260 3605 5336 σε,

2005 5334 2155 5433 [ὅθῚ]
2182 5353 2525 5426 ἐπικάμπτει
2548 5365 2563 5416 ;
2597 5349 2697 5404 Διά
2715 5346 2776 5403 τὸ
2797 5346 2900 5417 τῆς
2933 5344 3201 5415 αἰτήσεως
3222 5336 3442 5433 εὔκολον
3471 5334 3580 5433 δρς,

2004 5427 2228 5506 δῦτε-τὸ
2256 5449 2496 5518 ἀξίωμα,
2522 5444 2646 5498 οὗτε
2676 5441 2739 5496 τὸ
2764 5438 3060 5508 ἀναγκαῖον
3088 5434 3188 5504 τῆς
3219 5429 3427 5505 χρείας,
3457 5427 3582 5484 οὔτε

2001 5543 2064 5596 τὸ
2105 5540 2326 5595 εύκολον
2365 5539 2466 5608 τῆς
2505 5537 2703 5598 δόσεως
2742 5528 2961 5585 δύναταί
3001 5543 3062 5580 σε
3114 5528 3333 5588 πεῖσαι;
3374 5520 3585 5575 Οὐκοῦν

2001 5634 2093 5690 διὰ
2116 5635 2177 5689 τὸ
2203 5630 2434 5705 μέγεθος
2455 5628 2562 5681 τῶν
2590 5620 3018 5696 ἐπηγγελμένων
3041 5616 3261 5686 ἀγαθῶν
3301 5613 3598 5684 παράσχες,

2069 5765 2096 5803 ιι
2129 5763 2245 5811 "mc
2292 5767 2369 5809 est
2415 5758 2696 5819 cnnjeclnra
2742 5754 2931 5813 Savilii,
2978 5765 3120 5816 quam
3177 5749 3427 5806 con”rma_l
3461 5745 3576 5803 (1οῴ

2005 5826 2111 5875 753.
2141 5824 2388 5874 Edvbalur
2421 5820 2732 5869 δυσωπεῖσοιι.
2767 5819 2900 5867 Εοιτ.
