4062 6430
502 399 615 454 339

504 512 720 577 i-hetam
752 513 1024 582 suscipere
1062 510 1258 566 meruit
1285 512 1364 583 (5.
1394 510 1525 582 Reg.
1559 509 1651 583 t7)
1691 527 1704 563 :
1737 520 1896 581 atque
1921 509 2095 565 amba:

504 604 571 658 ad
633 604 876 659 eamdem
944 602 1298 672 philosophiae
1363 603 1621 657 virtutem
1688 610 2094 672 pervenerunt,

508 696 854 766 eamdemque
880 697 1185 750 comitatem
1208 693 1589 759 exhibuerunt,
1615 703 1670 749 et
1705 709 1922 749 suorum
1948 702 2097 750 recte

508 791 764 844 t‘vietorum
801 788 1153 843 similitudine
1181 787 1650 843 Testamentorum
1681 786 1837 841 nobis
1861 786 2095 841 affinita-

509 893 609 934 tem
689 890 1089 949 expresserunt.
1159 879 1289 933 Nam
1339 878 1789 949 quemadmodum
1841 878 2095 933 sublimes

502 971 717 1038 quidam
748 971 972 1040 scopuli,
1004 970 1314 1026 circumdati
1348 971 1605 1041 portubus
1628 1012 1643 1037 ,
1674 985 1808 1040 quos
1836 970 2093 1040 appellari

510 1061 712 1116 l‘htiros
758 1077 875 1116 nios
928 1070 1042 1124 est,
1093 1064 1144 1115 in
1174 1062 1364 1133 quibus
1417 1072 1527 1116 tota
1557 1072 1715 1116 nocte
1745 1062 2096 1116 inexstinetus

504 1155 639 1222 ignis
669 1154 831 1220 lucet,
866 1162 1108 1209 errantes
1137 1155 1187 1208 in
1234 1155 1369 1208 mari
1418 1153 1707 1223 splendore
1761 1151 1978 1207 luminis
2028 1151 2093 1205 ad

506 1256 688 1313 ini-tus
719 1246 1020 1301 securitatis
1057 1246 1328 1301 deducunt
1358 1263 1373 1299 :
1416 1246 1495 1301 sic
1524 1246 1641 1300 istm
1672 1254 1940 1314 tamquam
1974 1259 2097 1314 por-

504 1338 660 1390 tubus
722 1338 972 1392 comitate
1025 1338 1413 1406 circumdatae,
1472 1338 1927 1408 magnanimitatis
1984 1352 2095 1391 sua:

506 1430 705 1484 lumine
733 1429 1147 1498 profundissima
1176 1432 1225 1484 in
1257 1440 1413 1486 nocte
1442 1447 1455 1483 :
1489 1447 1598 1485 non
1628 1432 1769 1485 enim
1806 1432 1980 1501 potior
2014 1442 2096 1486 est

503 1523 740 1577 Conditio
771 1524 891 1577 vita:
934 1532 1134 1578 nostra:
1164 1540 1321 1594 quam
1354 1524 1562 1591 noctis,
1604 1525 1744 1579 sicut
1788 1532 1845 1579 et
1897 1524 2095 1580 Paulus

503 1614 633 1669 dicit
666 1632 678 1668 :
702 1613 824 1670 Nox
839 1616 1115 1685 prwcessit,
1142 1616 1248 1670 dies
1275 1626 1441 1669 autem
1463 1616 1891 1686 apprOpiuquavit
1915 1614 2092 1685 (Rom.

506 1706 752 1778 15.19.);
800 1722 893 1761 eos
925 1706 1084 1777 igitur
1131 1723 1220 1777 qui
1266 1708 1682 1778 profundissinia
1731 1709 1782 1762 in
1830 1720 1987 1763 nocte
2043 1710 2093 1763 in

502 1799 739 1853 avaritia.-
771 1801 903 1853 mari
929 1800 1204 1866 oberrant,
1229 1813 1281 1855 et
1304 1801 1522 1872 jamjam
1545 1800 1924 1871 submergendi
1951 1812 2094 1868 sunt,

505 1890 570 1944 ad
597 1903 747 1944 suam
780 1890 1009 1944 invitant
1036 1891 1406 1957 securitatem,
1433 1902 1485 1946 et
1515 1891 1859 1946 humanitatis
1884 1907 2097 1961 semper

507 1980 786 2036 ardentem
820 1980 1077 2035 habentes
1106 1981 1304 2052 ignem,
1336 1981 1711 2036 inexsﬁnctum
1743 1983 2097 2054 eicemosyua:

510 2074 688 2126 lumen
719 2082 1060 2128 conservant.

577 2164 632 2218 9..
677 2165 781 2220 Sed
822 2165 890 2221 de
932 2165 1016 2219 illa
1063 2166 1281 2237 quidem
1328 2168 1433 2222 alio
1483 2168 1648 2235 loco;
1700 2166 1963 2223 hodierno
2011 2166 2099 2220 die

507 2257 649 2326 apud
679 2271 775 2311 vos
801 2256 871 2311 de
902 2256 1218 2313 istaVeteris
1241 2257 1568 2313 Testameuti
1597 2274 1834 2329 agemus.
1866 2257 2099 2313 Omnino

504 2345 645 2400 enim
674 2346 799 2400 dttm
823 2346 937 2401 haec
958 2347 1276 2416 laudabitur,
1296 2349 1438 2405 illius
1461 2365 1675 2422 quoque
1705 2351 2097 2421 prmconiorum

503 2452 699 2491 corona
749 2445 991 2493 nectetur
1042 2457 1055 2490 :
1105 2455 1227 2494 nam
1282 2457 1506 2511 quarum
1570 2442 1719 2513 paria
1772 2453 1897 2497 sunt
1952 2452 2098 2499 recte

506 2526 644 2583 facta
665 2570 679 2591 ,
707 2544 890 2583 earum
931 2546 1148 2601 quoque
1176 2531 1436 2587 laudatrix
1466 2534 1637 2589 oratio
1666 2535 1965 2591 communis
1992 2545 2095 2591 est.

503 2619 631 2676 Orta
660 2629 741 2676 est
767 2624 926 2694 igitur
955 2623 1115 2694 hujus
1145 2633 1388 2695 tempore
1415 2624 1583 2681 fames
1605 2626 1942 2695 gravissima,
1989 2644 2095 2683 non

503 2713 642 2782 quod
666 2713 874 2768 defessa
894 2715 1050 2771 tellus
1071 2715 1251 2785 fruges
1267 2725 1505 2787 negaret,
1532 2717 1626 2772 sed
1655 2718 1796 2787 quod
1823 2719 2095 2773 hominum

504 2815 719 2874 peccata
742 2808 837 2862 Dei
865 2807 1065 2864 donum
1105 2817 1431 2866 averterent.
1481 2808 1608 2867 Orta
1639 2821 1722 2865 est
1748 2811 1907 2882 igitur
1928 2812 2097 2869 fames

502 2900 837 2968 gravissima,
869 2911 924 2956 et
951 2903 1191 2957 omnium
1217 2904 1602 2971 acerbissima;
1641 2914 1802 2976 atque
1839 2907 1983 2963 illam
2017 2906 2097 2962 fa-

514 3005 654 3044 mem
685 2991 865 3048 llelias
898 3009 1121 3064 magnus
1145 2996 1365 3061 invexit,
1400 3005 1454 3051 et
1484 3006 1749 3066 tamquam
1805 3000 2097 3054 terribilem

509 3083 766 3137 famulum
817 3087 1103 3154 quemdam
1155 3088 1398 3149 vocavit,
1455 3097 1515 3143 ut
1562 3103 1852 3145 conservos
1904 3090 2098 3161 injuria

509 3176 789 3230 hominum
817 3177 1114 3233 aflicieutcs
1134 3180 1418 3251 castigaret
1452 3198 1466 3234 :
1498 3181 1607 3233 imo
1636 3197 1764 3236 vero
1787 3182 2096 3239 Judmorum

505 3267 652 3321 illam
684 3267 1014 3325 advocavere
1061 3280 1312 3340 peccata;
1357 3271 1632 3343 propheta:
1658 3282 1834 3328 autem
1867 3273 2011 3328 illam
2040 3289 2101 3329 os

504 3361 714 3429 intulit,
766 3360 897 3415 Viuit
928 3363 1096 3430 enim,
1146 3364 1351 3434 inquit,
1400 3363 1653 3419 Dominus
1709 3363 1866 3434 Deus,
1923 3366 1968 3420 si
2002 3368 2096 3422 erit

503 3454 677 3524 pluvia
705 3454 804 3509 nisi
822 3471 912 3525 per
936 3471 992 3510 os
1023 3473 1189 3510 meum
1222 3457 1301 3527 (5.
1336 3455 1463 3528 Reg.
1495 3456 1583 3512 l7.
1629 3457 1705 3529 ί).

576 3544 860 3617 Descriptio
911 3546 1192 3600 sterilitatis
1248 3556 1294 3600 et
1346 3546 1592 3602 siccitatis
1617 3549 1769 3602 aeris.
1800 3579 1871 3588 —
1894 3548 2098 3605 intole-

503 3636 728 3691 randum
779 3637 938 3706 igitur
981 3647 1098 3693 erat
1145 3639 1345 3693 malum
1398 3656 1411 3693 :
1474 3655 1649 3711 neque
1693 3641 1835 3696 enim
1889 3651 2096 3697 tantum

502 3730 739 3783 sterilem
795 3729 1024 3784 reddidit
1085 3740 1241 3786 terra:
1296 3742 1507 3787 uterum
1562 3733 1816 3789 terribilis
1873 3736 1958 3790 illa
1993 3753 2095 3793 vox

504 3820 816 3892 propheta),
868 3821 965 3878 sed
1014 3831 1069 3878 et
1112 3823 1225 3893 ipsa
1274 3823 1554 3879 ﬂuminum
1587 3823 2089 3894 ilueutacohibuit,

500 3930 796 3986 omnesque
834 3924 946 3970 tum
986 3917 1370 3972 exarescebant
1400 3925 1684 3973 torrentes.
1739 3918 1808 3972 Et
1830 3919 2092 3988 quemad-

503 4006 717 4061 modum
770 4022 891 4063 cum
942 4007 1235 4064 vehemens
1286 4018 1342 4064 et
1384 4009 1581 4065 ardens
1631 4009 1794 4064 l'ebris
1848 4011 2095 4082 corporis

504 4111 748 4154 naturam
794 4100 1022 4166 invasit,
1076 4116 1181 4156 non
1236 4103 1570 4171 superﬁciem
1606 4112 1814 4158 tantum
1847 4104 2092 4170 ari-facit,

504 4192 596 4248 sed
649 4200 705 4246 et
749 4191 1005 4268 interiora
1056 4208 1337 4262 permeans
1385 4194 1555 4265 ipsam
1603 4196 1805 4251 ossium
1848 4205 2090 4250 naturam

499 4283 680 4340 exurit
708 4300 723 4337 :
758 4284 828 4338 ita
854 4298 973 4353 quae
1001 4292 1110 4337 tum
1128 4284 1342 4354 vigebat
1367 4286 1581 4340 siccitas
1601 4287 1763 4349 aeris,
1792 4303 1897 4340 non
1920 4288 2088 4341 solam

503 4387 658 4429 teme
685 4374 875 4431 faciem
905 4374 1251 4439 incendebat,
1301 4375 1395 4430 sed
1438 4376 1504 4429 ad
1555 4377 1667 4444 ipsa
1721 4377 1837 4446 ejus
1884 4378 2091 4433 viscera

499 4477 787 4531 penetrans
812 4482 1027 4523 omnem
1071 4467 1376 4523 inferiorem
1409 4468 1692 4524 humorem
1717 4469 2093 4526 exhauriebat.

494 4558 635 4625 Quid
662 4572 791 4629 ergo
823 4559 962 4615 Deus
981 4559 1048 4613 ad
1070 4558 1427 4629 prophetam?
1452 4559 1638 4632 Surge,
1671 4561 1861 4631 inquit,
1889 4570 1938 4616 et
1963 4564 2091 4618 vade

495 4650 550 4701 in
596 4647 889 4719 Snreplulm
926 4649 1154 4705 Sidonia:
1181 4667 1201 4705 :
1239 4650 1311 4705 ibi
1353 4650 1605 4705 mandabo
1658 4653 1861 4707 mulieri
1902 4654 2090 4721 vidum,

494 4734 553 4790 ut
591 4738 783 4793 nutriat
805 4749 854 4794 te
881 4739 959 4814 (3.
988 4740 1119 4812 Reg.
1150 4742 1238 4797 17.
1265 4740 1347 4815 9).
1400 4741 1536 4811 Quid
1563 4743 1668 4797 hoc
1693 4744 1794 4798 sibi
1826 4745 1977 4799 vult?
2032 4745 2092 4800 In

497 4845 591 4884 sua
643 4832 814 4901 patria
864 4834 1062 4889 nullam
1106 4835 1415 4890 comitatem
1456 4843 1714 4904 expertus
1758 4844 1880 4903 est,
1912 4847 1968 4892 et
2019 4840 2090 4892 ad

494 4921 725 4976 alienam
753 4925 1025 4994 regionem
1050 4925 1197 4980 illum
1227 4927 1426 4991 mittis,
1482 4935 1643 4997 atque
1688 4927 1755 4983 ad
1807 4930 2088 4986 mulierem

494 5013 747 5068 viduam?
783 5013 913 5069 Nam
942 5015 987 5071 si
1013 5016 1264 5086 opulenta
1296 5026 1460 5078 esset,
1491 5018 1539 5073 si
1568 5018 1916 5086 ditissiiua,si
1946 5022 2089 5092 regis

494 5119 635 5159 uxor
661 5104 849 5175 ipsius,
883 5106 927 5161 si
957 5108 1140 5163 multis
1171 5118 1330 5165 terrae
1356 5108 1597 5182 frugibus
1624 5110 1828 5181 repleta
1862 5110 2089 5168 haberet

499 5199 865 5270 promptuaria
897 5241 913 5267 ,
959 5214 1140 5256 nonne
1189 5200 1516 5258 voluntatem
1547 5203 1665 5272 ejus
1711 5203 2083 5258 vehementius

487 5309 650 5364 quam
675 5304 872 5351 terram
899 5294 1070 5366 ipsam
1101 5302 1274 5351 metus
1318 5295 1473 5352 famis
1511 5296 1756 5353 sterilem
1787 5296 2086 5352 redderet?

486 5385 567 5441 λιι
589 5387 751 5457 igitur
777 5388 892 5444 luce
912 5387 1172 5461 propheta
1200 5388 1426 5455 diceret,
1458 5397 1552 5444 aut
1590 5389 1772 5444 animo
1796 5400 2036 5445 versaret
2063 5429 2080 5456 ,

488 5476 691 5532 ideirco
711 5478 861 5549 prius
887 5494 1009 5535 eum
1042 5495 1140 5551 per
1184 5494 1380 5536 eorvos
1427 5479 1561 5535 aluit
1607 5476 1687 5551 (5.
1722 5479 1856 5551 Reg.
1884 5480 1966 5534 l7.
2002 5480 2086 5547 6),

487 5578 548 5624 ut
597 5585 695 5640 per
733 5584 796 5628 ea
844 5585 965 5643 quae
1005 5571 1366 5644 gerebantur,
1412 5571 1516 5628 ista
1560 5571 1948 5644 propemodum
2007 5573 2082 5627 illi

491 5662 693 5720 diceret
722 5680 743 5719 :
781 5663 827 5720 si
857 5664 1032 5733 effeci,
1062 5674 1124 5721 ut
1164 5665 1389 5722 rationis
1413 5680 1608 5737 expers
1636 5678 1824 5723 natura
1855 5665 2089 5737 hosipitio

495 5761 557 5837 te
576 5758 865 5833 reciperet,
917 5758 1089 5814 multo
1135 5754 1306 5832 magis
1331 5758 1540 5817 ratione
1570 5760 1830 5832 pricditar,
1885 5769 1940 5814 ut
1985 5759 2087 5813 hoc

500 5842 675 5910 iaciat,
704 5846 1134 5916 persuadebitur.

1199 399 1254 455 S.
1296 398 1572 457 JOANNIS
1607 395 2082 454 CHRYSOSTOMI
2122 394 2441 450 ARCIIIEP.
2483 392 3018 451 CONSTANTINOP.

2280 511 2335 566 5.
2376 508 2673 578 Propterea
2704 506 2860 561 vidua
2885 514 3007 577 post
3030 518 3247 562 corvos.
3306 505 3502 561 Videre
3530 514 3651 561 erat
3680 522 3799 576 pro-

2210 601 2423 671 phetam
2451 600 2780 655 muliercula:
2808 599 3006 655 factum
3033 599 3345 665 obnoxium,
3389 600 3628 654 animam
3655 599 3796 655 illam

2206 695 2272 748 ad
2298 695 2460 750 melos
2486 710 2652 765 usque
2678 694 2959 749 sublimem
2986 708 3051 749 ac
3078 692 3311 747 divinam
3336 735 3351 753 ,
3384 708 3709 763 generosum
3743 702 3801 749 et

2205 789 2474 843 excelsum
2505 787 2714 843 Heliam
2739 786 2884 841 velut
2901 801 3147 842 erronem
3170 786 3454 856 quemdam
3493 800 3558 841 ac
3584 786 3793 842 mendi-

2211 896 2332 935 cum
2361 880 2429 936 ad
2458 880 2632 935 vidua:
2654 880 2873 950 januam
2903 881 3107 946 venire,
3152 888 3311 950 atque
3342 877 3471 933 illud
3517 894 3610 946 os,
3654 878 3795 949 quod

2205 975 2393 1027 crrlum
2419 972 2713 1037 clauserat,
2765 970 3130 1026 mendicurum
3161 986 3319 1024 voces
3344 969 3620 1025 elTunderc
3654 986 3667 1023 :
3712 970 3789 1025 Da

2207 1068 2334 1122 mihi
2359 1083 2571 1138 panem,
2602 1066 2666 1120 da
2687 1065 2814 1120 mihi
2846 1080 3070 1136 aquam;
3094 1073 3152 1117 ut
3182 1073 3236 1118 tu
3267 1063 3464 1126 discas,
3494 1063 3625 1117 nihil
3647 1078 3797 1134 aeque

2205 1160 2519 1215 benevolum
2545 1166 2599 1214 et
2624 1159 2915 1213 humanum
2946 1171 3065 1212 esse
3092 1173 3153 1211 ac
3199 1156 3371 1210 vidua:
3418 1156 3639 1210 domum
3663 1198 3678 1221 ,
3736 1165 3793 1211 et

2207 1250 2604 1311 tabernaculum
2623 1247 2879 1320 egestatis
2899 1247 3139 1316 plenum,
3161 1260 3221 1301 ac
3247 1246 3553 1299 divitiarum
3575 1261 3792 1316 expers,

2204 1353 2257 1397 et
2281 1341 2542 1396 malorum
2567 1355 2686 1412 quae
2710 1356 2775 1396 ex
2796 1339 2996 1394 divitiis
3019 1340 3283 1393 oriuntur.
3320 1336 3492 1391 Locus
3521 1338 3666 1392 enim
3686 1345 3797 1392 erat

2204 1450 2231 1487 a
2262 1434 2574 1489 tumultibus
2602 1433 2759 1500 liber,
2790 1432 3071 1501 omnisque
3097 1429 3446 1498 philosophiae
3476 1430 3595 1499 plen
3608 1446 3693 1495 us,
3737 1438 3793 1485 et

2204 1535 2359 1594 portu
2404 1526 2594 1596 quovis
2633 1524 2986 1594 tranquillior.
3033 1521 3184 1577 Talia
3230 1521 3461 1576 maxime
3512 1522 3793 1592 requirunt

2203 1617 2469 1673 domicilia
2498 1625 2799 1671 sanctorum
2829 1615 3043 1670 animm.

2279 1708 2414 1762 Deus
2439 1708 2692 1780 quomodo
2746 1707 2889 1777 punit
2921 1704 3304 1760 Sodomilarum
3343 1704 3541 1775 nefaria
3571 1703 3794 1769 scelera;

2203 1801 2453 1873 quomodo
2498 1800 2639 1855 Deus
2681 1802 2736 1853 in
2776 1798 3032 1871 puniendo
3057 1813 3140 1851 eos
3175 1813 3228 1851 se
3252 1797 3422 1867 gessit.
3445 1796 3797 1867 —Pergebat

2205 1893 2363 1965 igitur
2407 1893 2472 1947 ad
2516 1892 2728 1947 viduam
2778 1890 3038 1963 prapheta
3065 1931 3079 1954 ,
3127 1904 3247 1959 qua:
3294 1888 3548 1951 Judmos,
3601 1889 3798 1959 quibus

2208 1987 2380 2056 perosi
2409 1996 2559 2040 erant
2582 1986 2867 2057 peregrini,
2885 1983 3134 2053 exemplo
3158 1991 3277 2037 erat
3299 1999 3395 2037 suo
3412 1981 3799 2052 redargutura:

2208 2078 2462 2148 pergebat
2513 2078 2578 2131 ad
2629 2078 2876 2139 viduam,
2932 2089 3229 2144 omnesque
3282 2072 3548 2141 docebat,
3605 2074 3804 2128 merito

2204 2168 2421 2223 Judmos
2451 2183 2662 2237 pinnam
2694 2169 2836 2222 illam
2865 2168 3151 2221 sustinere.
3192 2164 3323 2219 Nam
3351 2179 3472 2218 eum
3502 2165 3556 2218 in
3587 2165 3800 2234 aliquos

2207 2275 2418 2332 pinnam
2449 2261 2693 2316 illaturus
2721 2268 2803 2315 est
2847 2259 3007 2323 Deus,
3048 2273 3155 2311 non
3187 2270 3399 2324 quoque
3445 2255 3607 2309 modo
3659 2270 3791 2324 sup-

2206 2353 2423 2424 plicium
2466 2353 2743 2419 immittit,
2800 2366 2973 2422 neque
3016 2351 3097 2404 sui
3148 2347 3330 2418 iudicii
3383 2355 3669 2403 contentus
3718 2356 3802 2401 est

2204 2442 2430 2511 Calculo,
2454 2443 2547 2497 sed
2574 2451 2628 2498 et
2654 2441 2794 2512 apud
2825 2440 3071 2497 homines
3098 2445 3321 2494 excusat
3362 2451 3421 2492 se
3462 2437 3623 2491 rebus
3664 2436 3794 2505 ipsis

2204 2548 2268 2589 ac
2289 2544 2485 2603 tuetur,
2518 2533 2739 2605 perinde
2762 2533 2915 2605 quasi
2942 2531 3216 2588 communi
3242 2528 3469 2601 quodam
3498 2529 3553 2583 in
3592 2527 3799 2599 judicio

2205 2625 2602 2697 suspicionibus
2640 2625 2785 2696 vulgi
2812 2624 3087 2696 expositus
3117 2623 3464 2692 disceptaret.
3518 2621 3587 2675 Et
3613 2635 3802 2690 quem-

2204 2718 2493 2775 admodum
2532 2718 2621 2789 qui
2656 2718 2920 2788 judicium
2965 2722 3253 2780 exercent,
3312 2728 3436 2769 eum
3492 2711 3562 2764 ad
3610 2711 3801 2767 mortis

2209 2814 2527 2883 supplicium
2586 2811 2891 2882 quempiam
2938 2817 3063 2865 sunt
3110 2805 3426 2865 abducturi.
3481 2806 3532 2858 in
3583 2803 3800 2860 sublimi

2208 2904 2559 2975 praesidentes
2614 2902 2867 2958 tribunali
2900 2943 2917 2968 ,
2965 2916 3030 2956 ac
3060 2900 3175 2957 vela
3221 2897 3462 2954 contrahi
3502 2897 3755 2967 jubentes
3781 2913 3799 2949 :

2208 3005 2370 3052 totam
2401 2998 2669 3051 civitatem
2697 2996 2898 3050 circum
2930 3007 3050 3048 sese
3076 3000 3219 3046 stare
3242 2998 3516 3056 curantes,
3548 2989 3619 3042 ita
3654 2989 3802 3042 velut

2207 3088 2260 3142 in
2315 3089 2528 3157 publico
2580 3087 2791 3142 theatro
2837 3084 3104 3154 judicant,
3158 3083 3304 3138 etin
3336 3082 3503 3137 oculis
3553 3081 3797 3134 omnium

2204 3187 2366 3248 atque
2393 3179 2611 3234 auribus
2643 3177 3089 3245 interrogationes
3119 3173 3378 3229 adhibent
3406 3188 3499 3228 reo
3519 3211 3535 3236 ,
3565 3181 3620 3226 et
3650 3184 3799 3235 acta,

2204 3277 2259 3325 et
2284 3269 2701 3325 commentarios
2729 3270 2996 3323 scelerum
3025 3268 3091 3322 ab
3121 3266 3211 3322 illo
3240 3273 3668 3336 perpetratorum
3695 3262 3800 3332 legi

2206 3361 2539 3431 pratcipiunt,
2588 3370 2644 3416 et
2683 3360 2922 3415 efficiunt
2961 3369 3017 3413 ut
3055 3374 3181 3415 reus
3226 3360 3340 3429 ipse
3392 3370 3609 3411 suorum
3667 3354 3804 3408 faei-

2206 3468 2395 3508 norum
2422 3451 2513 3507 liat
2543 3459 2840 3515 accusator,
2879 3466 2942 3505 ac
2973 3459 3083 3506 tum
3111 3449 3327 3505 demum
3361 3447 3680 3502 sententiam
3724 3446 3802 3501 fe-

2204 3552 2331 3599 runt
2365 3561 2378 3598 :
2411 3543 2482 3598 ita
2518 3558 2730 3613 quoque
2761 3542 2900 3597 Deus
2930 3550 3198 3612 tamquam
3229 3540 3284 3594 in
3317 3539 3530 3595 excelso
3565 3536 3803 3608 quodam

2208 3638 2457 3693 tribunali
2485 3636 2879 3707 prmdicatiouis
2907 3634 3196 3704 Scriptura:
3223 3632 3536 3704 pricsidens,
3581 3632 3802 3686 univer-

2205 3745 2324 3785 sum
2350 3729 2532 3785 orbem
2561 3736 2826 3783 terrarum
2874 3726 3193 3795 praecipiens
3219 3723 3632 3790 circumsistere,
3680 3736 3807 3792 spe-

2203 3821 2473 3876 ctantibus
2516 3818 2765 3875 omnibus
2811 3826 2866 3873 et
2908 3817 3263 3882 audientibus,
3316 3815 3668 3885 qumstiouem
3716 3815 3803 3868 in-

2205 3915 2380 3969 stituit
2419 3923 2783 3983 peccatorum,
2834 3926 2939 3966 non
2983 3910 3395 3965 commentarios
3437 3918 3494 3964 et
3535 3919 3654 3964 aeta
3695 3909 3804 3979 legi

2206 4004 2543 4076 percipiens,
2577 4019 2751 4074 neque
2780 4002 2988 4057 tabulas
3014 4001 3067 4056 in
3096 4002 3330 4057 medium
3360 4001 3657 4062 adducens,
3702 4000 3802 4055 sed

2204 4095 2315 4164 ipsa
2345 4110 2561 4151 reorum
2602 4105 2817 4166 peccata
2855 4093 3011 4150 nobis
3054 4093 3124 4149 ob
3153 4094 3339 4150 oculos
3382 4093 3800 4164 contemplanda

2205 4201 2531 4256 proponens.

2273 4281 2330 4335 4.
2373 4281 2516 4336 Sane
2566 4296 2689 4336 cum
2730 4280 2922 4336 infesta
2967 4279 3184 4336 fulmina
3235 4281 3286 4335 in
3330 4277 3636 4335 Sodomitas
3681 4285 3800 4332 erat

2204 4374 2579 4437 immissurus,
2632 4382 2685 4428 et
2730 4374 2956 4444 populos
3008 4373 3278 4442 urbesque
3339 4370 3590 4425 terribilis
3657 4369 3799 4424 illius

2202 4464 2433 4519 ﬂamma:
2471 4480 2633 4535 opem
2673 4465 2742 4520 de
2781 4465 2959 4519 medio
3009 4464 3241 4533 regionis
3286 4462 3593 4516 sublaturus
3619 4502 3634 4526 ,
3672 4476 3797 4513 eum

2202 4572 2397 4610 novum
2429 4565 2484 4611 et
2512 4556 2784 4611 insolitum
2816 4556 2964 4609 illum
2999 4554 3222 4609 imbrem
3259 4552 3547 4621 dejieicbat
3569 4591 3584 4614 ,
3630 4551 3799 4603 multo

2200 4650 2363 4721 priori
2397 4649 2801 4713 terribiliorem,
2850 4662 3007 4717 quem
3042 4646 3267 4713 primmn
3294 4657 3345 4699 et
3373 4643 3544 4697 solum
3566 4643 3652 4698 Sol
3678 4657 3799 4694 um-

2199 4756 2359 4810 quam
2384 4741 2593 4810 aspexit
2623 4756 2636 4794 :
2667 4747 2954 4808 antequam
2988 4735 3249 4807 ejusmodi
3293 4750 3507 4804 poenam
3549 4735 3795 4797 inferret,

2200 4848 2385 4888 eorum
2419 4833 2836 4904 improbitatem,
2868 4833 2956 4901 qui
2990 4829 3243 4900 puniendi
3274 4836 3459 4892 erant,
3508 4827 3665 4882 nobis
3713 4826 3796 4879 in-

2199 4926 2415 4993 dicavit,
2467 4941 2576 4980 non
2624 4925 2816 4980 tabulis
2866 4931 2923 4978 ut
2962 4923 3071 4978 dixi
3120 4921 3292 4985 lectis,
3334 4919 3429 4975 sed
3466 4919 3714 4974 adductis
3742 4918 3796 4971 in

2198 5020 2433 5074 medium
2482 5019 2611 5089 ipsis
2661 5033 2847 5074 eorum
2895 5015 3136 5087 peccatis
3173 5012 3329 5082 (Gen.
3360 5012 3473 5080 t9).
3503 5011 3796 5081 Prolzterea

2198 5111 2450 5167 nimirum
2477 5111 2696 5180 angelos
2727 5109 2890 5174 misit,
2917 5124 3022 5163 non
3047 5116 3247 5160 tantum
3276 5113 3332 5158 ut
3359 5104 3461 5157 Lot
3478 5102 3793 5161 educerent,

2197 5205 2291 5259 sed
2331 5215 2387 5257 ut
2422 5203 2631 5256 illorum
2666 5200 3001 5270 iniquitatem
3031 5196 3415 5260 ostenderent;
3451 5192 3591 5262 quod
3632 5193 3795 5246 etiam

2201 5299 2399 5352 evenit.
2453 5295 2585 5350 Cum
2613 5295 2756 5350 enim
2784 5310 2878 5347 eos
2911 5293 3008 5347 Lot
3035 5289 3332 5359 excepisset
3357 5327 3370 5349 ,
3418 5285 3645 5354 hospitis
3691 5284 3797 5338 do-

2196 5405 2341 5443 mum
2382 5386 2713 5442 obscderuut
2748 5400 2957 5446 omnes,
3001 5393 3057 5438 et
3099 5382 3151 5435 in
3195 5380 3380 5435 orbem
3419 5380 3798 5433 circumstete—

2198 5488 2340 5534 runt.
2383 5479 2551 5546 llnjus
2601 5486 2778 5532 autem
2830 5473 3124 5530 obsidionis
3178 5472 3455 5541 copiarum
3509 5468 3623 5523 dux
3674 5473 3799 5520 erat

2198 5572 2449 5627 infandus
2496 5587 2669 5638 amor,
2723 5578 2779 5625 et
2821 5566 2988 5638 iniqui
3032 5564 3297 5636 cupiditas
3340 5564 3535 5627 coitus,
3591 5560 3681 5631 qui
3740 5566 3799 5613 et

2196 5668 2369 5721 artatis
2397 5676 2453 5722 et
2475 5676 2679 5721 natura:
2705 5664 2904 5718 limites
2924 5659 3236 5717 excedebat.
3265 5657 3449 5726 Neque
3469 5654 3610 5709 enim
3638 5653 3794 5724 juve-

2201 5774 2294 5812 nes
2341 5758 2514 5813 solum
2556 5758 3049 5818 circumsteterunt,
3088 5750 3181 5807 sed
3220 5750 3383 5805 etiam
3419 5747 3660 5803 seniores
3692 5762 3705 5797 :
3740 5754 3796 5799 et

2204 5866 2373 5920 neque
2399 5849 2620 5903 canities
2653 5847 2848 5903 rabiem
2892 5845 3122 5907 sedavit,
3168 5857 3342 5915 neque
3372 5839 3606 5896 furorem
3637 5849 3793 5893 sene—
