4062 6438
369 393 473 447 57:9
524 403 528 406 ’

361 519 458 594 τὴν
473 518 713 592 ἔφθασαν
729 519 830 590 τῆς
846 518 1164 591 φιλοσοφίας
1184 521 1404 595 ἀρετὴν,
1423 523 1516 577 καὶ
1534 523 1632 596 τὴν
1649 525 1819 597 αὐτήν
1841 529 1940 580 ἐπ-

361 604 632 670 εδείξαντο
651 603 1069 676 φιλοφροσύνην,
1083 607 1152 676 τῇ
1173 605 1282 659 τῶν
1305 607 1745 678 κατορθωμάτων
1763 610 1946 679 ὁμοιό-

359 704 486 759 τητι
520 685 619 756 τὴν
656 686 979 754 συγγένειαν
1019 688 1152 758 ήμῖν
1191 687 1300 742 τῶν
1347 689 1632 761 Διαθηκῶν
1670 691 1941 746 ἐνδεικνύ-

363 789 541 842 μεναι.
578 769 846 841 Καθάπερ
874 769 984 841 γὰρ
1021 770 1274 825 σκόπελοί
1301 789 1447 837 τινες
1478 774 1672 845 ὑψηλοὶ
1721 777 1943 848 περιϐε-

360 853 618 922 ϐλημένοι
648 851 893 923 λιμένας,
919 851 1012 917 οὒς
1037 853 1100 924 δή
1134 854 1342 926 φάρους
1375 857 1830 946 καλεῖνὲείὼθαῄσι,
1854 860 1942 946 διὰ

361 937 542 1009 πάσης
586 937 688 1008 τῆς
717 937 908 1000 νυκτὸς
956 936 1220 990 ἄσϐεστον
1267 939 1482 1009 ἔχοντες
1515 940 1649 1012 πῦρ,
1682 943 1809 1007 τοὺς
1843 941 1942 997 πε-

359 1023 740 1094 πλανημένους
789 1019 933 1075 κατὰ
977 1021 1039 1074 τὸ
1087 1020 1325 1090 πέλαγος
1374 1026 1440 1094 τῇ
1488 1023 1793 1095 λαμπηδόνι
1843 1025 1938 1080 τοῦ

358 1106 539 1177 φωτὸς
586 1105 724 1176 πρὸς
753 1105 853 1174 τὴν
898 1102 994 1180 τοῦ
1026 1103 1246 1175 λιμένος
1276 1108 1713 1177 χειραγωγοῦσιν
1761 1110 1940 1180 ἀσφά-

357 1189 540 1244 λειαν·
590 1187 733 1240 οὕτω
767 1188 860 1240 καὶ
891 1179 1050 1240 αὗται
1083 1187 1337 1260 καθάπερ
1379 1190 1533 1253 τινας
1571 1191 1796 1261 λιμένας
1838 1195 1937 1264 τήν

357 1270 758 1342 φιλοφροσύνην
787 1269 1248 1340 περιϐεϐλημέναι
1273 1311 1286 1334 ,
1325 1272 1406 1342 τῷ
1434 1275 1573 1341 φωτὶ
1603 1276 1705 1344 τῆς
1733 1276 1938 1339 οἰκείας

360 1353 764 1427 μεγαλοψυχίας
784 1353 910 1417 τοὺς
929 1355 986 1406 ἐν
1005 1357 1069 1424 τῇ
1097 1355 1373 1428 βαθυτάτῃ
1393 1357 1550 1409 νυκτί
1567 1374 1582 1390 ο
1611 1358 1806 1422 νυκτὸς
1827 1359 1938 1430 γὰρ

353 1439 508 1493 οὐδὲν
533 1439 754 1508 ἄμεινον
785 1435 942 1507 ἡμῶν
975 1437 1009 1508 ἡ
1043 1436 1156 1508 ζωὴ
1179 1437 1472 1500 διάκειται,
1510 1441 1760 1512 καθάπερ
1783 1445 1876 1496 καὶ
1909 1443 1938 1494 ὁ

357 1523 572 1586 Παῦλός
604 1538 769 1593 φησιν
789 1562 804 1588 ,
833 1522 914 1573 ὃτι
952 1520 1013 1573 Ἡ
1049 1521 1164 1585 νὺξ
1196 1525 1558 1591 προέκοψεν,
1585 1525 1622 1591 ἡ
1652 1525 1720 1577 δὲ
1754 1525 1938 1593 ἡμέρα

355 1606 564 1676 ἤγγικε
587 1622 601 1636 ·
631 1606 759 1667 τοὺς
783 1599 875 1656 οῦν
906 1605 964 1656 ἐν
997 1605 1061 1674 τῇ
1093 1602 1365 1678 βαθυτάτῃ
1393 1609 1550 1660 νυκτὶ
1581 1609 1720 1661 κατὰ
1750 1609 1809 1660 τὸ
1836 1611 1935 1662 πέ-

353 1689 516 1758 λαγος
562 1689 662 1759 τῆς
704 1685 1068 1758 φιλαργυρίας
1117 1686 1522 1757 πλανωμένους,
1569 1691 1663 1743 καὶ
1689 1691 1938 1758 γίνεσθαι

357 1773 645 1843 μέλλοντας
680 1770 1076 1841 ὑποϐρυχίους,
1124 1769 1262 1840 πρὸς
1289 1770 1386 1838 τὴν
1420 1773 1549 1842 παρ’
1595 1773 1802 1826 ἑαυτῶν
1836 1791 1936 1826 κα-

352 1855 536 1910 λοῦσιν
575 1853 876 1924 ἀσφάλειαν
901 1893 914 1917 ,
967 1853 1030 1906 τὸ
1063 1853 1162 1923 τῆς
1192 1853 1602 1926 φιλανθρωπίας
1647 1859 1936 1924 διαπαντὸς

353 1941 640 2010 καιόμενον
661 1938 882 2008 έχουσαι
911 1936 1043 2008 πῦρ,
1072 1936 1167 1988 καὶ
1192 1937 1553 2002 διασώζουσαι
1579 1942 1640 1996 τὸ
1662 1943 1761 2014 τῆς
1791 1943 1938 2014 ἐλεη-

354 2023 594 2096 μοσύνης
625 2021 888 2077 ἄσϐεστον
915 2021 1052 2092 φῶς.

425 2121 491 2192 β’.
511 2118 670 2173 Ἀλλά
698 2119 824 2190 περὶ
842 2118 1058 2190 ἐκείνης
1078 2120 1177 2190 μὲν
1201 2121 1258 2175 ἐν
1271 2121 1446 2192 ἑτέρῳ
1466 2121 1643 2193 καιρῷ
1657 2140 1670 2154 ο
1697 2125 1938 2195 τήμερον

347 2210 404 2262 δὲ
432 2208 559 2280 περὶ
584 2209 684 2278 τῆς
709 2209 768 2260 ἐν
793 2209 861 2278 τῇ
896 2207 1108 2279 Παλαιᾷ
1155 2209 1292 2280 πρὸς
1318 2209 1462 2279 ὑμᾶς
1495 2211 1749 2281 ἐροῦμεν,
1792 2215 1936 2267 Πάν-

347 2314 458 2362 τως
481 2295 590 2368 γὰρ
626 2295 723 2349 καὶ
758 2294 964 2367 ταύτης
1003 2297 1426 2368 ἐπαινουμένης,
1462 2298 1679 2370 ἐκείνης
1708 2299 1820 2353 τῶν
1845 2303 1942 2370 ἐγ-

281 2359 290 2369 .
347 2359 576 2455 κωμίων
607 2383 658 2435 οἱ
688 2359 943 2452 στέφανοί
979 2359 1269 2437 πλέκονται
1289 2401 1302 2414 ·
1333 2359 1538 2456 ῶνγάρ
1563 2359 1940 2458 τιὴ-κατορθῶ-

351 2486 502 2542 ματα
527 2469 638 2535 ίσα,
661 2470 757 2523 καὶ
780 2470 830 2522 οί
851 2469 998 2538 λόγοι
1019 2469 1129 2523 τῶν
1157 2473 1452 2542 ἐγκωμίων
1479 2475 1666 2528 κοινοί.
1687 2475 1938 2543 Ἐγένετο

343 2559 525 2612 τοίνυν
565 2557 706 2610 κατά
755 2559 882 2620 τοὺς
933 2555 1138 2629 ταύτης
1185 2561 1412 2630 χρόνους
1463 2559 1621 2632 λιμὸς
1666 2561 1933 2633 χαλεπός·

343 2649 470 2718 οὐχὶ
501 2647 534 2718 ή
566 2646 636 2716 γῆ
667 2645 725 2699 δὲ
759 2645 1012 2716 καμοῦσα
1047 2649 1406 2718 παρῃτήσατο
1443 2647 1540 2718 τὴν
1573 2651 1764 2722 φορὰν,
1799 2651 1939 2706 ἀλλὰ

345 2737 460 2791 τῶν
489 2733 795 2806 ἀνθρώπων
816 2735 882 2787 τὰ
909 2735 1128 2806 ἀμαρτή
1139 2753 1286 2804 ματα
1315 2737 1410 2788 τοῦ
1435 2736 1569 2792 Θεοῦ
1602 2739 1700 2810 τὴν
1726 2739 1936 2812 δωρεάν

343 2825 782 2898 ἀπεκρούσαντο.
824 2823 1073 2894 Ἐγένετο
1109 2824 1292 2878 τοίνυν
1324 2825 1482 2896 λιμδς
1525 2827 1764 2898 χαλεπὸς
1788 2869 1803 2892 ,
1840 2830 1936 2884 καὶ

343 2913 522 2985 λιμῶν
567 2915 822 2969 ἁπάντων
856 2915 1183 2986 πικρότατος
1205 2934 1216 2946 ·
1281 2918 1376 2970 καὶ
1406 2917 1595 2970 τοῦτον
1629 2918 1806 2988 ἤγαγε
1843 2917 1936 2974 τὸν

345 3001 504 3075 λιμὸν
541 3005 571 3055 6
609 3003 783 3072 μέγας
822 3001 1008 3066 Ἠλίας
1031 3042 1046 3066 ,
1082 3003 1338 3075 καθάπερ
1369 3005 1492 3058 τινὰ
1525 3006 1754 3078 φοϐερὸν
1787 3009 1934 3062 οίκέ-

344 3109 450 3164 την
498 3089 735 3153 καλέσας
759 3128 776 3154 ,
826 3091 968 3144 ὥστε
1005 3092 1135 3155 τοὺς
1183 3091 1502 3156 συνδούλους
1534 3093 1625 3146 τὸν
1655 3096 1935 3166 Δεσπότην

345 3178 672 3252 ὑϐρίζοντας
702 3177 1035 3248 σωφρονίσαι
1055 3194 1071 3209 ο
1124 3179 1325 3249 μᾶλλον
1366 3179 1422 3233 δέ
1470 3181 1728 3236 ἐκάλεσεν
1773 3183 1936 3238 αὑτὸν

341 3268 456 3323 τῶν
495 3265 766 3320 Ἰουδαίων
787 3264 856 3318 τὰ
880 3265 1260 3336 ἁμαρτήματα
1285 3283 1298 3297 ο
1328 3267 1555 3338 ἐκόμισε
1577 3269 1634 3321 δὲ
1659 3270 1822 3323 αὑτὸν
1841 3270 1933 3324 τοῦ

345 3356 627 3426 προφήτου
661 3353 722 3407 τὸ
751 3353 948 3422 στόμα,
977 3352 1064 3420 Ζῇ
1092 3353 1222 3426 γὰρ,
1257 3355 1422 3425 φησὶ,
1459 3358 1678 3425 Κύριος
1707 3361 1740 3412 ό
1763 3359 1934 3426 Θεὸς,

345 3447 397 3500 σί
428 3442 604 3498 ἔσται
629 3441 826 3508 ὑετὸς,
865 3442 922 3496 εί
943 3440 1030 3510 μὴ
1058 3442 1157 3497 διὰ
1185 3444 1486 3512 στόματός
1506 3461 1648 3512 μου.

415 3543 526 3602 Ἦν
545 3545 724 3600 τοίνυν
752 3545 1026 3618 ἀφόρητον
1055 3545 1226 3600 κακόν
1251 3563 1264 3575 ·
1285 3547 1406 3600 οὐδὲ
1436 3548 1546 3620 γὰρ
1567 3550 1666 3620 τὴν
1690 3551 1934 3624 γαστέρα

339 3639 444 3711 τῆς
473 3637 574 3708 γῆς
601 3636 795 3706 ἄγονον
829 3636 1054 3708 ἐποίησε
1091 3635 1251 3707 μόνον
1283 3638 1314 3707 ή
1347 3637 1555 3708 φοϐερά
1589 3638 1682 3692 τοῦ
1715 3643 1932 3715 προφή-

343 3748 439 3785 του
474 3728 626 3801 φωνὴ
650 3771 666 3796 ,
701 3728 838 3783 ἀλλά
859 3728 955 3782 καὶ
989 3727 1128 3782 αὐτὰ
1165 3727 1274 3780 τῶν
1315 3730 1577 3801 ποταμῶν
1621 3731 1693 3786 τὰ
1739 3735 1932 3808 ῥεῖθρα

345 3821 641 3888 ἀνέστειλε,
673 3821 766 3874 καὶ
811 3821 862 3874 οἱ
900 3819 1192 3891 χείμαρροι
1234 3821 1356 3874 τότε
1405 3819 1752 3894 ἐξηραίνοντο
1795 3827 1934 3884 πάν-

341 3931 457 3977 τες.
503 3913 614 3966 Καὶ
663 3910 914 3982 καθάπερ
958 3911 1194 3982 πυρετὸς
1223 3911 1424 3984 λάϐρος
1464 3914 1556 3967 καὶ
1587 3915 1818 3990 διακαής
1853 3921 1934 3984 εἰς

345 4003 600 4076 σώματος
623 4001 783 4073 φύσιν
808 3999 1086 4073 ἐμπεσὼν,
1115 4003 1236 4074 οὐχὶ
1266 4003 1364 4074 τὴν
1390 4005 1714 4074 ἐπιφάνειαν
1743 4009 1932 4081 ξηραί-

344 4109 427 4147 νει
474 4092 668 4164 μόνον,
706 4091 842 4145 ἀλλὰ
870 4091 964 4146 καὶ
997 4091 1136 4164 πρὸς
1169 4093 1302 4146 αὐτὸ
1357 4097 1614 4168 χωρήσας
1645 4100 1704 4152 τὸ
1732 4100 1928 4171 βάθος,

342 4185 514 4256 αὐτὴν
539 4183 650 4238 τῶν
679 4181 852 4238 ὀστῶν
881 4183 1231 4256 καταφρύγει
1260 4185 1358 4258 τὴν
1387 4187 1550 4258 φύσιν
1571 4207 1584 4220 ·
1610 4191 1752 4246 οὕτω
1783 4195 1879 4248 καὶ
1903 4197 1933 4250 6

341 4279 466 4332 τότε
494 4277 780 4348 γενόμενος
815 4275 1058 4347 αὐχμὸς,
1091 4277 1213 4348 οὐχὶ
1256 4279 1354 4350 τὴν
1389 4280 1510 4350 δψιν
1535 4285 1635 4356 τῆς
1661 4286 1768 4356 γῆς
1801 4305 1932 4342 κατ-

342 4369 544 4424 έκαυσε
577 4369 759 4440 μόνον,
789 4367 926 4421 ἀλλὰ
955 4367 1050 4422 καὶ
1081 4369 1219 4440 πρὸς
1245 4371 1415 4439 αὐτάς
1439 4374 1539 4439 τὰς
1567 4375 1801 4446 λαγόνας
1843 4379 1929 4433 ἐλ-

341 4459 475 4527 θὼν,
509 4461 690 4514 πᾶσαν
723 4459 968 4515 κάτωθεν
1000 4459 1277 4514 ἀνέσπασε
1306 4462 1406 4534 τὴν
1435 4467 1632 4520 νοτίδα.
1671 4470 1738 4522 Τί
1779 4467 1871 4524 οὖν
1901 4472 1930 4524 6

339 4552 477 4615 Θεὸς
527 4549 664 4623 πρὸς
705 4549 797 4605 τὸν
841 4549 1161 4622 προφήτην;
1217 4552 1566 4624 Ἀνάστηθι,
1608 4561 1775 4630 φησὶ,
1830 4563 1930 4616 καὶ

339 4645 667 4712 πορεύθητι
703 4645 793 4708 εὶς
828 4642 1108 4712 Σαρεερθὰ
1140 4641 1253 4712 τῆς
1288 4645 1584 4716 Σιδῶνοςο
1616 4651 1749 4706 ἐκεῖ
1769 4653 1931 4708 ἐντε-

337 4732 560 4802 λοῦμαι
585 4731 828 4803 γυναικὶ
857 4732 1016 4801 χήρᾳ
1045 4733 1150 4788 τοῦ
1179 4733 1495 4806 διαθρέψαι
1525 4754 1622 4794 σε.
1645 4742 1711 4795 Τί
1736 4743 1926 4813 τοῦτο;

341 4827 440 4880 ἐπὶ
481 4827 581 4896 τῆς
622 4827 832 4890 οἰκείας
869 4827 1127 4898 οὐδεμιᾶς
1169 4828 1451 4886 ἀπέλαυσε
1505 4835 1922 4910 φιλοφροσύνης,

340 4917 438 4971 καὶ
475 4917 554 4982 εἰς
595 4917 697 4986 τὴν
727 4917 1016 4988 ἀλλοτρίαν
1040 4921 1206 4976 αὐτὸν
1235 4923 1500 4993 πέμπεις,
1533 4927 1628 4980 καὶ
1659 4929 1797 5001 πρὸς
1824 4948 1926 4999 γυ-

335 5010 504 5064 ναῖκα
544 5008 758 5079 χήραν;
796 5008 860 5061 Εἰ
907 5007 1018 5081 γὰρ
1049 5009 1279 5084 εὔπορος
1307 5008 1399 5085 ἦν,
1431 5016 1479 5068 εί
1523 5015 1632 5088 γὰρ
1661 5019 1928 5075 πλουσιω-

334 5102 500 5170 τάτη,
539 5102 590 5154 εί
633 5099 743 5171 γὰρ
771 5099 938 5155 αὐτοῦ
971 5102 1067 5156 τοῦ
1105 5103 1479 5174 βασιλεύοντος
1519 5113 1680 5184 γυνὴ,
1733 5116 1781 5168 εί
1817 5115 1927 5188 γάρ

333 5193 563 5261 ταμιεῖα
610 5189 822 5244 πολλῶν
870 5187 1014 5262 εἶχεν
1063 5195 1499 5268 ἐμπεπλησμένα
1546 5187 1923 5276 γεννημάτων,

335 5283 438 5335 οὐκ
485 5281 554 5336 ἂν
585 5281 756 5352 αὐτῆς
801 5283 1001 5352 μᾶλλον
1048 5285 1148 5356 τῆς
1176 5287 1280 5358 γῆς
1315 5289 1416 5361 τὴν
1460 5295 1778 5364 προαίρεσιν
1826 5300 1928 5354 ἀπ.

335 5375 662 5447 εστείρωσεν
709 5375 738 5426 ὁ
771 5376 866 5428 τοῦ
897 5375 1056 5447 λιμοῦ
1099 5378 1296 5448 φόϐοςς
1327 5382 1444 5436 Ἵνα
1469 5381 1563 5440 οὖν
1593 5387 1666 5459 μὴ
1691 5390 1864 5446 ταῦτα
1895 5395 1925 5447 6

334 5465 628 5536 προφήτης
657 5463 812 5535 λέγῃ,
853 5465 990 5536 μηδὲ
1027 5467 1422 5538 διαλογίζηται,
1457 5473 1546 5527 διὰ
1572 5477 1730 5529 τοῦτο
1767 5479 1922 5544 αὐτὸ,

333 5553 490 5630 [550]
533 5559 799 5626 πρότερον
829 5557 916 5611 διὰ
951 5558 1061 5612 τῶν
1096 5560 1348 5630 κοράκων
1391 5563 1610 5633 ἔθρεψε,
1639 5575 1922 5644 μονονουχὶ

331 5647 475 5720 πρὸς
498 5647 662 5702 αὑτὸν
687 5645 861 5716 λέγων
887 5649 978 5704 διὰ
999 5650 1108 5704 τῶν
1134 5653 1461 5722 γενομένων,
1483 5658 1564 5711 ὅτι
1589 5659 1648 5710 Εἰ
1670 5662 1769 5733 τήν
1796 5664 1920 5718 ἄλο-

331 5755 431 5807 γον
467 5737 627 5807 φύσιν
654 5735 998 5810 ξενοδοχῆσαί
1029 5759 1089 5795 σε
1123 5748 1534 5814 παρεσκεύασα,
1576 5753 1752 5823 πολλῷ
1787 5757 1919 5826 μᾶλ-

329 5821 424 5885 λον
454 5833 484 5903 ﬁ
511 5829 705 5900 λογικὴ
745 5832 1094 5900 πεισθήσεται
1124 5837 1279 5891 τοῦτο
1315 5841 1554 5912 ποιῆσαι.

1595 419 1662 476 ΙΝ
1707 420 1962 478 ΙΞΕῙᾸᾹΜ
2001 423 2088 479 ET
2125 425 2406 484 VIDUAM.

3525 439 3631 496 3-50

2119 543 2188 603 γ’.
2217 539 2316 592 Διὰ
2337 539 2495 595 τοῦτο
2513 541 2649 613 μετὰ
2662 542 2788 607 τοὺς
2803 544 3042 618 κόρακας
3062 547 3090 618 ἡ
3110 548 3275 620 χήρα.
3295 551 3401 606 Καὶ
3421 547 3488 624 ἦν
3507 554 3636 610 ἰδεῖν

2046 623 2140 677 τὸν
2170 629 2456 700 προφήτην
2495 630 2750 684 ὑπόδικον
2779 633 3069 704 γενόμενον
3103 638 3381 708 γυναικὸς,
3411 643 3508 714 τὴν
3539 645 3633 696 ού-

2051 715 2334 786 ρανομήκη
2359 717 2454 770 καὶ
2482 717 2632 771 θείαν
2659 717 2840 791 ψυχὴν
2867 723 3104 796 ἐκείνην,
3135 727 3226 779 τὸν
3251 733 3498 796 γενναῖον
3537 732 3634 786 καὶ

2047 798 2251 868 ὑψηλὸν
2288 803 2496 866 Ἠλίαν,
2547 805 2738 879 ὥσπερ
2778 807 2982 882 ἀλήτην
3025 813 3148 865 τινὰ
3190 815 3284 868 καὶ
3328 815 3632 890 προσαίτην

2048 889 2184 960 πρὸς
2212 889 2310 954 τὰς
2341 891 2510 963 θύρας
2539 895 2639 966 τῆς
2671 898 2847 968 χήρας
2879 899 3191 970 ἐρχόμενον,
3219 903 3312 956 καὶ
3339 905 3398 958 τὸ
3428 889 3627 976 στόμα,

2045 976 2073 1029 ὃ
2099 977 2192 1030 τὸν
2224 979 2452 1052 οὐρανὸν
2475 981 2706 1056 ἔκλῳε,
2738 985 2836 1051 τὰς
2861 987 2970 1040 τῶν
2999 993 3436 1060 προσαιτούντων
3463 997 3632 1066 φθεγο

2045 1064 2280 1135 γόμενον
2315 1071 2500 1137 φωνάς
2523 1087 2536 1103 ·
2569 1073 2668 1138 Δός
2707 1091 2797 1143 μοι
2838 1074 3024 1146 ἄρτον,
3055 1077 3142 1142 δός
3193 1097 3284 1150 μοι
3323 1064 3502 1156 ὕδωρ·
3539 1064 3630 1140 ἵνα

2047 1156 2110 1209 σὺ
2145 1157 2324 1230 μάθῃς
2351 1161 2432 1214 ὅτι
2477 1161 2633 1215 οὐδὲν
2679 1161 2850 1230 οὕτως
2893 1167 3215 1239 ἐπιτήδειον,
3257 1171 3334 1236 ὡς
3369 1175 3630 1240 γυναικὸς

2043 1244 2190 1298 οίκία
2219 1248 2427 1318 χήρας,
2463 1251 2558 1303 καὶ
2598 1253 2770 1324 σκηνὴ
2809 1254 3000 1318 πενίας
3033 1256 3296 1326 γέμουσα,
3335 1261 3428 1315 καὶ
3460 1261 3628 1317 πλού-

2039 1349 2134 1385 του
2170 1335 2264 1386 καὶ
2295 1335 2404 1388 τῶν
2437 1338 2546 1391 ἀπὸ
2581 1339 2674 1392 τοῦ
2708 1341 2938 1396 πλούτου
2987 1345 3171 1398 κακῶν
3209 1348 3625 1423 ἀπηλλαγμένη.

2043 1421 2302 1492 Καθαρὸν
2327 1423 2432 1494 γὰρ
2455 1423 2700 1497 θορύϐων
2729 1424 2796 1498 ἦν
2822 1429 2882 1482 τὸ
2911 1431 3124 1502 χωρίον,
3150 1435 3243 1486 καὶ
3270 1437 3450 1500 πάσης
3479 1421 3628 1508 φιλο-

2045 1508 2240 1576 σοφίας
2299 1511 2528 1578 μεστὸν,
2595 1516 2688 1566 καὶ
2753 1516 2970 1586 λιμένος
3029 1522 3229 1585 παντὸς
3281 1525 3622 1600 εύδιὼτερονζ

2043 1596 2275 1650 Τοιαῦτα
2309 1598 2372 1670 δὴ
2407 1602 2639 1670 μάλιστα
2669 1605 3060 1678 ἐνδιαιτήματα
3090 1612 3198 1665 τῶν
3227 1613 3397 1683 ἁγίων
3427 1618 3626 1690 ἐπιζη-

2041 1682 2223 1736 τοῦσιν
2253 1687 2308 1738 αἱ
2339 1687 2531 1758 ψυχαί.

2125 1795 2314 1864 Ἀπῄει
2369 1797 2544 1850 τοίνυν
2589 1801 2726 1871 πρὸς
2773 1804 2872 1874 τὴν
2905 1807 3081 1878 χήραν
3109 1809 3138 1861 ό
3172 1813 3486 1882 προφήτης,
3525 1817 3629 1886 τῆς

2055 1879 2351 1952 Ἰουδαϊκῆς
2377 1885 2686 1953 μισοξενίας
2711 1888 2934 1962 ἔλεγχον
2964 1895 3232 1968 ἐσομένην
3255 1915 3268 1930 ·
3296 1899 3464 1970 ἀπῄει
3489 1903 3628 1974 πρὸς

2041 1966 2141 2036 τὴν
2179 1971 2389 2038 χήραν,
2425 1971 2692 2028 διδάσκων
2736 1975 2983 2042 ἅπαντας
3021 1982 3100 2034 ὅτι
3137 1983 3360 2049 δικαίως
3412 1987 3628 2060 ἐκείνην

2042 2055 2138 2124 τὴν
2183 2056 2404 2112 κόλασιν
2452 2060 2813 2130 ὑπομένουσιν
2870 2067 3131 2124 Ἰουδαῖοι.
3185 2073 3294 2127 Καὶ
3338 2074 3448 2147 γὰρ
3497 2078 3627 2132 ὅταν

2047 2141 2214 2214 μέλλῃ
2245 2144 2398 2208 τινὰς
2429 2146 2677 2232 κολάζειν
2709 2153 2736 2204 ὁ
2763 2151 2916 2217 Θεὸς,
2943 2157 3041 2226 οὐχ
3081 2159 3269 2224 ἁπλῶς
3302 2141 3499 2232 ἐπάγει
3525 2165 3628 2237 τὴν

2042 2231 2345 2300 τιμωρίαν,
2391 2233 2511 2288 οὐδὲ
2558 2224 2621 2308 τῇ
2676 2238 2778 2307 τῆς
2827 2243 3032 2308 οἰκείας
3085 2245 3322 2320 κρίσεως
3373 2250 3628 2322 ἀρκεῖται

2019 2315 2226 2387 ¹ψήφῳ,
2257 2317 2394 2372 ἀλλά
2425 2323 2518 2375 καὶ
2544 2326 2656 2385 τοῖς
2685 2327 2996 2398 ἀνθρώποις
3025 2315 3255 2386 διάτῶν
3279 2315 3626 2407 πραγμάτων

2044 2405 2411 2474 ἀπολογεῖται,
2445 2409 2634 2484 ὥσπερ
2659 2415 2718 2467 ἐν
2744 2417 2906 2488 κοινῷ
2939 2419 3277 2494 δικαστηρίῳ
3307 2425 3629 2496 κρινόμενος

2042 2493 2164 2556 ταῖς
2199 2493 2308 2547 τῶν
2357 2495 2569 2550 πολλῶν
2614 2501 2912 2568 ὑπονοίαις.
2961 2507 3069 2560 Καὶ⁵
3100 2509 3354 2582 καθάπερ
3395 2515 3445 2566 οί
3475 2513 3629 2568 δικάο

2043 2576 2224 2642 ζοντες
2247 2623 2262 2648 ,
2309 2583 2435 2638 ὅταν
2473 2587 2706 2656 μέλλωσί
2753 2608 2873 2646 τινα
2915 2594 3016 2666 τὴν
3057 2597 3150 2650 ἐπὶ
3193 2597 3424 2655 θάνατον
3471 2602 3628 2672 ἄγειν

2041 2667 2178 2731 ὁδὸν,
2211 2671 2296 2739 ἐφ’
2328 2672 2532 2742 ὑψηλοῦ
2555 2675 2646 2728 τοῦ
2676 2677 2921 2749 βήματος
2960 2685 3526 2754 προκαθίσαντες,καὶ
3556 2693 3626 2747 τά

2045 2759 2526 2830 παραπετάσματα
2553 2765 2980 2839 συνελκυσθῆναι
3011 2772 3386 2840 κελεύσαντες,
3404 2779 3498 2832 καὶ
3528 2781 3627 2852 τὴν

2043 2845 2198 2898 πόλιν
2223 2847 2409 2912 αὐτοῖς
2447 2854 2876 2924 περιστήσαντες
2916 2857 3136 2914 ἃπασαν
3155 2903 3170 2928 ,
3200 2863 3343 2918 οὕτω
3374 2867 3626 2942 καθάπερ

2044 2935 2102 2987 ἐν
2134 2935 2346 3008 θεάτρῳ
2384 2940 2548 3010 κοινῷ
2577 2941 2886 3009 δικάζοντες
2914 2949 3050 3018 πρὸς
3071 2950 3162 3005 τὸν
3191 2955 3501 3023 κατάδικον,
3521 2959 3628 3011 67:6

2041 3024 2163 3084 ταῖς
2203 3025 2459 3080 ἁπάντων
2492 3029 2648 3097 ὄψεσι
2691 3032 2784 3086 καὶ
2827 3033 3018 3099 ἀκοαῖς
3046 3037 3146 3102 τὰς
3181 3039 3404 3108 πεύσεις
3449 3045 3630 3100 ποιού-

2046 3126 2218 3179 μενοι,
2245 3113 2338 3165 καὶ
2365 3113 2434 3166 τὰ
2473 3115 2842 3190 ὑπομνήματα
2879 3121 2988 3176 τῶν
3027 3125 3256 3192 ἐκείνοις
3288 3131 3626 3205 τετολμημέο

2042 3212 2151 3251 νων
2183 3199 2606 3273 ἀναγνωσθῆναι
2643 3206 2977 3276 κελεύοντες,
3025 3214 3120 3266 καί¹
3147 3215 3311 3268 αὐτὸν
3339 3217 3430 3272 τὸν
3459 3221 3628 3274 ὑπεύ-

2043 3285 2201 3342 θυνον
2232 3290 2340 3344 τῶν
2379 3293 2528 3364 αὐτῷ
2575 3296 2996 3368 τετολμημένων
3021 3303 3275 3369 γενέσθαι
3318 3309 3626 3382 κατήγορον

2041 3378 2572 3448 παρασκευάζοντες,
2609 3384 2730 3437 τότε
2759 3387 2858 3456 τὴν
2902 3389 3082 3460 ψῆφον
3112 3393 3410 3462 ἐπάγουσιν
3435 3412 3447 3424 ·
3479 3398 3626 3454 οὕτω

2041 3464 2138 3516 καὶ
2161 3465 2191 3516 6
2231 3465 2390 3532 Θεὸς,
2424 3468 2678 3543 καθάπερ
2711 3473 2796 3543 ἐφ’
2842 3475 3047 3548 ὑψηλοῦ
3075 3479 3171 3532 τοῦ
3206 3482 3484 3554 βήματος,
3524 3487 3622 3542 τοῦ

2039 3550 2148 3604 τῶν
2176 3553 2408 3624 Γραφῶν
2437 3557 2793 3630 κηρύγματος
2825 3565 3182 3635 προκαθίσας,
3320 3571 3419 3645 τήν
3445 3577 3625 3629 οίκου-

2043 3637 2216 3710 μένην
2246 3643 2466 3698 ἃπασαν
2515 3649 2872 3721 περιστήσας,
2901 3653 3008 3706 67:6
3032 3658 3153 3722 ταῖς
3179 3659 3434 3715 ἁπάντων
3467 3663 3625 3734 ὄψεσι

2040 3733 2136 3784 καὶ
2155 3732 2347 3796 ἀκοαῖς
2369 3737 2600 3788 ποιεῖται
2630 3735 2740 3791 τῶν
2773 3739 3192 3812 ἁμαρτημάτων
3219 3747 3319 3820 τὴν
3349 3732 3620 3822 ἐξέτασιν,

2038 3819 2138 3890 οὐχ
2165 3821 2530 3892 ὑπομνήματα
2551 3824 2965 3900 ἀναγνωσθῆναι
2996 3832 3254 3902 κελεύων,
3278 3819 3411 3891 οὐδὲ
3434 3819 3621 3914 γράμέ

2043 3925 2190 3978 ματα
2214 3912 2480 3984 παράγων
2518 3915 2598 3977 είς
2627 3916 2810 3985 μέσον,
2833 3918 2949 3972 ἀλλ’
2979 3922 3163 3988 αὐτοῖς
3191 3927 3340 3997 ἡμᾶς
3367 3912 3484 3994 τοῖς
3509 3912 3622 3990 τῶν

2040 3997 2345 4050 καταδίκων
2380 4000 2614 4070 ἐφιστῶν
2641 4004 3058 4078 ἁμαρτήμασιν.

2109 4106 2170 4160 δ’.
2201 4109 2330 4162 Ὂτε
2347 4110 2477 4178 γοῦν
2489 4112 2616 4176 τοὺς
2633 4113 2902 4184 χαλεποὺς
2921 4121 3218 4190 κεραυνοὺς
3230 4125 3370 4180 κατὰ
3392 4127 3501 4183 τῶν
3523 4129 3622 4184 Σο-

2037 4192 2273 4264 δομιτῶν
2301 4197 2517 4265 ἀφεῖναι
2533 4201 2753 4270 ἤμελλε,
2773 4204 2868 4258 καὶ
2889 4205 3094 4278 δήμους
3123 4211 3217 4264 καὶ
3245 4213 3428 4279 πόλεις
3450 4217 3621 4291 ἀναρ-

2039 4282 2234 4346 πάζειν
2263 4285 2328 4338 ἐκ
2357 4286 2522 4357 μέσου
2548 4291 2646 4359 της
2676 4290 2863 4364 χώρας
2903 4293 2992 4348 διὰ
3031 4297 3129 4368 τῆς
3153 4300 3393 4373 φοϐερᾶς
3419 4282 3620 4374 φλογδς

2037 4371 2269 4442 ἐκείνης,
2305 4373 2392 4427 ὅτε
2423 4375 2512 4429 τὸν
2541 4379 2730 4432 καινὸν
2757 4381 2850 4434 καὶ
2875 4383 3180 4454 παράδοξον
3213 4387 3368 4442 ὑετὸν
3393 4391 3487 4443 ἐπὶ
3519 4392 3620 4462 τὴν

2037 4459 2140 4530 γῆν
2161 4461 2334 4530 ἠφίει,
2353 4460 2446 4514 τοῦ
2473 4464 2737 4536 προτέρου
2761 4470 3196 4542 φρικωδέστερον
3220 4473 3368 4540 ὄντα,
3395 4476 3453 4530 ὃν
3475 4459 3620 4550 πρῶ·

2035 4565 2127 4600 τον
2167 4550 2260 4601 καὶ
2299 4549 2457 4618 μόνον
2487 4551 2639 4622 ἥλιος
2669 4555 2882 4610 ἐπεῖδεν
2903 4573 2917 4587 ο
2948 4557 3072 4612 ἐπεὶ
3101 4559 3342 4616 τοιοῦτον
3367 4565 3496 4634 πρὶν
3525 4549 3554 4608 λι
3581 4569 3614 4638 ἢ

2035 4635 2134 4706 τὴν
2159 4634 2379 4688 κόλασιν
2399 4637 2605 4710 ταύτην
2634 4642 2953 4711 ἐπαγαγεῖν,
2985 4644 3152 4713 ἔδειξε
3177 4647 3284 4702 τῶν
3312 4650 3618 4722 μελλόντων

2035 4721 2360 4788 κολάζεσθαι
2391 4725 2490 4796 τὴν
2514 4729 2778 4800 πονηρίαν
2807 4733 2961 4802 ἡμῖν,
2991 4735 3110 4806 οὐχὶ
3151 4721 3457 4810 γράμματα
3484 4743 3617 4796 ἀνα-

2034 4811 2340 4880 γινώσκων,
2369 4814 2621 4888 καθάπερ
2649 4817 2804 4889 ἔφην,
2834 4819 2950 4874 ἀλλ’
2979 4823 3120 4876 αύτά
3141 4827 3222 4890 είς
3267 4828 3432 4898 μέσον
3471 4848 3615 4904 παρε

2034 4900 2260 4967 αγαγὼν
2285 4899 2354 4956 τὰ
2382 4902 2602 4974 ἀμαρτή
2612 4922 2777 4974 ματα.
2801 4907 2900 4962 Διά
2918 4908 3076 4965 τοῦτο
3095 4912 3226 4982 γοῦν
3246 4913 3460 4988 έπεμψε
3489 4899 3616 4986 τοῦς

2034 4988 2320 5056 ἀγγέλους,
2349 4989 2445 5061 ούχ
2475 4991 2563 5044 ἵνα
2592 4992 2685 5046 τὸν
2704 4993 2828 5048 Λὼτ
2851 4995 3162 5067 ἐξαγάγωσι
3183 5001 3364 5074 μόνον,
3387 5006 3504 5061 ἀλλ’
3530 5009 3618 5062 ἵνα

2036 5093 2118 5129 σοι
2147 5075 2362 5141 δείξωσι
2392 5077 2490 5149 τὴν
2524 5082 2873 5153 παρανομίαν
2898 5085 3154 5142 ἐκείνωνθ
3177 5090 3207 5144 6
3225 5091 3290 5165 δή
3325 5095 3420 5148 καὶ
3451 5095 3618 5164 γέγο-

2031 5181 2142 5218 νεν.
2189 5164 2410 5238 Ἐπειδὴ
2439 5167 2549 5239 γάρ
2587 5169 2786 5236 αὐτοὺς
2825 5173 2854 5226 6
2890 5172 3016 5228 Λὼτ
3057 5164 3376 5246 ὑπεδέξατο,
3409 5181 3509 5252 τὴν
3537 5185 3616 5236 οῖ-

2033 5251 2157 5305 κίαν
2183 5253 2534 5324 ἐπολιόρκουν
2557 5255 2654 5310 τοῦ
2682 5257 2957 5332 ξενοδόχου
2986 5264 3206 5328 πάντες,
3235 5269 3616 5338 περιιστάντες

2034 5338 2184 5413 [551]
2211 5340 2414 5412 κύκλῳ.
2459 5343 2814 5420 Ἑστρατήγει
2846 5347 2904 5402 δὲ
2933 5353 3031 5420 τῆς
3065 5351 3379 5422 πολιορκίας
3410 5355 3613 5424 ἄτοπος

2031 5427 2189 5498 ἔρως.
2225 5429 2319 5483 καὶ
2351 5429 2551 5500 μίξεως
2585 5433 2851 5506 ἐπιθυμία
2881 5437 3225 5506 παρανόμου,
3273 5442 3368 5496 καὶ
3393 5442 3614 5514 ἡλικίας

2031 5517 2127 5569 καὶ
2161 5516 2374 5584 φύσεως
2402 5519 2559 5590 ὄρους
2595 5521 3018 5590 ὑπερϐαίνουσα.
3038 5523 3177 5578 Οὐδὲ
3195 5525 3308 5600 γὰρ
3335 5530 3611 5588 νεανίσκοι

2031 5607 2396 5676 περιέστησαν
2446 5607 2626 5676 μόνον,
2669 5605 2786 5660 ἀλλ’
2823 5607 2922 5679 ήδη
2979 5609 3075 5663 καὶ
3121 5615 3425 5686 πρεσϐῦται
3447 5634 3462 5648 ⁸
3516 5623 3612 5677 καὶ

2027 5691 2149 5745 οὐδὲ
2179 5693 2214 5760 ἡ
2238 5691 2397 5744 πολιὰ
2424 5693 2522 5764 τὴν
2561 5691 2767 5747 λύτταν
2788 5695 3150 5764 κατέπαυσεν,
3189 5702 3309 5758 οὐδὲ
3334 5705 3399 5760 τὸ
3433 5707 3615 5780 γῆρας

2094 5865 2115 5892 ⁸
2139 5865 2288 5914 Savil.
2319 5867 2368 5916 in
2390 5880 2542 5930 marg.
2567 5870 2671 5931 :‘onj
2714 5870 2866 5920 ἐπεῖδε
2889 5873 3123 5924 τοιοῦτον·
3145 5881 3268 5942 πρίν.
