4062 6434
486 372 585 428 ειι

487 484 581 555 τὴι
619 480 817 553 μανίαν
839 479 1083 547 ἔσϐεσεν,
1106 480 1221 534 ἀλλ’
1243 476 1311 553 ἦν
1335 480 1462 534 ἰδεῖν
1491 482 1549 533 ἐν
1568 480 1746 552 λιμένι
1775 480 2061 549 ναυάγιον,

487 571 548 624 ἐν
591 573 739 643 γήρᾳ
785 570 1100 642 παράνομον
1147 569 1465 639 ἐπιθυμίαν.
1510 570 1619 624 Καὶ
1662 568 1784 622 οὐδὲ
1830 567 2065 622 ἐνταῦθα

487 659 724 730 ἔστησαν
744 659 844 728 τῆς
874 658 1240 730 παρανομίας,
1264 658 1398 713 ἀλλά
1419 658 1513 713 τοῦ
1537 656 1662 712 Λὼτ
1683 658 2060 730 ὑποσχομένου

484 748 586 814 τὰς
627 746 823 801 ἐαυτοῦ
868 747 1213 821 παραδώσειν
1243 748 1567 821 θυγατέρας,
1613 747 1734 802 οὐδὲ
1760 746 1934 812 οὕτως
1960 750 2063 817 ἀφ-

491 839 722 900 ίσταντο,
757 836 872 890 ἀλλ’
898 836 1181 891 ἐπέκειντο
1199 879 1215 903 ,
1254 837 1507 907 λέγοντες
1537 837 1613 911 μή
1638 836 1901 910 πρότερον
1930 837 2065 889 ἀπο-

486 922 799 995 στήσεσθαι,
834 923 937 987 ἕως
967 923 1033 978 ἂν
1065 925 1190 989 τοὺς
1218 925 1416 997 ἄνδρας
1444 924 1652 978 λάϐωσι
1672 939 1686 953 ⁸
1717 925 1812 978 καὶ
1850 923 2062 995 μεγάλα

482 1010 740 1081 ἠπείλουν
767 1010 959 1065 δώσειν
984 1009 1131 1066 κακά
1145 1011 1224 1085 τῷ
1248 1011 1349 1075 τάς
1376 1012 1570 1065 ἑαυτοῦ
1594 1011 1900 1082 θυγατέρας
1931 1011 2065 1065 ύποο

485 1099 733 1170 σχομένῳ
762 1097 955 1152 δώσειν
982 1099 1069 1152 διά
1100 1100 1200 1167 τὴν
1223 1101 1300 1164 εἰς
1333 1101 1458 1164 τοὺς
1486 1100 1672 1168 ξένους
1694 1101 1880 1172 τιμήν.
1908 1097 2063 1165 Εἶδες

481 1185 601 1249 πῶς
632 1182 972 1254 πανταχόθεν
1003 1183 1173 1251 ἔδειξε
1206 1184 1313 1238 τῶν
1350 1184 1653 1256 Σοδομιτῶν
1693 1184 1792 1256 τήν
1837 1184 2059 1252 κακίαν,

480 1273 578 1327 καὶ
599 1271 721 1326 τότε
748 1271 846 1344 τὴν
874 1271 1148 1343 τιμωρίαν
1176 1273 1493 1344 ἐπήγαγεν;
1522 1272 1641 1327 Ἵνα
1670 1272 1779 1344 γάρ
1814 1271 1888 1344 μή
1923 1272 2062 1344 μετὰ

478 1358 654 1416 ταῦτα
691 1360 833 1433 ὁρῶν
861 1359 1259 1431 κολαζομένους
1310 1361 1509 1425 αὐτοὺς
1547 1361 1932 1433 κατακλασθῇς
1971 1359 2062 1415 διά

475 1448 542 1503 τδ
566 1447 795 1520 μέγεθος
812 1446 915 1519 τῆς
946 1465 1010 1502 συ
1019 1449 1253 1520 μφοράς,
1276 1448 1410 1520 μηδὲ
1436 1450 1553 1520 μετ’
1576 1450 1799 1504 ἐκείνων
1822 1448 2060 1520 ἐγκαλῇς

476 1535 559 1609 τῷ
589 1536 729 1609 Θεῷ,
769 1535 906 1590 ἀλλά
938 1535 1076 1607 μετά
1102 1533 1196 1589 τοῦ
1230 1534 1366 1589 Θεοῦ
1412 1535 1753 1609 κατακρίνῃς
1792 1537 2057 1601 ἐκείνους,

478 1623 767 1696 προλαϐὼν
814 1626 881 1695 τῇ
914 1623 1013 1694 τῆς
1052 1623 1318 1695 πονηρίας
1351 1623 1657 1689 ἀποδείξει,
1703 1624 1881 1677 πάντα
1933 1640 2062 1695 προ-

479 1713 799 1784 ανήρπασεν
830 1710 1012 1766 αὐτῶν
1042 1711 1135 1765 τὸν
1164 1710 1332 1774 ἔλεον,
1383 1715 1482 1784 τῆς
1516 1712 1653 1783 πρὸς
1685 1713 1882 1774 αὐτοὺς
1920 1729 2059 1782 συμ-

478 1799 710 1863 παθείας
742 1796 1047 1867 ἀπαγαγὼν
1074 1799 1244 1868 ἡμᾶς.
1257 1800 1323 1851 '0
1348 1797 1414 1870 δὴ
1441 1799 1536 1852 καὶ
1567 1799 1661 1852 νῦν
1686 1800 1780 1852 ἐπὶ
1803 1799 1899 1853 τοῦ
1926 1816 2061 1868 προ-

478 1888 651 1959 φήτου
700 1885 1021 1958 πεποίηκεν.
1063 1884 1181 1939 Ἵνα
1221 1884 1297 1956 μὴ
1343 1884 1567 1956 θεωρῶν
1614 1886 1719 1940 ὑπὸ
1753 1885 1849 1940 τοῦ
1898 1885 2058 1957 λιμοῦ

475 1971 962 2046 διαφθειρομένους
988 1973 1115 2036 τοὺς
1153 1972 1441 2035 Ἰουδαίους
1472 1973 1666 2044 ἀλγῇς,
1705 1973 1945 2028 δείκνυσί
1976 1991 2059 2027 σοι

475 2063 576 2136 τὴν
605 2061 1003 2135 ἀπανθρωπίαν
1026 2061 1208 2115 αὐτῶν
1236 2063 1332 2115 καὶ
1373 2061 1471 2134 τήν
1499 2061 1781 2135 ὠμότητα,
1826 2064 1921 2118 καὶ
1959 2065 2060 2136 τῆς

477 2151 785 2223 φιλοξενίας
819 2148 917 2221 τὴν
952 2149 1169 2205 σπάνιν.
1211 2150 1288 2204 Οὐ
1323 2148 1434 2223 7&9
1458 2150 1525 2221 δὴ
1556 2151 1717 2222 μόνον
1743 2152 1842 2222 οὐχ
1872 2152 2059 2206 ὑπεδέ-

476 2242 638 2308 ξαντο
657 2238 749 2292 τὸν
781 2238 1091 2309 προφήτην,
1123 2236 1260 2291 ἀλλά
1288 2237 1385 2292 καὶ
1407 2238 1750 2293 ἀποκτείνειν
1771 2239 2052 2310 ἠπείλουν·

477 2329 571 2382 καὶ
607 2326 764 2381 τοῦτο
800 2325 960 2396 δῆλον
994 2326 1058 2378 ἐκ
1087 2324 1197 2378 τῶν
1235 2323 1371 2378 Θεοῦ
1410 2324 1694 2396 ῥημάτων.
1741 2327 1815 2380 Οὐ
1842 2325 1952 2399 7&9
1983 2324 2061 2381 εἷ-

477 2433 599 2478 πεν,
633 2412 1066 2482 Ἀναχώρησον,
1104 2413 1285 2485 μόνον,
1311 2411 1449 2467 ἀλλά
1481 2413 1595 2478 καὶ,
1629 2415 1906 2482 Κρύϐηθι.
1942 2414 2058 2469 Οὐκ

475 2504 639 2575 ἀρκεῖ
661 2500 770 2572 γάρ
810 2517 891 2553 σοι
924 2500 1059 2572 πρὸς
1100 2499 1375 2573 σωτηρίαν
1415 2503 1447 2574 ή
1488 2500 1666 2573 φυγὴ,
1693 2501 1828 2555 ἀλλά
1852 2501 1935 2556 δεῖ
1962 2502 2058 2557 καὶ

473 2591 658 2645 λαθεῖν
686 2588 826 2661 μετά
857 2588 1057 2658 πολλῆς
1079 2589 1179 2660 τῆς
1206 2589 1528 2661 ἀκριϐείας·
1563 2590 1737 2663 δῆμος
1764 2591 1876 2663 γάρ
1907 2593 2057 2645 ἐστιν

485 2677 793 2743 Ἰουδαῖκὺς,
842 2676 1014 2747 δῆμος
1057 2676 1306 2746 αἱμάτων
1340 2675 1509 2747 διψῶν
1542 2680 1921 2750 προφητικῶν,
1962 2680 2058 2736 καὶ

473 2768 594 2831 ταῖς
641 2765 751 2820 τῶν
793 2763 965 2833 ἀγίων
1027 2762 1410 2835 ἐμμελετήσας
1464 2768 1705 2836 σφαγαῖς
1728 2782 1742 2797 ·
1797 2766 1906 2821 ἀπὸ
1946 2768 2056 2823 τῶν

474 2851 830 2926 προφητικῶν
857 2850 1106 2922 αἱμάτων
1136 2850 1224 2905 ἀεὶ
1245 2850 1345 2916 τὰς
1373 2852 1584 2908 ἑαυτῶν
1612 2854 1830 2925 ᾕμαξαν
1853 2855 2054 2921 δεξιάς.

474 2951 607 3016 Καὶ,
651 2951 743 3004 ὅτε
795 2949 895 3021 μέν
934 2950 1001 3002 ἐκ
1054 2949 1156 3020 τῆς
1210 2950 1470 3014 Ἰουδαίας
1512 2951 1674 3005 αὑτὸν
1723 2952 2054 3025 ἐξέπεμψεν,

478 3049 730 3103 Ἄκελθε
754 3046 851 3099 καί
877 3046 1146 3114 κρύϐηθι›
1178 3046 1343 3117 φησιν
1360 3062 1374 3076 '
1401 3047 1490 3100 ὅτε
1512 3046 1569 3100 δὲ
1598 3046 1738 3119 πρὸς
1760 3048 1858 3122 τὴν
1880 3052 2057 3123 Χήραν

473 3142 824 3208 ἀπέστελλεν,
868 3140 1029 3211 Ἐγὼ,
1061 3143 1246 3212 φησιν,
1285 3142 1640 3213 ἑντελοῦμαι
1670 3145 1846 3214 αὐτῇ.
1894 3146 2058 3218 Ὁρᾷς

473 3242 593 3307 πῶς
625 3240 834 3296 ἐκεῖθεν
879 3236 979 3310 μὲν
1019 3237 1289 3309 φεύγοντα
1334 3238 1473 3310 μετὰ
1518 3240 1719 3312 πολλῆς
1760 3241 2058 3312 ἀσφαλείας

471 3341 630 3396 τοῦτο
659 3340 885 3410 ποιῆσαι
916 3336 1244 3409 προστάττει
1261 3351 1274 3366 ’
1300 3335 1537 3392 ἐνταῦθα
1557 3336 1616 3392 δὲ
1642 3339 2058 3411 καταφεύγοντα

473 3438 614 3512 μετά
655 3435 858 3506 πολλῆς
902 3433 1216 3507 παρρησίας
1265 3435 1361 3488 καὶ
1410 3435 1504 3489 τοῦ
1559 3436 1795 3509 θάρῤους
1837 3439 2057 3495 ἀπιέναι

472 3528 712 3596 κελεύεις

542 3655 609 3708 ε’.
629 3651 704 3704 Ού
727 3650 885 3705 τοῦτο
905 3650 963 3705 δέ
992 3651 1174 3723 μόνον,
1189 3648 1326 3705 ἀλλά
1351 3667 1406 3705 τι
1439 3652 1534 3705 καὶ
1560 3651 1647 3704 ἐτε
1655 3668 1748 3724 ρον
1768 3652 2056 3725 ᾠκονόμη-

472 3762 562 3800 ται
583 3746 673 3800 διὰ
687 3746 781 3815 τῆς
796 3744 892 3801 τοῦ
921 3748 1204 3818 προφήτου
1235 3744 1376 3816 πρὸς
1400 3744 1500 3815 τήν
1526 3746 1706 3817 χήραν
1729 3749 2058 3817 παρουσίας.

473 3843 593 3895 ’Ἱνα
620 3842 731 3913 γάρ
766 3839 841 3912 μὴ
873 3839 1011 3911 μετά
1037 3838 1213 3894 ταῦτα
1249 3839 1487 3911 ὁρῶντές
1531 3856 1678 3905 τινες
1703 3840 1794 3895 τὸν
1822 3843 2059 3913 Χριστὸν

473 3936 613 4009 μετά
633 3936 731 4000 τὰς
754 3935 954 4000 πολλὰς
985 3936 1079 3989 καὶ
1109 3936 1351 4007 ἁφάτους
1396 3936 1690 4007 εὑργεσίας
1714 3938 1814 4003 τὰς
1841 3941 1933 3994 ἐπὶ
1958 3941 2058 4012 τῆς

480 4031 763 4095 Ἰουδαίας,
786 4031 923 4102 μετᾶ
953 4033 1082 4095 τοὺς
1117 4032 1346 4102 μυρίους
1370 4033 1619 4105 νεκροὺς,
1651 4032 1743 4099 οὓς
1766 4036 2055 4107 ἀνέστησε,

474 4123 614 4193 μετά
631 4123 758 4186 τοὺς
773 4122 1029 4191 τυφλοὺς,
1044 4122 1138 4185 οὓς
1157 4122 1460 4193 ἀναϐλέψαι
1489 4125 1737 4196 ἐποίησε,
1767 4128 1908 4198 μετὰ
1928 4130 2056 4192 τοὺς

470 4213 728 4285 λεπροὺς,
755 4213 850 4278 οὒς
880 4213 1142 4284 ἐκάθηρε,
1177 4214 1315 4285 μετά
1344 4215 1472 4279 τοὺς
1494 4215 1780 4288 δαίμονας,
1821 4218 1916 4284 οὓς
1947 4221 2058 4275 ἀπ.

470 4305 662 4379 ήλασε,
683 4305 823 4377 μετά
839 4304 937 4376 τὴν
955 4304 1054 4358 θαυ
1064 4306 1276 4375 μαστήν
1295 4307 1390 4360 καὶ
1405 4309 1670 4380 σωτήριον
1679 4310 2054 4377 διδασκαλίαν,

470 4398 623 4470 παρά
655 4398 754 4470 μὲν
784 4396 892 4453 τῶν
913 4397 1383 4470 εὐεργετηθέντων
1411 4398 1791 4472 ἐλαυνόμενον,
1818 4405 1968 4478 παρὰ
1998 4407 2057 4461 δέ

467 4492 578 4545 τῶν
608 4493 665 4545 ἐν
694 4495 808 4556 τοῖς
827 4490 1008 4545 ἔθνεσι
1042 4490 1538 4562 τιμώμενον,ούδέν
1568 4494 1807 4550 τοιοῦτον
1837 4498 2056 4553 είδότων

468 4583 593 4637 οὗτε
623 4583 961 4654 ἀκηκοότων,
990 4582 1333 4654 θαυμάζωσι,
1355 4584 1675 4658 διαπορῶσι,
1697 4591 1792 4644 καὶ
1824 4592 2056 4648 ἄπιστον

468 4673 529 4727 τὸ
564 4675 794 4744 πρᾶγμα
825 4670 965 4728 εἶναι
993 4674 1288 4746 νομίζωσιν
1308 4693 1322 4708 ⁸
1359 4676 1566 4733 ἀνωθεν
1602 4682 1696 4737 καὶ
1723 4684 1830 4757 πρὸ
1857 4684 2053 4740 πολλοῦ

468 4763 565 4817 τοῦ
591 4765 786 4836 χρόνου
819 4766 908 4818 διά
936 4765 1045 4820 τῶν
1074 4766 1279 4821 δούλων
1322 4768 1422 4841 τὴν
1463 4771 1766 4846 Ἰουδαϊκὴν
1798 4776 2055 4850 ἀγνωμο-

470 4852 638 4925 σύνην
666 4854 929 4922 διδάσκει,
967 4858 1064 4912 καὶ
1108 4858 1215 4913 τῶν
1244 4859 1416 4917 ἐθνῶν
1462 4863 1865 4941 φιλοφροσύνην
1908 4872 2057 4943 ἡμᾶς

470 4944 737 5000 παιδεύει.
786 4946 943 5002 Οῦτω
991 4953 1123 5019 γοῦν
1177 4952 1270 5006 τὸν
1309 4954 1529 5027 Ἰωσὴφ,
1585 4957 1679 5023 οὓς
1722 4963 2056 5033 παρεγένετο

467 5035 686 5106 θρέψων
718 5039 946 5105 ἐκεῖνος,
971 5044 1065 5096 καὶ
1090 5043 1301 5099 ἀνελεῖν
1333 5047 1698 5123 ἐπεχείρησαν
1719 5092 1734 5118 ,
1768 5052 2055 5126 ἄνθρωπος

463 5129 524 5182 δὲ
577 5129 856 5205 βάρϐαρος
909 5135 991 5198 είς
1020 5136 1286 5208 μεγίστην
1325 5138 1503 5210 ήγαγε
1539 5144 1726 5215 τιμήν.
1771 5145 1929 5201 Οὕτω
1962 5148 2054 5202 τὸν

466 5220 621 5297 [552]
656 5226 865 5281 Μωσέα
895 5226 1187 5299 ἀπήλασαν
1215 5232 1264 5284 οἱ
1295 5232 1753 5308 εὐεργετηθέντες
1786 5239 2051 5308 Ἰουδαῖοι,

466 5314 762 5385 ὑπεδέξατο
774 5316 835 5374 Δδὲ
859 5319 1149 5394 ἄνθρωπος
1175 5322 1454 5397 βάρϐαρος
1486 5328 1709 5400 Ἰωθὼρ,
1732 5332 1827 5386 καὶ
1854 5332 2055 5404 πολλῆς

461 5406 629 5462 αύτδν
683 5409 1085 5486 φιλοφροσύνης
1124 5415 1378 5484 ἠξίωσεν.
1426 5418 1583 5474 Οὕτω
1630 5420 1723 5474 τὸν
1750 5421 1914 5478 Δαυῒδ
1941 5426 2050 5478 ἀπ-

462 5499 633 5571 ήλασε
658 5502 758 5572 μὲν
777 5506 806 5558 ὀ
823 5505 995 5561 Σαοὺλ
1015 5509 1156 5579 μετά
1170 5509 1270 5582 τὴν
1293 5510 1388 5564 τοῦ
1411 5512 1602 5567 ramo
1626 5516 1892 5588 κεφαλὴν,
1914 5519 2052 5588 μετά

462 5591 592 5682 τοῦς
621 5594 856 5682 μυρίους
885 5598 1185 5665 κινδύνους,
1217 5602 1312 5667 οὓς
1348 5605 1445 5658 καὶ
1478 5606 1630 5679 αὐτῷ
1664 5609 1760 5663 καὶ
1799 5611 1866 5682 τῇ
1899 5610 2052 5666 πόλει

466 5680 727 5776 πολλάκις
753 5685 1127 5759 ἐπαγομένους
1155 5692 1344 5750 ἔλυσεν
1364 5713 1378 5728 ο
1405 5699 1702 5766 ὑπεδέξατο
1726 5702 1783 5756 δὲ
1823 5680 2050 5776 ’Ᾰγχοὺς

466 5770 494 5820 ό
518 5773 812 5847 βαρϐάρων
858 5781 1130 5849 βασιλεὺς,
1178 5787 1272 5841 καὶ
1302 5791 1381 5855 εἰς
1418 5793 1618 5867 πολλὴν
1647 5797 1819 5869 ἤγαγε
1854 5770 2045 5873 τιμήν.

1157 377 1213 433 8.
1255 376 1543 434 JOANNIS
1580 375 2079 434 CIIRYSOSTOMI
2122 377 2442 440 ARCHIEP.
2484 386 3037 443 CONST.\NTINOP.

3648 392 3753 447 522

2169 481 2451 568 ῼῦτωκαὶ
2483 484 2579 539 νῦν
2630 488 2723 542 τὸν
2764 490 2950 544 Ἠλίαν
2983 493 3270 564 ἀπήλασαν
3325 499 3427 568 μὲν
3481 500 3749 568 Ἰουδαῖοι,

2166 564 2457 656 ύπεδέξατο
2505 569 2562 624 δέ
2594 573 2628 643 ή
2656 573 2823 643 χήρα.
2876 575 3047 629 Ὅταν
3074 572 3167 631 οῦν
3219 564 3337 653 ἴδῃς
3383 583 3480 637 τὸν
3510 564 3752 656 Χριστόν

2164 648 2617 738 ἀπελαυνόμενον,
2662 655 2764 726 μὲν
2815 657 2968 728 παρά
3026 661 3228 727 αὐτῶν,
3265 648 3663 738 ύποδεχόμένον
3690 672 3749 723 δὲ

2165 733 2316 822 παρά
2354 735 2465 822 τῶν
2489 736 2682 797 ἐθνῶν.
2736 740 2941 794 ἀνωθεν
2968 744 3097 807 τοὺς
3144 746 3348 813 τύπους
3385 733 3746 822 καταμαθὼν,

2293 816 2583 907 θαυμάσῃς
2633 823 2726 875 ἐπὶ
2767 824 2869 894 τῆς
2924 826 3019 881 τοῦ
3077 829 3405 900 πράγματος
3463 816 3744 907 ἀληθείας.

2169 900 2447 987 ’ῌκουσας
2477 903 2607 987 γοῦν
2638 907 2735 959 καὶ
2786 908 3029 978 σήμερον
3060 912 3155 965 τοῦ
3193 915 3432 984 Χριστοῦ
3468 900 3745 987 λέγοντος,

2162 983 2256 1069 καί
2290 984 2421 1038 αὐτὸ
2447 986 2605 1041 τοῦτο
2650 990 3047 1062 αἰνιττομένου.
3096 983 3255 1067 Πρὸς
3272 997 3383 1069 7&9
3429 983 3554 1067 τοὺς
3611 983 3746 1059 Ton:

2162 1066 2820 1151 8a!9u;§uqepatvow&;
2836 1066 3217 1150 διαλεγόμενος
3234 1066 3443 1151 ελεγ-εν,
3475 1066 3558 1139 ὃτι
3590 1091 3748 1143 Πολ-

2296 1150 2476 1239 χῆραι
2507 1149 2671 1225 ἦσαν
2691 1156 2763 1210 ἐν
2789 1159 2921 1226 ταῖς
2934 1148 3185 1230 ἡμέραις
3225 1148 3444 1231 Ἠλίου,
3472 1169 3572 1223 καί
3594 1172 3748 1239 πρὸς

2162 1233 2450 1324 οὐδεμίαν
2475 1239 2794 1324 ἀπεστάλη
2830 1244 3049 1311 Ἠλίας,
3083 1249 3138 1301 εί
3162 1248 3250 1316 μὴ
3279 1249 3431 1316 πρὸς
3476 1251 3596 1320 τὴν
3632 1233 3748 1324 ὶήζ

2153 1335 2275 1388 ραν
2306 1318 2422 1388 τὴν
2464 1321 2537 1376 ἐν
2579 1325 2904 1394 Σαρεςρθοῖς
2946 1326 3059 1395 τῆς
3100 1328 3383 1399 Σιδῶνος.
3432 1318 3573 1387 Ἀλλ’

2162 1406 2339 1460 ἐκεῖνο
2357 1406 2422 1461 ἄν
2447 1425 2531 1472 τις
2552 1407 2926 1482 διαπορήσειε,
2948 1413 3001 1466 τί
3026 1413 3226 1486 δήποτε
3263 1416 3354 1470 τὸν
3382 1417 3526 1472 οὕτω
3563 1420 3742 1492 ζηλώ-

2163 1505 2334 1545 σαντα
2367 1492 2507 1564 ὑπέρ
2529 1492 2629 1563 τῆς
2656 1492 2748 1547 τοῦ
2782 1494 2918 1549 Θεοῦ
2940 1496 3098 1568 δόξης
3125 1498 3404 1555 θλίϐεσθαι
3438 1504 3535 1556 καὶ
3567 1522 3745 1561 στενο-

2161 1575 2458 1661 χωρεῖσθαι
2501 1574 2719 1661 ἀφῆκεν
2756 1577 2965 1661 όνΘεὸς,
3002 1578 3100 1635 νῦν
3142 1581 3242 1652 μέν
3277 1585 3358 1646 είς
3385 1583 3478 1637 τὸν
3512 1589 3747 1661 χειμάρ-

2162 1657 2291 1725 ρουν
2322 1657 2576 1728 πέμπων,
2635 1658 2730 1714 νῦν
2766 1660 2825 1714 δὲ
2862 1662 3002 1734 πρὸς
3055 1663 3155 1736 τὴν
3187 1667 3365 1738 χήραν
3388 1709 3405 1736 ,
3454 1668 3551 1725 νῦν
3571 1657 3629 1725 δέ
3659 1657 3744 1739 είς

2160 1740 2291 1796 ἀλλο
2320 1743 2519 1815 χωρίον
2542 1786 2556 1809 ,
2596 1743 2847 1818 καθάπερ
2882 1747 3004 1801 τινά
3059 1751 3404 1822 μετανάστην
3451 1754 3653 1820 τόπους
3677 1759 3745 1811 ἐκ

2158 1823 2342 1879 τόπων
2369 1825 2618 1896 ἀμείϐειν
2673 1827 3129 1898 παρασκευάζων.
3170 1831 3293 1886 Ὀτι
3344 1833 3454 1905 γάρ
3498 1836 3748 1893 ἐθλίϐετο

2161 1910 2257 1962 καὶ
2281 1910 2719 1982 ἐστενοχωρεῖτο,
2754 1912 2987 1967 ἄκουσον
3021 1916 3117 1969 καὶ
3160 1916 3256 1970 τοῦ
3307 1918 3525 1973 Παύλου
3558 1921 3745 1991 λέγον-

2158 2008 2250 2055 τος
2270 2032 2285 2057 ,
2314 1991 2652 2062 Περιῆλθον
2681 1995 2751 2048 ἐν
2765 1998 3094 2066 μηλωταῖς,
3140 2000 3214 2054 ἐν
3236 2004 3480 2072 αίτείοις
3529 2005 3747 2076 δέρμα-

2160 2092 2285 2143 σιν,
2326 2078 2776 2159 ὑστερούμενοι.
2829 2083 3185 2153 θλιϐόμενοι,
3242 2091 3741 2159 κακουχούμενοι.

2160 2160 2319 2225 Τίνος
2365 2158 2461 2217 οῦν
2492 2163 2679 2217 ἕνεκεν
2718 2164 2998 2221 θλίϐεσθαι
3028 2168 3191 2223 αὐτὸν
3224 2158 3638 2245 συνεχώρησενς
3678 2176 3747 2229 El

2163 2247 2263 2331 μὲν
2296 2246 2406 2318 7&9
2436 2248 2578 2320 ὑπὲρ
2624 2247 2739 2331 τῶν
2771 2251 2852 2315 είς
2894 2250 3058 2305 αὐτὸν
3093 2254 3509 2325 ἁμαρτημάτων
3536 2257 3745 2331 ταύτην

2159 2330 2359 2401 ἀπῄτει
2411 2331 2539 2395 τοὺς
2604 2329 2892 2398 Ἰουδαίους
2933 2334 3035 2405 τὴν
3086 2334 3262 2404 δίκην,
3295 2338 3523 2401 εἰκότως
3566 2339 3635 2394 ἀν
3659 2329 3748 2408 τις

2159 2411 2330 2485 ἔφησε
2355 2417 2422 2485 τῇ
2452 2415 2784 2488 στενοχωρίᾳ
2826 2416 2929 2488 τῆς
2966 2417 3198 2488 θλίψεως
3234 2422 3397 2476 αὐτὸν
3442 2422 3748 2494 λαμϐάνειν

2160 2501 2379 2570 πεῖραν,
2406 2498 2547 2552 ὥστε
2602 2500 2857 2569 γενέσθαι
2896 2502 3220 2575 πραότερον,
3273 2506 3366 2560 καὶ
3419 2506 3746 2579 καθυφεῖναι

2157 2581 2258 2652 τῆς
2287 2581 2588 2653 ὠμότητος.
2620 2582 2683 2636 Et
2712 2582 2771 2636 δέ
2794 2584 2892 2655 ούχ
2925 2585 3067 2656 ὑπὲρ
3100 2584 3203 2641 τῶν
3232 2588 3312 2652 είς
3332 2587 3495 2643 αὐτὸν
3522 2593 3747 2663 γινομέ-

2158 2679 2266 2716 νων
2289 2664 2471 2726 αύτοῖς
2492 2665 2868 2736 μνησικακῶν,
2886 2667 3001 2721 ἀλλ’
3030 2668 3172 2740 ὑπὲρ
3197 2669 3297 2742 τῆς
3323 2673 3402 2736 είς
3421 2672 3515 2726 τὸν
3536 2675 3743 2728 Δεσπό-

2158 2762 2259 2816 την
2290 2745 2547 2811 ἀσεϐείας
2575 2749 2671 2802 καὶ
2699 2747 2910 2820 ὕϐρεως
2927 2751 3249 2823 τηκόμενος,
3288 2754 3494 2826 ταύτην
3521 2756 3736 2827 ἐπήγαο

2159 2845 2256 2899 γεν
2289 2831 2475 2895 αὐτοῖς
2494 2831 2595 2903 τήν
2629 2833 2940 2906 συμφορὰν,
2959 2834 3105 2901 τίνος
3129 2835 3314 2892 ἐνεκεν
3335 2838 3432 2892 καὶ
3454 2838 3618 2903 αὐτὸς
3636 2857 3742 2893 κοι·

2159 2915 2320 2967 νωνεῖ
2346 2912 2457 2968 τῶν
2489 2913 2701 2981 δεινῶν,
2736 2917 2832 2969 καὶ
2856 2917 2959 2971 οὐκ
2983 2917 3246 2973 ἀπολαύει
3293 2920 3498 2992 πολλῆς
3516 2922 3619 2993 τῆς
3647 2923 3747 2976 ἀν-

2161 2996 2333 3060 έσεως
2359 2997 2456 3051 καὶ
2476 2996 2695 3063 ἀδείας;
2720 2998 2844 3052 Ὀτι
2873 2999 2922 3053 εί
2955 2999 3065 3055 τῶν
3084 3001 3262 3057 ἀλλων
3291 3005 3748 3076 κακουχουμένων

2160 3081 2256 3137 καὶ
2281 3081 2358 3153 τῷ
2377 3080 2523 3154 λιμῷ
2550 3081 3036 3155 διαφθειρομένων,
3060 3084 3223 3150 αὐτὸς
3243 3086 3482 3151 ἀνέσεως
3506 3089 3604 3142 καὶ
3619 3105 3749 3159 τρα-

2162 3165 2338 3236 πέζης
2371 3165 2614 3221 ἀπέλαυε
2644 3164 2926 3232 πλουσίας,
2954 3166 3087 3232 ίσως
3108 3169 3176 3224 ἀν
3206 3185 3291 3233 τις
3321 3170 3574 3241 ἐνόμισεν
3592 3171 3747 3241 ὠμό-

2158 3265 2320 3320 τητος
2344 3245 2483 3304 εἶναι
2535 3248 2597 3303 τὸ
2626 3251 3017 3322 γεγενημένον.
3048 3253 3374 3325 Θαυμαστὸν
3422 3254 3535 3327 γάρ
3591 3255 3750 3310 οὐδὲν

2160 3332 2355 3395 ἐδόκει,
2384 3332 2642 3404 εὐθηνίας
2679 3333 3043 3403 ἀπολαύοντα,
3071 3340 3185 3402 τοῖς
3232 3336 3537 3409 ἀλλοτρίοις
3556 3338 3749 3410 ἐντρυ-

2161 3417 2268 3486 φᾷν
2294 3420 2505 3480 κακοῖς.
2539 3417 2639 3471 Διά
2669 3415 2828 3472 τοῦτο
2855 3420 2885 3473 ό
2911 3418 3046 3484 Θεὸς
3074 3419 3238 3476 αὐτὸν
3275 3420 3458 3493 ἀφῆκε
3483 3422 3749 3493 κοινωνῆ-

2163 3514 2254 3552 σαι
2278 3498 2378 3570 τῆς
2401 3502 2708 3572 συμφορᾶς,
2731 3500 2829 3555 καὶ
2850 3503 3045 3575 πεῖραν
3067 3502 3254 3557 λαϐεῖν
3275 3502 3384 3557 τῶν
3417 3504 3747 3575 συμϐάντων

2159 3581 2373 3649 δεινῶν,
2408 3583 2502 3637 καὶ
2528 3588 2819 3654 μετασχεῖν
2843 3585 2937 3639 τοῦ
2977 3585 3136 3658 λιμοῦ
3165 3627 3181 3652 ,
3216 3587 3303 3641 ἵνα
3347 3587 3528 3660 μάθῃς
3568 3587 3651 3641 ὅτι
3682 3587 3746 3641 οὐ

2160 3662 2337 3735 λιμὸς,
2367 3666 2504 3720 ἀλλά
2530 3666 2672 3731 θεῖος
2721 3663 2790 3739 ἦν
2828 3668 2990 3739 ζῆλος
3017 3670 3148 3743 παρ’
3199 3669 3370 3740 αύτῷ.
3418 3670 3493 3723 Ού
3529 3669 3643 3742 γὰρ
3678 3671 3746 3724 ἂν

2160 3747 2333 3802 εἵλετο
2359 3749 2860 3821 στενοχωρούμενος
2893 3750 3059 3815 οὕτω,
3089 3753 3182 3805 καὶ
3203 3751 3621 3823 ὑστερούμενος.
3649 3754 3745 3808 καὶ

2161 3829 2498 3903 θλιϐόμενος,
2533 3833 2628 3886 καὶ
2658 3833 3120 3904 κακουχούμενος,
3148 3835 3223 3905 μὴ
3267 3832 3429 3887 λῦσαι
3457 3837 3558 3904 τὴν
3586 3835 3745 3889 ἀπει-

2160 3914 2280 3986 λὴν,
2311 3917 2360 3967 εί
2391 3915 2467 3986 μὴ
2494 3916 2605 3969 ἀπὸ
2626 3915 2822 3970 πολλοῦ
2852 3916 2946 3969 τοῦ
2970 3915 3131 3988 ζήλου
3156 3917 3256 3989 τὴν
3284 3919 3562 3990 μακαρίαν
3593 3919 3743 3973 ἐκεί-

2159 4015 2258 4069 νην
2282 3999 2462 4069 ἀφῆκε
2513 4000 2717 4069 φωνήν.
2758 4000 2959 4071 Διόπερ
2978 4001 3072 4053 καὶ
3092 4001 3242 4071 ἥδιον
3268 3995 3338 4071 ἦν
3367 4000 3517 4071 αὐτῷ
3561 4017 3745 4056 στενο-

2159 4082 2481 4153 χωρεῖσθαι,
2516 4083 2611 4137 καὶ
2633 4082 3140 4154 σωφρονιζομένους
3161 4082 3359 4147 αὐτοὺς
3389 4084 3547 4156 όρᾷν,
3578 4083 3614 4155 ἢ
3642 4085 3744 4156 τῆς

2158 4165 2407 4237 ἀνάγκης
2435 4165 2850 4236 ἀπαλλαγέντας
2898 4168 2997 4239 τῆς
3049 4166 3425 4239 ἐπικειμένης,
3459 4168 3600 4240 πρὸς
3642 4166 3744 4240 τὴν

2159 4249 2434 4322 προτέραν
2466 4248 2723 4306 ἀσέϐειαν
2744 4249 3141 4314 ἐπανελθόντας
3166 4250 3314 4305 ίδεῖν.

2230 4382 2284 4441 ς’
2293 4375 2572 4432 ,Τοιαῦται
2588 4376 2698 4450 γὰρ
2716 4376 2995 4449 πανταχοῦ
3007 4377 3116 4432 τῶν
3127 4378 3299 4446 ἁγίων
3311 4378 3367 4432 αἱ
3381 4377 3575 4450 ψυχαί·
3601 4377 3741 4449 ὑπὲρ
3781 4427 3785 4430 .

2157 4458 2261 4529 τῆς
2289 4458 2492 4531 ἐτέρων
2512 4459 2854 4531 διορθώσεως
2884 4460 2986 4533 τὴν
3023 4460 3232 4514 ἐαυτῶν
3271 4461 3572 4530 ἀσφάλειαν
3607 4478 3741 4532 προ-

2157 4542 2414 4597 διδόασιν.
2451 4544 2566 4618 Ἱνα
2603 4539 2696 4598 οῦν
2730 4546 2804 4617 μή
2836 4563 2920 4609 τις
2952 4545 3105 4619 λέγῃ,
3132 4547 3215 4601 ὅτι
3244 4545 3333 4599 διὰ
3352 4545 3451 4617 τὴν
3478 4546 3739 4616 ὠμότητα

2159 4628 2402 4682 ἐπέτεινε
2435 4628 2527 4683 τὸν
2573 4628 2752 4700 λιμὸν.
2785 4630 3004 4702 ἀφῆκεν
3054 4630 3218 4685 αὐτὸν
3262 4631 3593 4700 κοινωνῆσαι
3640 4628 3736 4684 τοῦ

2157 4710 2339 4782 λιμοῦ,
2368 4712 2471 4765 ἵνα
2487 4711 2667 4784 μάθῃς
2703 4711 2798 4766 τοῦ
2826 4715 3106 4785 προφήτου
3129 4713 3227 4785 τὴν
3248 4713 3586 4783 φιλοσοφίαν.
3628 4713 3737 4768 Καὶ

2162 4791 2311 4866 [555]
2350 4795 2520 4866 χωρὶς
2547 4794 2738 4849 τούτου
2773 4794 2850 4863 δὲ,
2881 4796 3068 4866 ἐπειδὴ
3094 4795 3255 4850 εἴωθέ
3280 4814 3395 4861 πως
3417 4798 3451 4867 ή
3481 4797 3590 4850 τῶν
3610 4795 3738 4850 θαυ-

2161 4876 2347 4947 μάτων
2387 4877 2551 4948 φύσις
2580 4879 2707 4944 τούς
2753 4897 2813 4933 τε
2863 4879 3411 4953 θαυματουργοῦντας
3468 4881 3734 4950 ἐπαίρειν,

2157 4960 2285 5025 τούς
2316 4979 2376 5015 τε
2431 4961 2678 5035 ὁρῶντας
2712 4962 2967 5035 θαύματα
3015 4962 3238 5035 μείζονα
3263 4964 3363 5035 τῆς
3389 4962 3739 5035 ἀνθρωπίνης

2159 5044 2375 5113 φύσεως
2399 5045 2528 5117 περὶ
2556 5046 2736 5100 αὐτῶν
2753 5047 2930 5101 πείθει
2961 5049 3194 5101 ἐπινοεῖν
3215 5064 3229 5077 ο
3254 5047 3346 5101 καὶ
3369 5047 3538 5100 ταῦτα
3560 5047 3740 5117 ἀμφό-

2155 5144 2291 5199 τερα
2319 5128 2686 5201 διωρθώσατο,
2720 5131 2817 5201 τὴν
2863 5131 2963 5202 τῆς
2992 5129 3209 5201 φύσεως
3240 5130 3534 5197 ἐναλλάξας
3570 5129 3739 5183 ἀσθέ-

2156 5229 2322 5266 νειαν.
2353 5213 2464 5266 Καὶ
2486 5214 2568 5266 ὅτι
2601 5213 2773 5267 ταῦτα
2798 5213 2971 5278 οὕτως
2992 5213 3124 5285 ἔχει,
3158 5215 3222 5267 ἐκ
3248 5216 3349 5284 τῆς
3391 5212 3488 5267 τοῦ
3522 5212 3737 5265 Παύλου

2156 5296 2342 5367 φωνῆς
2372 5296 2555 5369 ῥᾴδιον
2590 5298 2803 5369 μαθεῖν.
2829 5300 2955 5352 Ὅτι
2992 5299 3090 5369 μὲν
3116 5298 3228 5370 γὰρ
3261 5298 3478 5367 ἐπαίρει
3509 5296 3577 5350 τά
3602 5295 3736 5349 θαύ-

2159 5398 2324 5452 ματα,
2352 5380 2582 5435 άκουσον
2603 5382 2657 5434 τί
2682 5399 2815 5454 φησι
2833 5399 2846 5413 ’
2875 5383 2988 5437 Καὶ
3014 5381 3092 5451 τῇ
3115 5380 3425 5451 ὑπερϐολῇ
3444 5380 3565 5433 τῶν
3589 5379 3741 5434 ἀπο-

2155 5470 2485 5539 καλύψεων
2515 5471 2617 5524 ἵνα
2656 5470 2742 5541 μὴ
2785 5473 3209 5542 ὑπεραίρωμαι,
3251 5470 3429 5537 ἐδόθη
3463 5486 3564 5539 μοι
3593 5468 3740 5523 σκό-

2151 5555 2283 5620 λοψ
2326 5551 2400 5620 τῇ
2423 5554 2623 5621 σαρκὶ,
2658 5553 2914 5625 ἄγγελος
2946 5554 3165 5616 Σατᾶν,
3188 5555 3291 5610 ἵνα
3312 5571 3391 5625 με
3419 5549 3732 5622 κολαφίζῇ.

2156 5635 2280 5690 Ὅτι
2307 5636 2366 5690 δὲ
2390 5637 2485 5690 καλ⁵
2517 5638 2644 5701 τοὺς
2663 5636 2906 5708 ὁρῶντας
2931 5637 3003 5693 τά
3024 5637 3280 5710 θαύματα
3301 5637 3397 5691 καὶ
3420 5637 3548 5700 τοὺς
3565 5632 3736 5688 ἀκού-

2153 5736 2311 5784 οντας
2375 5720 2598 5791 μείζονα
2628 5722 2804 5776 πείθει
2851 5723 2981 5795 περὶ
3029 5722 3139 5776 τῶν
3170 5720 3739 5792 θαυματουργούντων

2154 5804 2409 5868 ἐπινοεῖν,
2444 5804 2537 5858 καὶ
2580 5803 2739 5858 τοῦτο
2786 5806 2997 5862 ἐκεῖθεν
3037 5806 3216 5877 δῆλον.
3250 5805 3437 5862 Εἰπὼν
3460 5805 3568 5882 7&9
3609 5801 3737 5870 περὶ
