4062 6420
281 413 372 469 55f
1526 410 1589 465 IN
1628 408 1887 466 IIELIAM
1930 408 2014 463 ET
2059 398 2340 468 VlDUAM.

283 542 396 585 ctus
431 528 710 595 exstinxit,
754 528 849 584 sed
876 528 1059 584 videre
1086 534 1202 583 erat
1228 527 1281 581 in
1310 538 1463 595 portu
1494 524 1826 596 naufragium
1850 565 1866 590 ,

282 622 516 692 iniquam
547 618 600 675 in
631 629 909 677 senectute
933 620 1298 691 cupiditatem.
1345 620 1413 674 At
1436 634 1543 673 non
1572 618 1677 673 huc
1703 632 1871 688 usque

284 723 486 770 tantum
513 728 793 785 progressa
824 722 909 770 est
935 714 1146 770 illorum
1174 712 1505 783 improbitas,
1547 712 1637 767 sed
1668 719 1721 766 et
1749 726 1870 765 cum

286 807 424 862 filias
472 821 600 865 suas
662 806 979 862 traditurum
1028 822 1087 862 se
1137 806 1236 862 Lot
1276 806 1639 876 polliceretur,
1686 818 1754 858 ne
1796 802 1874 857 sic

280 898 495 968 quidem
538 907 900 961 recesserunt,
961 898 1055 953 sed
1093 898 1351 968 urgebant
1396 897 1632 952 dicentes
1674 911 1777 950 non
1815 910 1874 950 se

281 989 432 1061 prius
472 1003 632 1060 quam
663 988 807 1044 viros
833 991 1165 1060 accepissent
1193 1002 1528 1052 recessuros;
1561 1002 1725 1057 seque
1753 1001 1874 1055 gra-

281 1082 499 1139 vissima
525 1082 764 1138 illaturos
806 1082 948 1137 mala
982 1081 1322 1137 minabantur
1361 1081 1432 1147 ei,
1477 1081 1570 1151 qui
1602 1088 1661 1135 ut
1686 1078 1872 1149 hospi-

282 1175 427 1233 tibus
450 1174 711 1231 honorem
737 1174 989 1240 deferret,
1017 1176 1152 1231 filias
1173 1191 1299 1233 suos
1326 1191 1386 1231 se
1413 1175 1733 1246 promiserat
1760 1181 1873 1227 tra-

282 1265 538 1324 diturum.
573 1267 738 1325 Vides
766 1276 826 1324 ut
851 1268 998 1324 omni
1034 1284 1101 1324 ex
1145 1276 1296 1339 parte
1334 1266 1732 1324 Sodomitarum
1777 1279 1871 1319 ne-

282 1359 504 1428 quitiam
535 1358 942 1427 demonstrarit,
990 1375 1056 1417 ac
1080 1359 1275 1416 deinde
1303 1373 1516 1431 pinnam
1545 1358 1648 1414 illis
1681 1357 1876 1412 intule-

283 1452 398 1508 rit?
452 1451 530 1509 Ne
585 1442 729 1509 enim
791 1460 976 1524 postea
1030 1469 1152 1511 eum
1205 1469 1298 1510 eos
1341 1453 1563 1509 affectos
1609 1450 1875 1522 supplicio

282 1542 514 1610 videris,
581 1553 800 1616 propter
857 1545 1176 1602 calamitatis
1218 1544 1635 1615 magnitudinem
1692 1543 1874 1598 animo

284 1632 564 1705 frangaris,
604 1650 777 1706 neque
813 1652 936 1693 cum
975 1637 1080 1693 illis
1110 1637 1275 1692 Deum
1322 1650 1565 1701 accuses,
1612 1632 1707 1690 sed
1757 1632 1875 1688 illos

281 1739 404 1779 cum
450 1724 560 1780 Deo
601 1726 963 1793 condemnes,
1027 1737 1183 1784 antea
1230 1728 1597 1784 demonstrata
1659 1726 1873 1781 illorum

282 1815 622 1886 improbitate
649 1833 863 1875 omnem
908 1836 1034 1891 erga
1065 1820 1183 1876 illos
1211 1820 1593 1876 misericordia:
1635 1817 1874 1875 occasio-

282 1926 407 1966 nem
448 1911 758 1982 prteripuit,
789 1921 847 1967 et
877 1927 974 1967 nos
1013 1912 1081 1968 ab
1109 1912 1259 1967 omni
1301 1911 1768 1968 commiseratione
1820 1909 1873 1963 in

282 2003 407 2062 illos
451 2007 712 2061 avocavit.
760 2006 916 2074 Quod
953 2015 1008 2061 et
1054 2020 1195 2060 nunc
1231 2020 1354 2075 erga
1393 2003 1709 2074 prophetam
1742 2015 1877 2069 pree-

280 2094 439 2150 stitit.
484 2095 562 2151 Ne
606 2100 743 2153 fame
790 2095 1067 2152 confectos
1111 2097 1322 2151 intuens
1369 2094 1583 2151 Indicos
1626 2092 1874 2157 doleres,

282 2186 671 2243 immanitatem
720 2188 932 2243 illorum
974 2204 1031 2243 et
1071 2187 1438 2244 crudelitatem
1489 2185 1764 2251 ostendit,
1821 2190 1878 2238 et

280 2292 442 2346 quam
475 2294 599 2335 raro
634 2279 862 2335 comiter
892 2281 1203 2351 peregrinos
1231 2280 1560 2349 exciperent.
1586 2278 1701 2334 Non
1732 2277 1875 2333 enim

279 2369 456 2426 solum
486 2372 803 2441 prophetam
832 2388 941 2429 non
970 2382 1351 2444 susceperunt,
1407 2373 1504 2429 sed
1534 2382 1590 2429 et
1619 2388 1679 2428 se
1709 2373 1876 2427 inter-

279 2458 521 2519 fecturos
551 2464 893 2519 minabantur
920 2480 934 2518 τ
966 2463 1018 2519 id
1059 2465 1204 2536 quod
1235 2480 1300 2520 ex
1331 2464 1428 2519 Dei
1460 2464 1635 2519 verbis
1665 2463 1874 2533 colligi-

282 2560 389 2608 tur.
420 2552 539 2608 Non
580 2554 723 2613 enim
762 2556 838 2611 ait
883 2564 1108 2621 tantum,
1161 2555 1375 2620 Recede,
1424 2556 1516 2611 sed
1542 2556 1724 2620 etiam,
1767 2554 1873 2608 Ab-

279 2642 526 2699 scondere
574 2643 663 2716 (3.
708 2643 836 2717 Reg.
871 2647 959 2701 l7.
989 2644 1086 2720 5).
1129 2647 1244 2703 Non
1293 2646 1490 2702 sufficit
1534 2648 1603 2702 ad
1646 2648 1873 2702 salutem

280 2731 422 2805 fuga,
473 2734 568 2790 sed
596 2744 654 2792 et
684 2746 896 2809 oportet
920 2747 978 2795 ut
1008 2748 1059 2796 te
1084 2740 1366 2811 diligenter
1390 2740 1629 2796 occultos
1662 2758 1674 2794 :
1708 2754 1876 2808 popu-

278 2821 365 2877 lus
406 2824 604 2896 quippe
646 2825 899 2884 Judaicus
926 2837 1043 2896 est,
1078 2830 1304 2902 populus
1343 2831 1656 2900 sanguinem
1687 2830 1875 2886 sitiens

277 2913 660 2984 prophetarum
682 2958 698 2984 ,
740 2925 796 2973 et
839 2918 894 2973 in
940 2920 1140 2976 sanctis
1186 2920 1443 2977 necandis
1485 2921 1809 2977 exercitatus
1854 2938 1871 2977 :

276 3019 497 3075 semper
520 3021 710 3063 manus
732 3024 859 3065 suas
885 3012 1196 3082 prophetico
1225 3012 1483 3083 sanguine
1502 3021 1870 3068 cruentarum.

278 3094 350 3150 Et
378 3111 502 3152 cum
533 3097 683 3182 illum
725 3100 938 3170 quidem
982 3103 1260 3158 emittebat
1303 3119 1371 3160 ex
1414 3102 1619 3166 Judzca.
1658 3102 1800 3158 Vade
1826 3112 1873 3158 et

275 3189 603 3258 abscondere,
642 3192 813 3263 inquit
841 3212 854 3248 :
882 3208 1003 3250 cum
1034 3206 1210 3250 autem
1238 3195 1305 3251 ad
1340 3196 1552 3252 viduam
1581 3197 1825 3253 mittebat
1857 3215 1870 3252 :

277 3280 428 3352 Ego,
476 3283 683 3355 inquit,
730 3285 811 3340 illi
855 3287 1109 3343 mandabo
1156 3287 1334 3362 (Ibid.
1361 3305 1411 3344 υ.
1438 3289 1521 3359 9).
1567 3289 1758 3356 Vides,
1815 3298 1874 3345 ut

276 3371 406 3430 inde
440 3374 656 3445 quidem
683 3375 975 3447 fugientem
1000 3380 1187 3448 jubeat
1226 3381 1356 3437 illud
1395 3396 1515 3437 cum
1550 3382 1713 3436 multa
1748 3395 1873 3436 cau-

275 3463 425 3518 tione
460 3475 744 3534 praestare;
775 3467 879 3525 huc
901 3477 1077 3525 autem
1106 3470 1497 3543 confugientem
1529 3487 1720 3541 magna
1748 3486 1870 3527 eum

275 3552 472 3609 fiducia
505 3558 782 3628 praecipiat
809 3568 864 3615 et
888 3562 1177 3617 securitate
1200 3562 1516 3619 discedere?

345 3646 406 3702 5.
447 3646 551 3703 Cur
578 3649 642 3704 ab
667 3651 785 3706 aliis
815 3653 1030 3725 ejectus,
1054 3670 1087 3708 a
1111 3654 1266 3708 vidua
1306 3664 1567 3725 susceptus
1597 3655 1870 3726 propheta;

271 3753 373 3792 cur
405 3736 608 3794 Heliam
634 3739 775 3798 Deus
816 3744 970 3817 afﬂigi
992 3746 1182 3801 siverit.
1215 3776 1286 3787 —
1310 3745 1492 3818 Neque
1520 3746 1694 3802 solum
1725 3747 1826 3803 hoc
1848 3790 1865 3818 ,

272 3831 373 3887 sed
401 3840 457 3887 et
480 3833 622 3890 aliud
647 3851 745 3906 per
772 3836 914 3894 hunc
944 3839 1216 3909 prepheta:
1245 3839 1531 3897 adventum
1558 3841 1626 3898 ad
1656 3842 1867 3898 viduam

276 3921 514 3991 providit
545 3940 610 3981 ac
638 3925 924 3997 disposuit.
956 3928 1035 3984 Ne
1058 3929 1199 3985 enim
1227 3940 1410 4001 postea
1440 3946 1562 3987 cum
1596 3931 1866 3988 Christum

273 4013 519 4067 nonnulli
549 4025 833 4072 cernerent
861 4026 981 4088 post
1028 4020 1191 4075 multa
1221 4029 1276 4077 et
1314 4021 1576 4079 immensa
1613 4023 1866 4081 beneficia

273 4102 327 4158 in
373 4102 611 4161 Iudaeam
653 4108 883 4175 collata,
935 4120 1054 4180 post
1102 4112 1412 4170 innumeros
1453 4124 1694 4171 mortuos
1732 4133 1869 4188 quos

272 4194 662 4267 suscitaverat,
719 4208 838 4270 post
877 4216 1084 4269 caecos,
1126 4207 1278 4276 queis
1300 4206 1471 4264 visum
1522 4211 1865 4280 restituerat,

273 4297 401 4358 post
423 4289 682 4361 leprosos,
718 4308 852 4363 quos
885 4295 1251 4366 mandaverat,
1281 4311 1400 4371 post
1422 4301 1713 4366 daemones,
1732 4319 1868 4374 quos

273 4379 543 4448 eiecerat,
574 4390 696 4451 post
721 4383 1085 4442 admirabilem
1112 4388 1506 4461 salutaremque
1547 4393 1867 4464 doctrinam,

273 4471 345 4525 ab
374 4470 495 4538 illis,
529 4489 666 4543 quos
705 4475 1018 4533 devinxerat
1042 4478 1334 4540 beneficiis.
1366 4499 1488 4539 esse
1519 4496 1787 4554 vexatum,
1813 4499 1868 4544 et

273 4575 306 4615 a
336 4563 625 4630 gentilibus
657 4565 863 4623 honore
891 4570 1160 4637 affectum,
1192 4574 1281 4642 qui
1311 4573 1443 4628 nihil
1480 4576 1740 4641 viderant,
1771 4594 1869 4635 nec

272 4653 625 4722 audiverant,
658 4659 1010 4723 mirarentur,
1040 4661 1368 4729 dubitarent,
1396 4674 1451 4722 et
1494 4682 1607 4721 rem
1637 4682 1756 4722 esse
1787 4669 1869 4723 in-

269 4746 585 4806 credibilem
605 4747 974 4810 existimarent
995 4773 1008 4809 :
1029 4757 1175 4825 prius
1196 4774 1259 4814 ae
1285 4758 1451 4812 multo
1476 4768 1599 4814 ante
1629 4770 1867 4832 tempore

272 4852 373 4907 per
400 4854 590 4898 servos
616 4857 765 4911 suos,
792 4852 847 4900 et
874 4860 1033 4917 quam
1076 4848 1305 4919 improbi
1345 4850 1544 4906 fuerint
1572 4852 1740 4907 Judaei
1766 4868 1865 4910 nos

268 4926 450 4998 docet,
472 4942 527 4988 et
552 4949 711 5005 quam
741 4952 925 4993 comes
949 4947 1004 4994 et
1029 4938 1248 4996 humani
1280 4942 1474 4997 fuerint
1511 4945 1738 5013 gentiles
1767 4961 1865 5000 nos

230 5063 235 5068 .
270 5025 512 5080 Instruit.
534 5027 625 5084 Sic
650 5029 901 5085 nimirum
931 5040 985 5086 et
1012 5030 1210 5104 Ioseph
1242 5034 1339 5097 illi,
1370 5035 1560 5105 quibus
1588 5036 1702 5105 ipse
1728 5038 1867 5092 ciba-

269 5108 355 5169 ria
403 5118 806 5176 ministraturus
857 5120 1184 5190 advenerat,
1216 5125 1378 5180 etiam
1436 5141 1627 5182 necare
1685 5129 1861 5184 conati

267 5215 401 5262 sunt
432 5208 636 5265 :.homo
654 5221 832 5266 autem
858 5212 1115 5270 barbarus
1144 5215 1195 5269 in
1227 5232 1494 5272 summum
1522 5218 1670 5273 illum
1695 5218 1866 5274 hono-

265 5311 389 5355 rem
435 5305 632 5357 evexit.
682 5302 799 5358 Non
856 5304 1012 5360 aliter
1064 5304 1342 5377 Meysem,
1395 5325 1553 5380 quem
1604 5310 1864 5367 beneficio

263 5388 444 5447 aﬂ’ecti
473 5394 727 5463 expulere
751 5394 957 5460 Judaei,
989 5396 1151 5452 homo
1191 5398 1447 5455 barbarus
1474 5401 1664 5458 Jothor
1706 5419 1864 5459 cxce-

267 5480 385 5552 pit,
411 5491 467 5538 et
503 5485 726 5540 multam
773 5485 827 5540 in
874 5501 996 5541 cum
1041 5490 1343 5546 comitatem
1375 5500 1428 5546 et
1476 5492 1860 5550 humanitatem

267 5571 535 5631 exhibuit.
573 5576 663 5633 Sic
692 5577 945 5634 Davidem
972 5578 1097 5635 Saul
1136 5590 1254 5651 post
1291 5593 1620 5654 amputatum
1647 5585 1859 5641 Goliath

270 5675 436 5734 caput
462 5667 642 5737 eiecit,
662 5679 785 5740 post
812 5671 960 5727 mille
980 5672 1215 5742 pericula
1240 5690 1358 5745 qua:
1380 5674 1449 5730 ab
1470 5675 1586 5746 ejus
1608 5677 1862 5733 civitatis-

264 5774 375 5826 que
388 5759 690 5816 cervicibus
711 5775 853 5833 saepe
869 5762 1173 5834 depulerat:
1198 5765 1415 5821 Auchus
1432 5777 1609 5822 autem
1634 5785 1723 5824 rex
1749 5769 1861 5826 bar-

268 5852 520 5911 barorum
564 5855 792 5925 excepit,
825 5865 879 5912 et
920 5858 974 5914 in
1005 5874 1250 5931 magnum
1276 5859 1533 5917 honorem
1562 5863 1757 5920 evexit.
1782 5862 1853 5919 lta

3462 395 3569 453 542

1978 537 2120 578 nunc
2147 520 2306 577 etiam
2339 521 2541 577 Heliam
2569 519 2822 589 expulere
2847 516 3041 583 Judtci,
3068 514 3162 570 sed
3192 514 3347 570 vidua
3379 530 3565 585 suspe-

1977 614 2078 684 pit.
2105 614 2331 680 Quando
2359 614 2517 683 igitur
2545 612 2817 668 Christum
2849 612 2916 667 ab
2946 611 3052 666 illis
3073 610 3348 680 repulsum
3373 607 3569 664 videris

1976 714 2257 775 exceptum
2289 720 2318 759 a
2343 705 2612 776 gentibus,
2637 702 3022 765 animadversis
3061 712 3217 756 antea
3251 698 3464 771 figuris,
3499 715 3569 753 ne

1977 798 2292 867 prodentem
2338 813 2398 854 se
2443 799 2521 853 rei
2569 798 2848 853 veritatem
2902 794 3134 850 mireris.
3184 792 3390 848 Audisti
3441 806 3571 861 ergo

1976 892 2247 947 Christum
2307 892 2467 948 hodie
2512 892 2816 953 dicentem,
2847 898 2903 946 et
2946 890 3048 945 hoc
3101 889 3276 958 ipsum
3327 884 3571 944 subindi-

1977 993 2210 1038 cantem.
2241 984 2374 1038 Cum
2407 985 2549 1040 enim
2572 983 2786 1039 Juda-os
2818 983 3155 1052 indignantes
3182 978 3571 1048 alloqueretur,

1976 1074 2208 1141 dicebat,
2240 1075 2418 1130 Multae
2440 1076 2607 1130 vidum
2628 1084 2770 1129 erant
2789 1076 2842 1127 in
2864 1073 3038 1127 diebus
3059 1069 3224 1124 Heliae
3243 1110 3257 1133 ,
3282 1077 3330 1122 et
3358 1067 3427 1120 ad
3453 1066 3570 1119 nul-

1978 1167 2079 1222 lam
2109 1169 2293 1222 missus
2322 1176 2394 1222 est
2429 1166 2640 1234 Helias,
2684 1166 2783 1221 nisi
2825 1168 2895 1219 ad
2946 1164 3172 1229 viduam,
3204 1178 3316 1231 qua:
3359 1169 3467 1215 erat
3516 1159 3569 1210 in

1979 1259 2285 1328 Sarephtltis
2313 1260 2524 1315 Sidonis
2551 1258 2702 1332 (Luc.
2736 1260 2791 1314 4.
2818 1254 2932 1329 25).
2966 1256 3071 1312 Sed
3102 1262 3311 1326 qumret
3345 1252 3571 1306 fortasse

1978 1351 2262 1422 quiSpiam,
2296 1366 2453 1422 quam
2484 1350 2553 1405 ob
2572 1365 2790 1405 causam
2823 1364 2946 1404 eum
2986 1347 3076 1418 qui
3114 1354 3317 1400 tantum
3346 1360 3446 1416 pro
3476 1342 3570 1397 Dei

1978 1444 2145 1515 gloria
2174 1445 2346 1499 zelum
2381 1459 2490 1512 pra:
2520 1458 2580 1499 se
2608 1442 2804 1498 tulerat
2824 1482 2839 1507 ,
2863 1440 3048 1496 vexari
3081 1439 3221 1493 Deus
3264 1434 3573 1508 permiserit

1978 1545 2034 1592 et
2082 1536 2284 1613 affligi,
2313 1552 2435 1591 cum
2480 1551 2605 1591 eum
2650 1535 2717 1590 ad
2751 1542 3047 1589 torrentem
3094 1545 3236 1586 nunc
3292 1529 3567 1591 mitteret,

1979 1647 2122 1686 nunc
2146 1631 2212 1686 ad
2240 1630 2475 1696 viduam,
2501 1646 2643 1685 nunc
2675 1630 2839 1685 alium
2867 1628 2918 1682 in
2951 1627 3149 1691 locum,
3179 1633 3450 1694 tamquam
3477 1635 3572 1675 ex-

1980 1724 2151 1779 sulem
2214 1722 2497 1794 quemdam
2551 1723 2737 1776 volens
2805 1722 2977 1775 locum
3029 1733 3095 1773 ex
3154 1718 3272 1770 loco
3342 1721 3569 1767 mutare.

1982 1815 2241 1870 Vexatum
2289 1814 2433 1869 enim
2476 1822 2531 1868 et
2585 1813 2839 1866 afflictum
2880 1809 3046 1865 fuisse
3089 1807 3213 1862 audi
3262 1821 3369 1875 quo
3416 1812 3573 1873 pacto

1981 1909 2177 1965 Paulus
2204 1909 2365 1963 etiam
2388 1915 2612 1963 testetur
2637 1921 2652 1964 :
2685 1904 3002 1959 Circuierunt
3029 1902 3081 1956 in
3104 1899 3320 1963 melotis,
3339 1898 3391 1949 in
3421 1895 3573 1965 pelli-

1983 2002 2073 2055 bus
2105 1999 2347 2070 caprinis,
2372 2007 2592 2069 egentes,
2625 1995 2919 2066 angustiati,
2951 1991 3122 2063 amicti
3149 1988 3305 2062 (lleb.
3340 1988 3424 2041 ll.
3453 1985 3571 2054 57).

1979 2090 2089 2146 Cur
2135 2092 2294 2162 igitur
2337 2090 2660 2145 illum-sivit
2682 2087 2845 2157 affligi
2871 2084 2894 2138 2
2923 2083 3053 2138 Nam
3081 2082 3126 2137 si
3148 2080 3363 2152 quidem
3409 2079 3478 2133 ob
3506 2092 3568 2131 ea

1981 2191 2199 2253 peccata
2230 2196 2348 2252 quae
2372 2180 2425 2235 in
2455 2179 2627 2249 ipsum
2659 2176 3006 2241 admiserant,
3036 2173 3131 2228 has
3160 2187 3191 2226 a
3225 2169 3426 2226 Judaeis
3453 2183 3571 2237 pa:-

1981 2292 2078 2332 nas
2122 2275 2419 2345 exegisset,
2465 2272 2657 2327 tnerito
2706 2269 2932 2325 dixisset
2981 2282 3107 2322 eum
3148 2264 3430 2319 vexatione
3473 2262 3570 2314 ista

1980 2366 2275 2437 perieulum
2303 2361 2844 2426 amictionis'fecisse,
2873 2368 2929 2414 ut
2953 2357 3134 2412 mitior
3159 2356 3310 2410 fieret
3347 2361 3405 2408 et
3433 2367 3570 2406 non-

1979 2458 2113 2513 nihil
2141 2456 2209 2512 de
2236 2455 2551 2511 crudelitate
2579 2453 2874 2508 remitteret
2904 2468 2917 2504 :
2951 2451 2996 2504 si
3027 2458 3205 2503 autem
3254 2462 3361 2501 non
3420 2444 3562 2515 quod

1981 2549 2245 2604 malorum
2292 2562 2498 2601 memor
2543 2555 2684 2602 eSset
2707 2586 2721 2610 ,
2749 2559 2870 2616 quae
2916 2542 2983 2595 ab
3015 2541 3118 2595 illis
3139 2553 3330 2612 passus
3362 2537 3570 2601 fuerat,

1977 2643 2073 2700 sed
2116 2642 2258 2715 quod
2292 2650 2507 2712 propter
2534 2655 2719 2695 eorum
2750 2637 3013 2692 adversus
3044 2633 3325 2688 Dominum
3366 2630 3573 2697 impro-

1979 2734 2199 2790 bitatem
2224 2743 2278 2790 et
2305 2732 2642 2788 insolentiam
2671 2728 3101 2793 contabesceret,
3123 2725 3260 2780 hanc
3286 2722 3390 2777 illis
3428 2721 3571 2775 cala-

1980 2826 2221 2881 mitatem
2252 2823 2541 2880 invehebat
2573 2840 2587 2877 :
2617 2836 2721 2893 qua
2746 2820 2813 2877 de
2839 2834 3002 2876 causa
3050 2818 3102 2873 in
3146 2814 3473 2872 consortium
3515 2822 3571 2867 et

1978 2918 2092 2987 ipse
2120 2917 2382 2971 malorum
2419 2923 2641 2970 vocatur
2660 2956 2675 2981 ,
2706 2928 2808 2968 nec
2833 2910 3015 2967 multis
3042 2908 3250 2965 deliciis
3277 2923 3339 2962 ac
3364 2906 3570 2961 securi—

1978 3015 2087 3062 tate
2117 3005 2453 3077 perfruitur?
2482 3004 2614 3072 Quia
2643 3003 2892 3058 nimirum
2922 3001 2969 3057 si
2994 3000 3121 3057 dum
3149 3000 3238 3054 alii
3268 2998 3572 3054 calamitate

1977 3106 2372 3169 premerentur,
2398 3104 2454 3151 et
2492 3096 2631 3150 fame
2659 3095 2930 3165 perirent,
2960 3093 3077 3163 ipse
3101 3091 3310 3147 deliciis
3357 3099 3412 3145 et
3454 3091 3570 3159 opi-

1976 3206 2105 3262 para
2134 3204 2321 3246 mensa
2346 3190 2640 3255 frueretur,
2668 3186 2798 3242 illud
2824 3187 3052 3241 fortasse
3082 3184 3278 3239 factum
3304 3182 3569 3253 quispiam

1976 3280 2280 3338 crudelitati
2333 3279 2625 3334 tribuisset.
2667 3277 2807 3333 Nihil
2838 3277 2982 3332 enim
3034 3275 3227 3330 mirum
3274 3272 3462 3327 fuisset
3488 3274 3570 3326 vi-

1975 3387 2119 3439 sum,
2146 3371 2441 3436 hominem,
2470 3370 2553 3424 cui
2582 3369 2783 3423 affatim
2815 3376 3010 3423 cuncta
3038 3374 3407 3437 suppeterent,
3436 3365 3568 3418 alio-

1974 3479 2094 3519 rum
2143 3462 2298 3517 malis
2344 3460 2856 3516 oblectari.ldcirco
2906 3458 3223 3529 participem
3274 3471 3397 3511 eum
3447 3470 3568 3511 esse

1975 3555 2292 3611 calamitatis
2325 3552 2569 3623 permisit
2596 3552 2757 3619 Deus,
2783 3560 2837 3606 et
2862 3551 3094 3621 experiri
3122 3550 3259 3604 mala
3283 3563 3402 3618 quae
3426 3548 3567 3603 acci-

1974 3647 2173 3704 debant
2197 3687 2212 3712 ,
2239 3661 2303 3701 ae
2327 3645 2521 3700 famem
2553 3645 2658 3715 pati
2687 3687 2700 3711 ,
2725 3653 2783 3698 ut
2817 3643 2992 3699 discas
3039 3658 3143 3697 non
3184 3642 3378 3697 famem
3422 3641 3565 3712 apud

1974 3740 2147 3808 illum,
2179 3740 2274 3795 sed
2304 3738 2478 3793 zelum
2507 3736 2693 3792 fuisse.
2722 3736 2904 3806 Neque
2928 3734 3070 3790 enim
3103 3734 3181 3788 sic
3209 3734 3261 3787 in
3292 3733 3567 3803 angustias

1973 3834 2242 3901 redactus,
2270 3841 2508 3904 egestate
2546 3844 2763 3902 pressus
2783 3870 2798 3896 ,
2830 3837 3083 3895 vexatus,
3111 3836 3166 3884 ct
3193 3827 3421 3882 afflictus
3473 3826 3565 3879 ad-

1973 3927 2095 3983 duci
2126 3926 2405 3996 potuisset,
2438 3933 2497 3979 ut
2524 3924 2697 3978 minas
2729 3920 3091 3986 rescinderet,
3127 3919 3227 3974 nisi
3258 3933 3366 3988 pra:
3399 3917 3565 3971 nimio

1974 4019 2093 4076 zelo
2121 4019 2329 4074 beatam
2359 4017 2501 4072 illam
2531 4031 2716 4072 vocem
2745 4014 3033 4070 emisisset.
3070 4011 3329 4079 Quocirca
3368 4011 3565 4080 jucun-

1973 4111 2093 4167 dius
2116 4109 2192 4165 illi
2218 4109 2408 4165 fuisset
2436 4107 2625 4178 affligi,
2653 4116 2815 4177 atque
2838 4105 3124 4175 castigatos
3150 4103 3270 4159 illos
3299 4116 3523 4158 cernere
3545 4140 3563 4166 ,

1973 4218 2132 4274 quam
2160 4201 2366 4272 urgenti
2388 4200 2714 4255 necessitate
2739 4198 2994 4254 liberatos
3031 4196 3099 4252 ad
3123 4197 3354 4267 priorem
3383 4207 3567 4250 rever-

1975 4311 2064 4351 sos
2084 4294 2409 4365 impietatem
2433 4292 2636 4348 videre.

2044 4386 2098 4442 6.
2139 4385 2300 4441 Tales
2329 4385 2470 4441 enim
2515 4392 2640 4439 sunt
2666 4381 2865 4452 ubique
2894 4381 3087 4436 anima:
3124 4387 3431 4457 sanctorum
3464 4394 3476 4431 :
3507 4389 3565 4432 ut

1971 4479 2151 4535 cancri
2181 4478 2492 4546 resipiscant
2515 4515 2530 4542 ,
2561 4476 2903 4530 securitatem
2932 4487 3083 4528 suam
3124 4472 3359 4542 periculo
3386 4485 3563 4541 espo-

1973 4581 2124 4627 nunt.
2144 4571 2222 4627 Ne
2248 4571 2367 4640 quis
2404 4570 2755 4625 diceretcum
2803 4582 2913 4637 pra:
2947 4565 3109 4620 nimia
3143 4564 3462 4621 crudelitate
3489 4564 3565 4618 fa-

1972 4678 2113 4718 mem
2138 4662 2371 4726 auxisse,
2394 4659 2705 4731 participem
2736 4674 2859 4714 eum
2891 4657 3005 4713 ﬁeri
3033 4656 3188 4712 famis
3214 4657 3477 4727 permisit,
3508 4666 3567 4712 ut

1974 4753 2363 4827 pltiloSOpltiam
2416 4750 2691 4823 propheta:
2742 4763 3056 4821 cognoscas.
3113 4747 3381 4804 Praeterea
3436 4764 3565 4802 vero

1970 4863 2092 4902 cum
2119 4846 2292 4901 soleat
2321 4846 2637 4914 plerumque
2686 4841 3065 4896 miraculorum
3097 4849 3286 4895 natura
3311 4856 3440 4907 eos,
3471 4841 3564 4910 qui

1972 4938 2229 4995 miracula
2263 4947 2494 5008 patrant,
2510 4936 2726 5003 efferre,
2748 4945 2909 5006 atque
2934 4950 3120 4991 eorum
3147 4942 3484 5005 spectatores
3512 4935 3564 4989 in

1969 5048 2088 5087 eam
2137 5039 2372 5086 mentem
2415 5029 2712 5099 impellere,
2741 5036 2801 5082 ut
2844 5026 3039 5099 aliquid
3098 5028 3150 5082 in
3203 5027 3282 5082 eis
3333 5026 3564 5081 humana

1972 5135 2159 5179 natura
2190 5122 2469 5178 sublimius
2495 5136 2617 5177 esse
2642 5120 2974 5177 arbitrentur
3004 5138 3017 5173 :
3056 5120 3138 5175 his
3163 5121 3325 5175 etiam
3356 5117 3566 5173 duobus

1969 5216 2265 5273 remedium
2295 5213 2559 5279 adhibuit,
2586 5223 2642 5271 et
2666 5223 2876 5271 natura:
2901 5214 3265 5270 infirmitatem
3306 5212 3529 5267 immuta
3547 5243 3564 5256 -

1969 5310 2064 5365 vit.
2124 5309 2250 5365 Haec
2297 5318 2478 5365 autem
2523 5310 2593 5364 ita
2622 5323 2682 5365 se
2714 5309 2932 5374 habere,
2964 5308 3115 5362 facile
3137 5303 3297 5361 fuerit
3322 5322 3387 5362 ex
3413 5307 3562 5363 Pauli

1968 5402 2190 5458 vocibus
2216 5401 2533 5473 intelligere.
2561 5399 2693 5456 Nam
2728 5400 2981 5455 miracula
3008 5398 3221 5469 quidem
3243 5396 3441 5454 efferre
3468 5414 3560 5453 so-

1969 5494 2100 5563 lere,
2133 5495 2258 5552 audi
2281 5511 2388 5568 quo
2414 5504 2569 5566 pacto
2600 5504 2822 5550 testetur
2851 5511 2865 5548 :
2894 5493 2959 5547 Et
2989 5509 3053 5548 ne
3096 5492 3393 5562 magnitudo
3419 5508 3558 5547 reve-

1967 5588 2217 5641 lationum
2253 5587 2465 5643 extollat
2515 5602 2613 5651 me,
2637 5587 2786 5639 datus
2831 5596 2903 5639 est
2945 5586 3071 5639 mihi
3120 5584 3351 5639 stimulus
3393 5585 3561 5638 carnis

1967 5695 2111 5746 mete,
2137 5679 2350 5751 angelus
2379 5677 2609 5745 Satanae,
2637 5688 2688 5733 ut
2716 5694 2792 5732 me
2818 5678 3098 5749 eolaphizet
3130 5677 3206 5747 (2.
3229 5675 3349 5732 Cor.
3369 5677 3455 5731 1‘2.
3478 5674 3555 5746 7).

1969 5770 2197 5825 Efficere
2223 5785 2383 5840 porro
2413 5769 2688 5836 miracula,
2719 5781 2774 5824 nt
2802 5770 2891 5841 qui
2921 5787 2981 5827 ea
3009 5779 3268 5835 cernunt,
3299 5770 3556 5838 majorem

1968 5863 2271 5921 concipiant
2296 5862 2601 5919 ooinioncm
2633 5862 2699 5920 de
2726 5864 2854 5931 illis,
2877 5881 2903 5919 a
2936 5863 3129 5933 quibus
3151 5863 3412 5930 eduntur,
3456 5864 3555 5920 hoc
