4062 6428
511 346 616 400 3&3

507 459 671 514 etiam
700 460 823 516 inde
852 472 1081 519 constat.
1115 463 1243 520 Cum
1266 470 1408 523 enim
1447 486 1664 528 suarum
1713 477 2099 534 revelatiouum

512 553 726 607 fecisset
757 557 1103 624 mentionem,
1142 559 1320 627 addit,
1371 559 1510 617 Nunt
1547 565 1593 618 si
1632 566 1834 623 voluero
1868 570 2100 640 gloriari,

510 660 610 697 non
628 661 712 698 ero
732 646 973 715 insipiens
998 665 1017 701 :
1042 651 1296 703 veritatem
1319 654 1448 707 cuitu
1465 655 1631 709 dicam
1670 657 1745 730 (‘2.
1778 658 1894 714 Cor.
1919 661 2002 715 i9...
2023 661 2099 735 6).

509 734 616 789 Cur
639 751 743 790 non
780 736 941 808 igitur
968 740 1252 808 gloriaris?
1284 742 1451 799 Porro
1488 758 1654 801 autent
1677 790 1691 816 ,
1720 767 1782 803 ne
1805 753 1914 821 quis
1943 753 1996 807 in
2024 771 2103 809 me

510 826 773 890 eaistimet,
793 844 950 897 supra
967 830 1020 882 id
1034 832 1168 900 quod
1184 833 1313 886 videt
1328 851 1425 900 me,
1445 847 1532 890 aut
1549 838 1743 908 aliquid
1760 843 1902 896 audit
1922 859 1984 897 ea:
2000 859 2095 898 me.

504 916 583 971 Ne
604 917 762 988 igitur
784 920 889 975 tale
906 922 1177 993 quidpiam
1210 928 1483 997 propheta:
1504 931 1772 987 accideret
1788 934 1936 1002 (licet
1956 936 2099 990 enim

505 1007 687 1065 llelias
713 1020 878 1079 esset,
904 1012 1066 1068 homo
1118 1026 1293 1071 tamen
1341 1021 1500 1091 erat),
1531 1022 1819 1078 immiscuit
1844 1026 2101 1081 miraculo

505 1109 709 1156 naturre
736 1101 1028 1160 defectum.
1058 1107 1342 1178 Propterea
1372 1113 1459 1181 qui
1488 1113 1620 1166 ca-lo
1640 1114 1939 1184 imperatit,
1974 1117 2097 1172 fami

503 1205 608 1245 non
630 1191 910 1263 imperavit
927 1215 939 1251 :
956 1198 1045 1268 qui
1067 1209 1221 1256 terrae
1240 1215 1446 1272 partum
1460 1205 1922 1274 cohilmit,vcntris
1938 1213 2103 1280 repri-

504 1300 655 1340 mere
676 1289 1049 1344 necessitatem
1075 1308 1178 1348 non
1203 1297 1392 1364 potuit,
1409 1298 1500 1351 sed
1530 1300 1752 1354 nmiiere
1777 1301 1932 1355 vidua
1964 1303 2097 1357 indi-

503 1380 636 1447 guit,
657 1390 714 1434 ut
738 1381 971 1437 divinam
995 1386 1217 1455 gratiam
1248 1404 1527 1459 agnoscas,
1553 1402 1605 1446 et
1629 1393 1912 1447 humanam
1942 1395 2099 1451 simul

504 1471 891 1532 inﬁrmitatem.
914 1476 1028 1532 Non
1060 1480 1126 1534 ad
1152 1480 1254 1535 hoc
1278 1492 1479 1536 tantum
1504 1482 1700 1539 factum
1729 1487 1853 1540 illud
1881 1487 2095 1555 profuit,

505 1563 599 1619 sed
626 1565 690 1619 ad
719 1568 858 1622 aliud
888 1569 1158 1639 quidpiam
1189 1572 1353 1627 nihilo
1382 1575 1556 1628 minus
1585 1576 1704 1628 isto.
1729 1578 2007 1643 Quodnam
2031 1579 2097 1630 il-

505 1656 596 1711 lud
621 1659 879 1715 tandem?
911 1661 979 1717 Ut
1007 1678 1126 1717 cum
1161 1675 1212 1719 te
1242 1666 1501 1736 quispiam
1529 1669 1592 1722 ad
1617 1670 1892 1739 propheta:
1924 1672 2097 1727 zelum

505 1747 663 1804 fuerit
701 1751 1034 1822 adhortatus,
1063 1772 1171 1810 non
1201 1759 1436 1813 animum
1467 1760 1804 1831 deSpondeas
1829 1804 1843 1827 ,
1871 1779 1970 1819 nec
1997 1764 2095 1820 dc-

506 1858 709 1911 spcrcs,
741 1847 884 1915 quod
908 1848 1176 1904 hominem
1204 1867 1323 1906 esse
1340 1853 1559 1909 alterius
1578 1865 1781 1911 natura:
1797 1857 2094 1926 arbitreris,

505 1934 731 2005 ideoque
764 1947 962 1993 tantam
987 1942 1124 2011 apud
1146 1944 1308 1997 Deum
1345 1944 1592 2001 fiduciam
1644 1948 1911 2004 habuisse.
1944 1951 2096 2019 Quod

506 2026 720 2093 quidem
768 2030 937 2085 innuit
960 2033 1220 2103 quispiam
1259 2051 1379 2090 cum
1406 2038 1536 2092 dixit
1567 2057 1579 2093 :
1618 2040 1794 2096 Ilelius
1820 2042 1969 2096 homo
1990 2054 2099 2097 erat

505 2118 687 2173 similis
711 2123 853 2176 nobis
882 2127 1135 2194 passibilis
1168 2127 1303 2199 (Jac.
1334 2132 1388 2186 5.
1427 2111 1557 2202 ιηέ
1588 2135 1737 2203 quasi
1764 2135 1969 2191 diceret
1990 2156 2001 2191 :
2022 2137 2098 2193 Ne

505 2213 834 2277 impossibile
863 2216 1139 2274 arbitreris
1169 2235 1289 2276 esse
1310 2263 1324 2286 ,
1357 2222 1422 2276 ad
1468 2224 1606 2278 idem
1648 2241 1768 2279 cum
1802 2227 1892 2280 illo
1923 2229 2097 2297 philo-

502 2302 704 2371 sophia:
756 2304 1022 2375 fastigium
1080 2313 1363 2379 pervenire
1397 2332 1411 2371 :
1444 2331 1564 2369 nam
1614 2325 1670 2371 et
1721 2318 1958 2385 ejusdem
2011 2320 2099 2376 ille

505 2394 772 2464 particeps
823 2395 917 2452 fuit
965 2411 1190 2455 naturae.
1243 2401 1620 2461 Verumtamen
1671 2409 1984 2465 admirabile
2035 2426 2099 2466 ac

501 2484 736 2539 divinum
786 2487 910 2542 illud
952 2491 1066 2559 ejus
1112 2495 1443 2564 propositum
1502 2499 1672 2553 multo
1716 2502 1926 2557 caeteris
1974 2518 2097 2558 eum

502 2575 869 2632 sublimiorem
898 2583 1150 2637 ostendit.

575 2667 626 2721 7.
667 2667 769 2724 Sed
796 2671 906 2739 jam
941 2682 1150 2743 tempus
1174 2687 1251 2731 est
1277 2719 1290 2743 ,
1325 2688 1382 2731 ut
1432 2679 1496 2735 ad
1531 2681 1741 2736 viduam
1791 2683 2094 2740 redeamus.

512 2757 685 2825 Venit,
722 2761 890 2832 inquit
914 2807 927 2827 ,
966 2766 1015 2819 in
1050 2765 1341 2838 Sureplttlta
1366 2771 1573 2826 Sidonis
1594 2815 1608 2839 ,
1633 2785 1677 2828 et
1703 2776 1886 2829 invenit
1916 2779 2100 2831 mulie-

502 2866 605 2902 rrm
627 2851 829 2906 viduam
855 2855 1171 2927 colligentem
1214 2859 1353 2931 ligna
1381 2862 1455 2933 (5.
1487 2862 1616 2934 Reg.
1653 2865 1738 2919 i7.
1766 2866 1876 2937 l0).
1933 2867 2097 2938 Digna

501 2942 793 2997 domestica
826 2958 1139 3017 paupertate
1183 2950 1440 3007 hactenus
1479 2965 1603 3009 sunt
1631 2957 1906 3011 vestibula.
1958 2959 2094 3025 Quid

507 3032 713 3101 igitur?
743 3051 869 3088 num
921 3048 1065 3092 retro
1101 3054 1394 3096 conversus
1420 3051 1503 3098 est
1525 3085 1539 3109 ,
1572 3061 1692 3100 cum
1726 3048 1845 3102 talia
1878 3049 2096 3107 vidisset

505 3123 883 3193 hospitalitatis
912 3130 1176 3185 exordia?
1221 3133 1597 3204 Nequaquam;
1627 3140 1826 3208 quippe
1854 3141 1941 3211 qui
1973 3157 2097 3196 sen-

505 3216 721 3269 tentiain
750 3217 983 3273 divinam
1016 3222 1258 3277 audierat
1293 3243 1305 3276 :
1336 3225 1428 3278 sed
1458 3224 1706 3282 clamavit
1740 3239 1858 3299 p0st
1880 3247 2018 3297 cam,
2042 3240 2097 3287 et

502 3308 635 3362 dixit
670 3326 683 3362 :
717 3308 874 3364 Sume
905 3330 1018 3367 vero
1046 3317 1171 3369 milii
1211 3334 1412 3386 aquam,
1442 3331 1487 3372 et
1514 3320 1602 3373 irit
1625 3364 1638 3385 ,
1671 3331 1724 3374 ut
1752 3336 1967 3377 sumeret
1988 3323 2094 3397 (Ib.

501 3415 552 3452 ι’.
580 3400 691 3467 il).
716 3401 853 3457 Vere
878 3420 1133 3474 generosa
1162 3418 1215 3462 et
1242 3409 1455 3478 sapiens
1482 3412 1691 3478 mulier,
1716 3429 1778 3469 ac
1808 3415 1905 3469 nisi
1938 3417 2095 3485 paulo

504 3491 747 3547 videatur
777 3496 1030 3550 audacius
1062 3497 1165 3550 hoc
1189 3498 1428 3567 dictum,
1463 3502 1573 3572 ipsa
1620 3505 1777 3558 etiam
1818 3508 2093 3577 prophete

509 3584 946 3651 magnanin'titatc
971 3589 1127 3659 digna
1161 3606 1176 3644 :
1210 3591 1317 3646 imo
1351 3593 1498 3649 nullo
1544 3605 1696 3664 pacto
1729 3597 1888 3653 debet
1915 3598 2092 3654 audax

503 3674 630 3729 illud
658 3676 858 3732 dictum
903 3681 1108 3737 videri:
1139 3684 1239 3737 nisi
1280 3685 1422 3740 enim
1461 3688 1618 3757 digna
1664 3688 2095 3763 fuisset,nequa-

501 3784 658 3836 quam
687 3768 865 3827 habita
892 3774 1051 3845 digna
1090 3775 1274 3833 luisset
1300 3824 1315 3844 .
1345 3797 1464 3850 qu.e
1502 3793 1745 3839 sanctum
1775 3785 1919 3839 illum
1951 3787 2094 3842 exci-

500 3872 668 3931 peret.
702 3863 1158 3931 Quemadmodum
1190 3884 1244 3928 et
1270 3873 1337 3928 ad
1361 3874 1651 3945 discipulos
1673 3878 1805 3933 dixit
1826 3879 2090 3948 Christus,

500 3950 566 4005 In
609 3973 971 4028 quamcumque
1019 3962 1266 4017 civitatein
1309 3975 1397 4019 aut
1449 3969 1711 4022 castellum
1763 3972 2089 4038 intraveritis,

499 4045 832 4118 interrogate,
865 4052 976 4120 quis
1006 4054 1057 4106 in
1084 4072 1143 4108 ea
1171 4057 1354 4127 (lignus
1382 4059 1446 4111 sit
1465 4101 1479 4125 ,
1500 4069 1545 4113 et
1565 4061 1633 4113 ibi
1663 4073 1856 4117 manete
1878 4063 2089 4134 (.lluttlt.

504 4136 588 4189 10.
620 4138 741 4207 ll):
775 4141 843 4192 itt
879 4142 1015 4196 Deus
1048 4143 1131 4198 hic
1168 4163 1379 4216 quoque
1404 4164 1653 4219 quoniam
1698 4168 1807 4221 prae
1846 4154 2091 4210 omnibus

497 4224 711 4295 dignam
785 4243 1007 4286 noverat
1058 4235 1194 4289 banc
1248 4238 1568 4302 mulierem,
1601 4257 1720 4310 qme
1776 4247 2090 4313 prophetam

497 4321 795 4390 susciperet
818 4364 832 4387 ,
868 4336 1148 4393 propterea
1179 4328 1390 4381 ca-let'is
1420 4331 1669 4386 omnibus
1707 4332 1921 4387 omissis
1965 4335 2092 4391 illuc

494 4430 616 4467 cum
643 4415 805 4469 misit.
837 4418 906 4469 At
935 4417 1078 4470 enim
1121 4433 1183 4472 ex
1234 4419 1394 4474 rebus
1425 4420 1555 4489 ipsis
1603 4422 1934 4478 nobilitatem
1977 4426 2092 4494 ejus

493 4506 787 4562 videamus.
815 4509 974 4564 Sume
1014 4512 1138 4565 milii
1159 4552 1175 4577 ,
1212 4512 1415 4582 inquit,
1448 4532 1630 4584 aquam
1660 4516 1713 4570 in
1739 4533 1872 4571 vase.
1903 4518 2088 4589 Magna

493 4612 625 4652 sane
673 4600 912 4657 mulieris
956 4602 1280 4658 humanitas.
1324 4605 1476 4672 Quod
1515 4608 1659 4662 enim
1707 4609 2085 4679 rcSponderit,

496 4688 640 4757 quod
689 4690 740 4744 iu
784 4692 1113 4764 colloquium
1141 4697 1258 4765 ejus
1300 4698 1525 4765 Venerit,
1552 4700 1693 4769 quod
1725 4698 1876 4755 illum
1917 4702 2090 4757 corri-

494 4781 667 4850 piens:
701 4793 864 4839 totam
910 4788 1180 4845 civitatem
1218 4789 1282 4844 ad
1330 4793 1654 4861 puniendum
1700 4810 1914 4851 sacrum
1958 4796 2089 4852 illud

492 4880 655 4941 caput
680 4888 785 4930 non
829 4880 1140 4947 vocaverit,
1171 4897 1350 4938 nonne
1387 4892 1608 4954 stupore
1646 4893 1701 4941 et
1734 4887 2091 4945 admiratione

494 4965 714 5035 dignum
773 4968 1028 5025 videtur?
1068 4971 1342 5044 Siquidem
1397 4978 1590 5032 merito
1640 4977 1798 5034 fanus
1847 4979 2088 5035 adactam

493 5057 816 5115 necessitate
859 5062 1229 5120 mulierculam
1282 5082 1348 5122 eo
1397 5083 1565 5139 usque
1592 5068 1758 5126 fuisse
1814 5070 2089 5145 iracundia

492 5162 818 5208 commotam
846 5197 861 5223 ,
891 5170 956 5210 cx
989 5155 1091 5213 hoc
1118 5156 1341 5215 Iudaico
1368 5163 1616 5233 exemplo
1642 5179 1929 5235 cognosce.

564 5244 785 5303 Elisteus
814 5249 1008 5322 duplex
1031 5249 1304 5306 Helias—
1325 5254 1626 5326 Discipulos
1652 5256 1816 5314 Heliae
1842 5258 2087 5328 Elisteus,

491 5339 695 5410 duplex
724 5339 906 5398 Helias
932 5342 1222 5418 (duplicem
1251 5348 1392 5402 cnim
1418 5351 1729 5419 magistrum
1752 5352 1805 5406 in
1827 5351 2090 5423 discipulo

494 5430 694 5487 licebat
722 5433 965 5509 intueri),
995 5435 1192 5495 famem
1216 5449 1399 5509 postea
1423 5440 1763 5513 pmphetavit
1786 5459 1800 5508 ;
1825 5459 1930 5499 non
1973 5445 2089 5516 ipse

492 5524 716 5583 immisit
761 5529 898 5586 sicut
929 5528 1143 5601 llclias,
1169 5534 1265 5591 sed
1313 5545 1593 5591 venturam
1640 5536 1909 5607 prtcdixit.
1947 5537 2089 5606 Quid

491 5628 622 5689 ergo
649 5632 763 5684 rex,
795 5620 886 5692 qui
914 5623 1247 5694 temporibus
1273 5625 1378 5693 illis
1402 5626 1705 5699 regnabat?
1738 5626 1959 5685 Iudutus
2005 5638 2089 5686 est

492 5720 652 5765 sacco
673 5753 687 5776 ,
718 5713 891 5782 inquit
920 5730 935 5769 :
984 5716 1247 5788 siquidem
1281 5698 1582 5777 humiliavit
1609 5738 1733 5779 eum
1763 5723 2040 5781 calamitas
2070 5742 2083 5777 :

494 5796 575 5853 sic
602 5788 797 5877 tamen
837 5780 1144 5861 humiliatus
1194 5822 1319 5865 cum
1367 5810 1747 5871 lamentantem
1801 5815 2083 5874 mulierem

1256 358 1312 410 S.
1356 355 1633 438 JOANNlS
1668 351 2147 420 CHRYSOSTOMI
2181 366 2505 428 ARCHIEP.
2542 373 3077 442 CONSTANTINOP.

3707 416 3809 476 5“.

2214 484 2472 546 audiisset
2505 504 2724 564 propter
2761 513 2826 554 ea
2866 516 2989 572 quae
3036 505 3194 563 famis
3234 525 3401 570 causa
3452 518 3801 594 acciderant,

2214 585 2358 635 tanta
2390 590 2500 637 tum
2532 590 2729 643 exarsit
2758 592 3029 649 iracundia
3055 640 3069 662 ,
3101 608 3158 655 ut
3184 603 3473 664 confestim
3492 585 3801 674 exclamarii

2210 685 2273 727 ac
2303 672 2532 731 dixerit:
2565 678 2695 734 Ila'c
2732 683 2890 751 faciat
2929 689 3053 742 milii
3076 691 3215 748 Deus
3251 705 3299 750 et
3342 697 3452 753 luet:
3487 672 3799 772 adjict’at,:i

2208 764 2536 869 s'tabitncaput
2566 769 2743 827 Elistci
2777 777 2876 845 ﬁlii
2902 778 3106 850 Sep/tat
3147 803 3299 857 super
3332 790 3526 865 ipsum.
3547 764 3698 851 hodie
3719 764 3796 869 ξι.

2208 849 2338 924 Reg.
2364 855 2416 910 6.
2447 858 2562 930 51).
2594 860 2841 922 Vidistin’
2864 849 3005 941 regis
3044 849 3416 934 iracundiam?
3444 849 3799 945 Videmnlie:

2208 948 2281 1001 ris
2302 950 2617 1019 sapientiam
2651 975 2665 1012 :
2695 957 2812 1015 hzec
2839 967 2982 1019 enim
3020 967 3235 1026 invento
3259 987 3327 1028 eo
3349 976 3441 1044 qui
3473 992 3580 1033 non
3606 977 3794 1038 famem

2204 1044 2547 1113 praedixerat,
2570 1050 2665 1105 sed
2686 1052 2980 1122 invexerat,
3000 1076 3122 1117 cum
3144 1074 3312 1135 prope
3334 1069 3606 1126 civitatem
3632 1084 3793 1140 esset,

2209 1148 2313 1188 non
2354 1137 2625 1209 indignata
2654 1155 2768 1213 est,
2802 1165 2908 1204 non
2959 1154 3277 1225 excanduit,
3308 1175 3419 1215 non
3457 1171 3686 1219 caeteros
3727 1168 3795 1222 ad

2206 1231 2525 1299 supplicium
2576 1241 2898 1299 sumendum
2950 1248 3201 1316 vocavit,
3250 1253 3349 1308 sed
3401 1255 3795 1317 modestissime

2207 1321 2403 1388 paruit.

2277 1412 2330 1467 8.
2372 1414 2533 1472 Scitis
2555 1430 2732 1476 autem
2759 1441 2865 1495 quo
2893 1439 3070 1498 pacto,
3103 1433 3148 1487 si
3176 1437 3392 1505 quando
3423 1441 3640 1510 negotio
3662 1457 3792 1514 quo-

2206 1504 2349 1574 piam
2375 1508 2542 1566 simus
2573 1520 2840 1587 occupati,
2872 1534 2941 1577 ne
2971 1504 3267 1583 familiares
3293 1532 3511 1601 quidem
3550 1549 3793 1605 Stepenu-

2207 1614 2355 1653 mero
2383 1602 2635 1661 lubenter
2676 1612 3001 1679 aspiciamus
3025 1659 3043 1684 ,
3070 1620 3164 1673 sed
3194 1630 3247 1675 et
3286 1623 3545 1679 adversus
3573 1642 3669 1681 eos
3706 1628 3790 1683 in-

2203 1690 2488 1761 dignemur
2520 1714 2534 1752 :
2565 1714 2687 1755 eum
2717 1719 2844 1759 vero
2875 1716 3017 1761 tanta
3048 1711 3208 1765 etiam
3246 1713 3463 1770 afﬂictio
3494 1718 3753 1788 ingruerit
3772 1762 3791 1786 ,

2202 1785 2291 1839 vel
2350 1787 2521 1856 ipsum
2577 1792 2737 1848 etiam
2793 1798 2971 1853 lumen
3022 1803 3327 1859 molestiam
3379 1807 3539 1864 nobis
3584 1810 3795 1866 videtur

2204 1878 2460 1937 exhibere
2492 1901 2505 1937 :
2536 1884 2586 1939 id
2608 1889 2751 1958 quod
2782 1907 2966 1946 rursus
2997 1908 3066 1948 ex
3095 1894 3318 1953 Judaico
3347 1909 3493 1969 patet
3520 1904 3791 1973 exemplo.

2202 1971 2342 2027 Sane
2394 1977 2610 2044 quidem
2666 1997 2789 2037 cum
2841 1986 3071 2041 venisset
3126 1988 3366 2061 Moyses,
3412 2002 3469 2046 et
3513 1993 3795 2051 innumera

2202 2061 2401 2121 Judmis
2420 2073 2789 2129 annuntiasset
2814 2076 2950 2131 bona
2971 2118 2989 2144 ,
3036 2078 3405 2137 liberationem
3430 2098 3460 2137 a
3489 2085 3793 2155 tyrannide,

2202 2156 2527 2229 libertatem,
2559 2174 2612 2219 et
2642 2165 2693 2221 in
2720 2170 2996 2240 antiquam
3039 2172 3263 2242 patriam
3290 2175 3521 2231 reditum
3547 2195 3563 2231 :
3601 2177 3795 2233 Viden-

2203 2260 2275 2306 tes
2309 2270 2421 2308 eum
2440 2296 2457 2323 ,
2487 2256 2689 2329 inquit,
2721 2276 2823 2315 non
2855 2263 3127 2319 audierunt
3158 2282 3271 2320 eum
3312 2283 3420 2337 pra
3443 2270 3796 2339 pusillanimi-

2203 2353 2323 2414 tate,
2352 2356 2401 2400 et
2439 2350 2674 2419 operibus
2696 2352 2838 2408 duris
2866 2355 3061 2428 (Exod.
3090 2357 3144 2412 6.
3175 2358 3254 2429 9).
3282 2359 3363 2414 llli
3403 2371 3510 2415 tam
3560 2364 3799 2420 faustum

2201 2439 2447 2493 nuntium
2475 2438 2738 2498 ferentem
2767 2460 2888 2500 cum
2919 2447 3197 2516 vidissent,
3224 2450 3454 2506 aversati
3482 2462 3650 2509 sunt:
3679 2454 3793 2510 btet:

2202 2533 2505 2590 venientem
2554 2538 2872 2608 prophetam
2898 2555 3018 2595 cum
3061 2543 3311 2610 vidisset,
3357 2560 3466 2601 non
3505 2556 3566 2602 ut
3594 2545 3792 2604 famem

2201 2622 2528 2695 depelleret,
2553 2629 2648 2684 sed
2680 2643 2739 2685 ut
2768 2631 2913 2687 illam
2944 2644 3228 2703 gravaret,
3258 2635 3390 2692 nihil
3415 2638 3467 2693 ei
3510 2638 3617 2695 tale
3652 2639 3795 2696 acci-

2201 2717 2298 2773 dit.
2332 2721 2395 2775 Et
2420 2721 2493 2775 illi
2539 2724 2754 2795 quidem
2795 2725 2932 2783 adeo
2973 2727 3223 2785 difﬁciles
3267 2745 3332 2786 ac
3380 2732 3582 2786 morosi
3637 2743 3793 2788 erant

2203 2824 2421 2885 propter
2446 2830 2672 2886 operum
2707 2819 2987 2877 laborem:
3025 2821 3140 2877 haec
3184 2832 3361 2879 autem
3408 2839 3513 2879 non
3566 2824 3790 2893 labore,

2200 2906 2295 2960 sed
2347 2907 2485 2963 fame
2527 2910 2879 2968 vehementer
2919 2912 3116 2969 afﬂicta
3150 2914 3420 2987 (magnum
3468 2918 3669 2988 quippe
3706 2929 3795 2975 εει

2200 2998 2342 3054 inter
2384 3000 2622 3058 laborem
2658 3004 2960 3077 famemque
3002 3007 3337 3080 discrimen),
3362 3024 3468 3065 non
3515 3011 3681 3066 modo
3711 3011 3794 3066 vi-

2201 3108 2318 3146 rum
2361 3110 2467 3150 non
2516 3109 2759 3153 aversata
2790 3110 2894 3168 cst,
2922 3101 3015 3156 sed
3046 3103 3207 3158 etiam
3250 3112 3414 3159 totam
3454 3119 3605 3160 suam
3656 3120 3792 3176 pau-

2198 3200 2462 3260 pertatem
2493 3193 2777 3261 exhausit,
2810 3204 2866 3249 ut
2912 3211 3035 3251 eum
3088 3199 3423 3267 susciperet,
3451 3199 3540 3269 qui
3594 3198 3791 3254 famem

2202 3281 2303 3335 illis
2326 3282 2622 3339 induxerat.
2650 3285 2712 3338 l-Jt
2737 3286 2823 3339 ivit
2853 3296 2904 3339 ut
2930 3298 3147 3342 sumeret
3168 3306 3371 3358 aquam,
3397 3290 3586 3360 inquit,
3611 3300 3659 3344 et
3679 3291 3791 3344 cla-

2199 3375 2353 3427 mavit
2379 3377 2642 3446 prop/tcta,
2677 3386 2722 3431 et
2752 3379 2912 3446 dixit,
2947 3378 3108 3434 Sume
3124 3381 3248 3434 mihi
3270 3383 3376 3449 iam
3403 3385 3554 3435 etiam
3584 3400 3789 3454 panem,

2199 3479 2247 3521 et
2275 3472 2535 3524 comedam
2562 3473 2638 3543 (5.
2669 3471 2797 3542 Reg.
2826 3473 2914 3528 17.
2948 3472 3058 3545 Η).
3091 3473 3229 3541 Quid
3272 3476 3433 3547 igitur
3458 3477 3687 3531 mulier?
3712 3476 3795 3532 Ne

2202 3563 2304 3617 hoc
2351 3564 2567 3633 quidem
2610 3580 2751 3635 aegre
2774 3565 2910 3633 fert,
2957 3567 3050 3622 sed
3079 3567 3205 3637 quid
3229 3568 3342 3622 ait?
3378 3567 3507 3623 Vivit
3540 3569 3792 3624 Dominus

2197 3654 2341 3709 Dens
2366 3665 2502 3723 tuus,
2530 3658 2573 3711 si
2599 3667 2670 3712 est
2698 3659 2823 3712 milii
2843 3660 2991 3727 panis
3014 3661 3386 3726 subciueritius,
3417 3661 3514 3715 nisi
3540 3672 3792 3732 quantum

2199 3750 2422 3821 pugillus
2446 3752 2631 3822 farina:
2655 3750 2761 3820 (Ib.
2783 3767 2831 3806 υ.
2864 3752 2973 3825 ιθ).
3001 3753 3169 3822 Quam
3222 3754 3293 3809 ob
3334 3769 3551 3810 causam
3602 3754 3792 3825 jurat?

2201 3843 2400 3898 Panem
2439 3845 2594 3915 petiit
2642 3845 2946 3917 prepheta,
2991 3857 3247 3903 caeterum
3298 3848 3390 3903 illa
3435 3862 3641 3920 panem'
3680 3863 3790 3905 non

2199 3934 2447 3991 habebat.
2478 3936 2673 3991 Timuit
2704 3952 2832 4010 ergo
2853 3978 2868 4005 ,
2908 3954 2977 3995 ne
3018 3938 3158 3995 forte
3184 3939 3310 3995 dum
3352 3940 3441 3995 illa
3489 3949 3791 4011 coqueret,

2199 4038 2450 4096 torreret,
2476 4042 2819 4103 praepararet,
2839 4032 3031 4089 deinde
3059 4034 3311 4099 tardaret,
3333 4049 3487 4090 more
3507 4034 3792 4105 impatieth

2200 4126 2463 4196 propheta
2503 4127 2840 4196 discederet,
2875 4137 2931 4184 et
2987 4131 3167 4200 prmda
3193 4129 3578 4201 hospitalitatis
3630 4129 3783 4186 aufu-

2196 4232 2367 4291 geret.
2402 4222 2691 4294 Propterea
2726 4223 3037 4294 juramento
3075 4224 3225 4298 illum
3274 4223 3667 4295 praeoccupavit
3703 4223 3791 4278 di-

2196 4332 2346 4383 cens,
2375 4332 2484 4371 non
2510 4318 2609 4372 sibi
2642 4318 2865 4373 farinam
2889 4318 3079 4373 deesse
3102 4360 3121 4386 ,
3142 4332 3331 4372 verum
3384 4315 3787 4372 subeineritium

2196 4426 2384 4481 panem
2418 4410 2516 4463 sibi
2551 4426 2655 4464 non
2683 4425 2802 4465 esse
2823 4451 2838 4477 ,
2864 4409 3088 4464 farinam
3115 4424 3254 4465 esse.
3278 4407 3462 4479 Neque
3483 4408 3790 4478 juramento

2195 4503 2369 4557 solum
2394 4503 2553 4557 ﬁdem
2583 4503 2711 4558 facit
2734 4543 2748 4569 ,
2784 4502 2878 4558 sed
2902 4513 2955 4558 ct
2981 4503 3095 4573 ipsa
3126 4517 3304 4557 rerum
3347 4516 3468 4571 qua:
3508 4500 3643 4556 fiunt
3691 4500 3791 4556 de-

2196 4597 2607 4650 monstratione.
2644 4596 2775 4650 Ecce
2801 4599 2965 4662 enim,
2993 4595 3183 4665 inquit,
3206 4594 3391 4666 colligo
3420 4594 3520 4648 duo
3553 4591 3719 4665 ligna,
3746 4602 3791 4647 et

2196 4692 2475 4762 ingrediar,
2509 4701 2557 4745 et
2600 4692 2786 4762 faciam
2813 4691 2903 4744 illa
2924 4690 3046 4759 ﬁliis
3075 4689 3197 4743 meis
3219 4728 3233 4754 ,
3264 4699 3311 4742 et
3356 4687 3711 4755 comedemus,
3743 4695 3790 4740 et

2194 4786 2486 4838 moriemur.

2271 4877 2484 4933 Nullum
2537 4877 2773 4949 relinquit
2816 4877 3189 4932 excusationem
3225 4873 3461 4929 divitibus
3514 4874 3692 4928 vidua.
3721 4900 3793 4913 --

2196 4969 2429 5023 Audiam.
2472 4970 2557 5039 qui
2617 4968 2926 5038 magnificas
2961 4967 3105 5022 tedes
3156 4974 3494 5031 construunt,
3533 4974 3590 5020 et
3638 4980 3791 5019 sum-

2199 5072 2383 5132 ptuosa
2413 5062 2608 5132 pra-dia
2656 5069 2982 5125 mercantur,
3010 5074 3072 5114 ac
3114 5057 3433 5113 famulorum
3472 5072 3664 5128 greges
3694 5070 3792 5127 per

2197 5157 2368 5209 lorum
2402 5155 2686 5209 traducunt
2717 5170 2730 5206 :
2763 5154 2849 5208 vel
2877 5152 3054 5223 potius
3083 5160 3138 5206 et
3162 5151 3459 5222 locupletes
3497 5159 3551 5205 et
3589 5164 3797 5220 paupe-

2198 5265 2284 5304 res
2328 5248 2549 5301 audiaut
2597 5261 2823 5300 omnes:
2859 5245 2989 5299 nulli
3035 5244 3178 5297 enim
3230 5249 3352 5312 post
3374 5240 3589 5294 viduam
3631 5240 3793 5294 istam

2195 5343 2468 5398 excusatio
2505 5341 2859 5411 relinquetur.
2890 5340 3020 5394 Tam
3052 5337 3234 5393 multis
3261 5337 3346 5390 illa
3392 5332 3790 5406 impedimentis

2196 5438 2440 5491 intricata
2484 5444 2635 5503 erat,
2687 5435 2782 5490 sed
2831 5435 2918 5490 illa
2965 5444 3142 5489 tamen
3202 5432 3486 5500 interrupit
3531 5438 3588 5484 ct
3640 5439 3792 5483 trau-

2193 5531 2421 5587 scendit.
2453 5531 2588 5586 Audi
2615 5545 2765 5586 vero.
2814 5528 3123 5599 Alienigena
3161 5535 3277 5581 erat
3310 5545 3323 5581 :
3354 5541 3514 5580 unum
3559 5531 3647 5579 est
3688 5520 3793 5576 hoc

2197 5628 2661 5698 impedimentum.
2688 5623 2948 5689 Sidonia;
2986 5621 3281 5676 secundum
3321 5617 3785 5690 impedimentum.

2194 5723 2309 5777 Non
2340 5723 2479 5778 cnim
2510 5737 2604 5792 par
2646 5729 2727 5775 est
2753 5716 2989 5774 conditio
3012 5759 3028 5784 ,
3060 5716 3104 5770 si
3145 5713 3439 5783 alienigena
3481 5712 3558 5766 sis
3600 5707 3788 5779 quovis

2195 5827 2366 5889 pacto,
2395 5823 2447 5871 et
2472 5814 2514 5869 si
2544 5830 2607 5869 ex
2630 5811 2829 5870 Sidone
2851 5807 3109 5866 oriundus
3131 5804 3525 5877 improbissime
3547 5805 3795 5863 civitate:
