4062 6420
227 327 327 388 513

228 450 489 509 tamquam
536 435 681 494 enim
726 450 950 494 summa:
995 434 1351 508 improbitatis
1397 434 1701 505 exemplum
1756 434 1809 489 in

231 528 690 600 Evangeliisillam
714 532 905 587 urbem
929 528 984 582 in
1027 527 1260 582 medium
1308 524 1553 582 Christus
1593 526 1815 581 adduxit

210 617 436 691 (Matth.
463 619 553 673 11.
583 617 674 673 21.
702 616 821 690 22).
855 618 982 673 Erat
1011 618 1172 688 igitur
1195 626 1248 673 ct
1277 617 1575 688 alienigena
1596 659 1610 683 ,
1651 626 1706 672 et
1732 617 1816 671 Si-

227 709 419 771 donia,
452 718 507 764 et
535 709 751 777 mulier,
781 724 943 764 sexus
968 709 1230 775 inﬁrmus,
1266 719 1321 764 et
1367 709 1511 763 omni
1563 724 1627 764 cx
1663 717 1817 780 parte

230 800 464 853 subsidio
513 800 782 871 indigens.
815 801 1122 855 Accedebat
1159 799 1391 855 viduitas
1428 810 1676 870 quartum
1720 800 1818 855 im-

231 891 593 962 pedimentum
622 891 907 961 :quintum
948 892 1050 946 illis
1079 892 1329 947 omnibus
1359 893 1531 962 majus
1555 933 1571 958 ,
1595 891 1816 946 alendo-

230 999 343 1038 rum
372 997 500 1037 cura
550 982 862 1037 liberorum.
915 982 1153 1036 Audiant
1181 981 1387 1049 vidum,
1417 995 1481 1036 ac
1530 981 1820 1036 liberorum

231 1073 484 1139 nutrices,
519 1088 625 1127 non
670 1072 834 1127 fuisse
859 1072 1105 1127 idoneam
1129 1080 1184 1127 et
1210 1072 1504 1143 legitimam
1548 1072 1696 1127 illant
1727 1088 1823 1128 cx-

235 1165 590 1232 cusatiouem,
626 1165 914 1235 quominus
938 1164 1238 1235 impertiret
1279 1164 1711 1236 eleemosynam,
1738 1164 1822 1220 vel

234 1256 472 1326 h05pites
497 1256 774 1327 exciperet
807 1264 899 1310 :et
927 1255 1157 1327 pugillus
1203 1254 1391 1310 farinae
1440 1256 1679 1326 reliquus
1709 1264 1825 1309 crat

236 1358 461 1412 tantum,
492 1364 556 1404 ac
585 1359 706 1418 post
737 1348 887 1403 illum
937 1363 1084 1403 mors
1126 1347 1559 1418 exspectabatur.
1590 1347 1725 1402 Nam
1767 1356 1825 1402 tu

234 1441 451 1513 quidem
478 1441 607 1499 licet
632 1455 823 1496 omnes
848 1441 1103 1511 pecunias
1130 1438 1433 1511 profuderis
1453 1481 1469 1506 ,
1503 1439 1624 1494 licet
1654 1438 1825 1493 facul—

238 1533 436 1588 tatibus
463 1532 694 1603 tcipsutn
728 1532 1068 1602 spoliaveris,
1100 1541 1253 1603 potes
1298 1531 1364 1586 ad
1408 1531 1635 1587 aliorum
1682 1528 1827 1586 fores

237 1639 492 1694 pergere,
521 1631 682 1694 atque
728 1623 854 1678 inde
906 1623 1157 1679 solatium
1210 1622 1500 1679 obtinere:
1536 1632 1646 1678 tum
1699 1637 1828 1678 vero

239 1732 410 1787 neque
460 1716 768 1771 mendicare
815 1716 1030 1783 licebat,
1060 1717 1133 1772 ita
1185 1724 1371 1786 portus
1422 1728 1611 1770 omnes
1658 1714 1831 1770 fames

240 1810 600 1865 obstruxerat.
627 1808 770 1864 Nihil
802 1818 979 1864 tamen
1008 1809 1198 1865 horum
1227 1809 1519 1880 prohibuit.
1564 1810 1746 1865 Dicam
1778 1819 1833 1866 ct

243 1903 529 1971 septimum
604 1901 1087 1971 impedimentum,
1131 1903 1306 1973 ipsum
1355 1902 1642 1968 nimirum,
1670 1916 1831 1972 quem

241 1993 433 2047 mulier
453 1991 687 2062 hospitio
716 1992 817 2047 fuit
839 2001 1148 2063 exceptura.
1168 1992 1302 2048 Nam
1335 2008 1508 2063 neque
1531 1992 1830 2060 familiaris,

243 2099 415 2154 neque
446 2094 603 2141 notus
633 2094 749 2141 crat
770 2127 787 2152 ,
820 2086 914 2141 sed
945 2086 1263 2156 peregrinus
1288 2096 1343 2141 et
1368 2088 1596 2155 alienus,
1627 2096 1685 2143 et
1714 2088 1833 2158 ipso

244 2179 517 2248 religionis
544 2178 614 2233 ab
644 2179 730 2234 illa
762 2189 918 2249 septo
945 2188 1244 2249 separatus.
1271 2179 1456 2250 Neque
1476 2195 1605 2235 vero
1627 2189 1834 2239 tantum

248 2272 581 2341 peregrinus,
609 2281 664 2326 et
691 2280 910 2327 cxterus
933 2312 950 2339 ,
980 2271 1076 2328 sed
1106 2272 1197 2328 ille
1224 2272 1337 2342 ipse
1358 2282 1494 2341 erat,
1519 2273 1607 2344 qui
1637 2272 1833 2330 fantem

248 2362 557 2419 induxerat.

316 2455 367 2510 9.
395 2454 539 2510 Nihil
567 2465 743 2511 tamen
785 2454 976 2511 horum
1004 2454 1254 2511 feminam
1284 2456 1500 2523 avertit,
1524 2458 1618 2512 sed
1650 2459 1728 2512 ori
1758 2457 1835 2513 ci-

246 2545 369 2600 bum
394 2545 721 2618 porrigebat,
752 2546 895 2617 quod
942 2561 1130 2603 omnes
1160 2548 1231 2602 illi
1258 2549 1408 2603 cibos
1438 2548 1835 2620 absumpserat,

246 2649 298 2693 et
324 2639 480 2695 famis
503 2649 774 2694 auctorem
820 2638 976 2695 famis
1020 2639 1257 2711 reliquiis
1300 2642 1587 2697 nutriebat.
1614 2642 1840 2713 Propter

249 2741 318 2798 te,
348 2731 543 2803 inquit,
576 2731 855 2787 facultates
895 2744 1084 2786 omnes
1128 2747 1263 2787 mea:
1305 2731 1372 2786 ad
1416 2733 1556 2788 hunc
1583 2735 1838 2803 pugillum

248 2823 480 2878 redacta:
505 2831 667 2877 sunt:
695 2822 790 2878 scd
820 2837 921 2878 nec
960 2823 1046 2877 isti
1077 2824 1272 2893 pugillo
1297 2832 1382 2879 tua
1417 2838 1575 2880 causa
1603 2840 1837 2895 parcam,

249 2928 432 2969 verum
462 2921 628 2968 etme
649 2923 705 2969 et
748 2913 946 2969 liberos
985 2929 1133 2969 meos
1163 2915 1411 2985 objiciam
1453 2918 1633 2982 morti,
1667 2927 1723 2971 ut
1761 2927 1837 2985 tu,

247 3005 435 3076 inquit,
473 3004 632 3075 hujus
654 3015 843 3061 auctor
870 3006 1205 3062 necessitatis
1226 3022 1295 3063 ne
1324 3008 1602 3063 minimum
1624 3008 1841 3079 quidem

248 3097 587 3153 necessitatis
616 3111 832 3152 sensum
860 3097 1062 3168 capias.
1093 3098 1190 3154 Cui
1228 3100 1401 3170 potuit
1430 3115 1684 3169 umquam
1726 3115 1843 3155 ma-

244 3192 329 3262 jus
356 3192 735 3261 hospitalitatis
768 3192 1001 3247 studium
1031 3194 1085 3246 in
1123 3203 1354 3248 mentem
1379 3193 1597 3249 venire?
1626 3192 1842 3248 Nullum

248 3286 401 3354 plane
424 3285 611 3340 licebit
638 3286 891 3355 reperire.
935 3284 1079 3340 Vidit
1123 3287 1498 3356 peregrinum,
1548 3296 1602 3343 ct
1642 3297 1846 3342 natura:

250 3377 532 3431 confestim
559 3375 719 3430 oblita
746 3387 846 3441 est,
870 3376 1081 3431 dolores
1108 3387 1289 3446 partus
1330 3377 1610 3447 ignoravit,
1643 3386 1697 3432 et
1721 3392 1848 3432 ocu-

253 3467 317 3523 lis
334 3469 399 3524 ad
427 3469 660 3523 filiorum
690 3469 897 3523 turbam
921 3469 1195 3524 conversis
1215 3470 1394 3522 animo
1415 3468 1578 3523 fracta
1606 3483 1711 3522 non
1742 3478 1843 3522 est.

253 3563 329 3616 Ae
364 3576 451 3615 me
495 3560 711 3631 quidem
762 3561 875 3614 scio
921 3558 1232 3629 frequenter
1260 3558 1493 3614 audiissc
1536 3558 1732 3613 multos
1759 3559 1848 3629 qui

253 3655 494 3710 dicerent
526 3671 539 3707 :
570 3653 662 3707 llle
699 3667 819 3707 cum
847 3667 1134 3722 pauperem
1172 3651 1560 3720 conspexisset,
1594 3651 1847 3718 tunicam,

255 3759 356 3815 qua
388 3745 503 3800 sola
542 3751 659 3798 erat
708 3742 943 3810 indutus,
972 3756 1175 3797 exuens
1215 3742 1412 3796 nudum
1444 3742 1686 3807 vestivit;
1736 3741 1851 3811 ipse

256 3849 385 3890 vero
411 3875 428 3902 ,
482 3849 604 3888 cum
638 3842 872 3887 mutuam
915 3833 984 3889 ab
1026 3832 1200 3887 altero
1244 3842 1447 3886 vestem
1481 3832 1849 3903 sumpsisset,

256 3927 450 3983 deinde
476 3925 724 3980 diseesﬂt
752 3944 767 3979 :
798 3934 851 3980 ct
873 3924 974 3979 hoc
994 3938 1243 3993 magnum
1265 3922 1391 3994 quid
1421 3934 1474 3978 et
1507 3922 1750 3978 mirabile
1774 3922 1851 3976 vi-

258 4036 375 4076 sum
399 4031 503 4074 cst.
537 4018 811 4089 Siquidem
844 4033 969 4072 vere
1011 4025 1262 4089 magnum
1289 4026 1406 4072 est:
1436 4016 1577 4072 istud
1613 4031 1742 4071 vero
1769 4018 1847 4071 vi-

260 4114 376 4168 dua:
403 4113 601 4168 factum
642 4110 801 4179 hujus
827 4110 997 4165 multo
1022 4110 1113 4164 illo
1140 4109 1331 4180 majus.
1366 4109 1495 4163 Nam
1525 4108 1613 4164 ille
1641 4107 1854 4178 quidem

259 4222 381 4262 cum
412 4223 472 4261 se
502 4205 777 4270 nudasset,
811 4219 874 4259 ac
904 4203 1104 4259 nudum
1140 4203 1456 4274 operuissct,
1483 4204 1655 4272 potuit
1693 4202 1760 4256 ab
1780 4201 1857 4255 al—

264 4308 376 4353 tcro
402 4307 606 4354 vestem
634 4297 876 4365 accipere
907 4314 918 4348 :
945 4295 1059 4349 hare
1083 4310 1211 4350 vero
1240 4310 1360 4349 cum
1391 4294 1574 4349 farinae
1602 4293 1857 4364 pugillum

264 4390 618 4461 prodegisset,
662 4389 886 4443 alterum
930 4386 1183 4457 pugillum
1219 4389 1466 4457 accipere
1507 4386 1728 4441 minime
1766 4400 1861 4455 po-

264 4482 401 4546 tuit;
431 4493 611 4551 neque
657 4478 910 4533 unditatis
940 4487 1144 4531 tantum
1190 4476 1264 4530 illi
1305 4477 1596 4546 periculum
1622 4475 1857 4531 subeun-

263 4576 391 4629 dum
421 4583 560 4639 erat,
600 4572 696 4628 sed
727 4584 908 4642 postea
954 4586 1100 4626 tnors
1137 4571 1304 4640 ipsius
1331 4584 1394 4624 ac
1434 4570 1723 4626 liberorum
1746 4579 1862 4625 erat

262 4665 645 4737 exspectanda.
703 4664 837 4719 Cum
882 4664 1038 4733 igitur
1090 4677 1262 4732 neque
1313 4654 1642 4732 paupertate,
1690 4675 1864 4729 neque

264 4760 581 4813 alendorum
626 4772 751 4812 cura
804 4755 1056 4823 filiorum,
1087 4768 1259 4825 neque
1302 4753 1449 4824 gravi
1492 4751 1650 4817 fame,
1691 4768 1864 4823 neque

272 4863 416 4905 tanta
442 4860 700 4922 t-gcstate,
732 4863 904 4919 neque
931 4849 1119 4903 mortis
1144 4846 1540 4916 exspectatione
1566 4842 1724 4899 fuerit
1765 4844 1865 4899 im-

268 4944 472 5013 pedita,
501 4956 619 5012 qua:
647 4940 800 4995 nobis
826 4939 1027 5010 reliqua
1057 4937 1159 4994 erit
1187 4935 1459 4992 excusatio
1487 4934 1859 5006 locupletibus,

267 5049 388 5104 qua:
415 5031 781 5103 pauperibus?
816 5028 945 5084 Vivit
972 5028 1222 5084 Dominus
1249 5026 1389 5083 Deus
1415 5036 1553 5095 tuus,
1581 5028 1625 5081 si
1642 5036 1714 5081 est
1742 5027 1867 5081 mihi

260 5127 421 5192 panis
472 5123 858 5189 subcineritius,
901 5123 997 5176 nisi
1035 5131 1282 5192 quantum
1326 5119 1549 5192 pugillus
1592 5120 1775 5191 farina:
1814 5121 1869 5173 in

264 5219 477 5290 hydria,
508 5227 554 5271 et
581 5234 763 5287 parum
788 5215 885 5271 olei
909 5216 962 5270 in
993 5214 1188 5287 lecytho
1218 5230 1236 5269 :
1259 5223 1304 5269 et
1334 5232 1445 5271 ecce
1471 5215 1655 5285 colligo
1680 5214 1781 5268 duo
1807 5213 1869 5268 li-

267 5329 392 5384 gna,
417 5321 464 5366 et
490 5311 767 5383 ingrediar,
789 5320 835 5365 et
854 5311 1041 5381 faciam
1054 5309 1144 5362 illa
1163 5308 1286 5376 ﬁliis
1306 5309 1444 5374 meis,
1471 5317 1517 5362 et
1531 5307 1867 5374 comedemus,

270 5414 318 5457 et
343 5403 639 5457 moriemur.
672 5401 822 5457 lianc
846 5400 1208 5471 unusquisque
1243 5399 1625 5467 miserandam,
1661 5398 1747 5455 vel
1777 5414 1873 5469 po-

272 5497 380 5552 tius
408 5495 775 5567 uuusquisque
801 5493 1011 5548 beatam
1036 5493 1177 5548 illam
1198 5506 1382 5547 vocem
1403 5506 1468 5546 ac
1494 5492 1627 5547 caelo
1655 5490 1869 5563 dignam

271 5589 470 5642 domus
497 5601 608 5643 sua:
646 5588 934 5658 parietibus
977 5586 1266 5651 inscribat,
1299 5586 1350 5640 in
1392 5585 1657 5651 cubiculo,
1688 5586 1738 5640 in
1767 5601 1873 5657 quo

198 5721 202 5724 ‹
278 5678 595 5744 dormimus,
627 5680 679 5733 in
719 5678 983 5746 conclavi,
1030 5678 1082 5733 in
1109 5692 1217 5748 quo
1256 5676 1598 5748 prandetnus.
1631 5678 1778 5733 llanc
1818 5677 1873 5734 in

274 5773 506 5840 utilius,
541 5770 676 5829 hanc
717 5772 769 5827 in
813 5772 951 5841 foro,
996 5771 1134 5827 hanc
1174 5772 1231 5834 in
1280 5770 1572 5828 amicorum
1621 5771 1868 5841 cutibus,

1469 320 1535 377 IN
1576 316 1831 373 llELMM
1873 317 1961 372 ET
2004 317 2285 379 \‘lDUAM.

3407 323 3513 380 316

1936 437 2073 493 banc
2095 434 2220 490 dum
2251 434 2318 490 ad
2356 434 2597 506 judicum
2629 435 2855 491 tribunal
2883 435 3073 506 pergit,
3104 435 3241 491 hanc
3278 435 3404 490 dum
3429 440 3515 491 ia-

1921 526 2181 596 grcditur,
2212 525 2348 581 hanc
2375 525 2503 581 dum
2544 526 2815 596 egreditur
2856 541 3041 581 vocem
3080 527 3306 596 quisque
3344 526 3515 581 medi-

1927 624 2068 671 tetur
2095 634 2108 670 :
2137 627 2187 671 et
2206 625 2511 673 constanter
2530 618 2760 685 aflirmo,
2782 620 3122 688 quantumvis
3148 631 3340 671 saxeus
3363 616 3520 670 fuerit

1925 708 2063 778 quis,
2094 718 2147 763 et
2188 707 2414 775 ferreus,
2461 718 2515 763 et
2552 709 2790 774 adamas,
2822 711 3039 764 minime
3065 724 3315 778 umquam
3349 707 3517 763 addu-

1927 808 2071 854 ctum
2105 799 2169 853 iri
2206 808 2259 854 ut
2289 799 2632 856 accedentem
2674 816 2961 870 pauperem
2993 801 3176 854 vacuis
3217 799 3461 855 manibus
3487 815 3517 853 a

1929 904 1987 946 se
2012 891 2262 957 dimittat,
2286 892 2330 946 si
2354 907 2536 947 vocem
2561 892 2697 947 hanc
2718 891 3072 961 inscrtpserit,
3096 892 3139 944 si
3162 890 3374 947 viduam
3395 898 3521 944 ante

1929 985 2114 1041 oculos
2142 986 2365 1056 positam
2396 985 2660 1041 habuerit.

2004 1075 2128 1131 Non
2171 1077 2430 1147 prapheta:
2472 1078 2634 1132 solum
2673 1076 2956 1148 excipiendi
2982 1085 3118 1132 sunt.
3150 1105 3221 1122 σ-
3246 1074 3351 1131 Sed
3378 1074 3518 1130 dicet

1932 1155 2160 1222 fortasse
2182 1168 2466 1237 quispiam:
2484 1167 2744 1223 Adducito
2757 1168 2885 1222 mihi
2904 1166 3237 1238 prophetam,
3259 1175 3314 1221 et
3332 1164 3519 1221 eadem

1933 1276 2055 1316 cum
2082 1261 2450 1316 benevolentia
2482 1261 2629 1315 illum
2657 1261 2963 1331 suscipiam.
3004 1260 3116 1315 lloc
3142 1258 3268 1314 mihi
3300 1257 3523 1329 promit-

1934 1363 2007 1418 te,
2041 1363 2149 1408 tum
2174 1369 2273 1424 ego
2299 1354 2389 1408 tibi
2419 1352 2730 1424 prophetam
2762 1352 3039 1407 adducam.
3074 1350 3211 1419 Quid
3246 1351 3365 1404 dico
3396 1364 3524 1419 pro-

1936 1444 2192 1516 phetam?
2234 1446 2408 1515 Ipsum
2462 1445 2553 1499 tibi
2589 1445 2863 1515 propheta:
2908 1443 3190 1499 Dominum
3239 1441 3523 1507 adducam,

1936 1552 2275 1592 communem
2319 1537 2485 1591 Deum
2527 1552 2591 1593 ac
2641 1536 2920 1591 Dominum
2966 1544 3203 1590 nostrum
3233 1533 3523 1588 Christum.

1937 1630 2055 1698 Ipse
2102 1630 2246 1684 enim
2294 1629 2443 1695 dicit,
2494 1627 2811 1683 Esurientem
2856 1643 2935 1681 me
2979 1627 3192 1689 vidistis,
3244 1633 3291 1678 et
3331 1624 3528 1677 aluistis

1939 1721 2151 1793 (Matth.
2179 1722 2268 1777 25.
2302 1721 2416 1792 35).
2455 1719 2609 1787 Quod
2646 1720 2689 1774 si
2734 1720 2823 1789 qui
2868 1719 3004 1773 forte
3038 1717 3155 1773 voci
3183 1715 3339 1770 ﬁdem
3374 1713 3529 1769 dero-

1937 1823 2087 1883 gant,
2119 1821 2174 1867 ct
2201 1811 2585 1866 hmnanitatcm
2615 1825 2720 1865 non
2747 1819 2956 1877 curant,
2986 1824 3109 1863 cum
3136 1806 3396 1877 supplicio
3423 1819 3534 1875 pte-

1940 1906 2130 1976 nisque
2154 1905 2392 1974 castigati
2411 1901 2513 1958 hoc
2535 1902 2758 1958 discent.
2783 1902 3075 1970 Tamquam
3097 1899 3238 1954 enim
3258 1897 3528 1953 Christum

1943 1997 2117 2067 ipsum
2146 2011 2253 2050 non
2281 2004 2580 2060 curassent,
2612 1994 2690 2049 sic
2717 1993 2781 2048 ad
2805 1991 3193 2049 intolerandum
3214 1988 3532 2060 supplicium

1941 2090 2291 2144 abducentur.
2315 2089 2405 2143 Sic
2426 2088 2586 2159 igitur
2614 2096 2668 2144 et
2697 2087 2783 2158 qui
2817 2100 3078 2158 pauperes
3103 2083 3348 2147 aluerint,
3383 2081 3534 2152 quasi

1941 2180 2214 2237 Christum
2240 2180 2412 2251 ipsum
2441 2179 2695 2243 curarint,
2740 2179 2793 2232 in
2822 2192 3044 2249 regnum
3073 2174 3324 2231 caelorum
3364 2173 3534 2227 intro-

1942 2274 2228 2329 ducuntur.

2016 2366 2104 2423 10.
2137 2365 2388 2420 Fortasse
2415 2363 2565 2434 plura
2593 2362 2733 2418 dicta
2763 2370 2907 2426 sunt,
2938 2374 3096 2430 quam
3124 2355 3377 2426 oportuit.
3412 2352 3533 2410 Uti~

1943 2476 2066 2517 nam
2094 2468 2270 2513 autem
2311 2457 2426 2512 dies
2467 2470 2657 2511 omnes
2702 2455 2752 2509 in
2784 2466 3059 2509 scrmtmes
3085 2450 3154 2505 de
3190 2449 3535 2517 eleemosyna

1945 2554 2132 2609 liceret
2157 2550 2493 2620 impenderet
2517 2546 2668 2616 Quod
2700 2547 2743 2601 si
2772 2545 2921 2600 vobis
2945 2544 3060 2597 lnec
3080 2541 3327 2595 sufficere
3351 2537 3538 2593 viden-

1947 2654 2052 2711 tur,
2081 2659 2177 2715 age
2202 2640 2506 2698 summatim
2529 2639 2706 2693 omnia
2737 2636 2823 2691 illa
2852 2644 3177 2705 repetamus.
3208 2630 3323 2685 Dixi
3345 2642 3445 2699 qua
3469 2626 3539 2683 de

1946 2752 2105 2793 causa
2133 2736 2388 2806 propheta
2413 2734 2477 2787 ad
2507 2732 2717 2787 viduam
2739 2730 3058 2793 mitteretur,
3085 2740 3153 2780 ne
3175 2729 3553 2795 paupertatem,

1947 2829 2231 2898 despicias,
2264 2842 2332 2881 nc
2360 2824 2571 2881 divitias
2594 2823 2724 2877 tanti
2750 2820 2935 2885 facias,
2967 2835 3035 2873 ne
3064 2815 3382 2886 locupletem
3408 2812 3540 2868 bea-

1949 2930 2061 2976 tum
2091 2919 2389 2984 arbitreris,
2420 2932 2489 2972 ne
2536 2914 2804 2971 infelicem
2848 2926 2912 2966 ac
2949 2908 3293 2965 miseratione
3322 2905 3540 2976 dignum

1949 3027 2074 3068 eum
2119 3012 2211 3083 qui
2257 3016 2495 3078 egestate
2537 3005 2819 3078 premitur,
2859 3013 2915 3057 ut
2951 2999 3222 3057 Judaicam
3255 2994 3542 3065 nequitiam

1950 3118 2262 3176 cognoscas.
2296 3102 2393 3157 llic
2417 3100 2559 3156 enim
2593 3098 2683 3154 Dei
2712 3110 2828 3151 mos
2849 3101 2953 3159 est,
2977 3107 3097 3149 cum
3125 3087 3438 3161 supplicium
3457 3095 3547 3141 cst

1952 3195 2213 3260 illaturus,
2272 3201 2329 3247 ut
2368 3193 2529 3247 rebus
2570 3190 2698 3260 ipsis
2741 3202 2801 3243 se
2846 3193 3034 3256 purget
3065 3199 3080 3236 :
3115 3197 3184 3237 nc
3211 3195 3330 3236 cum
3362 3185 3547 3250 postea

1952 3299 2290 3341 communem
2322 3282 2558 3337 omnium
2595 3279 2924 3334 Sulvatorem
2956 3273 3216 3343 rejectum
3244 3270 3311 3324 ab
3337 3268 3440 3323 illis
3465 3267 3547 3321 vi-

1954 3376 2122 3443 deris,
2169 3385 2222 3430 et
2259 3390 2288 3427 a
2328 3373 2577 3444 gentibus
2619 3375 2946 3437 susceptum,
2990 3362 3202 3417 mireris
3229 3369 3284 3415 et
3312 3357 3546 3425 dubites,

1955 3482 2075 3522 cum
2120 3466 2288 3521 multo
2332 3475 2457 3519 ante
2501 3465 2735 3533 ipsorum
2781 3455 3174 3529 improbitatem
3211 3449 3545 3523 cognoveris,

1956 3573 2154 3629 eosque
2192 3557 2329 3612 bene
2365 3556 2433 3611 de
2470 3571 2530 3611 se
2554 3553 2778 3609 meritos
2823 3563 3019 3605 vexare
3054 3545 3396 3602 consucvisse
3432 3561 3444 3597 :
3481 3557 3550 3596 ne

1957 3648 2285 3705 crudelitatis
2314 3662 2433 3702 esse
2456 3645 2733 3700 arbitreris
2753 3642 3050 3698 orationem
3069 3636 3366 3709 prophetae,
3390 3642 3550 3701 atque.

1961 3741 2361 3814 productionem
2392 3752 2583 3809 putate,
2613 3733 2705 3790 sed
2736 3732 2836 3788 zeli
2862 3729 3026 3787 divini
3047 3744 3109 3783 ac
3131 3723 3505 3783 sollicitudinis
3535 3741 3550 3777 :

1959 3846 2016 3891 ut
2044 3835 2217 3890 discas
2244 3833 2295 3887 in
2341 3830 2587 3886 maximis
2628 3838 2775 3883 recte
2814 3824 2965 3880 factis
3002 3821 3165 3878 etiam
3208 3815 3555 3888 castigatione

1961 3939 2204 3984 naturam
2233 3935 2467 3981 nostram
2498 3922 2737 3991 indigere
2765 3938 2778 3974 :
2820 3934 2887 3973 ne
2914 3933 3034 3971 cum
3061 3914 3128 3969 ad
3154 3911 3401 3968 eumdem
3430 3922 3553 3963 cum

1965 4018 2222 4092 propheta
2253 4016 2424 4072 zelum
2450 4022 2502 4069 te
2527 4012 2892 4075 adhortamur,
2920 4007 3037 4062 ﬁeri
3062 4020 3167 4060 non
3191 4016 3347 4073 posse
3377 4008 3552 4071 putes,

1964 4122 2022 4167 ut
2049 4113 2195 4166 illum
2226 4108 2470 4165 imiteris.
2503 4104 2619 4160 Dixi
2644 4103 2713 4159 de
2751 4101 2931 4168 vidua,
2961 4114 3067 4171 quo
3110 4105 3264 4168 pacto
3302 4093 3355 4148 iu
3382 4100 3557 4146 tantas

1964 4202 2236 4275 angustias
2280 4199 2512 4264 redacta,
2553 4195 2692 4249 fame
2719 4199 2960 4264 cogente,
2992 4205 3061 4245 ne
3089 4187 3307 4243 verbum
3341 4180 3559 4256 quidem

1966 4309 2215 4365 asperum
2248 4291 2504 4347 adversus
2546 4284 2859 4358 prephctam
2890 4281 3087 4345 emisit,
3131 4275 3339 4333 tametsi
3381 4287 3560 4365 rerum

1967 4363 2127 4442 statui
2155 4392 2574 4439 consentaneum
2595 4386 2731 4443 erat,
2763 4384 2923 4446 atque
2963 4373 3065 4427 hoc
3093 4385 3156 4425 ex
3185 4365 3430 4436 superbia
3458 4363 3556 4419 Ju-

1967 4480 2208 4535 daaorum
2240 4472 2447 4528 ostendi
2477 4489 2489 4525 :
2519 4469 2651 4525 nihil
2682 4480 2856 4522 tamen
2899 4465 3085 4519 horum
3115 4460 3193 4515 illi
3223 4456 3436 4521 accidit,
3463 4453 3559 4509 sed

1969 4586 2089 4626 cum
2120 4568 2286 4623 multa
2311 4565 2456 4621 illum
2485 4563 2733 4618 comitate
2761 4569 2917 4627 atque
2942 4552 3270 4609 humanitate
3304 4547 3559 4617 suscepit,

1972 4673 2244 4729 totamque
2272 4670 2423 4712 suam
2449 4660 2739 4724 egestatem
2772 4648 2824 4702 in
2855 4647 2972 4718 ejus
3001 4645 3258 4699 honorem
3280 4636 3561 4729 impendit,

1967 4767 2093 4809 cum
2118 4728 2334 4806 Sidonia
2365 4753 2509 4802 esset
2536 4753 2587 4798 et
2626 4740 2945 4809 alienigena,
2978 4750 3151 4807 neque
3178 4731 3469 4804 prephetas
3493 4728 3561 4783 de

1972 4834 2311 4910 cleemosyua
2338 4833 2772 4908 philosophantes
2801 4829 3074 4895 audiisset,
3098 4839 3274 4897 neque
3295 4820 3564 4878 Christum

1973 4938 2259 4999 dicentem,
2291 4931 2607 4987 Esuriemem
2645 4943 2725 4981 me
2750 4924 2963 4991 vidistis,
3006 4931 3052 4976 et
3081 4920 3297 4974 aluistis.
3324 4917 3564 4986 Quanam

1975 5030 2135 5099 igitur
2166 5026 2316 5081 venia
2343 5022 2485 5094 digni
2510 5019 2873 5083 censebimur,
2916 5016 2963 5070 si
2994 5023 3073 5069 tot
3099 5012 3295 5068 auditis
3320 5008 3565 5099 cohortaf

1978 5098 2228 5185 tionibus,
2257 5119 2299 5172 si
2341 5124 2461 5186 post
2494 5122 2762 5169 tantorum
2804 5109 3065 5181 promissa
3111 5103 3480 5177 praemiorum,
3522 5098 3568 5155 si

1978 5212 2250 5286 proposito
2276 5225 2444 5281 regno
2471 5206 2748 5272 cmlorum,
2774 5219 2880 5260 non
2909 5201 2976 5257 ad
3001 5199 3246 5256 eumdem
3267 5210 3391 5286 cum
3413 5191 3568 5286 vidua

1978 5283 2245 5365 comitatis
2271 5313 2325 5361 et
2354 5300 2701 5358 humanitatis
2728 5296 2950 5370 gradum
2996 5285 3400 5364 perveniamus?
3436 5283 3571 5339 Nam

1979 5402 2067 5458 illa
2097 5399 2310 5471 quidem
2330 5396 2545 5453 Sidonia
2572 5391 2671 5448 fuit
2690 5398 2746 5447 et
2767 5387 3080 5456 alienigena,
3102 5390 3157 5438 et
3179 5377 3370 5471 mulier
3390 5375 3569 5471 vidua,

1980 5502 2034 5550 et
2061 5466 2349 5548 multorum
2381 5487 2455 5543 illi
2483 5492 2600 5542 erat
2623 5497 2749 5538 cura
2771 5479 3080 5541 liberorum,
3109 5468 3464 5543 periculosam
3493 5466 3563 5521 fa~

1980 5602 2120 5642 mem
2151 5581 2366 5638 videbat
2389 5589 2443 5635 et
2471 5586 2700 5632 mortem
2749 5570 3152 5632 imminentem,
3198 5573 3254 5619 et
3299 5561 3571 5617 hominem

1981 5677 2217 5747 ignotum
2252 5678 2371 5728 erat
2403 5676 2686 5737 exceptura
2721 5664 2916 5735 quique
2957 5660 3150 5715 famem
3193 5656 3494 5747 invexerat,
3520 5662 3576 5709 et

1984 5742 2051 5826 tie
2081 5767 2158 5826 sic
2188 5763 2400 5835 quidem
2418 5757 2615 5831 pugillo
2647 5754 2885 5829 pepercit
2914 5770 2927 5808 :
2955 5761 3009 5808 at
3031 5764 3128 5807 nos
3156 5748 3243 5820 qui
3267 5755 3320 5801 ct
3347 5742 3568 5817 prophe-
