2031 3209
264 155 316 183 547

263 213 307 240 tim
323 214 467 249 patticipes
487 215 595 251 fuimus,
611 221 638 244 et
651 217 747 245 divinis
759 219 857 246 exculti
878 219 1058 254 dogmatibus,

262 259 308 293 qui
327 259 362 287 de
380 260 460 288 rebus
483 260 578 289 futuris
599 270 740 297 possumus
760 264 951 299 philosophari,
974 274 1060 300 neque

263 303 360 331 famem
375 306 495 333 videmus
510 308 662 340 instantem.
679 315 705 335 et
721 310 764 344 qui
780 310 864 336 multo
879 311 964 345 plura,
979 319 1058 346 quam

263 349 358 376 mulier
379 350 555 385 possidemus,
578 360 721 387 quamuaiu
743 355 888 389 poterimus
907 357 1059 383 excusatio-

262 402 323 421 nem
339 395 492 427 obtendere.
509 398 553 433 qui
576 398 745 427 l'aeuhatibus
760 401 903 435 parciums.
918 406 942 428 ct
960 407 1058 428 uo~trai

261 439 354 467 salutis
367 442 469 476 prodigi
484 444 595 471 sumus?
609 444 642 471 Ut
659 445 738 479 igitur
752 447 840 481 gravia
863 447 906 473 illa
927 452 1057 474 tormenta

635 160 661 188 S.
684 160 822 189 JUANNlS
841 160 1078 189 CllltY‘aOSTUMl
1098 161 1258 191 AllClllEP.
1279 164 1549 193 CONSTANTINOP.

1869 169 1916 196 348

1112 222 1237 254 vitemus,
1261 230 1368 250 omnem
1392 223 1604 252 misericordiam
1627 225 1655 252 in
1675 233 1780 261 egenos
1795 226 1916 255 exhibu-

1112 276 1182 301 mus,
1200 273 1228 295 ut
1240 273 1264 296 et
1277 277 1326 295 nos
1341 270 1449 304 assequi
1469 270 1538 298 bona
1558 272 1646 299 futura
1663 281 1824 301 mercamur
1837 276 1913 309 gratia

1112 318 1138 340 et
1153 313 1316 349 benignitate
1334 315 1437 342 Domini
1457 318 1540 343 uoxttri
1564 318 1629 345 Jesu
1648 318 1769 351 Christi,
1792 327 1914 354 cumquo

1111 360 1194 395 gloria
1209 361 1289 393 l'atri,
1308 369 1359 388 una
1376 369 1435 389 cum
1449 362 1550 398 Spiritu
1564 369 1659 391 sancto
1674 364 1701 392 in
1719 366 1821 392 saecula
1835 374 1913 394 secu-

1112 406 1209 432 lorua'.
1230 408 1327 434 Amen.

993 689 1168 720 MONITUM

303 784 378 813 lianc
393 786 603 821 pulcherrimam
620 792 779 818 concionem
798 791 892 818 habuit
904 791 1119 828 Chrysostomus
1140 794 1303 827 Antiochizc,
1326 799 1354 822 ut
1379 796 1503 831 arguitur
1528 804 1562 824 ex
1585 797 1620 824 iis
1643 805 1706 833 qua:
1722 799 1776 826 sub
1791 799 1893 826 initium

266 841 403 873 dicuntur,
422 834 517 878 nempe
530 845 562 871 ad
576 846 647 873 hunc
662 852 809 882 martyrum
823 848 913 875 locum
930 849 1059 883 populum
1073 851 1231 877 ventitaSse.
1254 851 1335 878 Extra
1348 852 1444 879 urbem
1460 860 1558 887 nempe
1570 858 1630 880 erat
1641 854 1772 888 ecclesia,
1788 861 1894 890 propter

266 904 416 934 martyrum
431 899 560 934 reliquias
576 901 755 935 frequentata,
770 911 824 938 quo
841 904 990 939 pergebant
1004 906 1094 940 populi
1112 907 1221 940 pietatis
1236 907 1339 942 gratia,
1355 913 1382 936 et
1404 909 1450 937 ubi
1470 909 1619 938 conciones
1634 909 1795 946 frequenter
1815 912 1896 938 hahe-

727 1080 795 1114 ἰ)Εέ
819 1080 1151 1116 FUTUBORUM
1174 1082 1429 1127 DELICIIS,

812 1166 850 1186 ur
873 1165 1081 1189 PBESENTIUM
1105 1160 1324 1200 \‘lLlTATE((1).

896 1239 1041 1246 ---

287 1285 309 1311 1.
335 1285 496 1312 Auditoribus
520 1286 551 1313 de
575 1287 705 1315 alacritate
728 1290 892 1323 gratulatur;
912 1298 967 1324 qine
986 1298 1044 1317 vero

247 1331 297 1356 sint
319 1331 428 1367 insignia
449 1333 610 1368 magistratus
630 1334 742 1369 exponit.
756 1334 940 1362 —\'ehemeus
963 1341 1045 1363 a'stus

248 1381 299 1409 est,
316 1381 343 1403 et
358 1378 484 1405 molestus
498 1378 595 1411 ardor;
616 1384 732 1407 attamen
748 1381 912 1408 alacritatem
928 1386 1043 1409 νεδιηιιιι

249 1430 302 1449 non
324 1423 480 1457 debilitavit,
503 1433 552 1452 nec
571 1426 693 1453 audiendi
714 1427 884 1462 cupiditatem
905 1429 1042 1462 repressit.

247 1467 322 1495 Talis
335 1473 375 1496 est
392 1469 498 1497 auditor
517 1470 622 1499 fervens
638 1477 664 1499 ct
679 1477 811 1506 attentus;
834 1474 956 1501 audiendi
971 1474 1043 1501 desi-

247 1514 323 1542 derio
333 1516 521 1544 corroboratus
538 1519 626 1545 omnia
651 1519 781 1552 patienter
802 1520 871 1547 ferre
894 1525 990 1555 potest.
1016 1525 1043 1549 ut

247 1559 418 1594 cupiditatem
438 1560 506 1588 hanc
525 1563 679 1597 przcclaram
696 1569 722 1590 et
746 1565 913 1597 spiritualem
928 1565 1042 1600 expleat,

248 1611 272 1631 et
298 1613 345 1633 nec
361 1614 377 1632 a
399 1606 513 1642 frigore,
537 1616 586 1636 ure
608 1610 641 1636 ab
661 1616 737 1643 testu,
766 1620 818 1638 unn
837 1619 851 1638 a
875 1613 1042 1646 negotiorum

247 1650 335 1684 turba,
352 1660 403 1679 non
420 1660 434 1679 a
450 1654 619 1683 tuultitudine
633 1663 765 1689 curarum,
783 1658 878 1685 nonab
892 1659 950 1697 aliis
965 1660 1044 1688 rebus

248 1697 307 1723 ullis
322 1697 452 1731 ejusmodi
468 1706 554 1734 potest
570 1703 734 1736 supplautari
754 1713 759 1730 :
774 1706 999 1739 quemadmodum
1016 1712 1042 1733 et

247 1742 369 1776 supinum
383 1752 415 1771 ac
432 1745 551 1773 desidem
568 1755 619 1774 non
639 1750 707 1775 aeris
732 1751 797 1777 bona
820 1753 971 1786 temperies,
989 1761 1041 1780 non

247 1788 329 1814 otium
348 1794 374 1816 et
395 1792 534 1825 securitas,
550 1802 600 1820 non
623 1795 734 1822 facilitas
753 1802 799 1823 aut
821 1798 941 1833 voluptas
958 1805 1043 1834 potest

246 1834 374 1867 excitare,
397 1837 443 1864 sed
462 1844 600 1873 correptus
622 1849 716 1867 somno
734 1843 847 1876 quodam
871 1845 969 1871 residet
987 1847 1040 1872 cri-

247 1880 318 1907 mine
341 1890 371 1908 ac
390 1883 585 1917 vituperatione
604 1886 768 1920 dignissimo.
794 1889 845 1916 \‘os
870 1896 956 1918 autem
976 1893 1015 1919 tali
1028 1900 1040 1919 s

246 1933 298 1952 non
315 1928 379 1954 estis
394 1937 397 1953 :
415 1929 460 1955 sed
476 1930 506 1956 iis
524 1932 567 1964 qni
584 1940 701 1960 nostram
718 1935 834 1962 iumluut
849 1936 941 1963 urbem
959 1938 1040 1965 multo

245 1971 369 1998 tttcliores
389 1974 463 2001 es'is.
485 1975 620 2010 Siquidem
641 1986 687 2005 vos
706 1980 778 2006 urbis
798 1987 877 2015 caput
897 1990 927 2009 ac
949 1989 1039 2010 vertex

245 2017 309 2042 estis
324 2017 389 2044 adeo
404 2020 484 2045 erecti
500 2028 531 2047 ac
554 2022 644 2056 vigiles
655 2044 661 2055 ,
681 2029 706 2051 et
720 2026 764 2058 qui
780 2033 810 2052 ea
831 2035 888 2061 qum
903 2028 1037 2062 dicuntur,

243 2065 370 2092 ln-rpetuo
382 2064 502 2097 persequi
518 2066 636 2093 studinse
647 2069 747 2095 soletis.
758 2069 813 2097 Iloc
825 2071 888 2098 mihi
901 2072 1033 2100 theatrum

241 2111 334 2138 regum
349 2107 416 2133 aulis
433 2113 473 2134 est
490 2112 636 2144 angustius.
653 2113 718 2140 Nam
735 2115 787 2141 illic
802 2117 908 2149 quidem
927 2126 956 2145 ea
974 2127 1033 2154 quae

241 2151 403 2184 tribuuntur,
418 2161 468 2180 una
490 2163 552 2183 cum
569 2156 618 2183 hac
634 2159 684 2184 vita
706 2159 843 2193 liniuntur,
858 2167 882 2188 et
907 2151 1034 2191 tumultus

241 2197 317 2231 plena
333 2204 394 2226 sunt
408 2207 439 2226 ac
461 2200 544 2228 turbis
559 2203 707 2230 redundant
722 2214 728 2231 :
745 2205 786 2232 hic
799 2214 862 2233 vero
884 2208 948 2235 nihil
965 2210 1034 2243 tale;

239 2244 286 2271 sed
298 2249 323 2271 et
333 2247 463 2274 securitas
474 2250 570 2281 omnis,
585 2255 610 2276 et
625 2249 735 2278 honera
751 2252 833 2279 tiu'bis
848 2254 970 2280 immuni;
982 2262 1033 2288 ρει,

239 2294 267 2317 et
278 2293 445 2326 magistratus
456 2295 499 2330 qui
516 2304 657 2331 numquam
673 2297 808 2329 ﬁniuntur,
822 2308 845 2326 ny
856 2308 870 2326 c
882 2301 936 2335 ipsa
949 2308 1034 2330 morte

239 2335 477 2373 interrumpuutur,
488 2341 535 2368 sed
548 2346 602 2369 tttm
616 2344 742 2378 temporis
759 2345 868 2373 tutiores
880 2346 952 2373 finiit.
967 2348 1033 2375 Nwlo

238 2382 309 2409 enim
326 2384 389 2411 mibi
401 2393 596 2414 commemores
609 2396 668 2415 etim
681 2390 725 2424 qui
741 2391 831 2418 sedeat
851 2392 875 2418 in
888 2400 976 2426 curru,
994 2403 1034 2420 su.

238 2428 346 2462 percilia
361 2431 472 2464 attollat,
489 2433 623 2468 multoque
639 2435 671 2461 sit
683 2436 807 2463 satellitio
816 2437 928 2471 cinctus,
945 2447 977 2466 nc.
989 2448 1031 2473 pie

237 2472 372 2507 cingulum
388 2480 414 2502 ct
430 2484 520 2505 vocem
535 2481 681 2512 prieconis:
698 2482 760 2507 nalo
772 2482 835 2509 mihi
847 2485 1029 2518 magistratum

237 2517 299 2544 inde
313 2518 436 2555 designes
451 2531 458 2548 :
474 2523 520 2550 sed
543 2525 577 2551 ab
596 2526 675 2553 animi
695 2531 775 2560 statu,
788 2529 809 2555 si
823 2517 962 2558 affectibus
982 2532 1030 2558 im«

237 2569 322 2598 pcvel,
338 2565 359 2592 si
379 2567 440 2594 vitia
461 2568 573 2603 subigat,
589 2571 721 2604 videlicet,
746 2574 768 2600 si
790 2574 940 2603 divitiarum
961 2579 1032 2611 cupi-

235 2610 309 2637 ditati
325 2612 487 2647 dominetur,
509 2615 530 2642 si
549 2623 689 2650 corporum
711 2619 897 2654 inexplebilem
910 2610 1029 2650 amorem

234 2655 379 2691 siibegrrit,
389 2659 410 2685 si
426 2667 477 2686 non
491 2660 589 2688 invidia
603 2662 760 2695 tabescat,si
772 2673 824 2694 non
839 2666 925 2693 inanis
938 2668 1029 2700 glurim

234 2702 434 2733 perturbatione
455 2705 627 2739 distrahatur,
651 2708 672 2734 si
694 2715 840 2743 egestatem
861 2719 913 2739 non
930 2717 1029 2742 metuat

233 2750 257 2770 et
273 2751 377 2780 tremat,
393 2749 415 2776 si
431 2758 482 2777 non
505 2752 530 2779 in
551 2753 668 2781 deterius
688 2757 873 2789 mutationem,
892 2758 913 2784 si
929 2757 978 2786 hoc
995 2760 1028 2785 ti-

234 2797 309 2818 more
323 2798 374 2819 non
389 2796 564 2824 exanimetur.
580 2798 672 2826 Talem
689 2799 754 2828 milii
776 2802 959 2837 magistratum
982 2812 1027 2830 os-

234 2836 312 2863 tende
334 2837 407 2866 :hoc
428 2841 498 2867 enim
520 2848 560 2870 est
579 2851 672 2879 gerere
694 2846 888 2881 magistratum.
911 2849 986 2883 Quod
1005 2851 1025 2878 si

262 2892 300 2920 (ut
316 2893 405 2919 mllata
415 2901 471 2923 cum
481 2901 536 2924 Mss.
548 2902 606 2932 Reg.
621 2901 689 2931 19H,
704 2905 731 2926 ct
741 2902 806 2928 Colb.
820 2903 890 2929 3038.

1048 1229 1119 1255 8:318

1103 1291 1256 1317 hominibus
1269 1291 1375 1326 quidem
1397 1291 1518 1326 imperet,
1535 1292 1580 1319 sed
1595 1291 1737 1319 atl‘ectibus
1750 1293 1833 1319 animi
1844 1301 1899 1320 scr-

1100 1337 1162 1367 viat,
1186 1336 1256 1363 hunc
1281 1344 1330 1372 ego
1352 1337 1465 1364 dixerim
1491 1337 1549 1371 plus
1565 1346 1643 1373 quam
1659 1346 1754 1366 omnes
1777 1338 1899 1366 homines

1098 1390 1158 1409 esse
1173 1383 1293 1410 servituti
1314 1383 1470 1410 obnoxium.
1495 1383 1528 1410 Et
1549 1384 1775 1417 quemadmodum
1791 1385 1835 1419 qui
1860 1385 1899 1411 fe-

1099 1427 1167 1455 brim
1182 1427 1279 1455 habeat
1297 1429 1442 1455 visceribus
1456 1437 1486 1456 ac
1502 1429 1578 1456 venis
1602 1430 1673 1456 intus
1696 1430 1840 1461 inclusam,
1859 1435 1898 1456 ta-

1099 1474 1176 1501 metsi
1191 1475 1255 1501 nihil
1269 1475 1319 1502 tale
1335 1475 1438 1509 species
1452 1477 1571 1510 corporis
1582 1481 1692 1503 externa
1705 1483 1760 1510 prse
1776 1484 1805 1503 se
1820 1476 1897 1506 ferat,

1100 1521 1209 1548 omnino
1220 1521 1294 1549 febre
1310 1522 1425 1548 maxime
1439 1526 1591 1556 correptum
1606 1527 1728 1549 assercnt
1744 1522 1852 1553 medici,
1865 1522 1897 1547 li-

1097 1572 1140 1593 cet
1154 1567 1276 1602 ignorent
1297 1567 1412 1602 imperiti
1437 1576 1442 1593 :
1464 1567 1503 1594 sic
1517 1573 1542 1594 et
1556 1575 1605 1602 ego
1617 1568 1690 1594 illum
1710 1568 1751 1594 cui
1770 1575 1849 1595 serva
1864 1568 1897 1594 sit

1098 1614 1185 1640 anima
1200 1619 1226 1641 et
1243 1614 1323 1641 animi
1346 1614 1484 1641 :Itl'ectibus
1507 1614 1667 1648 manripata,
1684 1614 1743 1641 licet
1761 1615 1829 1641 nihil
1845 1614 1898 1640 tale

1098 1658 1180 1687 facies
1191 1664 1311 1690 externa.
1324 1659 1370 1686 scd
1384 1659 1547 1686 contrarium
1564 1668 1617 1694 pra:
1631 1668 1660 1687 se
1678 1659 1754 1692 ferat,
1774 1660 1896 1687 servituti

1099 1705 1243 1732 obnoxium
1266 1714 1319 1740 prie
1339 1705 1443 1732 ca-teris
1463 1705 1587 1736 dixerim,
1603 1709 1693 1740 utpote
1708 1706 1752 1740 qui
1769 1706 1896 1733 vitiorum

1099 1750 1192 1777 febrim
1208 1756 1371 1785 grassantem
1394 1752 1464 1777 intus
1480 1751 1586 1784 habeat,
1603 1758 1633 1778 ac
1653 1751 1821 1785 tyrannidem
1837 1759 1897 1786 pas-

1098 1797 1201 1823 siouum
1219 1798 1267 1832 ipsi
1283 1797 1378 1824 auinue
1401 1797 1560 1824 insidentem
1577 1806 1583 1824 :
1607 1798 1790 1832 magistratum
1804 1802 1894 1824 autem

1096 1850 1198 1875 gerere,
1216 1847 1243 1869 et
1254 1842 1365 1870 liberum
1380 1850 1440 1870 esse
1455 1850 1486 1869 ac
1499 1843 1604 1878 regibus
1623 1842 1686 1877 ipsis
1699 1842 1893 1877 augustiorem,

1096 1889 1217 1923 quamvis
1230 1890 1325 1924 pannis
1346 1889 1453 1915 indutus
1471 1889 1515 1921 sit,
1538 1889 1658 1923 quamvis
1679 1888 1704 1915 in
1722 1896 1832 1916 carcere
1848 1889 1894 1915 ha-

1095 1935 1170 1967 bitet,
1185 1935 1305 1969 quamvis
1321 1940 1413 1962 catena
1427 1935 1460 1961 sit
1473 1935 1663 1968 circumdatus,
1679 1942 1740 1961 eum
1754 1935 1799 1969 qui
1814 1934 1892 1969 huth

1096 1981 1242 2016 tyrannidis
1255 1983 1346 2016 jnguttt
1366 1981 1523 2013 excusserit,
1536 1986 1562 2008 et
1581 1988 1666 2015 neque
1681 1981 1770 2015 pravis
1788 1982 1891 2015 cupidi~

1097 2027 1193 2054 tatibus
1210 2031 1340 2058 teneatur,
1355 2035 1405 2054 nec
1422 2027 1539 2053 absurdo
1558 2027 1720 2061 paupertatis
1737 2031 1763 2053 ct
1777 2027 1891 2061 iguomi.

1095 2072 1155 2105 uim,
1169 2080 1254 2107 neque
1268 2081 1360 2100 eorum
1376 2082 1434 2108 qua!
1455 2074 1481 2100 in
1497 2073 1545 2100 hac
1561 2075 1612 2100 vita
1629 2074 1740 2100 molesta
1755 2074 1888 2105 videntur,

1095 2119 1189 2144 timore
1204 2123 1342 2151 correptus
1357 2118 1554 2145 eoutrcmiscat.

1128 2163 1155 2189 ‘2.
1172 2163 1309 2198 Ejusmodi
1326 2163 1493 2198 magistratus
1508 2172 1558 2190 non
1574 2164 1684 2198 pecunia
1701 2164 1811 2192 venales
1825 2172 1887 2200 pm-

1091 2213 1171 2242 st:n.t,
1188 2218 1273 2244 neque
1293 2209 1442 2236 invidorum
1462 2214 1552 2244 patent
1574 2210 1743 2238 incursibus:
1759 2211 1830 2238 hunc
1843 2219 1887 2238 ac—

1089 2255 1220 2281 cusatoris
1236 2255 1323 2289 lingua
1343 2263 1396 2282 non
1419 2256 1511 2288 novit,
1535 2263 1584 2282 nec
1605 2256 1699 2283 oculus
1713 2256 1864 2284 invidorum
1878 2278 1886 2291 ,

1089 2309 1176 2336 neque
1192 2302 1376 2329 insidiatorum
1393 2301 1534 2334 machinae.
1551 2301 1598 2330 sed
1615 2307 1748 2338 tamquam
1762 2303 1787 2329 iu
1804 2303 1885 2330 invio.

1089 2347 1161 2374 labili
1174 2347 1288 2382 quodam
1306 2347 1482 2382 philosophiae
1495 2348 1632 2375 domicilio
1646 2349 1767 2376 residens
1781 2357 1889 2384 peruia-

1088 2399 1134 2421 μοι
1157 2401 1263 2428 Semper
1285 2394 1417 2427 invictus,
1443 2402 1530 2429 neque
1546 2399 1648 2421 tantum
1664 2395 1770 2422 ca-teris
1796 2403 1885 2422 rerqu

1088 2441 1260 2468 adversarum
1277 2442 1393 2473 casibus,
1409 2442 1456 2469 sed
1470 2449 1519 2469 nec
1531 2441 1580 2476 ipsi
1595 2442 1674 2468 morti
1689 2441 1769 2468 cedit.

1124 2486 1268 2522 Martyrum
1283 2492 1391 2521 potestas
1403 2492 1515 2522 quanta;
1531 2487 1676 2522 spit‘ituales
1690 2487 1785 2514 divitia:
1798 2487 1886 2514 distri-

1086 2533 1187 2559 butione
1209 2538 1343 2566 rresczuzt;
1364 2541 1408 2560 cur
1429 2534 1539 2560 caducas
1552 2541 1606 2560 esse
1617 2542 1658 2560 res
1671 2534 1728 2560 vita:
1742 2534 1820 2569 hujus
1842 2542 1886 2560 ro-

1087 2581 1161 2607 lncrit
1176 2579 1244 2607 Deus
1256 2589 1265 2613 ;
1278 2580 1394 2616 angelica
1409 2586 1445 2607 est
1460 2581 1510 2607 vita
1524 2581 1675 2616 evangelica.
1689 2581 1886 2608 —Ostendunt

1086 2627 1136 2653 hoc.
1147 2632 1289 2663 martyres,
1302 2634 1414 2661 quorum
1426 2634 1540 2662 corpora
1552 2627 1659 2662 quidem
1671 2626 1798 2654 dissoluta
1811 2634 1883 2657 ειιιιι,

1084 2676 1111 2698 et
1125 2672 1150 2698 in
1166 2672 1302 2707 pulverem
1318 2672 1489 2707 cineremque
1504 2672 1611 2700 redacta
1628 2681 1635 2699 :
1650 2674 1822 2708 magistratus
1835 2682 1885 2699 an-

1086 2724 1139 2746 lem
1156 2726 1188 2746 ac
1203 2719 1368 2754 principatus
1383 2719 1502 2754 quotidie
1517 2720 1598 2752 vivit,
1621 2725 1649 2747 et
1663 2725 1789 2754 operatur
1799 2740 1806 2753 ,
1820 2720 1883 2747 dum

1083 2765 1219 2792 daemones
1232 2765 1328 2800 abigit,
1349 2770 1376 2793 et
1391 2767 1500 2794 morbos
1514 2766 1538 2793 in
1555 2765 1643 2802 fugam
1658 2768 1804 2798 convertit,
1818 2767 1881 2794 dum

1084 2810 1202 2844 integras
1217 2811 1295 2838 urbes
1306 2812 1419 2844 excitat,
1440 2818 1466 2839 et
1482 2812 1592 2847 populos
1608 2814 1633 2839 in
1650 2812 1820 2840 hunclacnm
1835 2813 1880 2840 de-

1082 2856 1164 2884 ducit.
1181 2857 1265 2884 Tanta
1281 2858 1450 2893 magistratus
1464 2864 1488 2886 ct
1513 2859 1616 2892 imperii
1633 2859 1709 2886 istius
1724 2865 1764 2887 est
1779 2861 1877 2889 virtus.

1084 2911 1135 2931 non
1150 2911 1269 2932 Vivorum
1284 2910 1384 2933 tantum
1404 2903 1564 2941 principum,
1586 2905 1634 2934 sed
1651 2906 1730 2933 etiam
1748 2907 1799 2934 vita
1815 2906 1875 2933 tun-
