4062 6464
253 353 353 409 357

251 476 306 531 δὲ
339 469 435 525 καὶ
463 471 810 542 προφητείας
853 477 1271 548 μετεσχηκότες,
1313 480 1410 537 καὶ
1453 480 1650 536 θεῖκῶν
1687 483 1827 538 ἀπο-

252 558 502 624 λαύοντες
525 560 888 632 διδαγμάτων,
915 565 1007 618 καὶ
1042 567 1212 623 πολλὰ
1238 571 1365 641 περὶ
1389 570 1496 624 τῶν
1529 571 1829 643 μελλόντων

253 651 560 720 φιλοσοφεῖν
588 651 825 722 ἔχοντες,
855 658 950 709 καὶ
992 657 1114 712 οὑδὲ
1144 659 1303 730 λιμὸν
1342 660 1580 731 ὁρῶντες
1613 664 1826 716 ἐπικεί-

251 757 434 812 μενον,
464 741 558 795 καὶ
596 743 731 796 πολὺ
773 745 996 800 πλείονα
1040 751 1368 821 κεκτημένοι
1405 752 1504 823 τῆς
1550 755 1829 821 γυναικὸς,

251 831 408 883 ποίαν
433 830 776 902 δυνησόμεθα
803 833 1101 903 ἀπολογίαν
1129 837 1499 908 προϐαλέσθαι
1525 839 1830 909 φειδόμενοι

248 919 354 972 τῶν
384 919 574 983 ὅντων,
607 921 700 973 καὶ
741 922 838 992 τῆς
882 923 1094 979 ἐαυτῶν
1143 925 1418 996 σωτηρίας
1448 924 1828 994 ἀφειδοῦντες;

254 1009 438 1074 Ὅπως
467 1011 534 1064 ἂν
576 1007 670 1064 οὑν
702 1011 774 1066 τὰ
807 1014 1022 1084 χαλεπὰ
1067 1015 1255 1073 ἐκεῖνα
1298 1017 1631 1089 κολαστήρια
1665 1016 1832 1088 ἐκφύ-

422 1199 647 1212 ...ο-.-

283 1201 417 1213 ’-

1380 382 1466 440 DE
1507 377 1825 440 FUTURE
1864 375 2052 436 ῊΤΑΞ
2090 376 2404 436 DELICIIS.

1791 1193 1958 1202 .——.——.

3403 365 3510 422 548

1935 501 2144 556 γωμεν,
2179 486 2363 538 πᾶσαν
2399 479 2802 550 εὑσπλαγχνίαν
2831 479 2914 544 είς
2952 478 3078 543 τοὺς
3121 477 3358 550 πένητας
3391 479 3515 536 ἐπι-

1936 567 2260 646 ὼιξὼμεθα,
2313 574 2401 628 ἵνα
2450 575 2545 628 καὶ
2583 572 2744 642 ἡμεῖς
2789 569 2901 623 τῶν
2943 567 3248 640 μελλόντων
3295 567 3517 637 ἀγαθῶν

1934 665 2380 736 καταξιωθῶμεν,
2411 665 2594 735 χάριτι
2621 662 2718 715 καὶ
2763 660 3145 732 φιλανθρωπίᾳ
3176 658 3272 713 τοῦ
3307 657 3516 730 Κυρίου

1933 753 2093 824 ἡμῶν
2131 754 2305 826 Ἰησοῦ
2359 752 2616 825 Χριστοῦ,
2653 750 2769 822 μεθ’
2811 743 2872 803 οῦ
2905 749 3034 816 δόξα
3077 749 3155 821 τῷ
3190 749 3384 821 Πατρὶ,
3417 747 3519 804 σὺν

1934 842 2012 913 τῷ
2053 844 2192 916 ἁγίῳ
2246 843 2557 914 Πνεύματι,
2598 843 2678 906 είς
2714 842 2841 905 τοὺς
2882 839 3085 903 αἰῶνας
3129 838 3238 892 τῶν
3281 837 3517 894 αἰώνων.

1947 935 2138 1007 Ἀμήν.

2135 1175 2306 1183 σ--σ--ρ
2342 1175 2349 1180 -

2355 1171 3487 1200 π--Ψ--ῌῄ-..Ξ
3479 1171 3487 1178 “

1963 1192 2408 1205 ——————w—-—-—-—

1006 1423 1107 1485 AD
1145 1425 1526 1486 HOMILIAM
1568 1423 1665 1483 DE
1706 1423 2182 1484 FUTURORUM
2227 1418 2574 1493 DELICIIS,
2619 1434 2754 1480 ETC.

259 1607 476 1674 bantur,
499 1618 558 1664 ut
585 1608 697 1680 jam
729 1624 836 1665 non
866 1609 1034 1666 semel
1068 1610 1324 1667 vidimus.
1362 1609 1572 1665 distate
1622 1623 1752 1664 vero
1802 1608 2000 1662 dictam
2034 1605 2315 1661 homiliam
2360 1605 2601 1660 declarat
2633 1603 2814 1659 initio.
2859 1601 2980 1670 Quo
3021 1611 3202 1661 autem
3239 1614 3385 1660 anno
3433 1614 3505 1657 ne

255 1723 573 1795 conjeCtura
601 1724 821 1794 quidem
856 1726 1078 1796 assequi
1109 1740 1422 1797 possumus.

327 1839 702 1909 interpretatio
726 1837 916 1894 Latina
943 1848 1027 1897 est
1050 1837 1347 1897 Frontonis
1377 1838 1580 1896 Ducei.

252 2067 302 2081 ς’
315 2069 381 2075 -—--
393 2069 496 2076 —-——-
509 2068 728 2077 ~——-—.—-.
747 2069 918 2083 ι---η-..Δ

927 2067 1322 2079 ...ῆν-...σ-

1091 2179 1350 2265 ΠΕΡΙ
1403 2177 1621 2263 ΤΗΣ
1674 2175 1904 2262 ΤΩΝ
1959 2173 2654 2265 ΜΕΛΛΟΝΤΩΝ

2421 2064 2666 2073 _——.—

2671 2067 2682 2071 -
2703 2065 2806 2074 σεεμ-φ

1029 2320 1472 2385 Ἀπολαύσεως,
1527 2317 1625 2372 καὶ
1691 2316 1801 2385 τῆς
1863 2316 1984 2370 τῶν
2036 2320 2351 2387 παρόντων
2401 2315 2727 2381 εὐτελείας.

298 2559 378 2608 α’.
407 2545 642 2620 Σφοδρὸν
685 2544 746 2599 τὸ
779 2545 988 2614 καῦμα,
1031 2544 1126 2596 καὶ
1157 2542 1325 2615 βαρὺς
1352 2544 1380 2596 ό
1410 2541 1652 2612 αὐχμός·
1689 2541 1824 2596 ἀλλὰ

228 2640 334 2713 τὴν
368 2637 678 2711 προθυμίαν
691 2635 843 2707 ὑμῶν
861 2635 962 2688 οὑκ
983 2634 1254 2699 ἐξέλυσεν,
1272 2634 1393 2686 οὐδὲ
1425 2633 1518 2687 τὸν
1540 2634 1704 2687 πόθον
1727 2637 1827 2706 τῆς

229 2729 556 2800 ἀκροάσεως
595 2725 857 2798 ἐμάρανε.
894 2723 1146 2777 Τοιοῦτον
1175 2724 1284 2795 γὰρ
1319 2723 1594 2796 ἀκροατὴς
1625 2724 1828 2798 θερμὸς

229 2822 326 2874 καὶ
370 2818 828 2888 διεγηγερμένοςο
862 2815 938 2886 τῷ
979 2817 1078 2886 τῆς
1127 2816 1445 2886 ἀκροάσεως
1496 2815 1659 2887 ἔρωτι
1702 2834 1827 2871 νευ-

227 2910 524 2983 ρούμενος,
558 2908 735 2961 πάντα
787 2906 984 2979 ῥᾳδίως
1031 2905 1098 2958 ἂν
1129 2904 1371 2974 ἐνέγκαι,
1402 2904 1546 2959 ὥστε
1586 2907 1687 2977 τὴν
1716 2910 1830 2960 ἐπι-

227 3004 438 3074 θυμίαν
469 2999 749 3071 ἐμπλῆσαι
792 2999 996 3068 ταύτην
1028 2997 1126 3068 τὴν
1161 2996 1332 3068 καλὴν
1387 2998 1482 3051 xui.
1531 3015 1828 3070 πνευματι-

227 3097 369 3168 κήν·
405 3093 558 3166 [358]
590 3093 683 3146 καὶ
725 3090 849 3144 οὑτε
883 3089 1115 3159 κρυμὸς,
1151 3087 1274 3142 οὑτε
1318 3087 1551 3160 αὐχμός,
1584 3090 1644 3142 οὑ
1682 3109 1828 3162 πραο

227 3187 466 3258 γμάτων
491 3184 669 3254 δχλος,
697 3182 756 3234 οὑ
789 3181 1086 3255 φροντίδων
1119 3181 1325 3250 πλῆθος
1343 3218 1360 3246 ,
1409 3181 1510 3235 οὑκ
1559 3180 1686 3234 ἄλλο
1720 3181 1829 3234 τῶν

229 3277 496 3332 τοιούτων
533 3275 684 3328 οὐδὲν
733 3273 1089 3328 ὑποσκελίσαι
1136 3273 1342 3326 δύναιτ’
1369 3272 1462 3328 ἀν“
1498 3273 1689 3346 ὥσπερ
1735 3267 1829 3328 οὖν

230 3366 328 3420 τὸν
361 3364 558 3419 ῦπτιον
584 3363 680 3417 καὶ
709 3362 1144 3416 ἀναπεπτωκότα
1172 3362 1274 3414 οὐκ
1303 3361 1484 3432 ἀέρων
1517 3362 1828 3432 εὑκρασίαι,

228 3458 296 3512 οὑ
335 3455 508 3527 σχολὴ
548 3454 642 3508 καὶ
679 3453 854 3518 ἄδεια,
892 3454 954 3505 οὑ
984 3451 1239 3524 ῥᾳστώνη
1288 3453 1380 3505 καὶ
1416 3451 1601 3516 ἄνεσις
1641 3453 1832 3520 διεγεί-

233 3563 387 3618 ρειεν
423 3545 514 3610 ἂν,
556 3541 693 3596 ἀλλά
729 3541 878 3612 μένει
934 3539 1210 3594 καθεύδων
1261 3539 1430 3593 ὑπνον
1474 3541 1596 3593 τινὰ
1631 3540 1832 3610 πολλῆς

231 3636 583 3710 κατηγορίας
640 3634 810 3701 ἀξιον.
855 3632 994 3685 Ἀλλ’
1041 3631 1139 3702 οὑχ
1199 3631 1358 3702 ὑμεῖς
1399 3631 1653 3697 τοιοῦτοι,
1696 3630 1832 3685 ἀλλά

232 3730 395 3800 παρὰ.
416 3740 447 3768 ι
480 3726 586 3780 τῶν
623 3725 719 3796 τὴν
761 3725 913 3778 πόλιν
951 3722 1242 3776 οἰκούντων
1266 3724 1396 3792 ήμῖν
1430 3722 1832 3791 ἀμείνους.Καὶ

229 3820 348 3889 γὰρ
369 3818 435 3870 τὸ
465 3815 761 3883 κεφάλαιον
784 3814 884 3883 τῆς
916 3813 1119 3875 πόλεως
1146 3813 1324 3882 ὑμεῖς,
1349 3810 1489 3863 οὑτω
1512 3810 1834 3881 συντεταμέ-

138 3935 156 3953 ο
232 3927 320 3964 νοι
347 3910 452 3963 καὶ
475 3908 758 3976 νήφοντες,
791 3906 1015 3967 καὶτοῖς
1037 3902 1355 3972 λεγομένοις
1381 3901 1521 3971 μετά
1548 3900 1834 3973 ἀκριϐείας

231 3995 784 4069 παρακολουθοῦντες
823 3993 928 4046 ἀεί.
973 3991 1144 4046 Τοῦτο
1196 3991 1321 4060 ἐμοὶ
1361 3990 1421 4044 τὸ
1455 3989 1680 4061 θέατρον
1725 3990 1834 4044 τῶν

227 4088 547 4160 βασιλικῶν
572 4085 752 4141 αὑλῶν
781 4084 1122 4156 σεμνότερον.
1161 4083 1308 4134 Ἐκεῖ
1335 4081 1434 4152 μὲν
1465 4083 1574 4153 γὰρ
1604 4081 1671 4134 τά
1696 4081 1834 4134 διδό-

231 4197 402 4250 μενα,
439 4175 529 4232 οἷα
559 4178 626 4232 ἂν
655 4174 711 4248 ᾖ,
744 4175 820 4245 τῷ
861 4176 1086 4246 παρόντι
1130 4171 1563 4241 συγκαταλύεται
1593 4171 1711 4243 βίῳ,
1741 4174 1836 4227 καὶ

225 4271 482 4343 θορύϐου
520 4269 679 4339 γέμει
727 4266 822 4320 καὶ
852 4265 1101 4337 ταραχῆς
1149 4263 1566 4335 ἐμπέπλησταιο
1603 4264 1836 4316 ἐνταῦθα

225 4365 289 4420 δὲ
319 4362 574 4418 τοιοῦτον
597 4360 768 4423 οὐδὲν,
797 4359 930 4412 ἀλλὰ
958 4359 1051 4412 καὶ
1079 4358 1346 4428 ἀσφάλεια
1377 4358 1546 4420 πᾶσα,
1578 4357 1673 4410 καὶ
1703 4356 1836 4428 τιμὴ

225 4456 498 4528 ταραχῆς
522 4451 939 4522 άπηλλαγμένη,
969 4450 1063 4504 καὶ
1092 4450 1258 4520 ἀρχαὶ
1287 4449 1438 4512 τέλος
1464 4449 1563 4503 οὑκ
1594 4448 1833 4520 ἔχουσαι,

220 4549 357 4602 οὑδέ
383 4544 540 4615 αὑτῷ
562 4544 639 4614 τῷ
662 4544 876 4614 θανάτῳ
899 4541 1345 4612 διακοπτόμεναι,
1365 4539 1500 4592 ἀλλὰ
1523 4541 1644 4593 τότε
1668 4541 1838 4609 άσφα-

223 4639 501 4708 λέστεραι
541 4635 842 4704 γινόμεναι.
883 4633 977 4703 Μὴ
1029 4631 1139 4704 γάρ
1191 4647 1280 4701 μοι
1312 4631 1403 4684 τὸν
1449 4631 1534 4682 ἐπ’
1563 4629 1837 4702 ὀχήματος

223 4729 405 4800 εἴπῃς
459 4724 795 4794 καθήμενον,
841 4723 936 4778 καὶ
970 4721 1069 4785 τὰς
1115 4719 1287 4794 ὀφρῦς
1331 4719 1697 4785 ἀνασπῶντα,
1746 4723 1838 4776 καὶ

223 4820 482 4881 πολλοὺς
519 4815 711 4887 ἔχοντα
736 4813 1235 4886 δορυφόρους,μήτε
1279 4813 1378 4884 τὴν
1409 4810 1585 4882 ζώνην
1615 4814 1707 4867 καὶ
1740 4815 1838 4884 τὴν

219 4911 326 4966 τοῦ
370 4910 626 4980 κήρυκος
660 4908 846 4978 φωνήν
871 4926 883 4938 ·
938 4905 1014 4977 μὴ
1059 4905 1307 4960 ἐντεῦθέν
1343 4923 1432 4977 μοι
1480 4906 1570 4958 τὸν
1600 4905 1836 4977 ἄρχοντα

219 4999 686 5074 χαρακτηρίσῃς,
713 4999 826 5052 ἀλλ’
854 4999 962 5052 ἀπὸ
1009 4998 1109 5068 τῆς
1149 4997 1534 5062 καταστάσεως
1561 4998 1660 5068 τῆς
1696 5001 1834 5052 κατὰ

217 5093 444 5166 ψυχὴν,
485 5094 534 5144 εἰ
574 5091 683 5145 τῶν
712 5090 906 5144 ἐαυτοῦ
932 5089 1120 5144 παθῶν
1146 5090 1323 5161 ἄρχει,
1355 5093 1405 5144 εἰ
1449 5089 1559 5142 τῶν
1590 5093 1833 5161 νοσημά-

218 5203 342 5241 των
379 5183 763 5254 περιγίνεται⁶
793 5177 926 5246 οἷον,
968 5183 1017 5236 εί
1051 5182 1348 5254 χρημάτων
1378 5182 1671 5254 ἐπιθυμίας
1700 5200 1834 5253 κραο

221 5281 331 5344 τεῖ,
377 5280 434 5332 εί
473 5276 744 5346 σωμάτιον
771 5277 1068 5348 ἀκόρεστον
1118 5275 1298 5347 ἔρωτα
1338 5275 1626 5342 ὑπέταξεν,
1664 5276 1712 5327 εί
1757 5275 1832 5345 μὴ

216 5372 475 5442 τήκεται
508 5367 706 5438 φθόνῳ,
735 5369 784 5420 εἰ
821 5369 894 5438 μὴ
926 5367 1147 5436 σύρεται
1173 5365 1249 5435 τῷ
1284 5367 1508 5436 χαλεπῷ
1537 5367 1637 5436 τῆς
1679 5382 1835 5418 κενο-

217 5460 423 5528 δοξίας
463 5457 652 5523 πάθει,
679 5457 726 5510 εί
761 5459 835 5530 μὴ
866 5457 1070 5511 δέδοικε
1101 5459 1194 5510 καὶ
1218 5457 1410 5527 τρέμει
1440 5458 1650 5522 πενίαν,
1673 5460 1722 5510 εἰ
1761 5457 1833 5527 μὴ

216 5552 330 5624 τὴν
365 5549 472 5603 ἐπὶ
520 5547 580 5601 τὸ
614 5548 1066 5619 σκυθρωπότερον
1099 5546 1422 5618 μεταϐολὴν,
1451 5548 1500 5600 εἰ
1531 5548 1605 5618 μὴ
1631 5546 1834 5602 ἀποτέ-

215 5645 405 5716 θνηκε
457 5638 546 5710 τῷ
590 5640 699 5694 δέει
740 5640 929 5706 τούτῳ.
960 5639 1214 5693 Τοιοῦτόν
1251 5653 1340 5709 μοι
1387 5639 1560 5703 δεῖξον
1593 5639 1684 5692 τὸν
1733 5639 1829 5709 ἄρ-

217 5749 429 5810 χοντα’
463 5728 632 5785 τοῦτο
659 5731 768 5801 γὰρ
791 5733 953 5802 ἀρχή.
981 5731 1042 5784 Εἰ
1071 5730 1128 5785 δὲ
1159 5731 1353 5800 κρατεῖ
1375 5731 1475 5800 μὲν
1505 5728 1833 5803 ἀνθρώπων,

285 5826 318 5858 ⁸
341 5819 518 5879 Savil.
539 5821 662 5885 conj.
688 5821 827 5873 πολύ.

585 5931 862 5993 Ρλτιιοι..
905 5929 1025 5994 Gn.
1072 5930 1171 5993 LI.

1929 2544 2166 2599 δουλεύει
2195 2542 2254 2598 δὲ
2283 2542 2500 2607 πάθεσι,
2530 2542 2746 2597 πάντων
2781 2539 3082 2614 ἀνθρώπων
3120 2541 3511 2614 δουλικώτερον

1927 2635 2020 2688 τὸν
2047 2634 2286 2687 τοιοῦτον
2319 2634 2530 2701 εῖποιμι
2565 2630 2630 2684 ἂν
2671 2629 2864 2699 ἔγωγε.
2905 2630 3014 2682 Καὶ
3047 2629 3297 2702 καθάπερ
3323 2630 3414 2684 τὸν
3452 2634 3510 2684 ἐν

1929 2725 2007 2796 τῷ
2038 2725 2190 2796 βάθει
2231 2726 2321 2778 τὸν
2373 2723 2610 2796 πυρετὸν
2652 2722 2845 2794 ἔχοντα
2893 2721 3370 2794 κατακλειόμενον,
3407 2718 3513 2777 κᾶν

1932 2819 2098 2889 μηδὲν
2125 2815 2367 2871 τοιοῦτον
2415 2817 2448 2888 ή
2481 2815 2772 2885 ἐπιφάνεια
2815 2814 2908 2868 τοῦ
2942 2813 3196 2885 σώματος
3242 2815 3514 2869 ἐνδείκνυ-

1929 2928 2048 2976 ται,
2098 2910 2316 2973 πάντως
2368 2909 2602 2980 μάλιστα
2658 2909 2815 2976 φαῖεν
2868 2905 2936 2959 ἂν
2989 2906 3276 2976 πυρέττειν
3310 2909 3359 2960 οἱ
3404 2908 3515 2961 τῶν

1933 3001 2131 3073 ἰατρῶν
2177 3000 2385 3064 παῖδες,
2413 3001 2517 3054 κᾶν
2556 3000 2604 3053 οί
2654 2997 2857 3052 ἰδιῶται
2913 2997 3214 3065 ἁγνοῶσιν⁸
3268 2997 3410 3050 οὑτω
3449 2997 3514 3070 δὴ

1930 3092 2087 3161 κάγὼ
2134 3091 2226 3145 τὸν
2275 3090 2456 3163 ψυχήν
2502 3089 2694 3160 ἔχοντα
2735 3088 2950 3156 δούλην,
3001 3088 3096 3140 καὶ
3151 3086 3261 3140 τῶν
3325 3086 3518 3142 παθῶν

1929 3183 2277 3256 αἰχμάλωτον
2307 3185 2357 3246 ι’,
2391 3181 2496 3236 κᾶν
2531 3183 2606 3253 μή
2638 3199 2688 3234 τι
2729 3178 2971 3233 τοιοῦτον
3020 3178 3052 3249 ἡ
3084 3178 3282 3246 ἔξωθεν
3314 3179 3520 3233 ἐπιδεί-

1931 3294 2119 3330 κνυται
2145 3276 2287 3346 ὄψις,
2318 3275 2455 3329 ἀλλὰ
2479 3271 2807 3334 τούναντίον,
2843 3270 3099 3325 ἁπάντων
3126 3268 3516 3341 δουλικώτερον

1931 3369 2099 3438 φαίην
2129 3367 2197 3421 ἂν
2236 3367 2327 3420 τὸν
2371 3367 2428 3418 ἐν
2472 3365 2550 3436 τῷ
2594 3364 2746 3434 βάθει
2785 3361 2876 3416 τὸν
2907 3361 3140 3432 πυρετὸν
3179 3361 3286 3413 τῶν
3330 3360 3516 3413 κακῶν

1930 3458 2142 3528 ἔχοντα,
2170 3457 2264 3510 καὶ
2297 3457 2397 3526 τὴν
2435 3453 2723 3525 τυραννίδα
2751 3454 2858 3505 τῶν
2893 3449 3082 3504 παθῶν
3111 3450 3169 3504 ὲν
3194 3450 3330 3521 αὑτῇ
3373 3448 3518 3520 ίδρυ·

1935 3550 2102 3620 μένην
2125 3550 2192 3618 τῇ
2236 3547 2380 3618 ψυχῇ
2403 3563 2416 3576 ·
2448 3547 2686 3618 ἄρχοντα
2723 3545 2780 3598 δὲ
2815 3544 2908 3597 xai.
2935 3541 3238 3613 ἐλεύθερον,
3285 3540 3378 3594 καὶ
3419 3539 3518 3610 βα-

1934 3639 2127 3692 σιλέων
2167 3636 2608 3707 βασιλικώτερον,
2637 3636 2742 3689 κᾶν
2773 3636 2937 3705 ῥάκια
2965 3631 3431 3704 περιϐεϐλημένος
3459 3628 3516 3708 ᾖ,

1934 3731 2035 3785 κᾶν
2080 3730 2453 3800 δεσμωτήριον
2488 3730 2633 3798 οἰκῇ,
2665 3727 2768 3780 κᾶν
2810 3725 3000 3779 ἅλυσιν
3045 3725 3394 3796 περικέηται,
3428 3723 3520 3774 τὸν

1935 3820 2140 3890 ταύτην
2174 3820 2581 3891 ἀποδυσάμενον
2613 3819 2711 3889 τὴν
2743 3815 3055 3886 τυραννίδα,
3100 3816 3194 3868 καὶ
3243 3813 3365 3866 οὔτε
3397 3816 3521 3875 ταῖς

1935 3915 2202 3984 πονηραῖς
2234 3911 2550 3982 ἐπιθυμίαις
2580 3909 2963 3978 κατεχόμενον,
3003 3906 3128 3958 οὑτε
3170 3905 3362 3973 ἄλογον
3404 3903 3521 3965 δέος

1936 4002 2129 4065 πενίας
2184 4000 2279 4054 κα)⁵
2317 3999 2580 4070 ἀτιμίας,
2633 3997 2813 4051 αὑτῶν
2866 3995 2976 4050 τῶν
3030 3994 3331 4050 δοκούντων
3382 3989 3520 4048 εἶναι

1935 4091 2198 4162 λυπηρῶν
2232 4092 2291 4143 ἐν
2323 4091 2400 4161 τῷ
2451 4089 2683 4159 παρόντι
2737 4088 2858 4159 βίῳ,
2909 4086 3189 4142 δεδοικότα
3251 4085 3346 4140 καὶ
3393 4084 3521 4157 τρέ-

1940 4201 2127 4252 μοντα.

2011 4275 2076 4345 β’.
2096 4269 2267 4330 Αῦται
2295 4277 2351 4328 αἱ
2374 4274 2542 4348 ἀρχαὶ
2569 4273 2670 4328 οὑκ
2696 4273 2803 4326 εἰσὶ
2819 4271 3119 4344 χρημάτων
3151 4270 3378 4341 ὠνηταὶ,
3401 4268 3524 4322 οὑδὶ

1938 4371 2063 4432 τοὺς
2094 4367 2427 4438 φθονοῦντας
2471 4366 2687 4436 ἔχουσι’
2721 4365 2925 4434 ταύτην
2951 4365 3053 4417 οὑκ
3078 4359 3185 4416 οἶδε
3216 4361 3520 4433 κατηγόρου

1938 4460 2177 4529 γλῶττα,
2226 4459 2351 4512 οὑτε
2387 4458 2674 4528 βασκάνων
2719 4455 3017 4526 ὀφθαλμὸς,
3050 4454 3171 4508 οὑδὲ
3220 4452 3523 4507 ἐπιϐούλων

1942 4554 2333 4623 μηχανήματα,
2368 4550 2483 4603 ἀλλ’
2513 4548 2704 4619 ὥσπερ
2737 4550 2796 4601 ἐν
2840 4546 3024 4617 ἀσύλῳ
3061 4545 3248 4617 χωρίῳ
3290 4547 3400 4599 τινὶ
3443 4544 3523 4615 τῷ

1937 4645 2037 4715 τῆς
2066 4643 2383 4711 φιλοσοφίας
2431 4639 2843 4708 ἐνδιαιτωμένη,
2879 4637 3028 4708 μένει
3074 4637 3336 4707 διηνεκῶς
3369 4636 3522 4708 ἀχεί-

1940 4751 2132 4805 ρωτος,
2169 4733 2232 4784 οὑ
2271 4730 2430 4802 μόνον
2470 4731 2590 4792 ταῖς
2630 4727 2819 4792 ἄλλαις
2847 4728 2956 4781 τῶν
2989 4728 3328 4802 πραγμάτων
3363 4745 3522 4798 περι-

1941 4823 2216 4884 στάσεσιν,
2245 4821 2360 4874 ἀλ).’
2383 4819 2504 4873 οὑδὲ
2541 4819 2680 4889 αὑτῇ
2709 4817 2932 4872 εῖκουσα
2959 4819 3026 4889 τῇ
3061 4817 3307 4888 τελευτῇ.

2009 4917 2120 4969 Καὶ
2147 4913 2451 4967 δεικνύουσι
2497 4911 2670 4966 ταῦτα
2693 4913 2743 4963 οἱ
2772 4911 3068 4983 μάρτυρες,
3097 4904 3172 4964 ὧν
3198 4910 3266 4964 τὰ
3295 4909 3525 4982 σώματα

1943 5008 2040 5078 μὲν
2077 5005 2294 5076 διελύθη
2336 5005 2429 5057 xui.
2457 5003 2602 5066 κόνις
2635 5005 2826 5071 γέγονε
2861 5002 2954 5057 καὶ
2985 5002 3184 5074 τέφρα..
3221 5004 3254 5074 ή
3296 5003 3354 5057 δὲ
3385 5005 3526 5074 ἁρχὴ

1941 5097 2063 5152 καθ’
2107 5097 2344 5168 ἑκάστην
2387 5094 2452 5167 ζῇ
2490 5094 2587 5166 τὴν
2616 5094 2828 5166 ἡμέραν
2858 5095 2950 5148 καὶ
2983 5096 3224 5166 ἐνεργεῖ,
3261 5096 3526 5165 δαίμονας

1941 5186 2092 5262 [559]
2144 5185 2545 5245 ἀπελαύνουσα,
2585 5185 2680 5239 καὶ
2716 5185 3003 5256 νοσήματα
3035 5185 3389 5256 δραπετεύειν
3423 5202 3527 5238 πα·-

1946 5279 2381 5354 ρασκευάζουσα,
2412 5281 2506 5332 καὶ
2542 5277 2726 5342 πόλεις
2759 5277 3085 5349 ὁλοκλήρους
3117 5275 3522 5346 ἀναπτερῶσαι.

1942 5372 2037 5424 καὶ
2078 5369 2284 5440 δήμους
2325 5366 2560 5422 ἐνταῦθα
2607 5367 2835 5435 ἄγουσα.
2900 5364 3147 5432 Τοσαύτη
3200 5363 3298 5431 τῆς
3350 5361 3525 5432 ἀρχῆς

1942 5462 2149 5530 ταύτης
2188 5461 2221 5530 ἡ
2260 5458 2510 5530 δύναμις,
2540 5459 2662 5528 οὑχὶ
2697 5454 2914 5520 ζώντων
2961 5453 3069 5507 τῶν
3103 5454 3381 5524 ἀρχόντων
3429 5453 3524 5522 μό-

1941 5569 2050 5616 νον,
2092 5549 2226 5604 ὰλλά
2270 5551 2364 5602 καὶ
2407 5548 2862 5616 τελευτησάντων,
2903 5545 2978 5608 ὡς
3007 5544 3220 5616 ἀνάγκη
3269 5542 3367 5613 μὲν
3419 5559 3526 5613 μη-

1940 5640 2086 5707 δένα,
2119 5639 2311 5711 γνώμῃ
2336 5639 2392 5691 δὲ
2421 5638 2514 5690 καὶ
2539 5637 2687 5707 πόθῳ
2713 5635 2916 5698 πάντας
2943 5632 3177 5689 ἐνταῦθα
3203 5632 3397 5700 ἐλθεῖν,
3428 5635 3524 5688 καὶ

1935 5884 1943 5889 η
2005 5815 2034 5858 δ
2057 5819 2164 5871 Duo
2185 5830 2299 5867 mss.
2323 5817 2418 5865 τῶν
2438 5815 2600 5866 παθῶν
2622 5815 2702 5863 καὶ
2721 5814 2817 5863 τῶν
2835 5812 2991 5864 νόσων
3015 5815 3150 5879 αἱχμ.

3121 5919 3206 5986 22
