4062 6440
317 354 418 412 549

307 476 543 532 etornm,
567 472 624 519 ut
647 462 966 520 necessitate
989 461 1298 532 compulsus
1315 475 1495 530 nemo,
1517 461 1612 517 sed
1633 471 1825 531 sponte
1839 475 1905 517 ac

309 559 525 629 proprio
549 557 748 611 inducti
771 555 962 610 atl'ectu
990 554 1096 610 huc
1122 569 1310 609 omnes
1343 562 1648 620 accurrant,
1680 567 1779 608 uec
1799 552 1905 608 ulla

308 649 567 718 temporis
611 647 996 717 leuginquitate
1039 646 1326 699 minuatur.
1357 643 1563 699 Videtis
1607 659 1766 714 quam
1796 659 1905 698 non

305 742 422 796 sine
451 754 611 794 causa
642 739 909 793 theatrum
932 736 1072 792 istud
1092 752 1279 807 regum
1305 736 1443 790 aulis
1468 736 1747 806 augusﬁus
1773 750 1896 791 esse

306 830 578 887 dixerim?
607 829 738 884 Nam
760 845 878 899 qua:
904 829 1010 884 illic
1036 838 1192 894 sunt,
1233 829 1374 883 foliis
1404 829 1597 882 similia
1625 835 1748 881 sunt
1776 843 1908 882 exa-

313 923 647 980 rescentibus
668 964 683 988 ,
714 932 768 978 et
791 922 992 978 umbris
1018 921 1466 992 praetereuntibus
1495 937 1508 975 :
1540 936 1601 976 ea
1638 935 1766 975 vero
1786 936 1907 990 que

309 1016 397 1071 hic
426 1015 733 1078 traduntur,
782 1013 1119 1068 adatnantem
1165 1013 1462 1078 imitantur,
1497 1011 1580 1066 vel
1612 1011 1789 1081 potius
1816 1011 1906 1066 illo

246 1109 255 1121 ‘
306 1107 542 1160 ﬁrmiora
564 1114 708 1170 sunt,
738 1114 922 1174 utpote
942 1120 1061 1174 qua:
1082 1103 1400 1158 immortalia
1424 1104 1552 1168 sint,
1576 1111 1632 1158 et
1657 1103 1899 1168 immota,

314 1211 413 1252 nec
436 1196 528 1251 ulli
557 1195 750 1250 cedant
779 1210 1029 1265 umquam
1060 1194 1362 1259 mutationi,
1386 1203 1440 1248 et
1463 1196 1529 1248 ad
1551 1207 1678 1248 suos
1697 1202 1905 1247 amato-

307 1286 687 1358 res‘iutrepide
709 1287 985 1351 accedant,
1020 1301 1209 1356 pugna:
1237 1301 1302 1340 ac
1331 1286 1692 1342 contentionis
1717 1300 1907 1355 exper-

309 1381 402 1445 tia,
430 1390 590 1449 atque
611 1420 626 1445 ,
653 1378 721 1433 ab
745 1377 972 1442 invidia,
1000 1376 1214 1447 judiciis
1233 1418 1249 1444 ,
1278 1387 1332 1432 et
1353 1376 1590 1444 insidiis,
1620 1392 1683 1432 ac
1702 1378 1907 1432 calum-

309 1471 413 1525 niis
456 1471 564 1524 sint
609 1470 886 1524 immunia.
932 1468 1206 1539 Siquidem
1248 1470 1524 1525 saecularia
1572 1470 1769 1524 multos
1810 1485 1904 1537 pa-

309 1564 515 1618 tiuntur
552 1562 802 1628 invidos,
855 1562 1144 1632 spiritualia
1199 1577 1366 1630 vero,
1424 1571 1625 1633 quanto
1665 1562 1905 1632 pluribus

307 1653 698 1708 communicata
734 1654 964 1720 fuerint,
1008 1668 1075 1708 eo
1122 1653 1381 1723 majorem
1425 1668 1575 1708 suam
1609 1653 1902 1709 ubertatem

307 1745 617 1800 ostendunt.
658 1747 833 1816 Atque
880 1745 931 1800 id
953 1762 1017 1800 ex
1053 1746 1156 1802 hac
1183 1747 1297 1817 ipsa
1336 1749 1581 1802 oratione
1608 1745 1905 1818 intelligere

308 1837 552 1906 potestis.
579 1836 746 1902 Quam
769 1839 911 1892 enim
944 1837 997 1892 in
1035 1853 1223 1893 omnes
1245 1839 1543 1894 orationem
1571 1839 1788 1894 elliindo
1813 1881 1826 1905 ,
1857 1841 1903 1895 si

309 1927 525 1997 quidem
551 1927 696 1982 domi
735 1927 872 1998 apud
913 1944 1000 1984 me
1043 1928 1346 1995 detineam,
1398 1931 1683 2000 pauperior
1730 1930 1900 1986 ﬁam:

306 2019 390 2072 sin
413 2027 591 2072 autem
622 2019 677 2073 in
699 2033 887 2074 omnes
909 2019 1202 2086 eﬂ‘undam,
1234 2030 1504 2091 tamquam
1530 2022 1574 2076 si
1603 2022 1654 2077 in
1677 2037 1902 2077 vacuum

305 2109 574 2179 quoddam
605 2125 790 2164 arvum
827 2126 1010 2166 semen
1034 2111 1232 2179 jactem
1255 2152 1270 2178 ,
1305 2111 1584 2168 facultates
1629 2127 1777 2167 meas
1803 2127 1903 2166 au-

303 2217 428 2270 geo,
461 2202 674 2256 divitias
702 2218 847 2257 meas
871 2203 1139 2273 amplifice
1159 2247 1172 2269 ,
1202 2204 1579 2276 locupletiores
1606 2204 1775 2260 reddo
1806 2220 1903 2260 vos

303 2310 532 2360 attines;
571 2308 670 2348 nec
694 2294 893 2350 idcirco
921 2304 1096 2350 tamen
1123 2297 1409 2366 pauperior
1432 2297 1620 2361 evado,
1645 2296 1742 2352 sed
1770 2311 1903 2366 opu-

308 2385 501 2440 lentior
529 2385 700 2439 inulto
729 2401 744 2440 :
774 2385 916 2456 quod
948 2387 998 2439 in
1023 2388 1262 2455 pecuniis
1289 2401 1394 2440 non
1422 2386 1580 2454 licet,
1610 2386 1719 2441 imo
1745 2386 1901 2456 plane

302 2479 631 2534 contrarium
673 2479 872 2534 evenit.
916 2478 1047 2533 Nam
1092 2479 1138 2535 si
1189 2479 1523 2534 reconditum
1569 2494 1758 2533 aurum
1807 2479 1901 2533 ha—

303 2575 497 2639 beam,
531 2581 584 2626 et
613 2573 668 2626 in
695 2588 882 2628 omnes
906 2573 1036 2628 illud
1069 2574 1222 2628 velim
1251 2573 1575 2629 distribuere
1599 2615 1612 2637 ,
1647 2590 1754 2628 non
1785 2589 1900 2628 aui-

309 2665 448 2734 plius
473 2675 650 2719 tantas
676 2663 954 2734 possidere
991 2675 1177 2736 potero
1209 2665 1458 2732 divitias,
1493 2680 1613 2720 cum
1637 2665 1736 2720 hac
1760 2665 1898 2720 divi-

299 2759 457 2811 sione
483 2756 677 2811 fueriut
705 2757 1020 2812 imminuta}.

371 2851 430 2905 ‘5.
481 2850 614 2904 Cum
660 2851 822 2921 igitur
857 2852 1217 2920 spiritualium
1263 2868 1443 2908 rerum
1485 2862 1629 2909 tanta
1659 2854 1727 2908 sit
1755 2870 1896 2925 prae-

301 2941 522 3007 stantia,
556 2950 699 2996 tanta
726 2941 974 3010 facilitas,
1008 2951 1191 3013 utpote
1211 2961 1330 3015 quae.
1359 2946 1565 3000 cunctis
1597 2946 1898 3000 volentibus

299 3035 469 3104 gratis
493 3035 802 3101 obveniant,
837 3035 932 3091 has
963 3037 1301 3107 potissimum
1327 3037 1660 3103 adamemus,
1693 3048 1746 3093 et
1775 3053 1893 3091 um-

304 3126 432 3180 bras
477 3126 815 3191 omittamus,
854 3143 954 3182 nec
983 3128 1279 3197 praecipitia
1319 3137 1377 3184 et
1419 3129 1668 3198 scopulos
1717 3144 1898 3198 perse-

301 3232 547 3287 quamur.
578 3218 644 3274 Ut
665 3219 809 3273 enim
842 3219 983 3274 hunc
1008 3235 1247 3276 amorem
1281 3221 1418 3275 Deus
1437 3229 1688 3290 augeret,
1732 3222 1893 3275 etiam

303 3320 434 3365 ante
474 3311 676 3364 obitum
711 3311 962 3378 hominis,
1008 3325 1038 3364 a
1081 3327 1189 3381 quo
1215 3311 1576 3380 possidentur,
1610 3311 1707 3366 ista
1737 3312 1897 3366 morti

303 3401 536 3456 obnoxia
565 3416 682 3457 esse
714 3403 985 3473 pra-cepit.
1018 3403 1175 3458 Verbi
1218 3403 1384 3474 gratia
1413 3421 1426 3456 :
1461 3419 1566 3457 non
1599 3407 1902 3463 cuminter-

299 3495 427 3551 ierit
483 3496 558 3560 is,
599 3495 688 3564 qui
721 3495 835 3549 lucc
865 3495 1134 3565 possidet,
1169 3504 1222 3549 et
1251 3496 1350 3549 ista
1383 3495 1682 3558 intereunt,
1723 3497 1815 3549 sed
1844 3505 1900 3550 et

302 3589 421 3656 ipso
451 3587 625 3641 adhuc
657 3587 866 3641 vivente
894 3596 1233 3641 marcescunt
1257 3595 1312 3641 et
1339 3596 1583 3656 pereunt,
1629 3596 1681 3640 ut
1709 3603 1895 3641 eorum

301 3679 505 3733 caduca
529 3678 766 3733 conditio
805 3693 1016 3733 summo
1044 3679 1251 3732 illorum
1274 3692 1456 3732 amore
1483 3678 1764 3747 flagrantes
1790 3721 1804 3743 ,
1844 3688 1898 3732 et

302 3771 491 3823 insana
517 3769 808 3838 cupiditate
838 3768 1046 3834 ductes,
1076 3769 1142 3822 ab
1173 3770 1260 3823 illa
1288 3784 1427 3824 s:eva
1461 3770 1608 3824 rabie
1639 3782 1852 3824 revocet
1881 3789 1894 3825 :

300 3873 600 3928 eorumque
625 3868 868 3913 naturam
887 3859 1192 3924 admoneat,
1221 3868 1272 3914 et
1295 3861 1622 3928 experientia
1645 3862 1895 3930 magistra

301 3950 514 4016 doceat,
547 3965 610 4004 ea
636 3949 822 4019 quavis
850 3950 1035 4005 umbra
1069 3952 1413 4006 imbecilliora
1441 3967 1580 4019 esse,
1611 3963 1770 4022 atque
1799 3954 1897 4009 hac

301 4044 510 4097 ratione
531 4042 874 4112 cupiditatem
899 4043 1041 4097 illam
1067 4044 1388 4112 exstinguat.
1420 4045 1661 4115 Exempli
1688 4061 1846 4100 causa
1878 4064 1891 4099 :

301 4135 502 4190 divitia:
535 4150 638 4190 non
667 4135 840 4189 solum
866 4151 988 4190 cum
1017 4136 1196 4191 interit
1222 4135 1392 4201 dives,
1420 4149 1665 4206 pereunt,
1689 4139 1781 4193 sed
1807 4141 1895 4194 illo

299 4229 480 4299 potius
502 4229 710 4284 vivente
735 4229 1035 4284 discedunt.
1062 4229 1322 4285 Juvcutus
1345 4247 1710 4301 possessorem
1737 4249 1892 4289 suum

298 4335 410 4374 nou
455 4321 768 4375 morientem
812 4320 1024 4385 solum,
1072 4321 1166 4375 sed
1207 4321 1498 4390 Spirautem
1525 4323 1699 4380 adhuc
1730 4326 1894 4380 relin-

296 4427 472 4482 quens
503 4411 814 4476 evanescit;
849 4427 967 4480 qua:
996 4411 1046 4464 in
1074 4413 1248 4465 a‘talis
1273 4413 1465 4467 adultae
1495 4415 1578 4468 via
1613 4416 1812 4485 finitur,
1843 4430 1898 4474 et

293 4504 564 4558 senectuti
599 4505 775 4558 locum
804 4503 965 4559 cedit.
1008 4503 1350 4558 Pulehritudo
1379 4506 1539 4562 simul
1583 4517 1639 4564 et
1687 4509 1854 4564 forma
1879 4554 1892 4577 ,

295 4596 514 4650 vivente
545 4595 719 4648 adhuc
759 4595 1017 4661 muliere,
1071 4595 1268 4650 desinit
1315 4606 1370 4650 et
1408 4597 1460 4652 in
1502 4599 1894 4656 deformitatem

295 4689 494 4742 transit
520 4707 532 4742 :
559 4686 728 4757 gloria
751 4727 765 4752 ,
801 4689 1132 4757 principatus
1159 4703 1347 4744 rursus
1375 4693 1485 4760 pari
1520 4694 1724 4748 ratione
1754 4713 1765 4746 :
1798 4695 1897 4754 lto-

295 4795 496 4844 nores,
542 4781 913 4848 magistratus,
959 4779 1136 4835 diurni
1160 4792 1286 4836 sunt
1313 4793 1368 4838 et
1392 4784 1456 4837 ad
1485 4785 1646 4839 breve
1685 4795 1898 4856 tempus

295 4873 518 4937 durant,
553 4881 605 4925 et
635 4873 866 4940 amplius
896 4889 1053 4944 quam
1085 4875 1328 4929 homines
1359 4875 1480 4948 ipsi,
1513 4877 1602 4949 qui
1631 4891 1725 4930 eos
1756 4879 1893 4932 obfi-

295 4975 432 5022 nent
453 5011 466 5035 ,
517 4967 770 5021 mortales
799 4976 922 5020 sunt
950 4982 962 5019 :
991 4977 1044 5020 et
1072 4965 1526 5036 quemadmodum
1555 4969 1896 5037 quotidiauos

298 5077 586 5130 rorporuut
620 5059 802 5113 videre
834 5059 957 5113 licet
1001 5059 1278 5125 interitus,
1310 5059 1393 5124 ita
1443 5074 1656 5128 quoque
1692 5074 1894 5116 t'crtnu.

299 5155 473 5208 Petro
501 5153 551 5207 id
583 5152 794 5216 accidit,
847 5161 904 5204 ut
951 5152 1238 5218 praesentia
1281 5160 1685 5205 contemnentes
1711 5152 1894 5205 adlae-

296 5259 516 5299 reamus
553 5243 744 5301 futuris
770 5285 783 5308 ,
834 5251 1098 5297 eteorum
1129 5243 1296 5300 simus
1327 5243 1727 5313 exspectatione
1771 5261 1885 5298 sus-

299 5337 481 5407 pensi,
546 5351 608 5390 ac
653 5335 778 5390 dum
826 5335 876 5388 iu
925 5335 1082 5389 terris
1117 5336 1484 5401 ambulamus,
1532 5337 1798 5391 desiderio
1843 5341 1894 5392 in

300 5426 435 5481 (uelo
468 5442 764 5481 veremur.
809 5425 1032 5480 Etenim
1073 5425 1180 5479 dtto
1223 5427 1414 5480 szeeula
1457 5429 1697 5483 condidit
1732 5430 1890 5496 Deus,

301 5532 542 5590 prttvseus
569 5557 584 5580 ,
620 5526 674 5570 et
705 5516 976 5580 futurum;
1010 5533 1171 5572 unum
1197 5517 1424 5583 visibile,
1458 5520 1682 5574 alterum
1715 5521 1898 5574 invisi-

299 5610 411 5664 lzile
441 5628 452 5661 :
489 5626 652 5665 unum
684 5610 824 5678 quod
856 5610 955 5663 sub
978 5625 1165 5664 sensus
1197 5609 1357 5676 endit,
1389 5610 1615 5666 alterum
1645 5612 1786 5681 quod
1815 5623 1897 5668 est

295 5701 573 5773 spirituaie
607 5718 619 5754 :
657 5717 817 5754 unum
868 5702 1008 5770 quod
1057 5701 1321 5770 corporali
1363 5703 1541 5772 quiete
1584 5705 1892 5773 perfruitur,

295 5797 529 5854 alterum
577 5791 718 5864 quod
751 5793 1065 5865 incorporea
1100 5808 1113 5847 :
1143 5807 1306 5847 unum
1337 5791 1390 5849 in
1421 5794 1782 5870 experientia,
1811 5809 1890 5855 at-

1479 347 1567 403 DE
1607 346 1917 405 FUTURIE
1958 346 2142 403 VlT/E
2184 346 2495 404 DELlCllS.

3499 357 3614 415 350

2018 469 2190 516 terum
2215 461 2268 515 in
2297 460 2400 516 ﬁde
2428 477 2440 514 :
2473 475 2638 516 unum
2674 461 2728 516 in
2755 462 3024 531 manibus,
3056 463 3285 521 alterum
3311 465 3362 522 in
3393 483 3528 540 spe;
3557 479 3616 525 cl

2015 568 2178 606 unum
2203 567 2322 606 esse
2348 551 2579 606 stadium
2625 551 2820 622 jussit,
2867 554 3098 610 alterum
3130 555 3373 617 brevium
3407 575 3426 614 :
3453 570 3619 629 atque

2016 644 2138 698 huic
2165 643 2382 714 quidem
2414 645 2707 700 certamina
2731 687 2746 713 ,
2778 646 2990 702 labores
3015 662 3078 701 ac
3102 648 3330 709 sudores
3350 650 3615 714 attribuit,

2015 735 2088 789 illi
2122 750 2249 790 vero
2273 751 2534 804 coronas,
2570 737 2790 807 praemia
2838 748 2894 794 et
2937 739 3356 796 retributiones:
3383 741 3485 798 hoc
3517 758 3616 812 pe-

2015 824 2192 893 lagus,
2225 825 2353 880 illud
2387 835 2595 896 portum
2625 829 2804 883 effecit
2826 868 2842 895 ,
2869 838 2922 884 et
2959 828 3060 884 hoc
3090 830 3250 886 breve
3279 832 3519 902 quidem,
3551 833 3618 888 il-

2013 917 2104 971 lud
2137 933 2263 972 vero
2292 921 2581 974 senectutis
2622 935 2814 990 expers
2835 962 2851 985 ,
2899 931 2953 977 et
2989 923 3311 981 immortale.
3341 927 3608 992 Quoniam

2014 1005 2176 1076 igitur
2206 1008 2450 1064 homines
2471 1010 2624 1064 multi
2653 1011 3022 1079 spiritualibus
3045 1014 3151 1068 illis
3181 1031 3243 1070 ea
3285 1032 3405 1086 quae
3439 1021 3610 1075 sensi-

2014 1097 2139 1150 bilia
2167 1107 2292 1152 sunt
2320 1099 2673 1168 praeferebant
2699 1143 2715 1168 ,
2766 1101 2849 1157 his
2875 1103 3130 1162 caducam
3159 1107 3521 1165 conditionem
3550 1125 3614 1166 ac

2015 1190 2393 1258 temporariam
2441 1193 2723 1257 attribuit,
2769 1204 2828 1249 ut
2877 1195 2978 1250 hoc
3016 1207 3172 1265 pacto
3200 1214 3232 1252 a
3259 1200 3614 1269 prtesentihus

2012 1279 2318 1347 abductos,
2381 1282 2732 1339 vehementer
2787 1287 2960 1340 amori
3019 1287 3318 1347 futurorum
3373 1291 3611 1350 addicat.

2014 1370 2216 1427 Deinde
2240 1373 2491 1442 quoniam
2521 1375 2806 1431 invisibilia
2833 1387 2993 1433 erant
3038 1379 3126 1436 illa
3168 1390 3225 1438 et
3270 1383 3565 1452 spiritualia
3593 1425 3613 1450 ,

2015 1461 2068 1516 iu
2100 1463 2204 1518 ﬁde
2234 1474 2392 1536 atque
2418 1465 2469 1520 in
2492 1481 2587 1537 Spe
2613 1469 2783 1538 posita
2807 1510 2824 1535 ,
2858 1469 2979 1526 vide
3008 1471 3135 1542 quid
3163 1483 3305 1543 agat.
3340 1473 3476 1529 Cum
3508 1476 3614 1532 huc

2010 1553 2337 1624 advenisset,
2369 1572 2433 1613 ac
2457 1569 2695 1614 nostram
2721 1576 2940 1616 carnem
2967 1567 3348 1634 assumpsisset
3375 1609 3392 1633 ,
3423 1577 3480 1622 et
3507 1569 3616 1623 mi-

2011 1647 2235 1702 rabilem
2265 1649 2409 1703 illam
2432 1651 2890 1721 dispensationem
2924 1655 3278 1724 perfecisset,
3307 1657 3484 1712 futura
3513 1674 3613 1730 po-

2013 1736 2090 1789 nit
2113 1737 2183 1792 oh
2208 1738 2414 1805 oculos,
2447 1751 2501 1795 et
2527 1740 2629 1796 hac
2665 1743 2872 1798 ratione
2895 1745 3189 1800 crassiores
3215 1757 3424 1806 mentes
3450 1763 3611 1805 secu-

2011 1839 2098 1879 ras
2137 1826 2330 1881 reddit.
2371 1827 2506 1884 Nam
2554 1832 2808 1900 quoniam
2856 1837 3322 1894 conversationem
3369 1854 3438 1894 ac
3488 1841 3616 1898 vita:

2010 1919 2270 1974 rationem
2302 1923 2597 1992 angelicam
2625 1923 2856 1981 all‘ereus
2884 1929 3172 1998 veniebat,
3222 1947 3286 1987 ac
3313 1942 3512 1990 terram
3557 1937 3616 1991 in

2007 2010 2198 2064 caelum
2246 2014 2636 2084 convertebat,
2679 2031 2853 2086 eaque
2897 2020 3226 2087 mandabat,
3262 2040 3381 2093 qua:
3410 2025 3618 2082 simile:

2010 2099 2299 2157 redderent
2343 2104 2674 2174 incorporeis
2705 2107 2994 2164 virtutibus
3031 2125 3127 2166 eos
3164 2113 3255 2182 qui
3289 2129 3350 2168 ea
3384 2117 3614 2184 perﬁee~

2009 2201 2169 2259 rent,
2215 2193 2463 2251 homines
2486 2197 2746 2252 reddebat
2767 2200 2983 2270 angelos
3002 2242 3018 2267 ,
3047 2201 3113 2257 ad
3137 2219 3290 2274 spem
3316 2207 3588 2262 caelestius

2008 2299 2186 2339 rerum
2209 2287 2454 2354 vocabat,
2481 2289 2716 2360 longiora
2743 2294 3036 2348 certamina
3065 2297 3421 2367 proponebat,
3447 2300 3614 2356 altius

2007 2376 2223 2433 evolare
2262 2379 2518 2449 jubebat,
2552 2392 2606 2438 et
2642 2384 2715 2438 ad
2745 2384 2859 2454 ipsa
2891 2387 3099 2458 fastigia
3127 2391 3380 2445 caelorum
3415 2408 3611 2449 ascen-

2006 2466 2136 2522 dere
2157 2509 2175 2536 ,
2224 2470 2484 2527 adversus
2508 2472 2783 2530 dasmones
2821 2492 3048 2546 pugnam
3074 2479 3243 2547 inire,
3276 2495 3464 2543 contra
3490 2485 3612 2539 uni.

2006 2575 2192 2617 versas
2219 2562 2416 2619 diaboli
2443 2567 2624 2637 copias
2653 2568 2823 2624 aciem
2854 2585 2947 2627 eos
2979 2571 3268 2640 instruere,
3296 2577 3386 2646 qui
3413 2593 3613 2648 corpus

2010 2651 2317 2720 habebant,
2356 2665 2412 2710 et
2438 2672 2560 2712 cum
2582 2674 2746 2714 carne
2775 2664 3005 2730 copulati
3039 2672 3194 2718 erant
3217 2707 3232 2732 ,
3282 2668 3615 2725 mortifieare

2005 2759 2231 2814 corpora
2252 2788 2266 2813 ,
2298 2763 2361 2802 ac
2393 2750 2854 2817 perturbationum
2889 2756 3173 2810 tutnultum
3213 2757 3466 2829 ablegare
3489 2802 3510 2828 ,
3551 2771 3613 2817 et

2005 2850 2231 2907 corpore
2256 2846 2545 2909 utcumque
2581 2857 2701 2898 esse
2741 2844 3103 2900 circumdatos
3126 2886 3142 2912 ,
3189 2860 3446 2906 etetcrum
3483 2865 3610 2909 cunt

2008 2927 2338 2998 incorporeis
2367 2932 2648 2990 virtutibus
2674 2937 2919 2991 cer.atim
2947 2940 3296 2994 contendere.

2083 3020 2138 3075 4.
2170 3020 2296 3077 Haec
2331 3022 2415 3077 ubi
2449 3028 2704 3094 pra-cepit
2727 3069 2742 3093 ,
2779 3027 2899 3081 vide
2945 3029 3073 3098 quid
3099 3042 3258 3100 agat;
3301 3049 3408 3102 quo
3451 3045 3614 3104 pacto

2006 3109 2160 3167 facile
2189 3123 2461 3170 certamen
2503 3118 2710 3173 reddat.
2759 3119 3047 3188 Quinimo,
3100 3124 3148 3178 si
3180 3124 3411 3194 videtur,
3454 3129 3611 3198 prius

2005 3203 2382 3261 mandatorum
2410 3207 2793 3265 sublimitatem
2838 3228 3202 3283 exponamus,
3237 3230 3423 3288 etquo
3451 3229 3611 3290 pacto

2003 3294 2057 3349 in
2088 3297 2252 3351 altum
2284 3313 2384 3353 nos
2410 3299 2642 3355 voluerit
2686 3303 2923 3370 evolare,
2956 3320 3078 3359 cum
3111 3323 3178 3361 ex
3219 3309 3449 3363 humana
3477 3326 3610 3381 pro-

2006 3388 2292 3455 pemodum
2341 3398 2525 3443 natura
2562 3392 2828 3462 emigrare
2853 3435 2868 3458 ,
2914 3399 3156 3466 atquein
3194 3401 3384 3455 caelum
3414 3416 3610 3458 omnes

2006 3479 2280 3532 transferri
2324 3481 2564 3548 jusserit.
2622 3483 2758 3539 Cum
2819 3488 2960 3541 enim
3024 3490 3236 3544 oculum
3302 3508 3398 3562 pro
3448 3495 3613 3550 oculo

2007 3569 2154 3622 reddi
2186 3571 2270 3624 lex
2301 3573 2634 3641 praeciperet,
2667 3577 2780 3646 ipse
2801 3578 2941 3633 dixit
2965 3621 2980 3646 ,
3007 3580 3068 3635 Si
3092 3583 3202 3652 quis
3230 3593 3276 3638 te
3305 3589 3609 3654 percusserit

2003 3661 2056 3715 iu
2083 3662 2342 3718 dexteram
2371 3667 2654 3734 maxillam,
2677 3669 2874 3724 obverti:
2894 3673 2969 3725 illi
3001 3683 3047 3726 et
3077 3674 3288 3729 alteram
3315 3677 3606 3746 (Matt/1.5.

2003 3750 2122 3824 59).
2150 3753 2264 3808 Non
2292 3755 2447 3824 dixit,
2482 3769 2686 3814 tantum
2715 3762 2792 3816 fer
2823 3762 3084 3830 patienter
3108 3781 3170 3820 ac
3197 3766 3390 3822 leniter
3415 3779 3608 3828 contu-

2004 3846 2214 3900 meliam
2243 3887 2258 3912 ,
2294 3848 2390 3902 sed
2436 3849 2660 3905 ulterius
2701 3853 3037 3924 philosophia
3067 3856 3437 3928 modestiaque
3482 3877 3606 3930 pro-

2001 3938 2265 4006 gredere,
2316 3950 2478 4010 atque
2522 3942 2589 3996 ad
2637 3943 2841 4012 majora
2889 3946 3138 4014 patienda
3185 3959 3401 4016 paratus
3447 3962 3607 4020 esto,

2003 4046 2161 4098 quam
2208 4030 2298 4086 ille
2343 4033 2521 4089 facere
2565 4036 2745 4104 cupiat
2774 4056 2786 4090 :
2819 4049 2869 4093 et
2904 4040 3173 4107 patientia:
3216 4049 3319 4097 tute
3362 4045 3608 4102 ubertate

2003 4123 2351 4192 petulantiam
2383 4127 2499 4196 ejus
2539 4139 2594 4183 et
2629 4131 2967 4184 insolentiam
2999 4132 3150 4187 vince
3173 4174 3190 4198 ,
3242 4144 3298 4189 ut
3337 4151 3606 4191 summam

2004 4224 2147 4270 tuam
2197 4219 2460 4273 reveritus
2500 4222 2816 4275 modestiam
2861 4224 3099 4277 recedat.
3152 4225 3217 4278 Et
3259 4241 3443 4280 rursos
3490 4229 3602 4294 ait,

2009 4313 2163 4365 Urate
2205 4329 2296 4381 pro
2334 4313 2758 4368 calmtmiantibus
2802 4331 2887 4368 vos
2920 4328 3109 4370 :orate
3144 4335 3238 4386 pro
3267 4319 3486 4373 inimicis
3515 4338 3603 4376 ve-

2005 4407 2122 4459 stris
2154 4422 2172 4458 :
2202 4405 2479 4476 benefacite
2505 4406 2589 4472 iis,
2633 4410 2722 4476 qui
2769 4407 2982 4460 oderunt
3024 4425 3107 4461 vos
3131 4409 3149 4474 (
3175 4409 3358 4462 Matth.
3390 4412 3446 4465 5.
3471 4413 3539 4466 44
3557 4414 3602 4481 ).

2005 4497 2300 4553 Consilium
2343 4498 2412 4551 de
2462 4499 2765 4566 virginitate
2809 4513 2997 4552 rursus
3043 4500 3600 4560 introdueens-dixit:

2005 4589 2110 4654 Qui
2141 4597 2301 4658 potest
2343 4605 2523 4658 capere
2551 4590 2719 4658 capiat
2763 4588 2993 4658 (Matth.
3026 4590 3111 4645 l9.
3148 4591 3267 4660 12).
3300 4593 3433 4648 Nam
3465 4613 3603 4666 quo-

2003 4683 2146 4734 niam
2174 4697 2209 4734 e
2238 4680 2484 4749 paradiso
2525 4681 2612 4734 illa
2658 4681 2886 4734 evolavit
2915 4723 2928 4746 ,
2967 4691 3020 4735 et
3055 4693 3173 4754 pust
3217 4690 3595 4756 transgressio.

2007 4790 2128 4828 nem
2153 4775 2394 4839 recessit,
2423 4773 2489 4828 de
2515 4775 2653 4828 ςωιυ
2676 4773 3012 4829 descendens
3043 4777 3208 4845 ipsam
3223 4794 3408 4834 rursus
3439 4782 3603 4838 redu-

2005 4867 2114 4930 xit,
2144 4877 2196 4921 et
2243 4876 2508 4936 tamquam
2543 4868 2780 4922 exsulem
2814 4868 2866 4922 in
2895 4869 3168 4938 antiquam
3197 4875 3421 4941 patriam
3450 4891 3602 4940 auaui

2007 4961 2256 5025 restituit,
2290 4971 2344 5014 et
2367 4977 2393 5012 a
2420 4960 2669 5016 diuturna
2699 4962 3025 5032 relegatione
3055 4965 3298 5020 liberavit
3326 4983 3342 5022 ε
3372 4972 3602 5045 primunt

2005 5053 2571 5129 adveniensnimirum
2597 5072 2664 5110 ex
2693 5057 2897 5126 virgine
2919 5067 3076 5113 natus
3104 5068 3186 5113 est
3205 5102 3221 5126 ,
3250 5071 3304 5116 et
3333 5062 3477 5133 leges
3505 5082 3603 5117 na-

2003 5158 2138 5201 turte
2177 5148 2433 5210 mutavit,
2483 5164 2605 5201 cum
2631 5151 2700 5203 ab
2749 5150 2866 5219 ipso
2895 5151 3118 5210 exordio
3161 5154 3284 5206 vita:
3312 5168 3424 5208 sua:
3455 5157 3600 5209 illam

2006 5243 2210 5295 honore
2231 5241 2489 5307 aliecerit,
2520 5252 2574 5297 et
2597 5243 2854 5314 virginem
2879 5257 3102 5300 matrem
3127 5245 3434 5302 reddiderit.
3465 5247 3600 5302 Cum

2003 5333 2165 5401 igitur
2205 5333 2430 5387 veniens
2475 5334 2599 5388 talia
2627 5335 3002 5404 prmeepisset,
3033 5343 3087 5388 et
3111 5334 3176 5386 ad
3202 5343 3400 5390 tantam
3429 5339 3598 5392 subli-

2005 5424 2243 5477 mitatem
2268 5427 2734 5480 conversationem
2764 5425 3037 5478 hominum
3066 5425 3353 5490 evexisset,
3382 5431 3601 5497 pra-uua

2003 5531 2217 5586 quoque
2259 5518 2530 5572 laboribus
2571 5517 2728 5587 digna
2757 5515 3032 5585 preposuit
3054 5557 3068 5581 ,
3100 5516 3208 5570 imo
3241 5532 3366 5573 vero
3394 5521 3600 5589 majora

2004 5611 2174 5667 multo
2221 5620 2275 5665 et
2317 5611 2649 5667 sublimiora.
2691 5609 3071 5664 Verumtamen
3127 5609 3408 5666 invisibilia
3445 5626 3604 5677 erant

2003 5705 2118 5759 hzec
2143 5718 2356 5774 quoque
2384 5711 2541 5770 atque
2573 5701 2623 5754 in
2650 5715 2766 5768 spe,
2801 5699 2906 5754 ﬁde
2931 5713 2982 5755 et
3005 5703 3403 5771 exspectatione
3423 5708 3600 5781 posita

2007 5799 2331 5857 futurorum.
2380 5795 2560 5866 Itaque
2593 5807 2717 5849 eum
2745 5789 3012 5850 laboriosa
3044 5794 3289 5852 mandata
3318 5807 3502 5861 essent
3528 5815 3597 5864 at:

2775 5907 2789 5957 ἴ
