4062 6424
451 385 544 440 551

453 491 726 555 sublimia,
771 486 992 558 prmmia
1019 496 1144 538 vero
1173 489 1227 535 et
1261 474 1442 532 braria
1485 471 1536 524 in
1578 466 1680 520 fide
1707 503 1722 531 ,
1769 453 2045 558 vide-quid

455 587 650 652 faciat,
679 573 806 653 'quo
846 589 1002 649 pacto
1044 576 1212 628 levem
1245 580 1470 638 agonem
1497 603 1512 629 ,
1561 572 1668 629 quo
1698 562 1852 625 pacto
1879 547 2050 603 facilia

459 642 653 732 reddai
671 642 983 729 certamina.
1013 668 1132 733 Quo
1156 661 1366 716 tandem
1392 654 1588 726 pacto?
1616 647 1830 704 Duabus
1851 642 2054 697 scilicet

462 771 564 823 riis
589 787 601 820 :
636 781 758 830 una,
783 761 924 832 quod
957 731 1143 814 cadent
1175 756 1287 824 ipse
1313 758 1673 820 exsequatur;
1701 741 1886 801 altera,
1913 731 2055 804 quod

463 858 684 928 pra-mia
714 829 965 908 ostendat
988 859 1043 905 et
1068 848 1168 904 sub
1195 854 1472 914 aSpectum
1503 837 1752 909 proferat.
1780 829 1910 884 Nam
1937 839 2056 895 qum

465 919 533 1004 ab
560 950 654 1003 illo
681 947 822 1002 dicta
845 953 989 1010 sunt,
1012 941 1254 1013 qumdam
1286 934 1593 990 mandatum
1618 933 1793 990 eram,
1815 919 2058 993 quardam

468 1036 706 1111 praemia.
736 1037 1043 1093 Mandatum
1075 1032 1312 1103 quidem,
1344 1027 1501 1082 Orate
1527 1039 1618 1093 pro
1639 1011 2062 1073 calumniantibus

465 1151 552 1187 tios
573 1145 619 1189 et
641 1129 1046 1203 persequentibus
1065 1123 1280 1196 (Matth.
1305 1121 1360 1175 5.
1385 1114 1476 1188 Μ)
1505 1133 1518 1169 :
1544 1111 1821 1183 praemium
1839 1112 2018 1159 autem
2045 1117 2061 1154 :

473 1225 542 1279 Ut
567 1192 677 1279 sitis
703 1192 807 1293 ﬁlii.
825 1219 1002 1273 Patris
1030 1192 1180 1270 vestri
1201 1256 1214 1280 ,
1239 1214 1325 1282 qui
1345 1211 1396 1263 in
1416 1207 1552 1262 caelis
1579 1213 1650 1259 est
1682 1198 1843 1272 (Ibid.
1873 1212 1921 1249 υ.
1950 1192 2064 1261 45).

476 1319 704 1380 Rursus,
753 1312 898 1366 Beati
935 1326 1051 1364 cum
1087 1302 1438 1360 maledixerint
1465 1297 1602 1352 vobis
1627 1336 1640 1357 ,
1685 1303 1732 1346 et
1778 1283 2069 1360 persequuti

475 1424 560 1460 vos
589 1405 808 1477 fuerint,
837 1411 880 1455 et
904 1399 1126 1453 dixerint
1151 1409 1298 1450 omne
1337 1383 1528 1444 malum
1560 1385 1764 1441 verbum
1804 1381 2071 1433 adversum

473 1514 560 1551 ros
604 1495 915 1548 mentientes.
946 1488 1175 1544 Gaudete
1222 1495 1270 1538 et
1309 1481 1577 1542 exsultate,
1611 1474 1848 1546 quoniam
1884 1481 2072 1522 mers-es

477 1598 638 1640 restra
663 1585 868 1655 copiosa
893 1582 1036 1638 estin
1060 1578 1196 1633 cretis
1221 1574 1330 1648 (Ib.
1359 1589 1406 1626 υ.
1434 1573 1521 1626 ll.
1554 1568 1672 1636 12).
1719 1562 1882 1618 Vides
1909 1570 2074 1612 unum

483 1677 792 1732 mandatum
821 1687 942 1728 esse
967 1713 982 1738 ,
1028 1646 1252 1723 alterum
1287 1660 1606 1734 prtemium?
1633 1657 1838 1710 Rursus
1864 1691 1880 1717 ,
1914 1647 1974 1702 Si
2004 1646 2077 1699 vis

483 1771 738 1839 perfectus
772 1780 876 1819 esse
895 1804 908 1829 ,
945 1761 1104 1815 rende
1130 1772 1243 1828 qua:
1269 1755 1443 1816 habes,
1483 1761 1528 1804 et
1558 1750 1627 1801 da
1655 1740 1958 1816 pauperibus
1986 1752 2004 1788 :
2032 1744 2078 1788 et

484 1825 617 1924 beni,
646 1871 849 1927 sequere
879 1825 977 1918 me,
1001 1861 1044 1904 et
1072 1825 1274 1902 habebis
1305 1846 1593 1899 thesaurum
1630 1839 1683 1890 in
1712 1834 1836 1888 calo
1864 1825 2077 1900 (Matth.

490 1952 580 2005 ιθ.
604 1921 726 2020 si);
757 1946 918 2000 Vides
948 1942 1092 1998 aliud
1130 1938 1478 2002 mandatum,
1517 1943 1573 1988 et
1600 1923 1910 2001 praemium?
1938 1921 2085 1975 Alte-

495 2059 613 2100 rum
645 2043 786 2097 enim
806 2039 934 2108 ipsis
965 2034 1242 2106 praecepit,
1271 2032 1502 2085 alterum
1533 2025 1661 2094 ipsis
1689 2016 1914 2091 paravit,
1941 2009 2084 2083 quod

494 2150 705 2193 merces
728 2145 842 2187 erat
861 2145 925 2185 ac
951 2126 1251 2183 retributio.
1277 2124 1343 2177 Et
1364 2133 1548 2176 rursus
1572 2135 1586 2172 :
1616 2114 1934 2180 Quicumque
1958 2104 2083 2158 reli-

495 2229 656 2299 querit
705 2226 879 2278 domos
902 2262 919 2289 ,
966 2231 1011 2274 et
1039 2223 1223 2290 fratres
1262 2225 1308 2270 et
1337 2227 1533 2268 sorores
1577 2225 1597 2264 :
1647 2205 1751 2260 hoc
1779 2199 2089 2256 mandatum

495 2286 622 2375 est:
665 2286 970 2384 Centuplum
1007 2286 1254 2380 accipiet,
1300 2314 1344 2359 et
1379 2303 1540 2357 vitam
1568 2307 1810 2353 wternam
1862 2286 2090 2360 posside-

497 2413 568 2466 bit
598 2408 702 2481 (Ib.
736 2424 784 2462 υ.
809 2405 903 2471 29)
932 2421 944 2457 :
980 2403 1082 2457 hoc
1112 2399 1388 2470 praemium
1417 2401 1541 2458 est,
1571 2401 1627 2446 et
1655 2399 1876 2443 corona.

573 2506 625 2560 5.
649 2501 910 2569 Quoniam
936 2497 1094 2567 igitur
1121 2506 1310 2562 magna
1334 2496 1487 2545 erant
1517 2488 1780 2554 praecepta
1804 2518 1820 2545 ,
1862 2487 1914 2530 ct
1955 2487 2092 2543 prm-

503 2597 610 2652 mia
653 2567 757 2649 non
798 2589 1157 2662 apparebant,
1190 2584 1314 2638 vide
1354 2579 1482 2652 quid
1507 2583 1670 2646 ngat:
1705 2573 1818 2642 ipse
1847 2567 2098 2636 oreribus

504 2690 594 2744 illa
624 2657 883 2748 ostentat,
903 2689 959 2737 et
987 2681 1038 2735 in
1065 2686 1338 2748 aspectum
1365 2683 1595 2728 coronas
1615 2664 1839 2736 profert.
1868 2660 1935 2715 Ut
1954 2657 2097 2712 enim

505 2782 596 2850 qui
627 2779 846 2834 minime
877 2776 1054 2830 t'ritam
1096 2772 1234 2826 viam
1275 2767 1492 2839 jubctur
1530 2760 1811 2823 insistere,
1855 2752 1904 2807 si
1939 2762 2098 2820 quem

505 2872 699 2926 viderit
725 2885 822 2940 per
848 2881 970 2922 eam
996 2864 1143 2935 prius
1163 2858 1519 2921 incedentem,
1550 2851 1755 2908 facilius
1778 2862 1897 2902 eam
1920 2855 2104 2912 aggre-

509 2965 674 3026 ditur,
712 2971 766 3015 et
803 2958 1062 3028 majorem
1104 2954 1283 3008 animo
1325 2947 1560 3016 concipit
1600 2941 1929 2998 alacritatem
1964 2953 1976 2988 :
2031 2934 2102 2986 ita

510 3069 723 3125 quoque
749 3053 808 3105 fit
833 3052 888 3104 in
911 3046 1177 3103 mandatis
1210 3063 1224 3100 :
1253 3043 1344 3112 qui
1373 3039 1552 3094 vident
1581 3050 1675 3090 eos
1698 3073 1715 3100 ,
1760 3030 1850 3102 qui
1879 3037 2106 3098 praeces-

513 3116 704 3209 seritit,
732 3140 887 3196 facile
913 3145 1228 3208 sequuntur.
1259 3132 1327 3188 Ut
1365 3129 1528 3200 igitur
1552 3135 1739 3180 natura
1766 3129 1947 3176 nostra
1975 3116 2106 3187 laci:

517 3238 619 3291 lius
650 3239 922 3302 sequatur,
953 3241 1169 3283 carnem
1196 3233 1250 3280 et
1280 3231 1523 3277 naturam
1546 3222 1786 3272 nostram
1806 3220 2108 3271 assumens,

517 3327 590 3380 ita
618 3340 714 3395 per
743 3321 885 3375 illam
915 3317 1155 3382 incessit,
1188 3324 1240 3370 ct
1271 3309 1524 3383 operibus
1551 3303 1797 3361 mandata
1821 3295 2109 3368 expressit.

515 3392 792 3486 Siquidem
837 3408 1004 3474 illud,
1055 3408 1116 3462 Si
1157 3405 1267 3477 quis
1316 3414 1364 3458 te
1406 3397 1709 3470 percusserit
1753 3395 1808 3449 in
1856 3392 2114 3446 dexteram

521 3480 822 3572 maxillam,
853 3503 1051 3558 obverte
1073 3498 1151 3552 illi
1175 3507 1221 3550 et
1251 3497 1465 3550 alteram
1488 3490 1509 3564 (
1534 3489 1724 3545 Matth.
1751 3486 1805 3543 Β.
1834 3483 1935 3553 39)
1957 3523 1974 3549 ,
1998 3480 2115 3550 ipse

523 3597 794 3669 praestitit,
817 3589 1030 3664 quando
1051 3589 1256 3657 alapam
1278 3586 1350 3640 illi
1377 3582 1646 3654 pontilicis
1666 3591 1855 3634 servus
1871 3571 2112 3642 impegit.

522 3665 639 3746 Non
673 3687 816 3743 enim
863 3684 1034 3752 ipsum
1078 3680 1217 3733 ulttts
1253 3687 1379 3743 est,
1427 3674 1522 3729 sed
1550 3680 1752 3727 tantam
1797 3665 2116 3722 modestiam

523 3797 636 3851 pra:
664 3793 723 3833 se
752 3776 892 3836 tulit,
925 3783 980 3826 ιιι
1008 3772 1216 3826 diceret
1243 3786 1256 3824 :
1287 3767 1348 3822 Si
1378 3766 1510 3822 male
1531 3764 1767 3831 loquutus
1791 3774 1940 3821 smn,
1976 3753 2117 3809 testi-

522 3871 751 3927 monium
781 3864 986 3938 perhibe
1024 3862 1087 3915 de
1114 3861 1248 3915 malo
1279 3875 1298 3914 :
1328 3859 1372 3912 si
1401 3866 1568 3911 autem
1596 3855 1738 3919 bene,
1770 3851 1892 3922 quid
1915 3863 1993 3900 me
2015 3861 2117 3900 cte-

524 3965 605 4018 dis
634 3961 810 4034 (Joan.
844 3957 932 4014 18.
964 3955 1056 4026 25)
1086 3955 1110 4010 ?
1140 3953 1298 4009 Vides
1328 3947 1664 4006 tremendam
1694 3941 2008 4001 lenitatem?
2038 3939 2119 3994 ri-

526 4055 624 4110 des
653 4051 1007 4107 humilitatem
1049 4041 1413 4115 stupendam?
1456 4035 1880 4101 Percutiebatur,
1935 4047 2042 4087 non
2091 4045 2121 4084 a

529 4145 700 4200 libero
727 4140 1001 4211 quopiam,
1033 4136 1127 4192 sed
1153 4150 1183 4189 a
1213 4147 1388 4199 servo,
1418 4146 1448 4184 a
1479 4129 1776 4185 verberone
1796 4165 1811 4192 ,
1841 4133 1897 4179 et
1924 4137 2123 4177 verna-

529 4236 652 4291 culo
675 4273 691 4300 ,
739 4241 794 4286 et
819 4238 964 4284 tanta
1004 4241 1127 4281 cum
1179 4221 1440 4278 modestia
1478 4215 1884 4290 reSpondetJta
1913 4228 2125 4286 quoque

533 4327 691 4381 Pater
737 4321 854 4392 ejus
892 4318 1104 4373 diccbat
1138 4314 1372 4371 Judzeis:
1424 4311 1626 4380 Popule
1668 4323 1839 4375 meus,
1874 4308 1996 4376 quid
2029 4305 2129 4375 {cci

533 4415 642 4483 tibi,
670 4422 760 4467 aut
783 4411 905 4481 quid
929 4407 1220 4463 contristari
1258 4416 1305 4459 te
1324 4446 1340 4472 ,
1372 4412 1456 4458 aut
1480 4401 1601 4472 quid
1629 4401 1869 4454 molestus
1897 4398 1972 4470 fui
1999 4397 2129 4452 tibi?

531 4503 782 4575 responde
806 4501 930 4556 mihi
953 4499 1137 4572 (Mich.
1164 4497 1218 4553 6.
1243 4498 1320 4566 5).
1360 4493 1819 4564 Quemadmodum
1842 4492 1955 4561 ipse
1975 4489 2129 4544 dicit:

533 4596 899 4656 Testimonium
927 4593 1130 4664 perhibe
1156 4592 1220 4645 de
1245 4591 1380 4646 malo
1400 4632 1414 4656 ,
1467 4589 1545 4644 sic
1581 4597 1635 4643 et
1667 4588 1823 4642 Pater
1851 4585 1967 4655 ejus
1987 4626 2000 4648 ,
2029 4582 2128 4638 Re-

536 4687 732 4757 sponde
774 4685 899 4740 mihi
929 4701 948 4739 :
975 4693 1031 4740 et
1065 4681 1516 4754 quemadmodum
1559 4680 1634 4736 ait
1680 4678 1795 4749 ipse
1817 4717 1834 4744 ,
1889 4675 2025 4744 Quid
2055 4691 2134 4728 me

540 4779 735 4833 credis?
763 4779 840 4832 sic
867 4778 1029 4832 etiam
1060 4777 1240 4839 Pater,
1275 4774 1412 4842 Quid
1431 4771 1721 4828 contristari
1747 4780 1813 4837 te,
1845 4779 1930 4823 aut
1959 4770 2013 4822 in
2034 4783 2134 4836 quo

542 4870 782 4925 molestus
825 4869 900 4940 [ui
947 4868 1078 4922 tibi?
1107 4867 1480 4938 Paupertatem
1509 4877 1698 4922 rursus
1735 4862 1974 4928 docens,
2015 4858 2138 4914 ride

541 4977 648 5032 quo
691 4971 844 5031 pacto
882 4960 1028 5022 illam
1065 4974 1228 5030 opere
1271 4958 1520 5013 exhibeat
1564 4955 1790 5012 dicens:
1833 4953 2018 5024 Vulpes
2059 4955 2138 5022 fo-

544 5071 658 5114 lleas
688 5055 903 5120 habent,
949 5062 996 5106 et
1041 5051 1268 5106 uolucres
1293 5051 1406 5105 cadi
1435 5050 1581 5104 nidos
1599 5093 1614 5116 ,
1659 5047 1827 5102 Filius
1851 5057 2020 5101 autem
2048 5047 2140 5099 hoc

544 5149 696 5202 minis
727 5162 826 5200 non
855 5145 1002 5199 habet
1025 5144 1110 5198 ubi
1131 5153 1283 5214 caput
1307 5159 1456 5198 suum
1482 5143 1688 5198 reclinet
1714 5140 1925 5214 (Matth.
1949 5134 2138 5208 8.20).

548 5240 710 5294 \‘ides
745 5247 1040 5294 extremam
1091 5234 1500 5304 paupertatem?
1543 5233 1660 5288 Non
1699 5246 1940 5288 mensam
1972 5229 2138 5285 habe—

551 5331 662 5400 bat,
693 5347 800 5386 non
831 5330 1138 5392 lucernam,
1192 5341 1296 5380 non
1323 5323 1570 5390 domum,
1616 5340 1722 5378 non
1769 5316 1992 5389 sellam,
2033 5337 2140 5376 non

555 5422 697 5477 aliud
725 5421 1013 5494 quidquam
1029 5418 1314 5492 ejusmodi.
1349 5415 1583 5472 Docebat
1613 5424 1671 5470 ut
1699 5417 1837 5470 male
1865 5414 2143 5468 audientes

551 5514 814 5584 patienter
843 5511 1064 5581 ferrent,
1099 5513 1152 5570 id
1175 5527 1303 5570 vero
1330 5511 1420 5566 ille
1451 5525 1615 5582 opere
1635 5509 1893 5566 exhibuit.
1918 5505 2145 5576 Quando

553 5603 697 5656 enim
722 5601 1048 5658 dmmonium
1091 5603 1374 5660 habentem
1397 5643 1413 5669 ,
1452 5610 1507 5656 et
1535 5599 1928 5658 Samaritanum
1971 5597 2145 5666 ipsum

550 5691 899 5758 appellabant
917 5732 932 5757 ,
961 5705 1080 5745 cum
1111 5693 1231 5750 illos
1257 5708 1448 5752 rursus
1469 5708 1662 5751 necare
1691 5700 1904 5762 posset,
1933 5699 1988 5745 et
2012 5703 2145 5744 con-

551 5773 770 5838 tumelia
805 5785 1032 5847 pmnam
1055 5775 1252 5834 abillis
1274 5777 1528 5852 exigere,
1576 5776 1710 5834 nihil
1738 5775 1843 5834 tale
1883 5773 2135 5836 faciebat.

1163 369 1219 425 S.
1260 359 1535 422 JOANNIS
1571 343 2045 410 CHRYSOSTOMI
2085 334 2401 396 ARCIIIEP.
2439 323 2976 385 CONSTANTINUP.

3633 309 3744 367 552

2165 450 2271 504 imo
2297 445 2456 502 etiam
2487 442 2624 496 bene
2643 439 2712 494 de
2737 438 2841 492 illis
2870 432 3175 490 merebatur
3195 471 3211 496 ,
3241 436 3298 484 et
3320 441 3390 483 ex
3416 425 3522 480 illis
3551 425 3757 480 da-mo-

2161 554 2258 594 nes
2321 533 2650 604 expellebat.
2691 530 2933 596 Cumque
2993 523 3254 587 dixisset,
3303 518 3459 574 Orate
3488 533 3583 588 pro
3610 519 3756 569 cull-

2159 629 2470 686 mniautibus
2497 641 2582 679 vos
2613 623 2631 694 (
2657 620 2842 676 Matth.
2870 621 2922 674 5.
2947 619 3016 672 44
3034 617 3074 687 ),
3119 616 3172 671 itt
3193 627 3405 668 crucem
3433 626 3556 666 cum
3574 625 3764 664 ascen-

2161 721 2348 784 disset,
2379 717 2429 773 id
2452 716 2596 772 fecit.
2622 714 2907 780 Postquam
2933 710 3075 764 enim
3103 721 3229 761 eum
3264 705 3681 766 crucitixerunt,
3713 711 3768 757 et

2159 810 2332 867 clavis
2358 807 2664 869 alﬁxerunt.
2698 801 2937 873 pendens
2961 799 3173 854 dicebat
3197 837 3212 861 ,
3245 794 3453 848 Dimitte
3484 793 3589 846 illis
3620 807 3640 845 :
3667 809 3769 845 non

2163 905 2300 959 enim
2339 901 2502 955 sciunt
2588 895 2712 969 quid
2741 893 2936 966 faciunt
2965 889 3115 965 (Luc.
3143 887 3236 943 93.
3267 883 3380 957 3st).
3431 883 3555 938 “me
3598 882 3670 936 ab
3705 899 3771 934 co

2168 995 2505 1059 dicebantur,
2538 1006 2644 1045 non
2671 985 2815 1058 quod
2857 985 2970 1054 ipse
2995 982 3266 1038 dimittere
3299 977 3518 1032 minime
3545 983 3729 1046 posset
3754 1015 3770 1039 ,

2171 1087 2264 1143 sed
2292 1096 2350 1140 ut
2381 1099 2478 1139 nos
2503 1095 2661 1136 orare
2689 1093 2785 1148 pro
2815 1075 3044 1132 inimicis
3069 1074 3306 1128 doceret.
3337 1067 3470 1123 Nam
3501 1067 3628 1137 quia
3662 1081 3768 1118 non

2172 1190 2424 1233 sermone
2446 1181 2672 1238 tantum,
2699 1168 2795 1224 sed
2824 1181 2987 1237 opere
3009 1179 3221 1236 quoque
3247 1160 3546 1217 dcctritiatn
3579 1173 3689 1227 pra:
3716 1172 3776 1211 se

2177 1269 2402 1335 ferebat,
2434 1273 2716 1336 propterea
2743 1273 2931 1331 preces
2958 1258 3120 1313 etiam
3145 1255 3406 1323 adjunxit.
3435 1250 3624 1305 Nullus
3671 1249 3772 1317 igi-

2180 1371 2265 1414 tur
2285 1374 2352 1412 ex
2382 1355 2669 1419 haereticis,
2697 1353 2767 1406 ob
2799 1349 3015 1405 nimiam
3047 1347 3165 1418 ejus
3188 1344 3593 1404 humanitatem,
3628 1341 3774 1393 inlir-

2180 1452 2419 1505 mitatem
2460 1447 2574 1502 haec
2601 1444 2762 1500 verba
2795 1443 2999 1514 judicct
3041 1438 3295 1494 iudicare.
3349 1437 3462 1504 Ipse
3504 1434 3646 1488 enim
3692 1443 3778 1489 est

2181 1545 2270 1614 qui
2311 1543 2477 1599 dicit:
2513 1541 2579 1596 Ut
2608 1549 2773 1594 autent
2801 1539 2975 1592 sciatis
2999 1578 3014 1603 ,
3061 1535 3180 1604 quia
3223 1532 3392 1586 Filius
3433 1530 3651 1583 hominis
3685 1528 3779 1580 ha-

2183 1637 2260 1690 bet
2288 1644 2581 1706 potestatem
2601 1633 2654 1686 in
2685 1641 2816 1686 terra
2842 1627 3123 1684 dimittendi
3153 1634 3359 1696 peccata
3388 1621 3597 1694 (Matth.
3620 1621 3674 1674 9.
3698 1621 3778 1688 6),

2184 1729 2290 1784 Sed
2315 1727 2566 1798 quoniam
2589 1725 2783 1780 docere
2819 1721 3030 1776 volebat
3059 1719 3139 1792 (is
3163 1725 3342 1772 autem
3367 1715 3453 1784 qui
3483 1714 3642 1767 docet
3674 1728 3781 1766 non

2188 1818 2363 1873 verbis
2394 1826 2597 1871 tantmn
2629 1814 2740 1869 suis
2761 1854 2777 1879 ,
2827 1811 2921 1866 sed
2948 1809 3108 1864 etiam
3141 1807 3295 1861 factis
3320 1805 3614 1859 doetriuam
3656 1817 3782 1871 pro-

2192 1910 2294 1964 fert
2322 1911 2374 1962 in
2396 1906 2682 1978 medium),
2713 1905 2811 1958 hac
2836 1902 2904 1957 de
2928 1915 3088 1957 causa
3112 1913 3298 1968 preces
3318 1897 3478 1952 etiam
3500 1894 3744 1962 adiunxit
3769 1909 3782 1945 :

2193 2019 2315 2057 nam
2366 2001 2564 2070 alioqui
2609 1997 2993 2066 discipulorum
3036 1994 3196 2048 etiam
3241 1989 3406 2060 pedes
3453 1987 3581 2041 lavit
3609 2026 3624 2050 ,
3678 2000 3788 2038 non

2192 2093 2334 2165 quod
2363 2093 2584 2146 inferior
2604 2098 2786 2146 esset:
2820 2101 3006 2142 verum
3028 2099 3150 2139 cum
3183 2083 3324 2136 Deus
3348 2087 3492 2134 esset
3516 2092 3579 2131 ac
3609 2077 3791 2131 Domi-

2196 2201 2330 2252 nus,
2362 2184 2428 2238 ad
2459 2192 2658 2238 tantam
2687 2196 2745 2233 se
2776 2175 3128 2236 humilitatem
3161 2171 3392 2227 demisit.

2268 2276 2322 2331 6.
2365 2272 2766 2330 Resurrectionis
2806 2270 2995 2339 futura:
3033 2271 3368 2334 argumenta;
3411 2257 3794 2329 transﬁguratia

2198 2372 2387 2427 Christi
2409 2374 2595 2441 futurtc
2609 2366 2786 2437 gloria!
2806 2365 2991 2433 imago.
3009 2389 3080 2399 —
3122 2357 3270 2413 lianc
3298 2354 3459 2410 etiam
3481 2352 3552 2406 ob
3576 2365 3794 2405 causam

2200 2463 2458 2519 dicebat;
2506 2459 2698 2512 Discite
2749 2473 2781 2510 a
2819 2471 2931 2518 me,
2973 2452 3092 2522 quia
3131 2449 3264 2502 mitis
3299 2461 3411 2499 sum
3441 2483 3458 2511 ,
3489 2452 3536 2497 et
3587 2441 3798 2494 humilis

2201 2556 2353 2610 corde
2403 2553 2645 2627 (Matth.
2713 2550 2800 2604 ιι.
2855 2547 2925 2601 9.9
2955 2547 2997 2616 ).
3065 2544 3182 2598 Alio
3232 2539 3393 2594 modo
3445 2548 3632 2591 rursus
3680 2533 3798 2602 ipsa

2204 2649 2383 2704 bravia
2414 2626 2734 2717 praemiaque
2763 2642 2815 2695 in
2844 2638 3078 2694 medium
3101 2633 3279 2688 afferri
3307 2673 3321 2697 ,
3347 2645 3408 2684 ac
3437 2626 3630 2696 subjici
3658 2640 3796 2680 ocn—

2207 2741 2271 2795 lis
2292 2738 2437 2793 audi.
2459 2736 2731 2791 Pollicitus
2750 2740 2866 2786 erat
2885 2742 3172 2799 corporum
3199 2722 3671 2786 resurrectionem,
3691 2719 3798 2772 im-

2209 2829 2609 2893 mortalitatem,
2641 2837 2925 2879 occursum
2957 2821 3010 2874 in
3031 2833 3177 2883 aera,
3207 2825 3415 2885 raptum
3438 2815 3491 2868 in
3519 2811 3749 2868 nubibus
3778 2827 3798 2871 ;

2211 2924 2327 2978 haec
2374 2923 2534 2975 rebus
2581 2917 2710 2988 ipsis
2748 2913 3000 2971 ostendit.
3035 2911 3151 2978 Quo
3181 2907 3395 2963 tandem
3424 2903 3583 2959 modo
3609 2903 3634 2957 ‘l
3658 2901 3805 2956 Mor-

2213 3025 2334 3070 tuus
2364 3029 2486 3068 cum
2523 3017 2686 3075 eSset,
2711 3006 3010 3063 resurrexit
3052 3019 3069 3063 ς
3100 3007 3427 3072 quapropter
3473 3005 3528 3051 et
3567 2993 3805 3066 quadra-

2212 3109 2357 3178 ginta
2384 3105 2573 3159 diebus
2596 3117 2718 3158 cum
2758 3099 2891 3170 ipsis
2925 3105 3166 3152 versatus
3191 3102 3294 3157 est,
3318 3100 3374 3146 ιιι
3393 3088 3654 3144 certiores
3685 3086 3808 3140 illus

2217 3197 2485 3263 redderet,
2526 3202 2580 3250 ct
2604 3191 2782 3264 qualia
2821 3202 3052 3260 corpora
3080 3193 3263 3240 nostra
3294 3190 3416 3253 post
3456 3178 3813 3234 resurrectio-

2220 3304 2343 3345 nem
2367 3287 2541 3342 I‘utura
2563 3285 2690 3349 siut,
2719 3279 3051 3336 ostenderet.
3082 3275 3291 3331 Rursus
3317 3272 3408 3343 qui
3455 3285 3552 3341 per
3582 3268 3812 3324 Paulum

2217 3381 2396 3436 dixit:
2430 3377 2495 3432 In
2544 3375 2759 3431 nubibus
2809 3371 3064 3440 rapientur
3099 3366 3295 3420 obviam
3345 3363 3426 3418 illi
3462 3362 3514 3416 in
3561 3374 3684 3414 acra
3727 3359 3812 3428 (ι.

2219 3474 2401 3530 Thess.
2433 3473 2487 3526 4.
2519 3469 2633 3541 Π),
2665 3467 2771 3522 hoc
2799 3465 2963 3520 e.iam
2993 3475 3156 3532 opere
3177 3453 3580 3512 demonstravit.
3628 3451 3814 3520 Siqui-

2220 3569 2344 3624 dem
2388 3574 2510 3638 post
2544 3560 3013 3620 resurrectionem,
3043 3568 3166 3608 cum
3209 3558 3356 3606 esset
3399 3548 3452 3604 in
3507 3544 3672 3600 caelos
3723 3557 3818 3598 as-

2221 3637 2507 3720 censurus,
2559 3651 2914 3726 prarsentibus
2964 3648 3112 3718 ipsis,
3154 3645 3391 3698 Eleuatus
3414 3647 3507 3705 est,
3548 3637 3741 3708 inquit,
3770 3647 3820 3692 et

2225 3753 2380 3808 nubes
2407 3750 2626 3818 suscepit
2653 3764 2766 3802 eum
2793 3746 2855 3799 ab
2898 3743 3059 3798 oculis
3081 3754 3252 3795 eorum
3282 3737 3416 3807 (Act.
3443 3735 3494 3788 l.
3513 3731 3602 3802 9);
3623 3739 3820 3786 etcum

2227 3845 2448 3902 intentis
2476 3843 2647 3898 oculis
2694 3847 2899 3904 essent,
2925 3836 3053 3890 dum
3097 3831 3270 3886 abiret
3311 3827 3418 3882 ille.
3445 3823 3532 3879 Sic
3563 3822 3820 3878 nimirum

2226 3949 2281 3994 et
2308 3952 2504 4008 corpus
2550 3944 2792 3990 nostrum
2819 3923 3276 3986 consubstantiale
3306 3916 3518 3988 corpori
3565 3915 3671 3970 erit
3720 3916 3819 3982 illi,

2229 4037 2415 4100 utpote
2443 4025 2584 4098 quod
2609 4041 2672 4080 ex
2705 4021 2894 4077 eadem
2937 4019 3008 4072 sit
3035 4029 3208 4070 massa
3244 4031 3257 4067 :
3287 4011 3425 4066 sicut
3448 4009 3592 4063 enim
3638 4016 3820 4075 caput,

2231 4123 2300 4175 ita
2341 4130 2395 4175 et
2425 4097 2663 4187 corpus;
2708 4116 2849 4168 sicut
2887 4108 3203 4180 principium
3231 4145 3246 4170 ,
3289 4103 3361 4156 ita
3391 4111 3445 4155 et
3474 4097 3619 4153 finis.
3653 4100 3823 4164 Atque

2233 4211 2336 4265 hoc
2368 4186 2703 4264 manifestius
2746 4201 2986 4257 indicans
3015 4195 3210 4252 Paulus
3244 4190 3448 4246 dicebat
3488 4204 3503 4241 :
3531 4186 3632 4254 Qui
3655 4187 3821 4253 refor-

2231 4299 2388 4354 mabit
2416 4313 2600 4368 corpus
2643 4292 2943 4347 humilitatis
2967 4297 3153 4341 nostra:
3183 4325 3199 4348 ,
3227 4292 3278 4336 ut
3304 4283 3564 4351 conforme
3586 4277 3679 4346 ﬁat
3707 4292 3820 4328 cor-

2234 4391 2347 4464 pori
2385 4365 2631 4443 claritatis
2659 4399 2765 4438 sua:
2795 4379 3017 4454 (Philip.
3051 4377 3103 4430 5.
3132 4375 3247 4445 2i).
3278 4371 3334 4427 Si
3361 4371 3524 4438 igitur
3549 4365 3828 4420 conforme

2236 4485 2329 4548 sit,
2358 4481 2602 4538 eamdem
2636 4477 2798 4534 etiam
2827 4477 2964 4528 viam
2991 4469 3238 4525 conficiet
3262 4507 3274 4529 ,
3303 4475 3358 4519 et
3386 4463 3438 4516 in
3465 4459 3697 4515 nubibus
3728 4474 3825 4529 pa-

2237 4577 2370 4632 riter
2397 4571 2709 4629 elevabitur.
2732 4568 2860 4622 l‘lzec
2890 4575 2946 4620 tu
2977 4576 3187 4634 quoque
3218 4560 3269 4613 in
3296 4553 3692 4612 resurrectione
3720 4565 3820 4606 ex-

2238 4676 2440 4738 specta.
2481 4665 2612 4720 Nam
2643 4661 2894 4733 quoniam
2922 4656 2990 4711 ad
3032 4653 3159 4709 illud
3189 4665 3355 4721 usque
3391 4657 3604 4714 tempus
3629 4643 3825 4698 obscu-
3844 4675 3850 4700 ;.

2240 4776 2358 4816 rum
2394 4759 2567 4811 fuerat
2590 4751 2930 4808 audientibus
2965 4745 3183 4802 verbum
3216 4741 3364 4811 regni
3393 4738 3667 4798 celerum,
3698 4746 3828 4804 pro-

2241 4862 2421 4923 pterea
2473 4864 2592 4904 cum
2621 4843 2954 4899 ascendisset
2986 4839 3038 4893 in
3071 4845 3327 4898 montem,
3355 4843 3536 4886 coram
3557 4823 3836 4895 discipulis

2244 4919 2355 4997 suis
2385 4938 2790 5007 transfiguratus
2826 4940 2907 4987 est
2935 4927 3146 5001 (Matth.
3178 4923 3290 4995 l7),
3319 4921 3506 4992 eisque
3536 4919 3835 4972 futurorum

2245 5035 2464 5106 gloriam
2496 5025 2944 5101 prmmonstrarit,
2973 5031 3026 5077 et
3047 5020 3272 5075 obscure
3297 5026 3564 5084 tamquam
3605 5012 3658 5064 in
3701 5008 3834 5062 mni-

2246 5137 2442 5197 gmate,
2468 5123 2624 5193 quale
2653 5133 2848 5190 corpus
2867 5125 3104 5171 nostrum
3133 5111 3374 5166 futurum
3392 5115 3555 5168 esset,
3574 5101 3845 5158 ostendit.

2247 5194 2445 5274 Verum
2470 5230 2592 5270 cum
2613 5211 2849 5266 vestibus
2876 5219 2984 5262 tum
3001 5202 3214 5276 quidem
3247 5197 3490 5270 apparuit
3517 5213 3532 5250 :
3562 5205 3616 5247 at
3635 5208 3743 5246 non
3772 5194 3841 5244 ita

2251 5315 2303 5369 in
2334 5307 2748 5367 resurrectione.
2773 5301 2956 5371 Neque
2985 5299 3128 5354 enim
3155 5293 3391 5348 restibus
3419 5287 3619 5357 indiget
3644 5296 3844 5352 corpus

2251 5415 2514 5466 nostrum,
2548 5414 2719 5470 neque
2751 5405 2914 5459 tecto,
2952 5403 3123 5461 neque
3150 5381 3638 5442 concameratione,
3670 5389 3847 5444 neque

2251 5500 2354 5554 alia
2381 5495 2484 5550 ulla
2506 5508 2564 5549 re
2585 5467 2764 5547 simili.
2789 5487 2920 5542 Nam
2943 5485 2987 5541 si
3009 5492 3130 5537 ante
3152 5473 3629 5546 transgressionem
3651 5467 3846 5529 Adam,

2251 5605 2372 5646 cum
2401 5595 2545 5644 esset
2573 5582 2768 5647 nudus,
2813 5594 2919 5634 non
2947 5569 3318 5634 erubescebat,
3348 5563 3513 5634 gloria
3541 5556 3845 5614 circumda-

2255 5691 2339 5738 ttts
2371 5699 2384 5735 :
2427 5677 2594 5733 multo
2628 5672 2798 5744 magis
2841 5681 3065 5739 corpora
3099 5671 3277 5718 nostra
3299 5701 3314 5727 ,
3341 5672 3458 5727 qua:
3486 5653 3551 5707 ad
3580 5657 3845 5713 prmstan-

2257 5773 2450 5834 liorem
2475 5743 2862 5836 melioremque
2894 5758 3254 5817 conditionem
3285 5751 3666 5811 tranlerentur,
3692 5743 3847 5797 nullo
