4062 6420
315 471 411 527 551

311 587 372 644 τί
395 589 567 643 πυιεῖ·
603 590 722 654 πῶς
770 590 992 647 εὔκολον
1029 595 1120 649 τὸν
1169 597 1356 667 ἀγῶνα
1400 599 1727 670 ἐργάζεταισ
1784 602 1902 664 πῶς

316 680 478 750 ῥᾴδια
508 680 578 734 τὰ
626 682 945 755 σκάμματα.
996 686 1119 750 Πῶς
1161 689 1254 740 καὶ
1296 690 1400 742 τίνι
1442 690 1663 761 τρόπῳ;
1692 692 1796 745 Δύο
1836 691 1903 761 δὴ

315 770 542 834 ταύταις
568 772 737 837 όδοίςο
766 777 863 845 μιᾷ
903 776 1029 844 μὲν,
1085 778 1146 830 τὸ
1184 779 1347 831 αὑτὸν
1396 779 1537 833 αύτά
1587 780 1897 851 μετελθεῖν·

312 863 480 935 ἑτέρᾳ
528 864 606 928 δὲ,
639 866 700 918 τὸ
744 867 906 920 αὐτὸν
932 868 1102 932 δείξαι
1140 871 1207 924 τὰ
1261 870 1493 942 βραϐεία
1533 874 1628 926 καὶ⁹
1659 873 1755 926 ὑπ’
1778 872 1901 942 ὄψιν

312 953 561 1024 ἀγαγεῖν.
591 957 712 1010 Τῶν
732 958 844 1029 γὰρ
865 960 960 1014 ἀπ’
981 960 1146 1014 αὑτοῦ
1177 961 1486 1031 λεγομένων
1505 963 1571 1016 τά
1594 965 1693 1035 μὲν
1714 962 1900 1036 ἐντολὴ

310 1041 401 1114 ἦν,
435 1045 506 1099 τὰ
530 1047 587 1099 δὲ
609 1048 820 1103 ἔπαθλα
841 1065 856 1081 ·
893 1051 1080 1121 ὲντολὴ
1125 1052 1244 1122 μὲν,
1274 1054 1545 1121 Εὕχεσθε
1591 1055 1744 1125 ὑπὲρ
1782 1055 1903 1108 τῶν

309 1135 756 1204 ἐπηρεαζόντων
812 1141 969 1209 ὑμᾶς
1005 1142 1104 1196 καί
1158 1141 1523 1196 διωκόντων·
1553 1144 1787 1199 ἔπαθλον
1816 1145 1895 1209 δὲ,

310 1227 513 1296 Ὅπως
534 1230 788 1300 ⁴γένησθε
817 1232 934 1287 vlo!
964 1232 1069 1287 τοῦ
1098 1234 1326 1302 Πατρός
1352 1234 1519 1304 ὑμῶν
1553 1235 1658 1290 τοῦ
1677 1237 1746 1289 ἐν
1776 1236 1899 1302 τοῖς

308 1320 608 1388 οὐρανοῖς.
639 1322 827 1387 Πάλιν,
851 1323 1137 1392 Μακάριοί
1157 1325 1315 1390 ἐστε,
1346 1325 1492 1379 ὅταν
1519 1325 1899 1380 ὀνειδίσωσιν

309 1407 468 1477 ὑμᾶς
488 1411 587 1464 καὶ
617 1411 893 1479 διώξωσι,
922 1414 1020 1467 καί
1043 1415 1257 1470 εἴπωσι
1289 1414 1411 1469 πᾶν
1433 1414 1699 1484 πονηρὸν
1730 1415 1898 1486 ῥῆμα

309 1497 442 1552 καθ’
464 1496 633 1568 ὑμῶν
662 1501 1045 1571 ψευδόμενοι.
1086 1504 1329 1574 Χαίρετε
1369 1504 1469 1557 καί
1499 1503 1893 1574 ἀγαλλιᾶσθε,

307 1586 454 1642 ὄτιό
486 1590 705 1659 μισθὸς
721 1590 889 1661 ὑμῶν
925 1594 1121 1661 πολὺς
1144 1596 1354 1662 ἐντοῖς
1401 1596 1698 1666 οὐρανοῖς.
1744 1593 1897 1663 Εἶδες

307 1678 370 1731 τὸ
398 1679 518 1749 μὲν,
568 1682 810 1755 ἐντολὴν,
839 1684 900 1736 τὸ
945 1685 1023 1748 δὲ,
1060 1685 1325 1753 ἔπαθλον;
1370 1689 1559 1753 Πάλιν,
1599 1691 1670 1743 El
1703 1689 1898 1756 θέλεις

306 1770 538 1838 τέλειος
581 1769 758 1841 εῖναι,
789 1775 1083 1843 πώλησόν
1112 1791 1229 1831 σου
1272 1778 1346 1833 τὰ
1379 1778 1748 1848 ὑπάρχοντα,
1798 1782 1896 1835 καί

305 1860 413 1927 δὸς
445 1864 727 1933 πτωχοῖς,
767 1865 865 1919 καί
896 1866 1074 1935 δεῦρο
1108 1869 1425 1923 ἀκολούθει
1453 1887 1575 1939 μοι,
1606 1871 1705 1924 καί
1740 1871 1899 1936 ἔξεις

304 1954 619 2022 θησαυρὸν
670 1957 743 2010 έν
779 1958 1038 2028 οίφανῷ.
1079 1955 1233 2024 Εἶδες
1289 1960 1456 2032 ἀλλην
1506 1962 1747 2034 ἐντολὴν,
1804 1965 1899 2017 καὶ

303 2044 576 2113 ἔπαθλονς
609 2047 683 2101 Τὸ
732 2049 831 2120 μὲν
854 2050 962 2121 γάρ
989 2050 1193 2115 αὐτοὺς
1226 2051 1481 2105 ἐκέλευσε
1511 2055 1711 2119 ποιεῖν,
1749 2053 1810 2106 τὸ
1837 2053 1896 2107 δὲ

303 2135 465 2200 αὐτὸς
497 2138 816 2207 ἡτοίμασεν,
845 2140 982 2210 ὅπερ
1014 2136 1082 2211 ἦν
1115 2139 1308 2211 μισθὸς
1342 2140 1438 2194 καὶ
1466 2140 1752 2204 ἀντίδοσις.
1787 2140 1896 2194 Καὶ

301 2223 484 2287 πάλιν,
521 2224 730 2291 Ὅστις
761 2226 1004 2296 ἀφῆκεν
1041 2228 1236 2293 οἰκίας
1279 2227 1377 2281 καὶ
1426 2226 1754 2296 ἀδελφοὺς,
1796 2227 1895 2280 καί

298 2309 567 2379 ἀδελφάς
585 2329 599 2342 ·
651 2312 809 2366 τοῦτο
872 2313 1082 2384 έντολή’
1122 2314 1757 2368 Ἑκατονταπλασίονα
1787 2313 1895 2381 λή-

299 2400 497 2466 ψεται,
516 2400 614 2453 καί
649 2398 802 2468 ζωὴν
828 2399 1069 2455 αἰώνιον
1091 2400 1555 2471 κληρονομήσει·
1575 2401 1735 2455 τοῦτο
1758 2401 1894 2471 βρα-

298 2484 446 2537 ϐεῖον
477 2487 571 2538 καὶ
604 2485 888 2555 στέφανος.

370 2568 430 2624 ε’.
472 2572 621 2625 Ἐπεὶ
635 2568 728 2627 οὖν
758 2574 849 2627 καὶ
879 2575 950 2628 τὰ
979 2574 1329 2647 ἐπιτάγματα
1363 2575 1573 2647 μεγάλα
1593 2570 1681 2647 ἦν,
1708 2575 1802 2628 καὶ
1826 2574 1897 2628 τά

300 2659 508 2715 ἔπαθλα
554 2662 733 2716 αὐτῶν
780 2664 842 2718 ού
878 2665 1200 2736 φαινόμενα,
1231 2666 1334 2738 δρα
1382 2665 1436 2718 τί
1480 2667 1664 2720 ποιεῖ·
1726 2665 1894 2728 αὐτὸς

293 2748 440 2803 αύτά
471 2750 560 2805 διά
604 2751 715 2806 τῶν
770 2750 949 2824 ἔργων
983 2753 1375 2819 ἐπιδείκνυται,
1406 2755 1503 2809 καὶ
1535 2755 1665 2817 τοὺς
1702 2754 1895 2822 στεφά-

294 2852 425 2899 νους
455 2836 542 2890 ἐπ’
581 2837 706 2907 ὄψιν
737 2838 884 2908 ἄγει.
921 2839 1135 2909 Ὥσπερ
1168 2841 1278 2912 γάρ
1304 2841 1711 2911 ὀηκελευόμενος
1735 2841 1891 2912 ἀτρι-

294 2921 370 2992 δῆ
399 2922 635 2992 βαδίζειν
667 2924 803 2990 ὁδὸν,
835 2926 933 2979 ἐὰν
985 2926 1071 3001 ἴδῃ
1115 2927 1380 3000 πρότερόν
1429 2945 1549 2981 τινα
1578 2927 1888 2999 βαδίσαντα,

293 3004 665 3078 εὐκολώτερον
695 3009 949 3075 ἅπτεται,
989 3010 1085 3064 καὶ
1106 3009 1328 3064 πλείονα
1351 3010 1619 3082 λαμϐάνει
1639 3010 1741 3082 τὴν
1764 3024 1894 3081 προ-

297 3092 503 3163 θυμίαν
521 3110 535 3126 ο
570 3095 715 3150 οὕτω
746 3097 842 3151 καὶ
876 3098 936 3153 ὲν
966 3101 1087 3161 ταις
1108 3097 1370 3162 ἐντολαῖς,
1390 3100 1439 3151 οἰ
1461 3098 1589 3163 τοὺς
1617 3114 1892 3170 προηγου-

299 3179 497 3251 μένους
529 3183 787 3252 όρῶντες,
820 3184 1021 3255 ῥᾳδίως
1059 3185 1303 3241 ἕπονται.
1339 3178 1554 3239 Ἴνόὗν
1592 3185 1891 3239 εὐκολώτε-

297 3270 449 3339 ρονὴ
477 3270 720 3341 ἡμετέρα
754 3270 915 3339 φύσις
945 3273 1313 3347 ἀκολουθήσῃ,
1338 3275 1550 3345 ταύτην
1580 3271 1763 3329 λαϐὼν
1793 3273 1893 3344 τὴν

297 3358 502 3429 σάρκα,
532 3361 626 3414 καὶ
674 3361 776 3432 τὴν
809 3362 973 3432 φύσιν
1019 3363 1117 3435 τὴν
1161 3367 1467 3436 ἡμετέραν,
1507 3363 1681 3427 οὕτως
1721 3363 1893 3435 αὐτὴν

294 3446 541 3513 ὲϐάδισε,
576 3449 672 3503 καί
695 3450 796 3512 τάς
829 3450 1053 3514 ἐντολάς
1094 3450 1184 3504 διὰ
1205 3450 1314 3504 τῶν
1345 3451 1522 3521 ἔργων
1559 3450 1889 3514 ἐπεδείξατο.

296 3534 376 3588 Τὸ
402 3535 535 3606 γάρ,
572 3536 714 3590 Ἐάν
748 3539 836 3603 τίς
866 3554 941 3592 σε
956 3538 1192 3608 ρᾳπίσῃ
1223 3539 1325 3592 ἐπὶ
1362 3538 1477 3606 τὴν
1503 3537 1713 3603 δεξιὰν
1755 3552 1891 3591 σια-

297 3622 471 3691 τόνα,
491 3623 761 3693 στρέψον
793 3624 954 3690 αὐτῷ
985 3625 1086 3681 καὶ
1110 3628 1226 3694 τὴν
1243 3625 1466 3694 ἀλλην,
1503 3625 1665 3688 αὐτὸς
1698 3624 1891 3695 ἐποίη-

297 3726 416 3775 σεν,
437 3711 565 3764 ὅταν
596 3712 759 3765 αὐτὸν
784 3711 1082 3782 ἐρράπισεν
1113 3713 1143 3765 6
1175 3713 1359 3777 δοῦλος
1409 3713 1504 3767 τοῦ
1567 3712 1889 3785 ἀρχιερέως.

296 3797 378 3849 οὐ
416 3798 527 3869 γὰρ
577 3799 828 3870 ἠμύνατο
858 3800 1048 3864 αὐτὸν,
1085 3800 1225 3854 ἀλλά
1268 3801 1539 3873 τοσαύτην
1590 3800 1892 3854 ἐπιείκειαν

296 3884 632 3952 ἐπεδείξατο,
678 3888 754 3951 ὡς
814 3890 1019 3942 εἰπεῖν’
1069 3890 1135 3941 El
1165 3888 1283 3958 μὲν
1336 3887 1532 3954 κακῶς
1588 3886 1888 3956 ἐλάλησα,

292 3976 689 4046 μαρτύρησον
712 3976 847 4044 περὶ
882 3975 990 4031 τοῦ
1015 3976 1237 4041 κακοῦ·
1276 3976 1331 4030 εἰ
1360 3975 1428 4029 δὲ
1463 3973 1685 4040 καλῶς,
1723 3975 1782 4028 τί
1815 3991 1894 4044 με

295 4060 525 4131 δέρεις;
565 4058 719 4125 Εἶδες
741 4063 1025 4133 πραότητα
1050 4063 1254 4134 φρίκης
1280 4062 1589 4133 γέμουσαν;
1620 4057 1761 4125 εἶδες
1798 4079 1895 4115 τα-

297 4148 730 4220 πεινοφροσύνην
750 4149 1011 4219 ἔκπληξιν
1034 4150 1293 4221 ἔχουσαν;
1339 4149 1653 4213 Ἐτύπτετο,
1680 4149 1740 4202 ού
1759 4150 1892 4219 παρ’

299 4236 586 4307 ἐλευθέρου
638 4236 805 4300 τινὸς,
835 4236 972 4291 ἀλλά
1013 4239 1145 4309 παρ’
1173 4237 1410 4301 οἰκέτου,
1453 4237 1765 4308 μαστιγίου,
1800 4236 1895 4289 καὶ

295 4323 630 4393 οἰκοτρίϐου,
647 4324 740 4377 καὶ
771 4325 909 4394 μετά
938 4324 1206 4395 τοσαύτης
1223 4325 1586 4397 ἀποκρίνεται
1605 4327 1705 4396 τῆς
1725 4326 1897 4377 ἐπιει-

300 4413 457 4475 κείας
484 4411 680 4467 ταῦτα.
699 4411 856 4465 Οὕτω
877 4412 972 4466 καὶ
999 4412 1028 4463 6
1046 4413 1235 4483 Πατὴρ
1262 4412 1429 4466 αὐτοῦ
1458 4416 1575 4477 τοῖς
1613 4413 1896 4477 Ἰουδαίοις

301 4501 490 4569 ελεγε·
529 4502 689 4569 Λαός
720 4519 862 4570 μου,
896 4502 954 4556 τί
992 4501 1255 4569 ἐποίησά
1286 4518 1422 4566 σοι;
1470 4502 1506 4571 ἢ
1537 4504 1595 4557 τι
1637 4516 1711 4556 σε
1752 4504 1895 4557 ἐλύ-

301 4605 511 4657 amca;
538 4587 577 4657 ἢ
610 4589 669 4641 τί
708 4588 1153 4658 παρηνόχλησά
1189 4602 1321 4652 σοι;
1361 4588 1734 4657 ἀποκρίθητι.
1766 4591 1895 4641 Ὥσ-

300 4693 414 4749 περ
440 4676 602 4740 αὐτός
639 4693 795 4747 φησι,
836 4678 1236 4745 Μαρτύρησον
1264 4676 1400 4744 περὶ
1427 4676 1534 4730 τοῦ
1567 4677 1778 4741 κακοῦ,
1806 4675 1898 4728 οὗ-

300 4783 385 4819 τω
413 4768 507 4819 καὶ
535 4767 564 4817 6
595 4765 787 4835 Πατὴρ
830 4763 1019 4828 αὑτοῦ,
1068 4764 1437 4833 Ἀποκρίθητί
1486 4781 1621 4834 μοι’
1661 4765 1757 4818 καὶ
1782 4764 1896 4818 ῶσ-

305 4870 413 4923 περ
438 4854 599 4917 αὐτός
631 4870 785 4920 φησι,
823 4854 885 4907 Τι
906 4869 984 4921 με
1008 4850 1218 4919 δέρεις,
1251 4850 1396 4904 οὕτω
1424 4852 1519 4905 καί
1542 4851 1571 4902 6
1598 4852 1810 4922 Πατὴρ,
1838 4852 1900 4906 Tt

300 4940 592 5010 ἐλύπησά
623 4959 718 5003 σε,
746 4941 783 5009 ἢ
833 4942 890 4995 τί
933 4941 1403 5009 παρηνόχλησα;
1435 4940 1604 4993 Πάλιν
1648 4940 1899 5011 ἀκτημο-

305 5027 480 5099 σύνην
504 5028 799 5093 παιδεύων,
824 5028 927 5099 ὅρα
960 5028 1080 5091 πῶς
1107 5028 1196 5082 διὰ
1227 5027 1333 5081 τῶν
1365 5028 1546 5099 ἔργων
1577 5028 1747 5101 αὐτὴν
1773 5030 1897 5082 ἔπι-

303 5115 583 5171 δείκνυται
612 5116 807 5185 λέγων’
825 5120 896 5171 Αἰ
923 5117 1233 5181 ἀλώπεκες
1252 5115 1406 5189 [542]
1427 5115 1701 5186 φωλεοὺς
1720 5115 1899 5186 έχου-

307 5218 400 5267 σι,
432 5204 533 5257 καί
560 5205 634 5259 τὰ
661 5202 903 5258 πετεινὰ
951 5203 1059 5258 τοῦ
1082 5203 1344 5272 οὐρανοῦ
1373 5203 1862 5272 κατασκηνώσεις

306 5293 345 5344 ό
371 5290 441 5344 δὲ
481 5292 616 5358 Υἱὸς
658 5291 766 5346 τοῦ
804 5291 1119 5360 ἀνθρώπου
1145 5292 1258 5345 οὐκ
1283 5290 1407 5360 ἔχει
1427 5292 1547 5346 ποῦ
1567 5291 1684 5361 τὴν
1714 5309 1898 5361 κείρα-

307 5379 436 5448 λην
468 5379 691 5437 κλῖναι.
742 5376 893 5444 Εἶδες
928 5379 1313 5449 ἀκτημοσύνης
1341 5378 1619 5446 ὲπίτασιν;
1651 5380 1727 5433 Οὐ
1769 5380 1901 5451 τρά-

313 5472 457 5535 πεζα
478 5464 548 5542 ἦν
573 5467 743 5538 αὐτῷ,
778 5469 839 5522 οὐ
885 5468 1096 5540 λυχνία,
1131 5468 1232 5522 οὐκ
1268 5464 1438 5534 οἶκος,
1468 5469 1528 5523 οὐ
1545 5468 1754 5541 δίφρος,
1799 5470 1901 5523 οὐκ

313 5558 442 5614 ἄλλο
464 5557 574 5613 τῶν
604 5557 862 5611 τοιούτων
898 5556 1074 5611 οὐδέν.
1117 5555 1395 5609 Ἐδίδασκε
1435 5555 1563 5627 περί
1596 5556 1689 5609 τοῦ
1714 5556 1902 5621 κακῶς

308 5645 613 5711 ἀκούοντας
639 5646 823 5718 φέρειν
848 5644 1130 5714 γενναίως,
1161 5644 1298 5714 ὅπερ
1324 5642 1413 5696 διά
1449 5644 1559 5697 τῶν
1601 5643 1775 5716 ἔργων
1803 5646 1902 5697 ὲπ-

315 5734 587 5801 (δείξατο.
615 5733 745 5787 “Ure
765 5734 874 5804 γάρ
895 5730 1235 5802 δαιμονῶντα
1252 5731 1414 5784 αὐτὸν
1439 5731 1667 5785 ἐκάλουν
1689 5732 1784 5786 καὶ
1800 5733 1902 5786 Σα-

318 5824 604 5895 μαρείτην,
629 5823 925 5893 δυνάμενος
949 5822 1145 5885 αὐτοὺς
1171 5820 1330 5874 πάλιν
1364 5820 1649 5885 ἀπολέσαι,
1683 5823 1777 5874 καὶ
1800 5823 1899 5893 τῆς

320 5912 532 5984 ὕϐρεως
568 5911 746 5965 αὐτῶν
769 5910 1025 5966 ἀποτῖσαι
1063 5909 1239 5981 δίκην,
1272 5908 1425 5963 οὐδὲν
1448 5907 1619 5963 ἐποίει
1642 5908 1898 5977 τοιοῦτον,

1479 484 1567 542 DE
1607 487 1907 549 FUTUan
1945 496 2127 554 VITIE
2160 495 2474 556 DELICIIS.

2002 607 2135 660 ἀλλά
2171 612 2266 662 καὶ
2296 612 2607 683 εὐηργέτει,
2638 615 2732 668 καὶ
2774 617 2902 678 τοὺς
2947 616 3210 686 δαίμονας
3265 616 3444 671 αὐτῶν
3477 621 3573 673 ἀπο

2001 697 2218 767 ήλαυνε.
2254 701 2366 754 Καὶ
2385 702 2575 770 εἰπὼν,
2597 705 2866 775 Εὕχεσθε
2886 706 3036 775 ὑπὲρ
3071 706 3191 760 τῶν
3220 708 3572 775 ἐπηρεαζόν-

1998 804 2115 840 των
2146 789 2322 859 ὑμᾶς,
2360 795 2442 856 είς
2473 794 2566 848 τὸν
2594 798 2826 867 σταυρὸν
2861 797 3020 852 τοῦτο
3047 796 3255 861 ἀναϐὰς
3292 800 3572 866 εποίησεν.

2014 877 2229 950 Ἐπειδὴ
2274 881 2385 952 γὰρ
2432 884 2592 938 αὐτὸν
2651 887 3001 957 ἐσταύρωσαν
3036 890 3132 942 καὶ
3194 888 3570 959 προσήλωσαν.

2002 972 2351 1042 κρεμάμενος
2384 975 2592 1044 ἔλεγεν,
2617 978 2792 1046 Ἄφες
2827 979 3069 1045 αὐτοῖς’
3110 980 3184 1034 οὐ
3231 979 3341 1049 γὰρ
3373 978 3571 1032 οἴδασι

1999 1061 2056 1113 τί
2082 1063 2341 1117 ποιοῦσι.
2374 1065 2564 1120 Ταῦτα
2585 1067 2769 1137 ἔλεγεν
2782 1069 2884 1122 οὐκ
2915 1068 3123 1123 ἀτονῶν
3146 1069 3306 1133 αὐτὸς
3334 1067 3573 1136 ἀφιέναι,

1998 1148 2113 1202 ἀλλ’
2171 1151 2319 1221 ἡμᾶς
2368 1154 2638 1209 παιδεύων
2687 1156 2940 1227 εὔχεσθαι
2994 1159 3135 1229 ὑπὲρ
3180 1159 3290 1211 τῶν
3341 1156 3570 1227 ἐχθρῶν.

2011 1238 2226 1309 Ἐπειδὴ
2257 1240 2365 1312 γάρ
2393 1242 2452 1294 οὐ
2484 1241 2627 1314 λόγῳ
2671 1245 2839 1316 μόνῳ,
2872 1245 3007 1299 ἀλλά
3054 1246 3149 1299 καὶ
3194 1245 3340 1315 ἔργῳ
3376 1244 3473 1314 τὴν
3498 1243 3575 1297 δι-

1997 1328 2293 1384 δασκαλίαν
2320 1333 2685 1400 ἐπεδείκνυτο,
2703 1334 2791 1389 διά
2813 1334 2974 1389 τοῦτο
2989 1336 3080 1389 καὶ
3097 1336 3196 1405 τὴν
3217 1334 3380 1404 εὐχὴν
3406 1349 3575 1403 προσ-

1998 1418 2184 1489 έθηκε.
2245 1423 2455 1492 Μηδεὶς
2494 1425 2674 1478 τοίνυν
2717 1426 2828 1480 τῶν
2861 1427 3172 1499 αἱρετικῶν,
3201 1425 3288 1481 διά
3325 1425 3423 1495 τὴν
3454 1424 3576 1476 πολ-

1997 1501 2095 1571 λὴν
2165 1504 2330 1558 αὐτοῦ
2418 1507 2825 1580 φιλανθρωπίαν
2849 1549 2863 1574 ,
2920 1510 3203 1563 ἀσθένειαν
3274 1522 3575 1574 καταγινω-

1998 1594 2174 1649 σκέτω
2194 1596 2300 1650 τῶν
2323 1598 2625 1670 εἰρημένων
2645 1617 2659 1631 ·
2682 1599 2843 1663 αὐτὸς
2872 1602 2979 1672 γάρ
3014 1601 3160 1652 ἐστιν
3188 1600 3216 1651 6
3241 1598 3432 1666 λέγων,
3456 1597 3576 1648 Ἵνα

1997 1683 2066 1736 δὲ
2107 1686 2326 1755 εἰδῆτε,
2369 1688 2460 1743 ὅτι
2492 1688 2786 1754 ἐξουσίαν
2818 1691 2947 1760 ἔχει
2981 1693 3014 1745 ό
3057 1690 3184 1755 Υἱὸς
3220 1689 3326 1742 τοῦ
3354 1685 3575 1754 ἀνθρώ-

1999 1790 2118 1830 που
2145 1777 2381 1845 ἀφιέναι
2413 1779 2512 1833 ἐπὶ
2550 1779 2658 1848 τῆς
2700 1778 2815 1850 τῆς
2846 1780 3151 1851 ἁμαρτίας.
3211 1778 3349 1832 Ἀλλ’
3389 1775 3577 1845 ἐπειδὴ

1999 1866 2279 1920 παιδεύειν
2322 1867 2574 1921 ἐϐούλετο
2602 1868 2652 1938 (6
2684 1869 2740 1922 δὲ
2775 1868 3048 1922 παιδεύων
3091 1866 3152 1919 ού
3208 1866 3276 1918 δι’
3325 1860 3400 1917 ὧν
3428 1862 3574 1929 λέγει

2001 1959 2182 2029 μόνον,
2208 1958 2344 2013 ἀλλά
2364 1960 2460 2012 καὶ
2473 1959 2540 2013 δι’
2557 1951 2632 2013 ὧν
2657 1959 2917 2030 ποιεῖτὴν
2937 1957 3284 2012 διδασκαλίαν
3300 1954 3579 2026 προάγει),

1995 2050 2186 2104 τούτου
2215 2051 2375 2123 χάριν
2412 2052 2507 2106 καὶ
2555 2051 2655 2122 τὴν
2702 2051 2866 2121 εὐχὴν
2905 2048 3280 2124 προσέθηκεν-
3316 2046 3439 2098 ἐπεὶ
3483 2044 3577 2097 καὶ

1997 2141 2108 2194 τῶν
2150 2142 2408 2213 μαθητῶν
2456 2144 2584 2205 τοὺς
2614 2142 2780 2206 πόδας
2820 2141 3058 2205 ένιπτεν,
3084 2141 3183 2210 οὐχ
3214 2138 3290 2202 ὡς
3340 2136 3577 2190 ἐλάττων

1996 2232 2093 2298 ὢν,
2125 2234 2263 2288 ἀλλά
2285 2235 2416 2298 Θεὸς
2440 2234 2518 2288 ὢν
2562 2234 2658 2289 καὶ
2694 2234 2972 2305 Δεσπότης
3009 2235 3089 2297 εἰς
3115 2229 3337 2285 τοσοῦτο
3370 2226 3578 2297 κατέϐη

1996 2325 2516 2397 ταπεινοφροσύνης.

2068 2424 2146 2483 ς’.
2161 2418 2260 2470 Διά
2278 2416 2342 2488 δὴ
2364 2416 2524 2471 τοῦτο
2545 2417 2719 2486 ἔλεγε·
2734 2417 2964 2474 Μάθετε
2977 2417 3078 2473 ἀπ’
3093 2413 3259 2487 ἐμοῦ,
3281 2413 3370 2467 ὅτι
3387 2409 3577 2480 πρᾶός

1993 2512 2111 2579 εἰμι
2132 2510 2232 2563 καί
2263 2511 2542 2576 ταπεινὸς
2576 2508 2651 2578 τῇ
2678 2510 2912 2580 καρδίᾳ.
2952 2510 3187 2581 Ἑτέρως
3222 2506 3382 2561 πάλιν
3410 2503 3477 2558 τδ
3507 2502 3578 2556 τὰ

1997 2600 2229 2671 βραϐεῖα
2257 2601 2397 2656 αύτά
2431 2601 2526 2656 καὶ
2552 2602 2621 2655 τά
2655 2601 2863 2655 ἔπαθλα
2912 2603 2992 2665 εἰς
3022 2600 3185 2671 μέσον
3215 2598 3459 2665 ἀγαγεῖν,
3481 2592 3578 2646 καὶ

1996 2689 2101 2744 ὑπὸ
2124 2690 2434 2763 ὀφθαλμοὺς
2454 2692 2747 2760 δεικνύναι,
2775 2692 3027 2747 ἄκουσον.
3073 2692 3370 2760 ’Υπέσχετο
3393 2684 3579 2755 σωμά-

1996 2800 2103 2837 των
2133 2783 2454 2848 ἀνάστασιν,
2491 2783 2821 2854 ἀφθαρσίαν,
2844 2784 2944 2855 τὴν
2974 2785 3057 2848 εἰς
3077 2782 3217 2853 ἀέρα
3247 2779 3575 2850 ἀπάντησιν,

1994 2874 2092 2945 τὴν
2113 2875 2171 2928 ἐν
2190 2874 2445 2945 νεφέλαις
2471 2876 2758 2947 ἁρπαγήνο
2784 2874 2958 2930 ταῦτα
2985 2875 3074 2928 διὰ
3094 2873 3203 2927 τῶν
3232 2869 3577 2943 πραγμάτων

1994 2964 2186 3032 ἔδειξε.
2221 2966 2347 3031 Πῶς
2383 2966 2483 3022 καὶ
2528 2967 2633 3021 τίνι
2681 2966 2902 3039 τρόπῳ;
2950 2963 3266 3020 ’Δποθανὼν
3336 2962 3540 3030 ἀνέστη
3556 2972 3578 3009 ⁸.

1991 3059 2073 3113 διὸ
2101 3060 2196 3114 καὶ
2228 3060 2639 3131 τεσσαράκοντα
2663 3059 2874 3130 ἡμέρας
2900 3058 3086 3121 αὐτοῖς
3115 3056 3303 3125 συνῆν,
3342 3054 3432 3107 ἵνα
3475 3052 3580 3106 αὺ-

1993 3152 2121 3214 τοὺς
2150 3149 2544 3223 πληροφορήσῃ
2567 3151 2663 3204 καὶ
2691 3149 2839 3222 δείξῃ
2858 3150 3019 3222 ὴλίκα
3044 3147 3204 3219 ἡμῶν
3220 3143 3359 3201 εἶναι
3396 3143 3581 3215 μέλλει

1993 3243 2064 3295 τὰ
2087 3240 2316 3315 σώματα
2348 3243 2486 3314 μετά
2505 3242 2603 3313 τὴν
2631 3241 2947 3296 ἀνάστασιν.
2974 3239 3142 3293 Πάλιν
3168 3238 3342 3305 λέγων
3366 3235 3453 3288 διὰ
3482 3232 3579 3286 τοῦ

1997 3336 2230 3403 Παύλου,
2258 3337 2339 3390 ὅτι
2372 3335 2475 3389 Ἐν
2493 3333 2774 3403 νεφέλαις
2801 3330 3270 3400 ἁρπαγησόμεθα
3283 3327 3370 3390 εἰς
3384 3321 3578 3377 ἀπάν-

1994 3440 2177 3495 τησιν
2216 3424 2404 3481 αὐτοῦ
2436 3426 2524 3490 εἰς
2570 3422 2738 3490 ἀέρα,
2788 3420 2882 3475 καὶ
2922 3418 3085 3472 τοῦτο
3121 3413 3324 3480 ἔδειξεν
3368 3412 3573 3483 ἔργοις.
3627 3460 3633 3468 .

1994 3518 2153 3573 Πετά
2187 3517 2296 3588 γάρ
2318 3518 2418 3587 τὴν
2450 3514 2765 3577 ἀνάστασιν,
2801 3511 2963 3583 ἡνίκα
2998 3507 3220 3581 ἔμελλεν
3250 3503 3457 3560 ἀνιέναι
3497 3503 3581 3563 εἰς

1994 3609 2281 3681 οὐρανοὺς,
2324 3608 2607 3679 παρόντων
2685 3604 2867 3657 αὐτῶν
2932 3600 3220 3669 Ἐπήρθη,
3266 3596 3420 3666 φησὶ,
3478 3593 3578 3646 καί

1994 3700 2222 3772 νεφέλη
2257 3699 2563 3756 ὑπέλαϐεν
2587 3696 2775 3750 αὐτὸν
2804 3695 2923 3749 ἀπὸ
2951 3692 3071 3747 τῶν
3108 3686 3433 3759 ὀφθαλμῶν
3472 3685 3581 3737 a6-

1995 3795 2148 3849 τῶνο
2184 3794 2278 3847 καὶ
2311 3792 2386 3855 ὡς
2415 3790 2752 3852 ἀτενίζοντες
2779 3782 2944 3858 ἦσαν,
2992 3780 3358 3855 πορευομένου
3386 3774 3576 3830 αὑτοῦ.

1996 3885 2185 3949 Οὕτως
2222 3880 2315 3937 οὖν
2346 3883 2442 3937 καί
2486 3881 2546 3935 τὺ
2583 3878 2850 3951 ἡμέτερον
2903 3876 3063 3946 σῶμα
3108 3871 3394 3943 όμοούσιον
3425 3867 3577 3919 ἔσται

1995 3975 2191 4046 ἐκείνῳ
2219 3971 2298 4044 τῷ
2327 3971 2562 4043 σώματι,
2585 3969 2681 4023 ἅτε
2712 3969 2778 4021 ὲκ
2805 3966 2900 4021 τοῦ
2921 3964 3241 4036 φυράματος
3265 3960 3353 4014 δνο
3386 3957 3581 4022 ὥσπερ

1995 4067 2104 4141 γὰρ
2134 4068 2168 4138 ἡ
2199 4064 2435 4136 κεφαλὴ,
2471 4063 2614 4117 οὕτω
2667 4062 2760 4116 καὶ
2802 4059 2863 4112 τὸ
2898 4059 3087 4130 σῶμα⁹
3118 4054 3308 4125 ῶσπερ
3341 4052 3375 4123 ἡ
3409 4049 3576 4120 ἀρχὴ,

1994 4159 2137 4215 οὕτω
2170 4158 2266 4212 καὶ
2298 4157 2358 4211 τὸ
2389 4155 2561 4220 τέλος.
2594 4155 2706 4209 Καὶ
2730 4152 2888 4206 τοῦτο
2942 4149 3276 4218 σαφέστερον
3312 4147 3340 4198 6
3368 4141 3580 4202 Παῦλος

1994 4252 2170 4322 δηλῶν
2200 4251 2384 4321 ἔλεγεν
2404 4268 2417 4281 ο
2460 4250 2565 4313 Ὃς
2591 4243 3103 4325 μετασχηματίσει
3149 4238 3213 4293 τὸ
3266 4234 3441 4325 σῶμα
3471 4229 3582 4299 τῆς

1994 4338 2402 4403 ταπεινώσεως
2422 4335 2612 4405 ἡμῶν,
2637 4323 2724 4399 εἰς
2745 4333 2810 4386 τὸ
2835 4329 3111 4401 γενέσθαι
3134 4324 3280 4379 αὐτὸ
3309 4323 3578 4389 σύμμορ-

1996 4444 2116 4496 φον
2142 4424 2223 4491 τῷ
2252 4425 2481 4493 σώματι
2514 4421 2626 4490 τῆς
2653 4420 2839 4487 δόξης
2864 4415 3072 4471 αὐτοῦ.
3109 4413 3172 4466 Εἰ
3225 4410 3404 4463 τοίνυν
3447 4405 3581 4496 σύμς-

2001 4492 2210 4584 μορφον
2264 4492 2495 4580 γίνεται,
2530 4509 2625 4562 καὶ
2671 4509 2771 4577 τὴν
2809 4505 2980 4575 αὐτὴν
3003 4502 3122 4554 ὁδὸν
3165 4498 3450 4584 βαδιεῖται,
3483 4492 3581 4584 καί.

1996 4581 2201 4670 δμοίως
2236 4598 2329 4650 ἐπὶ
2359 4595 2598 4664 νεφελῶν
2623 4592 2944 4664 ἀρθήσεται.
2964 4588 3151 4642 Ταῦτα
3182 4583 3454 4670 προσδόκα
3487 4581 3583 4634 καὶ

1996 4665 2161 4748 αύτὸς
2211 4685 2271 4736 ὲν
2307 4686 2372 4754 τῇ
2417 4681 2736 4736 ἀναστάσει.
2775 4677 2994 4747 Ἐπειδὴ
3021 4676 3130 4746 γὰρ
3157 4673 3351 4744 ἄδηλον
3379 4665 3449 4739 ἦν
3468 4670 3584 4754 τοῖς

1998 4770 2259 4825 ἀκούουσι
2289 4753 2424 4832 τέως
2455 4769 2518 4822 τὸ
2561 4768 2713 4838 ῥῆμα
2761 4765 2860 4837 τῆς
2914 4762 3215 4834 βασιλείας.
3271 4758 3361 4813 διὰ
3417 4753 3583 4809 τοῦτο

1998 4857 2237 4914 ἀνελθὼν
2268 4860 2325 4911 ὲν
2340 4856 2419 4928 τῷ
2436 4857 2555 4929 δρει
2582 4850 2980 4926 μετεμορφώθη
3006 4846 3316 4921 ἔμπροσθεν
3342 4843 3452 4898 τῶν
3477 4859 3584 4929 ματ

1999 4945 2177 5018 θητῶν
2202 4927 2752 5015 αὐτοῦ,παρανοίγων
2768 4939 2952 5002 αὐτοῖς
2973 4935 3084 4990 τῶν
3105 4933 3404 5007 μελλόντων
3428 4927 3584 5001 [545]

1998 5034 2100 5104 τὴν
2123 5030 2302 5097 δόξαν,
2337 5031 2434 5084 καὶ
2462 5029 2541 5093 ὡς
2587 5029 2645 5080 ἐν
2691 5027 2978 5097 αἰνίγματι
3017 5024 3114 5079 καὶ
3154 5020 3415 5094 ἀμυδρῶς
3461 5019 3585 5070 ἑπι-

1998 5103 2215 5184 δεικνὺς
2245 5113 2356 5173 οἷον
2372 5117 2524 5171 ἔσται
2550 5115 2613 5169 τὸ
2646 5115 2807 5187 σῶμα
2837 5114 2898 5168 τὸ
2926 5112 3216 5185 ἡμέτερον.
3270 5106 3431 5161 Ἀλλά
3459 5103 3586 5158 τότε

2004 5209 2104 5281 μὲν
2127 5205 2266 5279 μετά
2295 5204 2525 5276 ἱματίων
2553 5203 2749 5274 ιφάνη,
2775 5203 2834 5255 ἐν
2865 5202 2923 5255 δὲ
2952 5203 3020 5272 τῇ
3052 5197 3342 5253 ἀναστάσει
3371 5193 3469 5262 οὐκ

1999 5278 2128 5360 τως.
2155 5295 2230 5351 Οὐ
2282 5293 2392 5366 γὰρ
2440 5293 2614 5347 δεῖται
2668 5292 2729 5346 τὺ
2762 5291 2927 5362 σῶμα
2977 5286 3133 5359 ἡμῶν
3179 5282 3427 5357 ἱματίων,
3459 5278 3584 5333 οὐδὲ

2003 5387 2224 5455 στέγης,
2259 5384 2379 5439 οὐδὲ
2408 5382 2631 5455 ὀρόφου,
2679 5381 2798 5435 οὐδὲ
2827 5380 2987 5434 ἄλλου
3016 5376 3125 5429 τῶν
3150 5370 3408 5427 τοιούτων
3434 5369 3585 5423 οὐδε-

2001 5474 2110 5538 νός.
2142 5474 2206 5527 Εἰ
2238 5472 2347 5544 γὰρ
2377 5474 2405 5526 ὁ
2447 5471 2619 5541 ’Δδάμ
2640 5468 2746 5540 πρὸ
2772 5468 2872 5533 τῆς
2900 5464 3265 5535 παραϐάσεως
3287 5460 3492 5532 γυμνὸς
3508 5458 3586 5513 ῶν

2001 5564 2102 5617 οὐκ
2132 5562 2414 5633 ᾐσχύνετο,
2445 5559 2573 5633 δόξῃ
2627 5554 3019 5628 ἠμφιεσμένος.
3072 5550 3254 5622 πολλῷ
3289 5549 3487 5622 μᾶλλον
3517 5549 3587 5602 τά

2006 5648 2234 5721 σώματα
2261 5648 2331 5700 τά
2359 5645 2624 5717 ἡμέτερα,
2651 5646 2752 5697 ὅσα
2780 5641 2871 5694 ἐπὶ
2904 5640 3125 5712 μείζονα
3153 5638 3245 5691 καὶ
3268 5636 3477 5708 ἀμείνω
3491 5633 3586 5705 λῆ-

2007 5738 2087 5803 ξιν
2144 5736 2432 5806 βαδιεῖται,
2467 5732 2684 5795 οὐδενὸς
2735 5729 2943 5783 τούτων
2993 5726 3339 5798 δεηθήσεται.
3386 5723 3485 5777 Διά
3516 5721 3580 5793 δὴ

2003 5823 2165 5877 τοῦτο
2193 5821 2289 5876 καὶ
2315 5820 2479 5883 αὐτὸς
2507 5819 2885 5888 ἀνιστάμενος,
2920 5815 2987 5870 τά
3014 5814 3203 5885 ἱμάτια
3249 5813 3343 5867 ἐπὶ
3365 5809 3459 5864 τού
3484 5809 3581 5863 τά·

2010 5929 2110 5983 φοιυ
2134 5911 2227 5966 καὶ
2264 5909 2366 5981 τῆς
2393 5908 2550 5983 σοροῦ
2576 5907 2789 5965 κεῖσθαι
2816 5907 2987 5975 εἴασε,
3028 5903 3232 5977 γυμνὸν
3274 5901 3586 5970 ἀναστήσας
