  <div class='ocr_page' id='page_1' title='image "/cluster/home/n/w/nwhite01/storage/ocr_20150623/51:no.3:pt.1/coo.31924054869502/356.png"; bbox 0 0 4062 6464; ppageno 0'>
   <div class='ocr_carea' id='block_1_1' title="bbox 374 460 3645 540">
    <p class='ocr_par' dir='ltr' id='par_1_1' title="bbox 374 460 3645 540">
     <span class='ocr_line' id='line_1_1' title="bbox 374 460 3645 540; baseline 0.005 -19"><span class='ocrx_word' id='word_1_1' title='bbox 374 462 481 521; x_wconf 73' lang='lat'><strong>353</strong></span> <span class='ocrx_word' id='word_1_2' title='bbox 1339 465 1655 523; x_wconf 84' lang='lat' dir='ltr'><strong>PECCATA</strong></span> <span class='ocrx_word' id='word_1_3' title='bbox 1697 465 2027 528; x_wconf 69' lang='lat' dir='ltr'><strong>FRATREM</strong></span> <span class='ocrx_word' id='word_1_4' title='bbox 2067 467 2203 528; x_wconf 88' lang='lat' dir='ltr'><strong>NON</strong></span> <span class='ocrx_word' id='word_1_5' title='bbox 2241 470 2680 530; x_wconf 69' lang='lat' dir='ltr'><strong>EVULG‘ANDA.</strong></span> <span class='ocrx_word' id='word_1_6' title='bbox 3184 460 3191 467; x_wconf 84' lang='grc'><em>’</em></span> <span class='ocrx_word' id='word_1_7' title='bbox 3544 483 3645 540; x_wconf 68' lang='lat'><strong>354</strong></span> 
     </span>
    </p>
   </div>
   <div class='ocr_carea' id='block_1_2' title="bbox 375 577 3653 666">
    <p class='ocr_par' dir='ltr' id='par_1_2' title="bbox 375 577 3653 666">
     <span class='ocr_line' id='line_1_2' title="bbox 375 577 3653 666; baseline 0.002 -21"><span class='ocrx_word' id='word_1_8' title='bbox 375 590 564 645; x_wconf 88' lang='lat' dir='ltr'><strong>horum</strong></span> <span class='ocrx_word' id='word_1_9' title='bbox 610 579 941 654; x_wconf 82' lang='lat' dir='ltr'><strong>indigebunt.</strong></span> <span class='ocrx_word' id='word_1_10' title='bbox 987 577 1097 635; x_wconf 83' lang='lat' dir='ltr'><strong>[lac</strong></span> <span class='ocrx_word' id='word_1_11' title='bbox 1143 578 1394 633; x_wconf 80' lang='lat' dir='ltr'><strong>nimirum</strong></span> <span class='ocrx_word' id='word_1_12' title='bbox 1437 579 1504 634; x_wconf 91' lang='lat' dir='ltr'><strong>de</strong></span> <span class='ocrx_word' id='word_1_13' title='bbox 1552 594 1707 635; x_wconf 70' lang='lat' dir='ltr'><strong>caus:</strong></span> <span class='ocrx_word' id='word_1_14' title='bbox 1736 595 1858 636; x_wconf 89' lang='lat' dir='ltr'><strong>cum</strong></span> <span class='ocrx_word' id='word_1_15' title='bbox 1904 589 1960 637; x_wconf 91' lang='lat' dir='ltr'><strong>ct</strong></span> <span class='ocrx_word' id='word_1_16' title='bbox 2068 584 2121 638; x_wconf 90' lang='lat' dir='ltr'><strong>in</strong></span> <span class='ocrx_word' id='word_1_17' title='bbox 2152 583 2380 641; x_wconf 87' lang='lat' dir='ltr'><strong>nubibus</strong></span> <span class='ocrx_word' id='word_1_18' title='bbox 2411 586 2570 656; x_wconf 83' lang='lat' dir='ltr'><strong>rapti,</strong></span> <span class='ocrx_word' id='word_1_19' title='bbox 2597 600 2810 656; x_wconf 85' lang='lat' dir='ltr'><strong>semper</strong></span> <span class='ocrx_word' id='word_1_20' title='bbox 2831 600 2952 642; x_wconf 90' lang='lat' dir='ltr'><strong>cum</strong></span> <span class='ocrx_word' id='word_1_21' title='bbox 2986 587 3075 643; x_wconf 80' lang='lat' dir='ltr'><strong>illo</strong></span> <span class='ocrx_word' id='word_1_22' title='bbox 3107 605 3399 660; x_wconf 80' lang='lat' dir='ltr'><strong>versemur,</strong></span> <span class='ocrx_word' id='word_1_23' title='bbox 3432 594 3653 666; x_wconf 88' lang='lat' dir='ltr'><strong>ejusque</strong></span> 
     </span>
    </p>
   </div>
   <div class='ocr_carea' id='block_1_3' title="bbox 387 669 1991 754">
    <p class='ocr_par' dir='ltr' id='par_1_3' title="bbox 387 669 1965 748">
     <span class='ocr_line' id='line_1_3' title="bbox 387 669 1965 748; baseline -0.004 -14"><span class='ocrx_word' id='word_1_24' title='bbox 387 681 500 748; x_wconf 88' lang='lat' dir='ltr'><strong>ipso</strong></span> <span class='ocrx_word' id='word_1_25' title='bbox 536 680 861 744; x_wconf 65' lang='lat' dir='ltr'><strong>resurgeret,</strong></span> <span class='ocrx_word' id='word_1_26' title='bbox 892 679 1069 728; x_wconf 83' lang='lat' dir='ltr'><strong>vestes</strong></span> <span class='ocrx_word' id='word_1_27' title='bbox 1097 669 1151 724; x_wconf 90' lang='lat' dir='ltr'><strong>in</strong></span> <span class='ocrx_word' id='word_1_28' title='bbox 1178 670 1422 740; x_wconf 88' lang='lat' dir='ltr'><strong>sepulcro</strong></span> <span class='ocrx_word' id='word_1_29' title='bbox 1450 679 1503 725; x_wconf 91' lang='lat' dir='ltr'><strong>et</strong></span> <span class='ocrx_word' id='word_1_30' title='bbox 1530 671 1707 729; x_wconf 86' lang='lat' dir='ltr'><strong>loculo</strong></span> <span class='ocrx_word' id='word_1_31' title='bbox 1744 687 1965 728; x_wconf 84' lang='lat' dir='ltr'><strong>manere</strong></span> 
     </span>
    </p>
   </div>
   <div class='ocr_carea' id='block_1_4' title="bbox 2051 669 3655 754">
    <p class='ocr_par' dir='ltr' id='par_1_4' title="bbox 2065 676 3655 754">
     <span class='ocr_line' id='line_1_4' title="bbox 2065 676 3655 754; baseline 0.006 -25"><span class='ocrx_word' id='word_1_32' title='bbox 2065 676 2231 745; x_wconf 83' lang='lat' dir='ltr'><strong>gratia</strong></span> <span class='ocrx_word' id='word_1_33' title='bbox 2261 677 2392 731; x_wconf 83' lang='lat' dir='ltr'><strong>salvi</strong></span> <span class='ocrx_word' id='word_1_34' title='bbox 2423 676 2580 743; x_wconf 80' lang='lat' dir='ltr'><strong>lacti,</strong></span> <span class='ocrx_word' id='word_1_35' title='bbox 2617 676 2807 733; x_wconf 81' lang='lat' dir='ltr'><strong>futuris</strong></span> <span class='ocrx_word' id='word_1_36' title='bbox 2829 678 2985 736; x_wconf 82' lang='lat' dir='ltr'><strong>bonis</strong></span> <span class='ocrx_word' id='word_1_37' title='bbox 3015 680 3385 749; x_wconf 78' lang='lat' dir='ltr'><strong>perfruamur:</strong></span> <span class='ocrx_word' id='word_1_38' title='bbox 3411 701 3528 754; x_wconf 77' lang='lat' dir='ltr'><strong>qua:</strong></span> <span class='ocrx_word' id='word_1_39' title='bbox 3559 703 3655 739; x_wconf 89' lang='lat' dir='ltr'><strong>nu-</strong></span> 
     </span>
    </p>
   </div>
   <div class='ocr_carea' id='block_1_5' title="bbox 376 763 3656 840">
    <p class='ocr_par' dir='ltr' id='par_1_5' title="bbox 376 763 3656 840">
     <span class='ocr_line' id='line_1_5' title="bbox 376 763 3656 840; baseline 0.001 -15"><span class='ocrx_word' id='word_1_40' title='bbox 376 768 639 838; x_wconf 83' lang='lat' dir='ltr'><strong>permisit,</strong></span> <span class='ocrx_word' id='word_1_41' title='bbox 667 765 976 834; x_wconf 91' lang='lat' dir='ltr'><strong>nudumque</strong></span> <span class='ocrx_word' id='word_1_42' title='bbox 995 779 1191 833; x_wconf 89' lang='lat' dir='ltr'><strong>corpus</strong></span> <span class='ocrx_word' id='word_1_43' title='bbox 1220 763 1514 831; x_wconf 80' lang='lat' dir='ltr'><strong>suscitavit,</strong></span> <span class='ocrx_word' id='word_1_44' title='bbox 1546 763 1821 820; x_wconf 78' lang='lat' dir='ltr'><strong>immensa:</strong></span> <span class='ocrx_word' id='word_1_45' title='bbox 1844 766 1958 837; x_wconf 81' lang='lat' dir='ltr'><strong>glo-</strong></span> <span class='ocrx_word' id='word_1_46' title='bbox 2067 766 2148 820; x_wconf 91' lang='lat' dir='ltr'><strong>bis</strong></span> <span class='ocrx_word' id='word_1_47' title='bbox 2165 767 2415 822; x_wconf 88' lang='lat' dir='ltr'><strong>omnibus</strong></span> <span class='ocrx_word' id='word_1_48' title='bbox 2444 768 2651 837; x_wconf 81' lang='lat' dir='ltr'><strong>assequi</strong></span> <span class='ocrx_word' id='word_1_49' title='bbox 2676 770 2949 840; x_wconf 83' lang='lat' dir='ltr'><strong>contingat</strong></span> <span class='ocrx_word' id='word_1_50' title='bbox 2973 771 3024 825; x_wconf 91' lang='lat' dir='ltr'><strong>in</strong></span> <span class='ocrx_word' id='word_1_51' title='bbox 3046 771 3261 827; x_wconf 83' lang='lat' dir='ltr'><strong>Christo</strong></span> <span class='ocrx_word' id='word_1_52' title='bbox 3286 773 3411 829; x_wconf 78' lang='lat' dir='ltr'><strong>Jesu</strong></span> <span class='ocrx_word' id='word_1_53' title='bbox 3433 776 3656 831; x_wconf 87' lang='lat' dir='ltr'><strong>Domino</strong></span> 
     </span>
    </p>
   </div>
   <div class='ocr_carea' id='block_1_6' title="bbox 376 853 3655 937">
    <p class='ocr_par' dir='ltr' id='par_1_6' title="bbox 376 853 3655 937">
     <span class='ocr_line' id='line_1_6' title="bbox 376 853 3655 937; baseline 0.001 -21"><span class='ocrx_word' id='word_1_54' title='bbox 376 863 469 916; x_wconf 77' lang='lat' dir='ltr'><strong>rire</strong></span> <span class='ocrx_word' id='word_1_55' title='bbox 497 867 553 915; x_wconf 91' lang='lat' dir='ltr'><strong>et</strong></span> <span class='ocrx_word' id='word_1_56' title='bbox 576 855 918 913; x_wconf 86' lang='lat' dir='ltr'><strong>beatitudinis</strong></span> <span class='ocrx_word' id='word_1_57' title='bbox 941 855 1178 925; x_wconf 89' lang='lat' dir='ltr'><strong>plenum.</strong></span> <span class='ocrx_word' id='word_1_58' title='bbox 1207 853 1331 909; x_wconf 70' lang='grc' dir='ltr'><strong>ΙΙωο</strong></span> <span class='ocrx_word' id='word_1_59' title='bbox 1358 854 1515 923; x_wconf 84' lang='lat' dir='ltr'><strong>igitur</strong></span> <span class='ocrx_word' id='word_1_60' title='bbox 1538 854 1696 910; x_wconf 89' lang='lat' dir='ltr'><strong>nobis</strong></span> <span class='ocrx_word' id='word_1_61' title='bbox 1712 871 1831 910; x_wconf 90' lang='lat' dir='ltr'><strong>cum</strong></span> <span class='ocrx_word' id='word_1_62' title='bbox 1855 873 1959 911; x_wconf 77' lang='lat' dir='ltr'><strong>ex-</strong></span> <span class='ocrx_word' id='word_1_63' title='bbox 2067 864 2271 924; x_wconf 85' lang='lat' dir='ltr'><strong>nostro,</strong></span> <span class='ocrx_word' id='word_1_64' title='bbox 2308 872 2435 912; x_wconf 89' lang='lat' dir='ltr'><strong>cum</strong></span> <span class='ocrx_word' id='word_1_65' title='bbox 2459 872 2573 927; x_wconf 87' lang='lat' dir='ltr'><strong>quo</strong></span> <span class='ocrx_word' id='word_1_66' title='bbox 2595 858 2763 925; x_wconf 86' lang='lat' dir='ltr'><strong>Patri,</strong></span> <span class='ocrx_word' id='word_1_67' title='bbox 2796 875 2902 915; x_wconf 90' lang='lat' dir='ltr'><strong>una</strong></span> <span class='ocrx_word' id='word_1_68' title='bbox 2941 875 3063 916; x_wconf 89' lang='lat' dir='ltr'><strong>eum</strong></span> <span class='ocrx_word' id='word_1_69' title='bbox 3091 862 3291 931; x_wconf 81' lang='lat' dir='ltr'><strong>Spiritu</strong></span> <span class='ocrx_word' id='word_1_70' title='bbox 3326 874 3514 920; x_wconf 87' lang='lat' dir='ltr'><strong>sancto</strong></span> <span class='ocrx_word' id='word_1_71' title='bbox 3539 868 3655 937; x_wconf 73' lang='lat' dir='ltr'><strong>glo-</strong></span> 
     </span>
    </p>
   </div>
   <div class='ocr_carea' id='block_1_7' title="bbox 375 945 3655 1026">
    <p class='ocr_par' dir='ltr' id='par_1_7' title="bbox 375 945 3655 1026">
     <span class='ocr_line' id='line_1_7' title="bbox 375 945 3655 1026; baseline 0.002 -18"><span class='ocrx_word' id='word_1_72' title='bbox 375 954 579 1025; x_wconf 87' lang='lat' dir='ltr'><strong>plorata</strong></span> <span class='ocrx_word' id='word_1_73' title='bbox 608 951 735 1015; x_wconf 86' lang='lat' dir='ltr'><strong>sint,</strong></span> <span class='ocrx_word' id='word_1_74' title='bbox 783 946 1140 1009; x_wconf 91' lang='lat' dir='ltr'><strong>dilectissimi,</strong></span> <span class='ocrx_word' id='word_1_75' title='bbox 1183 955 1234 1000; x_wconf 93' lang='lat' dir='ltr'><strong>ct</strong></span> <span class='ocrx_word' id='word_1_76' title='bbox 1276 945 1455 1001; x_wconf 84' lang='lat' dir='ltr'><strong>verbis</strong></span> <span class='ocrx_word' id='word_1_77' title='bbox 1504 946 1726 1011; x_wconf 89' lang='lat' dir='ltr'><strong>eruditi,</strong></span> <span class='ocrx_word' id='word_1_78' title='bbox 1767 958 1822 1004; x_wconf 89' lang='lat' dir='ltr'><strong>et</strong></span> <span class='ocrx_word' id='word_1_79' title='bbox 1865 962 1962 1017; x_wconf 90' lang='lat' dir='ltr'><strong>per</strong></span> <span class='ocrx_word' id='word_1_80' title='bbox 2065 949 2164 1017; x_wconf 90' lang='lat' dir='ltr'><strong>ria,</strong></span> <span class='ocrx_word' id='word_1_81' title='bbox 2195 948 2496 1019; x_wconf 84' lang='lat' dir='ltr'><strong>imperium,</strong></span> <span class='ocrx_word' id='word_1_82' title='bbox 2523 948 2715 1013; x_wconf 89' lang='lat' dir='ltr'><strong>honor,</strong></span> <span class='ocrx_word' id='word_1_83' title='bbox 2747 950 3010 1019; x_wconf 87' lang='lat' dir='ltr'><strong>adoratio,</strong></span> <span class='ocrx_word' id='word_1_84' title='bbox 3044 968 3185 1010; x_wconf 85' lang='lat' dir='ltr'><strong>uuuc</strong></span> <span class='ocrx_word' id='word_1_85' title='bbox 3211 961 3502 1026; x_wconf 77' lang='lat' dir='ltr'><strong>etsemper</strong></span> <span class='ocrx_word' id='word_1_86' title='bbox 3527 965 3579 1013; x_wconf 86' lang='lat' dir='ltr'><strong>ct</strong></span> <span class='ocrx_word' id='word_1_87' title='bbox 3601 958 3655 1013; x_wconf 91' lang='lat' dir='ltr'><strong>iu</strong></span> 
     </span>
    </p>
   </div>
   <div class='ocr_carea' id='block_1_8' title="bbox 371 1038 2850 1119">
    <p class='ocr_par' dir='ltr' id='par_1_8' title="bbox 371 1038 2850 1119">
     <span class='ocr_line' id='line_1_8' title="bbox 371 1038 2850 1119; baseline -0.003 -17"><span class='ocrx_word' id='word_1_88' title='bbox 371 1045 556 1103; x_wconf 87' lang='lat' dir='ltr'><strong>oculos</strong></span> <span class='ocrx_word' id='word_1_89' title='bbox 576 1041 773 1109; x_wconf 90' lang='lat' dir='ltr'><strong>edocti,</strong></span> <span class='ocrx_word' id='word_1_90' title='bbox 807 1041 967 1097; x_wconf 89' lang='lat' dir='ltr'><strong>talem</strong></span> <span class='ocrx_word' id='word_1_91' title='bbox 997 1039 1457 1119; x_wconf 83' lang='lat' dir='ltr'><strong>conversationem</strong></span> <span class='ocrx_word' id='word_1_92' title='bbox 1492 1038 1698 1095; x_wconf 79' lang='lat' dir='ltr'><strong>exhibe:</strong></span> <span class='ocrx_word' id='word_1_93' title='bbox 1721 1054 1840 1096; x_wconf 89' lang='lat' dir='ltr'><strong>mus</strong></span> <span class='ocrx_word' id='word_1_94' title='bbox 1859 1083 1874 1109; x_wconf 95' lang='lat'><strong>,</strong></span> <span class='ocrx_word' id='word_1_95' title='bbox 1904 1049 1962 1095; x_wconf 91' lang='lat' dir='ltr'><strong>ut</strong></span> <span class='ocrx_word' id='word_1_96' title='bbox 2065 1039 2257 1095; x_wconf 67' lang='lat' dir='ltr'><strong>saecula</strong></span> <span class='ocrx_word' id='word_1_97' title='bbox 2285 1038 2625 1094; x_wconf 62' lang='lat' dir='ltr'><strong>saeculorum.</strong></span> <span class='ocrx_word' id='word_1_98' title='bbox 2658 1040 2850 1095; x_wconf 79' lang='lat' dir='ltr'><strong>Amen.</strong></span> 
     </span>
    </p>
   </div>
   <div class='ocr_carea' id='block_1_9' title="bbox 3388 1389 3604 1410">
    <p class='ocr_par' dir='ltr' id='par_1_9' title="bbox 3388 1389 3583 1398">
     <span class='ocr_line' id='line_1_9' title="bbox 3388 1389 3583 1398; baseline -0.005 0"><span class='ocrx_word' id='word_1_99' title='bbox 3388 1389 3583 1398; x_wconf 50' lang='lat' dir='ltr'><strong>G—v—W’</strong></span> 
     </span>
    </p>
   </div>
   <div class='ocr_carea' id='block_1_10' title="bbox 1194 1753 2806 1831">
    <p class='ocr_par' dir='ltr' id='par_1_10' title="bbox 1194 1753 2806 1831">
     <span class='ocr_line' id='line_1_10' title="bbox 1194 1753 2806 1831; baseline -0.001 -15"><span class='ocrx_word' id='word_1_100' title='bbox 1194 1755 1292 1817; x_wconf 87' lang='lat' dir='ltr'><strong>ET</strong></span> <span class='ocrx_word' id='word_1_101' title='bbox 1332 1756 1412 1819; x_wconf 79' lang='lat' dir='ltr'><strong>IN</strong></span> <span class='ocrx_word' id='word_1_102' title='bbox 1455 1755 1917 1831; x_wconf 83' lang='lat' dir='ltr'><strong>SEQUENTEM</strong></span> <span class='ocrx_word' id='word_1_103' title='bbox 1955 1757 2050 1817; x_wconf 84' lang='lat' dir='ltr'><strong>DE</strong></span> <span class='ocrx_word' id='word_1_104' title='bbox 2092 1756 2245 1818; x_wconf 85' lang='lat' dir='ltr'><strong>NON</strong></span> <span class='ocrx_word' id='word_1_105' title='bbox 2288 1753 2806 1816; x_wconf 74' lang='lat' dir='ltr'><strong>DESPERANDO.</strong></span> 
     </span>
    </p>
   </div>
   <div class='ocr_carea' id='block_1_11' title="bbox 373 2001 3628 2080">
    <p class='ocr_par' dir='ltr' id='par_1_11' title="bbox 373 2001 3628 2080">
     <span class='ocr_line' id='line_1_11' title="bbox 373 2001 3628 2080; baseline -0 -20"><span class='ocrx_word' id='word_1_106' title='bbox 373 2007 555 2080; x_wconf 75' lang='lat' dir='ltr'><strong>priore</strong></span> <span class='ocrx_word' id='word_1_107' title='bbox 581 2006 648 2062; x_wconf 93' lang='lat' dir='ltr'><strong>de</strong></span> <span class='ocrx_word' id='word_1_108' title='bbox 668 2004 1090 2075; x_wconf 77' lang='lat' dir='ltr'><strong>compunctione</strong></span> <span class='ocrx_word' id='word_1_109' title='bbox 1108 2003 1279 2059; x_wconf 77' lang='lat' dir='ltr'><strong>verba</strong></span> <span class='ocrx_word' id='word_1_110' title='bbox 1307 2001 1541 2060; x_wconf 77' lang='lat' dir='ltr'><strong>fecisse!</strong></span> <span class='ocrx_word' id='word_1_111' title='bbox 1577 2005 1648 2061; x_wconf 85' lang='lat' dir='ltr'><strong>At</strong></span> <span class='ocrx_word' id='word_1_112' title='bbox 1685 2019 1795 2058; x_wconf 90' lang='lat' dir='ltr'><strong>non</strong></span> <span class='ocrx_word' id='word_1_113' title='bbox 1832 2002 1966 2058; x_wconf 86' lang='lat' dir='ltr'><strong>dicit</strong></span> <span class='ocrx_word' id='word_1_114' title='bbox 1999 2004 2089 2059; x_wconf 92' lang='lat' dir='ltr'><strong>ille</strong></span> <span class='ocrx_word' id='word_1_115' title='bbox 2118 2018 2179 2059; x_wconf 89' lang='lat' dir='ltr'><strong>sc</strong></span> <span class='ocrx_word' id='word_1_116' title='bbox 2203 2002 2257 2057; x_wconf 87' lang='lat' dir='ltr'><strong>in</strong></span> <span class='ocrx_word' id='word_1_117' title='bbox 2291 2003 2479 2075; x_wconf 82' lang='lat' dir='ltr'><strong>priore</strong></span> <span class='ocrx_word' id='word_1_118' title='bbox 2504 2006 2981 2078; x_wconf 89' lang='lat' dir='ltr'><strong>compunctionem</strong></span> <span class='ocrx_word' id='word_1_119' title='bbox 3022 2004 3341 2060; x_wconf 82' lang='lat' dir='ltr'><strong>nominatim</strong></span> <span class='ocrx_word' id='word_1_120' title='bbox 3381 2018 3628 2060; x_wconf 85' lang='lat' dir='ltr'><strong>comme-</strong></span> 
     </span>
    </p>
   </div>
   <div class='ocr_carea' id='block_1_12' title="bbox 377 2136 3623 2213">
    <p class='ocr_par' dir='ltr' id='par_1_12' title="bbox 377 2136 3623 2213">
     <span class='ocr_line' id='line_1_12' title="bbox 377 2136 3623 2213; baseline 0.002 -20"><span class='ocrx_word' id='word_1_121' title='bbox 377 2154 653 2205; x_wconf 82' lang='lat' dir='ltr'><strong>morasse;</strong></span> <span class='ocrx_word' id='word_1_122' title='bbox 685 2138 778 2195; x_wconf 88' lang='lat' dir='ltr'><strong>sed</strong></span> <span class='ocrx_word' id='word_1_123' title='bbox 808 2138 934 2193; x_wconf 85' lang='lat' dir='ltr'><strong>talia</strong></span> <span class='ocrx_word' id='word_1_124' title='bbox 959 2136 1105 2192; x_wconf 85' lang='lat' dir='ltr'><strong>fatur</strong></span> <span class='ocrx_word' id='word_1_125' title='bbox 1134 2155 1148 2193; x_wconf 89' lang='lat'><strong>:</strong></span> <span class='ocrx_word' id='word_1_126' title='bbox 1177 2136 1608 2207; x_wconf 86' lang='lat' dir='ltr'><strong>Compunctionis</strong></span> <span class='ocrx_word' id='word_1_127' title='bbox 1649 2152 1941 2193; x_wconf 75' lang='lat' dir='ltr'><strong>sermonem</strong></span> <span class='ocrx_word' id='word_1_128' title='bbox 1980 2152 2304 2206; x_wconf 79' lang='lat' dir='ltr'><strong>sparserant,</strong></span> <span class='ocrx_word' id='word_1_129' title='bbox 2351 2147 2402 2193; x_wconf 83' lang='lat' dir='ltr'><strong>et</strong></span> <span class='ocrx_word' id='word_1_130' title='bbox 2439 2140 2782 2210; x_wconf 77' lang='lat' dir='ltr'><strong>confessionis</strong></span> <span class='ocrx_word' id='word_1_131' title='bbox 2823 2143 3047 2213; x_wconf 73' lang='lat' dir='ltr'><strong>gemitus</strong></span> <span class='ocrx_word' id='word_1_132' title='bbox 3088 2144 3419 2213; x_wconf 64' lang='lat' dir='ltr'><strong>germinavit»;</strong></span> <span class='ocrx_word' id='word_1_133' title='bbox 3482 2144 3623 2210; x_wconf 80' lang='lat' dir='ltr'><strong>Quid</strong></span> 
     </span>
    </p>
   </div>
   <div class='ocr_carea' id='block_1_13' title="bbox 372 2279 3615 2353">
    <p class='ocr_par' dir='ltr' id='par_1_13' title="bbox 372 2279 3615 2353">
     <span class='ocr_line' id='line_1_13' title="bbox 372 2279 3615 2353; baseline 0 -17"><span class='ocrx_word' id='word_1_134' title='bbox 372 2298 539 2350; x_wconf 71' lang='lat' dir='ltr'><strong>porro</strong></span> <span class='ocrx_word' id='word_1_135' title='bbox 565 2282 712 2339; x_wconf 86' lang='lat' dir='ltr'><strong>aliud</strong></span> <span class='ocrx_word' id='word_1_136' title='bbox 743 2291 872 2338; x_wconf 86' lang='lat' dir='ltr'><strong>sunt</strong></span> <span class='ocrx_word' id='word_1_137' title='bbox 900 2284 1038 2348; x_wconf 66' lang='lat' dir='ltr'><strong>haec,</strong></span> <span class='ocrx_word' id='word_1_138' title='bbox 1063 2279 1286 2337; x_wconf 85' lang='lat' dir='ltr'><strong>Contere</strong></span> <span class='ocrx_word' id='word_1_139' title='bbox 1317 2282 1551 2336; x_wconf 81' lang='lat' dir='ltr'><strong>animum</strong></span> <span class='ocrx_word' id='word_1_140' title='bbox 1580 2288 1754 2348; x_wconf 88' lang='lat' dir='ltr'><strong>tuum,</strong></span> <span class='ocrx_word' id='word_1_141' title='bbox 1785 2288 2008 2334; x_wconf 85' lang='lat' dir='ltr'><strong>mentem</strong></span> <span class='ocrx_word' id='word_1_142' title='bbox 2040 2280 2266 2334; x_wconf 80' lang='lat' dir='ltr'><strong>humilia</strong></span> <span class='ocrx_word' id='word_1_143' title='bbox 2301 2287 2511 2334; x_wconf 87' lang='lat' dir='ltr'><strong>tuorum</strong></span> <span class='ocrx_word' id='word_1_144' title='bbox 2546 2281 2907 2337; x_wconf 82' lang='lat' dir='ltr'><strong>recordatione</strong></span> <span class='ocrx_word' id='word_1_145' title='bbox 2938 2282 3278 2349; x_wconf 74' lang='lat' dir='ltr'><strong>deﬂetorum,</strong></span> <span class='ocrx_word' id='word_1_146' title='bbox 3315 2292 3481 2353; x_wconf 83' lang='lat' dir='ltr'><strong>atque</strong></span> <span class='ocrx_word' id='word_1_147' title='bbox 3506 2282 3615 2337; x_wconf 88' lang='lat' dir='ltr'><strong>alia</strong></span> 
     </span>
    </p>
   </div>
   <div class='ocr_carea' id='block_1_14' title="bbox 372 2419 3626 2503">
    <p class='ocr_par' dir='ltr' id='par_1_14' title="bbox 372 2419 3626 2503">
     <span class='ocr_line' id='line_1_14' title="bbox 372 2419 3626 2503; baseline 0.002 -31"><span class='ocrx_word' id='word_1_148' title='bbox 372 2420 544 2476; x_wconf 85' lang='lat' dir='ltr'><strong>multa</strong></span> <span class='ocrx_word' id='word_1_149' title='bbox 573 2420 700 2476; x_wconf 91' lang='lat' dir='ltr'><strong>hinc</strong></span> <span class='ocrx_word' id='word_1_150' title='bbox 727 2430 782 2478; x_wconf 90' lang='lat' dir='ltr'><strong>et</strong></span> <span class='ocrx_word' id='word_1_151' title='bbox 806 2422 933 2478; x_wconf 89' lang='lat' dir='ltr'><strong>inde</strong></span> <span class='ocrx_word' id='word_1_152' title='bbox 958 2437 1168 2493; x_wconf 85' lang='lat' dir='ltr'><strong>sparsa,</strong></span> <span class='ocrx_word' id='word_1_153' title='bbox 1201 2438 1368 2493; x_wconf 89' lang='lat' dir='ltr'><strong>quam</strong></span> <span class='ocrx_word' id='word_1_154' title='bbox 1401 2421 1843 2503; x_wconf 74' lang='lat' dir='ltr'><strong>compunctionis</strong></span> <span class='ocrx_word' id='word_1_155' title='bbox 1871 2437 2051 2478; x_wconf 90' lang='lat' dir='ltr'><strong>sermo</strong></span> <span class='ocrx_word' id='word_1_156' title='bbox 2075 2422 2099 2476; x_wconf 79' lang='lat'><strong>?</strong></span> <span class='ocrx_word' id='word_1_157' title='bbox 2125 2419 2303 2491; x_wconf 63' lang='lat' dir='ltr'><strong>Eque</strong></span> <span class='ocrx_word' id='word_1_158' title='bbox 2335 2419 2494 2478; x_wconf 76' lang='lat' dir='ltr'><strong>facile</strong></span> <span class='ocrx_word' id='word_1_159' title='bbox 2522 2429 2608 2478; x_wconf 87' lang='lat' dir='ltr'><strong>cst</strong></span> <span class='ocrx_word' id='word_1_160' title='bbox 2643 2421 2808 2477; x_wconf 88' lang='lat' dir='ltr'><strong>alium</strong></span> <span class='ocrx_word' id='word_1_161' title='bbox 2839 2422 3083 2494; x_wconf 86' lang='lat' dir='ltr'><strong>ejusdem</strong></span> <span class='ocrx_word' id='word_1_162' title='bbox 3120 2423 3355 2479; x_wconf 85' lang='lat' dir='ltr'><strong>evellere</strong></span> <span class='ocrx_word' id='word_1_163' title='bbox 3391 2439 3626 2495; x_wconf 86' lang='lat' dir='ltr'><strong>scrupu—</strong></span> 
     </span>
    </p>
   </div>
   <div class='ocr_carea' id='block_1_15' title="bbox 373 2524 3618 2635">
    <p class='ocr_par' dir='ltr' id='par_1_15' title="bbox 373 2557 3618 2635">
     <span class='ocr_line' id='line_1_15' title="bbox 373 2557 3618 2635; baseline -0.001 -17"><span class='ocrx_word' id='word_1_164' title='bbox 373 2565 512 2633; x_wconf 91' lang='lat' dir='ltr'><strong>lum,</strong></span> <span class='ocrx_word' id='word_1_165' title='bbox 541 2564 636 2635; x_wconf 88' lang='lat' dir='ltr'><strong>qui</strong></span> <span class='ocrx_word' id='word_1_166' title='bbox 663 2562 976 2635; x_wconf 84' lang='lat' dir='ltr'><strong>hujusmodi</strong></span> <span class='ocrx_word' id='word_1_167' title='bbox 999 2571 1084 2617; x_wconf 90' lang='lat' dir='ltr'><strong>est</strong></span> <span class='ocrx_word' id='word_1_168' title='bbox 1106 2580 1120 2616; x_wconf 87' lang='lat'><strong>:</strong></span> <span class='ocrx_word' id='word_1_169' title='bbox 1146 2561 1202 2615; x_wconf 91' lang='lat' dir='ltr'><strong>ln</strong></span> <span class='ocrx_word' id='word_1_170' title='bbox 1224 2561 1525 2632; x_wconf 85' lang='lat' dir='ltr'><strong>posteriore</strong></span> <span class='ocrx_word' id='word_1_171' title='bbox 1555 2560 1798 2626; x_wconf 90' lang='lat' dir='ltr'><strong>homilia,</strong></span> <span class='ocrx_word' id='word_1_172' title='bbox 1830 2575 1984 2615; x_wconf 93' lang='lat' dir='ltr'><strong>num.</strong></span> <span class='ocrx_word' id='word_1_173' title='bbox 2016 2561 2070 2627; x_wconf 80' lang='grc'><strong>5,</strong></span> <span class='ocrx_word' id='word_1_174' title='bbox 2099 2560 2177 2614; x_wconf 84' lang='lat' dir='ltr'><strong>ait</strong></span> <span class='ocrx_word' id='word_1_175' title='bbox 2201 2559 2622 2631; x_wconf 83' lang='lat' dir='ltr'><strong>Chrysostomus</strong></span> <span class='ocrx_word' id='word_1_176' title='bbox 2648 2576 2663 2614; x_wconf 89' lang='lat'><strong>:</strong></span> <span class='ocrx_word' id='word_1_177' title='bbox 2716 2557 2820 2614; x_wconf 86' lang='lat' dir='ltr'><strong>Sed</strong></span> <span class='ocrx_word' id='word_1_178' title='bbox 2852 2574 3013 2630; x_wconf 87' lang='lat' dir='ltr'><strong>quam</strong></span> <span class='ocrx_word' id='word_1_179' title='bbox 3052 2558 3261 2614; x_wconf 86' lang='lat' dir='ltr'><strong>tandem</strong></span> <span class='ocrx_word' id='word_1_180' title='bbox 3293 2559 3354 2614; x_wconf 92' lang='lat' dir='ltr'><strong>ob</strong></span> <span class='ocrx_word' id='word_1_181' title='bbox 3402 2575 3618 2614; x_wconf 79' lang='lat' dir='ltr'><strong>causam</strong></span> 
     </span>
    </p>
   </div>
   <div class='ocr_carea' id='block_1_16' title="bbox 368 2696 3621 2771">
    <p class='ocr_par' dir='ltr' id='par_1_16' title="bbox 368 2696 3621 2771">
     <span class='ocr_line' id='line_1_16' title="bbox 368 2696 3621 2771; baseline -0.002 -16"><span class='ocrx_word' id='word_1_182' title='bbox 368 2704 712 2771; x_wconf 57' lang='lat' dir='ltr'><strong>publicanum</strong></span> <span class='ocrx_word' id='word_1_183' title='bbox 751 2713 861 2757; x_wconf 88' lang='lat' dir='ltr'><strong>tam</strong></span> <span class='ocrx_word' id='word_1_184' title='bbox 888 2701 990 2755; x_wconf 88' lang='lat' dir='ltr'><strong>cito</strong></span> <span class='ocrx_word' id='word_1_185' title='bbox 1023 2698 1296 2754; x_wconf 76' lang='lat' dir='ltr'><strong>exaudivit</strong></span> <span class='ocrx_word' id='word_1_186' title='bbox 1329 2698 1493 2763; x_wconf 84' lang='lat' dir='ltr'><strong>Deus,</strong></span> <span class='ocrx_word' id='word_1_187' title='bbox 1520 2698 1680 2753; x_wconf 83' lang='lat' dir='ltr'><strong>Isaac</strong></span> <span class='ocrx_word' id='word_1_188' title='bbox 1704 2709 1882 2754; x_wconf 88' lang='lat' dir='ltr'><strong>autem</strong></span> <span class='ocrx_word' id='word_1_189' title='bbox 1914 2699 2099 2770; x_wconf 86' lang='lat' dir='ltr'><strong>viginti</strong></span> <span class='ocrx_word' id='word_1_190' title='bbox 2130 2713 2297 2752; x_wconf 86' lang='lat' dir='ltr'><strong>annos</strong></span> <span class='ocrx_word' id='word_1_191' title='bbox 2322 2713 2477 2751; x_wconf 90' lang='lat' dir='ltr'><strong>orare</strong></span> <span class='ocrx_word' id='word_1_192' title='bbox 2508 2698 2770 2767; x_wconf 79' lang='lat' dir='ltr'><strong>permisit,</strong></span> <span class='ocrx_word' id='word_1_193' title='bbox 2807 2713 2870 2750; x_wconf 88' lang='lat' dir='ltr'><strong>ac</strong></span> <span class='ocrx_word' id='word_1_194' title='bbox 2906 2705 3016 2749; x_wconf 88' lang='lat' dir='ltr'><strong>tum</strong></span> <span class='ocrx_word' id='word_1_195' title='bbox 3045 2697 3255 2751; x_wconf 87' lang='lat' dir='ltr'><strong>demum</strong></span> <span class='ocrx_word' id='word_1_196' title='bbox 3283 2696 3422 2764; x_wconf 71' lang='lat' dir='ltr'><strong>justi</strong></span> <span class='ocrx_word' id='word_1_197' title='bbox 3453 2697 3621 2764; x_wconf 83' lang='lat' dir='ltr'><strong>preci-</strong></span> 
     </span>
    </p>
   </div>
   <div class='ocr_carea' id='block_1_17' title="bbox 365 2832 3613 2908">
    <p class='ocr_par' dir='ltr' id='par_1_17' title="bbox 365 2832 3613 2908">
     <span class='ocr_line' id='line_1_17' title="bbox 365 2832 3613 2908; baseline -0.002 -15"><span class='ocrx_word' id='word_1_198' title='bbox 365 2842 463 2894; x_wconf 83' lang='lat' dir='ltr'><strong>bus</strong></span> <span class='ocrx_word' id='word_1_199' title='bbox 502 2841 685 2895; x_wconf 73' lang='lat' dir='ltr'><strong>annuit</strong></span> <span class='ocrx_word' id='word_1_200' title='bbox 710 2842 735 2898; x_wconf 70' lang='grc' dir='ltr'><em>τ</em></span> <span class='ocrx_word' id='word_1_201' title='bbox 765 2839 899 2895; x_wconf 90' lang='lat' dir='ltr'><strong>Sunt</strong></span> <span class='ocrx_word' id='word_1_202' title='bbox 925 2839 1066 2894; x_wconf 82' lang='lat' dir='ltr'><strong>enim</strong></span> <span class='ocrx_word' id='word_1_203' title='bbox 1097 2839 1241 2895; x_wconf 78' lang='lat' dir='ltr'><strong>vobis</strong></span> <span class='ocrx_word' id='word_1_204' title='bbox 1278 2837 1533 2893; x_wconf 71' lang='lat' dir='ltr'><strong>hesterna:</strong></span> <span class='ocrx_word' id='word_1_205' title='bbox 1553 2837 1808 2893; x_wconf 74' lang='lat' dir='ltr'><strong>doctrina:</strong></span> <span class='ocrx_word' id='word_1_206' title='bbox 1840 2837 2077 2908; x_wconf 73' lang='lat' dir='ltr'><strong>reliquie:</strong></span> <span class='ocrx_word' id='word_1_207' title='bbox 2110 2835 2480 2906; x_wconf 72' lang='lat' dir='ltr'><strong>persolvendaz.</strong></span> <span class='ocrx_word' id='word_1_208' title='bbox 2509 2832 2609 2890; x_wconf 84' lang='lat' dir='ltr'><strong>Hic</strong></span> <span class='ocrx_word' id='word_1_209' title='bbox 2647 2834 2876 2890; x_wconf 90' lang='lat' dir='ltr'><strong>inuuere</strong></span> <span class='ocrx_word' id='word_1_210' title='bbox 2916 2834 3129 2889; x_wconf 84' lang='lat' dir='ltr'><strong>videtur</strong></span> <span class='ocrx_word' id='word_1_211' title='bbox 3157 2834 3613 2904; x_wconf 75' lang='lat' dir='ltr'><strong>Cbrysostomus,</strong></span> 
     </span>
    </p>
   </div>
   <div class='ocr_carea' id='block_1_18' title="bbox 371 2974 3617 3048">
    <p class='ocr_par' dir='ltr' id='par_1_18' title="bbox 371 2974 3617 3048">
     <span class='ocr_line' id='line_1_18' title="bbox 371 2974 3617 3048; baseline -0.001 -15"><span class='ocrx_word' id='word_1_212' title='bbox 371 2979 553 3048; x_wconf 83' lang='lat' dir='ltr'><strong>inquit</strong></span> <span class='ocrx_word' id='word_1_213' title='bbox 573 2976 979 3042; x_wconf 85' lang='lat' dir='ltr'><strong>Tillemontius,</strong></span> <span class='ocrx_word' id='word_1_214' title='bbox 1004 2992 1062 3032; x_wconf 90' lang='lat' dir='ltr'><strong>se</strong></span> <span class='ocrx_word' id='word_1_215' title='bbox 1084 2976 1137 3030; x_wconf 91' lang='lat' dir='ltr'><strong>in</strong></span> <span class='ocrx_word' id='word_1_216' title='bbox 1171 2976 1340 3046; x_wconf 85' lang='lat' dir='ltr'><strong>priori</strong></span> <span class='ocrx_word' id='word_1_217' title='bbox 1363 2975 1628 3031; x_wconf 90' lang='lat' dir='ltr'><strong>concione</strong></span> <span class='ocrx_word' id='word_1_218' title='bbox 1654 2975 1721 3031; x_wconf 87' lang='lat' dir='ltr'><strong>de</strong></span> <span class='ocrx_word' id='word_1_219' title='bbox 1747 2976 2037 3047; x_wconf 86' lang='lat' dir='ltr'><strong>publicano</strong></span> <span class='ocrx_word' id='word_1_220' title='bbox 2067 2974 2231 3031; x_wconf 89' lang='lat' dir='ltr'><strong>simul</strong></span> <span class='ocrx_word' id='word_1_221' title='bbox 2253 2981 2307 3030; x_wconf 86' lang='lat' dir='ltr'><strong>et.</strong></span> <span class='ocrx_word' id='word_1_222' title='bbox 2340 2974 2407 3029; x_wconf 89' lang='lat' dir='ltr'><strong>de</strong></span> <span class='ocrx_word' id='word_1_223' title='bbox 2429 2975 2617 3031; x_wconf 89' lang='lat' dir='ltr'><strong>lsaaco</strong></span> <span class='ocrx_word' id='word_1_224' title='bbox 2644 2990 2952 3031; x_wconf 85' lang='lat' dir='ltr'><strong>sermonem</strong></span> <span class='ocrx_word' id='word_1_225' title='bbox 2982 2975 3260 3043; x_wconf 89' lang='lat' dir='ltr'><strong>habuisse,</strong></span> <span class='ocrx_word' id='word_1_226' title='bbox 3286 2991 3410 3031; x_wconf 89' lang='lat' dir='ltr'><strong>cum</strong></span> <span class='ocrx_word' id='word_1_227' title='bbox 3438 2984 3617 3031; x_wconf 78' lang='lat' dir='ltr'><strong>tamen</strong></span> 
     </span>
    </p>
   </div>
   <div class='ocr_carea' id='block_1_19' title="bbox 365 3107 3619 3179">
    <p class='ocr_par' dir='ltr' id='par_1_19' title="bbox 365 3107 3619 3179">
     <span class='ocr_line' id='line_1_19' title="bbox 365 3107 3619 3179; baseline -0.002 -12"><span class='ocrx_word' id='word_1_228' title='bbox 365 3112 586 3167; x_wconf 84' lang='lat' dir='ltr'><strong>nonnisi</strong></span> <span class='ocrx_word' id='word_1_229' title='bbox 616 3111 683 3166; x_wconf 89' lang='lat' dir='ltr'><strong>de</strong></span> <span class='ocrx_word' id='word_1_230' title='bbox 716 3111 902 3167; x_wconf 85' lang='lat' dir='ltr'><strong>lsaaco</strong></span> <span class='ocrx_word' id='word_1_231' title='bbox 928 3110 1091 3167; x_wconf 87' lang='lat' dir='ltr'><strong>verba</strong></span> <span class='ocrx_word' id='word_1_232' title='bbox 1118 3109 1303 3174; x_wconf 72' lang='lat' dir='ltr'><strong>faciat,</strong></span> <span class='ocrx_word' id='word_1_233' title='bbox 1336 3108 1514 3179; x_wconf 86' lang='lat' dir='ltr'><strong>deque</strong></span> <span class='ocrx_word' id='word_1_234' title='bbox 1553 3109 1806 3179; x_wconf 88' lang='lat' dir='ltr'><strong>precibus</strong></span> <span class='ocrx_word' id='word_1_235' title='bbox 1844 3109 1914 3164; x_wconf 85' lang='lat' dir='ltr'><strong>ab</strong></span> <span class='ocrx_word' id='word_1_236' title='bbox 1948 3110 2041 3164; x_wconf 91' lang='lat' dir='ltr'><strong>illo</strong></span> <span class='ocrx_word' id='word_1_237' title='bbox 2087 3124 2183 3179; x_wconf 87' lang='lat' dir='ltr'><strong>per</strong></span> <span class='ocrx_word' id='word_1_238' title='bbox 2221 3124 2395 3164; x_wconf 88' lang='lat' dir='ltr'><strong>annos</strong></span> <span class='ocrx_word' id='word_1_239' title='bbox 2434 3108 2625 3179; x_wconf 82' lang='lat' dir='ltr'><strong>viginti</strong></span> <span class='ocrx_word' id='word_1_240' title='bbox 2655 3108 2723 3163; x_wconf 89' lang='lat' dir='ltr'><strong>ad</strong></span> <span class='ocrx_word' id='word_1_241' title='bbox 2756 3108 3154 3178; x_wconf 86' lang='lat' dir='ltr'><strong>impetrandam</strong></span> <span class='ocrx_word' id='word_1_242' title='bbox 3193 3124 3224 3165; x_wconf 92' lang='lat' dir='ltr'><strong>a</strong></span> <span class='ocrx_word' id='word_1_243' title='bbox 3271 3108 3379 3165; x_wconf 88' lang='lat' dir='ltr'><strong>Deo</strong></span> <span class='ocrx_word' id='word_1_244' title='bbox 3411 3107 3619 3179; x_wconf 92' lang='lat' dir='ltr'><strong>prolem</strong></span> 
     </span>
    </p>
   </div>
   <div class='ocr_carea' id='block_1_20' title="bbox 362 3245 3621 3319">
    <p class='ocr_par' dir='ltr' id='par_1_20' title="bbox 362 3245 3621 3319">
     <span class='ocr_line' id='line_1_20' title="bbox 362 3245 3621 3319; baseline -0.002 -9"><span class='ocrx_word' id='word_1_245' title='bbox 362 3255 604 3310; x_wconf 81' lang='lat' dir='ltr'><strong>emissis.</strong></span> <span class='ocrx_word' id='word_1_246' title='bbox 642 3252 711 3306; x_wconf 81' lang='lat' dir='ltr'><strong>At</strong></span> <span class='ocrx_word' id='word_1_247' title='bbox 746 3251 878 3306; x_wconf 82' lang='lat' dir='ltr'><strong>nihil</strong></span> <span class='ocrx_word' id='word_1_248' title='bbox 918 3260 1001 3306; x_wconf 89' lang='lat' dir='ltr'><strong>est</strong></span> <span class='ocrx_word' id='word_1_249' title='bbox 1027 3250 1082 3304; x_wconf 89' lang='lat' dir='ltr'><strong>in</strong></span> <span class='ocrx_word' id='word_1_250' title='bbox 1111 3260 1388 3319; x_wconf 88' lang='lat' dir='ltr'><strong>postremo</strong></span> <span class='ocrx_word' id='word_1_251' title='bbox 1417 3248 1594 3303; x_wconf 87' lang='lat' dir='ltr'><strong>allatis</strong></span> <span class='ocrx_word' id='word_1_252' title='bbox 1625 3247 1828 3313; x_wconf 82' lang='lat' dir='ltr'><strong>verbis,</strong></span> <span class='ocrx_word' id='word_1_253' title='bbox 1857 3245 1909 3300; x_wconf 92' lang='lat' dir='ltr'><strong>ni</strong></span> <span class='ocrx_word' id='word_1_254' title='bbox 1937 3246 2114 3311; x_wconf 82' lang='lat' dir='ltr'><strong>fallor,</strong></span> <span class='ocrx_word' id='word_1_255' title='bbox 2144 3246 2286 3316; x_wconf 89' lang='lat' dir='ltr'><strong>quod</strong></span> <span class='ocrx_word' id='word_1_256' title='bbox 2315 3245 2383 3299; x_wconf 83' lang='lat' dir='ltr'><strong>de</strong></span> <span class='ocrx_word' id='word_1_257' title='bbox 2416 3245 2706 3315; x_wconf 85' lang='lat' dir='ltr'><strong>publicano</strong></span> <span class='ocrx_word' id='word_1_258' title='bbox 2737 3246 2975 3301; x_wconf 89' lang='lat' dir='ltr'><strong>habitam</strong></span> <span class='ocrx_word' id='word_1_259' title='bbox 3027 3248 3080 3301; x_wconf 91' lang='lat' dir='ltr'><strong>in</strong></span> <span class='ocrx_word' id='word_1_260' title='bbox 3128 3248 3296 3318; x_wconf 91' lang='lat' dir='ltr'><strong>priori</strong></span> <span class='ocrx_word' id='word_1_261' title='bbox 3356 3253 3621 3307; x_wconf 89' lang='lat' dir='ltr'><strong>concione</strong></span> 
     </span>
    </p>
   </div>
   <div class='ocr_carea' id='block_1_21' title="bbox 364 3383 3619 3458">
    <p class='ocr_par' dir='ltr' id='par_1_21' title="bbox 364 3383 3619 3458">
     <span class='ocr_line' id='line_1_21' title="bbox 364 3383 3619 3458; baseline -0.002 -10"><span class='ocrx_word' id='word_1_262' title='bbox 364 3396 697 3449; x_wconf 84' lang='lat' dir='ltr'><strong>mentionem</strong></span> <span class='ocrx_word' id='word_1_263' title='bbox 724 3392 894 3448; x_wconf 77' lang='lat' dir='ltr'><strong>fuisse</strong></span> <span class='ocrx_word' id='word_1_264' title='bbox 918 3391 1164 3447; x_wconf 83' lang='lat' dir='ltr'><strong>suadeat.</strong></span> <span class='ocrx_word' id='word_1_265' title='bbox 1201 3388 1327 3444; x_wconf 71' lang='lat' dir='ltr'><strong>Haec</strong></span> <span class='ocrx_word' id='word_1_266' title='bbox 1349 3388 1553 3458; x_wconf 85' lang='lat' dir='ltr'><strong>quippe</strong></span> <span class='ocrx_word' id='word_1_267' title='bbox 1583 3388 1772 3454; x_wconf 81' lang='lat' dir='ltr'><strong>verba,</strong></span> <span class='ocrx_word' id='word_1_268' title='bbox 1802 3385 1939 3441; x_wconf 84' lang='lat' dir='ltr'><strong>Sunt</strong></span> <span class='ocrx_word' id='word_1_269' title='bbox 1971 3385 2110 3438; x_wconf 77' lang='lat' dir='ltr'><strong>enim</strong></span> <span class='ocrx_word' id='word_1_270' title='bbox 2138 3384 2281 3439; x_wconf 76' lang='lat' dir='ltr'><strong>vobis</strong></span> <span class='ocrx_word' id='word_1_271' title='bbox 2311 3383 2568 3438; x_wconf 66' lang='lat' dir='ltr'><strong>hesterna:</strong></span> <span class='ocrx_word' id='word_1_272' title='bbox 2599 3384 2858 3438; x_wconf 73' lang='lat' dir='ltr'><strong>doctrina:</strong></span> <span class='ocrx_word' id='word_1_273' title='bbox 2892 3384 3129 3454; x_wconf 75' lang='lat' dir='ltr'><strong>reliquia:</strong></span> <span class='ocrx_word' id='word_1_274' title='bbox 3156 3386 3528 3455; x_wconf 79' lang='lat' dir='ltr'><strong>persolvendw,</strong></span> <span class='ocrx_word' id='word_1_275' title='bbox 3551 3389 3619 3445; x_wconf 87' lang='lat' dir='ltr'><strong>ad</strong></span> 
     </span>
    </p>
   </div>
   <div class='ocr_carea' id='block_1_22' title="bbox 360 3521 3621 3604">
    <p class='ocr_par' dir='ltr' id='par_1_22' title="bbox 360 3521 3621 3604">
     <span class='ocr_line' id='line_1_22' title="bbox 360 3521 3621 3604; baseline -0.001 -15"><span class='ocrx_word' id='word_1_276' title='bbox 360 3552 426 3589; x_wconf 80' lang='lat' dir='ltr'><strong>ca</strong></span> <span class='ocrx_word' id='word_1_277' title='bbox 455 3549 575 3604; x_wconf 72' lang='lat' dir='ltr'><strong>qua:</strong></span> <span class='ocrx_word' id='word_1_278' title='bbox 604 3533 672 3587; x_wconf 85' lang='lat' dir='ltr'><strong>ad</strong></span> <span class='ocrx_word' id='word_1_279' title='bbox 706 3532 951 3587; x_wconf 89' lang='lat' dir='ltr'><strong>lsaacum</strong></span> <span class='ocrx_word' id='word_1_280' title='bbox 991 3536 1259 3600; x_wconf 85' lang='lat' dir='ltr'><strong>spectant,</strong></span> <span class='ocrx_word' id='word_1_281' title='bbox 1287 3541 1518 3597; x_wconf 76' lang='lat' dir='ltr'><strong>quaeque</strong></span> <span class='ocrx_word' id='word_1_282' title='bbox 1544 3526 1656 3580; x_wconf 72' lang='lat' dir='ltr'><strong>lucc</strong></span> <span class='ocrx_word' id='word_1_283' title='bbox 1682 3532 1958 3597; x_wconf 91' lang='lat' dir='ltr'><strong>postrema</strong></span> <span class='ocrx_word' id='word_1_284' title='bbox 1986 3523 2316 3594; x_wconf 63' lang='lat' dir='ltr'><strong>praecedunt,</strong></span> <span class='ocrx_word' id='word_1_285' title='bbox 2352 3536 2462 3577; x_wconf 88' lang='lat' dir='ltr'><strong>non</strong></span> <span class='ocrx_word' id='word_1_286' title='bbox 2497 3534 2625 3577; x_wconf 82' lang='lat' dir='ltr'><strong>vero</strong></span> <span class='ocrx_word' id='word_1_287' title='bbox 2653 3521 2725 3577; x_wconf 86' lang='lat' dir='ltr'><strong>ad</strong></span> <span class='ocrx_word' id='word_1_288' title='bbox 2776 3522 2869 3579; x_wconf 81' lang='lat' dir='ltr'><strong>Illa</strong></span> <span class='ocrx_word' id='word_1_289' title='bbox 2907 3523 3060 3595; x_wconf 86' lang='lat' dir='ltr'><strong>prius</strong></span> <span class='ocrx_word' id='word_1_290' title='bbox 3106 3526 3292 3598; x_wconf 79' lang='lat' dir='ltr'><strong>posita</strong></span> <span class='ocrx_word' id='word_1_291' title='bbox 3339 3528 3407 3584; x_wconf 81' lang='lat' dir='ltr'><strong>de</strong></span> <span class='ocrx_word' id='word_1_292' title='bbox 3437 3529 3621 3599; x_wconf 91' lang='lat' dir='ltr'><strong>publi-</strong></span> 
     </span>
    </p>
   </div>
   <div class='ocr_carea' id='block_1_23' title="bbox 356 3659 3603 3741">
    <p class='ocr_par' dir='ltr' id='par_1_23' title="bbox 356 3659 3603 3741">
     <span class='ocr_line' id='line_1_23' title="bbox 356 3659 3603 3741; baseline -0.003 -11"><span class='ocrx_word' id='word_1_293' title='bbox 356 3689 522 3741; x_wconf 78' lang='lat' dir='ltr'><strong>cano,</strong></span> <span class='ocrx_word' id='word_1_294' title='bbox 559 3682 686 3729; x_wconf 87' lang='lat' dir='ltr'><strong>sunt.</strong></span> <span class='ocrx_word' id='word_1_295' title='bbox 709 3668 1013 3728; x_wconf 82' lang='lat' dir='ltr'><strong>referenda.</strong></span> <span class='ocrx_word' id='word_1_296' title='bbox 1044 3664 1110 3721; x_wconf 85' lang='lat' dir='ltr'><strong>lli</strong></span> <span class='ocrx_word' id='word_1_297' title='bbox 1141 3681 1272 3737; x_wconf 77' lang='lat' dir='ltr'><strong>ergo</strong></span> <span class='ocrx_word' id='word_1_298' title='bbox 1298 3664 1538 3736; x_wconf 87' lang='lat' dir='ltr'><strong>scrupuli</strong></span> <span class='ocrx_word' id='word_1_299' title='bbox 1573 3663 1709 3718; x_wconf 89' lang='lat' dir='ltr'><strong>nulli</strong></span> <span class='ocrx_word' id='word_1_300' title='bbox 1742 3670 1892 3727; x_wconf 89' lang='lat' dir='ltr'><strong>sunt,</strong></span> <span class='ocrx_word' id='word_1_301' title='bbox 1933 3675 2107 3731; x_wconf 89' lang='lat' dir='ltr'><strong>neque</strong></span> <span class='ocrx_word' id='word_1_302' title='bbox 2137 3660 2304 3714; x_wconf 89' lang='lat' dir='ltr'><strong>etiam</strong></span> <span class='ocrx_word' id='word_1_303' title='bbox 2338 3659 2473 3714; x_wconf 89' lang='lat' dir='ltr'><strong>tanti</strong></span> <span class='ocrx_word' id='word_1_304' title='bbox 2505 3673 2629 3718; x_wconf 87' lang='lat' dir='ltr'><strong>esse</strong></span> <span class='ocrx_word' id='word_1_305' title='bbox 2661 3675 2695 3716; x_wconf 87' lang='lat' dir='ltr'><strong>a</strong></span> <span class='ocrx_word' id='word_1_306' title='bbox 2723 3659 3070 3719; x_wconf 81' lang='lat' dir='ltr'><strong>Tillemontio</strong></span> <span class='ocrx_word' id='word_1_307' title='bbox 3103 3662 3507 3734; x_wconf 80' lang='lat' dir='ltr'><strong>existimantur,</strong></span> <span class='ocrx_word' id='word_1_308' title='bbox 3543 3678 3603 3722; x_wconf 92' lang='lat' dir='ltr'><strong>ut</strong></span> 
     </span>
    </p>
   </div>
   <div class='ocr_carea' id='block_1_24' title="bbox 363 3799 3613 3876">
    <p class='ocr_par' dir='ltr' id='par_1_24' title="bbox 363 3799 3613 3876">
     <span class='ocr_line' id='line_1_24' title="bbox 363 3799 3613 3876; baseline -0.005 -5"><span class='ocrx_word' id='word_1_309' title='bbox 363 3817 519 3875; x_wconf 87' lang='lat' dir='ltr'><strong>illum</strong></span> <span class='ocrx_word' id='word_1_310' title='bbox 546 3831 577 3870; x_wconf 89' lang='lat' dir='ltr'><strong>a</strong></span> <span class='ocrx_word' id='word_1_311' title='bbox 601 3811 873 3870; x_wconf 76' lang='lat' dir='ltr'><strong>sententia</strong></span> <span class='ocrx_word' id='word_1_312' title='bbox 901 3809 1231 3866; x_wconf 86' lang='lat' dir='ltr'><strong>dimovcant.</strong></span> <span class='ocrx_word' id='word_1_313' title='bbox 1259 3804 1499 3876; x_wconf 87' lang='lat' dir='ltr'><strong>Utraque</strong></span> <span class='ocrx_word' id='word_1_314' title='bbox 1533 3803 1699 3875; x_wconf 80' lang='lat' dir='ltr'><strong>igitur</strong></span> <span class='ocrx_word' id='word_1_315' title='bbox 1730 3802 1953 3859; x_wconf 89' lang='lat' dir='ltr'><strong>homilia</strong></span> <span class='ocrx_word' id='word_1_316' title='bbox 1990 3801 2057 3857; x_wconf 89' lang='lat' dir='ltr'><strong>de</strong></span> <span class='ocrx_word' id='word_1_317' title='bbox 2096 3799 2501 3874; x_wconf 85' lang='lat' dir='ltr'><strong>perseverantia</strong></span> <span class='ocrx_word' id='word_1_318' title='bbox 2548 3799 2603 3854; x_wconf 90' lang='lat' dir='ltr'><strong>in</strong></span> <span class='ocrx_word' id='word_1_319' title='bbox 2650 3800 2961 3859; x_wconf 81' lang='lat' dir='ltr'><strong>emittendis</strong></span> <span class='ocrx_word' id='word_1_320' title='bbox 2996 3804 3248 3871; x_wconf 88' lang='lat' dir='ltr'><strong>precibus</strong></span> <span class='ocrx_word' id='word_1_321' title='bbox 3288 3805 3433 3874; x_wconf 79' lang='lat' dir='ltr'><strong>agit,</strong></span> <span class='ocrx_word' id='word_1_322' title='bbox 3467 3818 3521 3862; x_wconf 79' lang='lat' dir='ltr'><strong>cl.</strong></span> <span class='ocrx_word' id='word_1_323' title='bbox 3561 3809 3613 3861; x_wconf 83' lang='lat' dir='ltr'><strong>in</strong></span> 
     </span>
    </p>
   </div>
   <div class='ocr_carea' id='block_1_25' title="bbox 367 3942 3629 4026">
    <p class='ocr_par' dir='ltr' id='par_1_25' title="bbox 367 3942 3629 4026">
     <span class='ocr_line' id='line_1_25' title="bbox 367 3942 3629 4026; baseline -0.005 -11"><span class='ocrx_word' id='word_1_324' title='bbox 367 3970 598 4026; x_wconf 76' lang='lat' dir='ltr'><strong>utraque</strong></span> <span class='ocrx_word' id='word_1_325' title='bbox 621 3954 869 4025; x_wconf 81' lang='lat' dir='ltr'><strong>pluribus</strong></span> <span class='ocrx_word' id='word_1_326' title='bbox 897 3953 1125 4009; x_wconf 88' lang='lat' dir='ltr'><strong>docetur</strong></span> <span class='ocrx_word' id='word_1_327' title='bbox 1153 3967 1260 4008; x_wconf 90' lang='lat' dir='ltr'><strong>non</strong></span> <span class='ocrx_word' id='word_1_328' title='bbox 1290 3965 1413 4008; x_wconf 87' lang='lat' dir='ltr'><strong>esse</strong></span> <span class='ocrx_word' id='word_1_329' title='bbox 1438 3947 1772 4021; x_wconf 88' lang='lat' dir='ltr'><strong>precandum</strong></span> <span class='ocrx_word' id='word_1_330' title='bbox 1805 3955 2001 4002; x_wconf 86' lang='lat' dir='ltr'><strong>contra</strong></span> <span class='ocrx_word' id='word_1_331' title='bbox 2032 3944 2304 4001; x_wconf 83' lang='lat' dir='ltr'><strong>inimicos.</strong></span> <span class='ocrx_word' id='word_1_332' title='bbox 2334 3942 2392 3999; x_wconf 89' lang='lat' dir='ltr'><strong>lu</strong></span> <span class='ocrx_word' id='word_1_333' title='bbox 2433 3951 2626 3999; x_wconf 84' lang='lat' dir='ltr'><strong>neutra</strong></span> <span class='ocrx_word' id='word_1_334' title='bbox 2665 3958 2794 3999; x_wconf 87' lang='lat' dir='ltr'><strong>vero</strong></span> <span class='ocrx_word' id='word_1_335' title='bbox 2829 3943 3068 4014; x_wconf 84' lang='lat' dir='ltr'><strong>aliquam</strong></span> <span class='ocrx_word' id='word_1_336' title='bbox 3115 3946 3377 4016; x_wconf 84' lang='lat' dir='ltr'><strong>temporis</strong></span> <span class='ocrx_word' id='word_1_337' title='bbox 3426 3954 3629 4000; x_wconf 86' lang='lat' dir='ltr'><strong>notam.</strong></span> 
     </span>
    </p>
   </div>
   <div class='ocr_carea' id='block_1_26' title="bbox 364 4097 987 4169">
    <p class='ocr_par' dir='ltr' id='par_1_26' title="bbox 364 4097 987 4169">
     <span class='ocr_line' id='line_1_26' title="bbox 364 4097 987 4169; baseline -0.005 -14"><span class='ocrx_word' id='word_1_338' title='bbox 364 4097 641 4168; x_wconf 79' lang='lat' dir='ltr'><strong>expiscari</strong></span> <span class='ocrx_word' id='word_1_339' title='bbox 668 4110 987 4169; x_wconf 66' lang='lat' dir='ltr'><strong>possumus.</strong></span> 
     </span>
    </p>
   </div>
   <div class='ocr_carea' id='block_1_27' title="bbox 444 4194 3685 4308">
    <p class='ocr_par' dir='ltr' id='par_1_27' title="bbox 444 4194 3685 4308">
     <span class='ocr_line' id='line_1_27' title="bbox 444 4194 3685 4308; baseline -0.006 -18"><span class='ocrx_word' id='word_1_340' title='bbox 444 4236 821 4307; x_wconf 84' lang='lat' dir='ltr'><strong>luterprelatio</strong></span> <span class='ocrx_word' id='word_1_341' title='bbox 844 4236 1130 4308; x_wconf 82' lang='lat' dir='ltr'><strong>utriusque</strong></span> <span class='ocrx_word' id='word_1_342' title='bbox 1160 4235 1353 4291; x_wconf 79' lang='lat' dir='ltr'><strong>Latina</strong></span> <span class='ocrx_word' id='word_1_343' title='bbox 1391 4244 1475 4292; x_wconf 89' lang='lat' dir='ltr'><strong>est</strong></span> <span class='ocrx_word' id='word_1_344' title='bbox 1494 4231 1788 4289; x_wconf 88' lang='lat' dir='ltr'><strong>Frontonis</strong></span> <span class='ocrx_word' id='word_1_345' title='bbox 1814 4228 2017 4285; x_wconf 81' lang='lat' dir='ltr'><strong>Duetei.</strong></span> <span class='ocrx_word' id='word_1_346' title='bbox 3662 4194 3685 4232; x_wconf 72' lang='grc'><strong><em>³</em></strong></span> 
     </span>
    </p>
   </div>
   <div class='ocr_carea' id='block_1_28' title="bbox 366 4579 3133 4605">
    <p class='ocr_par' dir='ltr' id='par_1_28' title="bbox 366 4579 3133 4605">
     <span class='ocr_line' id='line_1_28' title="bbox 366 4579 3133 4605; baseline -0.001 -4"><span class='ocrx_word' id='word_1_347' title='bbox 366 4579 3133 4605; x_wconf 48' lang='lat' dir='ltr'><strong>Mm</strong></span> 
     </span>
    </p>
   </div>
   <div class='ocr_carea' id='block_1_29' title="bbox 1154 5004 2844 5092">
    <p class='ocr_par' dir='ltr' id='par_1_29' title="bbox 1154 5004 2844 5092">
     <span class='ocr_line' id='line_1_29' title="bbox 1154 5004 2844 5092; baseline 0.005 -16"><span class='ocrx_word' id='word_1_348' title='bbox 1154 5005 1436 5092; x_wconf 83' lang='lat' dir='ltr'><strong>QUOD</strong></span> <span class='ocrx_word' id='word_1_349' title='bbox 1487 5004 1699 5079; x_wconf 88' lang='lat' dir='ltr'><strong>NON</strong></span> <span class='ocrx_word' id='word_1_350' title='bbox 1735 5007 2311 5082; x_wconf 85' lang='lat' dir='ltr'><strong>OPORTEAT</strong></span> <span class='ocrx_word' id='word_1_351' title='bbox 2357 5010 2844 5086; x_wconf 79' lang='lat' dir='ltr'><strong>PECCATA</strong></span> 
     </span>
    </p>
   </div>
   <div class='ocr_carea' id='block_1_30' title="bbox 1152 5183 2846 5243">
    <p class='ocr_par' dir='ltr' id='par_1_30' title="bbox 1152 5183 2846 5243">
     <span class='ocr_line' id='line_1_30' title="bbox 1152 5183 2846 5243; baseline 0.002 -17"><span class='ocrx_word' id='word_1_352' title='bbox 1152 5183 1457 5229; x_wconf 78' lang='lat' dir='ltr'><strong>FRATRUM</strong></span> <span class='ocrx_word' id='word_1_353' title='bbox 1504 5185 1861 5243; x_wconf 66' lang='lat' dir='ltr'><strong>EVULGARE,</strong></span> <span class='ocrx_word' id='word_1_354' title='bbox 1906 5185 2118 5241; x_wconf 81' lang='lat' dir='ltr'><strong>NEQUE</strong></span> <span class='ocrx_word' id='word_1_355' title='bbox 2162 5185 2428 5231; x_wconf 76' lang='lat' dir='ltr'><strong>INIMICIS</strong></span> <span class='ocrx_word' id='word_1_356' title='bbox 2473 5186 2846 5233; x_wconf 76' lang='lat' dir='ltr'><strong>IMPRECARI.</strong></span> 
     </span>
    </p>
   </div>
   <div class='ocr_carea' id='block_1_31' title="bbox 1590 5346 1901 5361">
    <p class='ocr_par' dir='ltr' id='par_1_31' title="bbox 1590 5346 1901 5361">
     <span class='ocr_line' id='line_1_31' title="bbox 1590 5346 1901 5361; baseline -0.01 0"><span class='ocrx_word' id='word_1_357' title='bbox 1590 5346 1901 5361; x_wconf 60' lang='lat'><strong>~—</strong></span> 
     </span>
    </p>
   </div>
   <div class='ocr_carea' id='block_1_32' title="bbox 2070 5351 2406 5367">
    <p class='ocr_par' dir='ltr' id='par_1_32' title="bbox 2070 5351 2406 5367">
     <span class='ocr_line' id='line_1_32' title="bbox 2070 5351 2406 5367; baseline -0.003 -2"><span class='ocrx_word' id='word_1_358' title='bbox 2070 5351 2406 5367; x_wconf 76' lang='lat'><strong>———-—</strong></span> 
     </span>
    </p>
   </div>
   <div class='ocr_carea' id='block_1_33' title="bbox 1912 5330 2061 5386">
    <p class='ocr_par' dir='ltr' id='par_1_33' title="bbox 1912 5330 2061 5386">
     <span class='ocr_line' id='line_1_33' title="bbox 1912 5330 2061 5386; baseline -0.007 -3"><span class='ocrx_word' id='word_1_359' title='bbox 1912 5330 2061 5386; x_wconf 59' lang='lat' dir='ltr'><strong>OED</strong></span> 
     </span>
    </p>
   </div>
   <div class='ocr_carea' id='block_1_34' title="bbox 419 5468 3636 5543">
    <p class='ocr_par' dir='ltr' id='par_1_34' title="bbox 419 5468 3636 5543">
     <span class='ocr_line' id='line_1_34' title="bbox 419 5468 3636 5543; baseline 0.001 -16"><span class='ocrx_word' id='word_1_360' title='bbox 419 5473 470 5527; x_wconf 71' lang='lat' dir='ltr'><strong>i.</strong></span> <span class='ocrx_word' id='word_1_361' title='bbox 514 5470 784 5543; x_wconf 74' lang='lat' dir='ltr'><strong>Scriptura</strong></span> <span class='ocrx_word' id='word_1_362' title='bbox 823 5487 1095 5541; x_wconf 87' lang='lat' dir='ltr'><strong>numquam</strong></span> <span class='ocrx_word' id='word_1_363' title='bbox 1122 5485 1265 5524; x_wconf 82' lang='lat' dir='ltr'><strong>suam</strong></span> <span class='ocrx_word' id='word_1_364' title='bbox 1287 5468 1562 5540; x_wconf 83' lang='lat' dir='ltr'><strong>beneﬁcam</strong></span> <span class='ocrx_word' id='word_1_365' title='bbox 1589 5471 1692 5526; x_wconf 84' lang='lat' dir='ltr'><strong>vim</strong></span> <span class='ocrx_word' id='word_1_366' title='bbox 1715 5472 1937 5540; x_wconf 86' lang='lat' dir='ltr'><strong>amittit;</strong></span> <span class='ocrx_word' id='word_1_367' title='bbox 2049 5475 2143 5529; x_wconf 69' lang='lat' dir='ltr'><strong>sim.</strong></span> <span class='ocrx_word' id='word_1_368' title='bbox 2191 5472 2375 5530; x_wconf 86' lang='lat' dir='ltr'><strong>schola</strong></span> <span class='ocrx_word' id='word_1_369' title='bbox 2424 5492 2438 5529; x_wconf 89' lang='lat'><strong>:</strong></span> <span class='ocrx_word' id='word_1_370' title='bbox 2472 5473 2665 5531; x_wconf 88' lang='lat' dir='ltr'><strong>medici</strong></span> <span class='ocrx_word' id='word_1_371' title='bbox 2698 5487 2818 5528; x_wconf 89' lang='lat' dir='ltr'><strong>non-</strong></span> <span class='ocrx_word' id='word_1_372' title='bbox 2852 5486 3160 5542; x_wconf 86' lang='lat' dir='ltr'><strong>corporum,</strong></span> <span class='ocrx_word' id='word_1_373' title='bbox 3198 5473 3291 5529; x_wconf 90' lang='lat' dir='ltr'><strong>sed</strong></span> <span class='ocrx_word' id='word_1_374' title='bbox 3318 5474 3636 5533; x_wconf 86' lang='lat' dir='ltr'><strong>animorum.</strong></span> 
     </span>
    </p>
   </div>
   <div class='ocr_carea' id='block_1_35' title="bbox 348 5561 3640 5637">
    <p class='ocr_par' dir='ltr' id='par_1_35' title="bbox 348 5561 3640 5637">
     <span class='ocr_line' id='line_1_35' title="bbox 348 5561 3640 5637; baseline 0.003 -23"><span class='ocrx_word' id='word_1_375' title='bbox 348 5565 654 5635; x_wconf 73' lang='lat' dir='ltr'><strong>pauperibus</strong></span> <span class='ocrx_word' id='word_1_376' title='bbox 695 5564 868 5618; x_wconf 80' lang='lat' dir='ltr'><strong>utilior</strong></span> <span class='ocrx_word' id='word_1_377' title='bbox 912 5573 985 5618; x_wconf 87' lang='lat' dir='ltr'><strong>est</strong></span> <span class='ocrx_word' id='word_1_378' title='bbox 1028 5578 1181 5631; x_wconf 87' lang='lat' dir='ltr'><strong>quam</strong></span> <span class='ocrx_word' id='word_1_379' title='bbox 1208 5561 1463 5617; x_wconf 82' lang='lat' dir='ltr'><strong>divitibus.</strong></span> <span class='ocrx_word' id='word_1_380' title='bbox 1506 5593 1579 5603; x_wconf 91' lang='lat'><strong>—</strong></span> <span class='ocrx_word' id='word_1_381' title='bbox 1605 5562 1790 5619; x_wconf 86' lang='lat' dir='ltr'><strong>Laudo</strong></span> <span class='ocrx_word' id='word_1_382' title='bbox 1818 5578 1931 5630; x_wconf 85' lang='lat' dir='ltr'><strong>vos,</strong></span> <span class='ocrx_word' id='word_1_383' title='bbox 2048 5567 2351 5637; x_wconf 82' lang='lat' dir='ltr'><strong>Spiritualis</strong></span> <span class='ocrx_word' id='word_1_384' title='bbox 2395 5580 2627 5637; x_wconf 88' lang='lat' dir='ltr'><strong>namque</strong></span> <span class='ocrx_word' id='word_1_385' title='bbox 2665 5573 2767 5631; x_wconf 83' lang='lat' dir='ltr'><strong>est,</strong></span> <span class='ocrx_word' id='word_1_386' title='bbox 2822 5579 2997 5633; x_wconf 86' lang='lat' dir='ltr'><strong>neque</strong></span> <span class='ocrx_word' id='word_1_387' title='bbox 3043 5564 3262 5620; x_wconf 86' lang='lat' dir='ltr'><strong>vulnera</strong></span> <span class='ocrx_word' id='word_1_388' title='bbox 3314 5566 3511 5631; x_wconf 85' lang='lat' dir='ltr'><strong>carnis,</strong></span> <span class='ocrx_word' id='word_1_389' title='bbox 3546 5569 3640 5623; x_wconf 82' lang='lat' dir='ltr'><strong>sed</strong></span> 
     </span>
    </p>
   </div>
   <div class='ocr_carea' id='block_1_36' title="bbox 344 5653 3643 5727">
    <p class='ocr_par' dir='ltr' id='par_1_36' title="bbox 344 5653 3643 5727">
     <span class='ocr_line' id='line_1_36' title="bbox 344 5653 3643 5727; baseline 0 -16"><span class='ocrx_word' id='word_1_390' title='bbox 344 5657 710 5723; x_wconf 81' lang='lat' dir='ltr'><strong>dilectissimi,</strong></span> <span class='ocrx_word' id='word_1_391' title='bbox 751 5655 894 5727; x_wconf 90' lang='lat' dir='ltr'><strong>quod</strong></span> <span class='ocrx_word' id='word_1_392' title='bbox 934 5664 1079 5710; x_wconf 87' lang='lat' dir='ltr'><strong>lauto</strong></span> <span class='ocrx_word' id='word_1_393' title='bbox 1118 5653 1298 5709; x_wconf 78' lang='lat' dir='ltr'><strong>Studio</strong></span> <span class='ocrx_word' id='word_1_394' title='bbox 1327 5653 1392 5708; x_wconf 88' lang='lat' dir='ltr'><strong>ad</strong></span> <span class='ocrx_word' id='word_1_395' title='bbox 1416 5663 1696 5724; x_wconf 89' lang='lat' dir='ltr'><strong>paternam</strong></span> <span class='ocrx_word' id='word_1_396' title='bbox 1723 5655 1939 5710; x_wconf 90' lang='lat' dir='ltr'><strong>domum</strong></span> <span class='ocrx_word' id='word_1_397' title='bbox 2050 5665 2267 5727; x_wconf 79' lang='lat' dir='ltr'><strong>peccata</strong></span> <span class='ocrx_word' id='word_1_398' title='bbox 2294 5654 2490 5708; x_wconf 88' lang='lat' dir='ltr'><strong>mentis</strong></span> <span class='ocrx_word' id='word_1_399' title='bbox 2513 5663 2667 5711; x_wconf 87' lang='lat' dir='ltr'><strong>sanat</strong></span> <span class='ocrx_word' id='word_1_400' title='bbox 2699 5671 2713 5707; x_wconf 90' lang='lat'><strong>:</strong></span> <span class='ocrx_word' id='word_1_401' title='bbox 2742 5668 2905 5723; x_wconf 88' lang='lat' dir='ltr'><strong>porro</strong></span> <span class='ocrx_word' id='word_1_402' title='bbox 2940 5662 3280 5724; x_wconf 87' lang='lat' dir='ltr'><strong>peccatorum</strong></span> <span class='ocrx_word' id='word_1_403' title='bbox 3311 5656 3532 5710; x_wconf 91' lang='lat' dir='ltr'><strong>istorum</strong></span> <span class='ocrx_word' id='word_1_404' title='bbox 3579 5672 3643 5713; x_wconf 83' lang='lat' dir='ltr'><strong>ac</strong></span> 
     </span>
    </p>
   </div>
   <div class='ocr_carea' id='block_1_37' title="bbox 344 5743 3641 5803">
    <p class='ocr_par' dir='ltr' id='par_1_37' title="bbox 344 5743 3641 5803">
     <span class='ocr_line' id='line_1_37' title="bbox 344 5743 3641 5803; baseline -0.001 -2"><span class='ocrx_word' id='word_1_405' title='bbox 344 5749 702 5803; x_wconf 79' lang='lat' dir='ltr'><strong>concurratis.</strong></span> <span class='ocrx_word' id='word_1_406' title='bbox 735 5746 866 5801; x_wconf 84' lang='lat' dir='ltr'><strong>Nam</strong></span> <span class='ocrx_word' id='word_1_407' title='bbox 893 5763 958 5802; x_wconf 83' lang='lat' dir='ltr'><strong>ex</strong></span> <span class='ocrx_word' id='word_1_408' title='bbox 994 5745 1098 5802; x_wconf 91' lang='lat' dir='ltr'><strong>hoc</strong></span> <span class='ocrx_word' id='word_1_409' title='bbox 1123 5744 1301 5800; x_wconf 89' lang='lat' dir='ltr'><strong>studio</strong></span> <span class='ocrx_word' id='word_1_410' title='bbox 1327 5746 1393 5800; x_wconf 92' lang='lat' dir='ltr'><strong>de</strong></span> <span class='ocrx_word' id='word_1_411' title='bbox 1435 5754 1611 5802; x_wconf 84' lang='lat' dir='ltr'><strong>vestra</strong></span> <span class='ocrx_word' id='word_1_412' title='bbox 1646 5746 1938 5803; x_wconf 77' lang='lat' dir='ltr'><strong>Secundum</strong></span> <span class='ocrx_word' id='word_1_413' title='bbox 2048 5747 2331 5801; x_wconf 79' lang='lat' dir='ltr'><strong>vulnerum</strong></span> <span class='ocrx_word' id='word_1_414' title='bbox 2371 5743 2817 5799; x_wconf 87' lang='lat' dir='ltr'><strong>medicamentum</strong></span> <span class='ocrx_word' id='word_1_415' title='bbox 2860 5755 2944 5799; x_wconf 89' lang='lat' dir='ltr'><strong>est</strong></span> <span class='ocrx_word' id='word_1_416' title='bbox 2968 5744 3232 5800; x_wconf 88' lang='lat' dir='ltr'><strong>doctrina.</strong></span> <span class='ocrx_word' id='word_1_417' title='bbox 3263 5745 3375 5799; x_wconf 89' lang='lat' dir='ltr'><strong>lloc</strong></span> <span class='ocrx_word' id='word_1_418' title='bbox 3402 5745 3641 5801; x_wconf 80' lang='lat' dir='ltr'><strong>medica-</strong></span> 
     </span>
    </p>
   </div>
   <div class='ocr_carea' id='block_1_38' title="bbox 345 5834 3642 5908">
    <p class='ocr_par' dir='ltr' id='par_1_38' title="bbox 345 5834 3642 5908">
     <span class='ocr_line' id='line_1_38' title="bbox 345 5834 3642 5908; baseline 0 -16"><span class='ocrx_word' id='word_1_419' title='bbox 345 5843 581 5896; x_wconf 87' lang='lat' dir='ltr'><strong>auimam</strong></span> <span class='ocrx_word' id='word_1_420' title='bbox 611 5841 841 5896; x_wconf 87' lang='lat' dir='ltr'><strong>sanitate</strong></span> <span class='ocrx_word' id='word_1_421' title='bbox 884 5837 1187 5895; x_wconf 84' lang='lat' dir='ltr'><strong>contidcndi</strong></span> <span class='ocrx_word' id='word_1_422' title='bbox 1221 5837 1349 5892; x_wconf 90' lang='lat' dir='ltr'><strong>mihi</strong></span> <span class='ocrx_word' id='word_1_423' title='bbox 1378 5837 1646 5908; x_wconf 71' lang='lat' dir='ltr'><strong>prmlietur</strong></span> <span class='ocrx_word' id='word_1_424' title='bbox 1678 5839 1891 5895; x_wconf 89' lang='lat' dir='ltr'><strong>occasio</strong></span> <span class='ocrx_word' id='word_1_425' title='bbox 1921 5858 1937 5896; x_wconf 86' lang='lat'><strong>:</strong></span> <span class='ocrx_word' id='word_1_426' title='bbox 2045 5843 2284 5894; x_wconf 86' lang='lat' dir='ltr'><strong>mentum</strong></span> <span class='ocrx_word' id='word_1_427' title='bbox 2315 5848 2421 5890; x_wconf 91' lang='lat' dir='ltr'><strong>non</strong></span> <span class='ocrx_word' id='word_1_428' title='bbox 2456 5847 2525 5888; x_wconf 83' lang='lat' dir='ltr'><strong>ex</strong></span> <span class='ocrx_word' id='word_1_429' title='bbox 2564 5834 2745 5891; x_wconf 87' lang='lat' dir='ltr'><strong>herbis</strong></span> <span class='ocrx_word' id='word_1_430' title='bbox 2786 5836 3130 5891; x_wconf 89' lang='lat' dir='ltr'><strong>terrestribus</strong></span> <span class='ocrx_word' id='word_1_431' title='bbox 3154 5876 3168 5901; x_wconf 94' lang='lat'><strong>,</strong></span> <span class='ocrx_word' id='word_1_432' title='bbox 3204 5835 3301 5890; x_wconf 92' lang='lat' dir='ltr'><strong>sed</strong></span> <span class='ocrx_word' id='word_1_433' title='bbox 3354 5850 3420 5890; x_wconf 78' lang='lat' dir='ltr'><strong>ex</strong></span> <span class='ocrx_word' id='word_1_434' title='bbox 3462 5840 3642 5893; x_wconf 80' lang='lat' dir='ltr'><strong>verius</strong></span> 
     </span>
    </p>
   </div>
   <div class='ocr_carea' id='block_1_39' title="bbox 345 5926 3636 6009">
    <p class='ocr_par' dir='ltr' id='par_1_39' title="bbox 345 5926 3636 6009">
     <span class='ocr_line' id='line_1_39' title="bbox 345 5926 3636 6009; baseline -0.001 -24"><span class='ocrx_word' id='word_1_435' title='bbox 345 5932 610 6004; x_wconf 78' lang='lat' dir='ltr'><strong>siquidem</strong></span> <span class='ocrx_word' id='word_1_436' title='bbox 639 5931 897 5991; x_wconf 78' lang='lat' dir='ltr'><strong>mirabilis</strong></span> <span class='ocrx_word' id='word_1_437' title='bbox 917 5931 1162 6004; x_wconf 69' lang='lat' dir='ltr'><strong>qumdam</strong></span> <span class='ocrx_word' id='word_1_438' title='bbox 1187 5939 1269 5988; x_wconf 88' lang='lat' dir='ltr'><strong>cst</strong></span> <span class='ocrx_word' id='word_1_439' title='bbox 1306 5929 1517 5987; x_wconf 81' lang='lat' dir='ltr'><strong>ofﬁcina</strong></span> <span class='ocrx_word' id='word_1_440' title='bbox 1542 5931 1731 5988; x_wconf 89' lang='lat' dir='ltr'><strong>medici</strong></span> <span class='ocrx_word' id='word_1_441' title='bbox 1751 5931 1937 5990; x_wconf 84' lang='lat' dir='ltr'><strong>Eeclc-</strong></span> <span class='ocrx_word' id='word_1_442' title='bbox 2044 5938 2254 5988; x_wconf 84' lang='lat' dir='ltr'><strong>constat</strong></span> <span class='ocrx_word' id='word_1_443' title='bbox 2280 5926 2582 5986; x_wconf 72' lang='lat' dir='ltr'><strong>emlestibu‘s</strong></span> <span class='ocrx_word' id='word_1_444' title='bbox 2608 5926 2742 6009; x_wconf 83' lang='lat' dir='ltr'><strong>;hoc</strong></span> <span class='ocrx_word' id='word_1_445' title='bbox 2773 5942 2880 5983; x_wconf 90' lang='lat' dir='ltr'><strong>non</strong></span> <span class='ocrx_word' id='word_1_446' title='bbox 2904 5926 3149 5984; x_wconf 84' lang='lat' dir='ltr'><strong>manibus</strong></span> <span class='ocrx_word' id='word_1_447' title='bbox 3166 5926 3520 6000; x_wconf 83' lang='lat' dir='ltr'><strong>medicorum,</strong></span> <span class='ocrx_word' id='word_1_448' title='bbox 3541 5928 3636 5986; x_wconf 79' lang='lat' dir='ltr'><strong>sed</strong></span> 
     </span>
    </p>
   </div>
  </div>
