4062 6434
448 526 645 600 linguis
675 520 1056 596 prephetarum
1095 521 1179 574 est
1195 510 1576 582 compositum.
1606 508 1780 578 Quam
1816 509 1888 566 ob
1909 524 2039 565 cau-

448 636 564 678 sam
592 625 910 690 perpetuum
931 618 1034 672 est,
1058 618 1111 664 et
1140 620 1314 676 neque
1332 614 1632 674 temporum
1657 603 2042 674 longinquitate

448 712 776 774 debilitatur,
807 719 984 776 neque
1011 701 1320 757 morborum
1352 698 1549 752 virtute
1577 706 1882 767 superatur.
1909 695 2040 750 Nam

452 803 780 859 medicorum
809 795 1025 863 quidem
1057 790 1448 846 medicamenta
1485 797 1713 857 utroque
1741 786 1951 842 defectu
1979 800 2044 841 ac

454 894 579 948 vitio
598 892 841 946 laborant
864 903 882 944 :
907 887 1033 941 dum
1053 882 1287 940 recentia
1308 890 1454 948 sunt,
1481 881 1588 936 vim
1607 895 1756 935 suam
1777 878 2041 949 produnt:

447 1000 570 1038 eum
609 996 741 1036 vero
787 980 1011 1034 multum
1037 975 1296 1045 temporis
1322 982 1408 1029 est
1431 973 1694 1042 elapsum,
1724 971 1775 1025 in
1821 970 2040 1025 modum

447 1089 734 1146 corporum
781 1080 1059 1128 senectute
1096 1068 1466 1125 confectorum
1517 1063 1866 1120 imbecilliora
1917 1063 2042 1118 red-

447 1172 691 1227 duntur:
721 1168 850 1239 quin
893 1167 1055 1221 etiam
1097 1177 1340 1236 perszepe
1385 1159 1696 1214 morborum
1725 1156 2044 1213 diflleultate

446 1263 754 1324 vincuntur,
783 1259 980 1329 quippe
1006 1271 1128 1326 qua:
1151 1253 1380 1307 humana
1407 1251 1514 1306 siut
1538 1265 1556 1304 :
1583 1258 1638 1304 at
1665 1248 1906 1303 divinum
1939 1262 2046 1302 me-

446 1355 810 1408 dieamentum
861 1351 968 1404 tale
995 1363 1101 1403 non
1133 1355 1236 1411 est,
1269 1345 1365 1401 sed
1394 1343 1563 1398 multo
1591 1351 1833 1412 tempore
1875 1342 2043 1396 inter-

447 1445 591 1514 jecto
617 1456 768 1498 suam
797 1453 1012 1494 omnem
1035 1437 1139 1491 vim
1163 1436 1380 1492 retinet.
1421 1434 1565 1489 Sane
1587 1447 1652 1487 ex
1681 1446 1747 1488 eo
1777 1439 2042 1502 tempore,

451 1551 560 1606 quo
589 1534 718 1588 vixit
767 1531 978 1604 Moyses
1020 1530 1111 1601 (ab
1141 1529 1234 1582 illo
1276 1527 1421 1581 enim
1451 1525 1665 1580 initium
1696 1531 1779 1579 est
1803 1522 2044 1592 Scriptu-

449 1625 678 1697 rarum),
710 1633 818 1678 tam
850 1622 1048 1676 multos
1080 1620 1329 1674 homines
1350 1617 1577 1681 sanavit,
1612 1624 1668 1672 et
1691 1631 1841 1671 suam
1873 1615 2044 1668 virtu-

451 1727 560 1771 tem
591 1731 696 1770 uon
747 1713 926 1768 amisit
957 1728 975 1768 ξ
1003 1711 1099 1766 sed
1129 1724 1305 1780 neque
1330 1708 1400 1763 ab
1424 1707 1528 1762 ulla
1555 1705 2048 1776 umquamaegritu-

450 1809 579 1864 diue
602 1815 911 1877 superatum
952 1811 1056 1858 est.
1083 1801 1196 1856 Hoc
1230 1799 1680 1856 medicamentum
1724 1811 1830 1851 non
1860 1811 2047 1850 nume-

452 1914 569 1958 rata
614 1899 841 1971 pecunia
885 1897 1010 1950 licet
1037 1893 1306 1964 accipere,
1338 1891 1431 1946 sed
1453 1890 1542 1960 qui
1567 1890 1832 1944 sinceram
1859 1889 2047 1942 volun-

454 2002 617 2047 tatem
647 1997 703 2045 et
723 1987 969 2043 affectum
1013 1984 1259 2050 exhibet,
1294 1990 1462 2036 totum
1491 1981 1618 2034 illud
1646 1994 1828 2034 secum
1853 1994 2045 2049 repor-

452 2093 548 2140 tat.
567 2081 770 2138 ldcirco
796 2078 988 2134 divites
1014 2074 1174 2131 simul
1203 2085 1259 2130 et
1281 2086 1548 2143 pauperes
1579 2070 1779 2142 pariter
1809 2069 1908 2124 hac
1934 2085 2050 2124 me-

451 2174 626 2228 dicina
655 2170 924 2226 fruuntur.
969 2166 1102 2221 Nam
1150 2165 1237 2219 ubi
1267 2163 1481 2234 quidem
1512 2162 1767 2231 pecunias
1809 2159 2046 2230 impendi

457 2277 680 2320 necesse
712 2269 816 2326 est,
854 2260 944 2331 qui
982 2256 1226 2326 locuples
1253 2263 1356 2319 est,
1381 2253 1629 2308 utilitatis
1652 2253 1711 2306 lit
1740 2251 2004 2322 particeps
2029 2267 2045 2307 :

455 2371 656 2428 pauper
681 2362 862 2409 autem
903 2366 1048 2421 szepe
1074 2348 1209 2406 lucri
1236 2362 1432 2418 expers
1464 2345 1730 2402 discedit:
1762 2359 1885 2400 cum
1917 2345 2046 2399 tanti

453 2450 657 2506 reditus
681 2448 755 2503 illi
783 2462 888 2501 non
911 2451 1218 2516 suppetant,
1243 2449 1304 2496 ut
1327 2440 1394 2494 ad
1416 2439 1877 2495 medicamentum
1912 2451 2013 2492 con
2029 2465 2048 2477 -

457 2539 741 2597 ﬁciendum
766 2535 1056 2593 sufﬁciant.
1085 2533 1184 2589 Hic
1199 2546 1328 2588 vero
1357 2529 1610 2601 quoniam
1641 2527 1922 2598 pecuniam
1945 2541 2047 2580 nu-

455 2647 668 2693 merare
692 2646 799 2687 non
825 2628 1172 2700 permittitur,
1203 2622 1299 2679 sed
1338 2621 1473 2677 ﬁdes
1493 2629 1550 2675 et
1576 2619 1822 2674 voluntas
1848 2627 1932 2674 est
1951 2632 2046 2673 ex-

455 2723 710 2792 hibenda,
740 2722 830 2794 qui
857 2734 1150 2776 numerare
1183 2723 1363 2788 potest
1402 2715 1501 2768 ista
1531 2721 1586 2769 et
1616 2727 1740 2766 cum
1771 2711 2052 2766 alacritate

453 2815 786 2888 persolvere,
810 2811 898 2867 hic
924 2809 1261 2882 potissimum
1293 2805 1520 2877 percipit
1543 2803 1826 2858 utilitatem
1851 2817 1867 2855 :
1889 2817 2052 2871 quau-

450 2907 738 2979 doquidem
764 2904 881 2960 hzec
926 2911 1052 2958 sunt
1075 2916 1197 2972 quae
1241 2913 1342 2968 pro
1380 2895 1629 2952 mercede
1672 2893 1951 2950 medicina:
1979 2891 2052 2946 is-

452 3000 559 3053 tius
584 2999 892 3068 exiguntur.
924 2994 991 3048 Et
1019 2991 1176 3047 dives
1199 2999 1254 3043 et
1283 3002 1484 3057 pauper
1505 2985 1706 3056 pariter
1743 2983 1883 3037 hanc
1904 2981 2052 3037 utili-

453 3097 620 3144 tatem
650 3085 969 3157 participant
1017 3099 1035 3138 z
1082 3082 1191 3136 imo
1218 3094 1346 3134 vero
1387 3091 1496 3131 non
1523 3076 1722 3146 pariter
1757 3074 2046 3129 utilitatem

452 3181 795 3254 participant,
848 3177 944 3233 sed
996 3173 1186 3244 majori
1222 3178 1477 3243 percepta
1536 3181 1739 3238 pauper
1788 3165 2050 3220 abscedit.

452 3271 589 3342 Quid
636 3270 752 3326 ita?
777 3267 930 3336 Quod
979 3265 1234 3322 nimirum
1271 3261 1422 3316 dives
1451 3258 1614 3314 variis
1644 3266 2052 3328 prmoccupatus

455 3363 908 3422 sollicitudinibus
929 3401 946 3426 ,
979 3356 1232 3428 superbia
1263 3364 1478 3410 tumens
1502 3393 1518 3419 ,
1545 3359 1604 3408 et
1619 3351 1814 3422 opibus
1837 3349 2052 3404 inﬂatus

453 3473 516 3514 ac
547 3456 710 3523 fastu,
734 3453 957 3514 desidia:
994 3446 1205 3507 deditus
1231 3462 1296 3503 ac
1323 3443 1682 3518 negligentiae,
1716 3455 1822 3496 non
1861 3439 2055 3494 admo-

451 3549 580 3603 dum
601 3554 824 3609 attente,
854 3557 1027 3612 neque
1049 3554 1241 3609 magno
1260 3553 1382 3593 cum
1409 3535 1591 3590 studio
1617 3532 1942 3589 medicinam
1957 3548 2055 3587 au-

450 3639 671 3696 ditionis
699 3637 994 3707 Scriptura:
1031 3631 1255 3702 recipiat
1293 3647 1311 3687 :
1344 3643 1547 3700 pauper
1571 3637 1752 3682 autem
1785 3641 1818 3681 a
1843 3626 2054 3682 deliciis

451 3743 508 3790 et
536 3731 791 3802 ingluvie,
817 3743 881 3784 ac
911 3723 1233 3797 negligentia
1261 3722 1536 3788 immunis,
1568 3719 1901 3790 multamque
1925 3718 2051 3775 inde

451 3825 648 3880 anima:
676 3837 788 3878 sua:
814 3819 1109 3876 concilians
1135 3814 1554 3888 philosophiam,
1575 3811 1703 3868 dum
1725 3819 1898 3867 totum
1918 3819 2055 3866 tem-

451 3931 554 3990 pus
585 3916 638 3972 iu
681 3928 850 3984 opere
879 3925 1134 3966 manuum
1174 3923 1240 3963 ac
1269 3905 1521 3977 legitimis
1551 3902 1829 3959 laboribus
1848 3917 2049 3958 consu-

449 4010 571 4075 mit,
601 4005 853 4062 attentior
881 4018 944 4059 ac
967 4000 1240 4058 robustior
1258 3998 1471 4062 evadat,
1499 4010 1566 4051 ac
1591 3995 1783 4066 majori
1811 4010 1936 4051 cum
1962 3993 2048 4049 di-

447 4097 666 4170 ligentia
708 4111 828 4166 qua:
863 4095 1113 4148 dicuntur
1161 4089 1420 4161 percipiat
1449 4103 1467 4145 :
1494 4102 1602 4158 quo
1633 4087 1712 4155 lit,
1753 4095 1814 4140 ut
1861 4083 2054 4156 majori

451 4190 626 4262 pretio
655 4186 949 4258 persoluto,
968 4183 1157 4254 majori
1181 4182 1436 4252 decerpta
1463 4180 1692 4234 utilitate
1711 4177 1974 4234 discedat.

525 4281 582 4335 2.
627 4279 754 4335 llzec
783 4293 826 4332 ι
845 4291 931 4331 me
961 4290 1068 4329 non
1107 4290 1174 4329 eo
1210 4273 1468 4327 dicuntur
1491 4269 1716 4324 consilio
1735 4307 1752 4334 ,
1779 4278 1836 4323 ut
1861 4267 2055 4322 divites

451 4386 825 4444 quoscumque
846 4369 1168 4439 vituperem,
1193 4378 1295 4420 nec
1322 4372 1380 4419 ut
1407 4375 1669 4433 pauperes
1690 4375 2058 4431 quoscumque

449 4467 664 4525 laudem
698 4483 712 4520 :
747 4480 869 4519 nam
906 4477 1078 4532 neque
1104 4457 1305 4515 divitia:
1335 4457 1532 4512 malum
1563 4463 1709 4518 sunt,
1737 4454 1832 4510 sed
1858 4451 2056 4508 divitiis

456 4559 598 4614 male
629 4557 702 4612 uti
736 4575 751 4610 :
783 4570 960 4625 neque
988 4559 1274 4623 paupertas
1317 4548 1518 4603 bonum
1544 4587 1560 4612 ,
1603 4545 1698 4600 sed
1743 4552 2057 4616 paupertate

451 4653 590 4706 bene
645 4647 742 4702 uti.
792 4643 1168 4714 Torquebatur
1220 4640 1374 4695 dives
1413 4637 1502 4693 ille
1537 4636 1628 4707 qui
1671 4643 1832 4690 astate
1867 4634 2056 4690 Lazari

457 4742 706 4803 vixerat,
760 4755 867 4794 non
897 4735 1022 4808 quia
1073 4733 1224 4790 dives
1252 4731 1468 4798 fuerat,
1508 4728 1605 4785 sed
1651 4729 1774 4799 quia
1822 4727 2056 4782 crudelis

455 4833 631 4888 fuerat
663 4840 717 4886 et.
756 4827 1100 4884 inhumanus.
1132 4823 1473 4880 Laudabatur
1501 4835 1704 4892 pauper
1732 4820 1823 4875 ille
1853 4819 1906 4874 in
1935 4819 2056 4874 sinu

454 4914 723 4990 Abrahae,
770 4937 876 4976 nou
905 4921 1028 4991 quia
1057 4933 1264 4989 pauper
1305 4917 1474 4972 fuerat
1495 4956 1512 4983 ,
1537 4914 1630 4968 sed
1671 4913 1793 4984 quia
1825 4927 2055 4985 pauper-

457 5027 624 5074 tatem
669 5031 792 5070 cum
839 5014 1130 5085 gratiarum
1159 5011 1372 5066 actione
1405 5007 1748 5064 toleraverat.
1779 5007 1886 5062 [les
1912 5005 2054 5061 enim

453 5112 574 5167 alia:
603 5107 902 5180 (attendite
947 5105 1230 5174 diligenter
1253 5103 1320 5157 ad
1348 5117 1412 5156 ea
1437 5117 1558 5171 qua:
1596 5100 1825 5158 dicimus
1855 5117 1868 5154 :
1899 5106 2055 5170 pote-

458 5212 583 5259 runt
623 5203 767 5258 enim
821 5198 1179 5255 sufficientem
1207 5195 1600 5265 pbi1050phiam
1632 5193 2057 5263 modestiamque

455 5297 610 5351 vobis
626 5291 880 5350 inserere
899 5333 913 5357 ,
945 5305 1010 5346 ac
1034 5288 1281 5343 vitiosam
1307 5300 1523 5341 omnem
1561 5285 1936 5356 cogitationem
1963 5300 2058 5341 ex-

459 5387 696 5452 pellere,
729 5393 890 5454 atque
928 5381 1145 5437 efﬁcere
1173 5387 1232 5434 ut
1260 5385 1467 5434 rectum
1506 5376 1576 5432 de
1612 5377 1777 5432 rebus
1797 5377 2054 5447 judicium

459 5475 680 5548 feratis)
705 5495 721 5542 ;
747 5493 836 5533 res
856 5478 1016 5549 igitur
1037 5476 1159 5532 alia:
1181 5483 1307 5530 sunt
1329 5483 1517 5529 natura
1546 5473 1724 5539 bonae,
1755 5473 1871 5526 alize
1897 5472 2056 5543 plane

455 5567 779 5633 contraria};
817 5567 939 5623 aliae
969 5584 1088 5638 quae
1115 5581 1213 5622 nec
1238 5567 1398 5623 bona:
1440 5574 1568 5621 sunt
1604 5579 1704 5620 nec
1744 5565 1929 5627 malae,
1961 5565 2056 5619 sed

461 5656 694 5712 medium
723 5657 1009 5728 quemdam
1036 5659 1210 5714 locum
1229 5666 1432 5714 tenent.
1467 5657 1672 5713 Bonum
1695 5664 1780 5711 est
1803 5653 2054 5727 quiddam

466 5756 655 5800 natura
687 5763 783 5802 sua
809 5748 981 5818 pietas
1007 5789 1024 5813 ,
1065 5750 1266 5804 malum
1310 5749 1558 5818 impietas
1587 5767 1600 5802 :
1628 5749 1826 5803 bonum
1853 5748 2053 5812 virtus,

461 5834 666 5890 malum
695 5839 1007 5906 improbitas
1041 5856 1054 5890 :
1089 5852 1249 5906 porro
1294 5839 1493 5894 divitiae
1537 5855 1596 5894 ac
1630 5850 1910 5910 paupertas
1961 5855 2055 5908 per

1160 400 1218 455 S.
1248 395 1545 455 ‘JOANNIS
1572 394 2050 454 CHRYSOSTOMI
2076 391 2394 450 ARCDIEP.
2425 392 2961 452 CONSTANTINOP.

2156 523 2217 564 se
2260 524 2432 580 neque
2482 507 2584 568 hoc
2631 520 2790 580 sunt,
2846 527 3019 583 neque
3047 512 3176 570 illud
3211 532 3225 570 :
3257 516 3353 572 sed
3396 533 3497 589 pro
3537 521 3750 580 ratione

2155 602 2414 672 propositi
2461 616 2525 657 ac
2571 603 2861 657 voluntatis
2888 619 3078 669 eorum
3105 608 3194 678 qui
3224 618 3443 666 utuntur
3483 613 3590 670 illis
3612 656 3629 677 ,
3657 625 3751 670 aut

2153 694 2257 749 hoc
2294 703 2385 747 aut
2432 693 2566 748 illud
2604 693 2755 748 fiunt.
2787 694 2918 750 Nam
2947 698 2992 751 si
3019 697 3082 754 ad
3110 697 3494 758 humanitatem
3527 706 3748 774 quidem

2151 785 2352 841 divitiis
2375 795 2546 850 utare,
2572 786 2666 841 tibi
2691 803 2780 842 res
2803 787 2870 844 ad
2890 790 3228 846 occasionem
3253 792 3376 849 boni
3405 795 3751 853 traducatur:

2151 877 2233 933 sin
2265 886 2443 932 autem
2471 877 2538 931 ad
2566 878 2798 946 rapinas,
2829 879 3106 934 avaritiam
3137 891 3190 937 et
3222 881 3466 953 injuriam
3487 927 3503 950 ,
3531 888 3588 944 in
3612 900 3750 941 cou-

2156 971 2378 1026 trarium
2423 970 2592 1042 ipsius
2641 987 2796 1026 usum
2831 982 3115 1029 convertes
3161 991 3177 1029 :
3223 988 3591 1034 verumtamen
3641 995 3749 1034 non

2155 1073 2281 1116 sunt
2309 1062 2362 1116 in
2388 1077 2548 1117 causa
2586 1062 2826 1128 divitim,
2852 1063 2948 1118 sed
2976 1063 3021 1118 is
3045 1065 3135 1135 qui
3164 1065 3231 1120 ad
3260 1067 3506 1136 injuriam
3547 1069 3749 1125 divitiis

2153 1165 2236 1210 cst
2277 1171 2425 1211 usus.
2481 1154 2553 1210 Ita
2595 1171 2809 1226 quoque
2846 1155 2914 1212 de
2959 1166 3271 1228 paupertate
3297 1160 3399 1214 dici
3431 1171 3608 1230 potest
3635 1177 3652 1215 :
3679 1161 3749 1215 si-

2154 1245 2373 1316 quidem
2403 1246 2546 1301 illam
2573 1247 2839 1316 patienter
2870 1248 3058 1303 tuleris
3086 1249 3314 1304 Domino
3335 1252 3535 1322 gratias
3559 1267 3753 1324 agens.

2155 1355 2243 1394 res
2271 1339 2365 1394 tibi
2388 1341 2600 1394 occasio
2619 1339 2710 1395 fiet
2732 1355 2795 1394 ac
2821 1342 3043 1396 materia
3070 1356 3389 1398 coronarum
3422 1345 3540 1399 :siu
3567 1355 3751 1401 autem

2157 1429 2358 1485 ideirco
2383 1430 2730 1500 blasphemus
2761 1429 2922 1486 fueris
2951 1433 3002 1486 iu
3025 1433 3355 1502 Creatorem,
3377 1437 3600 1507 ejusque
3627 1454 3754 1508 pro-

2158 1522 2454 1577 videntiam
2501 1524 2836 1578 accusaveris
2859 1565 2877 1590 ,
2905 1539 3018 1579 rem
3057 1525 3122 1579 ad
3154 1527 3351 1581 malum
3382 1543 3533 1583 usum
3560 1546 3754 1584 rursus

2155 1614 2456 1670 traduxisti.
2488 1614 2593 1671 Sed
2619 1615 3070 1686 quemadmodum
3093 1617 3200 1671 illic
3220 1621 3454 1673 avaritize
3481 1621 3754 1678 fraudisve

2153 1705 2356 1761 divitia:
2381 1721 2540 1761 causa
2573 1723 2676 1762 non
2705 1717 2829 1762 sunt
2854 1747 2867 1770 ,
2896 1707 2991 1762 sed
3024 1708 3068 1762 is
3092 1709 3180 1778 qui
3223 1710 3361 1766 male
3409 1711 3608 1767 divitiis
3647 1715 3755 1768 uti-

2157 1807 2244 1853 tur
2278 1817 2292 1855 :
2319 1799 2398 1854 sic
2427 1798 2587 1855 etiam
2618 1799 2962 1870 blasphemiae
2989 1802 3198 1872 culpam
3226 1819 3330 1857 non
3359 1803 3664 1873 rejiciemus
3694 1807 3754 1860 in

2158 1899 2563 1959 paupertatem,
2613 1890 2708 1945 sed
2757 1893 2808 1945 in
2852 1905 2974 1946 eum
3002 1893 3240 1962 quirem
3288 1894 3561 1951 moderate
3608 1895 3757 1951 ferre

2157 1984 2349 2037 noluit.
2378 1982 2592 2055 Ubique
2625 1998 2855 2054 namque
2883 1999 3005 2039 cum
3033 1984 3170 2051 laus,
3201 1995 3312 2040 tum
3335 1986 3656 2057 vituperium
3683 2004 3752 2043 ex

2155 2074 2421 2129 sententia
2461 2083 2517 2129 et
2559 2073 2834 2130 voluntate
2863 2085 3045 2131 nostra
3077 2077 3291 2146 pendet.
3322 2077 3478 2133 Bona:
3519 2089 3645 2134 sunt
3659 2080 3754 2141 ,ιΙίς

2156 2165 2334 2232 vitim,
2366 2164 2460 2220 sed
2491 2179 2596 2219 non
2626 2165 2969 2236 simpliciter,
3003 2180 3188 2221 verum
3217 2167 3324 2232 illi,
3359 2169 3443 2223 cui
3470 2180 3752 2239 peccatum

2157 2269 2262 2309 non
2289 2263 2374 2310 est
2403 2271 2420 2311 :
2448 2265 2502 2310 et
2523 2270 2707 2310 rursus
2732 2255 2870 2310 mala
2904 2266 2987 2311 est
3013 2266 3299 2328 paupertas
3317 2299 3333 2323 ,
3366 2259 3460 2314 sed
3489 2275 3594 2315 non
3619 2261 3757 2316 siru-

2156 2348 2386 2418 pliciter,
2416 2363 2602 2404 vcrum
2626 2349 2681 2404 in
2706 2363 2802 2405 ore
2827 2349 2995 2420 impii,
3023 2351 3273 2421 quoniam
3293 2367 3436 2422 ωσι-ε
3460 2352 3584 2423 fert,
3612 2372 3760 2427 quo—

2157 2440 2300 2494 niam
2333 2439 2687 2511 blasphem'at,
2719 2442 2968 2511 quoniam
2993 2441 3301 2500 Creatorem
3320 2455 3556 2502 accusat.

2225 2531 2282 2587 ὅ.
2300 2531 2411 2587 Nec
2441 2533 2630 2587 diuitis:
2649 2549 2738 2587 ηερ
2761 2543 3033 2606 paupertas
3052 2534 3569 2607 vituperanda—Ne
3592 2538 3760 2611 igitur

2153 2626 2370 2684 divitias
2415 2641 2731 2684 accusemus
2756 2665 2774 2693 ,
2817 2643 2993 2698 neque
3040 2640 3406 2700 paupertatem
3433 2631 3759 2704 simpliciter

2157 2718 2524 2790 vituperemus
2541 2761 2558 2788 ,
2583 2719 2677 2777 sed
2704 2735 2800 2776 eos
2826 2721 2914 2791 qui
2946 2720 3032 2776 his
3057 2724 3219 2778 rebus
3248 2733 3392 2780 recte
3417 2725 3491 2779 uti
3519 2726 3708 2781 uolunt
3737 2744 3755 2782 :

2160 2826 2250 2868 res
2279 2813 2424 2868 enim
2454 2813 2584 2882 ipsa:
2610 2821 2737 2868 sunt
2763 2813 2817 2867 in
2845 2812 3024 2868 medio
3050 2813 3261 2884 positae.
3292 2815 3397 2872 Sed
3425 2816 3569 2888 quod
3606 2816 3762 2872 dicc-

2156 2907 2280 2962 bam
2323 2908 2563 2979 (bonum
2587 2908 2729 2963 enim
2759 2916 2843 2964 est
2866 2915 2934 2966 ut,
2951 2908 3017 2963 ad
3049 2910 3197 2978 prius
3225 2909 3352 2965 illud
3378 2921 3756 2981 argumentqu

2157 3000 2566 3070 revertamur),
2598 3008 2653 3056 et
2682 3000 2838 3056 dives
2866 3009 2920 3054 et
2949 3016 3151 3072 pauper
3177 3001 3366 3057 eadem
3399 3017 3520 3058 cum
3565 3003 3759 3060 ﬁducia

2155 3100 2211 3146 et
2239 3089 2484 3146 libertate
2513 3091 2594 3145 his
2622 3092 2821 3147 nostris
2866 3091 3272 3148 medicamean
3320 3092 3568 3149 fruuntur
3601 3113 3615 3149 :
3648 3110 3757 3148 sm-

2159 3196 2457 3251 penumero
2485 3183 2646 3238 etiam
2675 3183 2866 3252 majori
2894 3199 3016 3239 cum
3043 3185 3220 3240 studio
3246 3201 3466 3256 pauper.
3494 3186 3612 3242 Non
3641 3189 3761 3243 hac

2156 3272 2674 3329 medicamentorqu
2715 3275 2941 3329 istorum
2987 3276 3252 3346 prmeipua
3302 3276 3418 3332 laus
3451 3287 3566 3347 est,
3611 3279 3758 3348 quod

2157 3365 2370 3420 animas
2415 3373 2649 3432 sanent,
2707 3364 2853 3436 quod
2904 3368 3161 3436 temporis
3209 3368 3595 3439 longinquitate
3648 3386 3757 3425 non

2157 3465 2577 3527 corrumpantur
2596 3498 2611 3522 ,
2655 3457 2798 3528 quod
2828 3473 2858 3512 a
2885 3458 3086 3514 morbis
3113 3476 3219 3515 non
3248 3461 3531 3516 vincantur
3555 3504 3572 3530 ,
3612 3463 3756 3533 quod

2155 3566 2344 3607 eorum
2386 3551 2588 3606 utilitas
2613 3551 2783 3622 gratis
2809 3553 3082 3623 proposita
3110 3553 3202 3620 sit,
3233 3553 3377 3624 quod
3396 3569 3462 3610 ex
3490 3571 3643 3625 :rquo
3670 3556 3756 3610 di-

2159 3641 2360 3699 vitibus
2398 3650 2455 3698 et
2492 3642 2816 3714 pauperibus
2856 3650 3034 3714 pateat
3065 3643 3333 3700 medicina
3365 3645 3500 3700 :sed
3529 3655 3587 3700 et
3613 3645 3757 3700 aliud

2157 3735 2428 3807 quidpiam
2473 3735 2642 3792 nihilo
2670 3737 2849 3792 minus
2891 3737 2978 3793 his
3015 3737 3170 3793 bonis
3215 3738 3430 3794 habent.
3473 3739 3755 3807 Quodnam

2158 3825 2287 3881 illud
2317 3825 2532 3882 tandem
2570 3827 2690 3882 est?
2713 3826 2867 3894 Quod
2895 3843 2990 3883 eos
3015 3828 3108 3898 qui
3135 3828 3200 3883 ad
3230 3828 3367 3884 hanc
3397 3830 3593 3885 medici
3631 3831 3757 3885 olli-

2160 3917 2346 3972 cinam
2374 3919 2596 3973 veniunt
2634 3933 2744 3974 non
2767 3917 3127 3989 divulgamus.
3152 3919 3286 3974 Nam
3316 3919 3392 3975 illi
3420 3921 3638 3992 quidem
3667 3923 3759 3992 qui

2157 4008 2226 4063 ad
2256 4007 2508 4078 profanas
2533 4007 2865 4064 medicorum
2900 4006 3147 4064 officinas
3171 4009 3371 4065 abeunt
3393 4051 3409 4076 ,
3437 4010 3634 4067 multos
3666 4013 3759 4067 ba-

2158 4099 2289 4156 beut
2336 4100 2617 4156 vulnerum
2660 4110 2994 4171 spectatores
3022 4117 3039 4156 :
3067 4115 3130 4157 ac
3174 4101 3277 4157 nisi
3323 4102 3473 4172 prius
3518 4103 3760 4160 medicus

2158 4194 2310 4250 ulcus
2333 4193 2552 4266 detegat
2567 4235 2584 4261 ,
2617 4193 3069 4251 medicamentum
3095 4193 3449 4252 nonadbibet
3475 4213 3492 4251 :
3519 4195 3610 4253 hic
3631 4212 3760 4252 vero

2159 4302 2267 4342 non
2296 4286 2366 4341 ita
2394 4288 2451 4341 lit
2474 4328 2492 4355 ,
2539 4287 2634 4343 sed
2674 4301 2796 4343 cum
2838 4287 3151 4343 innumeros
3178 4287 3459 4345 videamus
3487 4301 3756 4360 aegrotos,

2159 4381 2376 4435 occulte
2405 4379 2524 4434 illos
2551 4394 2824 4435 curamus.
2860 4378 3047 4449 Neque
3072 4381 3216 4436 enim
3246 4381 3300 4435 in
3330 4381 3564 4436 medium
3595 4382 3768 4435 addu-

2159 4470 2262 4525 ctis
2289 4469 2682 4539 peccatoribus,
2710 4483 2898 4524 eorum
2920 4468 3114 4525 deinde
3144 4480 3362 4541 peccata
3386 4470 3757 4542 divulgamus:

2159 4559 2256 4615 sed
2276 4559 2549 4614 communi
2568 4559 2817 4614 omnibus
2837 4559 3077 4615 doctrina
3100 4561 3390 4630 proposita,
3416 4562 3767 4618 conscientia:

2161 4650 2517 4720 relinquimus
2540 4649 2868 4718 auditorum,
2898 4658 2958 4705 ut
2985 4653 3398 4707 convenientem
3429 4667 3529 4707 suo
3554 4653 3768 4708 vulneri

2161 4758 2229 4799 ex
2258 4743 2324 4798 iis
2343 4758 2463 4813 qua:
2486 4742 2625 4798 dicta
2652 4752 2777 4798 sunt
2802 4743 3020 4800 eliciant
3045 4743 3387 4800 medicinam.
3410 4744 3598 4801 Prodit
3619 4746 3764 4802 enim

2165 4835 2236 4889 ab
2261 4835 2492 4891 oratoris
2518 4835 2696 4906 lingua
2723 4836 2982 4891 doctrinm
3003 4851 3186 4892 sermo
3206 4839 3295 4908 qui
3316 4839 3763 4910 vituperationem

2161 4925 2278 4981 vitii
2305 4927 2568 4992 continet,
2597 4927 2809 4982 laudem
2837 4928 3069 4996 virtutis,
3100 4930 3576 5000 reprehensionem
3605 4932 3772 4989 luxu-

2161 5016 2292 5081 riae,
2336 5017 2862 5073 commendationem
2901 5020 3197 5088 castitatis,
3229 5022 3629 5078 accusationem
3671 5039 3770 5079 sn-

2161 5107 2384 5180 perbize,
2412 5109 2739 5179 prmconium
2769 5111 3070 5180 mochtize,
3103 5121 3374 5185 tamquam
3394 5116 3601 5170 varium
3632 5119 3771 5173 mul-

2160 5201 2432 5272 tiplexque
2483 5201 2831 5272 pbarmacum
2859 5219 2926 5260 ex
2950 5206 3200 5261 omnibus
3237 5208 3519 5277 speciebus
3547 5223 3770 5280 compo-

2161 5294 2325 5350 situm
2354 5308 2370 5349 :
2399 5306 2564 5363 porro
2591 5294 2920 5349 conveniens
2957 5295 3059 5350 sibi
3087 5305 3142 5350 et
3161 5297 3292 5352 utile
3322 5308 3378 5353 ut
3406 5300 3655 5371 accipiat,
3688 5312 3773 5356 est

2165 5385 2588 5456 uniuscujusque
2654 5385 2983 5442 auditorum.
3052 5389 3301 5444 Procedit
3363 5391 3522 5462 igitur
3585 5405 3774 5464 aperte

2164 5490 2348 5532 sermo
2373 5514 2388 5539 ,
2432 5485 2486 5531 et
2529 5475 2790 5547 cujusque
2832 5479 3178 5536 conscientia:
3220 5481 3496 5548 insidens,
3541 5483 3774 5541 latenter

2163 5582 2314 5621 suam
2355 5566 2574 5622 exhibet
2617 5566 2939 5623 medicinam
2963 5611 2976 5636 ,
3027 5579 3082 5624 et
3114 5572 3269 5642 prius
3309 5590 3468 5644 quam
3509 5577 3774 5646 :egritudo

2163 5657 2487 5729 publicetur,
2516 5671 2662 5728 smpe
2689 5659 2923 5716 restituit
2948 5661 3255 5716 sanitatem.

2244 5750 2298 5803 4.
2343 5749 2470 5803 lleri
2493 5749 2710 5819 quidem
2750 5761 2899 5807 certe
2924 5753 3167 5807 audiistis
3192 5769 3301 5824 quo
3330 5765 3487 5824 pacto
3517 5757 3765 5812 virtutem

2172 5842 2431 5895 orationis
2482 5840 2782 5907 laudarim,
2819 5839 2926 5914 quo
2970 5854 3122 5912 pacto
3164 5859 3258 5900 eos
3305 5848 3394 5917 qui
3443 5849 3768 5923 nt‘gliovn‘cr
