4062 6434
323 436 432 494 355

332 553 593 627 ῥημάτων
626 550 738 606 τῶν
793 549 852 618 ἐξ
885 548 1117 621 οὐρανοῦ
1157 548 1438 620 σύγκειται
1458 568 1473 584 ο
1500 550 1660 605 τοῦτο
1697 552 1797 606 οὐκ
1825 552 1910 604 ἰα-

325 637 472 708 τρῶν
499 638 705 707 χεῖρες,
728 633 864 687 ἀλλά
895 634 1191 705 προφητῶν
1222 634 1633 688 κατεσκεύασαν
1649 635 1909 704 γλῶτται.

326 719 424 772 Διά
446 715 606 772 τοῦτο
632 716 856 787 διαρκές
881 719 1018 779 ἐστι,
1043 717 1139 769 καὶ
1157 714 1281 769 οὔτε
1300 715 1495 787 πλήθει
1513 716 1719 788 χρόνων
1734 718 1913 787 ἀμαυ-

327 801 540 873 ροῦται,
571 797 699 854 οὔτε
737 799 964 868 δυνάμει
990 798 1314 868 νοσημάτων
1361 798 1667 869 ἐλέγχεται.
1703 799 1785 852 Τά
1814 799 1913 870 μὲν

324 874 435 955 γάρ
466 882 577 937 τῶν
641 880 844 953 ἰατρῶν
896 882 1160 951 φάρμακα
1192 881 1477 951 ἀμφότερα
1507 880 1679 935 ταῦτα
1707 881 1821 952 ἔχει
1843 881 1916 936 τὰ

324 965 717 1036 ἐλαττώματαο
743 963 910 1035 νεαρά
955 963 1052 1033 μὲν
1077 961 1185 1033 γάρ
1207 961 1335 1015 ὄντα
1372 962 1472 1031 τὴν
1520 964 1674 1035 ἰσχὺν
1712 964 1914 1018 ἐπιδεί-

323 1063 518 1102 κνυται
536 1048 634 1119 τὴν
655 1047 879 1101 ἐαυτῶνν
907 1047 1033 1099 ὅταν
1054 1045 1111 1098 δέ
1134 1044 1322 1117 χρόνος
1344 1045 1589 1119 παρέλθῃ
1608 1046 1794 1111 πολὺς,
1813 1064 1912 1100 κα-

324 1132 503 1204 θάπερ
517 1131 583 1184 τὰ
599 1130 945 1203 γεγηρακότα
959 1130 1067 1183 τῶν
1089 1131 1375 1200 σωμάτων,
1395 1130 1756 1204 ἀσθενέστερα
1769 1132 1915 1201 γίνε-

323 1232 438 1267 ται·
479 1214 736 1278 πολλάκις
775 1214 833 1267 δὲ
864 1214 1003 1266 αὑτά
1042 1214 1134 1266 καί
1172 1213 1429 1267 δυσκολία
1462 1215 1912 1287 ἀρρωστημάτων

322 1298 619 1367 διήλεγξενο
644 1296 962 1367 ἀνθρώπινα
994 1298 1103 1367 γάρ
1134 1300 1270 1350 ἐστι’
1294 1297 1357 1350 16
1382 1296 1437 1350 δὲ
1459 1297 1600 1351 θεῖον
1623 1300 1914 1370 φάρμακον

323 1381 384 1431 06
415 1380 674 1440 τοιοῦτον,
699 1379 835 1433 ἀλλά
854 1380 1045 1449 χρόνου
1075 1380 1457 1450 διαγενομένου
1476 1379 1690 1444 πολλοῦ,
1716 1382 1816 1451 τὴν
1830 1382 1912 1434 οἰ-

324 1463 478 1514 κείαν
505 1463 657 1533 ἰσχὺν
687 1461 801 1532 ἕχει
832 1464 1030 1516 πᾶσαν.
1079 1462 1169 1525 Ἐξ
1195 1462 1319 1514 ὅτου
1349 1462 1479 1530 γοῦν
1504 1461 1723 1531 ἐγένετο
1742 1465 1909 1516 Μωῦ-

325 1544 427 1614 σῆς
456 1544 538 1615 (ἐξ
568 1542 776 1612 ἐκείνου
808 1546 974 1616 γάρή
1003 1544 1149 1616 ἀρχὴ
1178 1543 1288 1597 τῶν
1319 1544 1593 1616 Γραφῶν),
1622 1546 1911 1609 τοσούτους

324 1628 694 1698 ἐθεράπευσεν
723 1626 1063 1697 ἀνθρώπους,
1090 1627 1184 1681 καὶ
1206 1626 1306 1697 τὴν
1331 1627 1538 1681 οἰκείαν
1561 1626 1789 1698 δύναμιν
1810 1629 1910 1682 οὐκ

321 1709 598 1764 ἀπέϐαλεν
621 1727 635 1742 ·
671 1710 786 1765 ἀλλ’
815 1709 938 1763 οὐδὲ
968 1709 1180 1779 νόσημα
1221 1709 1386 1764 αὑτοῦ
1415 1710 1760 1781 περιεγένετο
1792 1711 1909 1765 πώ-

320 1805 475 1845 ποτε.
505 1791 676 1845 Τοῦτο
699 1792 760 1845 τὺ
789 1791 1079 1863 φάρμακον
1096 1793 1196 1845 οὐκ
1222 1791 1369 1846 ἔστιν
1387 1793 1651 1866 ἀργύριον
1668 1795 1910 1849 καταϐα-

320 1872 483 1927 λόντα
518 1874 724 1938 λαϐεῖν,
755 1873 871 1929 ἀλλ’
905 1877 934 1927 6
963 1874 1283 1946 προαίρεσιν
1332 1875 1425 1928 καί
1482 1876 1723 1930 διάθεσιν
1772 1894 1909 1949 γνη-

324 1958 449 2011 σίαν
475 1956 905 2028 ἐπιδειξάμενος,
942 1956 1088 2010 ἀπαν
1121 1957 1262 2026 ἔχων
1319 1957 1553 2027 ἀπῆλθε.
1607 1957 1708 2012 Διά
1753 1959 1910 2013 τοῦτο

322 2038 422 2093 καὶ
451 2038 697 2093 πλούσιοι
737 2041 833 2093 καὶ
876 2040 1110 2110 πένητες
1137 2039 1339 2110 ὁμοίως
1366 2040 1464 2110 τῆς
1508 2040 1750 2112 ίατρείας
1781 2042 1911 2094 ἀπο·

321 2120 546 2177 λαύουσι
588 2122 812 2193 ταύτης.
860 2122 1030 2175 Ἔνθα
1055 2123 1154 2193 μὲν
1200 2122 1310 2195 γὰρ
1340 2123 1553 2196 ἀνάγκη
1581 2124 1900 2179 καταθεῖναι

317 2206 600 2276 χρήματα,
627 2207 656 2259 ὁ
687 2205 789 2276 μιν
816 2203 1049 2277 εὔπορος
1077 2206 1293 2276 μετέχει
1340 2207 1440 2277 τῆς
1470 2207 1770 2277 ὡφελείας·
1802 2211 1831 2264 ὀ
1850 2208 1908 2262 δὲ

321 2288 495 2359 πένης
520 2287 784 2352 πολλάκις
816 2288 1260 2360 ἀπεστερημένος
1288 2289 1381 2343 τοῦ
1410 2291 1632 2364 κέρδους
1673 2292 1909 2363 ἀπέρχε-

317 2385 430 2437 ται,
455 2364 558 2424 οὐκ
589 2370 865 2443 ἀρκούσης
902 2370 1053 2442 αὐτῷ
1088 2372 1195 2443 τῆς
1223 2372 1486 2439 προσόδου
1520 2372 1653 2444 πρὸς
1684 2375 1783 2445 τὴν
1813 2373 1906 2428 τοῦ

320 2454 616 2525 φαρμάκου
644 2455 1015 2525 κατασκευήν.
1061 2454 1323 2508 Ἐνταῦθα
1355 2454 1436 2518 δὲ,
1493 2456 1681 2527 ἐπειδὴ
1735 2456 1909 2526 ἀργύ-

318 2553 441 2608 ριον
470 2535 626 2609 [345]
659 2537 760 2590 οὐκ
783 2536 899 2589 ἐστι
924 2538 1275 2600 καταϐαλεῖν,
1316 2538 1454 2592 ἀλλά
1477 2539 1659 2594 πίστιν
1702 2541 1907 2594 ἐπιδεί-

320 2617 516 2683 ξασθαι
547 2619 629 2673 δεῖ
653 2620 746 2673 καὶ
785 2621 1127 2692 προαίρεσιν,
1157 2623 1187 2675 6
1207 2620 1382 2676 ταῦτα
1410 2620 1732 2677 καταϐαλὼν
1768 2624 1907 2694 μετά

316 2703 644 2774 προθυμίας,
669 2697 822 2766 οὗτος
849 2702 1157 2776 καρποῦται
1211 2704 1446 2773 μάλιστα
1481 2707 1582 2777 τὴν
1608 2706 1905 2777 ὠφέλειαν·

317 2785 507 2856 ἐπειδὴ
536 2786 632 2839 καί
663 2784 843 2840 ταῦτα
887 2786 988 2858 τῆς
1023 2786 1270 2854 ἰατρείας
1315 2789 1463 2842 ἐστὶν
1492 2791 1522 2843 6
1558 2791 1768 2860 μισθός.
1798 2791 1908 2844 Καὶ

314 2869 347 2921 6
373 2866 626 2931 πλούσιος
683 2868 778 2922 καί
818 2870 848 2921 6
884 2869 1054 2939 πένης
1102 2871 1199 2939 τῆς
1253 2869 1525 2939 ὠφελείας
1559 2871 1907 2926 κοινωνοῦσιν

315 2950 552 3022 όμοίως’
579 2951 782 3023 μᾶλλον
811 2951 869 3005 δὲ
884 2952 985 3023 οὐχ
1025 2952 1228 3023 ὁμοίως
1257 2955 1573 3010 κοινωνοῦσι
1616 2956 1716 3027 τῆς
1758 2955 1907 3024 ὠφε-

317 3034 488 3101 λείας,
514 3035 654 3089 άλλά
684 3036 946 3100 πολλάκις
981 3036 1271 3097 πλείονοςι
1313 3039 1630 3104 ἀπολαύσας
1674 3042 1705 3094 6
1737 3038 1906 3109 πένης

315 3118 638 3190 ἀπέρχεται.
671 3118 737 3172 Τί
760 3118 991 3190 δήποτες
1028 3120 1151 3173 Ὅτι
1174 3122 1207 3174 6
1234 3119 1335 3191 μὲν
1382 3121 1635 3186 πλούσιος
1684 3123 1906 3186 πολλαῖς

321 3201 864 3273 προκατειλημμένος
892 3203 1194 3274 φροντίσιν,
1228 3203 1370 3276 έχων
1382 3206 1484 3277 τὴν
1511 3206 1776 3263 ἀπόνοιαν
1810 3208 1907 3263 καὶ

315 3284 380 3336 16
416 3284 649 3355 φύσημα
675 3285 738 3338 16
789 3285 890 3355 τῆς
942 3283 1229 3357 εὐπορίας,
1263 3287 1527 3360 ὀλιγωρίᾳ
1576 3289 1755 3354 συζῶν
1811 3291 1908 3344 καὶ

316 3367 583 3441 ῥᾳθυμία,
608 3368 670 3422 ού
710 3368 850 3439 μετά
884 3369 1089 3440 πολλῆς
1135 3371 1237 3442 τῆς
1266 3372 1575 3443 ἀκριϐείας,
1612 3374 1735 3427 οὐδὲ
1766 3375 1907 3445 μετὰ

315 3451 517 3524 πολλῆς
542 3452 643 3522 τῆς
665 3453 905 3523 σπουδῆς
932 3453 994 3507 16
1022 3454 1314 3526 φάρμακον
1335 3458 1433 3527 τῆς
1460 3457 1776 3526 ἀκροάσεως
1798 3456 1907 3511 τῶν

315 3533 548 3606 Γραφῶν
582 3537 831 3607 δέχεται·
858 3539 887 3591 6
925 3537 982 3591 δέ
1017 3538 1186 3610 πένης
1231 3538 1441 3609 τρυφῆς
1480 3539 1574 3592 καί
1602 3539 1907 3610 ἀδηφαγίας

316 3616 413 3670 καὶ
430 3618 699 3690 ῥᾳθυμίας
720 3618 1157 3692 ἀπηλλαγμένος,
1186 3619 1400 3673 ἅπαντα
1427 3620 1519 3674 16v
1540 3621 1731 3692 χρόνον
1763 3624 1820 3676 ἐν
1837 3626 1904 3695 τῇ

313 3700 427 3752 τῶν
455 3702 653 3772 χειρῶν
698 3704 931 3775 ἐργασίᾳ⁵
962 3704 1188 3766 καὶτοῖς
1215 3702 1444 3768 δικαίοις
1474 3704 1779 3758 ἀναλίσκων
1810 3706 1907 3759 1:6-

314 3799 447 3848 νοις,
470 3784 565 3837 καὶ
593 3784 790 3857 πολλὴν
811 3786 1057 3840 ἐντεῦθεν
1088 3785 1233 3857 ψυχῇ
1267 3785 1539 3856 συλλέγων
1561 3786 1901 3857 φιλοσοφίαν,

316 3867 824 3940 προσεκτικώτερός
870 3887 930 3923 τε
975 3869 1071 3925 καὶ
1122 3870 1480 3941 εὐτονώτερος
1527 3869 1761 3937 γίνεται,
1809 3871 1905 3924 καὶ

256 3968 259 3969 ν
318 3948 460 4017 μετά
498 3950 744 4015 πλείονος
809 3953 1079 4024 προσέσχε
1151 3950 1437 4022 ἀκριϐείας
1483 3955 1597 4015 τοῖς
1675 3952 1905 4022 λεγομέ-

315 4049 449 4096 νοιςο
482 4033 605 4088 ὅθεν
624 4034 720 4088 καὶ
749 4035 968 4089 πλείονα
990 4034 1314 4091 καταϐαλὼν
1333 4036 1425 4089 τὸν
1448 4035 1662 4106 μισθὸν,
1683 4037 1905 4092 πλείονα

314 4117 414 4189 τὴν
443 4117 710 4187 ὠφέλειαν
738 4120 1172 4191 καρπωσάμενος
1193 4120 1432 4175 ἄπεισιν.

388 4211 454 4283 β’.
490 4213 567 4267 Οὐ
607 4213 718 4267 τῶν
747 4215 1120 4269 πλουτούντων
1148 4214 1336 4279 ἁπλῶς
1379 4216 1700 4288 κατηγορῶν
1730 4215 1903 4270 ταῦτα

316 4289 490 4363 εἷπον,
514 4297 637 4352 οὐδὲ
664 4300 791 4362 τοὺς
814 4298 1056 4371 πένητας
1089 4298 1277 4363 ἀπλῶς
1305 4299 1560 4353 ἐπαινῶν*
1588 4298 1713 4353 οὔτε
1734 4301 1844 4370 γάρ
1873 4301 1903 4353 6

316 4377 548 4444 πλοῦτος
568 4379 759 4445 κακὸν,
783 4380 920 4435 ἀλλὰ
940 4381 1003 4435 16
1029 4382 1217 4442 κακῶς
1237 4380 1541 4455 κεχρῆσθαι
1568 4380 1644 4454 τῷ
1663 4382 1898 4453 πλούτῳ⁸

314 4460 445 4516 οὔτε
475 4464 509 4534 ἡ
533 4464 694 4518 πενία
727 4465 912 4530 καλὸν,
935 4464 1073 4519 ἀλλὰ
1090 4465 1152 4518 τὸ
1169 4465 1349 4530 καλῶς
1370 4465 1673 4537 κεχρῆσθαι
1706 4467 1774 4537 τῇ
1806 4482 1903 4519 πε-

313 4545 425 4618 νία.
459 4546 785 4611 Ἐκολάζετο
814 4551 844 4603 6
880 4548 1133 4611 πλούσιος
1165 4550 1371 4611 ἐκεῖνος
1398 4549 1427 4601 6
1464 4549 1558 4601 ἐπὶ
1596 4548 1692 4600 τοῦ
1722 4546 1903 4613 Λαζά-

318 4644 438 4700 ρου,
470 4629 572 4683 οὐκ
604 4630 796 4703 ἐπειδὴ
837 4631 1095 4694 πλούσιος
1123 4626 1224 4702 ἦν,
1274 4630 1389 4684 ἀλλ’
1419 4629 1609 4701 ἐπειδὴ
1639 4630 1789 4701 ὠμὸς
1830 4624 1901 4702 ἦν

314 4712 415 4766 καὶ
434 4713 823 4786 ἀπάνθρωπος.
858 4715 1195 4789 Ἐπηνεῖτοό
1232 4714 1402 4785 πένης
1426 4715 1633 4777 ἐκεῖνος
1651 4715 1899 4778 όνέν-τοῖς

315 4795 541 4860 κόλποις
569 4797 666 4851 τοῦ
716 4797 1003 4871 ’Δϐραάμ,
1047 4798 1152 4851 οὐκ
1184 4797 1373 4868 ἐπειδὴ
1421 4796 1591 4868 πένης
1631 4793 1735 4867 ἦν,
1780 4796 1897 4851 ἀλλ’

313 4879 507 4951 ἐπειδὴ
536 4882 654 4953 μετ’
677 4881 1028 4953 εὐχαριστίας
1058 4881 1157 4953 τὴν
1185 4881 1374 4935 πενίαν
1395 4880 1615 4953 ἧνεγκε.
1644 4881 1767 4935 Ἰἷῶν
1788 4880 1898 4953 γάρ

315 4965 663 5035 πραγμάτων
687 4964 1007 5038 (προσέχετε
1034 4965 1092 5019 δὲ
1123 4965 1265 5036 μετά
1293 4964 1576 5037 ἀκριϐείας
1608 4964 1783 5034 τούτῳ
1820 4965 1898 5036 τῷ

314 5048 491 5119 λόγῳ’
524 5048 716 5118 ίκανὴν
744 5049 853 5120 γάρ
888 5050 1018 5121 ὑμῖν
1056 5049 1291 5104 ἐνθεῖναι
1325 5048 1643 5119 φιλοσοφίαν
1670 5048 1897 5119 δυνήσε-

315 5147 427 5194 ται,
464 5131 558 5184 καὶ
581 5131 761 5184 πάντα
787 5131 1181 5203 διεφθαρμένον
1209 5132 1469 5204 λογισμὸν
1499 5132 1773 5197 ἐκϐαλεῖν,
1804 5130 1899 5184 καὶ

316 5214 542 5283 ποιῆσαι
567 5214 827 5285 περὶτῶν
849 5214 1018 5269 όντων
1041 5216 1206 5287 ὀρθὴν
1234 5217 1380 5288 ἔχειν
1409 5216 1507 5287 τὴν
1533 5216 1761 5287 κρίσιν),
1788 5216 1898 5268 τῶν

316 5295 501 5349 τοίνυν
537 5299 879 5369 πραγμάτων
908 5298 978 5351 τὰ
1014 5300 1111 5371 μέν
1141 5301 1256 5352 ἐστι
1286 5299 1445 5365 φύσει
1467 5299 1627 5360 καλά,
1654 5299 1724 5352 τά
1754 5298 1813 5351 δὲ
1838 5298 1899 5350 τὸ

317 5378 591 5433 ἐναντίον·
626 5379 697 5433 τὰ
747 5380 803 5434 δὲ
848 5379 971 5434 οὔτε
1019 5380 1159 5435 καλά
1185 5420 1200 5447 ,
1250 5380 1374 5435 οὔτε
1414 5381 1590 5448 κακὰ,
1625 5381 1761 5435 ἀλλά
1798 5382 1898 5451 τὴν

322 5463 497 5533 μέσην
524 5462 677 5527 τάξιν
702 5463 906 5535 ἐπέχει.
941 5464 1120 5517 Καλὸν
1155 5467 1189 5536 ή
1224 5465 1473 5519 εὐσέϐεια
1504 5465 1685 5534 φύσει,
1728 5464 1897 5517 κακὸν

317 5547 352 5613 η
389 5544 612 5599 ἀσέϐεια
633 5563 647 5576 ·
682 5546 843 5599 καλὸν
883 5548 916 5617 ή
949 5547 1116 5619 ἀρετὴ
1140 5587 1155 5610 ,
1196 5547 1365 5601 κακὸν
1413 5550 1451 5618 ἡ
1488 5548 1752 5619 πονηρία·
1785 5549 1813 5600 6
1840 5546 1898 5599 δέ

323 5627 552 5694 πλοῦτος
578 5630 674 5683 καὶ⁷
692 5632 726 5701 ή
752 5630 911 5684 πενία
938 5630 1059 5684 καθ’
1085 5631 1252 5685 ἐαυτά
1283 5631 1381 5703 μὲν
1400 5629 1524 5686 οὔτε
1549 5631 1711 5686 τοῦτό
1726 5633 1894 5695 ἐστιν,

386 5793 411 5859 ξ
437 5792 656 5859 I'L'chpsl
676 5794 1123 5859 leclinmargipglis
1144 5795 1331 5858 Samii,
1345 5809 1487 5859 quam
1508 5798 1758 5846 conﬁrmat
1778 5797 1895 5849 Cod.

319 5852 428 5904 τιὸ.
457 5854 707 5905 Edebalur
724 5852 973 5913 πλειόνωςῖ
1003 5858 1138 5907 lion.

1277 433 1594 492 PECCATA
1632 432 1969 491 FRATRUM
2009 431 2149 489 NON
2189 430 2625 488 ενυιϐιικιιι.

3486 415 3595 472 ’558

2017 544 2140 599 οὔτε
2175 545 2379 598 ἐκεῖνοι
2417 540 2568 613 παρά
2593 540 2651 595 δέ
2674 532 2775 613 τὴν
2805 536 3127 611 προαίρεσιν
3157 537 3266 592 τῶν
3294 537 3593 611 χρωμένων

2015 637 2050 709 ἢ
2088 636 2250 690 τοῦτο
2285 637 2320 706 ἢ
2352 636 2530 688 ἐκεῖνο
2557 633 2790 702 γίνεται.
2820 634 2916 684 Ἂν
2949 631 3049 702 μὲν
3078 630 3188 703 γὰρ
3230 633 3368 701 πρὸς
3399 630 3595 699 φιλαν-

2017 729 2266 802 θρωπίαν
2314 729 2499 801 χρήσῃ
2539 725 2619 797 τῷ
2669 724 2921 796 πλούτῳ,
2966 723 3159 794 γέγονέ
3206 741 3290 777 σοι
3335 721 3499 776 καλοῦ
3531 722 3596 775 16

2015 823 2253 893 πρᾶγμα
2284 818 2541 882 ὑπόθεσις
2557 834 2571 848 ο
2597 818 2664 873 ἂν
2689 817 2747 871 δὲ
2776 819 2855 879 εἰς
2887 815 3139 887 ἁρπαγάς
3165 814 3261 867 καὶ
3282 810 3595 876 πλεονεξίας

2017 914 2112 971 καί
2146 912 2327 984 ὓϐριν,
2355 910 2492 981 πρὸς
2515 910 2577 963 16
2610 908 2849 963 ἐναντίον
2879 907 3113 979 ἔτρεψας
3137 904 3302 960 αὐτοῦ
3333 905 3433 976 τὴν
3458 904 3595 975 χρῆ-

2016 1023 2119 1064 σιν.
2146 1002 2260 1057 ἀλλ’
2290 1002 2390 1073 οὐχ
2417 1004 2446 1056 6
2483 999 2712 1063 πλοῦτος
2736 1001 2928 1063 αἴτιος,
2957 998 3072 1052 ἀλλ’
3110 1000 3140 1051 6
3169 996 3305 1069 πρὸς
3332 996 3489 1067 ὓϐριν
3514 995 3595 1065 τῷ

2016 1093 2232 1165 πλούτῳ
2256 1092 2618 1165 χρησάμενος.
2637 1088 2792 1144 Οῦτω
2813 1088 2911 1142 καὶ
2942 1088 3070 1161 περί
3099 1089 3201 1159 τῆς
3231 1085 3420 1147 πενίας
3444 1086 3594 1138 ἔστιν

2012 1188 2191 1240 εἰπεῖν
2212 1200 2225 1214 ·
2256 1183 2324 1238 ἂν
2350 1183 2449 1254 μὲν
2478 1181 2589 1254 γὰρ
2617 1180 2881 1251 γενναίως
2910 1179 3081 1251 αὐτὴν
3114 1177 3347 1251 ἐνέγκῃς
3373 1177 3595 1247 εὐχαρι-

2014 1276 2156 1331 στῶν
2189 1274 2270 1346 τῷ
2305 1273 2575 1347 Δεσπότῃ,
2610 1270 2803 1342 γέγονέ
2843 1288 2928 1325 σοι
2955 1269 3236 1339 στεφάνων
3265 1269 3328 1322 16
3359 1269 3594 1339 πρᾶγμα

2013 1366 2236 1439 ἀφορμὴ
2282 1365 2377 1421 καὶ
2408 1365 2698 1429 ύπόθεσις’
2740 1364 2807 1419 ἂν
2841 1364 2899 1418 δέ
2932 1364 3259 1434 βλασφημῇς
3300 1358 3391 1414 διὰ
3435 1359 3596 1413 τοῦτο

2010 1461 2103 1515 τὸν
2134 1459 2501 1532 πεποιηκότα,
2530 1459 2626 1513 καὶ
2664 1460 2976 1529 κατηγορῇς
2999 1455 3165 1509 αὑτοῦ
3190 1456 3289 1525 τῆς
3316 1454 3591 1525 προνοίας,

2011 1553 2105 1607 ἐπὶ
2142 1552 2299 1623 κακῷ
2325 1550 2488 1605 πάλιν
2520 1550 2741 1623 ἐχρήσω
2761 1550 2841 1622 τῷ
2873 1550 3182 1620 πράγματι.
3236 1546 3375 1600 Ἀλλ’
3403 1545 3593 1616 ὥσπερ

2011 1644 2129 1697 ἐκεῖ
2154 1644 2254 1714 τῆς
2280 1642 2591 1708 πλεονεξίας
2628 1642 2728 1713 οὐχ
2753 1642 2781 1694 6
2808 1640 3036 1703 πλοῦτος
3067 1638 3259 1702 αἴτιος,
3287 1637 3401 1690 ἀλλ’
3429 1639 3458 1689 6
3490 1654 3593 1689 κα-

2010 1734 2125 1798 κῶς
2152 1733 2231 1805 τῷ
2263 1733 2479 1804 πλούτῳ
2511 1734 2856 1805 χρησάμενος
2876 1748 2892 1764 ⁸
2925 1731 3068 1785 οὕτω
3094 1731 3190 1783 καί
3226 1728 3460 1782 ἐνταῦθα
3492 1727 3594 1797 τῆς

2012 1825 2364 1899 βλασφημίας
2418 1825 2480 1878 οὐ
2524 1826 2624 1895 τὴν
2665 1825 2858 1879 πενίαν
2901 1821 3292 1894 αἰτιασόμεθα,
3324 1820 3460 1874 άλλά
3500 1821 3596 1873 τὸν

2014 1918 2090 1989 μὴ
2121 1914 2452 1986 βουληθέντα
2481 1914 2778 1985 σωφρόνως
2808 1914 2869 1968 16
2901 1915 3135 1986 πρᾶγμα
3159 1914 3417 1981 ἐνεγκεῖν.
3445 1912 3594 1964 Παν-

2008 2004 2178 2076 ταχοῦ
2204 2003 2315 2076 γὰρ
2347 2004 2443 2057 καὶ
2470 2005 2499 2056 6
2523 2004 2745 2069 ἔπαινος
2766 2003 2864 2058 καὶ
2880 2006 2909 2058 6
2931 2004 3098 2073 ψόγος
3118 2004 3218 2073 τῆς
3249 2001 3474 2073 γνώμης
3494 2003 3596 2071 τῆς

2193 2095 2473 2167 ἡμετέρας
2502 2096 2595 2148 καὶ
2627 2096 2726 2166 τῆς
2759 2094 3130 2166 προαιρέσεώς
3156 2096 3325 2148 ἐστιν.
3367 2094 3595 2162 ’Δγαθὸς

2007 2188 2038 2243 ὁ
2068 2186 2319 2251 πλοῦτος,
2352 2186 2468 2240 ἀλλ’
2505 2185 2606 2258 οὐχ
2648 2186 2856 2253 ἁπλῶς,
2885 2186 3002 2240 ἀλλ’
3031 2179 3078 2255 ᾧ
3120 2188 3197 2257 μή
3232 2188 3380 2240 ἐστιν
3413 2186 3596 2257 ἀμαρ-

2006 2280 2128 2333 τία·
2165 2280 2259 2334 καί
2289 2279 2488 2343 πάλιν,
2537 2278 2755 2350 πονηρά
2781 2280 2816 2350 ή
2866 2279 3046 2344 πενία,
3087 2279 3201 2332 ἀλλ’
3237 2278 3336 2347 οὐχ
3382 2276 3591 2340 ἁπλῶς,

2009 2370 2127 2424 ἀλλ’
2156 2370 2216 2423 ἐν
2249 2371 2480 2441 στόματι
2502 2368 2755 2433 ἀσεϐοῦς,
2788 2368 2975 2441 ἐπειδὴ
3007 2369 3371 2442 δυσχεραίνει,
3405 2368 3595 2440 ἐπειδὴ

2009 2461 2344 2534 βλασφημεῖ,
2378 2459 2569 2533 ἐπειδὴ
2601 2462 2922 2531 ἀγανακτεῖ,
2949 2460 3139 2533 ἐπειδὴ
3174 2461 3471 2533 κατηγορεῖ
3498 2459 3592 2514 τοῦ

2010 2553 2391 2623 πεποιηκότος.

2078 2647 2150 2712 γ’.
2177 2641 2271 2713 Μὴ
2285 2642 2470 2696 τοίνυν
2489 2639 2888 2713 κατηγορῶμεν
2905 2638 3157 2703 πλούτου,
3196 2639 3331 2713 μηδὲ
3347 2640 3590 2704 κακίζω-

2010 2742 2112 2797 μεν
2143 2725 2334 2781 πενίαν
2358 2725 2568 2792 ἀπλῶς,
2595 2724 2734 2779 ἀλλά
2763 2725 2891 2790 τοὺς
2923 2725 3023 2778 οὐκ
3061 2724 3343 2788 ἐθέλοντας
3380 2723 3592 2788 τούτοις

2007 2809 2242 2881 χρῆσθαι
2289 2808 2508 2873 καλῶς·
2555 2808 2697 2863 αὐτά
2728 2807 2838 2881 γὰρ
2876 2807 2945 2861 τὰ
2988 2808 3292 2880 πράγματα
3339 2810 3398 2862 ἐν
3438 2808 3591 2879 μέσῳ

2008 2895 2204 2947 κεῖται.
2242 2892 2385 2946 ’Δλλ⁹
2410 2893 2550 2961 ὅπερ
2574 2891 2759 2960 ἐλεγον
2785 2889 2989 2960 (καλὸν
3012 2891 3123 2962 γάρ
3153 2891 3471 2944 ἐπανελθεῖν
3497 2893 3592 2945 ἐπὶ

2006 2974 2108 3047 τὴν
2140 2974 2412 3047 προτέραν
2435 2973 2751 3043 ὑπόθεσιν),
2776 2975 2860 3027 ὅτι
2888 2976 2981 3027 καὶ
3009 2973 3262 3039 πλούσιος
3295 2974 3388 3027 καὶ
3422 2975 3591 3045 πένης

2011 3057 2151 3128 μετά
2178 3058 2279 3128 τῆς
2305 3056 2476 3128 αὐτῆς
2516 3056 2701 3119 ἀδείας
2742 3057 2834 3110 καὶ
2874 3056 3184 3129 παρρησίας
3216 3057 3325 3109 τῶν
3354 3056 3592 3111 ἐνταῦθα

2010 3141 2321 3213 φαρμάκων
2367 3139 2700 3195 ἀπολαύουσι
2717 3155 2732 3170 ο
2769 3139 3028 3205 πολλάκις
3074 3139 3131 3194 δέ
3171 3140 3309 3211 μετά
3347 3141 3591 3206 πλείονος

2010 3224 2252 3295 σπουδῆς
2282 3225 2311 3277 6
2339 3222 2530 3295 πένης.
2552 3222 2689 3278 Ούδέ
2715 3222 2825 3295 γάρ
2855 3222 3015 3277 τοῦτο
3041 3224 3202 3294 μόνον
3227 3224 3346 3278 ἐστί
3366 3225 3425 3279 τὸ
3446 3225 3593 3292 ἐξαί-

2010 3323 2167 3380 ρετον
2190 3306 2301 3361 τῶν
2318 3305 2651 3377 φαρμάκων,
2669 3307 2751 3360 δτι
2776 3306 2957 3377 ψυχὰς
2981 3306 3038 3360 θε
3048 3307 3293 3377 ραπεύει,
3316 3309 3399 3362 δτι
3423 3311 3589 3381 μήκει

2008 3388 2202 3461 χρόνου
2229 3389 2288 3441 ού
2309 3388 2702 3459 διαφθείρεται,
2727 3389 2808 3441 δτι
2834 3388 2939 3441 ὑπὸ
2970 3390 3271 3460 νοσήματος
3298 3390 3397 3463 οὐχ
3420 3393 3588 3463 ήττᾶ-

2006 3489 2121 3536 ται,
2154 3473 2237 3526 ὅτι
2270 3471 2480 3542 δωρεάν
2526 3471 2811 3544 πρόκειται
2860 3475 2894 3544 ὴ
2945 3473 3203 3544 ὠφέλεια,
3253 3477 3335 3529 δτι
3367 3476 3427 3542 ἐξ
3448 3479 3587 3531 σίσου

2008 3557 2105 3609 καὶ
2135 3555 2412 3621 πλουσίοις
2439 3557 2533 3610 καὶ
2554 3556 2749 3629 πένησι
2774 3557 2835 3611 16
2854 3558 2954 3629 τῆς
2979 3557 3309 3631 θεραπείας·
3332 3560 3448 3614 ἀλλ’
3474 3562 3591 3632 ἔχει

2006 3657 2060 3693 τι
2099 3642 2196 3694 καὶ
2221 3641 2409 3711 ἕτερον
2436 3641 2537 3694 οῦκ
2565 3639 2786 3695 ἔλαττον
2808 3641 3012 3695 τούτων
3033 3643 3143 3697 τῶν
3167 3645 3410 3714 ἀγαθῶν.
3430 3649 3593 3701 Ποῖον

2005 3722 2071 3795 δὴ
2104 3722 2297 3789 τοῦτο;
2330 3723 2468 3787 Τοὺς
2504 3723 2833 3795 ἐρχομένους
2857 3726 2939 3788 εἰς
2961 3725 3024 3779 16
3068 3728 3303 3798 ἰατρεῖον
3342 3729 3500 3782 τοῦτο
3524 3731 3588 3783 ού

2005 3807 2405 3883 δημοσιεύομεν
2441 3808 2737 3883 ήμεῖςηῼί-
2758 3811 2859 3883 μὲν
2895 3809 3005 3882 γάρ
3044 3811 3124 3883 εἰς
3166 3812 3236 3865 τά
3275 3814 3486 3883 ἰατρεῖα
3517 3815 3585 3868 τά

2016 3877 2217 3944 ἔξωθεν
2248 3877 2523 3941 ἀπιόντες,
2557 3877 2787 3942 πολλοὺς
2826 3877 3009 3949 έχουσι
3032 3882 3159 3944 τοὺς
3196 3883 3265 3936 τά
3294 3877 3587 3953 τραύματα

2007 3958 2380 4031 θεωροῦντας·
2413 3961 2517 4013 κᾶν
2548 3959 2624 4031 μη
2668 3961 2994 4034 ἀποκαλύψῃ
3030 3964 3295 4035 πρότερον
3334 3967 3363 4019 6
3403 3967 3587 4039 ἰατρὸς

2004 4043 2066 4096 16
2086 4043 2263 4107 ἕλκος,
2296 4043 2357 4096 16
2389 4044 2678 4113 φάρμακον
2717 4045 2818 4098 οὐκ
2866 4046 3206 4117 ἐπιτίθησιν⁸
3256 4048 3492 4104 ἐνταῦθα
3528 4051 3587 4106 δὲ

2005 4127 2106 4197 οὐχ
2133 4126 2327 4191 οὕτως,
2363 4126 2502 4181 ἀλλὰ
2533 4127 2760 4198 μυρίους
2792 4129 3029 4199 ὁρῶντες
3073 4129 3413 4202 κάμνοντας,
3455 4132 3584 4186 λαν-

2004 4209 2277 4274 θανόντως
2319 4210 2620 4282 ποιούμεθα
2650 4211 2748 4283 τὴν
2794 4213 3092 4283 θεραπείαν
3122 4216 3323 4269 αὐτῶν.
3357 4218 3432 4269 Ού
3472 4218 3584 4290 γάρ

2005 4294 2086 4357 εἰς
2121 4294 2285 4364 μέσον
2326 4295 2551 4364 ἄγοντες
2584 4295 2711 4359 τοὺς
2762 4297 3187 4368 ἡμαρτηκότας,
3230 4298 3375 4352 οὓτω
3416 4305 3586 4370 δημο-

2007 4377 2263 4448 σιεύομεν
2293 4378 2473 4431 αὐτῶν
2501 4376 2570 4431 τὰ
2593 4378 2966 4450 ἁμαρτήματα
2992 4395 3005 4409 ·
3036 4380 3172 4433 ἀλλά
3198 4381 3381 4453 κοινήν
3410 4383 3587 4436 ἀπασι

2004 4464 2296 4536 προθέντες
2328 4465 2427 4538 τὴν
2452 4464 2822 4530 διδασκαλίαν,
2850 4466 2928 4538 τῷ
2947 4468 3055 4520 τῶν
3075 4469 3440 4540 ἀκροωμένων
3460 4487 3586 4523 συν-

2002 4546 2166 4599 ειδότι
2199 4547 2708 4618 καταλιμπάνομεν,
2740 4547 2881 4600 ὥστε
2906 4548 3135 4604 ἕκαστον
3156 4551 3218 4603 16
3249 4552 3585 4623 κατάλληλον

2003 4629 2297 4700 φάρμακον
2352 4628 2432 4699 τῷ
2486 4630 2673 4699 οἰκείῳ
2705 4631 2980 4701 τραύματι
3014 4633 3080 4686 ἐκ
3118 4632 3226 4689 τῶν
3273 4632 3585 4706 λεγομένων

2000 4712 2433 4768 ἐπισπάσασθαι.
2456 4713 2677 4785 Πρόεισι
2703 4714 2803 4784 μὲν
2832 4715 2941 4787 γάρ
2967 4715 2996 4768 6
3023 4716 3179 4785 λόγος
3204 4716 3303 4789 τῆς
3330 4718 3588 4773 διδασκα-

1999 4796 2122 4858 λίας
2143 4795 2252 4850 ἀπὸ
2280 4797 2378 4867 τῆς
2409 4796 2656 4869 γλώττης
2679 4797 2773 4852 τοῦ
2794 4797 3062 4866 λέγοντος,
3082 4800 3219 4869 ἔχων
3247 4803 3586 4875 κατηγορίαν

2000 4879 2218 4945 κακίας,
2245 4879 2466 4934 ἔπαινον
2496 4880 2721 4952 ἀρετῆς,
2746 4881 2951 4953 μέμψιν
2968 4882 3278 4951 ἀσελγείας,
3307 4886 3590 4958 ἐγκώμιον

2002 4962 2393 5036 σωφροσύνης,
2444 4962 2613 5033 ψόγον
2643 4964 2940 5030 ἀπονοίας,
2982 4967 3285 5032 ἐπιεικείας
3330 4968 3589 5034 ἔπαινον..

2000 5047 2254 5119 καθάπερ
2322 5046 2568 5100 ποικίλον
2624 5047 2719 5101 καὶ
2772 5050 3114 5103 παντοδαπὸν
3161 5051 3457 5124 φάρμακον
3522 5055 3589 5121 ἐξ

2001 5131 2259 5184 ἁπάντων
2296 5128 2455 5183 εἰδῶν
2490 5129 2851 5201 συγκείμενον
2869 5146 2883 5161 °
2915 5131 2976 5186 16
3015 5132 3075 5187 δέ
3110 5134 3423 5206 πρόσφορον
3455 5136 3586 5188 ἐαυ-

1998 5214 2078 5287 τῷ
2127 5214 2223 5269 καὶ
2269 5220 2541 5287 χρήσιμον
2587 5214 2799 5279 λαϐεῖν,
2858 5216 3088 5272 ἑκάστου
3126 5216 3237 5271 τῶν
3271 5220 3583 5272 ἀκουόντων

1997 5298 2135 5351 ἐστί.
2176 5298 2398 5369 Πρόεισι
2445 5298 2544 5368 μὲν
2587 5292 2681 5352 οὖν
2729 5298 2981 5373 φανερῶς
3022 5300 3052 5351 6
3081 5298 3269 5367 λόγος,
3304 5302 3385 5363 εἰς
3418 5301 3474 5354 δέ
3517 5304 3579 5355 16

1999 5382 2233 5435 ἑκάστου
2280 5380 2520 5445 συνειδὸς
2562 5382 3023 5452 ἐγκαθεζόμενος,
3079 5380 3452 5446 λανθανόντως
3483 5388 3581 5438 καὶ

1997 5465 2097 5537 τὴν
2144 5466 2274 5535 παρ’
2318 5463 2516 5519 ἑαυτοῦ
2564 5464 2861 5535 θεραπείαν
2906 5464 3170 5535 παρέχει,
3221 5467 3318 5520 καὶ
3365 5469 3494 5539 πρὶν
3540 5469 3576 5541 ἢ

1996 5548 2423 5621 δημοσιευθῆναι
2489 5547 2554 5602 16
2604 5548 2853 5622 νόσημα,
2904 5546 3005 5620 τὴν
3052 5548 3263 5617 ὑγίειαν
3313 5551 3577 5617 πολλάκις

1997 5633 2299 5705 ἐπήγαγεν.

2073 5715 2104 5769 6
2118 5756 2132 5770 .
2174 5714 2473 5768 Ἠκούσατε
2489 5712 2619 5782 γοῦν
2636 5710 2782 5785 χθὲς,
2801 5713 2918 5780 πῶς
2933 5714 3174 5787 ἐπῄνεσα
3185 5716 3284 5787 τῆς
3297 5717 3464 5790 εὐχῆς
3476 5717 3574 5788 τὴν

1996 5798 2243 5870 δύναμιν,
2284 5798 2412 5863 πῶς
2433 5797 2666 5853 ἐκάκισα
2701 5797 2829 5862 τοῦς
2871 5798 3015 5870 μετά
3041 5798 3315 5873 ρᾳθυμίας
3345 5799 3574 5877 εὐχομέ·
