4062 6426
494 535 644 582 νους,
674 516 867 572 οὺδένα
908 515 1088 572 αὐτῶν
1123 516 1508 588 δημοσιεύοας.
1537 516 1600 569 Οἱ
1632 514 1733 586 μὲν
1775 511 1870 570 οῦν
1902 532 2076 569 συνει-

494 604 652 665 δότες
703 603 915 664 ἑαυτοῖς
958 600 1214 672 σπουδὴν,
1249 600 1497 666 ἐδέξαντο
1545 600 1607 654 τὺ
1661 599 1936 671 ἐγκώμιον
1975 600 2076 670 τῆς

497 688 684 757 εὐχῆς,
712 686 806 739 xal
844 683 1091 753 ἐγένοντο
1132 685 1542 757 σπουδαιότεροι
1578 686 1690 747 τοῖς
1720 680 1995 747 ἐπαίνοις·
2024 683 2077 736 οί

496 769 555 822 δέ
582 769 883 832 συνειδότες
921 770 1136 835 ἑαυτοῖς
1167 769 1464 841 ῥαθυμίαν,
1503 767 1751 833 ἐδέξαντο
1783 767 1946 822 πάλιν
1977 766 2078 836 τὴν

500 851 838 922 ἐπιτίμησιν,
870 853 965 906 καὶ
1000 854 1099 923 τὴν
1133 854 1423 925 ὀλιγωρίαν
1458 853 1742 907 ἀπέθεντο.
1783 850 1924 905 Ἀλλ’
1952 850 2079 904 οὔτε

497 932 739 998 τούτους,
758 932 881 989 οὔτε
903 936 1145 1002 ἐκείνους
1174 937 1352 1007 ἴσμεν·
1386 938 1419 1008 ἡ
1443 936 1500 989 δὲ
1534 936 1726 1003 ἄγνοια
1748 933 2080 1005 ἀμφοτέροις

501 1016 771 1087 χρήσιμος
801 1018 963 1088 αῦτη.
996 1018 1141 1085 Πῶς,
1180 1017 1291 1088 ἐγὼ
1320 1019 1486 1086 λέγω.
1528 1018 1587 1071 Ὀ
1638 1017 1748 1069 τῶν
1785 1014 2079 1085 ἐγκωμίων

497 1098 740 1164 ἀκούσας
765 1101 865 1172 τῆς
891 1101 1077 1173 εὐχῆς,
1111 1102 1207 1156 καὶ
1242 1100 1498 1164 συνειδὼς
1529 1097 1708 1169 ἐαυτῷ
1737 1096 2001 1167 σπουδὴν,
2030 1098 2081 1149 εί

499 1181 729 1245 πολλοὺς
750 1178 863 1253 εἶχε
885 1183 1169 1255 μάρτυρας
1199 1183 1308 1238 τῶν
1329 1182 1642 1253 ἐγκωμίων,
1670 1179 1807 1252 πρὸς
1824 1178 2081 1234 ἀπόνοιαν

499 1263 567 1317 ἂν
593 1263 923 1336 ἐξωλίσθησε
944 1282 958 1297 ·
992 1268 1113 1319 νυνὶ
1153 1266 1210 1319 δὲ
1251 1265 1624 1327 λανθανόντως
1660 1262 1952 1331 δεξάμενος
1988 1260 2081 1314 τὸν

501 1345 746 1410 ἔπαινον,
770 1347 953 1418 πάσης
974 1348 1295 1412 ἀλαζονείας
1317 1347 1684 1418 ἀπήλλακται.
1718 1345 1885 1399 Πάλιν
1903 1343 1932 1394 ό
1959 1360 2083 1396 συν-

501 1426 662 1492 ειδὼς
694 1429 874 1500 ἐαυτῷ
930 1430 1239 1502 ῥᾳθυμίαν,
1289 1432 1390 1500 τῆς
1450 1429 1782 1500 κατηγορίας
1820 1426 2080 1490 ἀκούσας,

501 1510 721 1579 ἐγένετο
750 1511 976 1581 βελτίων
1005 1506 1111 1567 ἀπὸ
1162 1514 1263 1584 τῆς
1321 1513 1675 1583 κατηγορίας.
1712 1510 1902 1563 οὐδένα
1937 1507 2082 1579 σχὼν

501 1594 601 1663 τῆς
620 1593 778 1667 [547]
809 1597 1177 1667 ἐπιτιμήσεως
1214 1595 1470 1665 γνωστῶν
1500 1608 1525 1636 α
1560 1593 1883 1665 ἀνθρώπιον·
1926 1590 2084 1644 τοῦτο

502 1673 563 1727 δὲ
588 1677 750 1731 αὑτὸν
783 1678 883 1748 οὐχ
907 1678 983 1740 ὡς
1017 1678 1206 1748 ἔτυχεν
1237 1676 1436 1748 ὢνησε.
1463 1677 1564 1731 Διά
1597 1676 1708 1747 γὰρ
1733 1675 1793 1728 τὸ
1820 1674 1957 1745 πρὸς
1982 1674 2083 1744 τὴν

503 1758 613 1814 τῶν
646 1760 856 1815 πολλῶν
887 1761 1182 1831 ἐπτοῆσθαι
1205 1762 1383 1829 δόξαν,
1434 1762 1540 1823 ἓως
1575 1761 1673 1830 μὲν
1702 1760 1767 1813 ἂν
1803 1757 2084 1811 λανθάνειν

504 1844 815 1915 νομίζωμεν
843 1844 996 1907 ὄντες
1035 1845 1217 1911 κακοὶ,
1262 1842 1637 1913 σπουδάζομεν
1683 1840 1929 1910 γίνεσθαι
1961 1838 2084 1909 βελ-

502 1923 674 1988 τίους·
707 1925 928 1979 ἐπειδὰν
958 1927 1013 1979 δὲ
1040 1929 1175 1980 πᾶσι
1202 1926 1494 1997 γενώμεθα
1520 1924 1834 1995 κατάδηλοι,
1870 1922 1965 1975 καὶ
1984 1921 2085 1991 τὴν

505 2009 573 2062 ἐκ
604 2008 697 2063 τοῦ
718 2009 1002 2065 λανθάνειν
1026 2011 1381 2081 ἀπολέσωμεν
1399 2009 1777 2081 παραμυθίαν,
1798 2007 2087 2075 ἀναισχυν-

503 2097 714 2169 τότεροι
738 2099 831 2151 καὶ
866 2098 1228 2170 ῥᾳθυμότεροι
1249 2098 1450 2168 μᾶλλον
1471 2096 1751 2167 γινόμεθα.
1785 2094 1895 2148 Καὶ
1914 2091 2086 2146 καθάο

504 2194 614 2247 περ
642 2179 709 2232 τὰ
742 2180 872 2252 ἕλκη
898 2180 1271 2251 γυμνούμενα,
1318 2181 1413 2234 καὶ
1477 2180 1601 2252 ἀέρι
1637 2177 1832 2248 ψυχρῷ
1876 2172 2087 2245 συχνῶς

503 2261 817 2331 ὁμιλοῦντα,
849 2263 1207 2334 χαλεπώτερα
1244 2265 1506 2333 γίνονται·
1567 2260 1712 2315 οὕτω
1745 2260 1841 2314 καὶ
1871 2260 1904 2329 ή
1936 2255 2084 2327 ψυχὴ

505 2346 879 2417 ἡμαρτηκυῖα,
937 2346 1003 2401 ἂν
1058 2347 1260 2418 μεταξὺ
1311 2344 1521 2400 πολλῶν
1564 2345 1851 2414 ἐλέγχηται
1883 2342 1966 2410 ἐφ’
2004 2337 2087 2403 οἷς

507 2427 951 2499 ἐπλημμέλησεν,
990 2429 1454 2500 ἀναισχυντοτέρα
1500 2428 1733 2496 γίνεται.
1766 2425 1863 2479 "lv‘
1888 2419 1982 2477 οὖν
2009 2421 2086 2492 μὴ

506 2510 664 2563 τοῦτο
684 2511 926 2582 γένηται,
940 2511 1311 2574 λανθανόντως
1328 2512 1356 2563 ὁ
1375 2512 1533 2581 λόγος
1561 2512 1706 2580 ὑμᾶς
1727 2508 2083 2579 ἐθεράπευσε.

507 2596 620 2648 Καὶ
640 2596 728 2649 ἵνα
756 2596 986 2667 μάθητε,
1010 2596 1092 2650 ὅτι
1114 2598 1147 2667 ἡ
1170 2595 1507 2650 λανθάνουσα
1544 2593 1683 2664 αῦτη
1712 2591 1923 2663 ἰατρεία
1950 2586 2085 2642 πολὺ

505 2679 569 2732 τὸ
602 2680 792 2753 κέρδος
822 2680 955 2752 ἔχει,
994 2681 1266 2734 ἀκούσατε
1296 2681 1349 2734 τί
1382 2697 1549 2751 φησιν
1583 2681 1611 2733 ὁ
1655 2677 1912 2750 Χριστός·
1952 2674 2089 2727 Ἐὰν

507 2762 738 2833 ἁμάρτῃ
768 2766 857 2831 είς
896 2766 972 2818 σὲ
1000 2767 1033 2819 ὁ
1087 2764 1354 2832 ἀδελφός
1385 2779 1529 2828 σου,
1562 2760 1818 2831 ἔλεγξον
1861 2758 2084 2814 αὐτόν·

508 2848 605 2902 καὶ
642 2848 743 2901 οὐκ
771 2843 911 2908 εἷπε,
948 2847 1150 2918 μεταξὺ
1184 2847 1276 2900 σοῦ
1318 2847 1413 2901 καὶ
1439 2847 1539 2917 τῆς
1570 2845 1798 2910 πόλεως,
1832 2843 1953 2898 οὐδὲ
1992 2856 2090 2911 με·-

506 2930 640 2994 ταξὺ
673 2929 766 2983 σοῦ
794 2932 888 2984 καὶ
909 2929 1005 2983 τοῦ
1028 2931 1223 3001 δήμου,
1253 2930 1411 2996 ἀλλά,
1440 2927 1680 2994 Μεταξὺ
1712 2925 1829 2981 σοῦ
1855 2926 1952 2980 καὶ
1982 2924 2089 2978 αὑ·

507 3012 617 3066 τοῦ
644 3013 859 3082 μόνον.
907 3013 1250 3084 ’Δμάρτυρος
1278 3012 1440 3076 ἔστω,
1478 3011 1665 3081 φησιν,
1695 3012 1729 3081 ὴ
1759 3007 2087 3078 κατηγορία,

511 3094 600 3148 ῖνα
631 3093 851 3158 εὔκολος
901 3094 1129 3165 γένηται
1168 3094 1202 3165 ὴ
1251 3092 1389 3165 πρὸς
1450 3092 1736 3164 διόρθωσιν
1792 3091 2086 3163 μεταϐολή.

508 3178 670 3246 Μέγα
694 3179 803 3250 ἄρα
830 3179 1057 3247 ἀγαθὸν,
1100 3179 1163 3232 τὸ
1216 3178 1487 3233 ποιεῖσθαι
1538 3177 1638 3248 τὴν
1667 3175 1987 3247 παραίνεσιν
2013 3174 2087 3246 μὴ

508 3260 996 3332 δημοσιευομένην.
1037 3263 1231 3334 Ἀρκεῖ
1253 3262 1313 3315 τὸ
1348 3260 1611 3325 συνειδὸς,
1646 3261 1808 3331 ἀρκεῖ
1839 3259 1866 3311 ὁ
1898 3257 2091 3328 κριτὴς

510 3346 718 3410 ἐκεῖνος
770 3344 800 3397 ό
852 3345 1169 3411 ἀδέκαστος.
1228 3347 1341 3417 Οὐχ
1386 3343 1527 3398 οὕτω
1584 3346 1649 3398 σὺ
1697 3343 1960 3413 ἐπιτιμᾷς
2013 3339 2090 3412 τῷ

508 3429 879 3511 ἡμαρτηκότι,
910 3430 986 3494 ὡς
1013 3431 1073 3485 τὸ
1102 3431 1342 3496 συνειδὸς
1366 3428 1559 3484 ἐαυτοῦ
1576 3426 1924 3511 (πικρότερός
1944 3428 2090 3511 ἐστιν

508 3507 867 3584 δκατήγορος
899 3513 1172 3583 ἐκεῖνος),
1222 3512 1348 3566 οὔτε
1377 3512 1771 3584 ἀκριϐέστερον
1820 3508 1980 3572 εἰδὼς
2022 3507 2092 3563 τὰ

512 3594 1046 3667 πεπλημμελημένοι.
1076 3596 1168 3666 Μὴ
1196 3595 1376 3650 τοίνυν
1399 3595 1640 3667 προσθῇς
1671 3595 1891 3666 τραῦμα
1920 3592 2091 3665 τραύ-

517 3696 671 3749 μασι,
701 3677 1041 3750 δημοσιεύων
1083 3679 1176 3732 τὸν
1212 3679 1596 3750 ἡμαρτηκότα,
1629 3678 1742 3731 ἀλλ’
1776 3677 2092 3748 ἀμάρτυρον

515 3761 670 3815 ποιοῦ
686 3763 784 3832 τὴν
800 3762 1142 3834 παραίνεσιν.
1156 3762 1327 3816 Τοῦτο
1347 3763 1529 3816 τοίνυν
1547 3763 1642 3817 καλ¹
1658 3762 1816 3833 ἡμεῖς
1829 3758 1984 3812 ποιοῦ
1993 3774 2093 3829 μεν

514 3844 633 3910 νῦν,
665 3845 803 3917 ὅπερ
830 3847 925 3899 καὶ
974 3844 1188 3909 Παῦλος
1231 3845 1508 3916 ἐποίησεν,
1555 3844 1874 3916 ἀμάρτυρον
1922 3858 2094 3895 κατα-

516 3926 799 3992 σκευάζων
851 3926 944 3981 τοῦ
997 3926 1148 4000 παρὰ
1203 3928 1511 3998 Κορινθίοις
1560 3925 1949 3997 ἡμαρτηκότος
1991 3922 2093 3994 τὴν

515 4010 868 4083 κατηγορίαν.
923 4010 1035 4065 Kal
1085 4009 1253 4065 ἄκουε
1294 4010 1436 4073 πῶς·
1491 4012 1592 4064 Διὰ
1626 4009 1839 4073 τοῦτο,
1891 4007 2090 4078 φησιν,

519 4094 791 4162 ἀδελφοί,
814 4091 1311 4163 μετεσχημάτισα
1350 4094 1537 4147 ταῦτα
1574 4094 1658 4158 είς
1695 4090 1959 4160 ἐμαυτὸν
1994 4087 2094 4143 καί

529 4174 826 4230 Ἀπολλώ.
863 4176 973 4228 Kal
1009 4175 1113 4244 μὴν
1140 4175 1256 4244 οὐχὶ
1287 4174 1470 4237 αὐτὸς,
1518 4173 1638 4227 οὐδὲ
1687 4171 1929 4227 ’Δπολλὼ
1953 4168 2095 4244 ἦσαν

515 4258 568 4310 οί
599 4256 882 4329 σχίσαντες
915 4254 1008 4311 τὸν
1035 4256 1209 4327 δῆμον
1250 4257 1347 4310 καὶ
1400 4256 1500 4327 τὴν
1548 4255 1878 4325 Ἐκκλησίαν
1917 4255 2097 4308 διατε-

516 4342 735 4414 μόντες·
768 4338 884 4393 ἀλλ’
913 4339 1063 4411 ὅμως
1108 4337 1430 4392 συνεσκίασε
1470 4337 1568 4409 τὴν
1596 4338 1955 4408 κατηγορίαν,
2001 4336 2096 4390 καὶ

510 4424 775 4496 καθάπερ
806 4422 1174 4496 προσωπείοις
1200 4422 1333 4487 τισὶ,
1371 4423 1483 4485 τοῖς
1515 4420 1682 4475 αὐτοῦ
1714 4422 1811 4474 καὶ
1854 4418 2096 4474 Ἀπολλὼ

508 4508 745 4580 ὀνόμασι
778 4507 877 4572 τὰς
905 4505 1013 4561 τῶν
1043 4504 1360 4561 ὑπευθύνων
1394 4502 1721 4575 ἀποκρύψας
1746 4503 1918 4575 ὄψεις,
1944 4503 2098 4570 ἐξου-

517 4591 642 4644 σίαν
679 4590 863 4652 αὐτοῖς
896 4589 1068 4643 ἐδίδου
1119 4586 1524 4660 μεταϐαλέσθαι
1559 4589 1625 4640 ἐκ
1673 4587 1773 4657 τῆς
1827 4589 2097 4661 πονηρίας

516 4672 755 4743 ἐκείνης.
789 4673 898 4725 Kal
947 4670 1140 4736 πάλιν,
1199 4670 1424 4738 Μήπως
1471 4670 1727 4727 ἐλθόντα
1757 4687 1837 4739 με
1874 4674 1908 4726 ὀ
1954 4672 2098 4739 Θεὸς

513 4752 880 4822 ταπεινώσῃ,
904 4753 1002 4808 καὶ
1024 4755 1308 4825 πενθήσω
1334 4753 1609 4819 πολλοὺς
1639 4753 1760 4807 τῶν
1794 4770 2098 4823 προημαρ-

514 4837 799 4905 τηκότων
816 4837 916 4890 καὶ
936 4836 1023 4906 μὴ
1062 4837 1570 4908 μετανοησάντων
1607 4837 1707 4891 ἐπὶ
1736 4836 1813 4905 τῇ
1837 4838 2099 4908 ἀκαθαρ-

510 4919 626 4987 σίᾳ
652 4918 753 4972 καὶ
784 4918 1071 4990 ἀσελγείᾳ
1100 4919 1139 4989 ᾗ
1171 4920 1465 4988 ἔπραξαν.
1518 4920 1663 4992 Ὅρα
1715 4920 1833 4985 πῶς
1884 4923 1976 4975 καὶ
2008 4925 2097 4976 ἐν-

514 5000 695 5055 ταῦθα
739 5002 1059 5072 ἀδιορίστως
1099 5003 1248 5071 λέγει
1298 5004 1425 5066 τοὺς
1453 5004 1866 5075 ἡμαρτηκότας,
1898 5005 1984 5057 ἵνα
2021 5005 2099 5078 μὴ

512 5083 761 5156 φανερὰν
790 5085 1023 5157 ποιήσας
1060 5085 1159 5155 τὴν
1206 5087 1561 5157 κατηγορίαν,
1610 5088 2099 5160 ἀναισχυντοτέραν

517 5167 821 5240 ἐργάσηται
843 5168 941 5239 τὴν
971 5164 1079 5220 τῶν
1112 5167 1511 5238 ἡμαρτηκότων
1548 5169 1745 5240 ψυχήν.
1767 5171 1979 5242 ’Ὠσπερ
2002 5168 2098 5228 οῦν

497 5253 680 5322 ’ἡμεῖς
733 5249 872 5322 μετά
897 5247 1168 5320 τοσαύτης
1216 5250 1429 5319 φειδοῦς
1472 5255 1598 5317 τοὺς
1626 5255 1878 5325 ἐλέγχους
1910 5257 2098 5310 ποιού-

442 5350 452 5360 ’
521 5333 692 5402 μεοα,
726 5332 904 5398 οὕτω,
966 5332 1308 5405 παρακαλῶ,
1361 5335 1457 5387 καὶ
1512 5335 1674 5404 ὑμεῖς
1735 5339 1873 5408 μετά
1914 5341 2099 5413 πάσης

521 5416 758 5484 σπουδῆς
795 5415 1017 5483 δέξασθε
1045 5416 1141 5487 τὴν
1171 5416 1479 5487 διόρθωσιν,
1506 5419 1602 5472 καὶ
1650 5419 1792 5490 μετὰ
1811 5422 2099 5493 ἀκριϐείας

518 5497 634 5557 τοῖς
654 5495 964 5568 λεγομένοις
998 5500 1318 5571 προσέχετε.

604 5607 667 5683 ε’..
706 5600 1069 5683 Διελέχθημεν
1102 5604 1231 5675 ὑμῖν
1259 5604 1385 5676 χθὲς
1409 5606 1540 5678 περὶ
1573 5607 1673 5678 τῆς
1696 5607 1977 5680 δυνάμεως
1998 5611 2097 5683 τῆς

523 5677 667 5729 κατὰ
692 5679 788 5749 τὴν
825 5682 1011 5752 εὐχήν.
1061 5686 1277 5752 Ἔδειξα
1328 5688 1444 5753 πῶς
1475 5677 1505 5744 ό
1540 5677 1790 5754 διάϐολος
1817 5677 1938 5748 τότε
1992 5677 2092 5765 -

592 5811 617 5847 ⁸η
640 5814 790 5869 Forte
814 5825 1045 5885 γνωστήν.
1064 5829 1183 5882 nuc
1207 5845 1301 5885 τοι
1324 5835 1465 5887 abest
1492 5852 1520 5888 ιι
1541 5838 1656 5891 Cod.
1681 5839 1788 5890 748.

1161 393 1232 456 S.
1268 398 1550 459 JOANNIS
1589 403 2084 460 CllllYSOSTOMI

2190 401 2443 455 "{(IHIEP.
2483 400 2642 455 CDN:
2670 401 3039 457 ΤΑἉΤΙΝΟΡ.

3651 398 3761 454 558

2177 514 2389 585 εδρεύει
2408 514 2710 585 κακοῦργος
2722 513 2816 568 ὧν.
2835 513 3050 584 Ἐπειδὴ
3074 511 3181 582 γάρ
3201 511 3456 582 μέγιστον
3477 512 3676 585 κέρδος
3696 518 3763 567 ἐκ

2177 597 2277 667 τῆς
2299 598 2466 668 εὐχῆς
2490 598 2593 669 ὁρᾷ
2621 598 2904 668 γινόμενον
2929 600 3084 667 ἡμῖν,
3102 600 3224 650 τότε
3258 597 3497 668 μάλιστα
3519 598 3764 650 ἐπιτίθε-

2176 696 2288 733 ται·
2323 681 2408 733 ἵνα
2430 684 2578 752 ἡμᾶς
2602 681 2879 754 ἐκκρούσῃ
2920 682 3021 750 τῆς
3077 681 3412 750 ἀπολογίας,
3442 681 3535 735 ἵνα
3573 685 3765 747 κεναῖς

2178 761 2361 816 οἴκαδε
2390 764 2694 838 ἀποπέμψῃ
2739 765 2916 836 χερσί.
2947 764 3058 818 Kal
3097 763 3348 834 καθάπερ
3381 764 3474 816 ἐπὶ
3522 762 3633 817 τῶν
3665 765 3766 835 ἀρ-

2180 844 2404 914 χόντων,
2429 846 2650 900 ἐπειδάν
2691 850 2740 900 οἰ
2765 848 2863 918 τῆς
2884 846 3093 910 τάξεως
3120 847 3216 900 καὶ
3248 846 3376 917 περὶ
3410 844 3577 905 αὑτὸν
3611 844 3765 909 ὄντες

2179 928 2272 980 τὸν
2298 927 2535 1000 ἄρχοντα
2554 929 2810 1000 ἀπεχθῶς
2830 929 2994 1000 ἔχωσι
3010 929 3145 999 πρὸς
3160 929 3287 992 τοὺς
3309 928 3765 999 ἐντυγχάνοντας,

2180 1010 2270 1063 διά
2294 1012 2404 1067 τῶν
2438 1013 2650 1086 ῥάϐδων
2683 1014 2968 1087 πόρῥωθεν
3000 1014 3196 1077 αὐτοὺς
3228 1013 3594 1067 ἀπελαύνουσι
3614 1056 3629 1073 .
3657 1030 3765 1066 κω-

2182 1092 2401 1159 λύοντες
2422 1095 2745 1167 προσελθεῖν
2780 1097 2875 1150 καὶ
2912 1095 3286 1167 ἀποδύρασθαι
3320 1098 3414 1149 καὶ
3454 1095 3767 1165 φιλανθρω-

2183 1178 2315 1241 πίας
2344 1182 2546 1249 τυχεῖν·
2584 1179 2726 1233 οῦτω
2763 1181 2859 1234 καὶ
2886 1182 2915 1233 ὁ
2938 1179 3204 1246 διάϐολος,
3238 1179 3456 1232 ἐπειδάν
3491 1178 3581 1249 ῖδῃ
3603 1193 3770 1248 προσιι

2184 1261 2366 1325 ιόντας
2392 1260 2541 1333 1348]
2567 1262 2645 1332 τῷ
2674 1261 3229 1334 δικαστῇ,πόρρωθεν
3260 1260 3577 1323 ἀπελαύνει,
3598 1260 3659 1312 οὐ
3678 1258 3765 1311 διά

2185 1345 2407 1415 ῥάϐδου,
2441 1345 2579 1399 ἀλλὰ
2622 1346 2710 1399 διὰ
2758 1345 3054 1417 ῥᾳθυμίας.
3092 1342 3212 1398 Οἵδε
3247 1344 3375 1416 γὰρ,
3407 1339 3517 1396 οἶδε
3550 1342 3762 1411 σαφῶς.

2183 1427 2264 1480 δτι
2297 1427 2363 1480 ἂν
2386 1428 2728 1499 προσέλθωσι
2755 1429 3034 1498 νήφοντες,
3066 1428 3161 1481 καὶ
3182 1429 3375 1480 εἴπωσι
3406 1426 3474 1480 τὰ
3510 1428 3768 1495 ἡμαρτη-

2188 1512 2347 1580 μένα,
2379 1513 2473 1564 καὶ
2494 1510 2871 1582 ἀποδύρωνται
2905 1510 3101 1582 ζεούσῃ
3124 1513 3189 1581 τῇ
3225 1509 3406 1580 ψυχῇ,
3442 1507 3645 1578 πολλὴν
3676 1506 3771 1558 λα-

2185 1592 2372 1656 ϐόντες
2423 1591 2756 1663 συγγνώμην
2801 1593 3170 1663 ἀπέρχονται·
3223 1591 3604 1661 φιλάνθρωπος
3655 1589 3768 1658 γάρ

2185 1677 2331 1729 ἐστιν
2358 1677 2386 1729 ό
2411 1677 2560 1741 Θεός·
2586 1677 2680 1730 καὶ
2701 1676 2790 1730 διὰ
2815 1676 2973 1730 τοῦτο
3004 1675 3394 1747 προλαμϐάνει,
3424 1673 3518 1726 καὶ
3556 1671 3767 1738 ἀπάγει

2183 1758 2284 1828 τῆς
2314 1760 2607 1827 ἐντεύξεως
2637 1762 2855 1824 αὐτοὺς.
2893 1760 2981 1814 ἴνα
3024 1759 3251 1831 μηδενὸς
3283 1752 3359 1811 ὧν
3399 1757 3607 1810 δέονται
3652 1756 3767 1806 ἐπι-

2184 1842 2440 1911 τύχωσιν.
2474 1844 2614 1896 Ἀλλ’
2642 1847 2689 1897 οί
2717 1844 2817 1914 μὲν
2844 1843 3174 1915 στρατιῶται
3192 1841 3299 1894 τῶν
3324 1839 3600 1910 ἀρχόντων
3627 1834 3770 1907 μετᾶ

2188 1925 2310 1995 βίας
2338 1926 2669 1981 ἀποσοϐοῦσι
2702 1930 2831 1991 τοὺς
2865 1927 3295 1997 ἐντυγχάνοντας
3314 1942 3327 1954 ·
3386 1924 3415 1975 ὁ
3444 1923 3499 1976 δὲ
3529 1922 3590 1974 οὐ
3627 1918 3773 1990 μετὰ

2187 2014 2457 2086 ἀνάγκης,
2479 2018 2596 2072 ἀλλ’
2615 2016 2839 2072 ἀπατῶν
2863 2018 3008 2088 ἡμᾶς
3034 2016 3129 2069 καὶ
3156 2017 3234 2077 εἰς
3258 2013 3390 2085 ῥαου
3399 2012 3525 2083 μίαν
3556 2011 3581 2062 ἐ
3590 2007 3771 2079 μϐἀλ-

2186 2100 2315 2158 λων.
2341 2105 2441 2159 Διά
2453 2104 2614 2159 τοῦτο
2641 2104 2764 2159 οὐδὲ
2795 2103 3130 2175 συγγνώμης
3159 2100 3327 2171 ἐσμὲν
3353 2098 3514 2163 ἄξιοι,
3545 2097 3777 2157 ἑκόντες

2187 2184 2415 2251 ἑαυτοὺς
2453 2187 2883 2260 ἀποστεροῦντες
2920 2186 3027 2240 τῶν
3065 2184 3309 2253 ἀγαθῶν.
3351 2182 3469 2244 Φῶς
3498 2183 3617 2233 ἐστι
3648 2180 3776 2231 δια-

2187 2268 2335 2332 νοίας
2354 2270 2447 2323 καὶ
2471 2271 2648 2342 ψυχῆς
2677 2272 2709 2342 ὴ
2748 2270 2887 2340 μετὰ
2914 2269 3149 2338 σπουδῆς
3175 2267 3328 2337 εὐχὴ,
3359 2263 3473 2334 φῶς
3501 2261 3773 2316 ἄσϐεστον

2188 2353 2283 2405 καὶ
2303 2353 2571 2420 διηνεκές.
2602 2354 2702 2407 Διά
2725 2354 2885 2408 τοῦτο
2908 2352 3133 2424 μυρίους
3169 2349 3466 2421 συρφετοὺς
3489 2342 3777 2413 λογισμῶν

2187 2433 2447 2502 ἐμϐάλλει
2477 2440 2599 2500 ταῖς
2641 2436 2935 2508 ἡμετέραις
2981 2435 3010 2475 b
3056 2433 3334 2495 διανοίαις,
3376 2430 3468 2484 καὶ
3495 2429 3644 2496 ἆπερ
3676 2425 3775 2477 οὐ·

2186 2515 2380 2570 δέποτε
2412 2519 2799 2591 ἐλογισάμεθα,
2850 2518 3026 2572 ταῦτα
3087 2516 3336 2584 συνάγων
3376 2515 3433 2567 ἐν
3479 2510 3559 2581 τῷ
3587 2508 3773 2578 καιρῷ

2186 2600 2288 2671 τῆς
2319 2601 2484 2672 εὐχῆς
2518 2606 2748 2673 καταχεῖ
2770 2605 2890 2665 ταῖς
2931 2601 3132 2671 ψυχαῖς
3172 2601 3345 2669 ἡμῶν.
3381 2596 3489 2649 Kal
3515 2593 3773 2663 καθάπερ

2187 2682 2380 2754 ἄνεμοι
2399 2686 2660 2750 πολλάκις
2671 2686 3001 2747 ἀπεναντίας
3028 2682 3480 2755 προσπίπτοντες,
3494 2678 3777 2747 λυχνιαῖον

2190 2767 2302 2839 πῦρ
2347 2768 2722 2840 ἀναπτόμενον
2783 2769 3101 2839 ῥιπίσαντες
3145 2766 3394 2819 ἔσϐεσαν·
3426 2761 3572 2815 οῦτω
3617 2760 3714 2813 καὶ
3742 2758 3778 2808 ὁ

2187 2853 2469 2921 διάϐολος,
2515 2857 2740 2913 ἐπειδὰν
2791 2859 2878 2929 ἴδῃ
2922 2857 3021 2928 τὴν
3059 2856 3231 2926 φλόγα
3278 2853 3380 2924 τῆς
3428 2850 3594 2921 εὐχῆς
3638 2850 3779 2919 ἡμῖν

2189 2942 2606 3017 ἀναπτομένην,
2666 2946 2889 3018 μυρίαις
2941 2945 3220 3018 φροντίσιν
3274 2941 3426 2995 ἐνθεν
3470 2939 3568 2993 καὶ
3617 2935 3786 2992 ἐνθεν

2193 3032 2426 3101 ῥιπίζων
2448 3071 2465 3096 ,
2517 3033 2580 3087 οὐ
2614 3034 2880 3107 πρότερον
2921 3033 3218 3102 ἀφίσταται
3255 3030 3363 3093 ἐως
3408 3027 3476 3081 ἂν
3509 3025 3682 3095 σϐέσῃ
3712 3023 3777 3076 τὸ

2191 3117 2328 3188 φῶς-
2372 3119 2513 3173 Ἀλλ’
2533 3121 2670 3191 ὅπερ
2693 3122 2742 3174 οἱ
2768 3121 2896 3184 τοὺς
2913 3119 3138 3190 λύχνους
3171 3117 3411 3178 ἐκείνους
3439 3114 3779 3173 ἀνάπτοντες

2191 3208 2432 3275 ποιοῦσι,
2458 3208 2618 3263 τοῦτο
2648 3210 2739 3264 καὶ
2776 3211 2939 3280 ἡμεῖς
2980 3212 3311 3279 ποιήσωμεν.
3359 3203 3425 3256 Τί
3471 3203 3529 3256 δὲ
3572 3202 3779 3253 ἐκεῖνος

2191 3294 2477 3363 ποιοῦσιν;
2521 3298 2769 3352 Ἐπειδὰν
2807 3298 2995 3352 ἴδωσιν
3045 3298 3243 3366 ἄνεμον
3294 3290 3594 3364 προσιόντα
3643 3303 3777 3355 σφο-

2191 3382 2339 3455 δρὸν,
2383 3384 2478 3439 τὸν
2531 3385 2796 3440 δάκτυλον
2826 3385 3107 3448 ἐπιθέντες
3153 3385 3220 3455 τῇ
3277 3382 3385 3452 ὁπῇ
3427 3377 3523 3432 τοῦ
3574 3376 3780 3445 λύχνου

2192 3471 2599 3542 ἀποτειχίζουσι
2651 3472 2729 3545 τῷ
2784 3471 3059 3543 πνεύματι
3103 3471 3202 3541 τὴν
3244 3467 3470 3522 εἴσοδον.
3501 3464 3651 3527 Ἕως
3677 3464 3779 3533 μὲν

2191 3558 2302 3631 γὰρ
2327 3558 2395 3615 ἂν
2420 3559 2620 3625 ἔξωθεν
2658 3559 2997 3633 προσϐάλλῃ,
3044 3556 3384 3629 δυνησόμεθα
3426 3552 3776 3622 ἀντιστῆναι·

2192 3648 2412 3703 ἐπειδὰν
2446 3648 2504 3702 δέ
2530 3648 2831 3719 ἀνοίξωμεν
2868 3647 3017 3719 αὐτῷ
3043 3648 3142 3710 τὰς
3175 3645 3347 3716 θύρας
3369 3642 3471 3712 τῆς
3498 3640 3739 3700 διανοίας
3758 3678 3780 3701 9

2195 3737 2292 3790 καὶ
2312 3735 2465 3791 ἔνδον
2492 3735 2775 3808 δεξώμεθα
2800 3736 2893 3791 τὸν
2937 3735 3156 3808 ἐχθρὸν,
3180 3735 3281 3787 οὐκ
3316 3731 3395 3785 ἐτι
3423 3729 3611 3785 λοιπὸν
3650 3726 3777 3780 οὐδὲ

2197 3825 2391 3897 μικρὸν
2411 3826 2726 3897 ἀντιστῆναι
2758 3824 3053 3898 δυνάμεθα·
3088 3823 3223 3877 ἀλλά
3244 3818 3579 3891 πανταχόθεν
3605 3833 3776 3870 κατα-

2196 3913 2399 3978 σϐέσας
2433 3915 2589 3985 ἡμῶν
2620 3913 2720 3985 τὴν
2759 3916 3002 3986 μνήμην,
3049 3911 3237 3981 ὥσπερ
3274 3909 3467 3980 λύχνον
3508 3904 3771 3970 καταθιζό-

2198 4018 2378 4072 μενον,
2429 4000 2624 4073 ἀφίησι
2666 4003 2728 4054 τὸ
2780 4002 2954 4073 στόμα
2997 4002 3220 4073 ῥήματα
3278 3996 3579 4071 προφέρειν
3620 3993 3774 4047 κενά.

2212 4089 2354 4143 Ἀλλ’
2381 4089 2572 4161 ὥσπερ
2602 4092 2800 4145 ἐκεῖνοι
2827 4089 2923 4144 τὸν
2951 4089 3214 4145 δάκτυλον
3240 4083 3549 4139 ἐπιτιθέασι
3572 4084 3641 4152 τῇ
3668 4080 3777 4152 ὁπῇ

2196 4177 2291 4232 τοῦ
2315 4177 2536 4249 λύχνου,
2566 4177 2740 4242 οὕτως
2770 4181 2935 4250 ἡμεῖς
2972 4176 3248 4247 ἐπιθῶμεν
3277 4174 3371 4228 τὸν
3420 4171 3682 4243 λογισμὸν
3711 4171 3777 4240 τῇ

2195 4267 2445 4340 ἡμετέρᾳ
2464 4266 2693 4338 διανοίᾳ·
2726 4267 3132 4337 ἀποφράεωμεν
3151 4262 3244 4317 τοῦ
3267 4259 3506 4335 πονηροῦ
3533 4256 3667 4313 πνεύ
3677 4272 3779 4328 μα·-

2195 4372 2289 4419 τος
2315 4356 2415 4426 τὴν
2442 4355 2670 4421 εἴσοδον,
2703 4355 2792 4410 ἴνα
2815 4355 2890 4425 μὴ
2931 4354 3101 4426 σϐέσῃ
3136 4351 3296 4423 ἡμῶν
3326 4349 3388 4404 τὺ
3406 4348 3523 4419 φῶς
3557 4351 3659 4418 τῆς
3690 4345 3780 4399 εῦ-

2197 4442 2323 4514 χῆςο
2349 4442 2647 4515 Μέμνησθε
2674 4442 2881 4496 τούτων
2906 4440 3234 4513 ἀμφοτέρων
3254 4437 3361 4492 τῶν
3397 4432 3781 4507 παράδειγμά,-

2196 4547 2326 4597 των,
2349 4531 2444 4585 καὶ
2474 4532 2568 4585 τοῦ
2599 4531 2709 4585 τῶν
2732 4529 3103 4602 στρατιωτῶν,
3135 4530 3230 4581 καὶ
3258 4526 3353 4580 τοῦ
3376 4525 3660 4597 ἄρχοντος,
3686 4520 3782 4574 καὶ

2195 4617 2292 4672 τοῦ
2322 4617 2469 4674 κατά
2501 4619 2593 4673 τὸν
2618 4619 2846 4690 λύχνον;
2877 4618 2978 4672 Διά
3013 4617 3124 4689 γάρ
3150 4614 3311 4669 τοῦτο
3337 4611 3513 4666 ταῦτα
3550 4610 3782 4678 λέγομεν

2199 4705 2330 4776 ὑμῖν
2374 4705 2445 4760 τά
2504 4707 2949 4779 παραδείγματα,
2982 4706 3040 4758 ἐν
3084 4699 3168 4768 οἷς
3214 4699 3582 4774 στρεφόμεθα.
3613 4700 3672 4750 ἐν
3700 4693 3785 4758 οἷς

2199 4795 2392 4866 ἐσμεν,
2416 4795 2503 4850 ἵνα
2528 4797 2622 4850 καὶ
2650 4794 2902 4849 ἐντεῦθεν
2927 4796 3382 4865 ἀναχωρήσαντες
3407 4789 3502 4843 καὶ
3527 4789 3666 4842 οἶκοι
3689 4803 3782 4855 γε»

2199 4882 2436 4953 νόμενοι,
2485 4883 2594 4937 ἀπὸ
2622 4883 2733 4937 τῶν
2783 4883 2843 4936 ἐν
2876 4883 3036 4953 χερσὶ
3089 4878 3432 4952 πραγμάτων
3468 4874 3781 4945 ὑπόμνησιν

2201 4969 2571 5042 λαμϐάνωμεν
2601 4971 2712 5025 τῶν
2734 4969 3062 5042 εἰρημένων.
3106 4967 3265 5037 Μέγα
3302 4964 3465 5022 ὅπλον
3491 4962 3649 5034 εὐχὴ,
3686 4961 3782 5015 καὶ

2205 5058 2415 5129 μεγάλη
2446 5059 2735 5128 ἀσφάλεια.

2273 5161 2346 5229 ς’.
2366 5164 2664 5219 Ἠκούσατε
2684 5163 2832 5236 χθὲς,
2848 5163 2963 5228 πῶς
2978 5163 3027 5217 οἱ
3042 5164 3189 5233 τρεῖς
3205 5161 3391 5226 παῖδες
3416 5159 3782 5231 πεπεδημένοι

2201 5251 2503 5306 κατέλυσαν
2534 5253 2633 5323 τὴν
2652 5251 2746 5305 τοῦ
2774 5252 2947 5324 πυρὸς
2975 5250 3224 5321 δύναμιν,
3250 5250 3366 5313 πῶς
3392 5248 3784 5324 κατεπάτησαν

2198 5341 2298 5412 τὴν
2326 5340 2520 5410 φλόγα,
2554 5322 2672 5403 πῶς
2708 5322 3090 5411 περιεγένοντο
3119 5337 3220 5408 τῆς
3248 5336 3504 5406 καμίνου,
3539 5322 3637 5387 καὶ
3683 5333 3785 5403 τῆς

2200 5426 2482 5498 ἐνεργείας
2504 5426 2812 5498 ἐκράτησαν
2838 5426 2932 5480 τοῦ
2963 5424 3264 5495 στοιχείου;
3293 5421 3586 5476 Ἀκούσατε
3611 5421 3785 5492 σήμε-

2204 5533 2294 5587 ρον
2317 5515 2501 5583 πάλιν,
2536 5515 2653 5578 πῶς
2689 5517 2717 5567 ό
2767 5516 3013 5583 γενναῖος
3052 5513 3147 5566 καὶ
3187 5512 3362 5583 μέγας
3400 5509 3587 5563 Ἰσαὰκ
3612 5507 3783 5578 αὐτῆς

2200 5602 2554 5674 περιεγένετο
2600 5602 2698 5670 τῆς
2741 5602 2851 5654 τῶν
2906 5600 3175 5671 σωμάτων
3228 5599 3445 5669 φύσεως
3501 5598 3567 5650 δι’
3592 5596 3781 5666 εὐχῆς.

2211 5691 2437 5744 Ἐκεῖνοι
2468 5688 2771 5744 κατέλυσαν
2802 5686 2896 5741 τοῦ
2922 5687 3092 5759 πυρὸς
3116 5687 3215 5759 τὴν
3238 5686 3488 5758 δύναμιν,
3511 5678 3665 5749 οὗτος
3687 5686 3782 5756 ai;-

2264 5844 2291 5882 ιι
2321 5843 2470 5895 Addit
2492 5844 2606 5897 Cod.
2630 5843 2720 5893 743
2740 5846 2766 5893 6
2788 5842 3001 5909 πονηρός.
