4062 6416
269 461 368 518 5'17

265 579 513 643 orabant,
544 567 911 643 vituperarim,
943 577 1042 620 nec
1072 560 1235 616 ullum
1263 569 1441 614 tamen
1462 570 1646 613 eorum
1673 551 1848 625 palam

269 669 472 726 notavi.
501 667 779 735 Quotquot
808 659 966 730 igitur
1004 653 1200 711 conscii
1242 651 1455 705 fuerunt
1486 662 1598 701 sure
1626 646 1854 715 diligen-

265 767 393 829 tiae,
440 758 650 816 laudem
701 751 959 809 orationis
982 752 1327 817 exceperunt,
1373 751 1428 795 ct
1461 738 1707 793 laudibus
1733 735 1854 789 dili-

268 854 542 926 gentiores
581 858 704 905 sunt
736 844 859 900 facti
887 842 1015 912 :qui
1048 854 1175 893 vero
1202 852 1312 891 sua:
1337 831 1539 890 conscii
1584 829 1856 900 negligen-

271 949 356 1002 tite
384 947 598 999 fuerunt
623 980 639 1008 ,
686 949 873 993 rursus
901 929 1373 1002 reprehensionem
1417 930 1780 993 exceperunt,
1807 928 1863 973 et

271 1039 534 1096 desidiam
562 1039 934 1089 excusserunt.
968 1025 1347 1081 Verumtamen
1372 1033 1545 1089 neque
1581 1015 1632 1070 hi
1663 1014 1817 1069 nobis
1840 1052 1857 1078 ,

274 1146 451 1201 neque
499 1128 571 1182 illi
611 1131 738 1180 sunt
781 1120 923 1183 noti,
968 1126 1127 1186 atque
1170 1114 1285 1168 lucc
1323 1108 1616 1182 ignorantia
1647 1105 1863 1178 prodest

274 1224 535 1291 utrisque.
587 1216 705 1282 Quo
762 1221 917 1282 pacto
967 1207 1016 1262 id
1066 1207 1177 1269 iiat,
1223 1217 1508 1274 exponam.
1537 1199 1636 1265 Qui
1680 1193 1865 1251 laudes

272 1313 535 1369 orationis
579 1305 782 1362 audivit
806 1345 820 1370 ,
867 1311 921 1358 et
963 1315 1074 1355 sua:
1099 1296 1384 1367 diligentiae
1409 1295 1657 1350 conscius
1676 1301 1754 1345 est
1774 1328 1791 1353 ,
1819 1286 1863 1342 si

277 1406 480 1462 multos
504 1400 727 1456 haberet
749 1394 965 1451 landum
996 1400 1158 1446 testes
1182 1432 1197 1455 ,
1229 1389 1283 1442 in
1309 1385 1614 1457 superbiam
1662 1381 1868 1437 labere-

277 1511 367 1553 tur
395 1512 410 1550 :
433 1496 542 1565 jam
572 1506 702 1546 vero
727 1486 935 1542 laudem
962 1484 1099 1538 clam
1127 1479 1400 1549 excipiens
1426 1476 1495 1530 ab
1514 1474 1657 1529 omni
1684 1482 1870 1528 osten-

279 1594 481 1644 tatione
508 1595 590 1641 est
617 1579 889 1637 immunis.
920 1577 1126 1631 Rursus
1169 1573 1214 1628 is
1258 1571 1347 1642 qui
1374 1570 1474 1624 sibi
1502 1568 1750 1623 conscius
1788 1574 1870 1621 est

282 1679 643 1755 negligentiae,
676 1676 802 1730 dum
834 1669 1279 1741 vituperationem
1323 1664 1498 1725 audit,
1533 1661 1633 1716 hac
1660 1661 1871 1727 vitupe—

284 1775 493 1829 ratione
524 1768 583 1823 fit
616 1767 828 1828 melior,
859 1778 980 1818 cum
1008 1758 1273 1815 neminem
1302 1770 1412 1810 suae
1442 1749 1874 1823 reprehensiOnis

287 1868 485 1922 habeat
523 1869 882 1933 Speetatorctn
920 1853 1067 1908 :hoc
1107 1866 1234 1907 vero
1277 1863 1383 1904 non
1432 1844 1773 1902 mediocriter
1799 1842 1874 1897 illi

287 1958 527 2032 prodest.
561 1955 692 2011 Nam
725 1966 845 2007 cum
869 1948 1011 2018 vulgi
1039 1941 1424 2001 existimationi
1453 1940 1618 1995 simus
1643 1936 1874 2001 addicti,

285 2050 546 2128 quamdiu
593 2045 809 2118 quidem
855 2042 1024 2096 latere
1068 2051 1168 2093 nos
1195 2044 1446 2106 putanms
1469 2072 1484 2098 ,
1514 2031 1604 2101 qui
1635 2028 1761 2083 mali
1789 2043 1882 2083 su-

286 2162 441 2214 mus,
474 2140 589 2199 ﬁeri
612 2137 863 2195 meliores
898 2131 1177 2188 studemus
1207 2143 1222 2181 :
1250 2134 1530 2196 postquam
1560 2129 1736 2176 autem
1762 2134 1881 2174 om—

286 2212 450 2298 nibus
474 2233 801 2293 innotuimus
823 2271 837 2295 ,
883 2236 936 2284 et
980 2220 1230 2281 solatium
1273 2217 1405 2274 illud
1435 2232 1501 2272 ex
1526 2212 1883 2271 occultatione

288 2330 641 2406 perdidimus,
668 2341 735 2383 eo
760 2319 927 2392 magis
949 2313 1286 2388 impudentes
1313 2326 1375 2366 ac
1402 2309 1729 2381 negligentes
1755 2320 1883 2362 cva-

288 2401 492 2484 ilimus.
535 2423 599 2478 Et
643 2412 1091 2491 quemadmodum
1140 2423 1258 2480 qua:
1307 2406 1627 2474 deteguntur
1671 2401 1883 2465 ulcera,

289 2528 612 2586 semperque
630 2508 821 2581 frigido
836 2505 943 2561 aeri
964 2509 1325 2572 exponuntur,
1344 2496 1615 2552 acerbiora
1637 2491 1794 2547 fiunt:
1815 2491 1886 2544 ita

289 2623 509 2680 quoque
530 2583 733 2660 anima
778 2596 980 2669 peccati
1027 2608 1117 2649 rea
1141 2634 1156 2659 ,
1185 2592 1229 2647 si
1256 2604 1436 2645 coram
1476 2587 1659 2642 multis
1682 2627 1698 2651 ,
1729 2583 1799 2639 ob
1825 2594 1888 2637 ea

289 2671 686 2773 qtae-deliquit,
718 2686 1171 2761 reprehendatur,
1205 2678 1564 2751 itnpudcntior
1587 2674 1781 2731 evadit.
1811 2671 1891 2727 Ne

291 2793 454 2861 igitur
479 2789 579 2843 hoc
602 2783 871 2840 accideret
895 2822 910 2846 ,
941 2780 1079 2833 ciant
1124 2789 1222 2829 vos
1255 2786 1433 2827 sermo
1463 2766 1687 2823 curavit.
1719 2766 1894 2833 Atque

291 2858 355 2936 tit
403 2876 708 2948 intelligatis
740 2870 1046 2927 .adtnodum
1085 2865 1270 2921 utilem
1311 2862 1449 2916 hanc
1476 2858 1737 2915 occultam
1773 2868 1896 2909 esse

292 2969 549 3031 medendi
576 2944 854 3023 rationem
880 3003 897 3030 ,
942 2959 1122 3015 audite
1164 2954 1290 3027 quid
1337 2953 1579 3009 Christus
1621 2949 1800 3003 dicat:
1834 2944 1895 3000 Si

294 3062 574 3136 peccaverit
603 3059 656 3113 in
681 3068 727 3111 te
748 3059 907 3129 frater
936 3062 1050 3106 tuus
1069 3090 1084 3115 ,
1114 3047 1312 3115 corripe
1340 3061 1451 3099 eunt
1482 3057 1501 3097 :
1526 3051 1578 3097 et
1607 3054 1713 3095 non
1740 3036 1896 3102 dixit,

294 3124 442 3209 inter
465 3161 520 3209 te
542 3157 597 3207 et
622 3124 889 3204 civitatem
915 3185 931 3211 ,
963 3155 1136 3211 neque
1157 3139 1297 3193 inter
1328 3143 1378 3190 te
1403 3143 1455 3190 et
1481 3131 1732 3203 pOpulum
1759 3169 1776 3196 ,
1804 3124 1901 3181 sed

294 3247 446 3302 Inter
492 3252 541 3298 te
581 3252 629 3296 et
673 3239 843 3309 ipsum
897 3234 1061 3290 solum
1103 3229 1327 3303 (Matth.
1361 3227 1449 3282 18.
1486 3225 1614 3294 15).
1650 3221 1734 3279 Sit
1781 3220 1901 3276 sine

304 3335 538 3392 testibus
575 3329 867 3394 accusatio,
908 3325 1112 3396 inquit,
1145 3331 1208 3377 ut
1232 3319 1442 3375 facilior
1484 3318 1554 3373 sit
1596 3315 1821 3371 mutatio
1846 3313 1901 3368 in

300 3428 523 3484 inelius.
556 3423 799 3493 Magnum
839 3433 968 3488 ergo
996 3417 1194 3471 bonum
1221 3423 1303 3468 est
1328 3452 1342 3475 ,
1372 3409 1417 3464 si
1444 3425 1548 3463 non
1577 3406 1785 3476 publice
1814 3405 1906 3459 fiat

300 3519 630 3576 cohortatio.
687 3513 897 3570 Sufficit
934 3501 1521 3565 conscientia:sul'ﬁcit
1566 3500 1904 3567 incorruptus

303 3617 399 3671 ille
428 3612 607 3685 iudex.
658 3607 775 3665 Non
825 3605 895 3660 ita
945 3612 999 3658 tu
1045 3607 1380 3670 peccatorum
1412 3591 1801 3665 reprehendis,
1847 3599 1902 3644 ut

303 3682 483 3778 ipsius
521 3697 847 3759 conscientia
877 3694 1106 3769 (quippe
1141 3687 1284 3760 quod
1331 3684 1574 3755 asperior
1603 3682 1693 3737 ille
1717 3682 1787 3735 sit
1811 3693 1906 3734 ac.

302 3793 565 3867 cusator)
593 3837 608 3861 ,
641 3806 817 3862 neque
843 3788 1038 3843 delicta
1080 3782 1198 3853 ejus
1245 3778 1552 3835 accuratius
1596 3773 1755 3829 nosti.
1787 3769 1907 3826 Noli

303 3907 439 3963 ergo
471 3889 663 3943 vulnus
705 3880 1018 3939 vulneribus
1046 3876 1242 3931 addere
1262 3914 1278 3938 ,
1309 3872 1436 3927 dum
1479 3876 1752 3923 auctorem
1780 3878 1909 3932 pec-

306 3983 416 4038 cati
446 3980 710 4049 divulgas,
743 3973 837 4030 sed
864 3969 1088 4028 semotis
1117 3966 1333 4021 arbitris
1363 3959 1784 4017 admonitioncnt
1815 3954 1910 4010 ad-

310 4073 518 4126 hibeto.
552 4042 667 4123 1th
697 4042 870 4136 igitur
914 4074 1055 4116 nunc
1099 4070 1313 4128 quoque
1348 4067 1449 4108 nos
1487 4049 1693 4120 agimus
1717 4088 1733 4113 ,
1769 4042 1911 4116 quod

312 4165 512 4223 Paulus
551 4160 700 4232 egit,
732 4157 859 4212 dum
891 4155 1009 4209 sine
1039 4149 1265 4206 testibus
1291 4145 1429 4216 apud
1459 4139 1769 4199 Corinthios
1795 4137 1914 4207 ejus

313 4257 409 4328 qui
450 4263 700 4327 peccarat
731 4246 960 4303 instituit
1000 4241 1419 4301 accusationem.
1454 4233 1591 4290 Audi
1633 4247 1766 4287 vero
1808 4243 1916 4300 quo

317 4322 494 4420 pacto.
530 4344 827 4413 Pr0ptcrea,
853 4342 1055 4409 fratres,
1078 4328 1439 4402 trans/iguravi
1467 4326 1574 4380 lucc
1593 4324 1646 4378 in
1669 4322 1914 4392 mcipsum

314 4412 365 4496 ct
399 4437 580 4510 Apollo
607 4434 668 4508 (1
701 4431 820 4489 Cor.
850 4431 901 4485 4.
931 4427 1025 4498 6).
1054 4423 1214 4493 Atqui
1242 4437 1348 4476 non
1371 4421 1504 4489 ipse,
1536 4430 1708 4487 neque
1727 4412 1920 4483 Apollo

318 4505 510 4595 erant,
557 4505 648 4598 qui
696 4523 950 4596 p0pnlum
976 4516 1277 4578 sciderant,
1311 4521 1365 4567 et
1389 4509 1688 4566 Ecclesium
1719 4505 1919 4561 divise-

318 4632 447 4680 rant
486 4617 925 4676 :aeettsatioucm
972 4620 1148 4667 tamen
1192 4603 1497 4668 occultavit,
1550 4609 1607 4656 et
1650 4609 1920 4667 tamquam

321 4716 486 4771 larvis
522 4708 840 4783 quibusdam
886 4720 986 4760 suo
1040 4710 1097 4756 et
1132 4698 1327 4767 Apollo
1372 4692 1674 4748 nominibus
1706 4701 1920 4744 reorum

320 4808 502 4862 vultus
521 4778 802 4872 obtegens,
829 4796 1137 4853 facultatem
1162 4790 1267 4844 illis
1290 4786 1473 4842 tribuit
1490 4799 1557 4839 ex
1578 4783 1666 4838 illa
1689 4778 1923 4850 nequitia

325 4893 660 4966 etnergendi.
691 4892 755 4946 Et
785 4903 968 4945 rursus
1000 4904 1014 4941 :
1047 4883 1129 4938 Ne
1149 4887 1279 4954 forte
1305 4895 1422 4933 cum
1448 4890 1627 4931 venero
1647 4916 1663 4940 ,
1693 4871 1922 4925 humilict

329 5007 411 5044 me
442 4988 604 5055 Deus,
637 4995 682 5041 et
704 4985 902 5054 lugeam
924 4980 1110 5034 multos
1134 4991 1199 5032 ea:
1233 4974 1296 5028 iis
1316 5014 1332 5039 ,
1357 4971 1445 5042 qui
1476 4978 1594 5023 ante
1631 4973 1923 5037 peccat-aut,

323 5095 373 5137 et
410 5099 511 5136 non
540 5087 744 5152 egerunt
775 5072 1120 5145 pwuitentiant
1162 5083 1315 5137 super
1341 5061 1662 5118 immtmditia
1683 5069 1728 5112 et
1753 5063 1927 5125 impu-

325 5174 523 5236 dicitia,
546 5151 697 5241 quam
717 5174 977 5239 gesserunt
998 5161 1086 5233 (9..
1114 5161 1232 5214 Cor.
1252 5156 1336 5212 12.
1354 5152 1469 5226 21).
1498 5151 1627 5206 Vide
1647 5165 1752 5219 quo
1774 5157 1930 5217 paeto

329 5264 609 5322 indefinite
637 5261 781 5316 dicat
807 5272 904 5313 eos
932 5255 1021 5325 qui
1053 5256 1344 5324 peccarunt
1366 5290 1380 5311 ,
1412 5261 1479 5300 ne
1518 5243 1562 5297 si
1596 5239 1929 5295 manifestam

329 5355 727 5412 accusationem
750 5349 1074 5408 institueret,
1100 5339 1481 5411 impudentiam
1504 5340 1724 5402 augeret
1744 5342 1929 5382 eorum

330 5449 530 5504 animm
558 5445 648 5515 qui
677 5446 983 5513 peccarant.
1016 5434 1200 5503 Itaque
1225 5431 1363 5485 sicut
1390 5442 1486 5482 nos
1514 5433 1656 5479 tanta
1686 5419 1934 5473 cautione

333 5536 787 5608 reprehensiones
819 5530 1043 5585 facimus
1062 5566 1078 5590 ,
1107 5525 1187 5578 sic
1210 5563 1225 5588 ,
1254 5522 1517 5575 admoneo
1537 5558 1552 5578 ,
1580 5525 1636 5570 et
1664 5524 1762 5566 vos
1786 5509 1932 5565 omni

332 5647 456 5685 cum
489 5628 666 5683 studio
690 5621 1119 5679 emendationetn
1138 5610 1452 5678 admittatis,
1478 5623 1543 5663 ac
1563 5606 1845 5676 diligenter
1870 5601 1935 5656 iis

331 5737 455 5793 qua}
484 5721 752 5781 dicuntur,
781 5708 1087 5768 attendatis.

419 5812 468 5867 ες.
513 5809 647 5865 Tum
690 5804 944 5878 prwcipue
978 5814 1069 5852 nos
1098 5803 1242 5850 vexat
1285 5793 1484 5847 dwmon
1510 5830 1525 5855 ,
1553 5803 1667 5842 cum
1689 5798 1935 5846 oramus;

337 5903 595 5979 quo-nodo
640 5895 856 5953 duuiani
905 5886 1346 5948 rcsistctrdum.-—
1379 5880 1739 5938 Disseruimus
1789 5871 1933 5943 apud

1236 434 1549 500 PE.LC.\T.\
1596 430 1931 492 FRATREM
1972 435 2104 490 NON
2145 435 2589 494 EVCLCANDA.

3447 440 3554 501 358

1971 565 2067 605 vos
2107 552 2359 607 hesterno
2401 554 2488 609 die
2535 553 2603 609 de
2643 554 2904 610 orationis
2945 553 3160 611 virtute.
3208 556 3422 612 Ostendi
3449 576 3557 630 quo

1974 655 2129 714 pacto
2161 655 2270 700 tum
2302 657 2560 716 temporis
2587 647 2833 703 diabolus
2857 689 2871 713 ,
2922 657 2981 702 ttt
3024 651 3295 703 maleficus
3320 661 3402 706 est
3425 694 3440 718 ,
3472 654 3557 707 in-

1970 737 2136 792 sidias
2180 746 2372 792 struat.
2400 737 2532 793 Cum
2571 740 2715 793 enim
2755 741 3045 794 maximum
3087 740 3239 795 nobis
3265 743 3465 796 lucrum
3493 760 3560 799 ex

1972 831 2216 887 oratione
2267 840 2455 887 cernat
2503 833 2796 898 obvenire,
2847 843 2972 890 tunc
3021 834 3251 890 maxime
3306 835 3563 905 impetum

1973 924 2143 980 facit:
2175 934 2233 979 ut
2251 925 2594 981 excusatione
2631 942 2730 981 nos
2770 926 2973 995 privet,
3019 934 3077 980 ut
3112 927 3293 981 vacuis
3318 928 3564 981 manibus

1976 1031 2075 1071 nos
2116 1015 2334 1071 domum
2382 1017 2638 1071 remittat.
2671 1017 2739 1072 Et
2764 1017 3213 1088 quemadmodum
3265 1018 3403 1088 apud
3453 1035 3568 1071 tua-

1976 1108 2233 1177 gistratus
2256 1148 2270 1172 ,
2300 1107 2346 1162 si
2378 1106 2516 1162 forte
2544 1109 2803 1164 satellites
2822 1149 2838 1175 ,
2869 1118 2921 1166 et
2946 1110 3034 1179 qui
3063 1110 3399 1179 magistratus
3429 1109 3569 1165 latus

1977 1200 2215 1269 stipant,
2255 1214 2350 1255 eos
2370 1201 2458 1271 qui
2487 1200 2659 1271 ipsum
2686 1203 3013 1258 conveniunt
3032 1244 3047 1270 ,
3080 1203 3205 1258 odio
3235 1216 3570 1272 prosequan—

1979 1300 2085 1357 tur,
2114 1291 2277 1363 virgis
2304 1294 2488 1363 procul
2514 1302 2700 1349 arccnt
2729 1295 2871 1361 illos,
2902 1304 3060 1365 atque
3085 1296 3343 1351 acoedere
3369 1306 3569 1360 vetant,

1979 1394 2035 1441 et
2062 1384 2341 1453 conqueri,
2373 1384 2594 1455 ejusque
2620 1387 2964 1442 clementiam
2989 1387 3219 1457 experiri
3252 1405 3266 1442 :
3298 1390 3376 1443 sic
3410 1389 3571 1443 nitui-

1981 1494 2097 1535 rum
2134 1488 2189 1534 ct
2218 1477 2462 1533 diabolus
2487 1493 2608 1534 cum
2634 1480 2951 1535 accedentes
2976 1479 3041 1533 ad
3061 1478 3296 1550 judicent
3326 1479 3574 1537 homines

1985 1570 2198 1639 viderit,
2224 1570 2404 1641 procul
2434 1582 2577 1626 arcet
2606 1588 2711 1626 non
2741 1574 2906 1642 virga,
2939 1573 3032 1627 sed
3056 1572 3389 1644 negligentia.
3419 1573 3576 1628 Novit

1982 1665 2199 1734 quippe,
2225 1665 2390 1735 probe
2416 1666 2582 1732 novit,
2610 1666 2655 1720 si
2679 1667 2881 1735 providi
2909 1666 3201 1738 vigilesque
3224 1668 3573 1733 acu-sseriut,

1984 1768 2032 1810 c:
2066 1765 2278 1826 peccata
2310 1771 2404 1812 sua
2425 1757 2655 1812 confessi
2686 1757 2898 1823 fuerint,
2922 1759 3204 1831 animaque
3226 1758 3452 1815 ferventi
3481 1759 3578 1815 dc-

1988 1848 2277 1915 fleverint,
2329 1848 2551 1902 multam
2600 1848 2720 1904 illos
2773 1850 2982 1905 veniam
3036 1852 3580 1920 itnpetraturoszbe-

1991 1945 2184 2014 nignus
2209 1943 2351 1999 enim
2373 1953 2457 2000 est
2483 1944 2622 1999 Deus
2655 1963 2668 1999 :
2693 1954 2851 2014 atque
2878 1945 3077 2001 idcirco
3103 1958 3436 2017 prmoccupat
3464 1948 3583 2004 illos

1989 2046 2043 2091 et
2072 2036 2140 2091 ab
2168 2035 2402 2106 alloquio
2432 2034 2661 2105 repellit,
2695 2046 2748 2090 ut
2779 2036 2908 2090 nihil
2935 2052 3122 2092 eorum
3145 2053 3264 2107 qum
3292 2038 3582 2107 postttlattt,

1992 2137 2407 2198 consequantur.
2437 2127 2542 2184 Sed
2574 2128 2769 2183 milites
2799 2130 3013 2199 quidem
3042 2130 3450 2200 magistratuum
3470 2131 3587 2186 vio-

1995 2222 2168 2277 lcnler
2199 2221 2318 2276 illos
2346 2231 2704 2289 summovent,
2732 2221 2820 2292 qtti
2842 2237 2936 2276 eos
2953 2223 3279 2277 conveniunt
3308 2240 3320 2275 :
3346 2223 3433 2278 hic
3458 2237 3588 2279 vero

1996 2333 2100 2373 non
2132 2314 2234 2371 vim
2264 2313 2514 2381 adoretis,
2547 2315 2639 2370 sed
2666 2329 2764 2370 nos
2790 2314 3096 2385 decipiens,
3130 2326 3182 2371 et
3221 2316 3285 2369 ad
3316 2317 3589 2388 negligen—

1999 2414 2124 2467 tiam
2168 2407 2470 2481 impellcns.
2502 2406 2841 2478 Quapropter
2871 2422 2971 2462 nec
3000 2407 3152 2462 venia
3183 2407 3324 2476 digni
3355 2422 3541 2463 sumus
3569 2448 3589 2474 ,

1998 2524 2118 2563 cum
2143 2519 2241 2561 nos
2268 2505 2414 2575 ipsos
2438 2502 2594 2558 bonis
2618 2510 2810 2574 sponte
2840 2502 3128 2571 privetntts.
3161 2501 3273 2555 Lux
3295 2510 3376 2557 cst
3397 2502 3593 2559 mentis

2001 2611 2053 2658 et
2082 2600 2277 2654 animm
2318 2611 2439 2652 cum
2485 2595 2663 2650 studio
2692 2594 2804 2649 fusa
2836 2593 3005 2649 oratio
3026 2635 3042 2660 ,
3082 2594 3169 2650 lux
3198 2594 3514 2649 inexstineta
3539 2604 3594 2650 ct

2005 2692 2274 2763 perennis.
2306 2690 2594 2760 Propterea
2640 2688 2951 2743 innumeras
2980 2687 3177 2741 uestris
3205 2686 3473 2742 mentibus
3502 2701 3597 2742 co-

2003 2787 2318 2858 gitationum
2346 2784 2536 2839 sordes
2565 2782 2762 2853 injicit,
2808 2791 2864 2837 et
2901 2796 3020 2851 qua:
3071 2796 3360 2850 tuunquam
3391 2780 3598 2849 cogita—

2006 2882 2180 2935 vimus
2205 2921 2219 2944 ,
2276 2878 2393 2934 hcce
2430 2877 2655 2934 collecta
2704 2885 2945 2945 tempore
2979 2873 3237 2928 oratiunis
3282 2872 3333 2926 in
3363 2872 3598 2926 animam

2008 2981 2246 3028 nostram
2294 2967 2544 3024 infundit.
2582 2968 2646 3023 Et
2674 2963 3126 3036 quemadmodum
3174 2962 3318 3018 venti
3358 2978 3603 3034 swpenu-

2008 3080 2160 3122 mero
2186 3078 2253 3119 ex
2281 3061 2507 3118 adverso
2526 3060 2837 3129 iugrttentes
2856 3070 3141 3111 accensum
3169 3054 3346 3125 ignem
3371 3054 3604 3109 lucernze

2009 3157 2139 3213 ﬂatu
2164 3154 2534 3210 diventilatum
2555 3150 2897 3220 exstinguunt
2927 3147 3041 3202 :sic
3063 3156 3115 3201 et
3138 3145 3379 3200 diabolus
3401 3159 3521 3199 cum
3550 3142 3607 3198 iu

2013 3248 2170 3306 nobis
2189 3259 2470 3303 accensam
2494 3241 2750 3298 oratioais
2779 3239 3044 3293 flammam
3069 3236 3280 3302 viderit,
3314 3234 3607 3289 innumeris

2013 3356 2113 3397 nos
2139 3334 2587 3393 sollicitudinibus
2608 3332 2735 3387 hinc
2754 3329 2877 3385 inde
2900 3326 3150 3398 perﬂatus
3177 3343 3279 3380 non
3311 3327 3452 3394 prius
3478 3324 3609 3379 sinit

2013 3434 2290 3504 quiescere
2310 3468 2325 3494 ,
2361 3441 2520 3498 quam
2550 3425 2724 3479 lucem
2752 3421 3089 3478 exstinxerit.
3122 3417 3228 3473 Sed
3257 3416 3398 3487 quod
3430 3416 3502 3469 illi
3532 3417 3610 3474 fa-

2015 3527 2198 3590 ciunt,
2229 3521 2319 3593 qui
2347 3520 2599 3575 lucernas
2640 3516 2758 3571 illas
2792 3513 3125 3577 accendunt,
3169 3526 3266 3564 nos
3293 3524 3504 3579 quoque
3535 3508 3612 3561 fa-

2014 3619 2241 3675 ciamus.
2293 3613 2432 3684 Quid
2477 3612 2551 3667 illi
2597 3625 2726 3667 vero
2775 3608 3012 3665 faciunt?
3059 3606 3193 3661 Cum
3237 3604 3610 3659 vehementem

2018 3712 2274 3780 ingruere
2305 3713 2523 3762 ventunt
2552 3703 2770 3767 vident,
2803 3698 3053 3769 imposito
3079 3696 3245 3766 digito
3276 3695 3508 3750 lucerna:
3535 3692 3613 3745 fo-

2018 3800 2212 3859 ramini
2250 3795 2464 3869 spiritui
2490 3794 2697 3850 aditum
2723 3788 3106 3846 intercludunt.
3134 3783 3401 3854 Quamdiu
3445 3782 3615 3852 siqui—

2019 3894 2142 3949 dem
2182 3889 2423 3947 exterius
2461 3887 2718 3957 impetum
2758 3882 2935 3949 faciet,
2976 3878 3231 3934 resistere
3269 3876 3563 3930 valebimus
3595 3890 3611 3929 :

2021 3985 2113 4042 ubi
2144 3998 2271 4039 vero
2300 3979 2494 4036 mentis
2519 3977 2595 4033 illi
2623 3976 2767 4031 fores
2787 3970 3160 4044 apernerimus
3180 4007 3196 4034 ,
3244 3978 3298 4023 et
3340 3965 3615 4020 inimicum

2023 4078 2166 4133 intus
2194 4071 2593 4136 admiserimus,
2626 4076 2736 4122 tum
2782 4079 2888 4120 non
2924 4061 3151 4131 amplius
3176 4101 3190 4122 ,
3223 4074 3293 4114 ne
3337 4055 3614 4112 minimum

2023 4169 2239 4242 quidem
2270 4166 2524 4222 resistere
2554 4173 2872 4233 possumus:
2901 4156 2995 4213 sed
3019 4152 3280 4209 memoria
3305 4160 3484 4207 nostra
3513 4166 3617 4204 un-

2025 4263 2188 4333 dique
2231 4257 2501 4315 exstincta
2545 4263 2605 4309 ut
2642 4252 2860 4308 lucerna
2892 4248 3159 4318 futnigans
3185 4286 3199 4309 ,
3242 4243 3420 4299 inania
3456 4240 3621 4297 verba

2026 4331 2154 4412 sinit
2181 4367 2243 4407 os
2269 4358 2512 4405 nostrum
2531 4345 2831 4402 ell'undere.
2862 4341 3055 4396 Verum
3088 4348 3146 4392 ttt
3173 4336 3245 4390 illi
3274 4336 3505 4389 lucerna:
3533 4331 3619 4387 fo—

2028 4445 2221 4503 ramini
2266 4442 2491 4513 digitum
2534 4438 2855 4508 imponunt,
2894 4433 2966 4487 ita
3011 4444 3110 4484 nos
3152 4429 3411 4481 rationem
3452 4423 3620 4478 menti

2030 4539 2407 4612 praeficiamus,
2438 4532 2675 4602 maligno
2703 4526 2911 4598 spiritui
2940 4524 3139 4579 aditum
3167 4517 3584 4574 intercludatnus
3605 4559 3623 4587 ,

2031 4653 2101 4694 ne
2149 4632 2410 4689 orationis
2461 4636 2660 4682 nostra:
2712 4622 2891 4676 lumen
2938 4616 3258 4684 exstinguat.
3310 4609 3622 4666 Meministis

2032 4728 2192 4799 hujus
2232 4720 2467 4791 exempli
2508 4717 2805 4785 utriusque,
2838 4720 2895 4766 et
2920 4710 3144 4764 militum
3174 4722 3237 4761 ac
3261 4692 3649 4775 tnagistratus,‘

2032 4814 2394 4879 ctlucernm?
2442 4812 2730 4882 Propterea
2778 4816 3008 4874 namque
3060 4798 3213 4854 vobis
3240 4797 3353 4851 luce
3379 4791 3626 4862 exempla

2034 4913 2359 4975 rccitamus,
2390 4906 2443 4960 in
2473 4901 2667 4973 quibus
2696 4909 3001 4959 versamur,
3055 4890 3108 4946 in
3158 4889 3350 4962 quibus
3394 4901 3582 4941 sumus
3610 4922 3626 4947 ,

2040 5019 2097 5063 ut
2124 5004 2284 5061 etiam
2309 5014 2431 5056 cum
2464 4995 2587 5050 hinc
2615 4988 3018 5048 recesserimus,
3049 4999 3110 5038 ac
3140 4981 3286 5037 domi
3320 4979 3576 5034 fuerimus
3615 5012 3634 5041 ,

2037 5115 2134 5171 per
2159 5112 2250 5153 cas
2275 5108 2364 5149 res
2389 5103 2522 5162 qaas
2552 5086 2811 5142 habemus
2842 5098 2950 5152 prae
2979 5076 3225 5134 manibus
3248 5117 3264 5142 ,
3294 5088 3477 5130 corum
3507 5084 3629 5142 qua-

2038 5191 2178 5248 dicta
2205 5193 2331 5242 sunt
2352 5181 2507 5238 nobis
2527 5176 2784 5235 memoria
2814 5173 3117 5228 refricctur.

2112 5283 2166 5339 6.
2209 5280 2459 5351 Magnum
2508 5277 2661 5328 telum
2707 5267 2948 5341 precatio.
2989 5260 3191 5315 Orbitas
3223 5255 3491 5309 liberorum
3521 5266 3624 5304 non

2040 5388 2113 5434 est
2152 5390 2298 5447 pwua
2341 5367 2566 5442 peccati;
2595 5377 2747 5433 quant
2791 5370 3000 5413 causam
3045 5350 3256 5410 habeat;
3299 5352 3473 5415 partus
3524 5350 3629 5395 ste-

2041 5436 2163 5525 rilis.
2201 5476 2379 5538 partus
2433 5455 2640 5527 virginis
2692 5451 2844 5520 ﬁdem
2889 5443 3031 5513 facit.
3062 5469 3135 5483 -~
3176 5436 3361 5505 Magna
3412 5441 3495 5486 est
3542 5446 3632 5484 ar-

3247 5529 3259 5538 .
3335 5525 3363 5538 ..
3513 5518 3542 5538 ,_
3585 5518 3627 5538 _,

2042 5518 2252 5616 tnatuia
2300 5551 2503 5615 oratio,
2555 5555 2804 5613 magnum
2852 5531 3179 5606 prmsidium.
3232 5524 3469 5582 Audistis
3513 5518 3631 5574 heri

2043 5666 2149 5724 quo
2191 5654 2346 5718 pacto
2392 5650 2501 5696 tres
2532 5634 2680 5708 pueri
2722 5628 2885 5685 vincti
2928 5627 3186 5695 impetum
3229 5615 3366 5688 ignis
3414 5625 3628 5681 repres-

2044 5711 2252 5806 s-crin-t,
2290 5751 2395 5807 quo
2455 5741 2608 5804 pacto
2670 5726 2939 5780 ﬂammam
2998 5712 3253 5772 calcarint
3281 5750 3295 5772 ,
3327 5720 3434 5777 quo
3479 5711 3635 5771 paeto

2047 5837 2319 5893 fornacem
2365 5819 2755 5897 superaverint,
2788 5829 2896 5888 quo
2926 5816 3081 5894 pacto
3108 5810 3361 5861 virtutem
3398 5797 3634 5855 elemen-
