4062 6460
464 482 572 540 339

466 596 506 648 ti
538 590 875 647 devicerint?
907 587 1098 642 Audite
1143 600 1329 640 rursus
1360 584 1534 640 hodie,
1565 596 1672 649 quo
1703 584 1856 646 pacto
1881 587 2050 644 gene-

471 701 628 740 rosus
671 699 734 738 ac
764 696 982 749 niagnus
1020 679 1163 732 Isaac
1201 677 1368 746 ipsam
1387 670 1633 742 corporis
1661 677 1902 722 naturain
1929 679 2056 717 ora-

471 778 616 831 tione
641 773 924 844 superarit.
974 770 1053 825 llli
1091 769 1340 824 virtutem
1381 766 1518 836 ignis
1556 762 1942 824 dissolvcrnnt,
1970 757 2056 811 hic

469 867 727 921 hodierno
783 863 871 917 die
920 861 1130 916 vincula
1187 858 1348 914 solvit
1399 855 1656 911 mutilata:
1701 861 1924 906 naturar.
1981 851 2058 902 Ae

465 959 613 1012 disce
657 972 762 1026 qua
796 955 1002 1009 ratione
1046 952 1096 1007 id
1122 953 1310 1022 egerit.
1357 947 1623 1020 Rogubat,
1659 945 1862 1014 inquit,
1906 943 2061 996 Isaac

465 1067 556 1119 pro
618 1061 777 1102 uxore
837 1063 930 1100 sua
952 1087 968 1110 ,
1029 1045 1268 1114 quoniam
1325 1041 1511 1096 sterilis
1564 1047 1672 1092 erat
1739 1034 1914 1106 (Gen.
1964 1033 2055 1088 25.

464 1142 581 1213 2t).
629 1140 756 1195 ll:cc
785 1139 934 1192 vobis
965 1137 1124 1193 hodie
1168 1143 1294 1191 sunt
1333 1134 1466 1188 lecta
1499 1149 1512 1184 :
1546 1131 1660 1185 heri
1698 1129 1768 1184 de
1815 1128 2058 1182 oratione

462 1245 646 1284 sermo
675 1238 764 1284 est
789 1228 1022 1293 habitus,
1062 1240 1114 1282 et
1142 1226 1298 1280 hodie
1328 1239 1516 1278 rursus
1540 1221 1924 1276 demonstratio
1949 1220 2052 1272 vir-

464 1321 596 1376 tutis
625 1321 886 1376 orzttio;.is
917 1319 1171 1373 occurrit.
1203 1316 1408 1370 Vidi-tis
1435 1324 1492 1368 ut
1532 1315 1600 1367 ita
1631 1311 1862 1380 Spiritus
1887 1311 2057 1379 gratia

460 1413 784 1482 disponente
813 1412 884 1465 sit
910 1411 1128 1472 factum,
1158 1419 1212 1462 ut
1243 1409 1306 1462 iis
1331 1420 1592 1466 consona,
1625 1419 1745 1472 quae
1765 1403 1904 1456 dicta
1931 1408 2057 1454 sont

463 1503 604 1570 heri,
653 1503 914 1557 hodierno
952 1501 1038 1556 die
1071 1499 1413 1570 legerentur?
1479 1495 1707 1566 Rogabat
1732 1492 1832 1564 (τι),
1867 1491 2056 1560 inquit,

467 1613 560 1666 pro
588 1594 811 1650 Rebecca
840 1609 997 1647 uxore
1042 1609 1155 1654 sua,
1200 1590 1441 1660 quoniam
1480 1587 1666 1641 sterilis
1707 1594 1836 1638 erat.
1867 1583 1978 1637 lloc
2007 1583 2058 1635 in

467 1687 651 1755 primis
671 1701 847 1754 opem
871 1683 1097 1754 pri-tium
1125 1692 1208 1738 est
1233 1697 1494 1752 quaerere,
1523 1694 1624 1749 qua
1662 1678 1730 1732 de
1759 1691 1918 1732 causa
1951 1684 2061 1730 ste-

466 1778 580 1832 rilis
615 1786 780 1832 esset.
808 1775 1152 1830 Admiralnlis
1181 1771 1456 1840 cujusdam
1482 1771 1602 1824 vita:
1630 1783 1941 1838 magnzrque
1965 1781 2056 1819 ca-

464 1870 660 1924 stitatis
687 1869 842 1939 plena
868 1883 990 1922 eum
1021 1868 1130 1935 ipsa
1163 1873 1298 1929 erat,
1324 1872 1433 1916 tum
1453 1863 1532 1914 vir
1553 1861 1688 1928 ejus.
1723 1860 1838 1913 Non
1871 1873 2060 1928 possu-

467 1977 588 2015 mus
612 1974 834 2029 carpere
857 1968 1164 2011 sanctorum
1194 1957 1376 2018 vitam,
1415 1969 1478 2007 ac
1511 1953 1688 2006 dicere
1720 1959 2062 2019 peccatorum

465 2053 714 2108 effectum
741 2067 860 2104 esse
891 2048 1250 2102 sterilitatem.
1281 2046 1385 2100 Nec
1435 2045 1532 2098 ista
1564 2044 1760 2098 sterilis
1787 2043 1880 2096 l'uit
1922 2041 2063 2106 sola,

466 2145 560 2200 sed
587 2155 639 2199 ct
670 2155 838 2198 mater
869 2143 1031 2212 ipsius
1063 2142 1245 2198 Sarra.
1278 2155 1397 2210 qua:
1428 2139 1577 2192 illum
1621 2136 1860 2207 peperit;
1891 2151 2062 2203 neque

469 2251 595 2289 vero
627 2235 933 2302 matcrejns
962 2243 1161 2288 tantum
1203 2232 1400 2286 sterilis
1432 2229 1550 2295 fuit,
1575 2245 1748 2298 neque
1773 2242 1934 2292 uxor,
1967 2225 2063 2280 scd

465 2337 520 2382 ct
561 2342 747 2392 nurus,
789 2325 967 2381 Jacobi
1009 2341 1142 2379 uxor
1187 2321 1408 2377 ltachel.
1450 2320 1586 2390 Quid
1633 2320 1735 2375 sibi
1787 2320 1894 2373 vult
1945 2319 2062 2373 lure

468 2422 622 2475 turba
655 2419 958 2473 stcrilimu?
987 2419 1186 2472 Omnes
1210 2415 1362 2485 jutti,
1391 2430 1580 2468 omnes
1606 2414 1802 2466 virtute
1831 2411 2058 2482 pra-diti,

466 2527 652 2566 omnes
683 2511 775 2565 Dei
807 2509 1112 2564 testimonio
1139 2507 1415 2575 ap;~robati
1447 2514 1620 2558 erant.
1666 2505 1738 2558 De
1778 2504 1882 2557 illis
1919 2503 2060 2556 enim

465 2603 717 2657 dixerat:
749 2601 858 2672 Ego
899 2617 1010 2654 smn
1039 2597 1180 2651 Deus
1210 2597 1486 2660 Abraham,
1529 2606 1575 2648 et
1621 2594 1754 2647 Deus
1802 2591 1972 2654 Isaac,
2017 2604 2064 2647 ct

471 2694 606 2748 Deus
629 2693 790 2747 Iacob
817 2691 1010 2762 (Exod.
1039 2691 1092 2746 5.
1121 2690 1200 2760 (ἰ).
1227 2689 1302 2743 De
1328 2688 1515 2742 iisdem
1546 2688 1704 2742 etiam
1730 2685 1806 2739 sic
1832 2684 2064 2755 loquitur

469 2787 664 2843 Paulus
697 2803 710 2839 :
749 2787 912 2852 Quam
953 2785 1014 2838 ob
1044 2800 1252 2837 causam
1292 2799 1393 2836 non
1435 2780 1764 2850 confunditur
1798 2778 1930 2833 Deus
1980 2794 2067 2832 oo-

465 2880 574 2933 cari
605 2877 740 2932 Deus
771 2895 942 2931 eorum
971 2875 1152 2948 (Hebr.
1192 2875 1278 2930 ll.
1315 2873 1406 2942 lli)
1460 2872 1620 2926 Multa
1649 2886 1834 2926 eorum
1864 2885 2066 2940 pra-co-

468 2971 556 3026 nia
592 2971 649 3025 in
676 2969 843 3034 Novo,
886 2969 1068 3024 multa:
1107 2968 1316 3023 illorum
1349 2965 1532 3019 lamlcs
1576 2965 1628 3018 in
1675 2964 1848 3018 Veteri
1876 2963 2066 3017 Testa-

469 3061 868 3117 mentozomni
919 3076 983 3114 ex
1029 3068 1181 3130 parte
1226 3057 1353 3112 clari
1403 3066 1457 3110 et
1499 3056 1756 3121 illustris,
1801 3065 1848 3109 et
1879 3069 2068 3110 omnes

469 3153 685 3209 steriles
713 3151 978 3206 habebant
1009 3166 1226 3216 uxores,
1257 3164 1321 3204 ac
1363 3150 1480 3204 sine
1513 3148 1693 3203 liberis
1726 3148 1892 3201 multo
1923 3156 2064 3202 tem-

470 3261 603 3316 pore
616 3244 883 3299 vixerunt.
913 3241 1046 3298 Cum
1078 3242 1236 3312 igitur
1261 3242 1428 3294 virum
1450 3249 1504 3294 et
1531 3254 1750 3294 uxorem
1774 3238 1970 3293 videris
1997 3253 2064 3292 ex

472 3338 683 3391 virtutis
733 3337 1044 3407 prmscripto
1087 3335 1249 3388 vitam
1280 3332 1554 3402 degentes,
1600 3346 1722 3385 cum
1767 3329 2065 3400 religiosos,

473 3428 683 3499 pii-uatis
710 3426 977 3480 studiosos
1007 3434 1062 3479 et
1089 3423 1266 3478 liberis
1295 3423 1597 3484 dcstittttos,
1628 3437 1696 3476 ne
1727 3428 2066 3491 peccatorum

471 3520 879 3576 retributionem
911 3519 1130 3576 omnino
1161 3533 1280 3572 esse
1303 3517 1591 3571 liberorum
1619 3514 1891 3571 existimes
1920 3514 2066 3569 orbi-

478 3623 662 3667 tatem.
696 3611 874 3665 Multa:
904 3610 1098 3680 quippe
1126 3618 1250 3663 sunt
1291 3609 1526 3662 rationes
1559 3606 1906 3676 providentiae
1936 3605 2070 3660 divi-

478 3719 563 3758 me
601 3717 664 3756 ac
703 3701 854 3755 nobis
885 3701 1129 3765 occultae,
1171 3709 1224 3754 et
1270 3714 1364 3767 pro
1409 3697 1656 3752 omnibus
1687 3696 1908 3767 agenda:
1947 3703 2073 3750 sunt

479 3794 683 3866 gratim,
730 3793 938 3861 solique
965 3792 1038 3846 illi
1079 3791 1255 3844 miseri
1291 3789 1540 3845 censendi
1585 3789 1674 3858 qui
1706 3788 1848 3842 vitiis
1888 3797 2072 3844 conta-

480 3888 664 3943 minati
710 3889 912 3953 vivunt,
947 3902 1052 3940 non
1082 3885 1168 3954 qui
1214 3885 1395 3939 liberis
1439 3892 1646 3938 carent.
1690 3882 2072 3952 Smpcnnmere

482 3985 623 4035 Iit-ns
669 3979 873 4034 utiliter
917 3978 967 4031 id
1012 3977 1158 4045 agit:
1196 3992 1291 4030 nos
1330 3984 1506 4030 autem
1557 3991 1744 4031 eorum
1793 3990 1913 4044 qua:
1943 3976 2075 4028 liunt

477 4085 693 4126 causam
741 4071 1067 4139 ignoramus.
1116 4067 1317 4122 Idcirco
1351 4067 1663 4136 sapientiam
1717 4065 1835 4134 ejus
1880 4065 2074 4135 ubique

484 4161 685 4216 laudari
721 4177 816 4232 par
838 4169 941 4227 cst,
973 4168 1027 4214 ct
1063 4159 1370 4228 benignitati
1411 4160 1523 4229 ejus
1556 4157 1810 4213 ineffabili
1849 4158 2073 4228 gloriam

476 4257 524 4310 ιΙι
537 4241 696 4309 ferri.

456 4335 464 4337 ’ν
556 4346 610 4400 7.
651 4345 824 4412 Atque
847 4341 933 4397 hic
961 4339 1175 4411 quidem
1213 4357 1391 4395 sermo
1418 4351 1628 4394 nostros
1655 4338 1924 4395 instruere
1955 4355 2064 4394 mo-

483 4457 573 4494 res
625 4447 800 4510 potest
833 4453 846 4490 :
878 4435 974 4492 sed
1022 4444 1076 4490 ct
1127 4434 1388 4503 tangenda
1444 4433 1599 4487 nobis
1639 4441 1723 4486 est
1771 4449 1952 4498 causa,
2009 4434 2082 4488 ob

485 4547 646 4600 quam
682 4530 895 4585 steriles
935 4528 1042 4582 illic
1083 4527 1337 4583 mulieres
1365 4525 1600 4580 fuerunt.
1628 4527 1884 4592 Quantam
1923 4524 2085 4595 igitur

483 4625 582 4678 fuit
610 4624 808 4679 causa?
839 4621 925 4688 Ut,
957 4638 1077 4676 cum
1110 4621 1368 4691 virginem
1416 4620 1708 4690 parientem
1739 4633 2079 4673 communem

487 4723 730 4768 iiostrutn
760 4713 1041 4767 Domimnn
1069 4711 1285 4774 videris,
1313 4710 1470 4764 tidem
1494 4708 1692 4764 habere
1722 4725 1828 4763 non
1861 4724 2077 4764 renuas.

490 4805 630 4873 Ergo
665 4813 899 4859 mentem
942 4815 1084 4858 tuam
1129 4801 1180 4857 in
1226 4802 1488 4856 stet-ilium
1527 4811 1683 4856 utero
1727 4815 1918 4854 exerce
1952 4819 1966 4855 :
2000 4809 2076 4864 nt,

487 4915 614 4954 cum
653 4897 994 4953 infecundum
1046 4912 1109 4951 ac
1145 4897 1379 4950 vinctum
1429 4902 1634 4948 uterum
1675 4893 1873 4948 videris
1901 4893 2078 4948 divina

489 4987 658 5060 gratia
699 4987 766 5042 ad
803 4987 997 5040 liberos
1024 4986 1316 5056 gignendos
1356 4986 1691 5054 adapertum,
1734 4999 1800 5040 ne
1847 4985 2079 5053 mireris,

490 5081 618 5132 dum
654 5078 922 5149 peperi-se
951 5079 1207 5148 virginem
1239 5079 1412 5132 audis.
1444 5077 1554 5132 lmo
1581 5094 1707 5133 vero
1729 5086 1783 5132 et
1809 5077 2001 5132 mirare
2028 5089 2084 5132 et

488 5175 831 5243 olistnpescc,
871 5182 1236 5224 vertuntameu
1267 5171 1486 5225 credere
1525 5171 1838 5226 miraculum
1882 5187 1949 5226 ne
1991 5187 2080 5226 re-

491 5277 639 5316 cusa.
688 5260 819 5315 Cum
871 5258 1064 5312 dixerit
1106 5257 1196 5312 tibi
1245 5257 1480 5316 Judieus,
1513 5259 1629 5325 Quo
1678 5270 1832 5327 pacto
1878 5259 2084 5328 peperit

497 5354 688 5425 virgo?
716 5362 770 5408 tu
806 5352 890 5406 dic
929 5353 1023 5417 illi,
1055 5351 1173 5417 Quo
1205 5358 1358 5417 pacto
1390 5351 1590 5418 peperit
1618 5351 1813 5403 sterilis
1836 5359 1891 5402 et
1925 5366 2085 5404 sene-

489 5457 636 5500 etntc
679 5445 963 5498 conlecta?
997 5445 1111 5498 Duo
1142 5442 1521 5511 impedimenta
1570 5450 1696 5494 tunc
1735 5452 1908 5503 erant,
1957 5453 2087 5496 mtas

493 5539 725 5592 exoleta.
749 5545 800 5589 et
830 5536 1004 5603 inepta
1033 5546 1216 5588 natura
1249 5553 1260 5586 :
1293 5535 1342 5586 in
1377 5531 1580 5604 virgine
1607 5541 1780 5586 autem
1807 5548 1968 5585 unum
1992 5532 2085 5586 fuit

495 5625 976 5698 impedimentmn,
1044 5627 1184 5691 quod
1232 5625 1441 5693 nuptias
1485 5633 1706 5692 experta
1763 5638 1867 5676 non
1924 5632 2084 5676 esset.

493 5712 650 5766 Viam
679 5713 832 5780 igitur
858 5717 1050 5770 sternit
1077 5718 1264 5786 virgini
1288 5718 1506 5772 sterilis.
1541 5718 1716 5786 Atque
1743 5724 1801 5772 ut
1828 5716 2086 5786 intelligas

483 5799 696 5856 ideirco
725 5809 933 5862 steriles
961 5811 1314 5874 prmccssissc,
1347 5820 1403 5863 ut
1446 5819 1630 5879 partus
1659 5810 1874 5879 virginis
1903 5810 2088 5865 crede-

527 5909 617 5969 (τι)
656 5911 761 5958 "33C
794 5916 894 5978 ipsa
915 5916 1158 5968 habentur
1183 5920 1382 5972 llmuilia
1411 5921 1470 5971 te
1506 5922 1553 5971 in
1579 5922 1824 5982 Geucsim,
1847 5930 1879 5974 ι.
1901 5925 1945 5974 4.

1186 470 1550 540 S.JO.-\N.\'|S
1587 455 2062 522 (IllllYSOS’l‘Oill
2106 455 2429 512 AllClllEP.
2471 459 3006 516 CONSTANTINOP.

3662 463 3761 519 360

2171 583 2344 638 retur,
2388 572 2514 628 audi
2545 573 2738 643 quibus
2793 589 2911 629 eam
2959 575 3137 629 verbis
3177 575 3393 631 Gabriel
3433 577 3504 631 sit
3551 577 3758 632 allatus.

2165 664 2297 718 Cum
2322 663 2466 718 ettiin
2491 669 2747 725 venisset,
2769 667 2922 734 eique
2948 666 3196 732 dixisset,
3222 667 3486 736 Concipies
3517 670 3574 720 in
3603 678 3759 733 utero,

2165 769 2216 812 et
2241 759 2409 828 paries
2437 757 2621 826 ﬁlium,
2661 768 2708 810 et
2735 759 2932 813 vocabis
2962 775 3146 812 nomen
3187 761 3297 829 ejus
3318 759 3493 814 Iesum
3520 760 3680 831 (Luc.
3714 763 3734 814 l

2166 853 2281 923 31),
2323 853 2594 923 obstupuit
2621 852 2788 922 virgo,
2836 861 2892 908 et
2942 853 3129 906 mirata
3171 862 3276 918 est,
3318 855 3564 922 dixitque
3594 855 3762 920 τριω-

2167 946 2319 999 modo
2335 945 2594 1014 ﬁet‘istud,
2614 945 2853 1014 quoniam
2869 945 3028 997 virum
3047 961 3146 997 non
3168 962 3418 1014 cognooco
3435 945 3543 1014 (Ib.
3572 963 3620 999 υ.
3643 946 3769 1010 5i}?

2167 1037 2303 1100 Quid
2337 1037 2496 1106 igitur
2514 1036 2774 1106 angelus?
2805 1037 3030 1105 Spiritus
3065 1047 3269 1091 sanctus
3293 1039 3616 1106 superveniet
3644 1041 3696 1092 in
3723 1050 3757 1094 ιε

2167 1128 2276 1199 (Ib.
2312 1144 2358 1181 υ.
2391 1128 2504 1199 533).
2550 1129 2668 1182 Noli
2717 1128 2961 1183 ordinem
3009 1144 3251 1198 qna‘rere
3291 1139 3516 1194 natus-aa,
3561 1131 3762 1200 inquit,

2166 1237 2288 1275 cum
2318 1235 2477 1289 supra
2519 1229 2760 1274 naturam
2789 1228 2876 1274 est
2919 1219 2969 1274 id
2998 1219 3142 1288 quod
3167 1221 3370 1288 geritur
3398 1237 3412 1274 :
3442 1237 3510 1276 ne
3555 1224 3764 1290 nuptias

2169 1323 2226 1368 et
2265 1314 2479 1368 dolores
2508 1321 2692 1382 partus
2733 1313 3104 1380 circumspice,
3141 1327 3260 1365 cum
3294 1313 3492 1380 nuptiis
3520 1314 3767 1382 superior

2166 1408 2526 1478 generationis
2551 1408 2741 1460 modus
2768 1407 2939 1460 fuerit.
2974 1405 3242 1472 Quomodo
3267 1406 3351 1474 ﬁet
3382 1404 3548 1472 istud,
3576 1408 3762 1475 inquit,

2165 1499 2404 1569 quoniam
2445 1498 2606 1552 uirum
2649 1514 2751 1551 non
2796 1498 3089 1568 cognosco?
3132 1498 3289 1564 Atqui
3339 1507 3630 1567 propterea
3680 1499 3768 1551 lict

2168 1588 2330 1654 istud,
2363 1589 2484 1657 quia
2524 1589 2695 1642 virum
2731 1604 2833 1640 non
2865 1588 3166 1657 cognoscis.
3197 1587 3251 1643 Si
3285 1589 3427 1642 enim
3468 1589 3646 1643 virtmt
3674 1605 3765 1643 co-

2167 1681 2470 1750 gnovisses,
2500 1679 2676 1734 habita
2707 1679 2864 1749 digna
2888 1695 2991 1733 non
3023 1695 3192 1743 esses,
3222 1697 3341 1750 qua:
3368 1680 3492 1736 huic
3521 1681 3766 1735 ministe-

2169 1773 2251 1826 rio
2281 1773 2590 1828 inservires.
2622 1772 2802 1841 Itaque
2827 1773 2896 1824 ob
2928 1773 3028 1827 hoc.
3068 1773 3240 1841 ipsum
3286 1773 3464 1840 crede,
3507 1773 3584 1827 ob
3627 1774 3768 1843 quod

2171 1863 2326 1918 ﬁdem
2359 1866 2540 1920 renuis
2574 1863 2790 1919 habere.
2833 1864 3003 1918 Porro
3029 1865 3290 1932 ejusmodi
3323 1866 3588 1920 inservire
3615 1867 3767 1920 mini-

2167 1957 2330 2011 sterio
2355 1957 2513 2028 digua
2553 1973 2657 2010 non
2697 1971 2847 2012 esses
2893 1956 3090 2022 habita,
3124 1973 3232 2011 non
3270 1957 3412 2027 quod
3455 1957 3665 2011 malum
3702 1958 3772 2011 sit

2168 2049 2495 2118 conjuginm,
2526 2049 2620 2102 sed
2653 2051 2774 2119 quia
2805 2051 2994 2105 melior
3025 2060 3107 2104 est
3134 2050 3411 2119 virginitas
3440 2067 3454 2101 :
3483 2052 3770 2120 augustio-

2171 2155 2282 2195 rem
2317 2140 2459 2194 cnim
2491 2155 2614 2195 esse
2657 2149 2844 2194 nostro
2876 2140 3173 2210 ingressum
3208 2141 3414 2195 Domini
3443 2141 3766 2211 oportebat;

2172 2233 2352 2303 regius
2387 2233 2582 2302 quippe
2603 2241 2720 2286 erat
2747 2249 2761 2286 :
2789 2232 2933 2302 atqui
2966 2249 3058 2288 res
3104 2248 3199 2302 per
3233 2234 3600 2303 augustiorem
3629 2235 3767 2287 viam

2171 2325 2484 2394 ingreditur.
2529 2325 2778 2395 Oportuit
2819 2327 2965 2380 illum
3009 2334 3062 2378 et
3092 2326 3421 2394 generationi
3462 2328 3772 2382 communi-

2169 2433 2226 2471 ca
2239 2435 2316 2480 re,
2346 2427 2400 2472 et
2423 2435 2450 2471 a
2484 2427 2664 2473 nostra
2687 2417 2922 2472 dill'erre.
2952 2415 3130 2488 Itaque
3157 2416 3271 2472 h:ec
3296 2418 3455 2472 ambo
3472 2417 3772 2487 disponun-

2173 2518 2278 2564 tur.
2311 2511 2444 2564 Nam
2475 2525 2542 2564 ex
2575 2520 2728 2566 utero
2776 2511 2944 2575 nasci,
2988 2524 3274 2565 commune
3319 2510 3600 2565 nobiscum
3643 2521 3766 2566 est:

2169 2602 2269 2658 sed
2300 2603 2504 2672 absque
2543 2603 2793 2673 conjugio
2822 2603 2991 2668 nasci,
3013 2602 3376 2657 conditionem
3405 2612 3653 2658 nostram
3676 2619 3771 2658 es-

2170 2695 2332 2751 u-dit.
2367 2697 2544 2766 Atque
2575 2696 2626 2749 in
2656 2704 2811 2751 utero
2837 2695 3054 2765 quidem
3081 2695 3278 2766 gestari
3323 2705 3379 2750 et
3407 2696 3644 2766 concipi,
3680 2713 3772 2750 na-

2173 2793 2305 2838 tnr.e
2329 2795 2410 2840 est
2443 2785 2719 2846 humanm;
2742 2785 2882 2856 quod
2908 2796 3089 2840 autem
3130 2785 3248 2840 sine
3274 2787 3420 2840 coitu
3447 2786 3538 2840 list
3569 2802 3770 2842 conce-

2174 2880 2305 2946 ptio,
2357 2887 2543 2932 natura
2591 2878 2824 2933 humana
2866 2885 2951 2932 est
2998 2879 3296 2948 angustius.
3329 2878 3626 2947 Drepterea
3659 2880 3772 2933 ha-c

2171 2969 2335 3022 ambo
2359 2969 2692 3033 acciderunt,
2735 2978 2792 3023 ut
2831 2977 2887 3024 ct
2927 2978 3129 3039 quanto
3171 2979 3224 3023 te
3251 2971 3594 3038 praestantior
3619 2971 3688 3024 sit
3728 2972 3772 3022 is

2172 3060 2262 3129 qui
2294 3061 2518 3131 paritur,
2547 3061 2742 3126 discas,
2775 3069 2830 3116 et
2853 3071 3110 3131 quantum
3157 3073 3361 3116 natura:
3392 3071 3496 3116 tua:
3525 3077 3772 3118 commn-

2174 3151 2338 3204 nicet.

2248 3241 2300 3296 8.
2333 3243 2411 3296 Ac
2440 3243 2569 3296 mihi
2612 3245 2927 3314 sapientiam
2975 3245 3253 3300 considera
3276 3289 3289 3306 .
3320 3263 3440 3315 qua:
3477 3247 3527 3301 in
3558 3248 3626 3301 iis
3653 3263 3770 3318 qua:

2176 3345 2454 3405 geruntur.
2483 3337 2680 3391 elucet.
2709 3335 2896 3406 Neque
2922 3337 3229 3407 prmstantia
3253 3337 3338 3390 illa
3365 3338 3768 3393 similitudi::em

2175 3435 2230 3480 et
2258 3426 2654 3494 cognationem,
2674 3443 2775 3497 qua
2801 3427 3077 3482 nobiscum
3103 3427 3320 3497 junctus
3345 3438 3448 3490 est,
3475 3429 3647 3495 l:r.sit;
3680 3447 3773 3485 ne-

2175 3532 2278 3586 que
2307 3519 2554 3586 cognatio
2576 3527 2755 3572 nostra
2783 3520 3144 3587 priestantiam
3181 3519 3298 3588 ejus
3322 3519 3654 3586 ob<cmavit,
3679 3521 3770 3576 sed

2179 3618 2404 3677 utraque
2442 3610 2601 3664 rebus
2627 3609 2878 3664 omuilms
2902 3609 3174 3664 declarata
3203 3619 3313 3673 est;
3341 3622 3398 3664 et
3423 3612 3526 3665 alia
3552 3612 3767 3681 quidem

2179 3711 2359 3754 nostra
2403 3701 2632 3754 habebat
2681 3704 2883 3771 integra
2908 3742 2922 3763 ,
2952 3701 3054 3755 alia
3083 3717 3212 3755 vero
3253 3717 3281 3754 a
3333 3701 3488 3756 nobis
3530 3703 3766 3757 diversa.

2178 3791 2281 3846 Sed
2319 3791 2460 3862 quod
2506 3791 2771 3854 dicebam,
2806 3803 3086 3861 propterea
3123 3791 3334 3846 steriles
3361 3804 3769 3860 pra-cesserunt,

2181 3891 2238 3937 ut
2277 3892 2460 3953 partus
2489 3883 2710 3952 virginis
2731 3883 3065 3949 crederetur,
3089 3893 3148 3935 ut
3179 3883 3276 3936 ista
3305 3884 3453 3951 quasi
3485 3899 3647 3937 tuanu
3675 3884 3770 3937 du-

2179 3985 2392 4030 ceretur
2414 3975 2480 4030 ad
2513 3974 2670 4029 Iidem
2702 3975 2965 4044 promisso
2983 3991 3048 4030 ac
3076 3975 3441 4045 pollicitationi
3469 3978 3540 4029 illi
3570 3977 3769 4031 haben-

2177 4069 2325 4134 dam,
2354 4083 2512 4138 quam
2557 4069 2747 4136 angulo
2790 4067 2993 4123 audivit
3035 4068 3278 4132 dicente,
3307 4068 3533 4137 Spiritus
3569 4080 3771 4125 sanctus

2184 4160 2493 4229 superveniet
2531 4159 2585 4212 in
2630 4168 2697 4224 te,
2726 4168 2770 4212 et
2811 4160 2970 4212 virtus
3007 4158 3255 4213 Altissimi
3300 4160 3614 4214 obumbrabit
3640 4163 3727 4216 tibi
3753 4176 3772 4214 :

2181 4251 2280 4315 sic,
2313 4250 2504 4320 inquit,
2535 4251 2770 4319 paritura
2801 4266 2880 4305 cs.
2907 4249 2981 4306 Ne
3005 4251 3262 4318 respicias
3289 4261 3519 4316 terram;
3552 4252 3620 4308 de
3644 4255 3772 4308 caelo

2183 4341 2330 4396 venit
2351 4340 2660 4394 cl'licacitas.
2691 4339 2921 4409 Spiritus
2946 4350 3031 4394 est
3064 4341 3231 4410 gratia
3273 4341 3415 4410 quod
3455 4343 3677 4413 geritur,
3711 4358 3774 4396 ne

2185 4432 2313 4486 mihi
2346 4449 2556 4502 qnzeras
2582 4442 2824 4487 naturam
2871 4441 2926 4487 et
2966 4433 3110 4503 leges
3142 4433 3464 4502 nuptiarum.
3499 4435 3604 4490 Sed
3643 4451 3772 4505 quo—

2185 4528 2327 4579 niam
2359 4525 2497 4580 illins
2522 4536 2734 4595 captum
2756 4525 3090 4581 excedebant
3119 4524 3233 4580 ha-c
3259 4527 3440 4589 verba,
3476 4527 3591 4580 vult
3617 4529 3770 4581 etiam

2185 4619 2407 4672 alteram
2451 4618 2964 4673 demonstrationem
3013 4620 3272 4689 pnebcre.
3306 4620 3382 4673 Tu
3423 4635 3553 4674 vero
3594 4623 3772 4674 consi-

2185 4714 2312 4769 dera
2333 4756 2348 4780 ,
2379 4730 2487 4781 quo
2514 4723 2670 4781 pacto
2697 4714 2897 4768 sterilis
2925 4717 2991 4770 ad
3031 4711 3188 4767 [idem
3221 4712 3346 4767 huic
3372 4714 3447 4768 rei
3477 4713 3770 4767 habendam

2187 4805 2433 4860 deducat.
2487 4804 2620 4859 Nam
2666 4805 2918 4875 quoniam
2978 4806 3063 4860 illa
3117 4804 3504 4859 demonstratio
3548 4815 3770 4859 tuentem

2188 4899 2408 4968 virginis
2429 4896 2742 4962 excedebat,
2757 4897 2880 4952 audi
2897 4913 3003 4967 quo
3027 4907 3178 4967 pacto
3201 4897 3266 4951 ad
3286 4897 3567 4950 humiliora
3583 4911 3774 4950 sermo-

2189 5008 2312 5048 nem
2332 4993 2619 5048 demittens
2647 5009 2741 5062 per
2766 4991 3145 5061 rcssubjcctas
3169 4989 3417 5044 sensibus
3451 4988 3597 5044 illam
3627 4987 3772 5056 quasi

2191 5099 2351 5138 manu
2412 5083 2588 5138 ducat.
2639 5082 2774 5136 Ecce
2824 5081 3004 5145 enim,
3046 5081 3253 5151 inquit,
3296 5078 3524 5135 Elisnbet
3566 5088 3774 5150 cognata

2190 5185 2299 5240 tua,
2329 5185 2378 5229 et
2401 5176 2515 5245 ipsa
2535 5175 2766 5241 concepit
2789 5174 2952 5243 ﬁlium
2974 5173 3026 5226 in
3047 5182 3300 5226 senectute
3319 5189 3413 5226 sua
3435 5187 3455 5225 :
3475 5181 3522 5224 et
3551 5171 3632 5224 hic
3655 5186 3778 5222 men-

2190 5270 2265 5347 εἰ.
2305 5278 2474 5322 mtas
2512 5276 2586 5322 est
2634 5266 2745 5328 illi,
2783 5281 2898 5335 qme
2939 5274 3146 5319 vocatur
3189 5264 3375 5316 sterilis
3403 5261 3549 5330 (an.
3585 5263 3636 5314 l.
3667 5259 3770 5324 56).

2197 5363 2356 5416 \ides
2402 5362 2637 5417 sterilem
2677 5377 2801 5416 esse
2846 5368 3063 5429 propter
3097 5357 3397 5426 virginem?
3427 5355 3556 5408 Nam
3587 5351 3776 5420 alioqui

2193 5468 2290 5508 cur
2320 5452 2394 5506 illi
2422 5453 2639 5522 protulit
2657 5452 2708 5504 in
2731 5451 2967 5505 medium
2991 5457 3232 5518 cognata:
3255 5447 3501 5515 partum?
3527 5459 3682 5514 quam
3711 5441 3778 5493 ob

2193 5553 2409 5600 causam
2439 5545 2574 5600 dixit
2603 5560 2616 5597 :
2648 5542 2711 5596 In
2729 5551 2986 5596 senectute
3012 5539 3144 5592 sua?
3165 5555 3264 5591 cur
3288 5537 3551 5604 adjunsit.
3585 5535 3646 5587 lii
3672 5546 3778 5604 qms

2196 5647 2403 5691 vocatur
2423 5637 2652 5690 sterilis?
2675 5635 2820 5689 Illam
2852 5633 3102 5686 nimirum
3153 5630 3236 5685 his
3261 5630 3510 5682 Otttttlblls
3536 5627 3600 5681 ad
3630 5626 3777 5678 lidem

2196 5728 2588 5784 anmmtiationi
2629 5725 2925 5782 habendam
2964 5723 3236 5778 incitabat.
3269 5721 3553 5790 Propterea
3580 5730 3635 5772 ct
3657 5725 3777 5768 :rta-

2197 5834 2304 5879 tem
2351 5833 2404 5877 ct
2449 5833 2652 5877 naturze
2708 5818 3125 5874 imbecillitatem
3181 5815 3414 5870 narravit
3458 5831 3472 5865 :
3510 5823 3776 5882 propterea

2198 5931 2412 5986 quoque
2432 5929 2461 5968 a
2489 5913 2575 5969 die
2603 5911 2969 5982 conceptionis
2991 5908 3230 5980 elapsum
3268 5916 3480 5976 tempus
3507 5917 3770 5973 exs-pecu»
