4062 6444
478 258 575 315 361

479 372 690 427 καὶτὸν
727 373 917 446 χρόνον
951 374 1204 447 ἀνέμεινε
1238 375 1328 429 τὸν
1354 376 1461 431 ἀπὸ
1489 376 1590 446 τῆς
1622 375 1954 446 συλλήψεως·
1992 373 2052 425 οὐ

476 464 587 535 γάρ
616 467 679 518 ἐκ
705 468 1006 539 προοιμίων
1051 469 1189 540 αὐτῇ
1237 469 1441 533 εὐθέως
1487 470 1897 541 εὐηγγελίσατο,
1942 468 2058 521 ἀλλ’

479 556 763 626 ἀνέμεινεν
819 560 1169 631 ἑξαμηνιαῖον
1208 559 1399 629 χρόνον
1448 564 1516 632 τῇ
1550 562 1740 633 στείρᾳ
1782 560 2054 629 γενέσθαι·

480 647 567 700 ἵνα
597 651 624 702 6
651 650 749 719 τῆς
776 653 1012 722 γαστρὸς
1059 651 1224 721 ὄγκος
1262 652 1450 707 λοιπὸν
1481 653 1581 725 τὴν
1631 652 1829 725 κύησιν
1857 652 2060 723 ἐγγυή-

482 757 662 810 σηται,
692 743 786 794 καὶ
836 744 1325 816 ἀναμφισϐήτητος
1369 745 1646 812 ἀπῶειξις
1684 746 1915 817 γένηται
1961 744 2060 813 τῆς

483 829 630 903 [531]
661 833 988 904 συλλήψεως.
1022 836 1130 888 Καὶ
1152 835 1251 889 θέα
1281 853 1370 906 μοι
1389 836 1550 890 πάλιν
1579 837 1680 908 τὴν
1707 836 1926 890 σύνεσιν
1962 833 2058 888 τοῦ

480 923 736 994 Γαϐριὴλ.
770 925 905 978 Οὐδὲ
968 925 1077 998 γὰρ
1111 927 1415 999 ἀνέμνησεν
1469 928 1641 998 αὐτῆς
1668 929 1767 1000 τῆς
1815 929 2056 1001 Σάρρας,

476 1013 597 1065 οὐδέ
640 1014 739 1084 τῆς
798 1015 1114 1081 Ῥεϐέκκας,
1154 1018 1275 1071 οὐδέ
1311 1019 1412 1088 τῆς
1452 1018 1670 1090 Ῥαχήλ¹
1732 1019 1910 1072 καίτοι
1963 1018 2061 1072 καὶ

477 1093 637 1154 αὗται
667 1105 885 1175 στεῖραι
907 1100 1067 1175 ἦσαν,
1087 1107 1182 1160 καὶ
1211 1101 1368 1162 αὗται
1398 1111 1781 1179 γεγηρακιιῖαι.
1808 1110 1904 1162 καὶ
1927 1110 2059 1163 θαῦ-

480 1211 558 1262 μα
580 1194 639 1247 τὸ
661 1195 947 1266 γινόμενον
972 1193 1062 1269 ἦν’
1089 1198 1227 1253 ἀλλὰ
1272 1199 1477 1253 παλαιὰ
1511 1200 1579 1253 τά
1620 1200 1934 1272 διηγήματα
1967 1200 2058 1273 ἦν.

477 1284 601 1338 Τῶν
630 1286 687 1338 δὲ
715 1286 960 1357 ἀρχαίων
997 1288 1065 1340 τά
1106 1288 1203 1342 νέα
1237 1290 1331 1343 καὶ
1366 1292 1654 1362 πρόσφατα
1675 1294 1934 1349 καὶκατὰ
1961 1295 2059 1367 τὴν

477 1375 675 1443 γενεὰν
719 1378 1084 1447 συμϐαίνοντα
1113 1379 1210 1451 τὴν
1244 1382 1520 1454 ἡμετέραν
1556 1384 1755 1454 μᾶλλον
1783 1387 1935 1456 ἡμᾶς
1979 1388 2059 1452 εἰς

477 1465 662 1519 πίστιν
694 1467 802 1521 τῶν
842 1468 1135 1539 θαυμάτων
1168 1471 1382 1541 ἐνάγειν
1412 1472 1589 1527 εῖωθε.
1627 1475 1725 1528 Διά
1740 1476 1897 1530 τοῦτο
1913 1477 2058 1530 ἐκεί·

476 1575 576 1622 νας
610 1559 796 1629 ἀφεὶς,
833 1560 929 1614 ἀπ’
967 1562 1139 1633 αὐτῆς
1183 1563 1435 1633 ἐννοῆσαι
1473 1565 1575 1636 τῆς
1602 1566 1916 1636 συγγενίδος
1960 1569 2060 1639 τῆς

432 1680 435 1681 ν
489 1649 776 1705 Ἐλισάϐετ
813 1652 874 1705 τὸ
908 1652 995 1705 ἐπ’
1023 1654 1161 1726 αὐτῇ
1196 1654 1584 1727 προεϐάλλετο,
1619 1658 1762 1713 ὥστε
1790 1659 1886 1714 ἀπ’
1915 1660 2059 1714 ὲκεί-

473 1758 573 1812 νης
602 1741 738 1813 πρὸς
766 1743 856 1797 τὸν
882 1746 1078 1798 οἰκεῖον
1126 1746 1295 1817 αὐτὴν
1321 1747 1481 1802 τόκον
1505 1749 1795 1818 ἐναγαγεῖν
1823 1749 1914 1803 τὸν
1944 1768 2061 1822 φρι-

475 1831 816 1886 κωδέστατον
851 1834 1058 1887 ἐκεῖνον
1105 1833 1201 1887 καὶ
1238 1835 1588 1905 σεμνότατον.
1619 1836 1800 1899 Μέσος
1829 1837 1940 1908 γὰρ
1962 1837 2058 1891 τοῦ

472 1941 535 1978 τε
569 1924 843 1994 ἡμετέρου
873 1924 968 1977 καί
998 1923 1093 1978 τοῦ
1124 1925 1447 1980 δεσποτικοῦ
1485 1929 1514 1980 6
1549 1927 1704 1991 τόκος
1737 1928 1767 1980 6
1791 1928 1892 1999 τῆς
1920 1929 2060 1983 στεί-

478 2034 578 2092 ρας
605 2013 697 2089 ἦν,
751 2018 991 2073 ἐλάττων
1022 2019 1122 2090 μὲν
1151 2020 1245 2073 τοῦ
1273 2020 1374 2091 τῆς
1411 2020 1711 2093 Παρθένου,
1764 2023 1964 2093 μείζων
2002 2023 2059 2077 δὲ

473 2110 569 2162 τοῦ
603 2110 893 2181 ἡμετέρου.
929 2111 1027 2164 Διὰ
1058 2110 1237 2173 τοῦτο,
1276 2112 1466 2184 ὥσπερ
1492 2114 1584 2168 διά
1614 2131 1758 2179 τινος
1788 2115 2057 2187 γεφύρας,

476 2201 653 2273 μέσης
689 2203 789 2272 τῆς
835 2203 1138 2267 Ἐλισάϐετ,
1177 2204 1285 2257 ἀπὸ
1324 2204 1432 2257 τῶν
1466 2205 1609 2259 κατά
1653 2208 1815 2275 φύσιν
1852 2206 2058 2261 ὠδίνων

472 2294 568 2347 ἐπὶ
585 2295 709 2358 τοὺς
730 2296 871 2366 ὑπὲρ
888 2295 1048 2364 φύσιν
1065 2296 1256 2365 ἀνάγει
1272 2297 1368 2368 τῆς
1391 2296 1665 2369 Παρθένου
1680 2282 1781 2370 τὴν
1798 2299 2055 2354 διάνοιαν.

546 2385 614 2437 θ’.
660 2386 993 2458 Ἐϐουλόμην
1020 2387 1239 2442 πλείονα
1268 2389 1461 2453 εἰπεῖν,
1500 2390 1594 2442 καὶ
1618 2390 1837 2462 ἐτέρους
1866 2390 2059 2458 λόγους

472 2478 621 2547 ὑμᾶς
650 2477 881 2544 διδάξαι,
915 2478 982 2531 δι’
1013 2477 1107 2542 οὓς
1152 2482 1342 2551 στεῖρα
1370 2480 1403 2550 ἠ
1442 2481 1706 2535 Ῥεϐέκκα
1744 2482 1839 2535 καὶ
1863 2484 1898 2553 ὴ
1945 2483 2061 2535 Ῥα-

472 2568 578 2640 χὴλ
608 2564 694 2640 ἦν·
742 2569 857 2622 ἀλλ’
904 2570 932 2622 ὁ
971 2570 1162 2641 καιρὸς
1206 2571 1307 2624 οὐκ
1349 2570 1542 2642 ἀφίησι
1590 2573 1934 2641 κατεπείγων
1967 2573 2062 2626 τὸν

472 2661 631 2728 λόγον
668 2660 807 2732 πρὸς
839 2659 938 2732 τὴν
969 2661 1068 2731 τῆς
1109 2659 1276 2731 εὐχῆς
1306 2660 1556 2733 δύναμιν.
1609 2661 1707 2715 Διά
1754 2661 1864 2732 γὰρ
1902 2663 2062 2717 τοῦτο

473 2751 769 2809 καὶταῦτα
805 2751 983 2806 πάντα
1012 2752 1369 2823 ἐκινήσαμεν,
1407 2753 1493 2807 ἵνα
1538 2752 1767 2826 μάθητε,
1800 2752 1920 2817 πῶς
1960 2752 2061 2824 τὴν

475 2846 765 2920 στείρωσιν
817 2846 919 2916 τῆς
955 2846 1214 2915 γυναικὸς
1264 2845 1421 2898 ἔλυσε
1451 2845 1543 2898 τοῦ
1602 2845 1786 2903 Ἰσαάκ
1819 2848 1854 2917 ὴ
1901 2844 2057 2917 εὐχὴν

474 2938 572 2996 καί⁵
597 2938 732 3010 εὐχὴ
777 2938 1031 2994 τοσούτου
1060 2938 1275 3009 χρόνου.
1333 2937 1585 3002 Ἐδέετο,
1627 2938 1814 3007 φησὶν,
1851 2937 2061 2992 Ἰσαὰκ

474 3033 610 3100 περὶ
641 3031 959 3096 Ῥεϐέκκας
992 3029 1100 3098 τῆς
1126 3027 1410 3099 γυναικὸς
1438 3028 1645 3095 αὑτοῦ,
1674 3029 1776 3082 καί
1804 3028 2063 3097 ἐπήκου-

475 3138 590 3178 σεν
615 3121 801 3176 αὑτοῦ
831 3123 862 3174 d
891 3121 1054 3185 Θεός.
1082 3117 1174 3188 Μὴ
1200 3119 1309 3190 γὰρ
1343 3119 1572 3190 νομίσῃς
1608 3120 1690 3172 ὅτι
1723 3117 1950 3172 ἐκάλεσε
1968 3119 2062 3172 τὸν

475 3210 630 3273 Θεὸν,
661 3209 756 3264 καὶ
791 3207 994 3272 εὐθέως
1027 3205 1382 3278 εἰσηκούσθηο
1436 3206 1606 3261 πολὺν
1662 3207 1771 3279 γάρ
1813 3207 2061 3261 ἀνάλωσε

476 3302 668 3373 χρόνον
715 3301 969 3372 δεόμενος
1012 3299 1109 3355 τοῦ
1143 3299 1300 3353 Θεοῦ.
1341 3299 1451 3353 Καὶ
1490 3300 1539 3351 εἰ
1580 3297 1835 3368 βούλεσθε
1870 3299 2061 3370 μαθεῖν

476 3395 662 3456 πόσον,
701 3393 811 3464 ἐγὼ
844 3396 971 3465 ὑμῖν
1002 3394 1096 3447 καὶ
1126 3393 1285 3445 τοῦτο
1331 3390 1470 3462 μετὰ
1500 3392 1787 3462 ἀκριϐείας
1816 3392 1946 3463 ἐρῶ.
1982 3392 2064 3444 Εἴ-

477 3504 597 3544 κοσι
632 3487 769 3539 ἐτῶν
799 3485 1030 3556 ἀριθμὸν
1044 3485 1292 3537 ἀνάλωσε
1315 3482 1572 3553 δεόμενος
1603 3482 1697 3537 τοῦ
1718 3482 1872 3537 Θεοῦ.
1890 3483 2060 3537 Πόθεν

475 3577 633 3633 τοῦτο
661 3577 852 3646 δῆλονς
897 3577 992 3628 Ἐκ
1030 3577 1130 3645 τῆς
1158 3573 1477 3638 ἀκολουθίας
1519 3574 1708 3645 αὐτῆς.
1752 3574 2057 3646 Βουλομένη

476 3668 586 3738 γάρ
615 3668 648 3738 ἡ
681 3667 867 3736 Γραφὴ
890 3667 989 3736 τὴν
1011 3666 1195 3720 πίστιν
1226 3665 1322 3719 καὶ
1359 3664 1457 3736 τὴν
1492 3664 1772 3736 ὑπομονὴν
1809 3667 1905 3719 καὶ
1962 3665 2060 3738 τὴν

477 3758 797 3829 φιλοσοφίαν
837 3757 1006 3824 δεῖξαι
1059 3757 1154 3810 τοῦ
1188 3756 1423 3821 δικαίου,
1467 3757 1588 3810 οὐδὲ
1613 3757 1706 3810 τὸν
1732 3758 1922 3829 χρόνον
1947 3757 2057 3810 άπ-

475 3852 808 3922 εσιώπησεν,
834 3851 972 3904 ἀλλὰ
1003 3851 1095 3905 καὶ
1121 3851 1285 3904 αὐτὸν
1313 3850 1473 3921 δῆλον
1502 3852 1633 3921 ἡμῖν
1657 3851 1902 3921 ἐποίησε,
1930 3850 2059 3905 λαν-

477 3945 746 4006 θανόντως
781 3944 899 4014 μὲν,
953 3941 1097 3996 ὥστε
1126 3943 1388 4011 διεγεῖραι
1425 3943 1586 4013 ήμῶν
1613 3942 1711 4014 τὴν
1761 3942 2059 4014 ρᾳθυμίαν,

476 4036 616 4106 πλὴν
639 4036 753 4089 ἀλλ’
783 4036 884 4089 οὐκ
905 4034 1119 4104 ἀφῆκεν
1134 4030 1273 4089 εἶναι
1294 4035 1497 4104 ἀφανῆ.
1520 4035 1785 4085 ’Ἄκουσον
1800 4033 1931 4101 γοῦν
1943 4033 2061 4095 πῶς

475 4129 846 4190 λανθανόντως
876 4130 1007 4197 ἡμῖν
1034 4127 1125 4180 τὸν
1155 4128 1345 4197 χρόνον
1372 4126 1661 4197 ἐδήλωσεν.
1679 4126 1875 4180 Ἰσαὰκ
1900 4124 1967 4178 δὲ
1983 4122 2061 4195 ἦν

475 4219 629 4275 ἐτῶν
656 4217 1134 4285 τεσσαράκοντα,
1164 4220 1350 4286 φησὶν.
1375 4217 1474 4270 ὅτε
1500 4218 1679 4271 ἔλαϐε
1700 4217 1814 4285 τὴν
1838 4217 2060 4271 Ῥεϐέκ-

478 4327 595 4366 καν
636 4309 929 4378 θυγατέρα
961 4308 1243 4374 Βαθουὴλ
1287 4308 1394 4360 τοῦ
1423 4307 1642 4374 Σύρου.
1681 4306 1925 4376 Ἔμαθες
1970 4308 2064 4361 πό-

479 4422 587 4459 σων
613 4402 748 4457 ἐτῶν
780 4399 868 4473 ἦν,
922 4401 1008 4454 ὅτε
1044 4399 1141 4471 τὴν
1179 4401 1413 4467 γυναῖκα
1465 4399 1735 4466 ὴγάγετο;
1782 4398 2064 4468 Τεσσαρά·

477 4512 644 4550 κοντα
691 4494 850 4558 ἐτῶν,
910 4492 1097 4562 φησὶν,
1131 4485 1199 4561 ἦν
1245 4490 1334 4542 ὅτε
1380 4488 1541 4542 ἔλαϐε
1589 4487 1685 4559 τὴν
1747 4488 2061 4544 Ῥεϐέκκαν.

490 4586 629 4639 Ἀλλ’
684 4585 870 4655 ἐπειδὴ
902 4583 1179 4655 ἐμάθομεν
1229 4581 1412 4635 πόσων
1444 4579 1581 4633 ἐτῶν
1628 4578 1702 4632 ὢν
1753 4579 1927 4651 ἔγημε
1962 4582 2061 4651 τὴν

479 4679 735 4745 γυναῖκα,
778 4677 1035 4746 μάθωμεν
1085 4674 1181 4727 καὶ
1231 4674 1362 4727 πότε
1391 4672 1609 4741 ἐγένετο
1640 4672 1823 4725 λοιπὸν
1855 4671 2059 4742 πατὴρ,

482 4770 577 4822 καί¹
616 4768 793 4819 πότων
837 4767 973 4819 ἐτῶν
1010 4762 1079 4836 ἦν
1124 4764 1268 4826 τότε,
1295 4767 1384 4819 ὅτε
1411 4765 1667 4835 ἐγέννησε
1710 4763 1799 4818 τὸν
1844 4762 2058 4817 Ἰακώϐο

480 4859 578 4914 καὶ
606 4855 948 4923 δυνησόμεθα
991 4856 1119 4908 ἰδεῖν
1154 4855 1320 4908 πόσον
1370 4854 1554 4924 ἔμεινε
1590 4854 1779 4924 χρόνον
1806 4855 1993 4924 στεῖρα
2028 4856 2060 4921 ἡ

480 4946 642 5018 γυνὴ,
683 4946 776 4999 καὶ
819 4947 902 4998 ὅτι
953 4944 1143 4998 τοῦτον
1183 4945 1399 4999 ἅπαντα
1444 4945 1620 4999 ἐδέετο
1666 4943 1760 4997 τοῦ
1799 4943 1934 4998 Θεοῦ
1971 4945 2061 4998 τὸν

481 5039 694 5112 χρόνον.
726 5037 913 5089 Πόσων
932 5031 1025 5089 οὖν
1054 5036 1194 5087 ἐτῶν
1224 5031 1313 5104 ἦν,
1343 5038 1430 5089 ὅτε
1455 5036 1712 5106 ἐγέννησε
1729 5034 2028 5090 τονΊακὼϐ
2045 5054 2059 5101 ;

490 5126 769 5194 Ἐξῆλθε,
816 5124 1002 5194 φησὶν,
1066 5123 1277 5177 Ἰακὼϐ
1305 5123 1736 5194 ἐπειλημμένος
1777 5125 1851 5195 τῇ
1893 5124 2064 5193 δεξιᾷ

477 5220 589 5289 τῆς
621 5218 884 5286 πτέρνης
936 5216 1041 5270 τοῦ
1070 5214 1336 5283 ἀδελφοῦ
1365 5216 1572 5269 αὐτοῦ’
1599 5216 1699 5269 διὰ
1729 5216 1905 5270 τοῦτο
1925 5215 2063 5270 ἐκά-

477 5316 666 5366 .ιεσεν
698 5310 888 5365 αὑτὸν
922 5306 1140 5372 Ἰακὼϐ,
1161 5305 1396 5360 ἐκεῖνον
1427 5305 1494 5358 δὲ
1531 5306 1733 5362 Ἡσαῦ.
1771 5309 1974 5362 Ἰσαὰκ
1995 5308 2063 5361 δὲ

480 5397 556 5463 ἦν
583 5399 732 5452 ἐτῶν
762 5397 1078 5464 ἐξήκοντα,
1104 5396 1200 5450 ὅτε
1223 5395 1557 5465 ἐγέννησεν
1591 5397 1832 5462 αὐτούς.
1862 5397 1924 5448 Εἰ
1951 5398 2063 5448 τοί-

481 5505 594 5553 νυν,
630 5491 719 5543 ὅτε
745 5490 843 5559 μὲν
874 5491 1111 5558 ἠγάγετο
1143 5488 1242 5558 τὴν
1297 5488 1614 5552 Ῥεϐέκκαν,
1655 5487 2062 5558 τεσσαράκοντα

516 5579 620 5629 τών
648 5575 738 5648 ἦν,
775 5580 864 5630 ὅτε
894 5579 950 5631 δὲ
997 5579 1259 5649 ἐγέννησε
1290 5579 1418 5643 τοὺς
1459 5579 1631 5642 υἱοὺς,
1664 5575 1950 5649 ἐξήκοντα.
1974 5576 2064 5631 εθ-

492 5665 641 5733 δτιλον
662 5670 743 5724 ὅτι
778 5670 980 5725 εἴκοσιν
1012 5670 1109 5741 ἔτη
1139 5671 1339 5741 μεταξὺ
1387 5674 1572 5747 στεῖρα
1603 5671 1816 5746 ἔμεινεν
1844 5671 2059 5745 ἠγυνὴ,

1144 278 1203 333 s.
1246 277 1532 336 JOANNIS
1568 234 2052 336 οιιιιγεοετοιιι
2094 270 2417 332 Αιιαιιιερ.
2453 274 3010 333 αοΝετΑΝτικοιι.

3645 255 3753 311 τισῖ

2159 373 2254 425 καὶ
2302 372 2490 427 τοῦτον
2533 372 2751 428 ᾶπαντα
2793 374 2884 428 τὸν
2927 374 3119 446 χρόνον
3168 374 3352 431 ἐδέετο
3394 375 3488 431 τοῦ
3537 375 3687 430 Θεοῦ
3722 381 3755 433 6

2169 465 2206 518 ἰ
2215 465 2377 521 ςαάκ.

2232 556 2380 628 [359.]
2403 562 2454 610 ι’.
2480 554 2616 611 Εἶτα
2635 558 2736 611 οὐκ
2759 558 3151 630 αἰσχυνόμεθα,
3175 559 3298 613 οὐδὲ
3322 558 3758 630 ἐγκαλυπτόμε-

2160 645 2247 708 θα,
2264 648 2358 701 τὸν
2375 648 2474 719 μὲν
2490 648 2700 703 δίκαιον
2726 650 2961 721 ὁρῶντες
2994 651 3202 706 εἴκοσιν
3233 651 3328 721 ἐτη
3355 652 3757 723 παραμένοντα

2158 733 2255 786 καὶ
2281 736 2382 788 οὐκ
2409 735 2811 805 ἀφιστάμενονο
2842 739 3005 809 ἡμεῖς
3032 738 3089 790 δὲ
3123 741 3189 793 ἐκ
3221 739 3445 810 πρώτης
3475 741 3758 810 αἰτήσεως

2159 825 2194 895 ἧ
2235 825 2493 897 δευτέρας
2539 827 2803 893 πολλάκις
2836 831 3276 902 ἀπαγορεύοντες
3314 832 3409 884 καὶ
3459 832 3761 902 δυσχεραί-

2160 932 2341 979 νοντες
2365 932 2380 981 ;
2411 915 2603 970 Καίτοι
2627 918 2657 970 6
2691 917 2789 988 μέν
2816 918 3017 988 πολλὴν
3049 920 3188 991 πρὸς
3212 920 3303 974 τὸν
3333 920 3472 973 Θεὸν
3501 916 3629 992 εἶχε
3657 921 3759 990 τὴν

2162 1008 2487 1078 παρρησίαν.
2529 1011 2627 1063 καὶ
2648 1009 2796 1080 ὅμως
2823 1010 2923 1064 οὐκ
2953 1010 3295 1082 ἐδυσχέραινε
3326 1011 3464 1083 πρὸς
3485 1012 3594 1084 τὴν
3620 1012 3758 1065 ἁνα-

2163 1099 2323 1169 ϐολὴν
2357 1099 2455 1170 τῆς
2486 1098 2721 1165 δόσεως,
2750 1102 2869 1155 ά)λ’
2915 1101 3077 1172 ἔμενε
3117 1102 3402 1173 καρτερῶν
3425 1119 3441 1133 ⁸
3493 1105 3673 1173 ἡμεῖς
3703 1103 3763 1157 δὲ

2166 1189 2379 1261 μυρίων
2414 1192 2835 1263 ἁμαρτημάτων
2872 1193 3159 1265 γέμοντες,
3208 1193 3433 1264 πονηρῷ
3479 1194 3761 1247 συνειδότι

2163 1282 2435 1347 συζῶντες
2454 1323 2469 1347 ,
2495 1284 2753 1355 οὐδεμίαν
2790 1283 3002 1338 εὔνοιαν
3033 1284 3162 1356 περὶ
3198 1285 3290 1339 τὸν
3316 1287 3608 1357 Δεσπότην
3640 1288 3765 1339 ἐπι-

2160 1372 2526 1444 δεικνύμενοι,
2556 1374 2623 1428 ἂν
2647 1375 2743 1445 μὴ,
2769 1376 2898 1446 πρὶν
2923 1376 2954 1447 ἢ
2980 1376 3336 1446 φθέγξασθαι,
3359 1377 3757 1448 άκονσθῶμεν,

2160 1460 2417 1533 ἀλύομεν,
2437 1462 2937 1534 ἀποδυσπετοῦμεν,
2960 1465 3308 1535 ἀφιστάμεθα
3330 1465 3428 1535 τῆς
3451 1467 3580 1537 αἰτή
3591 1482 3757 1528 σεως·

2165 1554 2257 1608 διὰ
2278 1554 2436 1608 τοῦτο
2459 1558 2645 1619 κεναῖς
2666 1556 2755 1609 ἀεὶ
2782 1557 3173 1628 ἀναχωροῦμεν
3196 1558 3373 1629 χερσί.
3407 1560 3504 1623 Τίς
3538 1558 3766 1612 εἴκοσιν

2163 1647 2256 1718 ἔτη
2293 1647 2434 1719 ὺπέρ
2465 1647 2584 1712 ἑνὸς
2610 1649 2940 1720 πράγματος
2966 1651 3307 1721 παρεκάλεσε
3332 1652 3424 1705 τὸν
3456 1651 3620 1713 Θεὸν,
3655 1669 3757 1705 xa-

2165 1740 2345 1813 θάπερ
2373 1736 2527 1806 οὗτος
2559 1741 2589 1795 6
2617 1741 2855 1808 δίκαιος;
2894 1742 3098 1813 μᾶλλον
3149 1742 3207 1796 δὲ
3237 1743 3321 1807 τίς
3363 1742 3537 1795 εἰκοσι
3569 1744 3765 1816 μῆνας

2166 1833 2361 1903 μόνους
2383 1849 2402 1901 ;

2234 1934 2376 1997 Χθές
2405 1934 2511 2005 μὲν,
2530 1928 2624 1988 οὖν
2662 1933 2870 2003 ἔλεγον,
2897 1935 2980 1988 ὅτι
3018 1934 3206 1989 πολλοί
3234 1938 3371 1990 εἰσιν
3398 1937 3448 1990 οἰ
3480 1935 3631 2007 μετά
3660 1938 3766 2007 ῥᾳ-

2164 2027 2361 2099 θυμίας
2376 2028 2678 2099 εὐχόμενοι,
2697 2028 2793 2081 καὶ
2815 2026 3191 2099 χασμώμενοι,
3214 2029 3308 2083 καὶ
3329 2028 3760 2099 διατεινόμενοι,

2162 2120 2259 2174 καὶ
2305 2119 2804 2191 μεταστρεφόμενοι
2853 2121 3117 2191 συνεχῶς,
3151 2122 3246 2174 καὶ
3277 2120 3540 2191 ὀλιγωρία
3594 2119 3763 2193 πάσῃ

2163 2211 2295 2283 περὶ
2337 2211 2437 2275 τὰς
2465 2211 2631 2282 εὐχάς
2656 2211 3018 2283 κεχρημένον
3061 2213 3299 2283 σήμερον
3338 2211 3397 2264 δὲ
3424 2216 3518 2264 καὶ
3550 2212 3763 2282 ἑτέραν

2163 2304 2369 2375 βλάϐην
2395 2296 2554 2376 εὗρον
2580 2306 2701 2367 ταῖς
2723 2305 2911 2374 εὐχαῖς
2946 2302 3388 2375 προσγινομένην
3421 2301 3761 2373 όλεθριωτέο

2166 2412 2266 2465 ραν
2291 2394 2525 2465 ἐκείνης.
2559 2394 2749 2447 Πολλοὶ
2767 2394 2876 2464 γάρ
2896 2397 3124 2464 πρηνεῖς
3152 2396 3377 2458 ἑαυτοὺς
3400 2392 3759 2464 ῥιπτοῦντες.

2164 2486 2259 2539 καὶ
2284 2484 2362 2554 τῷ
2391 2484 2629 2555 μετώπῳ
2648 2485 2761 2556 τὴν
2776 2485 2882 2556 γῆν
2928 2488 3243 2550 τύπτοντες,
3274 2485 3370 2539 καὶ
3398 2483 3577 2557 θερμὰ
3609 2500 3761 2554 προ-

2162 2578 2378 2647 χέοντες
2419 2575 2653 2647 δάκρυα,
2700 2577 2795 2630 καὶ
2841 2576 3037 2648 πικρὸν
3075 2576 3319 2631 κάτωθεν
3366 2574 3754 2640 στενάζοντες,

2167 2666 2266 2721 καὶ
2294 2666 2391 2730 τὰς
2420 2668 2610 2739 χεῖρας
2641 2667 2999 2732 ἐκτείνοντες,
3021 2668 3118 2721 καὶ
3142 2666 3342 2738 πολλὴν
3369 2666 3608 2737 σπουδὴν
3633 2669 3759 2722 ἐπι·

2161 2756 2533 2827 δεικνύμενοι,
2573 2760 2639 2829 τῇ
2683 2756 2979 2829 θερμότητι
3022 2757 3198 2830 ταύτῃ
3235 2757 3329 2811 καὶ
3356 2759 3425 2828 τῇ
3460 2755 3756 2827 προθυμίᾳ

2164 2847 2306 2902 κατὰ
2373 2849 2475 2918 τῆς
2537 2849 2742 2912 οἰκείας
2794 2849 3091 2919 κέχρηνται
3146 2848 3439 2919 σωτηρίας.
3496 2847 3576 2902 οὐ
3635 2848 3755 2918 γάρ

2164 2940 2308 3011 ὐπέρ
2357 2939 2466 2993 τῶν
2511 2940 2728 2994 οἰκείων
2770 2940 3183 3011 ἁμαρτημάτων
3232 2937 3607 3010 παρακαλοῦσι
3654 2938 3756 2993 τὸν

2163 3030 2315 3092 Θεὸν,
2351 3030 2471 3084 οὐδὲ
2507 3028 2838 3103 συγγνώμην
2866 3030 3077 3084 αἰτοῦσι
3108 3030 3218 3085 τῶν
3247 3028 3754 3102 πλημμεληθέντων

2163 3117 2367 3181 αὐτοῖς,
2399 3116 2534 3171 ἀλλὰ
2555 3118 2654 3188 τὴν
2690 3118 2925 3188 σπουδὴν
2968 3117 3174 3190 ταύτην
3208 3120 3349 3172 κατὰ
3379 3118 3487 3173 τῶν
3529 3116 3752 3189 ἐχθρῶν

2162 3209 2402 3262 κινοῦσιν
2431 3208 2671 3276 ἅπασαν,
2699 3209 2895 3264 ταύτὸν
2929 3209 3210 3273 ποιοῦντες
3231 3251 3248 3276 ,
3277 3210 3469 3279 ὥσπερ
3490 3209 3557 3263 ἂν
3584 3210 3641 3263 εί
3662 3227 3752 3272 τις

2161 3300 2223 3354 τὸ
2266 3300 2419 3370 ξίφος
2453 3302 2755 3373 άκονήσας,
2794 3301 2869 3372 μὴ
2920 3300 3060 3354 κατά
3098 3301 3205 3354 τῶν
3246 3301 3520 3371 πολεμίων
3562 3300 3751 3372 χρῷτο

2160 3392 2239 3462 τῷ
2279 3394 2448 3462 οσιιλῳ,
2490 3392 2629 3446 ἀλλὰ
2673 3391 2761 3445 διά
2803 3392 2900 3461 τῆς
2934 3391 3139 3455 οἰκείας
3190 3390 3324 3444 αὐτὸ
3369 3389 3533 3461 δέρης
3583 3388 3746 3448 ὠθοῖ,

2163 3479 2320 3533 υῦτω
2362 3480 2457 3533 καὶ
2495 3474 2640 3533 οῦτοι
2678 3479 2777 3549 οὐχ
2807 3478 2948 3547 ὺπέρ
2973 3479 3075 3548 τῆς
3106 3477 3350 3546 ἀφέσεως
3374 3477 3486 3529 τῶν
3522 3477 3748 3530 οἰκείων

2163 3569 2593 3639 ἁμαρτημάτων,
2629 3566 2768 3620 ἀλλὰ
2800 3565 2942 3618 κατά
2967 3565 3067 3634 τῆς
3090 3564 3359 3635 τιμωρίας
3386 3562 3499 3616 τῶν
3528 3563 3745 3634 ἐχθρῶν

2161 3659 2280 3719 ταῖς
2298 3656 2482 3726 εὐχαῖς
2507 3655 2822 3725 κέχρηνται·
2846 3654 2984 3725 ὅπερ
3012 3653 3126 3705 ἐστὶ
3148 3652 3268 3706 καθ’
3293 3651 3571 3705 ἑαυτῶντδ
3591 3650 3745 3720 ξίφος

2161 3745 2340 3799 ὠθεῖν.
2388 3744 2679 3812 Ἐπενόησε
2712 3742 2768 3796 δὲ
2809 3747 2904 3795 καὶ
2942 3742 3099 3795 τοῦτο
3130 3743 3159 3794 6
3188 3739 3442 3810 πονηρὸς,
3471 3739 3561 3794 ἵνα
3607 3739 3746 3792 πάν-

2160 3832 2315 3885 τοθεν
2356 3830 2584 3894 ἑαυτοὺς
2618 3827 2996 3899 ἀπολλύωμεν.
3051 3828 3144 3881 καὶ
3172 3827 3260 3880 διὰ
3293 3825 3567 3899 ῥᾳθυμίας
3588 3864 3604 3888 ,
3649 3828 3749 3880 καὶ

2161 3913 2251 3968 διὰ
2289 3912 2546 3982 σπουδῆς.
2582 3913 2646 3965 Οἱ
2689 3912 2786 3982 μὲν
2818 3910 2928 3981 γὰρ
2966 3913 3033 3981 τῇ
3067 3910 3193 3980 περὶ
3219 3908 3317 3973 τὰς
3352 3907 3518 3978 εὐχὰς
3548 3908 3746 3976 ὀλιγω-

2166 3999 2257 4071 ρίᾳ
2289 3996 2647 4068 παροξύνουσι
2675 3996 2765 4049 τὸν
2787 3994 2942 4056 Θεὸν,
2968 3993 3068 4063 τὴν
3103 3992 3511 4064 καταφρόνησιν
3529 3991 3618 4045 διὰ
3644 3991 3747 4061 τῆς

2165 4081 2439 4155 ῥᾳθυμίας
2466 4077 2903 4149 ἐπιδεικνύμενοι
2927 4092 2940 4105 ·
2976 4080 3025 4130 οἰ
3059 4076 3113 4130 δέ
3144 4076 3332 4145 ἐπειδὴ
3365 4074 3601 4144 σπουδὴν
3627 4074 3749 4127 ἐπι-

2161 4164 2488 4226 δείκνυνται,
2516 4160 2614 4232 τὴν
2644 4159 2880 4231 σπουδὴν
2911 4159 3072 4214 πάλιν
3105 4157 3246 4212 κατὰ
3272 4158 3371 4227 τῆς
3398 4156 3605 4210 ἑαυτῶν
3627 4157 3746 4208 ἐπιο

2161 4248 2467 4301 δείκνυνται
2493 4243 2787 4315 σωτηρίας.
2827 4244 2886 4296 ὐ
2912 4242 3080 4306 δεῖνα,
3114 4243 3266 4312 φησί,
3298 4240 3562 4311 ρηιθυμεῖ⁵
3588 4241 3749 4310 ἀρκεῖ

2167 4347 2256 4401 μοι
2295 4329 2434 4400 πρὸς
2460 4327 2520 4380 τὸ
2574 4327 2801 4398 μηδενὸς
2836 4327 3000 4381 αὐτὸν
3047 4327 3356 4394 ἐπιτυχεῖν·
3390 4319 3545 4386 οὗτος
3577 4339 3745 4375 σπου-

2162 4413 2309 4475 δαῖός
2344 4414 2460 4464 ἐστι
2493 4412 2589 4464 καὶ
2630 4410 3088 4481 διεγηγερμένος·
3137 4409 3191 4461 τί
3224 4404 3317 4462 οὖν
3363 4408 3449 4460 ἵνα
3479 4406 3743 4477 γένηται;

2165 4496 2241 4550 Οὐ
2268 4495 2507 4564 δύναμαι
2537 4492 2762 4546 ἐκλῦσαι
2787 4492 2884 4562 τὴν
2915 4491 3172 4561 σπουδὴν,
3204 4489 3324 4543 οὐδὲ
3350 4490 3430 4552 εἰς
3453 4487 3746 4557 ὀλιγωρίαν

2164 4578 2454 4649 ἐμϐαλεῖν·
2494 4576 2698 4646 ἑτέρως
2736 4572 2903 4627 αὐτοῦ
2944 4572 3278 4645 περιοδεύσω
3318 4573 3417 4643 τὴν
3444 4570 3742 4624 ἀπώλειαν.

2165 4662 2330 4727 Πῶς;
2365 4661 2458 4722 Εἰς
2488 4657 2833 4729 παρανομίαν
2872 4660 2938 4728 τῇ
2981 4656 3184 4726 σπουδῇ
3216 4654 3527 4726 χρήσασθαι
3570 4670 3747 4724 παρα-

2167 4743 2417 4800 σκευάσω
2439 4756 2453 4771 ⁸
2477 4745 2539 4797 τὸ
2568 4741 2675 4814 γὰρ
2705 4740 2846 4795 κατὰ
2872 4741 2983 4793 τῶν
3008 4740 3219 4811 ἐχθρῶν
3255 4738 3535 4809 εὔχεσθαι,
3566 4738 3745 4808 παρά-

2165 4829 2329 4899 νομόν
2379 4828 2545 4880 ἐστιν.
2609 4824 2995 4879 Ἀπελεύσεται
3045 4822 3224 4876 τοίνυν
3279 4824 3341 4876 οὐ
3380 4823 3541 4894 μόνον
3590 4822 3745 4875 οὐδὲν

2166 4911 2432 4983 κερδάνας
2472 4910 2581 4963 ἀπὸ
2623 4911 2722 4980 τῆς
2767 4908 3033 4979 σπουδῆς,
3065 4906 3201 4960 ἀλλά
3238 4907 3331 4960 καὶ
3380 4906 3600 4959 πλείονα
3644 4907 3745 4977 τὴν
3824 4928 3843 4943 -

2168 4995 2371 5068 βλάϐην
2398 4992 2699 5064 ὑπομείνας
2725 4991 2825 5061 τῆς
2847 4990 2935 5044 διὰ
2969 4990 3260 5060 ῥᾳθυμίας.
3289 4989 3547 5043 Τοιαῦται
3571 4991 3627 5043 αἰ
3651 4989 3743 5043 τοῦ

2164 5078 2411 5134 διαϐόλου
2444 5075 2682 5147 μηχαναί
2706 5091 2720 5104 ·
2753 5075 2882 5136 τοὺς
2911 5073 3010 5138 μὲν
3037 5072 3126 5125 διά
3145 5071 3243 5142 τῆς
3280 5072 3553 5143 ῥᾳθυμίας
3571 5111 3587 5135 ,
3616 5072 3745 5136 τοὺς

2164 5163 2222 5216 δέ
2268 5161 2335 5216 δι’
2369 5160 2538 5229 αὐτῆς
2569 5157 2834 5213 ἀπόλλυσι
2871 5156 2971 5227 τῆς
3018 5155 3283 5225 σπουδῆς,
3313 5155 3441 5208 ὅταν
3478 5155 3554 5225 μὴ
3601 5156 3746 5210 κατά

2165 5246 2362 5316 νόμους
2388 5241 2529 5312 αῦτη
2559 5241 2795 5310 γίνηται.

2240 5348 2326 5397 ια’.
2347 5339 2503 5393 Ἀλ)ἀ
2522 5338 2615 5390 καὶ
2635 5335 2812 5389 αὐτῶν
2841 5336 2990 5403 ἄξιον
3004 5335 3234 5388 ἀκοῦσαι
3248 5332 3358 5387 τῶν
3378 5336 3447 5407 ρη
3454 5334 3638 5405 μάτων
3648 5335 3746 5406 τῆς

2165 5425 2352 5495 εὐχῆς,
2386 5422 2481 5477 καὶ
2526 5420 2645 5483 πῶς
2676 5419 2932 5489 παιδικῆς
2978 5421 3093 5471 ἐστι
3127 5416 3367 5481 διανοίας
3409 5418 3476 5471 τά
3508 5419 3743 5489 ῥήματα,

2165 5508 2284 5572 πῶς
2311 5504 2614 5578 νηπιώδους
2640 5501 2842 5573 ψυχῆς.
2862 5500 3197 5571 Αἰσχύνομαι
3218 5499 3318 5570 μὲν
3337 5496 3431 5555 οὖν
3460 5501 3600 5555 αὐτά
3624 5500 3744 5571 μέλε

2164 5592 2273 5646 λων
2300 5590 2471 5660 ἐρεῖν,
2501 5585 2640 5657 πλὴν
2671 5586 2886 5654 ἀνάγκη
2917 5585 3137 5647 πάντως
3159 5583 3336 5636 εἰπεῖν
3365 5583 3461 5637 καὶ
3497 5585 3743 5654 μιμήσα-

2170 5674 2293 5730 σθαι
2330 5673 2429 5743 τὴν
2461 5669 2784 5726 ἀπαίδευτον
2807 5666 3050 5739 γλῶτταν
3078 5667 3313 5739 ἐκείνην.
3349 5667 3483 5722 Τίνα
3508 5663 3603 5722 οὖν
3629 5670 3743 5722 ἐστι
