4062 6428
523 298 629 356 363

519 418 777 482 Qnmnam
801 412 961 480 igitur
983 409 1068 464 illa
1099 417 1224 461 sunt
1255 405 1452 460 verba?
1479 402 1698 458 Vindica
1723 419 1809 456 me
1834 401 1902 456 dc
1927 400 2102 456 inimi—

517 510 598 564 cis
623 509 795 561 meis‘:
826 502 1046 558 ostende
1074 501 1179 554 illis
1208 513 1292 553 me
1321 511 1531 567 queque
1559 496 1722 549 Deum
1746 494 1965 549 habere.
1988 492 2101 547 Non

521 611 632 654 tmn
683 599 846 653 Deum
891 609 987 647 nos
1029 591 1224 646 habere
1263 588 1496 648 discunt,
1527 586 1596 639 mi
1646 585 1828 648 homo,
1855 598 1974 638 cum
2005 599 2104 636 nos

521 690 880 757 indignaumr,
911 693 966 736 et
992 680 1290 741 irascimur,
1320 688 1374 732 et
1404 693 1546 746 :cgre
1572 677 1791 729 ferimus
1821 673 1951 728 :sed
1978 690 2099 726 cum

521 779 747 836 Illlldl‘Sii
786 793 968 830 smnus
988 816 1002 836 ,
1034 773 1192 827 tuites
1220 783 1274 824 et
1319 769 1560 832 luuuaui,
1581 783 1904 837 omnemque
1931 766 2104 836 philo-

517 871 758 942 supbiatu
785 882 1123 923 exercemus.
1155 864 1227 918 lta
1256 877 1473 933 quoque
1506 861 1640 915 dixit
1671 860 1810 914 Deus
1853 875 1867 912 :
1912 857 2103 912 Latent

516 965 608 1016 lux
639 969 802 1013 uestra
839 973 1010 1010 coram
1055 953 1378 1018 hominibus,
1412 961 1464 1004 ut
1510 951 1711 1005 uideant
1755 965 1909 1020 opera
1939 957 2102 1000 uestra

516 1057 668 1118 bona,
699 1063 745 1104 et
790 1049 1071 1120 gloriﬁcent
1094 1046 1304 1099 Putrem
1349 1057 1566 1098 vestrum
1617 1043 1704 1112 qui
1743 1042 1795 1094 in
1841 1040 1981 1094 ca'lt's
2029 1049 2102 1092 est

514 1148 728 1220 (.lluttlt.
761 1147 814 1207 5,
848 1143 957 1214 16).
984 1142 1097 1198 Non
1129 1138 1509 1195 animadvertis
1545 1136 1792 1206 iniuriam
1837 1145 1890 1190 te
1924 1133 2102 1189 facere

516 1241 648 1304 Deo,
678 1253 800 1291 cum
836 1237 1001 1289 Deum
1045 1231 1304 1286 adversus
1334 1229 1580 1282 inimicos
1606 1225 1804 1296 rogas?
1825 1224 1944 1292 Quo
1979 1234 2100 1278 tan-

513 1333 636 1386 tlcm
661 1341 835 1399 pacto,
861 1325 1050 1394 inquit,
1068 1324 1178 1377 Deo
1197 1321 1253 1375 lit
1275 1320 1504 1387 injuria?
1531 1317 1789 1384 Quoniam
1809 1317 1921 1386 ipse
1941 1315 2098 1370 dixit:

516 1425 674 1478 Orate
699 1437 790 1492 pro
826 1419 1040 1471 inimicis
1070 1414 1240 1468 vcstrt's
1263 1412 1371 1482 (Ib.
1404 1429 1453 1465 ι’.
1478 1409 1589 1480 Η),
1621 1418 1676 1462 ct
1701 1408 1934 1463 divinam
1962 1405 2102 1461 banc

513 1521 682 1588 legem
713 1515 929 1570 invexit.
956 1510 1087 1565 Cum
1117 1509 1275 1577 igitur
1302 1506 1662 1574 legislalorcm
1688 1517 1864 1572 rogas,
1899 1511 1954 1554 ut
1975 1514 2101 1555 suas

511 1611 672 1664 violet
698 1611 861 1676 leges.
891 1617 944 1658 et
969 1600 1218 1664 hortaris,
1239 1608 1299 1652 ut
1323 1597 1435 1652 suis
1453 1595 1753 1651 contrarias
1773 1595 1916 1663 lcges
1941 1592 2097 1659 ferat,

509 1715 562 1758 et
592 1718 712 1755 eum
741 1698 830 1768 qui
865 1695 1227 1765 prohibuerat,
1259 1705 1326 1744 ne
1341 1691 1598 1744 adversus
1629 1687 1872 1740 inimicos
1889 1701 2096 1750 orares,

513 1793 771 1864 precaris,
799 1799 856 1843 ttt
894 1797 947 1841 te
991 1786 1249 1838 adversus
1290 1782 1535 1834 inimicos
1589 1788 1832 1830 orantem
1878 1775 2098 1828 audiat:

511 1901 617 1940 non
640 1897 784 1943 oras,
816 1881 942 1931 dum
975 1875 1026 1929 id
1058 1873 1219 1937 facis,
1253 1887 1424 1940 neque
1465 1869 1714 1927 hortaris,
1747 1866 1839 1920 sed
1889 1865 2100 1935 legisla-

512 1974 614 2028 tori
660 1968 1040 2026 contumeliam
1086 1964 1271 2026 infers,
1304 1971 1357 2015 et
1414 1961 1465 2015 in
1507 1974 1628 2012 eum
1675 1955 1976 2021 insolescis,
2009 1955 2098 2024 qui

511 2065 649 2120 bona
687 2061 776 2115 libi
807 2058 1092 2128 largiturus
1121 2062 1266 2112 erat.
1299 2069 1418 2122 qua:
1449 2049 1730 2104 occasione
1760 2063 1974 2117 prrcum
2004 2045 2098 2100 ob-

509 2155 747 2208 veniunt.
781 2151 844 2204 Et
877 2164 984 2218 quo
1023 2154 1177 2215 pacto
1208 2144 1342 2206 fieri,
1372 2156 1577 2211 qutrso,
1611 2147 1803 2208 potest,
1831 2145 1889 2191 ut
1913 2135 2098 2191 audia-

509 2247 583 2300 ris
611 2245 736 2300 dum
767 2256 911 2304 oms,
944 2239 987 2293 si
1031 2254 1151 2291 eum
1193 2235 1280 2304 qui
1308 2244 1392 2290 cst
1422 2232 1700 2286 auditurus
1725 2231 1940 2285 irrites?
1973 2229 2097 2284 llaec

506 2337 649 2393 enim
679 2334 804 2388 dtnn
830 2331 982 2395 facis,
1015 2330 1066 2382 in
1091 2329 1398 2381 barathrum
1425 2324 1652 2379 salutem
1685 2331 1828 2377 tuam
1859 2321 2096 2390 compcl-

510 2429 597 2492 lis,
625 2435 680 2480 et
707 2424 759 2478 in
789 2420 1141 2492 prtecipitiaun
1171 2417 1302 2482 ruis,
1321 2416 1448 2470 dum
1476 2413 1750 2468 inimicum
1792 2413 1843 2466 in
1871 2426 2097 2480 conspe-

505 2531 594 2575 ctu
649 2518 807 2587 Ilegis
853 2513 1104 2584 percutis.
1135 2510 1388 2579 Quamvis
1409 2509 1552 2563 cnint
1601 2507 1846 2561 manibus
1893 2505 1942 2560 id
1987 2521 2092 2559 non

505 2614 692 2677 iacias,
725 2609 902 2665 verbis
938 2619 1116 2661 tanien
1163 2619 1288 2658 eum
1322 2602 1558 2671 percutis
1583 2618 1598 2656 :
1627 2599 1771 2670 quod
1810 2613 1935 2668 erga
1972 2613 2096 2653 cott-

505 2718 693 2760 servos
732 2708 989 2771 tit-testare
1033 2712 1138 2750 non
1179 2694 1364 2749 audes.
1395 2693 1558 2764 lgitur
1602 2691 1654 2746 id
1700 2705 1861 2761 agere
1896 2691 2095 2744 audeas

505 2797 818 2869 magistratu
863 2800 1140 2862 spectante
1168 2805 1181 2842 :
1211 2788 1340 2842 licet
1386 2787 1663 2840 innumera
1692 2793 1778 2838 tua
1809 2784 1912 2838 sint
1946 2790 2096 2838 recte

504 2892 662 2953 facta,
685 2885 903 2941 omnino
921 2880 1203 2938 conl‘esﬁm
1234 2878 1300 2932 ad
1328 2887 1556 2933 mortetn
1582 2876 1883 2931 abduceris.
1919 2875 2090 2945 Ergo-

507 2994 576 3034 ne
620 2993 803 3032 coram
854 2974 1163 3042 magistratu
1210 2985 1316 3024 non
1355 2968 1521 3023 audes
1567 2967 1826 3036 a-qualem
1877 2965 2094 3023 afﬁcere

502 3066 1072 3124 contmncliazcoratu
1121 3062 1231 3115 Deo
1273 3069 1451 3113 autem
1501 3058 1591 3128 qui
1644 3057 1696 3111 id
1748 3057 1916 3123 facis,
1960 3073 2090 3124 non,

502 3173 708 3232 quaeso,
737 3155 941 3222 tremis,
968 3169 1073 3208 non
1105 3153 1261 3206 times
1295 3149 1422 3204 dum
1459 3149 1717 3204 orationis
1758 3158 2000 3218 tempore
2027 3164 2092 3206 ac

505 3264 721 3323 precum
751 3248 830 3304 sic
856 3244 1202 3302 escandescis
1231 3251 1286 3298 et
1309 3241 1570 3308 cil‘eraris,
1601 3256 1663 3296 ac
1693 3241 1948 3309 majorem
1981 3256 2091 3312 pne

501 3351 555 3398 te
591 3340 696 3396 l'ers
730 3338 1060 3408 iniquitatem
1106 3335 1198 3388 illo
1232 3333 1321 3404 qui
1351 3342 1566 3387 centum
1593 3332 1844 3388 denarios
1874 3343 2092 3404 repete-

505 3433 634 3487 bat?
661 3430 814 3500 Quod
847 3429 989 3482 enim
1035 3439 1088 3480 lll
1125 3425 1379 3495 majorem
1429 3424 1674 3493 iniuriam
1717 3423 1937 3490 inferas,
1965 3425 2088 3480 audi

499 3539 610 3596 quo
625 3531 780 3593 pacto
809 3531 1035 3576 tcstetur
1063 3519 1304 3572 historia.
1337 3518 1524 3573 Decies
1549 3518 1693 3572 mille
1715 3518 1910 3572 talenta
1936 3519 2085 3589 quis-

501 3618 642 3687 piam
663 3616 880 3669 domino
899 3613 1127 3667 debebat
1159 3630 1172 3666 :
1204 3610 1400 3666 deinde
1420 3628 1539 3666 cum
1563 3627 1666 3666 non
1699 3611 1918 3666 haberet
1947 3611 2088 3664 unde

500 3707 785 3772 redderet,
815 3705 1002 3760 orabat
1031 3715 1086 3758 ut
1128 3704 1343 3774 patienti
1372 3702 1550 3756 animo
1573 3718 1698 3772 erga
1739 3718 1796 3758 se
1832 3713 1970 3757 esset
1989 3743 2003 3768 ,
2033 3711 2090 3756 ut

497 3799 708 3854 vendita
745 3813 928 3859 uxore,
960 3795 1137 3860 domo,
1169 3811 1232 3848 ac
1275 3794 1396 3847 ﬁliis
1441 3793 1679 3848 debitum
1728 3793 1946 3847 domino
1989 3808 2086 3846 suo

499 3893 829 3963 persolveret
871 3888 1092 3959 (Matth.
1137 3888 1220 3943 l3.
1263 3888 1354 3942 24.
1393 3887 1531 3957 sqq.)
1555 3886 1690 3942 Cum
1721 3895 1895 3940 autem
1934 3886 2084 3940 illum

496 3985 745 4039 dominus
775 3983 1152 4034 lamentantem
1180 3979 1382 4033 videret
1411 3979 1752 4032 miseratione
1780 3987 2084 4031 ceuuuotus

497 4087 602 4142 est,
638 4086 692 4130 et
725 4076 862 4128 dena
907 4073 1067 4126 millia
1101 4072 1416 4126 talentorum
1452 4071 1676 4126 remisit.
1707 4071 1964 4144 Egressus
1996 4071 2085 4127 ille

495 4183 619 4222 cum
649 4167 872 4220 alterum
904 4180 1114 4220 servum
1143 4164 1450 4226 invenisset.
1477 4181 1566 4235 qm
1596 4177 1811 4221 centum
1837 4167 2086 4222 denarios

496 4259 596 4328 ipsi
639 4255 890 4317 debebat,
917 4254 1182 4308 sulTocans
1228 4269 1349 4307 eum
1404 4256 1564 4307 multa
1611 4271 1730 4310 cum
1773 4259 2086 4311 crudelitate

493 4360 657 4419 atque
701 4346 1035 4402 inmmnitate
1091 4344 1382 4412 repetebat.
1419 4345 1510 4398 llis
1534 4345 1729 4399 auditis
1754 4347 2002 4401 dominus
2028 4348 2080 4401 in

489 4455 766 4495 carcerem
803 4454 924 4492 eum
952 4435 1203 4504 conjecit,
1233 4435 1453 4507 etquod
1482 4436 1627 4505 prius
1655 4437 1956 4502 remiserat,
1983 4439 2084 4493 de—

490 4532 662 4584 bitum
701 4529 897 4585 denum
945 4527 1169 4582 millium
1203 4527 1522 4582 talentorum
1544 4569 1562 4592 ,
1593 4528 1667 4582 illi
1699 4544 1884 4586 rursus
1908 4529 2083 4600 impo-

489 4627 616 4684 su‘t,
664 4629 720 4675 et
761 4619 850 4674 ille
890 4634 1002 4673 sua:
1057 4619 1110 4673 in
1162 4633 1481 4674 conservum
1527 4617 1858 4673 crudelitatis
1889 4634 2084 4691 pinnas

488 4709 660 4763 dedit.

564 4802 655 4855 η.
684 4800 752 4854 Αι
773 4809 826 4854 ιιι
847 4809 1045 4871 quanto
1073 4801 1408 4871 iniquiorillo
1433 4815 1497 4856 ac
1522 4803 1785 4873 stupidior
1809 4805 2046 4861 evaseris
2062 4846 2079 4874 ,

1155 271 1162 282 ’
1228 291 1285 347 s.
1327 289 1603 348 JOANNIS
1639 283 2114 344 cnavsosrout
2155 282 2471 345 ARCHIEP.
2513 287 3050 349 CONSTANTINOP.
3685 311 3780 367 ssi

2213 407 2301 478 qui
2320 409 2578 464 adversus
2605 409 2846 466 inimicos
2859 415 3118 484 precaris,
3134 415 3275 470 vide.
3298 416 3386 472 lllz-
3403 417 3669 476 dominum
3687 442 3781 481 non

2212 501 2462 571 l‘Ogﬂital,
2493 513 2547 555 ut
2573 503 2824 558 denarios
2863 513 3078 559 centum
3119 518 3405 576 repeteret,
3430 512 3522 566 sed
3549 514 3657 583 ipse
3706 535 3781 572 re-

2212 592 2426 660 petebat
2445 601 2660 646 centum
2688 593 2935 647 denarios
2959 613 2972 649 :
2998 606 3051 650 tu
3070 612 3198 652 vero
3225 599 3502 654 Dominum
3528 604 3592 656 atl
3621 605 3783 673 impu-

2207 685 2424 739 dentem
2447 699 2513 739 ac
2541 685 2858 754 prohibitam
2888 691 3254 758 repetitionem
3280 694 3596 751 cohortaris.
3627 701 3782 768 Atque

2209 773 2299 828 ille
2328 775 2542 844 quidem
2575 792 2679 830 non
2731 779 2781 831 in
2809 781 2977 834 oculis
3006 781 3206 836 domini
3232 826 3245 846 ,
3276 786 3369 839 sed
3425 786 3554 842 foris
3577 805 3783 844 conser-

2213 881 2337 917 vum
2370 867 2658 921 suli'ocabat
2683 885 2697 921 :
2721 878 2776 923 at
2805 881 2860 924 tu
2889 870 2939 924 in
2967 873 3083 941 ipso
3110 882 3348 944 tempore
3365 880 3622 935 orationis
3650 896 3784 935 stans

2206 971 2389 1013 coram
2436 959 2583 1031 Rege
2614 961 2664 1015 id
2698 962 2845 1018 lacis.
2891 965 3044 1032 Quod
3069 967 3115 1022 si
3144 968 3234 1023 ille
3271 986 3392 1024 cum
3419 988 3592 1040 neque
3619 973 3782 1028 domi-

2207 1063 2336 1102 num
2390 1049 2457 1104 ad
2507 1053 2854 1123 repetendum
2903 1067 3046 1112 esset
3095 1057 3374 1122 bet-tatus,
3414 1072 3470 1116 et
3519 1074 3781 1134 postquam

2207 1155 2455 1211 egressus
2482 1142 2692 1212 fuisset,
2720 1146 2820 1201 hoc
2843 1147 3063 1216 laceret,
3096 1151 3297 1206 nullam
3319 1163 3400 1208 est
3428 1156 3638 1209 veniam
3660 1173 3783 1210 con-

2205 1245 2464 1306 sequutus
2486 1279 2502 1301 ,
2535 1247 2590 1292 tu
2616 1239 2704 1308 qni
2735 1240 3018 1296 Dominum
3061 1243 3129 1298 ad
3155 1243 3293 1300 hanc
3321 1247 3537 1301 vetitam
3568 1249 3784 1304 solutio-

2207 1343 2328 1383 nem
2379 1329 2715 1398 impellt‘s.et
2761 1333 2949 1402 incjus
2999 1346 3289 1405 conspectu
3339 1335 3452 1392 lwc
3491 1340 3650 1408 agis,
3686 1357 3784 1412 quo

2206 1435 2314 1474 non
2351 1421 2633 1490 supplicio.
2667 1439 2849 1491 quazso
2869 1466 2883 1490 ,
2911 1426 3290 1482 mult-laberis?
3315 1430 3385 1482 At
3427 1429 3779 1487 inﬂammatur

2204 1509 2416 1564 animus
2447 1521 2566 1565 tuus
2594 1511 2671 1567 ira
2702 1530 2768 1568 ex
2804 1515 3172 1572 recordatione
3202 1517 3490 1574 inimicitiae
3513 1564 3528 1587 ,
3559 1533 3611 1576 et
3652 1523 3783 1576 intu-

2205 1602 2414 1668 mescit,
2443 1611 2493 1656 et
2525 1619 2621 1658 cor
2639 1617 3030 1670 commovetur,
3061 1624 3123 1662 ac
3165 1607 3290 1663 dum
3321 1620 3552 1680 accepta:
3582 1610 3785 1680 injurias

2205 1691 2515 1754 tneministi,
2548 1691 2707 1745 animi
2741 1701 3001 1748 tumorem
3033 1710 3137 1748 non
3168 1704 3319 1765 potes
3348 1699 3684 1767 reprimere?
3713 1702 3782 1756 Tu

2207 1797 2336 1835 vero
2364 1782 2449 1835 isti
2480 1796 2692 1852 oppone
2718 1784 3181 1839 excandescentize
3213 1796 3549 1854 peccatorum
3579 1801 3780 1847 tuorum

2205 1872 2550 1937 memoriam,
2601 1889 2664 1928 ac
2710 1874 2871 1928 futuri
2921 1874 3107 1943 judicii
3164 1876 3430 1934 timorem.
3482 1879 3785 1939 Recordare

2202 1979 2360 2034 quam
2391 1965 2676 2018 multorum
2707 1966 2844 2035 apud
2877 1967 3158 2022 Dominum
3191 1985 3315 2025 reus
3335 1971 3430 2036 sis,
3465 1981 3626 2042 teque
3654 1975 3783 2030 isto-

2203 2073 2319 2111 rum
2348 2059 2584 2112 omnium
2618 2059 2788 2128 pmnis
2813 2059 3100 2114 obnoxium
3129 2076 3271 2129 esse,
3297 2071 3404 2116 tum
3431 2066 3656 2120 omnino
3679 2082 3782 2122 me-

2203 2156 2287 2203 tus
2314 2150 2413 2204 istc
2445 2150 2772 2204 iracundiam
2803 2151 2945 2206 illam
2977 2152 3186 2218 vincet,
3217 2153 3647 2226 quandoquidem
3677 2159 3784 2214 lucc

2201 2256 2413 2312 quoque
2440 2242 2628 2312 passio
2657 2242 2812 2312 longe
2834 2251 2916 2298 est
2945 2243 3031 2298 illa
3055 2246 3339 2313 potentior.
3366 2246 3677 2305 Recordare
3703 2266 3786 2320 ge-

2202 2334 2395 2388 hennae
2421 2351 2699 2404 pmnarum
2738 2351 2802 2392 ac
2829 2338 3210 2406 suppliciorum
3239 2349 3477 2410 tempore
3499 2342 3782 2410 orationis,

2199 2435 2262 2478 ac
2309 2441 2377 2480 ne
2406 2424 2458 2479 in
2491 2437 2722 2481 mentem
2762 2428 2977 2497 quidem
3019 2430 3196 2484 Vt‘lliel
3242 2431 3505 2487 inimicus.
3558 2433 3786 2490 (Itutterc

2199 2515 2436 2570 animum
2471 2528 2638 2584 tuutn,
2670 2530 2902 2575 mentem
2935 2521 3148 2574 luunilia
3179 2531 3388 2578 tuorum
3414 2526 3784 2583 recordatione

2199 2606 2516 2662 delictorum
2537 2651 2550 2670 ,
2579 2625 2643 2664 ac
2671 2625 2738 2664 ne
2760 2611 3057 2666 molestiam
3083 2613 3297 2683 quidem
3322 2615 3479 2669 ullam
3506 2617 3778 2673 iracundia

2198 2700 2498 2754 exhibebit.
2527 2701 2630 2755 Sed
2664 2702 2763 2757 hoc
2788 2703 2916 2758 illud
2963 2713 3080 2770 est,
3111 2706 3252 2761 unde
3296 2718 3483 2762 cuncta
3517 2713 3661 2766 mala
3690 2730 3783 2768 na-

2198 2799 2438 2857 scuntnr,
2469 2791 2610 2862 quod
2639 2793 2690 2846 in
2732 2793 2958 2847 aliorum
2988 2795 3204 2864 quidem
3259 2807 3472 2866 peccata
3504 2801 3783 2872 diligenter

2199 2880 2534 2950 inquiramus
2552 2925 2566 2949 ,
2594 2894 2774 2938 nostra
2808 2899 2935 2941 vero
2984 2887 3312 2958 negligenter
3333 2887 3623 2946 admodum
3648 2909 3783 2963 pne-

2201 2982 2491 3029 tereamus.
2537 2976 2604 3030 At
2645 2977 2974 3032 contrarium
3015 2979 3276 3048 agendum
3321 2990 3502 3036 esset:
3538 2985 3780 3053 proprio-

2198 3080 2316 3118 rum
2345 3064 2558 3135 quidem
2611 3082 2902 3137 numquam
2949 3068 3366 3124 obliviscendum
3395 3081 3572 3136 eSset,
3616 3074 3780 3129 aliena

2197 3173 2485 3228 numquam
2511 3167 2783 3228 oporteret
2803 3169 2983 3216 mente
3007 3176 3241 3216 versare.
3267 3160 3320 3217 ld
3348 3163 3391 3218 si
3420 3163 3701 3230 faciamus,
3731 3175 3780 3220 et

2198 3247 2342 3304 Deus
2368 3250 2630 3319 propitius
2660 3250 2812 3305 nobis
2853 3251 2989 3318 crit,
3017 3262 3073 3308 et
3101 3254 3384 3308 immortali
3423 3256 3549 3311 odio
3605 3260 3778 3326 ρωιί-

2197 3356 2342 3394 mum
2385 3341 2633 3411 prosequi
2663 3341 2973 3397 desinemus
2995 3384 3010 3406 ,
3033 3352 3090 3398 et
3111 3346 3312 3399 nullum
3340 3362 3590 3416 umquam
3619 3349 3781 3403 liabe-

2195 3433 2368 3488 bimus
2391 3433 2681 3488 inimicum.
2702 3436 2854 3501 Quod
2883 3446 2936 3490 et
2962 3436 3004 3490 si
3035 3437 3247 3505 quando
3270 3437 3584 3500 habeamus,
3603 3439 3777 3494 odium

2193 3526 2300 3578 cito
2327 3524 2677 3593 deponemus,
2703 3537 2756 3579 et
2776 3528 3004 3582 celerem
3039 3541 3374 3596 peccatorum
3407 3531 3618 3584 veniam
3648 3531 3779 3586 obti-

2195 3617 2460 3671 nebimus.
2492 3618 2621 3670 Nam
2661 3619 3109 3688 quemadmodum
3141 3621 3183 3673 is
3204 3661 3218 3685 ,
3248 3621 3338 3690 qui
3365 3632 3704 3691 acceptarum
3748 3639 3775 3676 a

2193 3711 2438 3780 proximo
2493 3710 2805 3780 iujuriarum
2841 3729 3047 3765 tuentur
3071 3722 3153 3766 est
3178 3755 3191 3774 ,
3229 3712 3419 3767 dimitti
3449 3729 3637 3789 pugnas
3680 3715 3777 3774 tui-

2193 3800 2338 3855 nime
2367 3801 2514 3866 sinit,
2535 3817 2665 3869 quas
2687 3802 2796 3856 suis
2829 3803 3058 3871 peccatis
3087 3820 3323 3865 metetur
3355 3829 3369 3861 ε
3401 3812 3469 3864 ita
3493 3813 3583 3881 qui
3614 3813 3681 3867 ab
3704 3813 3775 3866 ira

2193 3893 2447 3950 immunis
2473 3901 2588 3950 est.
2617 3896 2724 3954 cito
2771 3895 2928 3956 etiam
2960 3903 3214 3957 itmmmis
3240 3905 3342 3958 erit
3380 3920 3410 3958 a
3439 3906 3690 3974 peccatis.
3723 3904 3775 3959 Si

2189 3985 2332 4046 enim
2360 4001 2458 4045 nos
2490 3986 2751 4062 improbi,
2783 4002 2832 4048 et
2868 4009 2958 4048 ira:
2989 3995 3282 4050 servientes
3303 4036 3318 4060 ,
3347 3995 3419 4048 ob
3443 3995 3530 4049 Dei
3563 3996 3777 4049 manda-

2194 4091 2303 4135 tum
2347 4083 2526 4138 omnia
2559 4084 2609 4137 in
2663 4099 2762 4138 nos
2815 4086 3098 4138 commissa
3151 4097 3366 4155 peccata
3405 4085 3772 4155 deSpicimus:

2193 4175 2363 4229 multo
2411 4178 2580 4247 magis
2629 4177 2891 4246 benignus
2933 4194 2993 4230 ae
3027 4179 3198 4232 bonus
3237 4177 3495 4232 Dominus
3520 4221 3531 4240 .
3558 4193 3681 4232 cum
3710 4178 3774 4232 ab

2191 4268 2337 4321 omni
2372 4268 2768 4338 perturbatione
2793 4269 2861 4322 sit
2893 4285 3076 4338 purus,
3106 4270 3296 4324 delicta
3327 4283 3509 4324 nostra
3531 4270 3774 4326 dissimu-

2192 4359 2354 4423 labit,
2387 4367 2441 4414 et
2471 4369 2773 4413 nostrorum
2802 4361 3114 4415 remissione
3159 4371 3520 4430 peccatorum,
3563 4361 3773 4416 exhibi-

2191 4457 2300 4502 tam
2346 4449 2590 4518 proximo
2636 4451 2940 4506 comitatem
2981 4462 3033 4506 et
3059 4451 3440 4506 lnunanitatem
3470 4468 3776 4507 remunera-

2190 4540 2350 4596 bitur.
2403 4541 2572 4609 Quam
2643 4542 2844 4596 utinam
2901 4543 3053 4598 nobis
3097 4545 3343 4598 omnibus
3390 4545 3600 4613 assequi
3652 4560 3776 4600 con-

2192 4631 2378 4701 tingat,
2407 4634 2575 4704 gratia
2604 4644 2658 4689 et
2681 4635 3009 4704 benignitate
3041 4636 3246 4690 Domini
3273 4637 3441 4691 nostri
3469 4635 3596 4690 Jcsu
3623 4636 3776 4689 (Ebri-

2189 4721 2293 4786 sti,
2324 4723 2409 4777 cui
2445 4723 2614 4792 gloria
2656 4733 2713 4781 et
2753 4723 3036 4796 imperium
3090 4727 3140 4781 in
3192 4726 3386 4781 Stecula
3432 4726 3771 4781 smculorum.

2191 4812 2384 4868 Amen.

507 4956 3764 4986 MM

486 5073 615 5117 NON
657 5071 992 5116 OPORTEBE
1035 5071 1394 5124 QUEMQULM
1449 5073 1531 5115 DE
1600 5075 1813 5120 SEIPSO
1881 5077 2093 5122 DESPEI

2199 5081 2248 5123 ιε
2288 5108 2303 5137 ,
2351 5082 2480 5126 AU'I‘
2521 5083 2755 5127 PRECBS
2795 5052 3054 5128 CONTRI
3103 5083 3391 5128 [NIMICOS
3451 5081 3771 5136 ιτυκυειιε,

567 5174 694 5219 Αυτ
735 5171 940 5217 muto
983 5171 1322 5228 DBFICERE,
1367 5161 1644 5224 quastus
1687 5175 1920 5221 rursus
1967 5178 2092 5224 nos

2199 5182 2474 5242 ICIPIAT;
2521 5184 2603 5228 ΕΤ
2645 5185 2727 5229 ΔΙ)
2769 5185 3045 5230 ΜΑιιιτοε
3089 5186 3174 5229 ως
3217 5184 3374 5229 ΡΔΕΕ
3419 5184 3582 5229 ERGA
3612 5179 3775 5226 υιοο

568 5273 680 5317 RES
721 5271 1205 5316 CONSERVANDA.

1857 5425 2095 5438 —-——

561 5521 614 5575 1.
671 5519 890 5575 Fructus
929 5536 1217 5574 sermonum
1252 5530 1403 5574 antea
1428 5520 1735 5575 habitarunt.
1769 5519 2080 5578 Publicauus

490 5606 634 5688 limes
658 5608 865 5663 ultimus
897 5609 1126 5682 malitia.
1154 5639 1226 5651 -—
1266 5610 1483 5680 Magnas
1507 5611 1658 5668 vobis
1699 5627 1801 5683 ago
1837 5613 2036 5684 gratias
2061 5655 2077 5680 ,

488 5693 634 5754 quiut
652 5709 773 5749 cum
796 5697 960 5752 animi
986 5697 1258 5757 alaeritate
1281 5699 1493 5758 habitos
1508 5701 1576 5758 de
1590 5703 1838 5775 precibus
1864 5717 2071 5760 sermo-

2101 5413 2196 5456 86

2204 5430 2456 5444 ~-.————.

2187 5542 2283 5583 nes
2330 5529 2410 5600 (α)
2449 5533 2796 5602 exceperitis,
2827 5535 2970 5606 quod
3019 5534 3232 5592 beatum
3281 5550 3368 5591 me
3414 5534 3770 5592 reddideritis.

2246 5731 2320 5797 (α)
2345 5733 2708 5800 dtrysostomus
2730 5746 2988 5788 sermones
3010 5733 3074 5786 de
3091 5733 3322 5798 precibus
3340 5732 3595 5784 labat-rut.
