4062 6420
357 448 507 524 [55⁸5]
547 448 614 503 τά
671 450 928 520 ρήματα;
980 449 1298 520 Ἐκδίκησόν
1335 466 1402 520 με
1449 451 1514 503 ἐκ
1563 451 1674 504 τῶν
1719 451 1930 523 ἐχθρῶν

357 562 461 616 μου
483 561 500 576 ο
524 541 694 608 δεῖξον
715 544 917 608 αὐτοῖς,
945 543 1026 597 ὅτι
1047 543 1180 598 Θεὸν
1209 543 1315 614 ἔχω
1343 545 1518 613 κάγώ.
1546 545 1618 598 Οὐ
1644 548 1765 601 τότε
1797 561 1932 616 μαν-

355 637 628 700 θάνουσιν,
650 635 925 708 ἄνθρωπε,
949 637 1031 690 ὅτι
1051 636 1184 690 Θεὸν
1210 637 1424 708 ἔχομεν,
1457 639 1584 691 ὃταν
1609 637 1933 706 ἀγανακτῶ-

359 745 477 799 μεν,
507 727 603 780 καὶ
635 725 1004 798 όργιζώμεθα,
1039 727 1134 780 καί⁵
1161 727 1602 798 δυσχεραίνωμεν
1623 745 1634 758 ·
1663 727 1776 780 ἀλλ’
1803 728 1933 781 ὅταν

354 820 614 881 ἐπιεικεῖς
644 811 817 889 ὦμεν,
849 819 944 872 καὶ
976 819 1163 888 πρᾶοι,
1212 819 1307 872 καὶ
1338 819 1562 888 ἥμεροι,
1599 820 1693 872 καί
1749 820 1932 872 πᾶσαν

355 906 614 977 ἀσκῶμεν
647 906 986 976 φιλοσοφίαν.
1018 906 1174 959 Οὕτω
1213 907 1307 960 καὶ
1348 909 1377 960 ὁ
1414 907 1547 970 Θεὸς
1589 901 1710 960 εἷπε
1734 924 1748 939 ⁸
1775 913 1935 977 Λαμ-

355 995 525 1065 ψάτω
564 995 630 1048 τό
663 995 789 1065 φῶς
833 997 999 1065 ὑμῶν
1039 997 1382 1066 ἔμπροσθεν
1429 995 1550 1050 τῶν
1586 997 1930 1065 ἀνθρώπων,

355 1083 514 1150 ὅπως
549 1083 719 1138 ἴδωσι
743 1085 814 1138 τὰ
837 1086 995 1139 καλὰ
1012 1086 1154 1155 ἔργα
1176 1085 1359 1155 ὑμῶν.
1383 1085 1479 1140 καὶ
1503 1085 1809 1147 δοξάσωσι
1827 1085 1936 1139 τόν

354 1175 587 1243 Πατέρα
614 1174 782 1244 ὑμῶν
816 1175 920 1228 τὸν
965 1176 1035 1229 ἐν
1069 1176 1194 1242 τοῖς
1235 1176 1532 1244 οὐρανοῖς.
1579 1177 1693 1230 Οὐκ
1734 1179 1934 1239 ἐννοεῖς

352 1264 436 1318 ὅτι
485 1263 642 1335 ὕϐρις
688 1264 835 1317 ἐστὶν
869 1266 949 1328 εἰς
981 1266 1072 1318 τὸν
1109 1266 1262 1331 Θεὸν,
1307 1265 1371 1319 τὸ
1413 1267 1584 1320 αἰτεῖν
1632 1266 1776 1321 κατά
1823 1265 1933 1319 τῶν

351 1353 562 1425 ἐχθρῶν
588 1355 679 1410 τὸν
706 1355 873 1421 Θεόν;
911 1356 1020 1410 Καὶ
1048 1355 1165 1420 πῶς
1200 1356 1358 1428 ὕϐρις
1389 1357 1506 1410 ἐστί
1533 1373 1547 1423 ;
1581 1357 1768 1428 φησίν.
1806 1357 1931 1412 Ὅτι

351 1444 514 1507 αὐτὸς
545 1440 717 1511 εἶπεν,
746 1446 1016 1516 Εὔχεσθε
1036 1447 1186 1515 ὑπὲρ
1217 1446 1337 1500 τῶν
1363 1445 1592 1516 ἐχθρῶν
1615 1448 1783 1517 ὑμῶν
1799 1487 1816 1515 ,
1841 1450 1934 1503 καὶ

350 1537 442 1590 τὸν
464 1537 605 1590 θεῖον
623 1537 808 1592 τοῦτον
827 1540 1089 1609 εἰσήγαγε
1113 1538 1473 1609 νόμον.Ὂταν
1485 1533 1575 1591 οῦν
1594 1538 1687 1592 τὸν
1713 1539 1935 1610 νομοθέ-

348 1645 452 1699 την
477 1627 648 1692 ἀξιοῖς
681 1629 808 1692 τοὺς
845 1629 1080 1693 οἰκείους
1108 1629 1409 1700 παραλύειν
1441 1628 1658 1699 νόμους,
1699 1631 1794 1682 καὶ
1833 1648 1935 1684 πα-

350 1719 594 1791 ρακαλῇς
609 1720 770 1774 αὐτὸν
785 1721 1215 1792 ἀντινομοθετεῖν
1245 1720 1414 1791 αὐτῷ,
1442 1721 1539 1775 καὶ
1552 1722 1643 1775 τόν
1668 1739 1727 1774 σε
1753 1722 1929 1777 κωλύ·

352 1827 520 1863 σαντα
545 1810 904 1881 κατεύχεσθαι
931 1812 1038 1865 τῶν
1071 1811 1279 1884 ἐχθρῶν
1305 1813 1552 1886 ἱκετεύῃς
1577 1814 1807 1868 ἀκοῦσαί
1833 1832 1928 1868 σου

349 1902 748 1972 κατευχομένου
765 1902 870 1956 τῶν
891 1904 1121 1976 ἐχθρῶν,
1143 1903 1392 1976 ούκξεύχῃ
1413 1905 1572 1959 τοῦτο
1599 1906 1792 1971 ποιῶν,
1808 1907 1929 1961 οὐδὲ

347 1994 708 2064 παρακαλεῖς,
726 1995 840 2048 ἀλλ’
857 1995 923 2048 ύϐ
932 1995 1099 2066 ρίζεις
1112 1995 1202 2049 τὸν
1217 1996 1532 2068 νομοθέτην,
1547 1997 1642 2052 καὶ
1655 2001 1930 2069 παροινεῖς

345 2085 429 2148 εἰς
467 2085 556 2138 τὸν
596 2085 858 2156 μέλλοντα
892 2087 1091 2140 διδόναι
1133 2105 1216 2140 σοι
1248 2087 1317 2140 τὰ
1349 2088 1531 2156 ἀγαθά
1572 2087 1642 2141 τὰ
1683 2088 1790 2142 ἀπὸ
1831 2089 1930 2160 τῆς

344 2175 531 2245 εὐχῆς.
560 2176 670 2229 Καὶ
699 2177 816 2240 πῶς
834 2177 1061 2232 δυνατὸν
1094 2179 1431 2251 ἀκουσθῆναι
1462 2181 1777 2252 εὐχόμενον,
1807 2181 1929 2234 εἰπέ

348 2283 462 2336 μοι,
500 2267 631 2321 ὅταν
671 2268 761 2322 τὸν
806 2269 1069 2340 μέλλοντα
1114 2270 1332 2325 ἀκούειν
1365 2271 1710 2344 παροξύνῃς;
1743 2272 1930 2327 Ταῦτα

351 2359 458 2431 γὰρ
483 2361 650 2413 ποιῶν
682 2361 758 2424 εἰς
784 2361 1055 2434 βάραθρον
1084 2362 1184 2435 τὴν
1207 2364 1416 2418 οἰκείαν
1445 2364 1606 2428 ὠθεῖς
1633 2365 1924 2437 σωτηρίαν,

345 2452 444 2504 καὶ
489 2452 628 2506 κατά
674 2452 924 2524 κρημνοῦ
959 2453 1122 2526 φέρῃ,
1154 2454 1245 2508 τὸν
1276 2454 1468 2526 ἐχθρὸν
1516 2457 1604 2509 ἐπ’
1641 2456 1793 2527 ὕψεσι
1827 2456 1925 2510 τύ-

343 2559 498 2597 πτων
527 2543 622 2596 τοῦ
651 2542 932 2612 βασιλέως.
967 2546 1030 2598 Εἰ
1058 2546 1167 2618 γὰρ
1204 2548 1299 2600 καὶ
1331 2547 1405 2619 μὴ
1430 2550 1551 2612 ταῖς
1582 2549 1737 2620 χερσί
1765 2549 1926 2602 τοῦτο

345 2639 543 2701 ποιεῖς,
581 2639 693 2700 τοῖς
731 2638 969 2708 ῥήμασιν
1003 2638 1164 2692 αὐτὸν
1210 2639 1438 2704 τύπτεις
1465 2657 1478 2670 ·
1511 2641 1650 2712 ὅπερ
1682 2640 1803 2694 οὐδὲ
1836 2641 1928 2694 ἐπὶ

341 2725 459 2780 τῶν
485 2728 788 2798 ὁμοδούλων
829 2729 1051 2800 ποιῆσαι
1097 2731 1322 2803 τολμᾷς.
1368 2731 1648 2802 Τόλμησον
1680 2731 1810 2800 γοῦν
1835 2731 1928 2784 ἐπὶ

341 2816 608 2887 ἄρχοντος
635 2818 793 2873 τοῦτο
819 2820 1042 2890 ποιῆσαι
1064 2837 1079 2852 ο
1102 2821 1206 2875 κᾶν
1239 2821 1405 2892 μυρία
1429 2818 1497 2892 ᾖς
1520 2820 1923 2893 κατωρθωκὼς,

340 2907 448 2977 τὴν
476 2909 570 2962 ἐπὶ
596 2908 822 2964 θάνατον
849 2910 1052 2974 εὐθέως
1079 2911 1372 2982 ἀπαχθήσῃ
1409 2910 1644 2975 πάντως.
1676 2908 1806 2965 Εἶτα
1835 2911 1926 2963 ἐπὶ

341 2999 606 3069 ἄρχοντος
638 3001 736 3072 μὲν
765 3003 823 3054 οὐ
855 3003 1056 3073 τολμᾷς
1077 3002 1167 3054 τὸν
1192 3003 1454 3073 ὁμότιμον
1489 3002 1730 3072 ὑϐρίσαι,
1756 3003 1850 3056 ἐπὶ
1870 3003 1926 3055 δὲ

341 3091 444 3143 τοῦ
471 3091 606 3145 Θεοῦ
645 3092 803 3146 τοῦτο
838 3093 1038 3158 ποιῶν,
1076 3094 1199 3147 εἰπέ
1236 3111 1360 3164 μοι,
1401 3094 1463 3146 οὐ
1497 3094 1741 3164 φρίττεις
1763 3133 1779 3159 ,
1813 3093 1933 3146 οὐδὲ

341 3180 594 3246 δέδοικας
613 3183 672 3236 ὲν
693 3183 872 3255 καιρῷ
899 3184 1138 3256 δεήσεως
1159 3184 1252 3238 καί
1280 3184 1444 3254 εὐχῆς
1469 3185 1768 3255 ἀγριαίνων
1790 3183 1934 3238 οὕτω

342 3273 446 3326 καὶ
484 3274 937 3346 ὲκθηριούμενος,
987 3277 1082 3331 καὶ
1131 3277 1354 3348 μείζονα
1385 3278 1779 3350 ἀγνωμοσύνην
1814 3280 1934 3332 ἐπι-

345 3363 696 3435 δεικνύμενος
745 3365 840 3418 τοῦ
893 3367 962 3420 τὰ
1016 3368 1210 3422 ἑκατὸν
1257 3369 1618 3432 ἀπαιτοῦντος
1662 3370 1938 3441 δηνάρια;

346 3455 475 3508 Ὅτι
503 3455 612 3527 γὰρ
639 3457 850 3510 ἐκείνου
881 3459 945 3512 σὺ
982 3459 1178 3529 μᾶλλον
1209 3459 1478 3532 ὑϐρίζεις,
1509 3461 1678 3530 αὐτῆς
1705 3461 1936 3515 ἄκουσον

342 3546 449 3616 τῆς
478 3548 735 3618 ἱστορίας.
761 3549 948 3620 Μύρια
973 3550 1211 3605 τάλαντα
1239 3550 1440 3621 ὤφειλέ
1465 3568 1547 3616 τις
1567 3551 1644 3622 τῷ
1663 3552 1900 3625 δεσπότῃ
1919 3569 1934 3584 ο

346 3634 472 3691 εἶτα
499 3638 597 3692 οὐκ
638 3638 776 3710 ἔχων
818 3641 1131 3705 ἀποδοῦναι,
1164 3643 1318 3712 ἠξίου
1357 3643 1806 3714 μακροθυμῆσαι,
1848 3645 1937 3697 ἵνα

346 3727 653 3798 πραθείσης
684 3729 850 3783 αὐτοῦ
891 3732 991 3802 τῆς
1042 3732 1300 3800 γυναικὸς
1345 3733 1442 3786 καὶ
1489 3734 1589 3804 τῆς
1627 3733 1802 3797 οἰκίας
1842 3735 1937 3788 καὶ

343 3815 462 3867 τῶν
503 3817 729 3884 παίδων,
779 3818 1100 3890 διαλύσηται
1148 3823 1208 3875 τὸ
1246 3822 1464 3894 ὄφλημα
1505 3823 1565 3876 τὸ
1596 3823 1934 3879 δεσππικὸν.

360 3904 510 3959 ἰδὼν
546 3907 603 3960 δὲ
655 3909 818 3963 αὐτὸν
859 3911 1182 3984 ὀδυρόμενον
1227 3915 1256 3966 6
1303 3915 1572 3986 δεσπότης
1631 3916 1934 3987 κατηλέησε

347 3999 446 4053 καὶ
475 3999 542 4052 τὰ
591 4000 759 4071 μύρια
789 4003 967 4073 ἀφῆκε
1005 4003 1263 4058 τάλαντα.
1313 4005 1577 4069 Ἑξελθὼν
1603 4008 1808 4069 ἐκεῖνος
1843 4007 1936 4058 καὶ

345 4107 375 4145 ε
388 4089 528 4161 ὐρὼν
543 4091 758 4162 οἰκέτην
779 4094 866 4146 ἓτε
876 4111 965 4165 ρον
982 4095 1267 4163 ὀφείλοντα
1289 4095 1437 4165 αὐτῷ
1467 4094 1700 4166 δηνάρια
1717 4095 1933 4161 ἑκατὸν,

349 4181 538 4251 ἄγχων
579 4183 778 4254 ἀπῄτει
827 4185 965 4254 μετά
1011 4185 1211 4257 πολλῆς
1241 4187 1340 4257 τῆς
1379 4186 1663 4258 ὠμότητος
1710 4187 1804 4240 καὶ
1837 4189 1935 4257 τῆς

349 4276 770 4347 ἀπανθρωπίας.
821 4280 1086 4344 Ἀκούσας
1115 4281 1290 4334 ταῦτα
1320 4283 1348 4334 6
1385 4281 1651 4352 δεσπότης
1684 4281 1935 4335 ἐνέϐαλεν

351 4367 517 4421 αὐτὸν
549 4369 628 4433 εἰς
675 4369 736 4422 τὸ
778 4369 1178 4442 δεσμωτήριον,
1213 4373 1308 4426 καὶ
1349 4372 1378 4424 ὃ
1423 4373 1686 4443 πρότερον
1724 4373 1939 4443 ἀφῆκεν

349 4457 576 4530 ὄφλημα
596 4460 704 4514 τῶν
731 4462 938 4533 μυρίων
963 4463 1261 4526 ταλάντων,
1293 4464 1560 4533 ἐπέθηκεν
1580 4465 1727 4534 αὐτῷ
1751 4465 1935 4528 πάλιν,

349 4551 571 4621 καὶτῆς
595 4554 676 4614 εἰς
700 4553 790 4606 τὸν
812 4553 1093 4608 σύνδουλον
1123 4554 1404 4624 ὠμότητος
1429 4555 1596 4608 ἔδωκε
1625 4557 1722 4625 τὴν
1759 4573 1932 4626 τιμω·

352 4641 480 4712 ρίαν
511 4643 736 4708 ἐκεῖνος.

432 4732 518 4804 ιβ’.
555 4736 628 4788 Σὺ
654 4735 710 4790 δὲ
733 4736 983 4790 κάκείνου
1011 4736 1109 4791 θέα
1133 4735 1296 4790 πόσον
1321 4736 1798 4808 άγνωμονέστερος
1836 4738 1932 4792 καὶ

1543 331 1682 390 NON
1715 309 1887 391 ESSE
1923 336 2463 397 DESPERANDUM.

3511 331 3618 386 305

2037 449 2498 519 ἀναισθητότερος
2523 447 2756 517 γέγονας
2776 491 2791 515 ,
2825 449 2934 503 τῶν
2960 446 3169 519 ἐχθρῶν
3197 447 3619 518 κατευχόμενος.

2045 527 2284 589 Ἐκεῖνος
2329 527 2449 594 οὐχὶ
2477 525 2566 578 τὸν
2603 523 2870 594 δεσπότην
2925 523 3078 593 ἠξίου
3129 524 3430 595 ἀπαιτῆσαι
3456 564 3472 587 ,
3500 525 3618 578 ἀλλ’

2032 605 2194 668 αὐτὸς
2236 602 2433 674 ἀπῄτει
2468 601 2536 656 τά
2566 602 2760 656 ἑκατὸν
2786 603 3049 673 δηνάρια⁸
3085 603 3150 654 σὺ
3190 603 3246 655 δὲ
3282 602 3490 655 καὶτὸν
3520 605 3620 656 Δε-

2035 683 2241 751 σπότην
2287 677 2385 733 ἐπὶ
2419 681 2518 750 τὴν
2561 681 2860 752 ἀπαίτησιν
2889 680 3096 750 ταύτην
3135 679 3234 750 τὴν
3265 680 3622 750 ἀναίσχυντον

2033 761 2129 812 καὶ
2155 757 2548 829 κεκωλυμένην
2580 757 2941 828 παρακαλεῖς.
2974 757 3242 821 Κάκεῖνος
3277 759 3376 828 μὲν
3403 758 3504 812 οὐκ
3527 761 3622 813 ἐπ’

2033 837 2190 907 ὄψεσι
2215 835 2308 889 τοῦ
2337 835 2551 905 κυρίου,
2587 835 2702 889 ἀλλ’
2742 835 2848 900 ἔξω
2883 835 2974 888 τὸν
3007 833 3292 888 σύνδουλον
3330 833 3470 906 ἦγχε
3493 852 3509 866 °
3554 838 3620 890 σὺ

2033 915 2090 968 δὲ
2121 917 2178 968 ἐν
2225 912 2375 982 αὐτῷ
2419 911 2496 983 τῷ
2526 911 2704 984 καιρῷ
2747 913 2843 983 τῆς
2877 912 3045 982 εὐχῆς
3092 909 3198 981 πρὸ
3226 911 3320 964 τοῦ
3354 912 3623 982 βασιλέως

2034 993 2204 1056 ἑστὼς
2228 993 2402 1045 ταῦτα
2430 994 2626 1066 ιποιεῖς,
2655 992 2718 1044 Εἰ
2754 991 2812 1044 δὲ
2851 993 3060 1053 ἐκεῖνος
3085 988 3210 1042 οὔτε
3237 989 3328 1043 τὸν
3349 989 3618 1061 δεσπότην

2036 1073 2191 1147 [354}
2220 1073 2610 1146 παρακαλέσας
2640 1074 2733 1127 ἐπὶ
2765 1071 2864 1143 τὴν
2903 1071 3225 1142 ἀπαίτησιν,
3260 1073 3359 1126 καὶ
3391 1073 3533 1144 μετὰ
3557 1075 3619 1127 τὸ

2035 1157 2272 1223 ἐξελθεῖν
2311 1156 2485 1210 ταῦτα
2524 1156 2717 1221 ποιῶν,
2771 1155 3030 1224 οὐδεμιᾶς
3065 1154 3223 1225 ἔτυχε
3264 1155 3617 1225 συγγνώμης,

2037 1241 2102 1293 σὺ
2141 1240 2236 1293 καὶ
2274 1241 2366 1294 τὸν
2411 1242 2688 1312 Δεσπότην
2723 1241 2817 1290 ἐπὶ
2845 1238 2944 1309 τὴν
2971 1237 3361 1308 κεκωλυμένην
3407 1238 3618 1309 ταύτην

2035 1322 2240 1378 ἔκτισιν
2265 1324 2568 1396 διεγείρων,
2590 1324 2685 1376 καί
2709 1322 2794 1374 ἐπ’
2817 1321 3002 1390 ὄψεσιν
3023 1321 3187 1374 αὐτοῦ
3221 1322 3394 1375 ταῦτα
3425 1323 3615 1386 ποιῶν,

2034 1408 2195 1463 ποίαν
2239 1409 2298 1461 οὐ
2363 1407 2555 1471 δώσεις
2598 1405 2892 1477 τιμωρίαν,
2927 1405 3051 1457 εἰπέ
3098 1419 3230 1474 μοι;
3279 1405 3439 1458 Ἀλλά
3488 1405 3619 1474 φλε-

2034 1491 2257 1561 γμαίνει
2286 1508 2380 1544 σου
2407 1492 2472 1560 τῇ
2503 1491 2694 1562 μνήμῃ
2714 1489 2812 1560 τῆς
2833 1487 3031 1558 ἔχθρας
3050 1489 3084 1558 ή
3105 1487 3311 1540 διάνοια
3341 1489 3436 1542 καὶ
3461 1489 3615 1554 οἰδεῖ,

2035 1575 2129 1628 καὶ
2152 1575 2451 1646 ἀνέστηκεν
2475 1575 2508 1644 ή
2541 1572 2758 1643 καρδία,
2792 1572 2889 1625 καὶ
2915 1569 3010 1624 τοῦ
3027 1569 3393 1640 λελυπηκότος
3421 1573 3622 1642 ἀναμι-

2040 1657 2413 1728 μνησκόμενος
2445 1655 2505 1708 οὐ
2534 1654 2760 1708 δύνασαι
2791 1654 3140 1708 καταστεῖλαι
3183 1653 3246 1706 τὸ
3278 1653 3481 1724 οἴδημα
3508 1654 3620 1707 τῶν

2034 1740 2344 1810 λογισμῶν;
2383 1737 2524 1791 Ἀλλ’
2552 1739 2876 1809 άντίστησον
2906 1739 2974 1809 τῇ
3005 1737 3286 1808 φλεγμονῇ
3313 1738 3486 1809 ταύτῃ
3520 1738 3619 1809 τὴν

2035 1823 2142 1876 ἀπὸ
2173 1822 2284 1875 τῶν
2333 1821 2440 1874 σῶν
2472 1821 2888 1893 ἁμαρτημάτων
2939 1821 3182 1890 μνήμην,
3233 1821 3325 1873 τὸν
3371 1821 3480 1873 ἀπὸ
3520 1821 3622 1891 τῆς

2037 1905 2338 1977 μελλούσης
2396 1903 2671 1967 κολάσεως
2722 1904 2907 1972 φόϐον.
2975 1902 3380 1974 Ἀναμνήσθητι
3437 1903 3622 1956 πόσων

2037 1989 2338 2052 ὑπεύθυνος
2373 1983 2426 2042 εἴ
2451 1987 2530 2058 τῷ
2580 1986 2827 2059 Δεσπότῃ
2847 2026 2861 2051 ,
2898 1987 2993 2039 καί
3020 1987 3104 2040 ὅτι
3148 1990 3366 2040 πάντων
3397 1986 3622 2039 ἐκείνων

2033 2074 2190 2138 δίκας
2219 2073 2454 2142 ὀφείλεις
2499 2071 2672 2141 αὐτῷ,
2717 2071 2812 2123 καὶ
2845 2070 3115 2140 κρατήσει
3151 2069 3370 2132 πάντως
3413 2065 3566 2133 οὗτος
3593 2072 3624 2124 6

2036 2158 2198 2229 φόϐος
2223 2157 2321 2226 τῆς
2349 2155 2520 2228 ὀργῆς
2544 2154 2782 2226 ἐκείνης,
2815 2153 3004 2224 ἐπειδὴ
3033 2155 3128 2207 καὶ
3159 2152 3294 2206 πολὺ
3323 2152 3623 2208 δυνατώτε-

2038 2258 2130 2312 ρον
2154 2240 2313 2293 τοῦτο
2352 2238 2564 2291 ἐκείνου
2598 2236 2694 2290 τοῦ
2739 2236 2968 2299 πάθους.
3021 2234 3430 2306 Ἀναμνήσθητι
3476 2235 3624 2303 γεέν-

2033 2341 2130 2395 νης
2163 2323 2256 2377 καὶ
2293 2322 2565 2385 κολάσεως
2590 2321 2684 2375 καὶ
2708 2319 2981 2391 τιμωρίας
3001 2319 3144 2373 κατά
3179 2318 3272 2372 τὸν
3303 2317 3495 2389 καιρὸν
3518 2318 3620 2390 τῆς

2033 2406 2223 2477 εὐχῆς,
2251 2406 2346 2460 καὶ
2373 2405 2496 2458 οὐδὲ
2537 2407 2617 2467 εἰς
2654 2402 2782 2458 νοῦν
2810 2402 2993 2456 λαϐεῖν
3037 2403 3244 2476 δυνήσῃ
3282 2402 3374 2456 τὸν
3405 2402 3616 2474 ἐχθρόν.

2033 2487 2330 2560 Σύντριψον
2379 2489 2478 2558 τὴν
2514 2487 2775 2553 διάνοιαν,
2827 2487 3164 2540 ταπείνωσον
3208 2485 3305 2557 τὴν
3331 2485 3510 2556 ψυχὴν
3549 2489 3618 2557 τῇ

2035 2575 2226 2646 μνήμῃ
2251 2572 2360 2625 τῶν
2398 2588 2478 2625 σοι
2512 2571 3090 2642 πεπλημμελημένων,
3126 2572 3222 2623 καὶ
3255 2570 3376 2623 οὐδὲ
3405 2570 3621 2641 ἐνοχλῆο

2035 2673 2124 2709 σαι
2155 2655 2440 2727 δυνήσεταί
2468 2671 2549 2708 σοι
2577 2654 2767 2725 Θυμός.
2807 2654 2968 2708 Ἀλλά
2996 2653 3154 2708 τοῦτό
3176 2655 3292 2706 ἐστι
3311 2652 3374 2706 τὸ
3401 2653 3620 2708 πάντων

2033 2740 2204 2794 αἴτιον
2227 2739 2334 2791 τῶν
2357 2737 2565 2802 κακῶν,
2592 2739 2673 2791 ὅτι
2697 2737 2764 2790 τά
2789 2737 2888 2808 μὲν
2915 2736 3023 2790 τῶν
3049 2737 3223 2792 ἄλλων
3244 2737 3619 2807 ἁμαρτήματα

2036 2821 2176 2893 μετά
2214 2821 2418 2892 πολλῆς
2443 2821 2768 2891 ἐξετάζομεν
2804 2821 2902 2891 τῆς
2931 2819 3236 2893 ἀκριϐείας,
3280 2819 3348 2871 τὰ
3383 2818 3439 2871 δὲ
3481 2819 3620 2889 ήμέ-

2031 2923 2170 2977 τερα
2205 2905 2344 2976 μετὰ
2387 2905 2591 2976 πολλῆς
2639 2903 3128 2976 παραπεμπόμεθα
3173 2904 3270 2974 τῆς
3323 2903 3615 2974 ῥᾳθυμίας.

2033 2991 2358 3045 Τούναντίον
2419 2990 2477 3043 δὲ
2522 2993 2697 3044 ποιεῖν
2747 2990 2947 3060 ἐχρῆψ
2984 2988 3052 3042 τά
3099 2989 3199 3058 μὲν
3244 2989 3422 3040 οἰκεῖα
3473 2987 3623 3040 κακά

2029 3075 2240 3146 ἄληστα
2289 3075 2459 3145 ἔχειν,
2509 3073 2617 3126 τῶν
2664 3073 2721 3126 δὲ
2767 3071 3064 3141 ἀλλοτρίων
3101 3069 3375 3141 μηδέποτε
3411 3069 3620 3123 ἔννοιαν

2029 3156 2351 3228 λαμϐάνειν.
2385 3159 2483 3210 Ἂν
2512 3155 2672 3210 τοῦτο
2710 3155 2976 3227 ποιῶμεν,
3023 3155 3118 3208 καὶ
3150 3153 3242 3207 τὸν
3268 3153 3401 3206 Θεὸν
3425 3153 3621 3224 ἕξομεν

2033 3241 2192 3294 ἵλεων
2213 3282 2228 3308 ,
2261 3241 2358 3294 καὶ
2394 3243 2506 3304 τοῖς
2528 3240 2758 3309 πλησίον
2791 3238 3112 3308 παυσόμεθα
3143 3237 3384 3290 ἀθάνατα
3407 3237 3621 3307 ὀργιζό-

2035 3340 2209 3394 μενοι,
2242 3323 2338 3376 καὶ
2369 3321 2562 3393 ἐχθρὸν
2587 3323 2776 3375 οὐδένα
2815 3321 3068 3373 οὐδέποτε
3099 3319 3294 3389 ἕξομεν
3319 3334 3332 3347 ·
3367 3320 3416 3371 εἰ
3441 3319 3499 3370 δὲ
3526 3320 3621 3372 καὶ

2035 3403 2308 3475 σχοίημέν
2344 3420 2500 3467 ποτε,
2532 3403 2742 3472 ταχέως
2777 3402 2870 3455 καὶ
2901 3402 3000 3472 τὴν
3043 3401 3342 3471 ἀπέχθειαν
3380 3400 3620 3454 καταλύ-

2039 3503 2228 3557 σομεν,
2274 3486 2368 3539 καὶ
2401 3487 2510 3540 τῶν
2558 3485 2775 3540 οἰκείων
2812 3485 3224 3556 ἁμαρτημάτων
3267 3488 3492 3563 ταχεῖαν
3519 3485 3616 3538 λά-

2039 3572 2224 3641 ϐωμεν
2249 3583 2275 3611 ι
2301 3569 2672 3642 συγχώρησιν.
2703 3571 2915 3641 Ὥσπερ
2936 3573 3046 3641 γὰρ
3067 3571 3095 3622 ό
3125 3569 3203 3640 τῷ
3228 3568 3454 3640 πλησίον
3484 3587 3620 3640 μνη-

2039 3655 2281 3709 σικακῶν
2302 3656 2403 3709 οὐκ
2416 3657 2610 3726 ἀφίησι
2637 3653 2735 3725 τὴν
2760 3656 2854 3708 ἐπὶ
2876 3657 2990 3718 τοῖς
3016 3653 3238 3716 οἰκείοις
3254 3655 3619 3724 ἁμαρτήμασι

2038 3739 2409 3810 καταλυθῆναι
2456 3738 2696 3805 κόλασιν,
2737 3738 2910 3801 οὕτως
2954 3739 2982 3791 6
3024 3736 3263 3807 καθαρὸς
3307 3735 3382 3788 ὢν
3424 3736 3617 3806 ὀργῆς,

2037 3823 2274 3893 καθαρὸς
2321 3823 2418 3876 καὶ
2467 3820 2882 3893 ἁμαρτημάτων
2917 3819 3071 3874 ἔσται
3113 3821 3341 3890 ταχέως.
3393 3819 3455 3871 Εἰ
3509 3817 3616 3889 γὰρ

2036 3908 2198 3976 ἡμεῖς
2236 3907 2284 3958 οἰ
2326 3905 2671 3976 πονηροίκαί
2699 3904 2856 3976 θυμῷ
2901 3902 3264 3967 δουλεύοντες,
3298 3901 3385 3956 διὰ
3419 3901 3482 3954 τὸ
3519 3903 3614 3955 τοῦ

2036 3988 2171 4042 Θεοῦ
2229 3989 2558 4060 πρόσταγμα
2608 3991 2785 4042 πάντα
2831 3989 2900 4042 τά
2948 3989 3030 4052 είς
3082 3988 3228 4057 ἡμᾶς
3286 3985 3616 4057 παρορῶμεν

2035 4073 2412 4144 ἁμαρτήματα
2439 4113 2453 4137 ,
2521 4072 2701 4143 πολλῷ
2757 4072 2959 4142 μᾶλλον
3015 4075 3044 4125 6
3095 4070 3476 4141 φιλάνθρωπος
3521 4071 3616 4123 καὶ

2035 4157 2242 4226 ἀγαθὸς
2267 4157 2362 4210 καὶ
2387 4158 2590 4220 παντὸς
2616 4157 2854 4226 καθαρὸς
2869 4155 2945 4209 ὢν
2974 4156 3180 4219 πάθους
3202 4153 3616 4226 παραϐλὲψεται

2037 4241 2194 4312 ἡμῶν
2237 4243 2306 4296 τὰ
2335 4241 2782 4313 πλημμελήματα
2805 4282 2821 4306 ,
2852 4241 2951 4312 τῆς
2977 4242 3059 4305 εἰς
3089 4241 3178 4294 τδν
3208 4239 3435 4310 πλησίον
3469 4235 3617 4306 φιλο-

2037 4323 2334 4395 φροσύνης,
2368 4325 2425 4378 ἐν
2454 4327 2520 4396 τῇ
2546 4325 2654 4377 τῶν
2699 4326 2915 4379 οἰκείων
2944 4323 3358 4394 ἁμαρτημάτων
3405 4337 3617 4388 συγχω-

2037 4410 2218 4478 ρήσει,
2247 4409 2346 4479 τὴν
2366 4408 2601 4478 ἀμοιϐὴν
2628 4411 2762 4479 ήμῖν
2790 4407 3071 4471 ἀποδιδούς
3090 4423 3105 4438 ο
3138 4403 3206 4478 ἦς
3239 4406 3450 4474 γένοιτο
3481 4402 3617 4455 πάν-

2035 4510 2136 4555 τας
2176 4494 2325 4562 ήμᾶς
2373 4495 2671 4562 ἐπιτυχεῖν,
2717 4492 2900 4562 χάριτι
2947 4493 3037 4545 καί
3091 4488 3471 4560 φιλανθρωπίᾳ
3518 4485 3612 4539 τοῦ

2036 4575 2242 4645 Κυρίου
2269 4575 2426 4645 ήμῶν
2469 4573 2641 4646 Ἰησοῦ
2682 4575 2942 4644 Χριστοῦ,
2979 4568 3024 4643 ᾧ
3052 4577 3086 4646 ή
3117 4574 3246 4638 δόξα
3269 4573 3448 4627 καὶτὸ
3477 4571 3615 4643 κρά-

2033 4673 2145 4720 τος.
2175 4659 2255 4720 είς
2280 4659 2410 4720 τοὺς
2448 4659 2653 4721 αἰῶνας
2679 4657 2786 4710 τῶν
2821 4657 3053 4713 αἰώνων.
3101 4656 3298 4729 Ἀμήν.

2096 4745 2126 4778 ⁸
2158 4745 2272 4796 Cod.
2295 4745 2387 4795 ’148
2410 4747 2590 4802 ἕξομεν.

377 4979 505 4989 ..ι-..-
515 4981 1120 4991 ——-.—.——————..———
1137 4980 2894 4990 _._-_--__————a———.———~_———.———o.~—-—.———————..
2905 4981 2970 4987 -η
2980 4981 3006 4987 --

347 5157 494 5229 Περί
517 5161 624 5216 τοῦ
647 5159 743 5248 μὴ’
756 5160 1384 5248 ἀπργινὼσκεινητινάς
1397 5161 1645 5248 ἑαυτῶν,
1657 5161 1811 5248 μηδὲ
1829 5161 2232 5248 κατεύχεσθαί
2243 5161 2367 5248 τῶν
2385 5161 2638 5248 ἐχθρῶν,
2650 5161 2806 5244 μηδέ(
2841 5163 3237 5248 ἀπαγορεύειν
3245 5163 3314 5216 ἐν
3331 5161 3406 5227 τῷ
3417 5161 3504 5231 μὴ

708 5230 1032 5302 λαμϐάνειν
1059 5231 1400 5299 αἰτοῦντας·
1437 5233 1537 5286 καί
1573 5233 1724 5300 πρὸς
1745 5231 1968 5300 ἄνδρας
1989 5230 2121 5300 περί
2161 5231 2271 5301 τῆς
2308 5232 2460 5301 πρὸς
2485 5234 2592 5301 τὰς
2623 5230 2912 5304 Αχλυναῐκας
2932 5230 3195 5302 εἰρήνης.

427 5636 498 5686 α’.
524 5629 732 5694 Πολλὰς
758 5630 884 5700 ύμῖν
917 5627 1024 5700 έχω
1056 5629 1302 5699 χάριτας,
1335 5629 1418 5682 ὅτι
1447 5628 1584 5699 μετά
1613 5627 1924 5700 προθυμίας

351 5723 486 5788 τοὺς
505 5721 752 5798 περὶτῆς
795 5719 962 5793 εὐχῆς
990 5720 1242 5789 ἐδέξασθε
1271 5721 1482 5791 λόγους,
1526 5723 1607 5776 ὅτι
1636 5739 1703 5793 με
1736 5720 1924 5792 μακά-

702 5836 943 5898 ΡΑτιιοι
964 5881 978 5899 .
1018 5837 1135 5899 Gn.
1185 5836 1282 5900 Ll.

2035 5645 2150 5700 ριον
2198 5629 2507 5697 ἐποιήσατε.
2549 5625 2852 5693 Μακάριος
2894 5624 3003 5699 γὰρ
3047 5629 3080 5680 ό
3121 5629 3313 5694 λέγων
3367 5628 3454 5694 εἰς
3494 5622 3615 5683 ὦτα

2031 5721 2392 5778 ἀκουόντων.
2427 5719 2540 5773 Οὐκ
2570 5719 2678 5773 ἀπὸ
2716 5717 2824 5772 τῶν
2857 5718 3067 5790 κρότων
3108 5719 3200 5772 καὶ
3230 5719 3338 5772 τῶν
3375 5719 3611 5774 ἐπαίνων

3241 5829 3319 5890 23
