4062 6440
512 328 629 388 365

518 450 705 522 μόνον,
746 448 883 504 ἀλλά
922 449 1018 505 καὶ
1057 450 1150 519 ἀφ’
1191 445 1266 503 ὧν
1301 448 1591 514 ποιοῦντας
1620 446 1784 516 εἶδον,
1818 450 2099 520 ἐπείσθην.

519 540 833 616 [ὃὸὅῙὌτε
877 541 987 614 γὰρ
1017 544 1145 613 ὑμῖν
1178 542 1454 615 παρῄνουν
1483 543 1558 614 μὴ
1599 542 1964 613 κατεύχεσθαι
1996 541 2107 598 τῶν

519 635 752 706 ἐχθρῶν,
791 634 886 688 καὶ
912 633 1099 701 ἔλεγον
1124 635 1206 688 ὅτι
1238 634 1330 687 τὸν
1360 634 1495 688 Θεὸν
1532 632 1912 706 παροξύνομεν
1946 631 2107 686 τοῦτο

518 728 829 789 ποιοῦντες,
859 726 953 779 καὶ
984 724 1508 798 άντινομοθετοῦμεν
1556 726 1707 800 αὐτῷ
1745 728 1762 797 (
1792 726 1956 790 αὐτὸς
1995 725 2105 797 γὰρ

517 813 694 879 εἶπεν,
723 816 992 886 Εὐχεσθε
1014 815 1174 885 ὑπὲρ
1208 815 1328 871 τῶν
1353 816 1605 886 ἐχθρῶν,
1638 821 1805 890 ἡμεῖς
1833 818 1890 872 δὲ
1916 835 2105 872 κατευ-

520 910 743 981 χόμενοι
770 910 880 962 τῶν
904 908 1138 980 ἐχθρῶν,
1161 910 1423 983 ἀξιοῦμεν
1443 911 1606 965 αὐτὸν
1621 911 1711 964 τὸν
1727 911 1922 965 ἑαυτοῦ
1943 911 2102 966 λῦσαι

501 1001 680 1071 νόμον
699 1009 739 1069 ),
774 1000 865 1053 ὅτε
900 998 998 1054 οὖν
1025 998 1199 1055 ταῦτα
1230 1003 1325 1056 καὶ
1359 1002 1429 1056 :6
1459 1002 1685 1057 τοιαῦτα
1717 1003 1903 1073 ἔλεγον
1922 1044 1937 1070 ,
1968 1003 2102 1057 πολ-

511 1091 637 1154 λοὺς
670 1090 729 1143 ἐν
770 1091 901 1162 ὑμῖν
932 1086 1072 1145 εἶδον
1104 1091 1372 1163 πρόσωπα
1411 1093 1717 1159 τύπτοντας
1749 1094 1844 1148 καὶ
1888 1096 2062 1167 στήθη
2082 1133 2098 1159 ,

514 1183 874 1249 στενάζοντας
903 1182 1134 1255 πικρῶς,
1163 1185 1242 1247 είς
1266 1184 1357 1239 τὸν
1384 1185 1614 1258 οὐρανὸν
1628 1185 1728 1250 τὰς
1759 1187 1948 1256 χεῖρας
1967 1186 2101 1240 ἀνα-

509 1277 809 1341 τείνοντας,
848 1274 1183 1347 συγγνώμην
1206 1275 1504 1342 ,αἰτοῦντας
1538 1276 1668 1348 περὶ
1699 1274 1809 1330 τῶν
1843 1275 2100 1329 τοιούτων

494 1368 711 1438 νιεὺχῶν.
733 1369 868 1421 Τότε
889 1369 946 1422 δέ
969 1369 1063 1423 καὶ
1082 1367 1195 1437 ἐγὼ
1209 1367 1334 1432 τοὺς
1346 1368 1658 1439 ὀφθαλμοὺς
1674 1369 1754 1433 είς
1771 1367 1861 1421 τὸν
1873 1367 2101 1440 οὐρανὸν

498 1460 821 1524 ἀνατείνας,
858 1460 1244 1533 ηὐχαρίστησα
1268 1458 1346 1530 τῷ
1372 1459 1512 1530 Θεῷ,
1549 1460 1632 1514 ὅτι
1661 1459 1804 1515 οὕτω
1832 1460 2044 1535 ταχέως
2071 1461 2101 1515 6

513 1549 666 1619 λόγος
704 1551 808 1622 τῆς
866 1551 1222 1615 διδασκαλίας
1268 1550 1362 1604 τὸν
1416 1549 1629 1622 καρπὸν
1689 1550 1822 1622 ἡμῖν
1874 1551 2097 1623 ἤνεγκε.

511 1641 765 1697 Τοιοῦτον
804 1643 913 1715 γὰρ
965 1645 996 1697 6
1045 1644 1249 1715 σπόρος
1301 1644 1330 1696 6
1376 1642 1779 1714 πνευματικός·
1816 1643 1877 1696 οὐ
1928 1642 2101 1697 δεῖται

415 1740 419 1744 ”
509 1735 802 1801 ἐνιαυτῶν,
830 1736 955 1790 οὐδὲ
991 1735 1224 1809 χρόνων,
1262 1735 1385 1790 οὐδὲ
1441 1734 1687 1807 ἡμερῶν,
1715 1734 1851 1790 ἀλλά
1879 1735 1944 1791 ἂν
1975 1737 2101 1788 ἐπι-

507 1823 742 1896 λάϐηται
780 1825 962 1895 ψυχῆς
992 1825 1286 1893 γενναίας,
1320 1824 1532 1889 εὐθέως
1563 1825 1656 1879 τὸν
1688 1824 1890 1896 στάχυν
1928 1825 2105 1895 ἀκμάο

509 1916 673 1980 ζοντα
718 1918 815 1972 καὶ
863 1916 1282 1989 ἀπηρτισμένον
1319 1917 1598 1970 δείκνυσιν
1626 1933 1657 1965 ἠ
1680 1917 1709 1970 6
1747 1915 1804 1969 66
1847 1916 1940 1970 καὶ
1974 1918 2102 1989 χθὲς

504 2008 730 2077 γέγονεν
754 2007 845 2079 ὑφ’
873 2007 1051 2077 ὐμῶν.
1095 2006 1404 2062 Κατέϐαλον
1429 2006 1587 2074 λόγον
1614 2006 1976 2073 κατανύξεως,
2006 2010 2101 2063 καὶ

508 2099 809 2173 ἐϐλάστησε
841 2099 1146 2171 στεναγμὸς
1172 2098 1614 2171 ἐξομολογήσεως
1636 2142 1651 2167 ,
1679 2100 1980 2172 στεναγμὸς
2006 2120 2100 2155 που

511 2193 606 2247 λὺν
634 2191 776 2264 ἔχων
805 2192 897 2247 τὸν
924 2191 1155 2246 πλοῦτον
1175 2191 1283 2246 τῶν
1314 2191 1556 2261 ἀγαθῶν.
1586 2192 1650 2245 Et
1676 2191 1830 2263 γάρὸ
1859 2190 2101 2264 τελώνης

512 2287 713 2350 ἐκεῖνος
732 2326 746 2351 ,
778 2285 867 2340 ἴνα
894 2286 956 2338 τὸ
985 2285 1180 2357 στῆθος
1213 2285 1435 2340 τύπτων
1472 2284 1626 2358 είπῃ,
1662 2285 1970 2354 Ἰλάσθητι
1993 2304 2098 2356 μοι

508 2372 585 2440 τῷ
610 2374 939 2445 ἁμαρτωλῷ
958 2416 973 2442 ,
1010 2376 1224 2448 ἀπῆλθε
1248 2376 1671 2448 δεδικαιωμένος
1703 2379 1842 2451 ὑπὲρ
1869 2377 1964 2432 τὸν
1989 2380 2098 2432 Φα-

509 2470 738 2541 ρισαῖον,
774 2469 947 2541 πόσην
975 2458 1121 2534 εἰκὸς
1148 2471 1299 2542 ἡμᾶς
1327 2470 1635 2541 κτήσασθαι
1667 2472 2006 2544 παρρησίαν,
2035 2473 2092 2524 ἐν

508 2561 700 2632 βραχεῖ
735 2560 914 2632 χρόνῳ
967 2562 1240 2634 τοσαύτην
1273 2562 1564 2629 κατάνυξιν
1606 2562 2089 2635 ἐπιδειξαμένους;

506 2649 700 2702 Καίτοι
728 2647 961 2703 τελώνου
985 2652 1169 2722 χεῖρον
1188 2650 1342 2705 οὐδέν
1361 2667 1374 2680 ·
1407 2645 1562 2715 οὗτος
1585 2650 1696 2723 γὰρ
1716 2650 1946 2723 ἔσχατος
1973 2654 2100 2725 ὄρος

505 2740 707 2805 κακίας
752 2740 921 2795 ἐστίν·
969 2742 1107 2813 ὅπερ
1145 2736 1240 2795 οῦν
1274 2741 1369 2795 καὶ
1400 2743 1429 2796 6
1464 2740 1698 2814 Χριστὸς
1745 2743 2094 2815 παραδηλῶν,

506 2833 588 2894 είς
612 2830 965 2903 παράδειγμα
992 2832 1101 2886 τῶν
1133 2833 1381 2903 ἐσχάτων
1409 2832 1597 2887 κακῶν
1628 2832 1729 2897 τὰς
1761 2834 1970 2906 πόρνας
2002 2837 2098 2890 καὶ

504 2924 633 2987 τοὺς
659 2923 897 2989 τελώνας
936 2924 1062 2994 άγει
1092 2924 1354 2997 συνεχῶς.
1402 2927 1941 3000 Πεπαρρησιασμένη
1988 2927 2099 3000 γάρ

502 3015 626 3066 Δἐστι
667 3013 789 3085 βία,
825 3015 1219 3087 ἀνεπιτίμητος
1250 3017 1506 3089 ἁρπαγὴ,
1552 3019 1906 3091 ἀναίσχυντος
1937 3019 2099 3074 πλεο·-

503 3102 692 3170 νεξίας
724 3104 946 3175 τρόπος,
983 3106 1336 3177 πραγματεία
1376 3106 1537 3176 λόγον
1564 3108 1663 3161 οὐκ
1696 3109 1914 3179 ἔχουσα,
1939 3113 2096 3166 ἀναι-

498 3194 606 3268 δὴς
644 3196 921 3268 ἐμπορία·
955 3196 1070 3250 ἀλλ’
1106 3197 1254 3268 ὅμως
1287 3198 1315 3251 6
1341 3195 1619 3263 τοσούτοις
1649 3198 1826 3264 συζῶν
1873 3203 2096 3267 κακοῖς,

508 3287 727 3357 ἴσχυσεν
756 3286 865 3341 ἀπὸ
885 3286 1057 3358 ψιλῶν
1080 3287 1343 3360 ῥημάτων
1366 3288 1776 3361 ἀπορρίψασθαι
1805 3290 1874 3345 τὰ
1898 3291 2097 3365 ὀνείδη,

504 3381 602 3434 καὶ
645 3379 806 3435 πλέον
861 3372 936 3433 ὧν
970 3380 1140 3452 ᾔτησε
1175 3380 1379 3436 λαϐεῖν.
1435 3382 1610 3445 Αὐτὸς
1643 3383 1742 3454 μὲν
1791 3383 1900 3457 γάρ
1944 3384 2097 3457 ἠξίου

502 3474 700 3543 λέγων,
741 3471 1040 3542 Ἰνίάσθητι
1053 3491 1159 3542 μοι
1191 3473 1271 3539 τῷ
1294 3474 1619 3544 ἁμαρτωλῷ
1643 3492 1657 3506 ·
1689 3476 1717 3528 6
1754 3475 1812 3531 66
1838 3478 1971 3544 Θεὸς
1996 3480 2098 3551 οὐχ

506 3567 666 3632 ἵλεως
702 3568 887 3639 μόνον,
940 3566 1078 3620 ἀλλὰ
1128 3566 1225 3619 καὶ
1275 3567 1592 3622 ἐδικαίωσεν
1628 3569 1797 3653 καύτὸν
1830 3572 1971 3644 ὑπὲρ
2002 3572 2099 3627 τὸν

503 3671 819 3740 Φαρισαῖον.
856 3667 955 3723 Διὰ
987 3666 1147 3723 τοῦτό
1175 3684 1341 3739 φησιν
1365 3668 1394 3721 6
1430 3669 1661 3734 Παῦλος
1700 3671 1785 3739 Τῷ
1812 3672 1883 3727 δὲ
1910 3676 2097 3731 δυνος.

499 3772 663 3843 μένῳ
682 3771 881 3827 πάντα
901 3770 1151 3842 ποιῆσαι
1180 3770 1332 3841 ὑπὲρ
1354 3771 1422 3825 ἐκ
1448 3774 1744 3841 περισσοῦ
1781 3769 1870 3830 ὦν
1902 3780 2097 3835 αἰτού-

498 3879 654 3946 μεθα
682 3875 721 3945 ἢ
756 3875 1037 3944 νοοῦμεν.
1069 3874 1265 3929 Καίτοι
1291 3876 1321 3929 6
1343 3876 1639 3948 Φαρισαῖος
1657 3877 1878 3951 ηὔξατο,
1908 3881 2005 3936 καὶ
2036 3881 2096 3937 ἐν

502 3970 581 4042 τῷ
619 3976 752 4048 ἱερῷ
794 3977 968 4049 -ἐστη,
1017 3978 1115 4031 καὶ
1165 3979 1258 4033 τὸν
1300 3976 1464 4034 αὐτὸν
1514 3979 1740 4034 ἐκάλεσε
1782 3980 1938 4047 Θεὸν,
2000 3982 2097 4038 καὶ

506 4076 725 4130 πλείονα
752 4074 872 4130 εἷπε
897 4080 1115 4150 ῥήματα
1141 4119 1156 4143 ,
1185 4082 1281 4136 καὶ
1301 4082 1410 4135 61:6
1443 4080 1791 4154 εὐχαριστίας
1822 4084 1883 4137 :6
1910 4086 2097 4156 προοί-

508 4192 630 4247 μιον
660 4178 954 4246 ἐποιήσατο
980 4177 1083 4248 τῆς
1106 4179 1290 4250 εὐχῆς.
1319 4180 1491 4235 Πόθεν
1519 4177 1611 4236 οῦν
1638 4182 1846 4248 ἐκεῖνος
1877 4184 1976 4256 μέν
1999 4185 2094 4239 καὶ

498 4286 534 4337 ἃ
566 4273 710 4351 εἶχεν
731 4277 980 4332 ἀπώλεσε
1001 4278 1161 4345 καλά,
1190 4270 1346 4345 οὗτος
1368 4280 1424 4334 66
1454 4282 1547 4335 καὶ
1580 4283 1645 4354 ἢν
1671 4283 1771 4337 οὐκ
1798 4281 1907 4355 εἶχε
1932 4305 2096 4360 προσ-

504 4378 665 4435 έλαϐε
687 4379 1034 4453 παρρησίανς
1072 4378 1196 4433 Ὅτι
1228 4381 1289 4434 οὐ
1316 4380 1415 4453 τῆς
1444 4380 1612 4453 εὐχῆς
1644 4384 1672 4436 6
1706 4383 1870 4449 αὐτὸς
1895 4387 2095 4459 τρόπος

500 4476 592 4551 ἦν.
635 4481 694 4534 '0
718 4481 817 4551 μὲν
841 4479 954 4553 γάρ
978 4480 1298 4546 ἀλαζονείας
1324 4480 1492 4553 ἔγεμε
1518 4481 1614 4535 καὶ
1643 4480 1815 4553 τύφου
1838 4486 1932 4540 καὶ
1958 4486 2095 4541 61:0-

500 4575 854 4644 νοίας,“οῦτος
882 4580 939 4633 66
971 4581 1393 4654 εὐγνωμοσύνης
1423 4581 1647 4655 πολλῆς·
1686 4582 1776 4638 διά
1804 4584 1964 4641 τοῦτο
1997 4579 2094 4642 οὗ·

501 4697 593 4742 τος
645 4681 742 4751 μὲν
781 4682 951 4753 μυρία
996 4682 1414 4755 ἁμαρτημάτων
1466 4684 1663 4759 φορτία
1711 4684 1871 4758 ἔχων,
1912 4689 2093 4744 πάντα

498 4779 767 4844 ἀπέθετο,
803 4782 898 4835 καὶ
930 4781 1277 4854 δικαιοσύνην
1310 4783 1502 4839 ἐλαϐεν
1521 4801 1536 4817 ·
1562 4786 1779 4850 ’ἐκεῖνος
1807 4786 1864 4840 δὲ
1909 4788 2088 4862 πλήρη

499 4879 600 4951 τὴν
621 4878 755 4933 ναῦν
776 4881 1216 4951 κατορθωμάτων
1237 4882 1552 4953 ἀναγαγὼν,
1576 4887 1672 4941 καὶ
1695 4886 1822 4958 ἐλεη
1830 4888 2087 4961 μοσύνης,

500 4981 597 5036 καὶ
624 4980 878 5053 νηστείας
900 5023 915 5049 ,
948 4982 1201 5057 καθάπερ
1226 4986 1334 5039 τινὶ
1364 4987 1610 5058 σκοπέλῳ
1641 4990 1992 5061 προσαράξας
2012 4991 2091 5065 τῷ

500 5083 601 5155 τῆς
632 5081 941 5149 κενοδοξίας
969 5084 1063 5137 καὶ
1089 5085 1345 5150 ἀπονοίας
1376 5089 1703 5159 φρονήματι,
1739 5090 1800 5144 ἐν
1837 5090 1987 5163 αὐτῷ
2012 5093 2091 5164 τῷ

499 5183 679 5253 λιμένι
713 5182 775 5236 τὸ
805 5182 1062 5253 ναυάγιον
1083 5183 1343 5255 ὑπέμεινε
1364 5202 1378 5218 ο
1404 5187 1464 5239 :6
1490 5188 1602 5258 γάρ
1632 5189 1690 5242 ἐν
1712 5189 1843 5262 εὐχῇ
1880 5188 2091 5263 ζημιω-

500 5280 677 5354 θῆναι,
708 5284 766 5336 ἐν
793 5283 971 5355 λιμένι
998 5284 1257 5354 ναυάγιόν
1298 5286 1445 5339 ἐστιν
1484 5288 1800 5357 ὗπομεῖναι.
1852 5290 1990 5345 Ἀλλ’
2026 5294 2087 5348 οὐ

506 5381 651 5452 παρὰ
682 5385 782 5457 τὴν
815 5384 975 5455 φύσιν
996 5387 1096 5459 τῆς
1127 5387 1294 5459 εὐχῆς
1321 5386 1480 5441 τοῦτο
1506 5389 1750 5458 γέγονεν,
1775 5389 1912 5445 άλλά
1938 5395 2089 5465 παρὰ

501 5476 598 5546 τὴν
627 5481 943 5551 προαίρεσιν
971 5485 1068 5555 τὴν
1096 5485 1286 5540 αὐτοῦ.

575 5576 640 5646 β’.
675 5580 839 5651 Ὀρᾷς
856 5584 972 5648 πῶς
986 5586 1085 5639 οὐκ
1106 5587 1268 5657 ἀρκεῖ
1283 5586 1419 5661 πρὸς
1437 5588 1713 5661 σωτηρίαν
1732 5592 1765 5661 ὴ
1775 5591 1912 5663 μῖνή
1929 5591 2084 5664 εὐχὴ,

507 5665 601 5720 ἐὰν
637 5672 711 5744 μὴ
740 5682 912 5752 προσῇ
933 5681 995 5734 :6
1021 5683 1140 5735 κατ’
1160 5685 1400 5751 ἐκείνους
1427 5686 1689 5754 εὔξασθαι
1708 5689 1833 5753 τοὺς
1863 5689 2082 5761 νόμους,

516 5767 878 5832 οὐςπέθερικεν
920 5779 949 5833 6
978 5781 1246 5851 Χριστός;
1295 5784 1459 5850 Τίνας
1504 5787 1561 5841 δέ
1595 5786 1806 5843 τέθεικε
1848 5789 2080 5862 νόμους;

1237 339 1293 394 S.
1336 338 1621 395 JOANNIS
1656 339 2143 398 CIIRYSOSTOMI
2183 341 2502 397 ARCIIIEP.
2543 339 3083 398 CONSTANTINOP.

2211 446 2363 523 [356]
2405 447 2578 519 Ὑπὲρ
2619 448 2729 503 τῶν
2766 448 2976 521 ἐχθρῶν
3018 442 3300 520 εὔχεσθαι,
3348 451 3442 506 καὶ
3484 452 3586 507 τῶν
3613 453 3763 511 πολλὰ

2207 540 2538 594 λυπούντων.
2568 541 2690 595 Κᾶν
2714 541 2790 611 μὴ
2813 539 2972 595 τοῦτο
2993 542 3260 613 ποιῶμεν,
3285 543 3624 615 ἀπολλύμεθα
3647 547 3764 599 πάν-

2205 650 2334 697 τως’
2365 632 2462 687 καὶ
2493 632 2653 702 δῆλον
2681 633 2748 686 ἐκ
2775 631 2870 686 τοῦ
2911 633 3355 704 παραδείγματος
3391 635 3484 689 τοῦ
3512 636 3649 690 κατά
3687 637 3767 691 τὸν

2204 726 2515 797 Φαρισαῖον.
2553 725 2617 778 El
2661 722 2770 795 γὰρ
2795 718 2969 788 οὗτος,
3002 725 3126 796 οὐχὶ
3156 725 3266 778 τῶν
3288 725 3495 798 ἐχθρῶν
3523 728 3766 793 κατευξάδ

2209 834 2390 889 μενος,
2422 817 2558 871 ἀλλὰ
2586 815 2944 888 κενοδοξὴσας
2990 816 3171 887 μόνον,
3207 816 3474 888 τοσαύτην
3502 817 3664 871 ἔδωκε
3691 818 3761 871 δίο

2202 926 2329 981 κην,
2370 910 2455 973 τίς
2507 909 2655 980 μένει
2702 909 2944 980 τιμωρία
2981 908 3109 973 τοὺς
3157 910 3401 980 μακροὺς
3435 910 3527 963 καὶ
3562 909 3769 973 πολλοὺς

2203 1003 2345 1060 κατὰ
2386 1001 2496 1056 τῶν
2539 1000 2751 1072 ἐχθρῶν
2809 999 3192 1064 ἀποτείνοντας
3232 1000 3457 1069 λόγους;
3490 1001 3555 1054 Τί
3592 1003 3765 1069 ποιεῖς,

2203 1096 2498 1168 άνθρωπε;
2538 1094 2781 1165 ἕστηκας
2807 1092 3137 1166 συγγνώμην
3165 1094 3332 1148 αἰτῶν
3363 1095 3769 1166 ἁμαρτημάτων,

2202 1190 2297 1244 καὶ
2327 1186 2499 1260 θυμοῦ
2528 1187 2758 1259 πληροῖς
2787 1186 2885 1259 τὴν
2927 1188 3165 1242 διάνοιαν
3191 1204 3206 1252 ;
3238 1186 3368 1240 Ὅτε
3408 1188 3623 1242 πάντων
3648 1189 3771 1259 ἠμε-

2206 1279 2478 1350 ρωτέρους
2505 1271 2645 1331 εἶναι
2692 1276 2835 1349 χρὴ,
2883 1279 3127 1350 Δεσπὸτῃ
3156 1277 3572 1349 διαλεγομένους
3592 1319 3609 1342 ,
3647 1279 3772 1351 ὐπέρ

2200 1372 2417 1427 οίκείων
2454 1369 2949 1442 πλημμελημάτων
2983 1368 3472 1442 παρακαλοῦντας,
3520 1369 3663 1423 ἔλεον
3690 1371 3771 1423 καὶ

2202 1461 2615 1534 φιλανθρωπίαν
2686 1460 2782 1514 καὶ
2856 1458 3191 1529 συγγνώμην
3269 1457 3587 1521 αίτοῦντας,
3663 1457 3770 1512 τότε

2200 1551 2545 1626 ἀγριούμεθα
2567 1593 2582 1617 ,
2620 1551 2719 1605 καὶ
2764 1549 2904 1621 πρὸς
2950 1548 3248 1621 θηριωδίαν
3286 1548 3644 1620 ἐκπίπτομεν,
3688 1546 3774 1602 καὶ

2201 1643 2427 1715 πικρίας
2454 1642 2518 1696 :6
2543 1641 2722 1713 στόμα
2752 1639 3103 1713 πληροῦμεν;
3133 1642 3246 1695 Καὶ
3272 1640 3394 1704 πῶς
3420 1639 3766 1712 δυνησόμεθα,

2200 1733 2323 1789 εἰπέ
2348 1751 2459 1805 μοι,
2482 1734 2584 1803 τῆς
2613 1732 2889 1805 σωτηρίας
2923 1734 3221 1803 ἐπιτυχεῖν,
3251 1733 3435 1804 σχῆμα
3466 1733 3567 1802 μὲν
3599 1731 3773 1784 ἱκετῶν

2203 1826 2670 1901 προϐαλλόμενοι,
2709 1827 2930 1897 ῥήματα
2973 1823 3032 1878 66
3074 1824 3333 1888 ἀπονοίας
3365 1825 3649 1896 φέροντες,
3690 1826 3773 1878 καὶ

2200 1918 2326 1973 καθ’
2368 1915 2576 1972 ἐαυτῶν
2609 1915 3004 1988 παροξύνοντες
3035 1914 3129 1969 τὸν
3177 1914 3490 1986 Δεσπότην;
3524 1912 3775 1985 Είσῆλθες

2200 2011 2269 2066 :6
2310 2011 2489 2065 οἰκεῖα
2532 2007 2873 2081 θεραπεῦσαι
2922 2006 3214 2079 τραύματα
3235 2047 3250 2071 ,
3278 2006 3399 2077 οὐχὶ⁸
3423 2006 3491 2060 τά
3526 2006 3624 2060 τοῦ
3651 2006 3778 2079 πλη-

2204 2104 2319 2158 σίον
2346 2101 2708 2176 χαλεπώτερα
2746 2098 3084 2172 ἐργάσασθαι
3103 2111 3119 2129 °
3146 2097 3375 2169 ἱλασμοῦ
3402 2099 3597 2170 καιρός
3619 2100 3773 2161 ἐστιν,

2202 2194 2371 2265 εὐχῆς
2438 2191 2630 2265 καιρὸς
2696 2191 2794 2245 καὶ
2862 2188 3170 2260 στεναγμοῦ
3193 2227 3209 2254 ,
3270 2190 3393 2261 οὐχὶ
3447 2190 3641 2261 ὀργῆςο
3693 2189 3778 2242 δα-

2201 2286 2407 2357 κρύων,
2452 2284 2577 2354 οὐχὶ
2622 2280 2795 2354 θυμοῦ
2816 2322 2831 2347 ,
2872 2280 3218 2345 κατανύξεως
3247 2318 3262 2344 ,
3314 2280 3433 2350 οὐχὶ
3476 2280 3776 2350 ἀγανακτήσ

2204 2394 2360 2441 σεως.
2413 2376 2479 2429 Τί
2510 2376 2762 2447 συγχέεις
2808 2373 2907 2446 τὴν
2938 2373 3127 2439 τάξιν;
3158 2372 3211 2426 τί
3260 2372 3443 2443 σαυτῷ
3487 2373 3781 2444 πολεμεῖς;

2200 2468 2253 2521 τί
2312 2465 2601 2529 καταλύεις
2658 2482 2754 2518 σου
2812 2464 2912 2536 τὴν
2963 2463 3287 2534 οἱκοδομήνς
3338 2464 3440 2517 Τὸν
3492 2463 3777 2534 εὐχόμενον

2202 2560 2309 2632 1:96
2334 2558 2446 2612 τῶν
2488 2556 2665 2612 ἄλλων
2690 2555 2946 2611 ἀπάντων
2980 2555 3186 2629 ἥμερον
3213 2556 3358 2628 ἐχειν
3384 2557 3489 2629 χρὴ
3520 2556 3778 2622 διάνοιαν⁹

2200 2649 2636 2720 κατεσταλμένον
2681 2647 2843 2713 νοῦν,
2901 2650 3373 2721 συντετριμμένην
3436 2650 3665 2718 καρδίαν
3691 2666 3706 2682 ·
3748 2650 3777 2702 ὸ

2204 2735 2264 2791 66
2306 2737 2417 2791 τῶν
2480 2735 2691 2809 ἐχθρῶν
2733 2736 3014 2790 καταϐοῶν
3065 2739 3167 2791 οὐκ
3221 2737 3288 2792 ἂν
3336 2738 3592 2811 δυνηθείη
3632 2740 3782 2793 τοῦτο

2200 2828 2543 2902 κατορθῶσαί
2575 2844 2729 2883 ποτε·
2779 2827 2955 2899 θυμοῦ
3001 2828 3108 2901 γάρ
3164 2831 3281 2885 ἐστι
3329 2830 3776 2903 πεπληρωμένος,

2200 2926 2295 2979 κοιλ⁸
2319 2925 2417 2995 οὐχ
2438 2918 2549 2988 οἷός
2573 2922 2634 2977 τέ
2655 2925 2803 2977 ἐστιν
2834 2935 2860 2965 ι
2891 2921 3036 2993 ἔχειν
3060 2923 3502 2996 κατεσταλμένην
3523 2924 3777 2979 διάνοιαν.

2271 3017 2362 3090 Μὴ
2387 3018 2566 3071 τοίνυν
2598 3014 2995 3086 κατευχώμεθα
3026 3015 3137 3069 τῶν
3190 3013 3420 3089 ἐχθρῶν,
3468 3014 3616 3069 ἁλλά
3659 3015 3780 3087 μηδὲ

2198 3109 2309 3163 τῶν
2365 3106 2804 3178 κατορθωμάτων
2838 3104 2947 3158 τῶν
2998 3105 3281 3177 ἡμετέρων
3332 3106 3777 3178 μνημονεύωμεν,

2200 3198 2288 3253 ἵνα
2342 3197 2416 3269 μὴ
2475 3195 2743 3266 πάθωμεν
2787 3195 2926 3266 ὅπερ
2970 3196 3003 3248 6
3044 3196 3358 3266 Φαρισαῖος.
3406 3196 3626 3268 Ὠσπερ
3680 3194 3782 3267 γὰρ

2205 3289 2620 3362 ἁμαρτημάτων
2653 3287 2962 3360 μεμνῆσθαι
2984 3327 2999 3353 ,
3042 3286 3226 3353 καλὸν,
3261 3286 3404 3341 οὕτω
3434 3288 3784 3360 κατορθωμάο

2198 3401 2308 3437 των
2353 3382 2739 3453 ἐπιλελῆσθαι,
2774 3381 2959 3436 καλόν.
2993 3372 3150 3445 Τίνος
3196 3380 3419 3445 ἐνεκεν;
3454 3381 3583 3435 Ὅτι
3631 3382 3664 3452 ἠ
3694 3381 3784 3451 μὲν

2198 3476 2307 3530 τῶν
2357 3474 2803 3547 κατορθωμάτων
2851 3474 3038 3545 μνήμη
3093 3472 3231 3544 πρὸς
3271 3472 3596 3537 ἀλαζονείαν
3642 3474 3783 3545 ἡμᾶς

2199 3567 2417 3640 ἐπαίρει
2436 3606 2453 3635 ,
2481 3567 2592 3638 ἡδὲ
2622 3566 2730 3620 τῶν
2764 3565 3175 3638 ἁμαρτημάτων
3211 3565 3398 3635 μνήμη
3420 3567 3782 3620 καταστέλλει

2198 3661 2297 3734 τὴν
2325 3660 2565 3716 διάνοιαν
2588 3660 2683 3714 καὶ
2708 3659 2972 3713 ταπεινοῖ·
3007 3657 3102 3711 καὶ
3128 3656 3311 3727 ἐκείνη
3350 3657 3451 3728 μὲν
3483 3657 3785 3730 ῥᾳθυμοτέ-

2203 3771 2330 3827 ρους
2368 3753 2545 3817 ποιεῖ,
2574 3750 2714 3824 αὕτη
2750 3751 2807 3804 δέ
2843 3747 3293 3820 σπουδαιοτέρους
3322 3748 3644 3820 ἐργάζεται.
3679 3749 3782 3804 Καὶ

2198 3848 2308 3920 γὰρ
2340 3847 2453 3900 ὅσοι
2495 3845 2661 3917 μηδὲν
2686 3844 3000 3916 νομίζουσιν
3043 3843 3187 3914 ἔχειν
3228 3841 3418 3907 καλὸν,
3447 3842 3784 3914 προθυμότε-

2200 3956 2285 4012 ροι
2318 3939 2561 4008 γίνονται
2596 3936 2733 4009 πρὸς
2760 3936 2823 3990 :6
2854 3935 3161 4007 κτήσασθαι
3187 3934 3258 3988 τά
3291 3934 3463 3989 καλά’
3490 3936 3537 3989 οί
3577 3934 3783 3989 661101-

2197 4030 2295 4101 λὴν
2330 4031 2544 4094 ἑαυτοῖς
2586 4027 2975 4084 ἀποτεθεῖσθαι
3017 4027 3117 4100 τὴν
3155 4026 3425 4099 ἐμπορίαν
3455 4028 3779 4098 ἡγούμενοι,

2199 4121 2529 4194 θαρροῦντες
2558 4123 2625 4194 τῇ
2657 4120 2863 4193 ταύτης
2891 4118 3199 4193 περιουσίᾳ,
3226 4119 3327 4173 οὐκ
3352 4119 3421 4174 ἂν
3448 4119 3652 4192 πολλὴν
3675 4120 3784 4173 ἐπι⁸

2195 4206 2462 4279 δείξαιντο
2513 4212 2748 4285 σπουδὴν
2806 4212 2945 4286 πρὸς
3001 4211 3062 4266 :6
3119 4210 3341 4266 πλείονα
3397 4212 3782 4283 περιλαϐἑσθαι

2197 4305 2380 4359 πάλιν.

2267 4448 2342 4510 γ’.
2356 4442 2449 4517 Μὴ
2463 4441 2644 4496 τοίνυν
2667 4442 2911 4515 μνησθῇς
2929 4442 3037 4497 τῶν
3060 4441 3520 4515 κατορθωμάτων,
3539 4445 3631 4500 ἵνα
3648 4463 3781 4517 μνη-

2196 4534 2297 4608 σθῇ
2325 4535 2506 4592 αὐτῶν
2543 4537 2572 4589 6
2618 4534 2770 4599 Θεός,
2802 4534 2954 4606 Λέγε
2987 4535 3130 4608 γὰρ,
3171 4537 3324 4608 φησὶ,
3356 4541 3462 4605 τὰς
3491 4538 3780 4609 ἁμαρτίας

2192 4643 2312 4683 σου
2361 4626 2593 4697 πρῶτος
2615 4668 2632 4694 ,
2660 4627 2762 4681 ἵνα
2811 4625 3150 4696 δικαιωθῇς.
3194 4627 3305 4681 Καὶ
3333 4626 3525 4682 πάλιν
3568 4631 3655 4684 οὐ
3680 4629 3780 4699 ,μὴ

2186 4717 2441 4791 μνησθῶ
2461 4716 2581 4772 τῶν
2601 4715 2863 4788 ἀνομιῶν
2890 4732 3029 4784 σου,
3057 4717 3222 4791 φησί·
3245 4718 3328 4773 σὺ
3357 4717 3425 4772 δέ
3448 4719 3774 4789 μνήσθητι.

2205 4808 2365 4863 Ἀλλά
2389 4808 2533 4873 τίνος
2552 4808 2741 4864 ἕνεκεν
2768 4808 2862 4863 τοῦ
2890 4808 3123 4863 τελώνου
3147 4809 3291 4864 οῦτω
3312 4810 3523 4881 ταχέως
3550 4812 3780 4883 ἐπήκου-

2195 4917 2286 4954 σεν
2314 4901 2343 4953 6
2371 4898 2524 4964 Θεὸς,
2553 4899 2645 4953 τὸν
2669 4899 2726 4953 δέ
2765 4900 2952 4955 Ἰσαὰκ
2984 4901 3196 4970 ἀφῆκεν
3217 4900 3423 4955 είκοσιν
3445 4901 3540 4972 ἔτη
3563 4902 3775 4956 δέεσθαι

2191 4991 2285 5047 καὶ
2323 4990 2660 5063 παρακαλεῖν
2700 4991 2862 5045 αὐτὸν
2894 4993 3022 5063 περ)⁵
3048 4992 3147 5063 τῆς
3181 4994 3436 5062 γυναικὸς
3464 4994 3655 5060 αὐτοῦ,
3687 4994 3779 5048 καὶ

2188 5083 2310 5153 τότε
2336 5084 2594 5138 ἐπένευσε
2618 5086 2740 5148 ταῖς
2768 5084 2958 5155 εὐχαῖς
2981 5083 3074 5138 τοῦ
3108 5084 3356 5149 δικαίους
3391 5087 3630 5158 Ἀνάγκη
3672 5088 3777 5157 γὰρ

2187 5176 2287 5246 τῆς
2307 5175 2435 5248 χθὲς
2447 5175 2795 5241 διδασκαλίας
2806 5175 3099 5232 ἀποδοῦναι
3117 5178 3246 5249 ὑμῖν
3266 5177 3335 5231 τά
3350 5178 3596 5248 λείψανα.
3616 5178 3779 5242 Τίνος

2187 5260 2284 5319 οὖν
2305 5266 2492 5321 ἕνεκεν
2515 5266 2671 5321 τοῦτο
2691 5268 2914 5338 γέγονεν
2933 5285 2949 5332 ;
2974 5268 3093 5322 Ἵνα
3117 5269 3223 5323 άπὸ
3252 5270 3351 5341 μέν
3373 5269 3483 5322 τῶν
3516 5269 3662 5323 κατά
3685 5268 3779 5322 τὸν

2187 5358 2426 5431 τελώνην
2462 5359 2641 5433 μάθῃς
2673 5360 2772 5433 τὴν
2806 5362 3220 5434 φιλανθρωπίαν
3246 5362 3339 5417 τοῦ
3375 5362 3652 5416 Δεσπότου
3678 5379 3780 5416 τα-

2187 5451 2331 5522 χέως
2342 5451 2770 5516 ἐπακούσαντος,
2790 5452 2897 5506 άπὸ
2917 5452 2976 5508 δέ
2999 5452 3107 5506 τῶν
3120 5453 3261 5508 κατὰ
3276 5454 3367 5506 τὸν
3394 5453 3573 5506 Ἰσαὰκ
3595 5451 3779 5523 μάθῃς

2185 5543 2284 5615 τὴν
2314 5543 2591 5618 ὑπομονὴν
2622 5544 2715 5598 τοῦ
2742 5545 2931 5600 δούλου
2964 5545 3210 5619 βραδέως
3234 5542 3512 5610 λαϐόντος,
3548 5546 3644 5599 καὶ
3678 5544 3781 5599 οὐκ

2187 5631 2523 5698 ἀποστάντος
2553 5633 2653 5705 τῆς
2686 5634 2967 5706 ἱκετηρίας
2986 5654 2999 5667 ·
3038 5635 3149 5704 ἕνα,
3188 5635 3294 5691 κᾶν
3323 5634 3651 5708 ἁμαρτωλὸς
3678 5629 3774 5712 ᾖς,

2251 5802 2279 5833 ⁸
2303 5803 2459 5855 Savil.
2498 5806 2587 5871 οὐχ
2607 5807 2706 5858 οῐόν
2728 5809 2783 5860 τέ
2814 5809 2963 5862 ἐστιν.
2988 5806 3062 5861 Ita
3088 5812 3143 5861 et
3159 5807 3278 5861 Cod.
3303 5807 3414 5860 748.

3510 6437 3539 6440 _
3590 6435 3610 6440 «-
3679 6434 3714 6440 -
3766 6432 3784 6438 ί
3828 6427 3924 6436 ἢ*
