4062 6422
304 374 410 434 365

304 491 490 548 Beatus
517 493 714 564 quippe
735 537 748 559 ,
785 497 872 566 qui
896 505 1070 550 narrat
1099 497 1151 550 in
1177 513 1325 550 aures
1360 496 1673 551 audientium
1699 497 1886 568 (Eccli.

303 584 394 637 25.
425 583 539 654 ιε).
565 584 618 638 Id
646 586 772 640 mihi
805 603 910 642 non
939 603 1003 643 ex
1037 588 1636 658 plausibuslaudibusve
1664 600 1890 659 tantum,

303 673 398 728 sed
427 683 483 728 et
511 689 576 728 ex
600 675 666 730 iis
695 691 814 746 qua:
839 677 952 732 fieri
982 694 1011 731 a
1035 679 1190 734 vobis
1220 681 1504 736 cernebam
1527 722 1541 746 ,
1575 697 1888 750 persuasum

301 771 405 820 est.
435 764 567 820 Cum
594 767 768 833 enim,
800 777 857 822 ut
879 769 1138 826 adversus
1180 771 1420 826 inimicos
1447 787 1634 841 preces
1673 774 1887 830 minime

305 853 597 910 funderetis
615 896 631 923 ,
653 873 749 912 vos
777 858 1121 927 cohortarer,
1151 875 1214 916 ac
1239 861 1473 917 dicerem
1519 877 1616 917 nos
1634 905 1649 930 ,
1679 862 1806 918 dum
1838 865 1890 920 id

303 949 529 1019 agimus,
560 951 722 1006 Deum
755 952 966 1008 irritare
987 996 1001 1019 ,
1027 969 1090 1009 ac
1130 957 1334 1026 legibus
1369 957 1486 1028 ejus
1519 960 1652 1014 alias
1675 970 1892 1015 eontra-

306 1040 411 1094 rias
436 1040 571 1096 ferre
589 1042 744 1111 (dixit
765 1045 905 1098 enim
939 1046 1070 1116 ipse,
1094 1045 1250 1102 Orate
1291 1066 1384 1118 pro
1416 1051 1631 1105 inimicis
1673 1049 1886 1123 [Mattln

304 1132 356 1186 5.
387 1131 498 1204 64].
523 1138 581 1188 at
615 1150 712 1190 nos
737 1135 860 1190 dum
891 1138 1148 1194 adversus
1197 1141 1439 1196 inimicos
1479 1157 1726 1210 oramus,
1750 1145 1890 1212 peti-

303 1241 423 1280 mus
448 1228 514 1281 ab
541 1244 606 1283 eo
635 1239 690 1282 ut
719 1245 868 1284 suam
903 1231 1072 1303 legem
1097 1233 1210 1302 ipse
1236 1234 1556 1308 dissolvat),
1588 1250 1707 1294 cum
1733 1238 1891 1308 igitur

306 1317 417 1372 hzec
438 1328 488 1372 et
508 1320 629 1374 talia
647 1321 902 1388 dicerem,
924 1325 1117 1380 multos
1136 1325 1274 1380 inter
1290 1342 1383 1381 vos
1399 1327 1682 1382 cernebam
1700 1327 1888 1384 faciem

306 1411 663 1476 percutientes
688 1422 741 1467 et
760 1423 966 1484 pectus,
984 1417 1216 1486 graviter
1243 1419 1674 1489 ingetniseentes,
1701 1435 1890 1475 manus

303 1500 356 1553 in
387 1502 575 1556 caelum
609 1505 924 1574 tendentes,
956 1509 1162 1563 veniam
1187 1524 1215 1562 a
1253 1510 1359 1566 Deo
1381 1520 1598 1580 propter
1625 1511 1888 1580 ejusmodi

297 1607 490 1660 preces
531 1593 671 1649 fusas
714 1598 1065 1666 postulantes.
1107 1601 1240 1656 Tum
1272 1619 1400 1658 vero
1443 1618 1542 1674 ego
1571 1604 1795 1659 sublatis
1834 1605 1887 1658 in

302 1683 491 1738 caelum
517 1688 685 1742 oculis
712 1689 820 1744 Deo
861 1691 1058 1760 gratias
1101 1694 1224 1764 egi,
1253 1695 1393 1765 quod
1436 1705 1540 1750 tam
1583 1697 1691 1751 cito
1735 1696 1889 1750 nobis

301 1777 559 1834 doctrina:
585 1795 763 1836 sermo
793 1782 1017 1839 fructum
1033 1787 1369 1855 .protulisset.
1405 1787 1478 1842 Ea
1509 1789 1706 1858 quippe
1729 1789 1889 1859 spiri~

304 1870 463 1925 tualis
483 1872 702 1927 seminis
749 1883 833 1929 est
870 1877 1106 1932 conditio
1135 1894 1149 1931 :
1175 1893 1281 1932 non
1327 1881 1482 1933 annis
1522 1880 1756 1950 indiget,
1790 1895 1890 1935 nec

304 1963 650 2029 temporibus,
675 1980 776 2019 nec
799 1965 1008 2032 diebus,
1027 1967 1121 2022 sed
1143 1969 1186 2022 si
1207 1969 1438 2023 animam
1465 1985 1779 2040 generosam
1807 1971 1888 2025 in-

303 2053 498 2106 vaserit
518 2096 533 2120 ,
561 2055 842 2111 confestim
873 2058 1074 2127 spicam
1102 2060 1362 2115 virentem
1402 2070 1456 2116 et
1481 2061 1768 2131 perfectam
1798 2077 1888 2116 os-

305 2144 473 2198 tendit
503 2163 514 2199 :
547 2147 688 2216 quod
728 2157 782 2202 et
811 2164 838 2202 a
872 2149 1023 2204 vobis
1072 2152 1325 2206 hesterno
1368 2151 1455 2207 die
1484 2160 1756 2220 peractum
1783 2161 1884 2206 est.

303 2235 737 2304 Compnnctionis
767 2253 1070 2296 sermonem
1098 2255 1397 2310 sparseram
1419 2281 1434 2307 ,
1453 2250 1509 2296 et
1537 2240 1890 2297 confessionis

302 2329 531 2394 gemitus
549 2329 885 2398 germinavit,
912 2332 1142 2399 gemitus
1173 2333 1365 2387 multas
1392 2332 1653 2386 honorum
1676 2331 1888 2386 divitias

302 2431 484 2473 secum
538 2421 732 2474 ferens.
761 2419 892 2474 Nam
938 2421 984 2476 si
1029 2422 1340 2492 publicanus
1387 2423 1506 2484 ille,
1538 2438 1658 2477 eum
1704 2433 1890 2492 pactus

303 2512 650 2579 percutiendo
690 2512 946 2580 dixisset,
996 2515 1262 2586 Propitius
1303 2527 1408 2571 esto
1456 2517 1579 2569 mihi
1637 2515 1890 2586 peccatori

302 2601 453 2672 (Luc.
489 2605 575 2658 18.
610 2606 723 2674 15),
759 2608 877 2676 plus
901 2623 1060 2678 quam
1111 2609 1411 2664 Pharisaeus
1447 2608 1771 2678 justificatus
1796 2623 1887 2663 rc-

302 2695 496 2761 cessit,
542 2707 795 2766 quantam
844 2713 942 2752 nos
972 2700 1109 2768 apud
1150 2700 1318 2756 Deum
1362 2700 1516 2755 nobis
1569 2701 1889 2755 conciliasse

301 2786 522 2854 gratiam
567 2789 855 2844 verisimile
897 2799 1008 2856 est,
1040 2807 1160 2846 cum
1211 2793 1344 2848 intra
1381 2793 1637 2863 perbreve
1680 2802 1890 2861 tempus

304 2883 994 2949 tantameompunctionem
1041 2885 1470 2940 ostenderimus?
1508 2886 1741 2940 Tametsi
1791 2903 1890 2956 pu-

302 2968 512 3024 blicano
539 2971 666 3025 nihil
692 2983 768 3028 est
803 2976 952 3044 pejus
982 2995 994 3029 :
1028 2992 1148 3030 cum
1175 2979 1219 3032 is
1251 2979 1605 3048 improbitatis
1635 2980 1790 3034 limes
1820 2981 1889 3033 sit

301 3058 560 3116 ultimus:
592 3066 734 3133 quod
767 3068 946 3135 utique
985 3068 1227 3123 Christus
1255 3070 1494 3125 indicans
1538 3071 1590 3124 in
1618 3080 1887 3127 extremo-

302 3164 418 3203 rum
447 3152 710 3208 malorum
760 3158 1061 3226 exemplum
1116 3162 1428 3216 meretrices
1471 3178 1534 3216 ac
1577 3163 1888 3232 publicanos

300 3253 512 3311 semper
539 3243 590 3298 in
635 3246 871 3302 medium
911 3249 1144 3306 adducit.
1178 3253 1275 3307 Est
1317 3255 1456 3310 enim
1487 3254 1738 3310 violentia
1768 3271 1890 3326 qua:

301 3329 470 3387 libere
519 3336 955 3408 confidenterque
982 3352 1272 3411 grassatur,
1306 3345 1489 3414 rapina
1537 3346 1653 3401 sine
1701 3361 1887 3416 repre-

302 3419 562 3479 hensione
585 3466 600 3490 ,
630 3426 912 3497 impudens
945 3433 1180 3487 avaritize
1208 3450 1397 3507 genus,
1431 3437 1718 3507 negotiatio
1741 3453 1772 3491 a
1802 3452 1889 3492 ra-

308 3513 454 3571 tione
478 3515 670 3582 aliena,
706 3519 940 3575 insolens
979 3533 1316 3579 mercatura:
1345 3505 1581 3581 attamen
1616 3528 1661 3580 is
1680 3528 1768 3597 qui
1801 3527 1886 3582 in-

301 3613 383 3660 ter
412 3613 491 3660 tot
532 3608 670 3662 mala
699 3611 936 3678 vixerat,
972 3614 1128 3669 nudis
1149 3615 1328 3671 verbis
1374 3618 1542 3687 potuit
1572 3627 1649 3673 tot
1693 3619 1886 3686 probra

299 3695 512 3762 delere,
539 3713 603 3754 ac
629 3701 778 3770 plura
808 3718 964 3773 quam
996 3707 1291 3775 postularat
1317 3704 1582 3775 accipere.
1605 3707 1741 3763 Nam
1787 3723 1886 3778 pe-

301 3787 460 3843 tierat
476 3789 690 3858 quidem
718 3792 827 3858 ille,
864 3793 1126 3865 Propitius
1144 3805 1252 3850 esto
1277 3797 1402 3851 mihi
1423 3801 1670 3866 peccatori
1695 3841 1712 3865 ,
1745 3799 1887 3856 Deus

297 3887 476 3958 autem
503 3896 609 3936 non
638 3885 896 3956 propitius
922 3896 1123 3942 tantum
1156 3887 1286 3954 fuit,
1315 3890 1407 3944 sed
1438 3891 1597 3946 etiam
1621 3891 1770 3946 illum
1800 3908 1888 3947 su-

301 3987 394 4041 pra
422 3973 749 4032 Pharisaeum
773 3978 1104 4048 justificavit.
1135 3981 1422 4052 Propterea
1452 3984 1623 4055 inquit
1649 3985 1846 4041 Paulus
1871 4003 1884 4042 :

298 4063 367 4118 Ei
391 4076 562 4121 autem
584 4110 599 4134 ,
625 4072 713 4141 qui
764 4080 923 4140 potest
964 4075 1134 4128 omnia
1171 4075 1337 4145 facere
1369 4078 1851 4148 .superabuudanter
1871 4121 1884 4144 ,

299 4171 451 4226 quam
477 4160 724 4228 petimus,
753 4172 842 4216 aut
882 4164 1212 4237 intelligimus
1240 4165 1455 4240 (Ep/tes.
1485 4171 1538 4224 5.
1575 4169 1689 4241 20).
1727 4171 1886 4240 Atqui

300 4261 547 4317 precatus
573 4263 656 4307 est
672 4254 835 4309 etiam
866 4255 1166 4314 Pharisazus
1187 4302 1202 4324 ,
1231 4269 1286 4315 et
1319 4261 1372 4315 in
1401 4263 1596 4331 templo
1625 4263 1805 4326 stetit,
1832 4273 1888 4317 et

298 4341 549 4396 eumdem
578 4345 744 4399 Deum
772 4346 1071 4416 invocavit,
1103 4360 1154 4406 et
1181 4352 1329 4420 plura
1357 4355 1515 4410 verba
1547 4355 1812 4424 profudit,
1835 4365 1890 4410 et

297 4445 364 4485 ex
383 4435 672 4503 gratiarum
697 4438 905 4495 actione
933 4443 1188 4498 orationis
1217 4445 1494 4502 exordium
1517 4448 1702 4502 texuit.
1738 4447 1888 4503 Unde

299 4521 459 4591 igitur
477 4523 672 4581 factum
701 4539 801 4596 est,
831 4540 888 4586 ut
912 4533 1004 4587 ille
1027 4534 1241 4604 quidem
1265 4551 1328 4591 ea
1358 4553 1477 4607 quae
1497 4537 1726 4595 habebat
1750 4539 1888 4594 bona

298 4613 612 4685 perdiderit,
644 4617 734 4674 hic
756 4632 933 4678 autem
960 4639 1078 4680 eam
1100 4627 1323 4696 gratiam
1349 4643 1412 4683 ac
1437 4628 1705 4696 fiduciam,
1727 4646 1885 4701 quam

297 4721 406 4761 non
435 4708 664 4766 habebat
687 4711 788 4767 sibi
816 4716 1220 4773 conciliaverit?
1248 4719 1401 4786 Quod
1428 4721 1676 4776 nimirum
1700 4724 1887 4778 orandi

298 4800 495 4857 modus
517 4803 655 4859 idem
688 4821 794 4861 non
819 4817 980 4864 esset.
1014 4810 1146 4864 Nam
1181 4811 1270 4866 ille
1299 4812 1514 4882 quidem
1536 4816 1886 4884 arrogantize,

301 4892 490 4959 fastus,
516 4896 890 4968 superbiaeque
908 4908 1046 4954 totus
1073 4902 1262 4972 plenus
1279 4912 1412 4969 erat,
1435 4902 1522 4958 hic
1549 4919 1680 4958 vero
1708 4906 1889 4960 multa:

299 4983 582 5052 probitatis
607 4997 664 5042 et
705 4991 968 5059 aequitatis
1001 5009 1014 5044 :
1050 4993 1248 5048 idcirco
1294 4993 1420 5049 licet
1463 4993 1549 5048 hic
1595 4995 1888 5051 innumeris

298 5085 639 5145 peccatorum
687 5082 917 5136 sarcinis
965 5093 1294 5152 gravaretur,
1335 5101 1523 5142 omnes
1575 5085 1810 5154 abjecit,
1839 5097 1891 5142 et

295 5167 894 5244 justitiamassumpsit;
925 5175 1012 5229 ille
1027 5184 1202 5232 autem
1222 5177 1312 5247 qui
1335 5179 1710 5248 plenamrecte
1728 5177 1891 5233 facto-

298 5269 442 5323 rum,
467 5257 928 5331 eleemosynarum
949 5302 962 5324 ,
987 5261 1332 5331 jejuniorum,
1362 5279 1550 5318 navem
1581 5264 1879 5332 reduxerat,

300 5353 568 5418 tamquam
599 5351 822 5420 scopulo
845 5351 1072 5423 cuipiam
1101 5354 1273 5409 inanis
1311 5355 1494 5424 gloriae
1522 5356 1890 5426 superbiaeque

298 5439 497 5494 tumori
518 5440 754 5497 ,allidens
774 5444 826 5497 in
857 5444 973 5513 ipso
998 5454 1152 5514 portu
1183 5447 1513 5517 naufragium
1539 5447 1694 5502 fecit:
1725 5447 1891 5517 siqni-

297 5529 423 5584 dcm
453 5531 506 5586 in
554 5534 798 5589 oratione
825 5534 1080 5592 damnum
1112 5538 1255 5606 pati,
1284 5537 1336 5592 id
1363 5554 1492 5594 vero
1517 5547 1600 5594 est
1648 5539 1700 5592 in
1735 5547 1888 5608 portu

299 5621 635 5702 naufragium
662 5625 858 5683 facere.
883 5627 998 5684 Non
1022 5638 1198 5686 tamen
1227 5629 1278 5685 id
1304 5647 1367 5686 ex
1391 5642 1577 5688 natura
1608 5631 1888 5700 orationis,

298 5713 394 5768 sed
419 5729 484 5770 ex
511 5717 664 5788 culpa
693 5719 978 5775 voluntatis
1003 5721 1120 5790 ejus
1143 5723 1340 5778 evenit.

371 5809 426 5865 2.
451 5809 768 5870 Precationis
789 5815 968 5872 modus
987 5818 1119 5888 quis.
1150 5849 1212 5859 —
1248 5818 1409 5876 Vides
1447 5817 1512 5875 ad
1536 5818 1762 5876 salutem
1789 5833 1890 5876 no-

1486 381 1621 438 NON
1662 381 1825 439 ESSE
1866 377 2398 436 DESPERANDUM.

3488 391 3590 448 568

2002 495 2086 551 bis
2107 497 2404 552 orationem
2456 512 2561 553 non
2589 499 2836 556 sufficere
2857 541 2872 566 ,
2905 499 3010 556 nisi
3048 500 3208 557 simul
3252 515 3318 558 ex
3349 501 3553 574 legibus
3577 546 3592 569 ,

2001 603 2134 658 quas
2172 588 2292 646 tulit
2333 589 2595 656 Christus,
2624 593 2882 650 oremus?
2913 593 3057 660 Quas
3099 610 3260 664 porro
3311 596 3456 668 leges
3503 599 3592 654 ille

2001 679 2166 734 tulit?
2189 679 2254 737 Ut
2280 695 2378 751 pro
2408 681 2638 738 inimicis
2675 699 2921 751 oremus,
2959 687 3168 741 tametsi
3201 688 3383 742 multis
3422 690 3592 746 mole-

2005 767 2118 824 stiis
2166 784 2265 825 nos
2310 769 2605 828 affecerint.
2632 775 2718 848 .Ac
2759 775 2860 828 nisi
2908 774 3010 829 hoc
3038 785 3390 844 przestemus,
3432 779 3592 849 plane

2002 861 2277 932 perimus:
2311 863 2364 918 id
2411 865 2551 935 quod
2599 881 2666 921 ex
2696 866 2952 922 Pharisaei
2993 877 3204 923 constat
3228 871 3497 940 exctnplo.
3535 872 3591 928 Si

1993 955 2142 1008 enim
2175 955 2273 1010 iste
2299 970 2419 1010 cum
2451 972 2556 1012 non
2587 957 2844 1013 adversus
2871 959 3114 1016 inimicos
3140 969 3369 1027 orasset,
3399 977 3584 1018 verum

1999 1047 2172 1102 inanis
2199 1047 2384 1117 gloria!
2411 1049 2685 1118 cupiditati
2715 1051 2886 1108 solum
2924 1051 3168 1106 addictus
3204 1051 3432 1119 fuisset,
3467 1063 3589 1110 tan-

2003 1147 2108 1192 tam
2137 1153 2346 1207 pmnam
2377 1141 2664 1205 sustinuit,
2704 1142 2845 1212 quod
2882 1143 3196 1212 supplicium
3228 1143 3348 1200 illos
3373 1154 3554 1201 manet
3574 1187 3588 1209 ,

1995 1228 2087 1296 qui
2119 1227 2306 1299 longos
2347 1231 2648 1301 multosque
2689 1247 2968 1288 sermones
2995 1234 3292 1303 producunt
3330 1237 3600 1293 adversus.

1999 1321 2268 1380 inimicos?
2289 1323 2422 1391 Quid
2443 1324 2593 1391 facis,
2614 1326 2683 1382 mi
2713 1325 2900 1380 homo?
2921 1326 3136 1392 Adstas,
3157 1336 3214 1381 ut
3235 1328 3440 1383 veniam
3470 1344 3594 1398 pec.

1999 1425 2238 1470 calorum
2257 1417 2515 1484 postules,
2535 1427 2592 1472 et
2606 1418 2837 1474 animam
2855 1419 3126 1473 iracundia
3146 1421 3348 1489 περιθδῖ
3364 1405 3591 1486 Quando

1996 1509 2233 1563 omnium
2265 1510 2574 1566 mitissimos
2595 1527 2717 1567 esse
2746 1528 2844 1566 nos
2865 1521 3095 1583 oportet,
3118 1512 3244 1568 dum
3271 1514 3593 1584 alloquimur

1997 1599 2306 1669 Dominum,
2320 1601 2443 1655 dum
2461 1617 2556 1671 pro
2572 1602 2780 1658 delictis
2796 1603 3593 1670 oramus,misericordiatn,cle-

1994 1694 2270 1758 mentiam,
2291 1710 2353 1750 ac
2366 1699 2575 1750 veniam
2599 1697 2964 1766 implorantes,
2992 1705 3101 1751 tum
3128 1698 3587 1760 excandescimus,

1996 1784 2050 1837 in
2079 1783 2340 1840 feritatem
2381 1785 2737 1852 devolvimur,
2765 1796 2821 1842 et
2845 1801 2906 1841 os
2933 1795 3171 1841 nostrum
3201 1787 3323 1842 felle
3345 1788 3587 1857 complc-

1995 1873 2140 1928 mus?
2168 1872 2286 1941 Quo
2313 1884 2488 1944 pacto,
2515 1890 2715 1946 quarso,
2746 1877 3038 1946 poterimus
3069 1876 3294 1931 salutem
3324 1876 3545 1947 adipisci
3569 1916 3586 1943 ,

1993 1979 2117 2020 cum
2139 1966 2454 2036 supplicium
2478 1967 2711 2036 speciem
2736 1982 2844 2036 prce
2873 1966 3027 2022 nobis
3045 1965 3298 2030 feramus,
3318 1968 3477 2022 verba
3499 1981 3595 2021 sn-

1997 2058 2280 2126 perborum
2302 2057 2603 2123 efferamus,
2625 2067 2678 2113 et
2696 2059 2745 2116 in
2763 2073 2860 2116 nos
2883 2057 3165 2116 Dominum
3193 2058 3486 2118 irritemus?
3503 2059 3590 2114 ln-

1993 2163 2210 2219 gressus
2235 2163 2312 2216 es,
2338 2159 2394 2203 ut
2424 2153 2635 2219 propria
2653 2152 2869 2205 vulnera
2885 2165 3129 2212 curares,
3148 2165 3254 2206 non
3281 2159 3340 2205 ut
3369 2153 3588 2221 propin-

1979 2241 2084 2311 _qni
2113 2242 2328 2300 vulnera
2361 2241 2611 2297 redderes
2641 2242 2936 2298 acerbiora.
2961 2242 3364 2312 Propitiationis
3383 2254 3591 2313 tempus

1989 2340 2097 2394 est,
2118 2331 2376 2386 orationis
2399 2342 2628 2400 tempus,
2655 2347 2716 2386 ac
2741 2332 2970 2401 gemitus
2989 2373 3002 2393 ,
3029 2347 3135 2386 non
3165 2332 3449 2388 iracundis:
3475 2349 3488 2385 :
3521 2333 3590 2386 la-

1979 2435 2320 2491 .erymarutn,
2349 2439 2454 2488 non
2479 2422 2971 2484 excandescentia):
2999 2422 3448 2492 compunctinnis,
3477 2438 3586 2476 non

1995 2511 2390 2582 indignationis.
2411 2515 2517 2569 Cur
2541 2513 2824 2569 confundis
2852 2513 3122 2568 ordinem?
3138 2528 3234 2568 cur
3255 2513 3346 2568 tibi
3375 2513 3470 2582 ipsi
3496 2529 3585 2568 re-

1996 2605 2223 2673 pugnas?
2246 2621 2342 2659 cnr
2358 2604 2640 2660 aedificium
2660 2613 2807 2662 tuum
2826 2604 3018 2660 diruis?
3042 2604 3320 2659 Hominem
3339 2604 3430 2674 qui
3445 2615 3584 2667 orat,

1995 2704 2119 2750 ante
2160 2696 2263 2750 alia
2304 2697 2483 2751 omnia
2531 2696 2645 2751 miti
2681 2697 2861 2752 animo
2908 2710 3028 2750 esse
3065 2702 3316 2764 oportet,
3347 2695 3586 2750 modesta

1979 2796 2197 2849 -mente,
2227 2787 2388 2862 corde
2416 2787 2647 2844 contrito
2677 2805 2689 2841 :
2713 2787 2804 2858 qui
2827 2801 2954 2842 vero
2976 2786 3170 2841 clamat
3195 2785 3452 2842 adversus
3481 2787 3588 2841 ini-

1995 2879 2184 2942 micos,
2216 2896 2504 2951 numquam
2551 2880 2678 2936 illud
2712 2880 2908 2950 poterit
2944 2879 3227 2934 obtinere:
3256 2879 3453 2949 quippe
3495 2881 3586 2949 qni

1995 2973 2066 3026 sit
2095 2972 2187 3026 iraa
2219 2973 2406 3042 plenus
2430 3013 2445 3037 ,
2478 2987 2652 3043 neque
2675 2972 2937 3028 modestia
2961 2970 3129 3041 possit
3163 2979 3399 3026 mentem
3426 2970 3480 3024 in
3501 2969 3586 3025 of-

1999 3065 2118 3119 ficio
2143 3066 2440 3120 continere.

2068 3153 2404 3208 Peccatorum
2427 3155 2726 3217 meminisse,
2757 3161 2888 3207 recte
2912 3156 3162 3223 factorum
3185 3151 3407 3207 oblivisci
3435 3168 3589 3220 opor-

1995 3258 2090 3304 tet.
2121 3248 2224 3314 Cur
2269 3258 2393 3304 esset
2414 3250 2599 3303 sterilis
2646 3265 2774 3302 uxor
2821 3245 3009 3309 Isaac;
3058 3263 3148 3298 cur
3181 3247 3378 3300 sterilis
3413 3256 3590 3313 partus

1995 3342 2326 3409 praeesserit.
2358 3340 2529 3394 —Ne
2579 3340 2738 3409 igitur
2793 3336 3050 3390 adversus
3099 3335 3342 3390 inimicos
3395 3350 3586 3404 preces

1996 3429 2314 3495 fundamus,
2341 3430 2435 3485 sed
2481 3445 2653 3499 neque
2698 3436 2845 3481 recte
2874 3425 3132 3480 factorum
3175 3439 3442 3479 memores
3483 3440 3585 3479 no-

1992 3531 2224 3578 strorum
2257 3523 2423 3578 simus
2448 3564 2463 3589 ,
2495 3537 2563 3575 ne
2604 3521 2756 3574 nobis
2778 3517 2829 3572 id
2857 3517 3093 3582 accidat,
3116 3518 3256 3587 quod
3286 3516 3578 3574 Pharisaei).

1991 3614 2122 3668 Nam
2169 3614 2618 3685 quemadmodum
2667 3619 3007 3681 peccatorum
3060 3609 3329 3668 recordari
3380 3610 3579 3665 bonum

1986 3715 2105 3770 .est,
2132 3707 2205 3760 ita
2251 3713 2398 3762 recte
2427 3704 2688 3758 factorum
2731 3703 2928 3757 bonum
2979 3707 3062 3755 est
3100 3699 3360 3754 oblivisci.
3411 3700 3580 3766 Quam

1995 3796 2208 3852 tandem
2235 3796 2304 3852 ob
2330 3795 2572 3851 causam?
2597 3792 2861 3862 Quoniam
2899 3800 3045 3846 recte
3077 3789 3338 3844 factorum
3363 3790 3578 3860 quidem

1993 3887 2252 3943 memoria
2279 3902 2378 3943 nos
2401 3887 2455 3940 in
2479 3885 2779 3956 superbiam
2810 3882 2986 3954 erigit,
3018 3890 3359 3952 peccatorum
3400 3890 3578 3935 autem

1994 3979 2252 4034 memoria
2296 3986 2530 4034 mentem
2576 3975 2828 4046 deprimit
2873 3983 3034 4044 atque
3079 3972 3334 4027 humilem
3361 3972 3579 4027 reddit:

1992 4079 2154 4141 atque
2180 4070 2268 4124 illa
2295 4069 2508 4141 quidem
2535 4067 2948 4140 negligentiores
2975 4064 3171 4131 efficit,
3202 4065 3299 4118 ista
3328 4079 3456 4119 vero
3494 4065 3580 4119 di-

1993 4161 2303 4231 ligentiores
2331 4175 2432 4216 nos
2471 4159 2664 4217 reddit.
2708 4158 2840 4214 Nam
2872 4157 2962 4228 qui
2998 4157 3131 4211 nihil
3170 4156 3269 4211 sibi
3297 4171 3417 4212 esse
3456 4157 3582 4213 boni

1994 4233 2346 4318 arbitrantur,
2370 4251 2663 4310 alacriores
2684 4249 2750 4303 ad
2772 4247 3099 4319 acquirenda
3128 4247 3264 4308 bona
3293 4246 3424 4301 fiunt
3455 4264 3468 4300 :
3492 4249 3581 4318 qni

1993 4359 2121 4400 vero
2168 4345 2394 4400 multum
2450 4344 2550 4400 sibi
2581 4343 2874 4414 repositum
2930 4350 3191 4410 qumstum
3240 4341 3579 4404 existimant,

1996 4435 2078 4488 his
2106 4437 2298 4505 opibus
2340 4435 2671 4490 confidentes
2699 4449 2803 4487 non
2836 4446 3082 4502 magnum
3109 4429 3342 4485 studium
3373 4445 3481 4498 pra:
3523 4447 3584 4486 se

1995 4525 2171 4581 ferunt
2197 4528 2262 4581 ad
2295 4529 2442 4597 plura
2468 4527 2566 4582 sibi
2597 4525 2851 4594 deinceps
2877 4522 3254 4591 comparanda.

2066 4618 2119 4673 5.
2149 4617 2267 4672 Noli
2295 4633 2422 4688 ergo
2449 4627 2597 4672 recte
2632 4616 2893 4672 factorum
2933 4614 3243 4669 meminisse
3265 4656 3278 4681 ,
3309 4623 3370 4668 ut
3396 4615 3583 4668 memi-

1993 4711 2135 4765 nerit
2173 4711 2382 4766 illorum
2427 4711 2590 4766 Deus.
2622 4709 2717 4764 Dic
2757 4709 2892 4766 enim
2940 4717 3143 4778 peccata
3170 4695 3492 4776 (adprimus,
3525 4721 3586 4762 ut

1981 4803 2284 4872 justiﬁceris
2310 4801 2513 4874 (Hesai.
2541 4802 2630 4856 45.
2656 4801 2770 4873 26),
2795 4809 2849 4856 et
2870 4813 3089 4856 rursus:
3113 4797 3446 4870 Iniquitatunt
3473 4807 3584 4850 tun-

1992 4911 2105 4947 rum
2147 4910 2251 4948 non
2296 4893 2619 4958 recordabar,
2645 4891 2847 4962 inquit:
2889 4900 2939 4943 at
2976 4898 3030 4942 tu
3081 4889 3350 4944 recordare
3377 4886 3482 4957 (Ib.
3531 4903 3580 4940 υ.

1992 4989 2104 5060 25).
2152 4986 2258 5043 Sed
2312 5001 2470 5056 quam
2504 4985 2716 5040 tandem
2766 4982 2836 5038 ob
2862 4997 3075 5036 causam
3103 4981 3441 5050 publicanum
3476 4988 3583 5034 tam

1992 5084 2099 5137 cito
2130 5080 2402 5136 exaudivit
2427 5079 2566 5134 Deus
2587 5120 2602 5143 ,
2633 5076 2779 5133 Isaac
2810 5085 2988 5131 autem
3017 5073 3205 5146 viginti
3231 5089 3399 5128 annos
3426 5087 3582 5126 orare

1994 5174 2258 5244 permisit,
2287 5173 2442 5242 eique
2469 5186 2565 5242 pro
2587 5186 2752 5226 uxore
2775 5185 2870 5224 sua
2899 5169 3198 5240 supplicare
3218 5207 3232 5229 ,
3263 5180 3322 5218 ac
3352 5174 3459 5218 tum
3487 5165 3580 5218 de-

1994 5282 2140 5322 mum
2160 5265 2284 5336 justi
2312 5265 2558 5336 precibus
2579 5263 2801 5318 annuit?
2827 5263 2961 5319 Sunt
2977 5259 3120 5314 enim
3139 5258 3290 5311 vobis
3319 5256 3576 5336 hesternae

1994 5360 2251 5416 doctrinae
2275 5359 2513 5428 reliquias
2535 5355 2925 5428 persolvendze.
2958 5353 3126 5418 Quam
3154 5349 3317 5419 igitur
3346 5347 3415 5402 ob
3450 5362 3577 5400 cau-

1994 5468 2107 5510 sam
2143 5451 2193 5506 id
2220 5451 2453 5506 aeeidit?
2482 5449 2553 5505 Ut
2598 5463 2664 5504 ex
2695 5449 2760 5503 iis
2785 5460 2903 5516 qum
2932 5440 3213 5512 publicano
3243 5447 3535 5492 evenerunt
3560 5478 3574 5498 ,

1994 5543 2204 5600 Domini
2249 5539 2629 5610 benignitatem
2673 5548 2970 5605 cognoscas
2999 5549 3010 5584 :
3037 5546 3100 5585 ex
3133 5527 3197 5584 iis
3225 5537 3431 5592 autem,
3464 5542 3583 5596 qum

1994 5633 2142 5690 lsaae
2193 5639 2521 5697 evenerunt,
2570 5626 2879 5698 patientiam
2927 5623 3065 5677 servi
3117 5632 3444 5690 cognoscas,
3492 5617 3578 5686 qui

1998 5727 2147 5782 tarde
2171 5723 2414 5792 accepit,
2441 5729 2496 5776 et
2524 5718 2733 5792 precari
2757 5731 2865 5771 non
2888 5713 3124 5776 destitit;
3153 5721 3208 5765 ut
3238 5709 3361 5762 licet
3391 5721 3582 5779 pecea-

2001 5828 2083 5875 tor
2110 5817 2186 5873 sis
2205 5857 2220 5885 ,
2253 5829 2360 5871 non
2386 5812 2642 5884 desperes
2669 5827 2682 5864 :
2709 5806 3027 5886 licetjustus
3047 5803 3122 5859 sis
3142 5844 3156 5871 ,
3189 5815 3295 5855 non
3322 5796 3584 5852 efferaris.
