4062 6458
549 390 674 447 Y6?

575 508 693 563 Non
719 519 794 563 est
824 526 950 572 opus
997 509 1272 564 valentibus
1317 511 1507 564 medico
1529 551 1544 575 ,
1576 510 1666 564 sed
1693 509 1824 563 male
1863 507 2158 562 habentibus

571 597 789 670 (Matth.
814 599 866 653 9.
903 600 1016 670 l2).
1056 599 1193 655 Male
1234 599 1463 654 habebat
1505 601 1851 670 publicanus;
1884 609 2164 670 propterea

570 691 682 746 cito
710 705 926 746 manum
955 689 1028 746 illi
1054 691 1326 760 porrexit:
1358 691 1505 746 Isaac
1525 701 1704 747 autem
1731 691 2003 747 robustior
2026 699 2161 757 erat;

572 790 856 851 propterea
882 782 1100 852 reliquit
1123 783 1318 853 ipsum,
1353 792 1410 838 ut
1431 784 1740 852 patientiam
1780 783 1896 853 ejus
1925 791 2164 853 augeret.

574 875 680 930 Sed
711 875 825 929 haec
855 875 1084 945 quidem
1099 891 1164 932 ex
1180 877 1471 934 abundanti
1493 893 1523 931 a
1552 878 1708 933 nobis
1733 877 1842 932 sint
1870 876 2035 931 dicta.
2060 876 2166 930 Cur

572 978 750 1021 autem
779 982 914 1023 uxor
943 969 1147 1027 Sterilis
1177 978 1338 1032 esset,
1361 985 1538 1040 operae
1566 971 1794 1040 pretium
1823 969 1983 1024 fuerit
2012 982 2169 1023 enar-

566 1072 693 1112 rare
723 1075 736 1112 :
769 1067 846 1124 ut,
878 1073 1002 1114 cum
1031 1060 1291 1130 virginem
1323 1061 1519 1116 videris
1542 1060 1734 1116 factam
1767 1075 1888 1116 esse
1913 1069 2162 1128 matrem,

567 1147 794 1204 credere
823 1165 929 1205 non
977 1165 1234 1207 recuses:
1265 1159 1344 1218 ut,
1379 1167 1500 1207 cum
1527 1152 1724 1207 dixerit
1767 1153 1859 1208 tibi
1900 1151 2118 1206 Judarus
2149 1193 2164 1218 ,

571 1238 688 1304 Quo
720 1249 874 1307 pacto
904 1243 1111 1311 peperit
1138 1242 1344 1296 Maria?
1367 1243 1517 1297 dicas
1548 1243 1645 1307 illi,
1671 1243 1787 1312 Quo
1818 1253 1972 1314 pacto
2002 1259 2166 1315 pepe-

563 1330 649 1382 rit
675 1330 858 1399 Sarra,
885 1342 940 1387 et
969 1333 1233 1400 Rebecca,
1257 1344 1311 1390 et
1336 1334 1572 1390 Rachel?
1596 1333 1726 1390 Cum
1753 1337 1895 1392 enim
1923 1335 2169 1391 mirabile

565 1422 845 1492 quidpiam
875 1439 1243 1495 magnumque
1268 1427 1428 1483 fuerit
1452 1439 1791 1493 eventurum,
1822 1429 2005 1484 multae
2033 1444 2169 1498 prte-

573 1524 799 1568 currnnt
843 1513 1049 1585 figura}.
1070 1517 1134 1572 Et
1155 1519 1604 1589 quemadmodum
1622 1536 1742 1575 cum
1766 1521 2061 1591 Imperator
2082 1521 2167 1576 in-

559 1603 836 1673 greditur,
864 1616 1204 1676 prmcurrunt
1227 1611 1426 1668 milites
1447 1655 1462 1677 ,
1502 1627 1571 1668 ne
1602 1612 1779 1668 subito
1802 1612 1871 1668 ab
1897 1613 2170 1684 imparatis

575 1695 874 1766 excipiatur
891 1697 988 1752 :ita
1001 1713 1120 1753 cum
1136 1700 1407 1756 insolitum
1423 1702 1656 1758 futurum
1671 1704 2164 1770 essetmiraculum,

563 1784 887 1850 praecedunt
913 1784 1119 1855 ﬁgurm,
1144 1795 1199 1841 ut
1229 1801 1327 1842 nos
1355 1788 1502 1858 prius
1529 1791 1804 1845 exercitati
1834 1805 1898 1845 ac
1924 1791 2168 1861 dispositi

563 1887 684 1927 .uon
707 1875 886 1930 subito
916 1877 1128 1931 attoniti
1156 1877 1474 1946 haereamus,
1500 1895 1599 1935 nec
1625 1883 1702 1936 rei
1727 1890 1920 1952 praeter
1944 1896 2168 1953 exspec-

579 1965 838 2022 tationem
873 1968 1003 2024 visa:
1026 1970 1194 2024 territi
1223 1972 1456 2028 novitate
1491 1973 1953 2045 obstupescamus.
1977 1975 2088 2030 Hoc
2119 1985 2173 2030 et

578 2056 631 2111 in
658 2071 852 2114 morte.
871 2060 1167 2117 Prazcessit
1192 2062 1373 2130 Jonas,
1403 2074 1458 2120 et
1486 2074 1722 2121 mentem
1750 2076 1989 2122 nostram
2017 2083 2172 2124 exer-

565 2149 708 2204 cuit.
743 2149 965 2206 Utenim
981 2152 1139 2208 illum
1169 2165 1291 2225 post
1313 2166 1422 2212 tres
1448 2157 1563 2213 dies
1585 2167 1734 2215 cetus
1754 2161 2020 2229 evomuit,
2047 2175 2170 2216 cum

576 2240 630 2293 in
661 2256 726 2295 eo
755 2244 1028 2313 proprium
1049 2254 1102 2300 et
1128 2247 1456 2304 conveniens
1485 2266 1594 2304 non
1621 2251 1911 2321 reperisset
1948 2253 2173 2309 alimen-

577 2341 688 2384 tum
719 2348 732 2384 :
766 2334 1037 2402 pr0prium
1063 2335 1260 2408 quippe
1280 2339 1714 2411 conveniensque
1730 2343 1922 2399 mortis
1941 2345 2169 2402 alimen-

564 2432 688 2477 tum
733 2433 816 2479 est
844 2428 1048 2496 peccati
1094 2438 1281 2485 natura
1315 2449 1329 2486 :
1371 2432 1494 2488 inde
1523 2443 1647 2489 nata
1685 2445 1800 2504 est,
1829 2437 1956 2494 inde
1977 2453 2172 2494 corro-

579 2515 764 2571 h0rata
795 2529 906 2581 est,
939 2519 1061 2576 inde
1085 2523 1246 2576 etiam
1291 2523 1469 2579 alitur.
1502 2525 1573 2582 Ut
1615 2526 1774 2597 igitur
1812 2529 1867 2584 in
1910 2531 2062 2586 nobis
2086 2572 2100 2596 ,
2128 2532 2174 2586 si

575 2607 790 2676 quando
815 2607 1044 2679 lapidem
1073 2611 1445 2684 deglutivimus
1483 2618 1847 2688 imprudentes
1870 2663 1885 2688 ,
1911 2630 2022 2676 tum
2052 2623 2172 2693 qui-

575 2697 700 2752 dem
730 2699 960 2768 primum
987 2702 1135 2758 illum
1160 2705 1238 2760 vis
1269 2709 1532 2763 stomachi
1563 2724 1900 2782 concoquere
1924 2714 2174 2784 aggredi-

577 2799 665 2842 tur
696 2805 861 2846 zeum
892 2808 1020 2848 vero
1055 2795 1235 2851 cibum
1280 2799 1502 2855 minime
1529 2801 1628 2856 sibi
1655 2803 1927 2872 proprium
1951 2818 2174 2875 compe-

578 2882 729 2948 rerit,
759 2883 845 2938 ubi
879 2884 1076 2941 diutius
1092 2889 1198 2942 vim
1222 2905 1370 2944 suam
1390 2893 1757 2962 concoquendi
1788 2896 1862 2950 illi
1893 2897 2172 2968 applicuit,

581 2986 685 3025 non
715 2973 862 3027 illum
882 2978 1199 3048 corrumpit,
1227 2980 1321 3035 sed
1351 2983 1598 3039 virtutem
1627 2999 1776 3040 suam
1806 2988 2014 3057 perdit:
2035 2988 2177 3046 unde

581 3078 681 3118 nec
724 3067 953 3134 priorem
986 3068 1162 3124 cibum
1186 3081 1358 3140 potest
1377 3076 1673 3144 continere,
1697 3078 1791 3132 sed
1821 3077 2030 3137 defessa
2055 3097 2175 3137 cum

584 3157 701 3226 ipso
745 3159 893 3214 illum
923 3177 1134 3233 quoque
1161 3179 1266 3218 non
1294 3166 1409 3221 sine
1438 3169 1583 3237 gravi
1613 3169 1800 3225 dolore
1839 3174 2038 3228 evomit
2065 3193 2079 3228 :
2104 3176 2175 3229 ita

580 3268 795 3324 quoque
823 3255 876 3310 in
901 3265 1073 3313 morte
1094 3259 1302 3314 accidit.
1330 3261 1586 3332 Lapidem
1618 3265 1924 3334 angularem
1950 3266 2178 3337 degluti-

582 3346 676 3410 vit,
711 3361 884 3417 neque
911 3363 1246 3420 concoquere
1273 3352 1443 3422 ipsum
1467 3356 1655 3424 potuit;
1679 3357 1854 3414 omnis
1877 3364 1994 3428 ejus
2010 3359 2178 3416 virtus

578 3436 816 3509 elanguit
845 3459 857 3494 :
887 3452 1168 3511 propterea
1201 3459 1320 3499 cum
1352 3447 1467 3516 ipso
1508 3448 1769 3519 reliquum
1816 3465 1975 3521 quem
2004 3451 2176 3509 habe-

585 3529 673 3582 hat
698 3531 874 3586 cibum
898 3533 1056 3602 ejecit
1079 3575 1093 3600 ,
1127 3535 1254 3590 dum
1280 3539 1552 3592 hominum
1583 3549 1827 3595 naturam
1853 3543 2013 3598 simul
2044 3559 2176 3600 evo-

577 3622 736 3676 tnuit.
779 3623 960 3695 Neque
1007 3628 1146 3681 enim
1195 3627 1450 3700 deinceps
1497 3632 1639 3688 illam
1693 3633 1748 3688 in
1776 3633 1938 3691 finem
1977 3639 2176 3708 poterit

582 3716 877 3771 continere.
903 3718 1189 3789 Propterea
1212 3723 1419 3778 steriles
1436 3740 1649 3795 quoque
1678 3740 2087 3797 prteccsserunt,
2119 3739 2175 3785 ut

577 3807 744 3861 etiam
773 3820 954 3878 partus
982 3813 1112 3868 ﬁdes
1140 3813 1309 3882 ﬁeret;
1329 3816 1410 3870 vel
1440 3817 1614 3886 potius
1642 3833 1749 3873 non
1778 3819 1938 3875 modo
1961 3830 2016 3875 ut
2043 3820 2176 3876 fides

581 3909 770 3965 partus
795 3900 946 3957 ﬁeret
970 3919 983 3968 ;
1007 3905 1098 3959 sed
1121 3907 1164 3962 si
1195 3915 1381 3963 exacte
1405 3909 1712 3964 examinare
1732 3911 1977 3977 velimus,
2010 3913 2175 3982 ipsius

581 3991 742 4046 etiam
789 3997 974 4050 mortis
1005 3997 1222 4068 figuram
1263 4001 1596 4056 sterilitatem
1629 4002 1790 4058 fuisse
1822 4006 2172 4076 reperiemus.

656 4084 708 4137 4.
752 4084 859 4139 Sed
909 4089 1166 4144 attendite
1205 4107 1218 4143 :
1260 4092 1454 4148 subtile
1485 4109 1715 4164 namque
1745 4105 1827 4151 est
1852 4097 1994 4166 quod
2021 4098 2173 4153 dice-

585 4189 705 4228 mus
735 4192 748 4228 :
777 4178 975 4247 quippe
1002 4181 1190 4236 dicturi
1225 4200 1408 4240 sumus
1450 4201 1556 4256 quo
1584 4199 1738 4256 pacto
1774 4189 1840 4244 ad
1892 4189 2052 4245 ﬁdem
2088 4208 2175 4248 re-

585 4269 937 4323 surrectionis
978 4286 1076 4327 nos
1121 4274 1257 4327 uteri
1301 4273 1476 4330 Sarra:
1517 4279 1771 4333 sterilitas
1813 4281 1963 4349 quasi
2015 4297 2174 4338 manu

585 4360 766 4416 ducat.
793 4361 1034 4428 Quonam
1063 4365 1222 4433 igitur
1247 4377 1402 4436 pacto
1423 4383 1582 4422 manu
1607 4369 1789 4423 ducit?
1818 4372 2176 4439 Quemadmo-

575 4453 708 4506 dum
733 4454 822 4508 illa
849 4471 969 4510 cum
997 4466 1140 4512 esset
1166 4469 1375 4513 mortua
1394 4460 1654 4515 beneﬁcio
1677 4461 1769 4516 Dei
1795 4465 2044 4518 suscitata
2069 4475 2170 4533 est,

581 4553 638 4599 et
673 4544 839 4602 lsaaci
885 4563 1082 4619 corpus
1125 4551 1306 4604 vivum
1337 4553 1656 4622 germinavit
1694 4573 1708 4609 :
1751 4556 1828 4610 sic
1866 4571 1986 4610 cum
2032 4567 2175 4614 esset

566 4647 828 4694 'tnortuus
873 4640 1138 4708 Christus,
1170 4645 1383 4714 propria
1419 4646 1614 4702 virtute
1645 4651 1957 4705 resurrexit.
1988 4651 2176 4722 Neque

588 4728 872 4784 violentam
900 4747 1019 4788 esse
1049 4745 1285 4790 nostram
1345 4739 1754 4807 expositionem,
1799 4741 1920 4796 audi
1951 4759 2052 4813 qua
2083 4760 2172 4799 ra-

590 4819 736 4874 tione
765 4820 960 4877 Paulns
986 4832 1228 4879 testetur.
1259 4825 1390 4882 Cum
1422 4830 1564 4883 enim
1590 4830 1658 4885 de
1681 4831 1986 4888 Abrahamo
2013 4835 2177 4890 dixis-

588 4920 668 4965 set
701 4929 714 4965 :
750 4911 871 4967 Non
909 4919 1242 4972 consideravit
1287 4930 1567 4975 emortuam
1609 4924 1806 4979 vulvam
1851 4925 2046 4996 Sari-te,
2088 4930 2176 4984 sed

582 5006 907 5076 confortatus
929 5021 996 5060 est
1019 5009 1121 5076 ﬁde
1137 5011 1264 5065 dans
1285 5011 1500 5081 gloriam
1522 5013 1649 5080 Deo,
1681 5016 1972 5086 plenissime
1989 5021 2174 5090 sciens,

587 5098 710 5166 quia
730 5112 1060 5168 qutecumque
1080 5103 1326 5169 promisit,
1356 5114 1531 5173 potens
1561 5115 1634 5160 est
1662 5117 1709 5161 et
1730 5110 1896 5178 facere
1921 5109 2095 5182 (Rom.
2119 5113 2172 5168 4.

581 5187 786 5262 ’19-21)
818 5207 830 5244 :
861 5188 964 5245 hoc
1002 5199 1104 5257 est,
1134 5189 1350 5246 efﬁcere
1392 5203 1450 5247 ut
1505 5211 1571 5250 ex
1613 5200 1926 5268 corporibus
1953 5203 2178 5256 mortuis

580 5282 735 5337 ﬁlius
763 5283 918 5337 vivus
940 5290 1227 5337 enascatur
1249 5301 1262 5337 ε
1285 5283 1481 5338 deinde
1507 5285 1574 5338 ab
1596 5286 1684 5341 illa
1712 5288 1835 5356 ﬁde,
1865 5299 1924 5343 ut
1943 5289 2009 5344 ad
2039 5291 2178 5346 hanc

591 5389 689 5430 nos
719 5374 1026 5443 deduceret,
1052 5375 1246 5446 adjecit.
1278 5393 1291 5430 :
1327 5373 1450 5429 Non
1479 5384 1550 5430 est
1575 5378 1817 5446 scriptum
1843 5389 2038 5434 tantum
2059 5399 2178 5452 pro-

597 5476 708 5535 pter
731 5466 920 5539 ipsum,
941 5469 1059 5537 quia
1084 5478 1372 5539 reputatum
1409 5477 1485 5522 est
1523 5468 1603 5521 illi
1626 5483 1644 5521 :
1672 5470 1762 5522 sed
1789 5480 1836 5523 et
1858 5482 2064 5540 propter
2087 5490 2179 5528 nos

587 5555 774 5618 '(Rom.
827 5559 883 5612 4.
911 5559 1002 5614 2'5.
1032 5560 1149 5632 24).
1190 5560 1274 5616 Ad
1309 5560 1474 5631 quid?
1505 5560 1700 5627 Quibus
1732 5563 2062 5632 reputabitur,
2095 5565 2177 5619 in-

600 5646 730 5714 quit,
763 5649 1075 5704 credentibus
1101 5653 1153 5705 in
1183 5669 1317 5720 eum,
1360 5655 1445 5723 qui
1481 5655 1740 5709 suscitavit
1777 5651 1953 5708 Iesum
1995 5656 2175 5710 Domi-

591 5748 724 5789 num
764 5749 990 5793 nostrum
1020 5759 1050 5794 a
1075 5744 1304 5797 mortuis.
1349 5745 1503 5812 Quod
1538 5757 1714 5801 autem
1745 5745 1897 5810 dicit,
1925 5756 2007 5802 est
2032 5747 2176 5818 ejus-

600 5823 776 5885 modi.
807 5828 1044 5885 Isaacum
1071 5847 1137 5888 ex
1163 5835 1387 5892 mortuis
1435 5838 1748 5906 corporibus
1774 5838 2026 5896 excitavit
2059 5858 2071 5893 :
2102 5841 2180 5897 sic

1322 389 1378 446 S.
1417 388 1696 447 JOANNIS
1735 382 2210 445 CHRYSOSTOMI
2249 384 2571 443 ARCHIEP.
2602 389 3142 452 CONSTANTINOP.
3713 401 3800 464 368

2279 507 2440 560 etiam
2472 506 2662 562 Filium
2691 524 2847 564 suum
2869 510 2959 579 qui
2985 521 3227 566 mortuus
3246 519 3366 567 erat
3382 513 3663 569 suscitavit.
3677 515 3806 575 Visne

2271 590 2490 652 alterius
2517 599 2677 652 etiam
2712 600 2787 654 rei
2833 601 3134 671 symbolum
3183 601 3348 658 fuisse
3394 605 3704 662 sterilitatem
3739 625 3810 664 co-

2275 690 2576 758 gnoscere?
2603 690 2998 746 Multitudinem
3027 693 3263 752 ﬁdelium
3296 695 3531 764 paritura
3546 706 3649 751 erat
3670 698 3812 754 Eccle-

2271 779 2347 832 sia
2385 793 2400 834 :
2435 790 2491 833 ut
2535 780 2695 850 igitur
2733 784 2958 837 credere
2997 776 3220 839 minime
3269 799 3544 841 recusares
3570 801 3666 857 quo
3690 799 3812 857 pacto

2273 868 2577 934 infecunda,
2624 870 2957 942 infrugifera,
3005 875 3203 931 sterilis
3249 876 3561 946 peperisset,
3588 881 3813 948 put-cessit

2271 976 2356 1026 ea,
2401 978 2521 1030 quze
2562 973 2748 1018 natura
2792 966 2993 1020 Sterilis
3039 977 3153 1021 erat
3183 985 3197 1020 :
3229 983 3348 1038 quae
3398 969 3563 1024 sterili
3600 971 3813 1026 voluntati

2275 1055 2412 1108 viam
2437 1057 2805 1125 praemuniret,
2835 1067 2887 1112 et
2912 1058 3071 1114 Sarra
3116 1059 3256 1114 facta
3283 1072 3367 1116 est
3394 1061 3636 1116 Ecclesia:
3663 1061 3809 1132 ﬁgura.

2275 1144 2407 1199 Nam
2435 1157 2488 1201 ut
2511 1147 2602 1201 illa
2633 1164 2756 1202 cum
2789 1150 2994 1204 sterilis
3021 1160 3186 1218 esset,
3211 1153 3418 1222 peperit
3446 1152 3497 1207 in
3520 1163 3816 1208 senecta:stc

2274 1247 2329 1294 et
2356 1239 2454 1292 ista
2486 1255 2608 1294 cum
2640 1241 2841 1296 sterilis
2866 1251 3030 1308 esset,
3079 1243 3384 1297 novissimis
3421 1245 3725 1314 temporibus
3746 1259 3817 1314 pc-

2274 1331 2432 1400 perit.
2464 1332 2639 1402 Atque
2662 1331 2764 1387 hoc
2789 1348 2972 1386 verum
3002 1348 3142 1398 esse,
3171 1348 3279 1404 quo
3306 1342 3459 1404 pacto
3486 1334 3814 1389 Panlusteste-

2275 1433 2362 1479 tur
2389 1423 2513 1478 audi
2543 1441 2557 1477 :
2594 1423 2706 1478 Nos
2749 1436 2920 1478 autem
2945 1441 3124 1479 sumus
3152 1426 3322 1480 liberae
3347 1426 3444 1494 ﬁlii
3485 1423 3620 1495 (Gal.
3649 1425 3696 1479 4.
3723 1422 3809 1495 5i).

2274 1515 2408 1572 Cum
2441 1516 2585 1571 enim
2620 1516 2786 1587 ﬁgura
2818 1519 2888 1571 sit
2917 1516 3172 1572 Ecclesia:
3201 1516 3383 1584 Sarra,
3415 1532 3534 1586 qua:
3571 1515 3716 1570 libera
3737 1524 3818 1579 est,

2275 1609 2474 1666 idcirco
2516 1609 2736 1676 addidit,
2787 1625 2886 1665 nos
2925 1610 3107 1664 liberae
3158 1609 3298 1665 ﬁlios
3340 1624 3481 1664 esse.
3526 1608 3594 1664 Et
3631 1623 3821 1662 rursus:

2275 1698 2478 1770 Itaque,
2504 1703 2707 1771 fratres,
2730 1700 3009 1754 secundum
3028 1697 3182 1754 Isaae
3209 1700 3556 1770 promissionis
3575 1699 3665 1769 ﬁlii
3683 1713 3825 1752 suum

2279 1791 2420 1863 (Gal.
2453 1795 2508 1848 4.
2549 1793 2663 1863 28).
2704 1791 2842 1861 Quid
2881 1802 2964 1848 est
3006 1792 3127 1859 hoc,
3175 1791 3540 1847 Promissionis
3597 1793 3621 1846 1’
3663 1791 3826 1858 Quem-

2274 1883 2570 1938 admodum
2615 1883 2764 1938 illum
2811 1893 3000 1938 natura
3053 1898 3158 1938 non
3210 1884 3436 1953 peperit,
3467 1883 3547 1938 sic
3574 1898 3729 1953 neque
3751 1896 3828 1935 nos

2277 1983 2465 2030 natura
2491 1975 2720 2045 peperit,
2751 1975 2844 2030 sed
2863 1975 3026 2046 gratia
3054 1975 3170 2029 Dei.
3203 1975 3270 2029 Et
3296 1988 3486 2029 rursus
3513 1992 3527 2029 :
3554 1973 3676 2038 ραω
3691 1981 3830 2026 autem

2276 2081 2478 2118 sursum
2511 2075 2583 2118 est
2612 2064 2902 2119 Jerusalem
2953 2064 3108 2119 libera
3144 2074 3238 2131 est,
3270 2081 3383 2135 qua:
3409 2074 3482 2119 est
3517 2074 3668 2118 mater
3690 2071 3833 2117 nostra

2277 2154 2421 2226 (Gal.
2454 2157 2509 2210 4.
2574 2154 2712 2226 26),
2769 2155 2884 2211 inec
2927 2166 3010 2211 est
3050 2165 3228 2211 autem
3277 2155 3542 2210 Ecclesia.
3585 2154 3836 2209 Accessistis

2274 2264 2414 2302 enim
2439 2248 2507 2300 ad
2533 2249 2663 2303 Sion
2685 2258 2925 2315 montem,
2954 2248 3147 2320 inquit,
3175 2259 3223 2303 et
3247 2249 3501 2304 civitatem
3527 2249 3622 2304 Dei
3639 2247 3832 2310 virentis,

2277 2337 2569 2392 Jerusalem
2594 2340 2864 2407 ctrlestem,
2890 2349 2938 2394 et
2971 2337 3253 2394 Ecclesiam
3287 2341 3654 2410 primitivorum
3678 2337 3834 2409 (Hebr.

2281 2431 2370 2487 l2.
2402 2431 2520 2501 22).
2551 2431 2606 2487 Si
2634 2447 2762 2502 ergo
2789 2446 3022 2501 superna
3044 2431 3342 2487 Jerusalem
3361 2442 3444 2487 est
3470 2431 3721 2496 Ecclesia,
3745 2443 3834 2499 por-

2281 2539 2344 2577 ro
2372 2522 2673 2578 Jerusalem
2701 2538 2950 2593 supernae
2996 2522 3163 2593 ﬁgura
3205 2531 3292 2580 est
3319 2523 3502 2590 Sarra,
3531 2534 3684 2594 prout
3709 2520 3835 2583 dixit,

2285 2612 2413 2667 Dure
2433 2624 2574 2679 sunt,
2603 2631 2709 2668 una
2737 2615 2940 2685 quidem
2971 2615 3025 2668 in
3072 2615 3360 2668 servitutem
3378 2631 3644 2684 generous,
3662 2628 3762 2685 qua
3781 2619 3837 2664 est

2280 2707 2420 2777 Agar
2439 2724 2458 2761 ε
2482 2723 2595 2776 qute
2625 2717 2795 2762 autem
2821 2724 3022 2762 sursum
3044 2717 3118 2762 est
3144 2707 3436 2762 Jerusalem
3465 2707 3624 2761 libera
3645 2716 3728 2771 est,
3749 2716 3840 2772 quc

2274 2806 2353 2851 est
2381 2807 2542 2851 mater
2565 2809 2741 2853 nostra
2769 2799 2912 2862 (Gal.
2949 2801 3001 2855 4.
3033 2799 3265 2871 24-26):
3318 2799 3660 2855 manifestum
3684 2795 3841 2853 estJe-

2281 2889 2535 2955 rusalem,
2569 2906 2688 2961 qua:
2718 2906 2930 2946 sursum
2971 2901 3076 2959 est,
3106 2892 3331 2962 ﬁguram
3366 2906 3489 2947 esse
3521 2891 3728 2948 Sarram
3761 2886 3841 2942 h-

2281 2983 2391 3039 hita
2423 2983 2628 3039 ratione
2655 2993 2840 3054 partus
2869 3000 2932 3039 ac
2953 2983 3270 3039 sterilitatis.

2362 3076 2416 3130 5.
2460 3074 2586 3130 Scio
2612 3073 2890 3129 subtiliora
2921 3089 3040 3129 esse
3066 3091 3184 3143 quae
3206 3073 3438 3129 diximus
3463 3091 3477 3128 :
3501 3072 3598 3128 sed
3626 3073 3670 3128 si
3695 3078 3837 3125 atten-

2282 3165 2491 3234 damus,
2523 3166 2654 3220 nihil
2690 3181 2875 3220 eorum
2915 3180 3012 3221 nos
3040 3165 3274 3236 effugiet,
3327 3180 3445 3236 qua:
3483 3165 3748 3221 dicuntur.
3779 3161 3830 3215 lli

2275 3273 2410 3329 ergo
2437 3258 2702 3328 pleniores
2725 3259 3098 3330 mysteriorum
3129 3267 3250 3312 sunt
3296 3257 3709 3328 dogmatumque
3734 3269 3832 3310 ser-

2285 3366 2472 3406 mones
2496 3369 2507 3404 :
2535 3352 2626 3406 sed
2657 3352 2701 3406 si
2721 3351 2872 3405 lubet
2898 3350 3438 3406 accommodatiorem
3462 3351 3529 3406 ad
3559 3363 3730 3406 mores
3748 3363 3848 3402 cum

2285 3443 2390 3497 illis
2412 3441 2765 3512 proferemus.
2795 3442 3008 3497 Sterilis
3032 3452 3150 3498 erat
3172 3457 3324 3507 uxor,
3359 3452 3414 3496 ut
3441 3443 3735 3498 castitatem
3756 3453 3847 3493 ma-

2283 3535 2371 3590 riti
2397 3549 2728 3605 cognoscas:
2753 3534 2896 3605 quod
2919 3550 3018 3589 nec
3044 3535 3184 3589 illam
3213 3535 3501 3604 expulerit,
3533 3532 3737 3588 tametsi
3759 3541 3850 3584 tum

2283 3631 2336 3687 id
2366 3631 2449 3686 lex
2481 3631 2624 3686 nulla
2657 3629 2989 3700 prohiberet,
3024 3645 3196 3697 neque
3223 3628 3444 3682 alteram
3476 3627 3691 3682 ductam
3730 3638 3850 3694 prae.

2284 3731 2367 3777 ter
2410 3721 2630 3775 liberam
2675 3719 2967 3774 introduxit
3004 3736 3016 3772 :
3047 3717 3189 3789 quod
3256 3727 3432 3772 tamen
3480 3715 3687 3772 faciunt
3723 3712 3854 3770 multi

2269 3811 2694 3883 quaerendorum
2733 3810 2914 3880 specie
2961 3808 3274 3872 liberorum,
3321 3817 3378 3861 ιιι
3416 3807 3682 3862 luxuriam
3720 3818 3851 3860 suam

2289 3906 2558 3976 expleant,
2595 3913 2649 3959 et
2677 3903 2773 3957 has
2801 3902 3038 3973 ejiciunt,
3075 3901 3190 3955 illas
3219 3899 3605 3955 introducunt:
3633 3899 3719 3952 alii
3743 3910 3854 3967 quor

2282 4013 2384 4068 que
2413 3997 2630 4067 pelliccs
2655 3995 2708 4050 in
2730 4009 2828 4051 eas
2858 4000 3087 4061 armant,
3112 4001 3166 4049 et
3196 3992 3417 4047 inﬁnitis
3438 3993 3634 4062 pugnis
3656 4005 3718 4045 ac
3743 3987 3852 4043 rixis

2281 4090 2471 4146 domos
2501 4089 2789 4158 complent.
2817 4089 2886 4141 At
2911 4101 3016 4141 non
3049 4087 3118 4140 ita
3155 4085 3328 4156 justus
3355 4085 3442 4140 ille
3478 4102 3493 4139 :
3521 4085 3620 4140 sed
3649 4084 3844 4154 quietus

2283 4190 2400 4236 erat
2423 4180 2547 4234 data
2577 4178 2678 4233 sibi
2708 4193 2738 4232 a
2772 4178 2881 4232 Deo
2905 4192 3070 4232 uxore
3095 4186 3400 4243 contentus,
3437 4190 3504 4231 ac
3529 4184 3737 4232 natura
3761 4173 3856 4227 Do-

2282 4272 2485 4326 minum
2508 4269 2844 4340 precabatur,
2871 4277 2926 4322 ut
2957 4277 3158 4322 naturte
3180 4267 3390 4324 vincula
3419 4266 3679 4332 solveret,
3703 4276 3860 4334 neque

2284 4362 2436 4416 uxori
2459 4360 2717 4431 exprohra
2729 4362 2818 4413 vit.
2846 4357 3000 4415 Unde
3027 4373 3153 4414 vero
3179 4367 3389 4413 conStat
3410 4372 3533 4412 eum
3553 4373 3664 4412 non
3679 4367 3857 4425 expro-

2283 4454 2510 4509 brasse?
2550 4453 2629 4508 Ex
2654 4453 2768 4522 ipsa
2797 4451 3093 4522 Scriptura.
3119 4450 3173 4506 Si
3195 4450 3598 4520 exprobrasset,
3624 4449 3726 4505 hoc
3743 4462 3859 4518 quo-

2281 4561 2386 4615 que
2422 4545 2696 4616 Scriptura
2716 4545 2960 4609 dixisset,
2987 4559 3160 4614 neque
3200 4543 3451 4598 tacuisset
3476 4561 3490 4597 :
3521 4542 3787 4613 siquidem
3812 4547 3858 4591 et

2283 4641 2537 4711 prmclara
2570 4639 2826 4708 facinora,
2855 4647 2910 4693 et
2941 4639 3064 4693 vitia
3084 4638 3355 4707 justorum
3383 4643 3791 4699 commemorat,
3813 4641 3862 4685 ut

2285 4734 2398 4789 inec
2429 4734 2714 4803 fugiamus,
2739 4733 2826 4787 illa
2858 4732 3193 4786 :cmulemur.
3216 4730 3350 4784 Cum
3369 4729 3526 4799 igitur
3545 4728 3692 4798 apud
3713 4727 3860 4780 ﬁlium

2282 4827 2398 4896 ejus
2426 4841 2590 4880 nurus
2619 4825 2789 4894 ipsius
2818 4824 3018 4878 llachel
3049 4822 3451 4885 lamentaretur,
3493 4831 3549 4875 et
3578 4820 3670 4875 ille
3695 4818 3862 4887 objur-

2281 4927 2451 4988 garet,
2473 4917 2745 4986 expressit
2761 4925 3066 4984 utrumque,
3096 4928 3194 4968 nec
3213 4913 3406 4967 celavit
3422 4910 3724 4980 Scriptura.
3744 4911 3862 4962 Cum

2283 5011 2424 5067 enim
2451 5010 2674 5065 dixisset
2704 5027 2717 5062 :
2740 5008 2822 5062 Da
2850 5007 2976 5061 mihi
2997 5007 3178 5062 liberos
3201 5007 3279 5060 :si
3303 5015 3469 5058 autem
3489 5021 3621 5070 non,
3651 5001 3866 5055 moriar:

2281 5105 2408 5174 quid
2432 5105 2521 5159 ille
2546 5105 2655 5158 ait?
2680 5102 2943 5172 Numquid
2971 5100 3111 5154 Deus
3141 5116 3252 5171 ego,
3281 5099 3367 5168 qui
3395 5097 3614 5167 privavit
3641 5106 3691 5149 te
3713 5099 3864 5164 fructs

2282 5197 2506 5251 uentris?
2553 5193 2634 5248 Da
2675 5194 2798 5247 mihi
2845 5192 3027 5246 liberos
3082 5189 3232 5261 (Gen.
3263 5190 3350 5244 50.
3388 5189 3438 5242 1.
3478 5186 3560 5256 2).
3593 5181 3862 5240 Muliebris

2285 5287 2587 5358 postulatio,
2614 5293 2669 5341 et
2697 5301 2727 5339 a
2757 5286 2964 5340 ratione
2993 5283 3186 5337 aliena.
3228 5279 3417 5335 Marito
3443 5278 3608 5344 dicis,
3646 5276 3732 5330 Da
3755 5274 3868 5328 mihi

2285 5379 2486 5445 liberos,
2509 5386 2564 5433 et
2592 5386 2797 5431 natura:
2823 5375 3108 5430 Dominum
3155 5367 3557 5442 prmtermittis?
3592 5367 3804 5422 Idcirco
3829 5372 3876 5417 et

2284 5473 2376 5527 ille
2396 5486 2520 5526 cum
2543 5469 2684 5524 illam
2709 5466 3036 5538 increpando
3057 5464 3439 5535 respondisset,
3457 5459 3760 5515 absumam
3772 5458 3875 5525 ejus

2286 5564 2594 5634 petitionem
2619 5561 2898 5630 repressit,
2922 5568 2976 5614 et
2993 5573 3023 5612 a
3045 5573 3149 5628 quo
3167 5555 3450 5627 petendum
3466 5562 3622 5608 esset
3641 5549 3875 5608 edocuit.

2285 5658 2356 5712 At
2390 5671 2495 5710 non
2541 5655 2610 5708 ita
2642 5652 2766 5716 iste,
2793 5665 2968 5721 neque
2998 5649 3102 5704 tale
3137 5646 3423 5718 quidquam
3460 5645 3580 5712 ipse
3609 5643 3772 5707 dixit,
3803 5653 3890 5693 ne.

2285 5764 2388 5819 que
2414 5745 2554 5817 apud
2580 5747 2738 5801 istum
2766 5744 2852 5798 illa
2879 5744 3170 5811 conquesta
3191 5749 3272 5795 est
3300 5747 3390 5793 aut
3412 5736 3742 5791 lamentata.

2368 5839 2504 5908 Quid
2535 5838 2775 5908 praedicta
2791 5852 2882 5891 nos
2905 5836 3134 5891 doceant.
3159 5833 3204 5888 Α
3227 5831 3475 5900 veneﬁciis
3489 5840 3661 5896 atque
3679 5823 3882 5894 pra'sti-
