4062 6416
372 431 480 489 569

370 533 467 599 giis
513 529 890 589 declinandum.
925 532 1173 606 Coniuges
1197 552 1250 592 se
1269 537 1489 594 invicem
1521 539 1739 610 diligant
1764 558 1958 603 necesse

372 622 681 680 esu—Hinc
714 626 1016 683 castitatem
1041 629 1298 688 docemur
1338 632 1499 688 simul
1531 642 1586 690 et
1618 634 1799 691 fidem.
1823 636 1958 694 Nam

371 732 497 772 eum
544 718 713 775 Deum
752 731 1022 792 precetur,
1062 723 1222 781 fidem
1262 727 1378 796 ejus
1422 727 1526 785 hoc
1559 729 1758 785 indicat
1790 748 1804 785 :
1835 744 1959 787 cum

378 823 507 866 vero
534 824 874 883 nequaquam
904 831 1123 872 uxorem
1154 818 1352 887 eiiciat,
1402 819 1454 875 id
1479 821 1597 891 ejus
1624 821 1960 878 manifestam

373 900 550 958 reddit
578 905 876 962 castitatem
911 926 926 963 :
958 925 1080 964 cum
1116 919 1294 969 autem
1322 929 1428 969 non
1453 914 1761 984 exprobret,
1786 931 1960 986 neque

371 991 646 1062 desperet,
680 995 732 1051 id
760 998 1071 1067 patientiam
1102 1001 1219 1070 ejus
1245 1011 1301 1058 et
1327 1004 1492 1059 animi
1516 1005 1958 1072 moderationem,

372 1084 701 1156 multamque
725 1089 1039 1145 modestiam
1066 1100 1120 1147 et
1139 1108 1378 1149 amorem
1399 1110 1522 1166 erga
1544 1111 1767 1152 uxorem
1788 1106 1961 1152 osten-

373 1173 472 1237 dit.
500 1176 685 1247 Neque
703 1180 869 1248 enim,
888 1184 1337 1252 quemadmodum
1358 1201 1500 1245 nunc
1521 1187 1673 1243 multi
1696 1187 1957 1255 factitant,

370 1266 463 1333 qui
490 1267 544 1321 in
571 1268 837 1337 ejusmodi
875 1275 1131 1331 aerumnis
1160 1276 1230 1331 ad
1260 1276 1519 1333 veneficia
1561 1280 1962 1351 praestigiasque

372 1357 712 1430 confugiunt,
747 1362 833 1418 illa
855 1366 1149 1437 superflua,
1179 1368 1410 1436 inutilia,
1443 1372 1621 1439 noxia,
1663 1373 1962 1444 animaeque

372 1448 580 1506 letifera
610 1452 699 1508 ille
718 1452 867 1522 fecit,
886 1458 983 1513 sed
1008 1460 1224 1517 omissis
1249 1461 1500 1518 omnibus
1514 1461 1620 1530 his,
1647 1463 1961 1534 cunctisque

373 1544 695 1614 contemptis
719 1545 881 1603 rebus
905 1547 1171 1618 humanis,
1199 1551 1268 1607 ad
1309 1561 1512 1609 natura:
1540 1554 1847 1622 Dominum,
1868 1556 1960 1626 qui

372 1645 583 1705 [iuerat
610 1636 694 1694 bis
721 1640 870 1697 solus
897 1643 1123 1712 mederi,
1145 1647 1393 1702 recurrit.

445 1726 498 1783 6.
539 1728 739 1786 Audite
776 1733 914 1799 lucc,
954 1736 1153 1805 mariti,
1191 1737 1402 1806 discite,
1440 1754 1658 1808 uxores,
1690 1740 1963 1798 imitemur

369 1820 572 1889 justum
603 1837 814 1879 omnes.
844 1824 986 1881 Nihil
1015 1829 1183 1899 pluris
1208 1829 1367 1886 faciat
1392 1848 1546 1901 uxor,
1565 1848 1723 1902 quam
1745 1835 1915 1889 virum
1941 1850 1957 1888 :

375 1911 505 1967 nihil
534 1915 703 1983 magis
733 1916 813 1970 vir
847 1918 1051 1990 diligat,
1083 1937 1244 1991 quam
1285 1940 1527 1980 uxorem.
1561 1924 1675 1981 Hoc
1718 1927 1958 1981 omnium

374 2013 621 2060 nostrum
653 2007 815 2062 vitam
843 2018 1040 2076 tuetur,
1061 2028 1282 2068 uxorem
1308 2030 1430 2070 cum
1451 2016 1568 2072 viro
1593 2018 1956 2074 concordare:

374 2095 475 2151 hoc
503 2098 759 2153 mundum
802 2103 1041 2158 continet
1088 2105 1417 2160 universum.
1448 2107 1581 2162 Nam
1607 2109 1963 2178 quemadmo-

371 2189 497 2243 dum
528 2204 792 2247 concusso
821 2193 1169 2252 fundamento
1199 2206 1365 2254 totum
1394 2201 1598 2256 corruit
1625 2202 1905 2258 aedilicium
1939 2220 1955 2258 :

369 2279 447 2334 sic
473 2280 633 2336 etiam
660 2298 783 2339 cum
812 2284 1032 2341 dissidia
1070 2288 1213 2344 inter
1249 2290 1506 2363 coniuges
1548 2294 1812 2358 oriuntur,
1847 2303 1958 2350 tota

369 2370 475 2424 vita
522 2382 704 2427 nostra
747 2375 1094 2433 subvertitur.
1136 2378 1270 2436 Vide
1306 2397 1536 2453 namque
1580 2384 1857 2440 :mundus
1887 2400 1956 2441 ex

367 2465 591 2521 urbibus
620 2479 852 2536 constat,
895 2472 1058 2529 urbes
1088 2489 1155 2529 cx
1186 2475 1457 2546 domibus,
1487 2495 1551 2534 ex
1584 2481 1714 2538 viris
1735 2499 1798 2539 ac
1826 2500 1959 2540 uxo-

370 2558 520 2614 ribus
548 2559 762 2617 domus.
793 2563 848 2619 Si
880 2565 1041 2636 igitur
1082 2568 1222 2625 inter
1260 2570 1407 2627 viros
1446 2582 1501 2629 et
1543 2590 1737 2632 uxores
1781 2593 1953 2649 pugna

367 2662 676 2722 consurgat,
709 2653 836 2710 dum
867 2656 966 2712 ista
996 2660 1292 2728 turbantur,
1326 2664 1487 2719 etiam
1516 2666 1679 2723 urbes
1707 2678 1953 2725 evertun-

367 2748 453 2794 tur
480 2759 494 2795 :
525 2743 667 2812 quod
691 2744 734 2798 si
754 2746 912 2803 urbes
932 2749 1229 2814 turbentur,
1256 2755 1561 2812 universum
1583 2761 1743 2815 etiam
1768 2761 1957 2819 orbem

366 2831 588 2886 omnino
634 2849 856 2892 necesse
903 2847 987 2895 est
1035 2842 1384 2911 tumultibus,
1430 2846 1607 2915 bellis,
1657 2854 1956 2924 pugnisque

366 2921 646 2990 compleri.
694 2924 985 2997 Propterea
1015 2930 1156 2986 Deus
1186 2933 1339 2989 istius
1379 2938 1456 2991 rei
1497 2921 1952 2999 maxime—curam

364 3014 537 3081 gerit;
570 3027 857 3088 propterea
882 3037 1103 3078 uxorem
1125 3026 1247 3095 ejici
1271 3043 1377 3082 non
1402 3030 1550 3100 sinit,
1596 3044 1951 3109 praeterquam

363 3103 432 3158 ob
461 3105 631 3161 solam
678 3109 1106 3170 fornicationem.
1134 3117 1273 3185 Quid
1307 3121 1468 3191 igitur
1489 3125 1534 3179 si
1560 3103 1947 3188 contumeliosa

363 3196 452 3263 sit,
481 3198 624 3255 dicet
643 3202 857 3274 aliquis,
881 3206 925 3261 si
947 3209 1164 3278 profusa
1193 3212 1262 3267 sit
1282 3223 1333 3269 et
1364 3226 1697 3288 sumptuosa,
1717 3232 1772 3279 et
1792 3224 1953 3281 ἰηηιιτ

365 3289 528 3346 uteris
555 3292 676 3347 aliis
705 3295 849 3352 vitiis
877 3303 1115 3356 scateat?
1142 3303 1414 3363 Patieuter
1444 3309 1522 3366 fer
1550 3315 1751 3383 omnia,
1781 3333 1956 3389 neque

366 3392 586 3453 propter
608 3384 735 3441 vitia
760 3387 917 3459 ejice,
943 3404 1310 3452 verumtamen
1334 3400 1458 3455 vitia
1479 3407 1706 3476 corrige.
1728 3384 1955 3481 Propte-

365 3488 455 3529 rea
485 3485 540 3531 tu
569 3480 758 3548 capitis
798 3481 976 3539 locum
1002 3494 1172 3555 tenes,
1204 3500 1261 3544 ut
1301 3496 1511 3564 corpori
1558 3498 1697 3555 scias
1726 3502 1950 3559 mederi.

363 3564 495 3620 Nam
528 3585 701 3640 neque
728 3573 772 3627 si
802 3589 996 3645 corpus
1023 3590 1265 3636 nostrum
1314 3584 1606 3644 innumeris
1636 3591 1714 3646 sit
1739 3594 1951 3651 confos-

363 3671 484 3713 sum
514 3661 848 3733 vulneribus,
888 3667 1018 3725 illud
1060 3685 1090 3725 a
1130 3674 1303 3742 capite
1328 3692 1658 3747 separamus.
1689 3683 1767 3741 Ne
1793 3687 1953 3757 igitur

361 3765 585 3808 uxorem
614 3770 829 3827 quoque
853 3775 1071 3830 separes
1099 3777 1129 3817 a
1159 3766 1332 3836 teipso
1358 3786 1372 3823 :
1403 3771 1557 3827 nobis
1582 3775 1724 3831 enim
1753 3793 1951 3848 corpo-

360 3843 439 3899 ris
464 3844 583 3904 loco
604 3857 685 3903 est
708 3864 859 3904 uxor.
894 3850 1063 3918 Quam
1089 3854 1160 3909 ob
1184 3871 1399 3915 causam
1420 3861 1606 3919 beatus
1635 3867 1793 3922 etiam
1815 3843 1952 3926 Pau-

362 3936 449 3992 lus
477 3938 654 3994 aiebat
688 3959 700 3995 :
743 3941 852 3997 Viri
874 3944 1090 4016 diligere
1112 3964 1296 4006 uxores
1318 3954 1392 4007 sic
1430 3955 1629 4023 debent,
1654 3968 1711 4012 ut
1736 3977 1952 4032 corpora

358 4045 458 4083 ικα
490 4028 705 4101 (Εριιεε.
745 4033 797 4088 5.
824 4033 943 4107 es).
991 4037 1057 4092 Et
1097 4055 1194 4109 pro
1225 4044 1481 4101 uxoribus
1522 4049 1711 4105 eadem
1737 4028 1835 4108 lex-
1859 4053 1953 4109 da-

362 4129 453 4179 tur
480 4141 494 4176 :
523 4123 661 4181 sicut
690 4134 833 4181 tuum
863 4139 1019 4199 caput
1042 4146 1192 4188 amas
1220 4142 1275 4189 et
1301 4136 1454 4204 colis,
1487 4155 1644 4209 uxor,
1682 4142 1757 4199 ita
1778 4143 1950 4201 virum

363 4223 514 4271 tuum
543 4216 658 4273 cole
678 4220 694 4250 ¹
729 4235 745 4274 :
778 4236 954 4292 neque
973 4223 1115 4279 enim
1142 4226 1258 4284 sine
1280 4243 1441 4288 causa
1470 4240 1668 4290 tantam
1704 4235 1856 4294 istius
1872 4240 1955 4296 rei

362 4305 624 4362 rationem
658 4307 935 4366 habemus.
964 4312 1088 4369 Scio
1116 4327 1249 4387 quot
1282 4319 1419 4375 bona
1451 4326 1702 4383 conciliet
1722 4329 1884 4400 istud,
1907 4331 1961 4387 si

364 4395 568 4449 nullum
602 4397 741 4452 inter
760 4400 930 4456 virum
955 4413 1010 4458 et
1036 4421 1255 4463 uxorem
1277 4409 1558 4469 dissidium
1589 4419 1823 4476 oriatur:
1841 4395 1954 4478 scio

362 4497 497 4556 quot
521 4490 783 4547 malorum
820 4496 1133 4555 occasiones
1163 4503 1356 4570 pariat,
1404 4507 1448 4560 si
1483 4508 1621 4564 inter
1644 4526 1702 4568 se
1732 4524 1956 4571 conten-

360 4578 518 4634 dunt.
539 4581 690 4638 Tunc
715 4586 856 4641 enim
885 4602 990 4642 non
1011 4587 1232 4660 divitias,
1258 4610 1367 4650 non
1391 4597 1614 4657 felicitas
1640 4620 1797 4674 quam
1826 4606 1955 4664 boni

364 4669 595 4729 afferunt
639 4674 815 4746 liberi,
859 4692 970 4733 non
1011 4680 1297 4740 multitudo
1336 4669 1795 4759 liberorum-non
1836 4714 1953 4755 ma-

363 4760 623 4831 gistratus
657 4780 721 4820 ac
750 4769 1100 4839 principatus,
1134 4789 1239 4829 non
1268 4776 1459 4847 gloria,
1491 4797 1594 4838 non
1623 4783 1816 4856 honor,
1847 4806 1952 4848 non

363 4853 595 4924 delicia},
630 4873 736 4914 non
766 4872 1032 4932 sumptus,
1062 4881 1168 4922 non
1215 4868 1318 4923 alia
1346 4873 1547 4940 quaevis
1575 4853 1957 4939 felicitasvuxo-

365 4962 482 5003 rem
510 4949 830 5019 exhilarare,
849 4956 932 5010 vel
954 4955 1125 5012 virum
1145 4960 1369 5029 poterit,
1384 4963 1427 5018 si
1451 4963 1589 5021 inter
1610 4983 1669 5025 se
1696 4970 1953 5029 rixentur.

439 5039 493 5093 7.
538 5039 683 5096 Uxor
700 5043 881 5099 vitiosa
902 5045 1167 5103 toleranda
1186 5061 1293 5118 est;
1315 5070 1416 5109 non
1440 5054 1552 5111 licet
1570 5074 1780 5117 umorem
1800 5080 1948 5135 repu-

365 5132 510 5186 diare
530 5140 577 5186 et
596 5133 753 5188 aliam
769 5135 969 5192 ducere.
991 5138 1250 5197 Orationis
1269 5144 1361 5199 vis.
1383 5176 1450 5185 —
1468 5147 1602 5203 Huic
1622 5132 1955 5222 potissimum

368 5223 444 5279 rei
474 5240 588 5295 pra:
605 5228 816 5284 exteris
838 5230 1085 5286 omnibus
1106 5233 1437 5292 studeamus.
1468 5238 1670 5297 Vitiosa
1697 5253 1779 5300 est
1801 5262 1954 5317 uxor,

366 5316 452 5373 fac
478 5318 623 5388 quod
649 5318 799 5377 Isaac
826 5321 973 5390 fecit,
1004 5324 1169 5380 Deum
1196 5342 1441 5397 precare.
1468 5334 1521 5389 Si
1547 5336 1690 5392 enitn
1718 5339 1809 5395 ille
1838 5356 1954 5412 pre-

367 5421 493 5463 cum
522 5409 839 5469 assiduitate
864 5413 1195 5474 debilitatem
1224 5420 1380 5476 solvit
1402 5438 1626 5495 uaturm,
1657 5409 1961 5489 multomao

370 5501 450 5569 gis
480 5517 598 5568 nos,
629 5502 676 5559 si
697 5504 911 5561 assidue
940 5506 1105 5563 Deum
1128 5524 1364 5579 oremus,
1394 5518 1685 5583 poterimus
1713 5522 1837 5589 vitia
1868 5540 1961 5581 vo-

371 5597 593 5653 ltntatis
618 5596 910 5669 corrigere.
941 5597 996 5655 Si
1024 5608 1075 5655 te
1101 5600 1240 5657 Deus
1262 5603 1455 5661 viderit
1480 5609 1656 5667 studio
1688 5626 1799 5670 sua:
1829 5616 1960 5688 legis

438 5757 463 5835 ίι
480 5763 615 5805 Hunc
635 5754 809 5835 locum.
834 5755 923 5835 sic‘
938 5757 1112 5835 mutari
1136 5771 1290 5835 posse
1315 5773 1489 5835 censet
1510 5768 1958 5835 savltius,_pempe,

371 5827 424 5899 ut
446 5819 927 5899 inswn‘caputmtuupt
949 5817 1104 5870 terum
1124 5817 1251 5881 ante,
1266 5835 1295 5872 ο
1317 5822 1508 5889 mulier,
1534 5833 1583 5879 et
1612 5829 1655 5881 si
1678 5817 1961 5899 4561822355;

376 5887 532 5942 tuum,
555 5881 628 5934 sic
656 5877 794 5931 illum
815 5879 936 5931 cote.

1548 446 1683 503 NON
1722 446 1890 506 ESSE
1929 446 2459 509 DESPERANDUM‘.

3550 460 3655 517 570

2070 543 2425 603 observandae
2439 547 2670 606 tolerare
2694 550 3058 623 patienterquc
3078 551 3215 608 ferre
3236 551 3431 607 delicta
3450 552 3653 618 usuris,

2067 637 2143 693 ad
2165 638 2307 694 illam
2337 640 2631 698 docendam
2673 652 2725 699 te
2745 643 2971 713 juvabit,
3009 659 3075 707 ac
3100 643 3366 714 patientiae
3395 643 3487 699 tibi
3509 658 3656 698 mer-

2071 728 2257 785 cedem
2289 733 2563 801 rependet.
2599 732 2749 789 Unde
2771 737 2905 791 enim
2933 736 3052 802 scis,
3087 735 3185 801 uir,
3222 734 3411 804 inquit,
3440 735 3486 788 si
3524 750 3655 788 uxo-

2067 836 2175 879 rem
2194 821 2386 879 saluam
2408 823 2601 892 facies?
2624 834 2713 879 aut
2729 826 2866 880 unde
2884 827 3003 892 scis,
3026 842 3175 892 uxor,
3197 825 3241 880 si
3271 826 3438 885 cirum.
3458 826 3657 880 saluum

2067 915 2221 984 [acies
2251 917 2271 985 (
2285 915 2301 968 l
2330 915 2449 971 Cor.
2472 918 2524 971 7.
2555 918 2623 972 l6
2654 915 2715 988 )?
2743 918 2861 973 Noli
2890 930 3068 973 autem
3092 916 3329 972 animum
3354 915 3659 986 desponde—

2068 1021 2147 1070 re,
2178 1008 2285 1063 noli
2305 1007 2613 1078 desperare.
2645 1011 2787 1066 Fieri
2817 1011 2959 1066 enim
3002 1018 3175 1081 potest
3216 1018 3277 1064 ut
3303 1010 3414 1080 ipsa
3444 1023 3659 1078 quoque

2067 1098 2213 1153 salva
2243 1101 2332 1154 fiat
2356 1117 2369 1153 :
2396 1100 2541 1169 quod
2565 1101 2610 1155 si
2641 1116 2700 1157 se
2722 1117 2830 1155 non
2869 1102 3121 1171 corrigat,
3156 1109 3213 1156 tu
3247 1110 3424 1155 tamen
3453 1100 3660 1169 patien-

2068 1190 2157 1246 tire
2186 1192 2490 1251 mercedem
2520 1211 2630 1251 nun
2650 1195 2865 1253 amittes
2890 1213 2903 1248 :
2934 1195 3015 1249 sin
3044 1203 3222 1253 autem
3252 1194 3496 1261 eieceris,
3527 1190 3657 1246 illud

2066 1296 2233 1336 unum
2258 1282 2486 1353 primum
2515 1286 2746 1355 peccasti
2776 1285 2919 1356 quod
2951 1286 3120 1356 legem
3148 1293 3513 1356 transgressus
3538 1282 3656 1353 fue-

2067 1372 2162 1437 ris,
2184 1382 2239 1428 et
2258 1373 2466 1431 adulter
2505 1377 2645 1446 apud
2675 1377 2840 1435 Deum
2857 1378 3151 1448 judiccris:
3183 1378 3497 1450 Quicumque
3521 1376 3655 1431 enim

2065 1464 2264 1536 ejecerit
2286 1483 2495 1523 uxorem
2524 1487 2689 1538 suam,
2721 1471 2911 1542 inquit,
2932 1481 3140 1542 excepta
3161 1471 3510 1542 fornicationis
3537 1487 3659 1525 cau-

2063 1573 2142 1623 sa,
2181 1557 2306 1627 facit
2330 1576 2442 1614 eam
2470 1562 2709 1616 maechari
2746 1562 2962 1632 (Matth.
2994 1564 3049 1620 5.
3091 1563 3161 1619 52
3272 1564 3658 1634 Saepenumero

2065 1658 2242 1707 autem
2285 1664 2505 1725 accepta
2552 1655 2864 1726 difficiliori,
2912 1669 3190 1729 peccatum
3230 1660 3514 1728 admisisti,
3555 1674 3658 1716 nec

2067 1747 2250 1796 tamen
2278 1744 2440 1799 ullam
2472 1747 2858 1806 reluxationem
2881 1760 2974 1807 aut
2996 1751 3228 1821 quietem
3253 1762 3441 1807 nactus
3458 1766 3539 1808 es.
3558 1751 3652 1806 Sin

2067 1833 2344 1890 meliorem
2364 1853 2542 1893 assum
2553 1841 2741 1909 pseris,
2767 1858 2871 1897 non
2891 1843 3213 1913 permittitur
3229 1843 3345 1908 tibi,
3369 1854 3426 1898 ut
3446 1843 3652 1898 sincera

2063 1926 2337 1997 voluptate
2395 1930 2688 2000 perfruaris
2737 1950 2802 1990 ex
2848 1935 3113 2000 secunda,
3166 1937 3235 1992 ob
3281 1936 3651 1991 dimissionem

2064 2018 2281 2088 prioris,
2307 2035 2428 2076 cum
2460 2023 2584 2080 inde
2609 2025 2700 2080 tibi
2717 2026 3035 2082 adulterium
3063 2028 3388 2098 imputetur:
3412 2035 3493 2083 est
3510 2025 3656 2082 enim

2064 2109 2382 2167 adulterium
2436 2115 2670 2185 priorem
2709 2116 3000 2183 dimittere.
3047 2118 3180 2174 Cum
3223 2119 3383 2190 igitur
3423 2119 3653 2190 aliquam

2062 2201 2263 2259 videris
2302 2205 2432 2261 oriri
2478 2206 2844 2265 difficultatem
2884 2211 2968 2267 vel
2996 2212 3053 2267 in
3091 2213 3453 2278 matrimonio,
3486 2212 3570 2268 vel
3598 2212 3654 2268 in

2061 2292 2239 2364 aliquo
2258 2295 2364 2352 alio
2387 2310 2566 2354 rerum
2584 2308 2746 2366 statu,
2774 2302 2939 2357 Deum
2965 2317 3217 2373 precare:
3239 2304 3326 2359 hic
3350 2304 3496 2359 solus
3516 2304 3656 2375 opti-

2063 2399 2185 2443 mus
2203 2400 2233 2440 c
2254 2387 2410 2442 malis
2436 2391 2745 2461 emergendi
2767 2392 2979 2448 modus.
3012 2394 3200 2465 Magna
3221 2396 3418 2466 quippe
3437 2404 3519 2451 est
3538 2410 3656 2450 ora-

2063 2473 2222 2529 tionis
2250 2488 2543 2534 armatura.
2589 2482 2702 2538 lloc
2739 2492 2794 2538 et
2845 2498 3216 2555 sa'penumero
3252 2486 3387 2554 dixi,
3421 2495 3474 2540 et
3503 2500 3647 2541 nunc

2061 2566 2203 2636 dico,
2237 2585 2411 2641 neque
2436 2571 2617 2630 dicere
2642 2576 2869 2632 cessabo
2897 2594 2910 2630 :
2945 2578 3070 2633 licet
3113 2587 3364 2649 peccator
3391 2579 3486 2645 sis,
3521 2592 3653 2633 con-

2061 2671 2211 2715 verte
2236 2664 2418 2719 oculos
2443 2674 2560 2720 tuos
2581 2667 2634 2722 in
2665 2668 3007 2738 publicanum
3029 2670 3120 2741 qui
3142 2670 3407 2740 repulsam
3435 2684 3540 2724 non
3565 2677 3651 2723 tu-

2061 2751 2143 2818 lit,
2175 2754 2263 2824 qui
2291 2767 2396 2812 tam
2426 2758 2607 2814 multis
2632 2773 2692 2815 se
2719 2761 2950 2829 peccatis
2978 2761 3232 2831 expiavit.
3259 2759 3426 2817 Visne
3450 2759 3651 2819 intelli-

2059 2860 2186 2914 gere
2229 2858 2423 2917 quanta
2463 2866 2549 2908 res
2592 2852 2661 2908 sit
2686 2854 2898 2909 oratio?
2935 2853 3053 2909 Non
3100 2862 3206 2909 tam
3249 2854 3392 2910 valet
3417 2853 3649 2910 amicitia

2060 2938 2198 3007 apud
2230 2940 2393 2995 Deum
2420 2958 2578 3013 quam
2609 2946 2799 3000 oratio.
2823 2945 3005 3016 Neque
3034 2961 3185 3000 meus
3213 2955 3294 3001 est
3318 2946 3402 3000 hic
3425 2962 3607 3002 sermo
3632 2964 3648 3002 :

2059 3046 2235 3102 neque
2264 3036 2406 3089 enim
2434 3036 2684 3093 auderem
2711 3039 2837 3093 tanti
2871 3040 3125 3095 momenti
3150 3056 3261 3095 rem
3291 3056 3353 3095 ex
3383 3055 3499 3095 mea
3520 3054 3647 3095 seu-

2061 3124 2223 3178 tentia
2254 3124 2506 3196 delinire,
2539 3130 2663 3185 audi
2694 3147 2755 3185 ex
2787 3131 3082 3201 Scriptura,
3113 3131 3254 3202 quod
3282 3132 3512 3188 amicitia
3543 3147 3649 3188 non

2058 3216 2303 3287 perfecit,
2335 3221 2385 3277 id
2413 3222 2482 3278 ab
2509 3224 2752 3281 oratione
2786 3242 2907 3281 esse
2931 3225 3246 3294 perfectum.
3278 3225 3405 3290 Quis
3424 3242 3487 3281 ea:
3513 3226 3651 3281 vobis

2058 3318 2152 3375 est,
2175 3313 2261 3380 qui
2279 3313 2477 3369 habebit
2497 3315 2735 3382 amicum,
2762 3327 2810 3370 et
2836 3316 3035 3371 veniens
3055 3315 3183 3369 dicet
3202 3317 3267 3380 ei,
3287 3315 3480 3383 Amice,
3512 3333 3651 3369 com-

2059 3401 2212 3454 moda
2252 3403 2379 3455 milii
2428 3413 2529 3457 tres
2564 3422 2721 3476 panes
2753 3421 2773 3460 :
2802 3416 2847 3459 et
2883 3406 2970 3460 ille
3012 3407 3320 3476 respondens
3364 3407 3494 3460 dicet
3536 3407 3646 3473 illi,

2062 3489 2264 3547 Ostium
2290 3495 2521 3549 clausum
2551 3506 2642 3561 est,
2669 3499 2812 3569 pueri
2830 3509 2947 3553 sunt
2968 3499 3020 3553 iu
3043 3498 3198 3553 cubili
3218 3499 3366 3554 :vnoli
3387 3498 3509 3552 milii
3536 3515 3646 3552 mo-

2060 3586 2215 3640 lestus
2241 3603 2364 3641 esse.
2406 3587 2531 3643 Dico
2561 3591 2694 3644 enim
2740 3591 2897 3655 vobis,
2926 3593 3016 3646 etsi
3041 3592 3176 3663 quod
3212 3593 3404 3646 amicus
3424 3592 3533 3661 ejus
3562 3592 3646 3652 sit,

2056 3694 2156 3731 non
2181 3678 2319 3732 dabit
2344 3681 2405 3750 ei,
2433 3692 2639 3753 propter
2667 3683 3099 3755 importunitatem
3124 3692 3290 3737 tamen
3310 3684 3419 3753 ejus
3439 3682 3577 3737 dabit
3601 3683 3647 3737 ei

2055 3780 2297 3842 quotquot
2338 3772 2483 3827 habet
2509 3775 2815 3829 necessarios
2845 3774 2994 3845 (Luc.
3022 3776 3111 3830 il.
3143 3776 3176 3832 5
3203 3775 3319 3845 -8).
3348 3775 3509 3831 Vides
3538 3791 3644 3844 quo

2062 3871 2217 3932 pacto
2243 3864 2383 3933 quod
2414 3881 2518 3920 non
2551 3868 2719 3935 potuit
2743 3867 2994 3934 amicitia,
3020 3868 3123 3922 hoc
3146 3866 3429 3922 assiduitas
3456 3877 3646 3936 potue-

2059 3955 2166 4009 rit?
2190 3955 2323 4010 Nam
2357 3958 2607 4027 quoniam
2635 3958 2735 4014 fuit-
2775 3959 2997 4025 amicus,
3027 3958 3117 4028 qui
3160 3958 3391 4035 petebat,
3428 3973 3497 4014 ne
3525 3972 3648 4027 pro-

2058 4056 2239 4116 pterea
2266 4066 2379 4104 rem
2405 4051 2552 4105 illum
2579 4050 2867 4121 perfecisse
2890 4066 3160 4116 censeres,
3189 4052 3341 4118 dixit,
3370 4050 3483 4107 Etsi
3509 4051 3647 4116 quod

2057 4140 2249 4200 audens
2287 4142 2399 4207 eius
2436 4142 2522 4196 sit‘
2549 4159 2649 4197 nou
2689 4143 2828 4197 dabit
2866 4143 2932 4211 ei,
2979 4155 3187 4216 propter
3215 4145 3648 4215 importunitatem

2057 4231 2166 4300 ejus
2201 4231 2339 4285 dabit
2379 4233 2445 4285 ei.
2485 4232 2633 4289 Licet
2668 4233 2720 4289 id
2762 4234 2993 4291 amicitia
3032 4250 3138 4291 non
3173 4243 3411 4319 prmstet,
3455 4237 3644 4306 inquit,

2058 4323 2343 4380 assiduitas
2371 4333 2546 4381 tamen
2576 4327 2847 4396 praestabit
2883 4327 2935 4382 id
2963 4327 3103 4399 quod
3149 4327 3379 4382 amicitia
3424 4328 3645 4382 minimo

2059 4416 2249 4484 putuit.
2284 4417 2348 4470 Et
2378 4417 2465 4471 ubi
2509 4418 2721 4473 tandem
2750 4418 2803 4473 id
2845 4419 3080 4473 accidit?
3120 4418 3177 4472 in
3212 4418 3513 4488 publicano.
3544 4417 3647 4473 Ne-

2058 4521 2159 4576 que
2191 4507 2332 4562 enim
2360 4516 2481 4563 erat
2498 4509 2702 4564 amicus
2728 4510 2840 4564 Deo
2862 4509 3195 4579 publicanus,
3220 4509 3314 4565 sed
3341 4510 3544 4565 amicus
3564 4520 3651 4566 est

2059 4597 2232 4652 factus
2257 4616 2270 4652 :
2297 4600 2474 4668 itaque
2497 4597 2627 4655 licet
2664 4600 2907 4657 inimicus
2932 4601 3026 4665 sis,
3051 4600 3364 4657 assiduitate
3392 4601 3487 4657 fies
3510 4602 3649 4657 ami-

2059 4703 2175 4744 cus.
2207 4688 2341 4745 Vide
2364 4690 2525 4745 etiam
2558 4690 3042 4762 Syrophoenissam,
3077 4701 3129 4745 et
3154 4691 3276 4747 audi
3304 4693 3430 4763 quid
3467 4692 3540 4747 illi
3563 4693 3650 4748 di-

2060 4786 2187 4835 cat:
2224 4778 2346 4835 Non
2384 4789 2463 4836 est
2500 4779 2685 4835 bonum
2722 4798 2920 4836 sumere
2961 4799 3144 4853 panem
3186 4782 3430 4851 ﬁliorum,
3455 4794 3501 4838 et
3527 4784 3653 4839 dare

2059 4871 2282 4929 canibus.
2297 4872 2507 4945 (Matth.
2537 4873 2624 4928 l5.
2646 4871 2760 4944 26).
2809 4873 2916 4929 Cur
2944 4872 3103 4945 igitur
3130 4875 3183 4930 id
3212 4875 3356 4940 fecit,
3379 4877 3423 4930 si
3446 4876 3644 4931 bonum

2060 4980 2167 5020 non
2195 4965 2317 5020 est?
2344 4965 2674 5021 Assiduitate
2706 4967 2899 5023 mulier
2924 4968 2975 5023 id
3004 4968 3203 5025 bonum
3234 4968 3449 5025 effecit:
3477 4977 3544 5024 ut-
3570 4971 3651 5023 di-

2060 5070 2180 5112 scas
2202 5072 2300 5112 nos
2328 5057 2520 5127 quibus
2548 5056 2700 5129 digni
2720 5057 2940 5115 minime
2968 5076 3177 5131 sumus,
3205 5061 3272 5117 iis
3295 5075 3389 5131 per
3418 5059 3647 5115 assidui-

2063 5157 2223 5203 tatem
2253 5147 2444 5218 dignos
2475 5148 2725 5204 evadere.

2134 5240 2186 5296 8.
2221 5240 2348 5296 Hzec
2378 5255 2477 5312 ego
2505 5240 2649 5308 dixi,
2665 5257 2732 5297 ne
2759 5240 2924 5305 dicas,
2944 5243 3207 5297 l’eecator
3228 5254 3367 5306 sum,
3399 5239 3644 5295 fiduciam

2063 5348 2171 5388 non
2196 5331 2406 5401 habeo,
2449 5348 2638 5404 preces
2666 5349 2772 5388 non
2819 5332 3010 5387 habeo.
3053 5331 3147 5388 lllc
3189 5331 3435 5387 fiduciam
3466 5331 3646 5400 habet,

2063 5425 2152 5497 qui
2179 5440 2239 5481 se
2264 5442 2370 5491 non
2398 5423 2597 5480 habere
2645 5424 2788 5478 illam
2832 5429 2979 5491 putat
3008 5439 3020 5474 :
3049 5422 3187 5477 sicut
3226 5423 3269 5477 is
3297 5422 3386 5494 qui
3427 5438 3486 5478 se
3518 5422 3652 5477 lidua

2065 5517 2201 5571 ciam
2230 5516 2426 5571 habere
2458 5522 2639 5585 putat,
2684 5512 2926 5567 fiduciam
2953 5512 3164 5578 amisit,
3196 5513 3647 5584 quemadmodum

2065 5607 2366 5663 Pharisaeus
2398 5623 2413 5660 :
2440 5605 2530 5677 qui
2559 5619 2686 5658 vero
2711 5603 2943 5673 seipsum
2979 5603 3242 5675 abjectum
3266 5612 3413 5675 putat
3439 5614 3492 5660 et
3519 5604 3653 5660 fidu~

2065 5702 2144 5757 cia
2172 5700 2506 5762 destitutum,
2540 5698 2584 5751 is
2607 5696 2837 5752 maxime
2854 5696 3186 5764 cxaudielur,
3205 5696 3653 5767 quemadmodum

2068 5793 2397 5864 publicanus.
2430 5788 2567 5845 Vide
2590 5802 2748 5857 quam
2766 5787 2929 5843 multa
2958 5787 3051 5844 tibi
3071 5788 3312 5858 exempla
3340 5799 3649 5860 suppetant,

2068 5881 2502 5955 Symphteuissa,
2537 5879 2881 5953 publicanus,
2917 5879 3051 5937 latro
3080 5880 3139 5938 in
3160 5894 3338 5951 cruce,
3371 5882 3576 5939 amicus
3599 5882 3654 5937 iu
