  <div class='ocr_page' id='page_1' title='image "/cluster/home/n/w/nwhite01/storage/ocr_20150623/51:no.3:pt.1/coo.31924054869502/373.png"; bbox 0 0 4062 6436; ppageno 0'>
   <div class='ocr_carea' id='block_1_1' title="bbox 490 529 2071 616">
    <p class='ocr_par' dir='ltr' id='par_1_1' title="bbox 490 529 2071 616">
     <span class='ocr_line' id='line_1_1' title="bbox 490 529 2071 616; baseline 0.004 -21"><span class='ocrx_word' id='word_1_1' title='bbox 490 543 782 612; x_wconf 83' lang='lat' dir='ltr'><strong>parabola&#39;,</strong></span> <span class='ocrx_word' id='word_1_2' title='bbox 833 542 920 612; x_wconf 86' lang='lat' dir='ltr'><strong>qui</strong></span> <span class='ocrx_word' id='word_1_3' title='bbox 966 529 1072 597; x_wconf 77' lang='lat' dir='ltr'><strong>tres</strong></span> <span class='ocrx_word' id='word_1_4' title='bbox 1102 556 1264 611; x_wconf 88' lang='lat' dir='ltr'><strong>panes</strong></span> <span class='ocrx_word' id='word_1_5' title='bbox 1303 544 1552 613; x_wconf 90' lang='lat' dir='ltr'><strong>petebat,</strong></span> <span class='ocrx_word' id='word_1_6' title='bbox 1599 546 1795 616; x_wconf 82' lang='lat' dir='ltr'><strong>quique</strong></span> <span class='ocrx_word' id='word_1_7' title='bbox 1826 562 1930 602; x_wconf 94' lang='lat' dir='ltr'><strong>non</strong></span> <span class='ocrx_word' id='word_1_8' title='bbox 1964 556 2071 602; x_wconf 91' lang='lat' dir='ltr'><strong>tam</strong></span> 
     </span>
    </p>
   </div>
   <div class='ocr_carea' id='block_1_2' title="bbox 489 635 2074 706">
    <p class='ocr_par' dir='ltr' id='par_1_2' title="bbox 489 635 2074 706">
     <span class='ocr_line' id='line_1_2' title="bbox 489 635 2074 706; baseline 0.004 -19"><span class='ocrx_word' id='word_1_9' title='bbox 489 644 710 705; x_wconf 85' lang='lat' dir='ltr'><strong>pr0pter</strong></span> <span class='ocrx_word' id='word_1_10' title='bbox 757 635 1078 699; x_wconf 79' lang='lat' dir='ltr'><strong>amicitiam,</strong></span> <span class='ocrx_word' id='word_1_11' title='bbox 1121 650 1278 704; x_wconf 88' lang='lat' dir='ltr'><strong>quam</strong></span> <span class='ocrx_word' id='word_1_12' title='bbox 1326 645 1545 706; x_wconf 85' lang='lat' dir='ltr'><strong>propter</strong></span> <span class='ocrx_word' id='word_1_13' title='bbox 1585 639 1948 694; x_wconf 73' lang='lat' dir='ltr'><strong>assiduitatem</strong></span> <span class='ocrx_word' id='word_1_14' title='bbox 1978 638 2074 693; x_wconf 91' lang='lat' dir='ltr'><strong>ob-</strong></span> 
     </span>
    </p>
   </div>
   <div class='ocr_carea' id='block_1_3' title="bbox 490 727 2070 798">
    <p class='ocr_par' dir='ltr' id='par_1_3' title="bbox 490 727 2070 798">
     <span class='ocr_line' id='line_1_3' title="bbox 490 727 2070 798; baseline 0.002 -16"><span class='ocrx_word' id='word_1_15' title='bbox 490 729 665 782; x_wconf 90' lang='lat' dir='ltr'><strong>tinuit.</strong></span> <span class='ocrx_word' id='word_1_16' title='bbox 695 728 891 782; x_wconf 87' lang='lat' dir='ltr'><strong>llorum</strong></span> <span class='ocrx_word' id='word_1_17' title='bbox 921 727 1282 798; x_wconf 87' lang='lat' dir='ltr'><strong>unusquisque</strong></span> <span class='ocrx_word' id='word_1_18' title='bbox 1308 729 1352 783; x_wconf 91' lang='lat' dir='ltr'><strong>si</strong></span> <span class='ocrx_word' id='word_1_19' title='bbox 1379 728 1622 795; x_wconf 79' lang='lat' dir='ltr'><strong>dixisset,</strong></span> <span class='ocrx_word' id='word_1_20' title='bbox 1648 729 1906 786; x_wconf 87' lang='lat' dir='ltr'><strong>Peccator</strong></span> <span class='ocrx_word' id='word_1_21' title='bbox 1929 746 2070 798; x_wconf 89' lang='lat' dir='ltr'><strong>sum,</strong></span> 
     </span>
    </p>
   </div>
   <div class='ocr_carea' id='block_1_4' title="bbox 487 816 2067 888">
    <p class='ocr_par' dir='ltr' id='par_1_4' title="bbox 487 816 2067 888">
     <span class='ocr_line' id='line_1_4' title="bbox 487 816 2067 888; baseline 0.001 -14"><span class='ocrx_word' id='word_1_22' title='bbox 487 827 544 874; x_wconf 87' lang='lat' dir='ltr'><strong>et</strong></span> <span class='ocrx_word' id='word_1_23' title='bbox 582 818 782 888; x_wconf 84' lang='lat' dir='ltr'><strong>pudore</strong></span> <span class='ocrx_word' id='word_1_24' title='bbox 827 816 1078 884; x_wconf 79' lang='lat' dir='ltr'><strong>suffusus,</strong></span> <span class='ocrx_word' id='word_1_25' title='bbox 1125 828 1179 873; x_wconf 90' lang='lat' dir='ltr'><strong>et</strong></span> <span class='ocrx_word' id='word_1_26' title='bbox 1222 818 1420 874; x_wconf 88' lang='lat' dir='ltr'><strong>idcirco</strong></span> <span class='ocrx_word' id='word_1_27' title='bbox 1458 819 1716 876; x_wconf 83' lang='lat' dir='ltr'><strong>accedere</strong></span> <span class='ocrx_word' id='word_1_28' title='bbox 1745 835 1850 875; x_wconf 90' lang='lat' dir='ltr'><strong>non</strong></span> <span class='ocrx_word' id='word_1_29' title='bbox 1875 820 2067 886; x_wconf 89' lang='lat' dir='ltr'><strong>debeo,</strong></span> 
     </span>
    </p>
   </div>
   <div class='ocr_carea' id='block_1_5' title="bbox 489 909 2071 982">
    <p class='ocr_par' dir='ltr' id='par_1_5' title="bbox 489 909 2071 982">
     <span class='ocr_line' id='line_1_5' title="bbox 489 909 2071 982; baseline 0.002 -19"><span class='ocrx_word' id='word_1_30' title='bbox 489 911 618 964; x_wconf 92' lang='lat' dir='ltr'><strong>nihil</strong></span> <span class='ocrx_word' id='word_1_31' title='bbox 661 910 1033 980; x_wconf 83' lang='lat' dir='ltr'><strong>promovisset.</strong></span> <span class='ocrx_word' id='word_1_32' title='bbox 1081 909 1153 964; x_wconf 84' lang='lat' dir='ltr'><strong>At</strong></span> <span class='ocrx_word' id='word_1_33' title='bbox 1178 911 1428 980; x_wconf 89' lang='lat' dir='ltr'><strong>quoniam</strong></span> <span class='ocrx_word' id='word_1_34' title='bbox 1468 910 1677 965; x_wconf 91' lang='lat' dir='ltr'><strong>illorum</strong></span> <span class='ocrx_word' id='word_1_35' title='bbox 1703 911 1926 982; x_wconf 88' lang='lat' dir='ltr'><strong>quisque</strong></span> <span class='ocrx_word' id='word_1_36' title='bbox 1963 926 2071 966; x_wconf 91' lang='lat' dir='ltr'><strong>non</strong></span> 
     </span>
    </p>
   </div>
   <div class='ocr_carea' id='block_1_6' title="bbox 487 1000 2072 1070">
    <p class='ocr_par' dir='ltr' id='par_1_6' title="bbox 487 1000 2072 1070">
     <span class='ocr_line' id='line_1_6' title="bbox 487 1000 2072 1070; baseline 0.001 -15"><span class='ocrx_word' id='word_1_37' title='bbox 487 1003 553 1056; x_wconf 90' lang='lat' dir='ltr'><strong>ad</strong></span> <span class='ocrx_word' id='word_1_38' title='bbox 594 1010 930 1070; x_wconf 88' lang='lat' dir='ltr'><strong>peccatorum</strong></span> <span class='ocrx_word' id='word_1_39' title='bbox 960 1015 1178 1055; x_wconf 89' lang='lat' dir='ltr'><strong>suorum</strong></span> <span class='ocrx_word' id='word_1_40' title='bbox 1215 1002 1450 1070; x_wconf 80' lang='lat' dir='ltr'><strong>respexit</strong></span> <span class='ocrx_word' id='word_1_41' title='bbox 1476 1001 1891 1070; x_wconf 82' lang='lat' dir='ltr'><strong>magnitudinem</strong></span> <span class='ocrx_word' id='word_1_42' title='bbox 1916 1042 1933 1069; x_wconf 95' lang='lat'><strong>,</strong></span> <span class='ocrx_word' id='word_1_43' title='bbox 1978 1000 2072 1056; x_wconf 90' lang='lat' dir='ltr'><strong>sed</strong></span> 
     </span>
    </p>
   </div>
   <div class='ocr_carea' id='block_1_7' title="bbox 485 1093 2072 1166">
    <p class='ocr_par' dir='ltr' id='par_1_7' title="bbox 485 1093 2072 1166">
     <span class='ocr_line' id='line_1_7' title="bbox 485 1093 2072 1166; baseline 0.001 -17"><span class='ocrx_word' id='word_1_44' title='bbox 485 1095 552 1150; x_wconf 85' lang='lat' dir='ltr'><strong>ad</strong></span> <span class='ocrx_word' id='word_1_45' title='bbox 583 1096 797 1150; x_wconf 84' lang='lat' dir='ltr'><strong>divitias</strong></span> <span class='ocrx_word' id='word_1_46' title='bbox 822 1095 1160 1166; x_wconf 80' lang='lat' dir='ltr'><strong>benignitatis</strong></span> <span class='ocrx_word' id='word_1_47' title='bbox 1191 1095 1282 1150; x_wconf 90' lang='lat' dir='ltr'><strong>Dei</strong></span> <span class='ocrx_word' id='word_1_48' title='bbox 1311 1093 1526 1166; x_wconf 75' lang='lat' dir='ltr'><strong>(Ephes.</strong></span> <span class='ocrx_word' id='word_1_49' title='bbox 1556 1095 1610 1150; x_wconf 81' lang='lat'><strong>5.</strong></span> <span class='ocrx_word' id='word_1_50' title='bbox 1643 1093 1766 1166; x_wconf 83' lang='lat' dir='ltr'><strong>l6),</strong></span> <span class='ocrx_word' id='word_1_51' title='bbox 1793 1094 2072 1150; x_wconf 89' lang='lat' dir='ltr'><strong>conlidens</strong></span> 
     </span>
    </p>
   </div>
   <div class='ocr_carea' id='block_1_8' title="bbox 487 1185 2070 1257">
    <p class='ocr_par' dir='ltr' id='par_1_8' title="bbox 487 1185 2070 1257">
     <span class='ocr_line' id='line_1_8' title="bbox 487 1185 2070 1257; baseline 0.001 -17"><span class='ocrx_word' id='word_1_52' title='bbox 487 1195 542 1241; x_wconf 75' lang='lat' dir='ltr'><strong>et</strong></span> <span class='ocrx_word' id='word_1_53' title='bbox 575 1187 747 1241; x_wconf 79' lang='lat' dir='ltr'><strong>audax</strong></span> <span class='ocrx_word' id='word_1_54' title='bbox 771 1186 896 1250; x_wconf 86' lang='lat' dir='ltr'><strong>fuit,</strong></span> <span class='ocrx_word' id='word_1_55' title='bbox 922 1195 977 1240; x_wconf 89' lang='lat' dir='ltr'><strong>et</strong></span> <span class='ocrx_word' id='word_1_56' title='bbox 1004 1186 1246 1257; x_wconf 78' lang='lat' dir='ltr'><strong>quamvis</strong></span> <span class='ocrx_word' id='word_1_57' title='bbox 1267 1193 1514 1256; x_wconf 85' lang='lat' dir='ltr'><strong>peccator</strong></span> <span class='ocrx_word' id='word_1_58' title='bbox 1538 1195 1734 1256; x_wconf 64' lang='lat' dir='ltr'><strong>prieter</strong></span> <span class='ocrx_word' id='word_1_59' title='bbox 1758 1185 2070 1256; x_wconf 87' lang='lat' dir='ltr'><strong>dignitatem</strong></span> 
     </span>
    </p>
   </div>
   <div class='ocr_carea' id='block_1_9' title="bbox 487 1276 2074 1348">
    <p class='ocr_par' dir='ltr' id='par_1_9' title="bbox 487 1276 2074 1348">
     <span class='ocr_line' id='line_1_9' title="bbox 487 1276 2074 1348; baseline 0.001 -17"><span class='ocrx_word' id='word_1_60' title='bbox 487 1293 636 1332; x_wconf 86' lang='lat' dir='ltr'><strong>suam</strong></span> <span class='ocrx_word' id='word_1_61' title='bbox 669 1277 976 1348; x_wconf 70' lang='lat' dir='ltr'><strong>postulavit,</strong></span> <span class='ocrx_word' id='word_1_62' title='bbox 1007 1285 1061 1331; x_wconf 92' lang='lat' dir='ltr'><strong>et</strong></span> <span class='ocrx_word' id='word_1_63' title='bbox 1087 1293 1208 1347; x_wconf 66' lang='lat' dir='ltr'><strong>qua:</strong></span> <span class='ocrx_word' id='word_1_64' title='bbox 1235 1277 1400 1331; x_wconf 90' lang='lat' dir='ltr'><strong>voluit</strong></span> <span class='ocrx_word' id='word_1_65' title='bbox 1427 1277 1650 1347; x_wconf 90' lang='lat' dir='ltr'><strong>quisque</strong></span> <span class='ocrx_word' id='word_1_66' title='bbox 1673 1276 1916 1348; x_wconf 80' lang='lat' dir='ltr'><strong>perfecit.</strong></span> <span class='ocrx_word' id='word_1_67' title='bbox 1947 1277 2074 1332; x_wconf 70' lang='lat' dir='ltr'><strong>Harc</strong></span> 
     </span>
    </p>
   </div>
   <div class='ocr_carea' id='block_1_10' title="bbox 487 1367 2072 1438">
    <p class='ocr_par' dir='ltr' id='par_1_10' title="bbox 487 1367 2072 1438">
     <span class='ocr_line' id='line_1_10' title="bbox 487 1367 2072 1438; baseline -0.001 -15"><span class='ocrx_word' id='word_1_68' title='bbox 487 1369 648 1438; x_wconf 81' lang='lat' dir='ltr'><strong>igitur</strong></span> <span class='ocrx_word' id='word_1_69' title='bbox 671 1367 847 1423; x_wconf 90' lang='lat' dir='ltr'><strong>omnia</strong></span> <span class='ocrx_word' id='word_1_70' title='bbox 871 1379 1052 1423; x_wconf 89' lang='lat' dir='ltr'><strong>mente</strong></span> <span class='ocrx_word' id='word_1_71' title='bbox 1077 1382 1356 1422; x_wconf 81' lang='lat' dir='ltr'><strong>versemus</strong></span> <span class='ocrx_word' id='word_1_72' title='bbox 1375 1409 1390 1434; x_wconf 91' lang='lat'><strong>,</strong></span> <span class='ocrx_word' id='word_1_73' title='bbox 1420 1375 1475 1422; x_wconf 90' lang='lat' dir='ltr'><strong>et</strong></span> <span class='ocrx_word' id='word_1_74' title='bbox 1493 1367 1706 1423; x_wconf 87' lang='lat' dir='ltr'><strong>assidue</strong></span> <span class='ocrx_word' id='word_1_75' title='bbox 1734 1381 1921 1437; x_wconf 87' lang='lat' dir='ltr'><strong>preces</strong></span> <span class='ocrx_word' id='word_1_76' title='bbox 1951 1367 2072 1422; x_wconf 92' lang='lat' dir='ltr'><strong>fun-</strong></span> 
     </span>
    </p>
   </div>
   <div class='ocr_carea' id='block_1_11' title="bbox 487 1457 2073 1530">
    <p class='ocr_par' dir='ltr' id='par_1_11' title="bbox 487 1457 2073 1530">
     <span class='ocr_line' id='line_1_11' title="bbox 487 1457 2073 1530; baseline -0.001 -14"><span class='ocrx_word' id='word_1_77' title='bbox 487 1460 676 1516; x_wconf 85' lang='lat' dir='ltr'><strong>damus</strong></span> <span class='ocrx_word' id='word_1_78' title='bbox 699 1502 714 1526; x_wconf 91' lang='lat'><strong>,</strong></span> <span class='ocrx_word' id='word_1_79' title='bbox 739 1459 924 1530; x_wconf 81' lang='lat' dir='ltr'><strong>vigiles</strong></span> <span class='ocrx_word' id='word_1_80' title='bbox 944 1499 959 1524; x_wconf 92' lang='lat'><strong>,</strong></span> <span class='ocrx_word' id='word_1_81' title='bbox 990 1457 1319 1514; x_wconf 85' lang='lat' dir='ltr'><strong>confidentes</strong></span> <span class='ocrx_word' id='word_1_82' title='bbox 1343 1500 1358 1522; x_wconf 92' lang='lat'><strong>,</strong></span> <span class='ocrx_word' id='word_1_83' title='bbox 1383 1458 1539 1514; x_wconf 62' lang='lat' dir='ltr'><strong>bonae</strong></span> <span class='ocrx_word' id='word_1_84' title='bbox 1565 1461 1678 1528; x_wconf 91' lang='lat' dir='ltr'><strong>spei</strong></span> <span class='ocrx_word' id='word_1_85' title='bbox 1711 1459 1874 1529; x_wconf 86' lang='lat' dir='ltr'><strong>pleni,</strong></span> <span class='ocrx_word' id='word_1_86' title='bbox 1905 1460 2073 1514; x_wconf 92' lang='lat' dir='ltr'><strong>multo</strong></span> 
     </span>
    </p>
   </div>
   <div class='ocr_carea' id='block_1_12' title="bbox 485 1549 2072 1617">
    <p class='ocr_par' dir='ltr' id='par_1_12' title="bbox 485 1549 2072 1617">
     <span class='ocr_line' id='line_1_12' title="bbox 485 1549 2072 1617; baseline -0.001 -12"><span class='ocrx_word' id='word_1_87' title='bbox 485 1565 609 1606; x_wconf 91' lang='lat' dir='ltr'><strong>eum</strong></span> <span class='ocrx_word' id='word_1_88' title='bbox 639 1549 835 1604; x_wconf 87' lang='lat' dir='ltr'><strong>studio.</strong></span> <span class='ocrx_word' id='word_1_89' title='bbox 868 1549 1079 1617; x_wconf 85' lang='lat' dir='ltr'><strong>Quanto</strong></span> <span class='ocrx_word' id='word_1_90' title='bbox 1112 1563 1234 1607; x_wconf 91' lang='lat' dir='ltr'><strong>cum</strong></span> <span class='ocrx_word' id='word_1_91' title='bbox 1274 1549 1452 1604; x_wconf 88' lang='lat' dir='ltr'><strong>studio</strong></span> <span class='ocrx_word' id='word_1_92' title='bbox 1470 1549 1653 1604; x_wconf 82' lang='lat' dir='ltr'><strong>caeteri</strong></span> <span class='ocrx_word' id='word_1_93' title='bbox 1683 1549 1940 1604; x_wconf 89' lang='lat' dir='ltr'><strong>adversus</strong></span> <span class='ocrx_word' id='word_1_94' title='bbox 1967 1549 2072 1604; x_wconf 77' lang='lat' dir='ltr'><strong>iui~</strong></span> 
     </span>
    </p>
   </div>
   <div class='ocr_carea' id='block_1_13' title="bbox 486 1639 2075 1712">
    <p class='ocr_par' dir='ltr' id='par_1_13' title="bbox 486 1639 2075 1712">
     <span class='ocr_line' id='line_1_13' title="bbox 486 1639 2075 1712; baseline -0.002 -15"><span class='ocrx_word' id='word_1_95' title='bbox 486 1643 656 1697; x_wconf 89' lang='lat' dir='ltr'><strong>micos</strong></span> <span class='ocrx_word' id='word_1_96' title='bbox 684 1656 871 1712; x_wconf 86' lang='lat' dir='ltr'><strong>preces</strong></span> <span class='ocrx_word' id='word_1_97' title='bbox 895 1640 1157 1708; x_wconf 92' lang='lat' dir='ltr'><strong>fundunt,</strong></span> <span class='ocrx_word' id='word_1_98' title='bbox 1186 1648 1333 1695; x_wconf 84' lang='lat' dir='ltr'><strong>tanto</strong></span> <span class='ocrx_word' id='word_1_99' title='bbox 1355 1654 1476 1695; x_wconf 93' lang='lat' dir='ltr'><strong>cum</strong></span> <span class='ocrx_word' id='word_1_100' title='bbox 1504 1639 1684 1695; x_wconf 89' lang='lat' dir='ltr'><strong>studio</strong></span> <span class='ocrx_word' id='word_1_101' title='bbox 1724 1654 1824 1696; x_wconf 90' lang='lat' dir='ltr'><strong>nos</strong></span> <span class='ocrx_word' id='word_1_102' title='bbox 1845 1655 1942 1710; x_wconf 91' lang='lat' dir='ltr'><strong>pro</strong></span> <span class='ocrx_word' id='word_1_103' title='bbox 1972 1641 2075 1694; x_wconf 84' lang='lat' dir='ltr'><strong>ini-</strong></span> 
     </span>
    </p>
   </div>
   <div class='ocr_carea' id='block_1_14' title="bbox 487 1730 2071 1803">
    <p class='ocr_par' dir='ltr' id='par_1_14' title="bbox 487 1730 2071 1803">
     <span class='ocr_line' id='line_1_14' title="bbox 487 1730 2071 1803; baseline 0 -16"><span class='ocrx_word' id='word_1_104' title='bbox 487 1733 643 1788; x_wconf 89' lang='lat' dir='ltr'><strong>micis</strong></span> <span class='ocrx_word' id='word_1_105' title='bbox 671 1741 726 1788; x_wconf 88' lang='lat' dir='ltr'><strong>ct</strong></span> <span class='ocrx_word' id='word_1_106' title='bbox 755 1748 850 1802; x_wconf 90' lang='lat' dir='ltr'><strong>pro</strong></span> <span class='ocrx_word' id='word_1_107' title='bbox 891 1731 1140 1788; x_wconf 79' lang='lat' dir='ltr'><strong>fratribus</strong></span> <span class='ocrx_word' id='word_1_108' title='bbox 1179 1745 1366 1803; x_wconf 87' lang='lat' dir='ltr'><strong>preces</strong></span> <span class='ocrx_word' id='word_1_109' title='bbox 1405 1730 1723 1797; x_wconf 80' lang='lat' dir='ltr'><strong>fundamus,</strong></span> <span class='ocrx_word' id='word_1_110' title='bbox 1767 1741 1822 1787; x_wconf 91' lang='lat' dir='ltr'><strong>et</strong></span> <span class='ocrx_word' id='word_1_111' title='bbox 1849 1732 2071 1788; x_wconf 89' lang='lat' dir='ltr'><strong>omnino</strong></span> 
     </span>
    </p>
   </div>
   <div class='ocr_carea' id='block_1_15' title="bbox 1228 431 3001 492">
    <p class='ocr_par' dir='ltr' id='par_1_15' title="bbox 1228 431 3001 492">
     <span class='ocr_line' id='line_1_15' title="bbox 1228 431 3001 492; baseline 0 -4"><span class='ocrx_word' id='word_1_112' title='bbox 1228 432 1288 488; x_wconf 89' lang='lat' dir='ltr'><strong>S.</strong></span> <span class='ocrx_word' id='word_1_113' title='bbox 1324 433 1599 490; x_wconf 75' lang='lat' dir='ltr'><strong>JOA-NNIS</strong></span> <span class='ocrx_word' id='word_1_114' title='bbox 1620 434 2088 492; x_wconf 75' lang='lat' dir='ltr'><strong>CllRYSOSTOMI</strong></span> <span class='ocrx_word' id='word_1_115' title='bbox 2130 431 2449 489; x_wconf 77' lang='lat' dir='ltr'><strong>ARCHIEP.</strong></span> <span class='ocrx_word' id='word_1_116' title='bbox 2488 431 3001 490; x_wconf 76' lang='lat' dir='ltr'><strong>CONSTANTINOP</strong></span> 
     </span>
    </p>
   </div>
   <div class='ocr_carea' id='block_1_16' title="bbox 3648 434 3744 493">
    <p class='ocr_par' dir='ltr' id='par_1_16' title="bbox 3648 434 3744 493">
     <span class='ocr_line' id='line_1_16' title="bbox 3648 434 3744 493; baseline 0 0"><span class='ocrx_word' id='word_1_117' title='bbox 3648 434 3744 493; x_wconf 72' lang='lat'><strong>87!</strong></span> 
     </span>
    </p>
   </div>
   <div class='ocr_carea' id='block_1_17' title="bbox 2177 543 3744 616">
    <p class='ocr_par' dir='ltr' id='par_1_17' title="bbox 2177 543 3744 616">
     <span class='ocr_line' id='line_1_17' title="bbox 2177 543 3744 616; baseline 0.001 -16"><span class='ocrx_word' id='word_1_118' title='bbox 2177 554 2366 601; x_wconf 87' lang='lat' dir='ltr'><strong>cuncta</strong></span> <span class='ocrx_word' id='word_1_119' title='bbox 2397 560 2515 616; x_wconf 68' lang='lat' dir='ltr'><strong>quae</strong></span> <span class='ocrx_word' id='word_1_120' title='bbox 2551 544 2604 599; x_wconf 91' lang='lat' dir='ltr'><strong>in</strong></span> <span class='ocrx_word' id='word_1_121' title='bbox 2632 559 2743 600; x_wconf 90' lang='lat' dir='ltr'><strong>rem</strong></span> <span class='ocrx_word' id='word_1_122' title='bbox 2774 553 3014 600; x_wconf 85' lang='lat' dir='ltr'><strong>nostram</strong></span> <span class='ocrx_word' id='word_1_123' title='bbox 3039 543 3238 600; x_wconf 80' lang='lat' dir='ltr'><strong>fuerint</strong></span> <span class='ocrx_word' id='word_1_124' title='bbox 3260 543 3628 602; x_wconf 87' lang='lat' dir='ltr'><strong>obtinebimus.</strong></span> <span class='ocrx_word' id='word_1_125' title='bbox 3655 546 3744 602; x_wconf 86' lang='lat' dir='ltr'><strong>Be-</strong></span> 
     </span>
    </p>
   </div>
   <div class='ocr_carea' id='block_1_18' title="bbox 2178 635 3747 706">
    <p class='ocr_par' dir='ltr' id='par_1_18' title="bbox 2178 635 3747 706">
     <span class='ocr_line' id='line_1_18' title="bbox 2178 635 3747 706; baseline 0 -14"><span class='ocrx_word' id='word_1_126' title='bbox 2178 637 2370 706; x_wconf 83' lang='lat' dir='ltr'><strong>nignus</strong></span> <span class='ocrx_word' id='word_1_127' title='bbox 2397 636 2538 691; x_wconf 89' lang='lat' dir='ltr'><strong>enim</strong></span> <span class='ocrx_word' id='word_1_128' title='bbox 2569 644 2652 691; x_wconf 88' lang='lat' dir='ltr'><strong>est</strong></span> <span class='ocrx_word' id='word_1_129' title='bbox 2675 635 2765 706; x_wconf 89' lang='lat' dir='ltr'><strong>qui</strong></span> <span class='ocrx_word' id='word_1_130' title='bbox 2793 635 3019 706; x_wconf 78' lang='lat' dir='ltr'><strong>largitur</strong></span> <span class='ocrx_word' id='word_1_131' title='bbox 3041 677 3058 701; x_wconf 93' lang='lat'><strong>,</strong></span> <span class='ocrx_word' id='word_1_132' title='bbox 3085 650 3188 692; x_wconf 90' lang='lat' dir='ltr'><strong>nec</strong></span> <span class='ocrx_word' id='word_1_133' title='bbox 3210 635 3346 692; x_wconf 84' lang='lat' dir='ltr'><strong>adeo</strong></span> <span class='ocrx_word' id='word_1_134' title='bbox 3370 651 3468 692; x_wconf 86' lang='lat' dir='ltr'><strong>nos</strong></span> <span class='ocrx_word' id='word_1_135' title='bbox 3493 635 3747 693; x_wconf 85' lang='lat' dir='ltr'><strong>desidera-</strong></span> 
     </span>
    </p>
   </div>
   <div class='ocr_carea' id='block_1_19' title="bbox 2176 727 3747 800">
    <p class='ocr_par' dir='ltr' id='par_1_19' title="bbox 2176 727 3747 800">
     <span class='ocr_line' id='line_1_19' title="bbox 2176 727 3747 800; baseline -0.001 -16"><span class='ocrx_word' id='word_1_136' title='bbox 2176 744 2298 784; x_wconf 92' lang='lat' dir='ltr'><strong>mus</strong></span> <span class='ocrx_word' id='word_1_137' title='bbox 2317 728 2598 798; x_wconf 89' lang='lat' dir='ltr'><strong>accipere,</strong></span> <span class='ocrx_word' id='word_1_138' title='bbox 2638 737 2701 783; x_wconf 93' lang='lat' dir='ltr'><strong>ut</strong></span> <span class='ocrx_word' id='word_1_139' title='bbox 2734 727 3007 783; x_wconf 85' lang='lat' dir='ltr'><strong>desiderat</strong></span> <span class='ocrx_word' id='word_1_140' title='bbox 3048 728 3140 783; x_wconf 89' lang='lat' dir='ltr'><strong>ille</strong></span> <span class='ocrx_word' id='word_1_141' title='bbox 3189 729 3390 799; x_wconf 87' lang='lat' dir='ltr'><strong>largiri.</strong></span> <span class='ocrx_word' id='word_1_142' title='bbox 3435 728 3560 784; x_wconf 64' lang='lat' dir='ltr'><strong>Haec</strong></span> <span class='ocrx_word' id='word_1_143' title='bbox 3602 729 3747 800; x_wconf 90' lang='lat' dir='ltr'><strong>igitur</strong></span> 
     </span>
    </p>
   </div>
   <div class='ocr_carea' id='block_1_20' title="bbox 2177 819 3747 891">
    <p class='ocr_par' dir='ltr' id='par_1_20' title="bbox 2177 819 3747 891">
     <span class='ocr_line' id='line_1_20' title="bbox 2177 819 3747 891; baseline -0.001 -15"><span class='ocrx_word' id='word_1_144' title='bbox 2177 821 2354 876; x_wconf 86' lang='lat' dir='ltr'><strong>omnia</strong></span> <span class='ocrx_word' id='word_1_145' title='bbox 2382 835 2505 875; x_wconf 93' lang='lat' dir='ltr'><strong>cum</strong></span> <span class='ocrx_word' id='word_1_146' title='bbox 2533 820 2783 884; x_wconf 87' lang='lat' dir='ltr'><strong>sciamus,</strong></span> <span class='ocrx_word' id='word_1_147' title='bbox 2814 820 2937 875; x_wconf 78' lang='lat' dir='ltr'><strong>licet</strong></span> <span class='ocrx_word' id='word_1_148' title='bbox 2981 821 3033 874; x_wconf 93' lang='lat' dir='ltr'><strong>in</strong></span> <span class='ocrx_word' id='word_1_149' title='bbox 3070 819 3309 875; x_wconf 86' lang='lat' dir='ltr'><strong>infimum</strong></span> <span class='ocrx_word' id='word_1_150' title='bbox 3351 820 3600 890; x_wconf 70' lang='lat' dir='ltr'><strong>nequitia:</strong></span> <span class='ocrx_word' id='word_1_151' title='bbox 3631 835 3747 891; x_wconf 88' lang='lat' dir='ltr'><strong>pro-</strong></span> 
     </span>
    </p>
   </div>
   <div class='ocr_carea' id='block_1_21' title="bbox 2177 911 3749 982">
    <p class='ocr_par' dir='ltr' id='par_1_21' title="bbox 2177 911 3749 982">
     <span class='ocr_line' id='line_1_21' title="bbox 2177 911 3749 982; baseline -0.001 -14"><span class='ocrx_word' id='word_1_152' title='bbox 2177 913 2397 968; x_wconf 91' lang='lat' dir='ltr'><strong>fundum</strong></span> <span class='ocrx_word' id='word_1_153' title='bbox 2414 913 2581 968; x_wconf 86' lang='lat' dir='ltr'><strong>simus</strong></span> <span class='ocrx_word' id='word_1_154' title='bbox 2605 912 2860 977; x_wconf 89' lang='lat' dir='ltr'><strong>devoluti,</strong></span> <span class='ocrx_word' id='word_1_155' title='bbox 2883 913 3040 967; x_wconf 90' lang='lat' dir='ltr'><strong>nesic</strong></span> <span class='ocrx_word' id='word_1_156' title='bbox 3059 911 3271 982; x_wconf 92' lang='lat' dir='ltr'><strong>quidem</strong></span> <span class='ocrx_word' id='word_1_157' title='bbox 3298 911 3369 967; x_wconf 90' lang='lat' dir='ltr'><strong>de</strong></span> <span class='ocrx_word' id='word_1_158' title='bbox 3386 913 3558 967; x_wconf 88' lang='lat' dir='ltr'><strong>salute</strong></span> <span class='ocrx_word' id='word_1_159' title='bbox 3584 919 3749 967; x_wconf 85' lang='lat' dir='ltr'><strong>nostra</strong></span> 
     </span>
    </p>
   </div>
   <div class='ocr_carea' id='block_1_22' title="bbox 2176 1003 3750 1073">
    <p class='ocr_par' dir='ltr' id='par_1_22' title="bbox 2176 1003 3750 1073">
     <span class='ocr_line' id='line_1_22' title="bbox 2176 1003 3750 1073; baseline -0.001 -15"><span class='ocrx_word' id='word_1_160' title='bbox 2176 1003 2552 1073; x_wconf 89' lang='lat' dir='ltr'><strong>desperemus,</strong></span> <span class='ocrx_word' id='word_1_161' title='bbox 2607 1003 2704 1058; x_wconf 90' lang='lat' dir='ltr'><strong>sed</strong></span> <span class='ocrx_word' id='word_1_162' title='bbox 2754 1003 2895 1060; x_wconf 86' lang='lat' dir='ltr'><strong>bona</strong></span> <span class='ocrx_word' id='word_1_163' title='bbox 2943 1003 3107 1057; x_wconf 89' lang='lat' dir='ltr'><strong>etiam</strong></span> <span class='ocrx_word' id='word_1_164' title='bbox 3143 1017 3265 1057; x_wconf 92' lang='lat' dir='ltr'><strong>cum</strong></span> <span class='ocrx_word' id='word_1_165' title='bbox 3298 1017 3394 1073; x_wconf 89' lang='lat' dir='ltr'><strong>spe</strong></span> <span class='ocrx_word' id='word_1_166' title='bbox 3427 1003 3750 1067; x_wconf 83' lang='lat' dir='ltr'><strong>accedamus,</strong></span> 
     </span>
    </p>
   </div>
   <div class='ocr_carea' id='block_1_23' title="bbox 2177 1095 3752 1167">
    <p class='ocr_par' dir='ltr' id='par_1_23' title="bbox 2177 1095 3752 1167">
     <span class='ocr_line' id='line_1_23' title="bbox 2177 1095 3752 1167; baseline -0.001 -17"><span class='ocrx_word' id='word_1_167' title='bbox 2177 1095 2437 1167; x_wconf 90' lang='lat' dir='ltr'><strong>nobisque</strong></span> <span class='ocrx_word' id='word_1_168' title='bbox 2463 1095 2878 1166; x_wconf 85' lang='lat' dir='ltr'><strong>persuadeamus</strong></span> <span class='ocrx_word' id='word_1_169' title='bbox 2903 1095 3125 1150; x_wconf 92' lang='lat' dir='ltr'><strong>omnino</strong></span> <span class='ocrx_word' id='word_1_170' title='bbox 3163 1095 3310 1160; x_wconf 89' lang='lat' dir='ltr'><strong>fore,</strong></span> <span class='ocrx_word' id='word_1_171' title='bbox 3355 1106 3414 1150; x_wconf 94' lang='lat' dir='ltr'><strong>ut</strong></span> <span class='ocrx_word' id='word_1_172' title='bbox 3456 1095 3597 1166; x_wconf 91' lang='lat' dir='ltr'><strong>quod</strong></span> <span class='ocrx_word' id='word_1_173' title='bbox 3631 1096 3752 1165; x_wconf 84' lang='lat' dir='ltr'><strong>peti-</strong></span> 
     </span>
    </p>
   </div>
   <div class='ocr_carea' id='block_1_24' title="bbox 2178 1185 3752 1258">
    <p class='ocr_par' dir='ltr' id='par_1_24' title="bbox 2178 1185 3752 1258">
     <span class='ocr_line' id='line_1_24' title="bbox 2178 1185 3752 1258; baseline -0.001 -16"><span class='ocrx_word' id='word_1_174' title='bbox 2178 1202 2299 1242; x_wconf 89' lang='lat' dir='ltr'><strong>mus</strong></span> <span class='ocrx_word' id='word_1_175' title='bbox 2335 1202 2686 1258; x_wconf 88' lang='lat' dir='ltr'><strong>assequamur</strong></span> <span class='ocrx_word' id='word_1_176' title='bbox 2710 1228 2726 1254; x_wconf 91' lang='lat'><strong>,</strong></span> <span class='ocrx_word' id='word_1_177' title='bbox 2758 1185 2804 1241; x_wconf 87' lang='lat' dir='ltr'><strong>si</strong></span> <span class='ocrx_word' id='word_1_178' title='bbox 2844 1203 2912 1242; x_wconf 82' lang='lat' dir='ltr'><strong>ex</strong></span> <span class='ocrx_word' id='word_1_179' title='bbox 2958 1187 3272 1258; x_wconf 64' lang='lat' dir='ltr'><strong>praescripto</strong></span> <span class='ocrx_word' id='word_1_180' title='bbox 3303 1188 3528 1242; x_wconf 89' lang='lat' dir='ltr'><strong>latarum</strong></span> <span class='ocrx_word' id='word_1_181' title='bbox 3555 1188 3622 1243; x_wconf 93' lang='lat' dir='ltr'><strong>ab</strong></span> <span class='ocrx_word' id='word_1_182' title='bbox 3647 1187 3752 1257; x_wconf 89' lang='lat' dir='ltr'><strong>ipso</strong></span> 
     </span>
    </p>
   </div>
   <div class='ocr_carea' id='block_1_25' title="bbox 2177 1277 3756 1351">
    <p class='ocr_par' dir='ltr' id='par_1_25' title="bbox 2177 1277 3756 1351">
     <span class='ocr_line' id='line_1_25' title="bbox 2177 1277 3756 1351; baseline 0 -19"><span class='ocrx_word' id='word_1_183' title='bbox 2177 1277 2354 1348; x_wconf 77' lang='lat' dir='ltr'><strong>legum</strong></span> <span class='ocrx_word' id='word_1_184' title='bbox 2406 1285 2668 1349; x_wconf 84' lang='lat' dir='ltr'><strong>petamus.</strong></span> <span class='ocrx_word' id='word_1_185' title='bbox 2720 1277 2852 1332; x_wconf 82' lang='lat' dir='ltr'><strong>Eum</strong></span> <span class='ocrx_word' id='word_1_186' title='bbox 2882 1279 2971 1351; x_wconf 86' lang='lat' dir='ltr'><strong>qui</strong></span> <span class='ocrx_word' id='word_1_187' title='bbox 3011 1287 3170 1349; x_wconf 82' lang='lat' dir='ltr'><strong>potest</strong></span> <span class='ocrx_word' id='word_1_188' title='bbox 3197 1279 3369 1332; x_wconf 85' lang='lat' dir='ltr'><strong>omnia</strong></span> <span class='ocrx_word' id='word_1_189' title='bbox 3397 1281 3564 1350; x_wconf 81' lang='lat' dir='ltr'><strong>facere</strong></span> <span class='ocrx_word' id='word_1_190' title='bbox 3590 1294 3756 1348; x_wconf 74' lang='lat' dir='ltr'><strong>super-</strong></span> 
     </span>
    </p>
   </div>
   <div class='ocr_carea' id='block_1_26' title="bbox 2176 1367 3750 1441">
    <p class='ocr_par' dir='ltr' id='par_1_26' title="bbox 2176 1367 3750 1441">
     <span class='ocr_line' id='line_1_26' title="bbox 2176 1367 3750 1441; baseline 0.003 -19"><span class='ocrx_word' id='word_1_191' title='bbox 2176 1369 2526 1435; x_wconf 77' lang='lat' dir='ltr'><strong>abundanter,</strong></span> <span class='ocrx_word' id='word_1_192' title='bbox 2571 1384 2724 1438; x_wconf 83' lang='lat' dir='ltr'><strong>quam</strong></span> <span class='ocrx_word' id='word_1_193' title='bbox 2766 1371 3014 1440; x_wconf 74' lang='lat' dir='ltr'><strong>petimus,</strong></span> <span class='ocrx_word' id='word_1_194' title='bbox 3058 1377 3147 1423; x_wconf 86' lang='lat' dir='ltr'><strong>aut</strong></span> <span class='ocrx_word' id='word_1_195' title='bbox 3189 1369 3517 1440; x_wconf 79' lang='lat' dir='ltr'><strong>intelligimus</strong></span> <span class='ocrx_word' id='word_1_196' title='bbox 3538 1367 3750 1441; x_wconf 75' lang='lat' dir='ltr'><strong>(Ephes.</strong></span> 
     </span>
    </p>
   </div>
   <div class='ocr_carea' id='block_1_27' title="bbox 2176 1458 3756 1532">
    <p class='ocr_par' dir='ltr' id='par_1_27' title="bbox 2176 1458 3756 1532">
     <span class='ocr_line' id='line_1_27' title="bbox 2176 1458 3756 1532; baseline 0 -18"><span class='ocrx_word' id='word_1_197' title='bbox 2176 1460 2230 1514; x_wconf 80' lang='grc'><strong>5.</strong></span> <span class='ocrx_word' id='word_1_198' title='bbox 2258 1459 2386 1532; x_wconf 74' lang='lat'><strong>20),</strong></span> <span class='ocrx_word' id='word_1_199' title='bbox 2437 1458 2732 1526; x_wconf 90' lang='lat' dir='ltr'><strong>Christum,</strong></span> <span class='ocrx_word' id='word_1_200' title='bbox 2772 1461 3010 1514; x_wconf 91' lang='lat' dir='ltr'><strong>omnium</strong></span> <span class='ocrx_word' id='word_1_201' title='bbox 3050 1459 3286 1530; x_wconf 84' lang='lat' dir='ltr'><strong>Regem,</strong></span> <span class='ocrx_word' id='word_1_202' title='bbox 3328 1460 3495 1514; x_wconf 90' lang='lat' dir='ltr'><strong>Deum</strong></span> <span class='ocrx_word' id='word_1_203' title='bbox 3527 1469 3756 1514; x_wconf 80' lang='lat' dir='ltr'><strong>nostrum</strong></span> 
     </span>
    </p>
   </div>
   <div class='ocr_carea' id='block_1_28' title="bbox 2175 1552 3757 1623">
    <p class='ocr_par' dir='ltr' id='par_1_28' title="bbox 2175 1552 3757 1623">
     <span class='ocr_line' id='line_1_28' title="bbox 2175 1552 3757 1623; baseline -0.001 -15"><span class='ocrx_word' id='word_1_204' title='bbox 2175 1552 2330 1608; x_wconf 88' lang='lat' dir='ltr'><strong>decet</strong></span> <span class='ocrx_word' id='word_1_205' title='bbox 2354 1553 2529 1607; x_wconf 92' lang='lat' dir='ltr'><strong>omnis</strong></span> <span class='ocrx_word' id='word_1_206' title='bbox 2557 1553 2746 1623; x_wconf 88' lang='lat' dir='ltr'><strong>gloria,</strong></span> <span class='ocrx_word' id='word_1_207' title='bbox 2774 1553 2945 1608; x_wconf 89' lang='lat' dir='ltr'><strong>honor</strong></span> <span class='ocrx_word' id='word_1_208' title='bbox 2970 1563 3022 1608; x_wconf 90' lang='lat' dir='ltr'><strong>et</strong></span> <span class='ocrx_word' id='word_1_209' title='bbox 3046 1552 3309 1619; x_wconf 88' lang='lat' dir='ltr'><strong>adoratio,</strong></span> <span class='ocrx_word' id='word_1_210' title='bbox 3336 1569 3439 1607; x_wconf 89' lang='lat' dir='ltr'><strong>una</strong></span> <span class='ocrx_word' id='word_1_211' title='bbox 3466 1567 3590 1608; x_wconf 92' lang='lat' dir='ltr'><strong>cum</strong></span> <span class='ocrx_word' id='word_1_212' title='bbox 3612 1553 3757 1608; x_wconf 79' lang='lat' dir='ltr'><strong>Patre</strong></span> 
     </span>
    </p>
   </div>
   <div class='ocr_carea' id='block_1_29' title="bbox 2177 1643 3751 1714">
    <p class='ocr_par' dir='ltr' id='par_1_29' title="bbox 2177 1643 3751 1714">
     <span class='ocr_line' id='line_1_29' title="bbox 2177 1643 3751 1714; baseline -0.001 -15"><span class='ocrx_word' id='word_1_213' title='bbox 2177 1643 2311 1699; x_wconf 89' lang='lat' dir='ltr'><strong>initii</strong></span> <span class='ocrx_word' id='word_1_214' title='bbox 2341 1653 2578 1712; x_wconf 81' lang='lat' dir='ltr'><strong>experte,</strong></span> <span class='ocrx_word' id='word_1_215' title='bbox 2597 1659 2660 1698; x_wconf 92' lang='lat' dir='ltr'><strong>ac</strong></span> <span class='ocrx_word' id='word_1_216' title='bbox 2679 1644 3014 1700; x_wconf 90' lang='lat' dir='ltr'><strong>sanctissimo</strong></span> <span class='ocrx_word' id='word_1_217' title='bbox 3039 1644 3353 1713; x_wconf 83' lang='lat' dir='ltr'><strong>viviﬁcoque</strong></span> <span class='ocrx_word' id='word_1_218' title='bbox 3373 1644 3596 1714; x_wconf 88' lang='lat' dir='ltr'><strong>Spiritu,</strong></span> <span class='ocrx_word' id='word_1_219' title='bbox 3621 1657 3751 1698; x_wconf 90' lang='lat' dir='ltr'><strong>nunc</strong></span> 
     </span>
    </p>
   </div>
   <div class='ocr_carea' id='block_1_30' title="bbox 2177 1734 3486 1803">
    <p class='ocr_par' dir='ltr' id='par_1_30' title="bbox 2177 1734 3486 1803">
     <span class='ocr_line' id='line_1_30' title="bbox 2177 1734 3486 1803; baseline 0.001 -15"><span class='ocrx_word' id='word_1_220' title='bbox 2177 1743 2232 1789; x_wconf 89' lang='lat' dir='ltr'><strong>et</strong></span> <span class='ocrx_word' id='word_1_221' title='bbox 2261 1748 2498 1803; x_wconf 88' lang='lat' dir='ltr'><strong>semper,</strong></span> <span class='ocrx_word' id='word_1_222' title='bbox 2527 1741 2583 1790; x_wconf 90' lang='lat' dir='ltr'><strong>et</strong></span> <span class='ocrx_word' id='word_1_223' title='bbox 2623 1734 2676 1790; x_wconf 92' lang='lat' dir='ltr'><strong>in</strong></span> <span class='ocrx_word' id='word_1_224' title='bbox 2702 1735 2896 1791; x_wconf 71' lang='lat' dir='ltr'><strong>smcula</strong></span> <span class='ocrx_word' id='word_1_225' title='bbox 2925 1734 3268 1793; x_wconf 81' lang='lat' dir='ltr'><strong>saeculorum.</strong></span> <span class='ocrx_word' id='word_1_226' title='bbox 3295 1735 3486 1791; x_wconf 89' lang='lat' dir='ltr'><strong>Amen.</strong></span> 
     </span>
    </p>
   </div>
   <div class='ocr_carea' id='block_1_31' title="bbox 1447 2341 2754 2438">
    <p class='ocr_par' dir='ltr' id='par_1_31' title="bbox 1447 2341 2754 2438">
     <span class='ocr_line' id='line_1_31' title="bbox 1447 2341 2754 2438; baseline -0.002 -4"><span class='ocrx_word' id='word_1_227' title='bbox 1447 2375 1799 2437; x_wconf 84' lang='lat' dir='ltr'><strong>MONITUM</strong></span> <span class='ocrx_word' id='word_1_228' title='bbox 1843 2378 1941 2438; x_wconf 81' lang='lat' dir='ltr'><strong>AD</strong></span> <span class='ocrx_word' id='word_1_229' title='bbox 1983 2341 2478 2438; x_wconf 32' lang='lat' dir='ltr'><strong>IIOMlLlAM&#39;IN</strong></span> <span class='ocrx_word' id='word_1_230' title='bbox 2527 2373 2754 2436; x_wconf 92' lang='lat' dir='ltr'><strong>lLLUD</strong></span> 
     </span>
    </p>
   </div>
   <div class='ocr_carea' id='block_1_32' title="bbox 559 2620 3743 2707">
    <p class='ocr_par' dir='ltr' id='par_1_32' title="bbox 559 2620 3743 2707">
     <span class='ocr_line' id='line_1_32' title="bbox 559 2620 3743 2707; baseline -0.004 -19"><span class='ocrx_word' id='word_1_231' title='bbox 559 2633 714 2692; x_wconf 91' lang='lat' dir='ltr'><strong>llanc</strong></span> <span class='ocrx_word' id='word_1_232' title='bbox 740 2635 1060 2692; x_wconf 88' lang='lat' dir='ltr'><strong>concionem</strong></span> <span class='ocrx_word' id='word_1_233' title='bbox 1090 2643 1214 2706; x_wconf 88' lang='lat' dir='ltr'><strong>post</strong></span> <span class='ocrx_word' id='word_1_234' title='bbox 1236 2643 1514 2707; x_wconf 87' lang='lat' dir='ltr'><strong>peractam</strong></span> <span class='ocrx_word' id='word_1_235' title='bbox 1547 2635 1836 2693; x_wconf 89' lang='lat' dir='ltr'><strong>lectionem</strong></span> <span class='ocrx_word' id='word_1_236' title='bbox 1862 2636 2120 2707; x_wconf 60' lang='lat' dir='ltr'><strong>Epistolas</strong></span> <span class='ocrx_word' id='word_1_237' title='bbox 2168 2636 2236 2693; x_wconf 90' lang='lat' dir='ltr'><strong>ad</strong></span> <span class='ocrx_word' id='word_1_238' title='bbox 2269 2635 2489 2691; x_wconf 88' lang='lat' dir='ltr'><strong>Galatas</strong></span> <span class='ocrx_word' id='word_1_239' title='bbox 2523 2633 2829 2690; x_wconf 62' lang='lat' dir='ltr'><strong>Antiochia:</strong></span> <span class='ocrx_word' id='word_1_240' title='bbox 2875 2629 3067 2688; x_wconf 86' lang='lat' dir='ltr'><strong>habuit</strong></span> <span class='ocrx_word' id='word_1_241' title='bbox 3101 2628 3549 2702; x_wconf 85' lang='lat' dir='ltr'><strong>Chrysostomus.</strong></span> <span class='ocrx_word' id='word_1_242' title='bbox 3589 2620 3743 2677; x_wconf 76' lang='lat' dir='ltr'><strong>Veri-</strong></span> 
     </span>
    </p>
   </div>
   <div class='ocr_carea' id='block_1_33' title="bbox 489 2744 3741 2826">
    <p class='ocr_par' dir='ltr' id='par_1_33' title="bbox 489 2744 3741 2826">
     <span class='ocr_line' id='line_1_33' title="bbox 489 2744 3741 2826; baseline -0.001 -18"><span class='ocrx_word' id='word_1_243' title='bbox 489 2762 579 2808; x_wconf 91' lang='lat' dir='ltr'><strong>tus</strong></span> <span class='ocrx_word' id='word_1_244' title='bbox 601 2752 747 2808; x_wconf 89' lang='lat' dir='ltr'><strong>enim</strong></span> <span class='ocrx_word' id='word_1_245' title='bbox 771 2768 841 2809; x_wconf 90' lang='lat' dir='ltr'><strong>ne</strong></span> <span class='ocrx_word' id='word_1_246' title='bbox 870 2753 1104 2821; x_wconf 87' lang='lat' dir='ltr'><strong>tantilla,</strong></span> <span class='ocrx_word' id='word_1_247' title='bbox 1136 2769 1260 2826; x_wconf 67' lang='lat' dir='ltr'><strong>qua:</strong></span> <span class='ocrx_word' id='word_1_248' title='bbox 1282 2755 1373 2812; x_wconf 92' lang='lat' dir='ltr'><strong>hic</strong></span> <span class='ocrx_word' id='word_1_249' title='bbox 1401 2765 1630 2826; x_wconf 87' lang='lat' dir='ltr'><strong>apparet</strong></span> <span class='ocrx_word' id='word_1_250' title='bbox 1674 2756 1816 2812; x_wconf 86' lang='lat' dir='ltr'><strong>inter</strong></span> <span class='ocrx_word' id='word_1_251' title='bbox 1845 2756 2068 2813; x_wconf 87' lang='lat' dir='ltr'><strong>Petrum</strong></span> <span class='ocrx_word' id='word_1_252' title='bbox 2111 2765 2167 2811; x_wconf 91' lang='lat' dir='ltr'><strong>et</strong></span> <span class='ocrx_word' id='word_1_253' title='bbox 2211 2755 2442 2810; x_wconf 86' lang='lat' dir='ltr'><strong>Paulum</strong></span> <span class='ocrx_word' id='word_1_254' title='bbox 2484 2753 2778 2820; x_wconf 81' lang='lat' dir='ltr'><strong>Ecclesiae,</strong></span> <span class='ocrx_word' id='word_1_255' title='bbox 2831 2753 2910 2808; x_wconf 89' lang='lat' dir='ltr'><strong>ait</strong></span> <span class='ocrx_word' id='word_1_256' title='bbox 2952 2753 3065 2818; x_wconf 89' lang='lat' dir='ltr'><strong>ille,</strong></span> <span class='ocrx_word' id='word_1_257' title='bbox 3096 2752 3403 2815; x_wconf 84' lang='lat' dir='ltr'><strong>columnas,</strong></span> <span class='ocrx_word' id='word_1_258' title='bbox 3447 2744 3741 2804; x_wconf 77' lang='lat' dir='ltr'><strong>dissensio.</strong></span> 
     </span>
    </p>
   </div>
   <div class='ocr_carea' id='block_1_34' title="bbox 491 2864 3748 2941">
    <p class='ocr_par' dir='ltr' id='par_1_34' title="bbox 491 2864 3748 2941">
     <span class='ocr_line' id='line_1_34' title="bbox 491 2864 3748 2941; baseline -0.002 -21"><span class='ocrx_word' id='word_1_259' title='bbox 491 2866 710 2939; x_wconf 87' lang='lat' dir='ltr'><strong>piorum</strong></span> <span class='ocrx_word' id='word_1_260' title='bbox 751 2866 967 2924; x_wconf 89' lang='lat' dir='ltr'><strong>animos</strong></span> <span class='ocrx_word' id='word_1_261' title='bbox 991 2867 1403 2937; x_wconf 85' lang='lat' dir='ltr'><strong>luterturbaret,</strong></span> <span class='ocrx_word' id='word_1_262' title='bbox 1427 2870 1586 2941; x_wconf 89' lang='lat' dir='ltr'><strong>longa</strong></span> <span class='ocrx_word' id='word_1_263' title='bbox 1615 2871 1793 2928; x_wconf 90' lang='lat' dir='ltr'><strong>locum</strong></span> <span class='ocrx_word' id='word_1_264' title='bbox 1820 2871 1974 2927; x_wconf 89' lang='lat' dir='ltr'><strong>illum</strong></span> <span class='ocrx_word' id='word_1_265' title='bbox 2002 2870 2252 2926; x_wconf 89' lang='lat' dir='ltr'><strong>oratione</strong></span> <span class='ocrx_word' id='word_1_266' title='bbox 2274 2869 2571 2940; x_wconf 86' lang='lat' dir='ltr'><strong>explanare</strong></span> <span class='ocrx_word' id='word_1_267' title='bbox 2594 2867 2808 2923; x_wconf 91' lang='lat' dir='ltr'><strong>nititur.</strong></span> <span class='ocrx_word' id='word_1_268' title='bbox 2841 2866 3026 2924; x_wconf 79' lang='lat' dir='ltr'><strong>Multis</strong></span> <span class='ocrx_word' id='word_1_269' title='bbox 3055 2866 3239 2924; x_wconf 89' lang='lat' dir='ltr'><strong>statim</strong></span> <span class='ocrx_word' id='word_1_270' title='bbox 3262 2864 3519 2936; x_wconf 74' lang='lat' dir='ltr'><strong>explicat,</strong></span> <span class='ocrx_word' id='word_1_271' title='bbox 3542 2868 3748 2933; x_wconf 88' lang='lat' dir='ltr'><strong>quanta</strong></span> 
     </span>
    </p>
   </div>
   <div class='ocr_carea' id='block_1_35' title="bbox 492 2973 3746 3060">
    <p class='ocr_par' dir='ltr' id='par_1_35' title="bbox 492 2973 3746 3060">
     <span class='ocr_line' id='line_1_35' title="bbox 492 2973 3746 3060; baseline -0.005 -19"><span class='ocrx_word' id='word_1_272' title='bbox 492 2985 628 3043; x_wconf 85' lang='lat' dir='ltr'><strong>hinc</strong></span> <span class='ocrx_word' id='word_1_273' title='bbox 658 2987 1006 3044; x_wconf 87' lang='lat' dir='ltr'><strong>incommoda</strong></span> <span class='ocrx_word' id='word_1_274' title='bbox 1045 2999 1369 3060; x_wconf 87' lang='lat' dir='ltr'><strong>sequantur,</strong></span> <span class='ocrx_word' id='word_1_275' title='bbox 1393 2990 1439 3045; x_wconf 90' lang='lat' dir='ltr'><strong>si</strong></span> <span class='ocrx_word' id='word_1_276' title='bbox 1461 3003 1589 3045; x_wconf 89' lang='lat' dir='ltr'><strong>vere</strong></span> <span class='ocrx_word' id='word_1_277' title='bbox 1612 2996 1667 3043; x_wconf 91' lang='lat' dir='ltr'><strong>et</strong></span> <span class='ocrx_word' id='word_1_278' title='bbox 1693 2987 2017 3059; x_wconf 74' lang='lat' dir='ltr'><strong>obiurgandi</strong></span> <span class='ocrx_word' id='word_1_279' title='bbox 2047 2986 2252 3051; x_wconf 88' lang='lat' dir='ltr'><strong>animo,</strong></span> <span class='ocrx_word' id='word_1_280' title='bbox 2287 2981 2539 3056; x_wconf 84' lang='lat' dir='ltr'><strong>plurimis</strong></span> <span class='ocrx_word' id='word_1_281' title='bbox 2566 2981 2956 3052; x_wconf 74' lang='lat' dir='ltr'><strong>przesentibus,</strong></span> <span class='ocrx_word' id='word_1_282' title='bbox 2983 2978 3360 3050; x_wconf 87' lang='lat' dir='ltr'><strong>apostolorum</strong></span> <span class='ocrx_word' id='word_1_283' title='bbox 3391 2973 3746 3044; x_wconf 67' lang='lat' dir='ltr'><strong>coryphaeum</strong></span> 
     </span>
    </p>
   </div>
   <div class='ocr_carea' id='block_1_36' title="bbox 490 3089 3747 3169">
    <p class='ocr_par' dir='ltr' id='par_1_36' title="bbox 490 3089 3747 3169">
     <span class='ocr_line' id='line_1_36' title="bbox 490 3089 3747 3169; baseline -0.004 -14"><span class='ocrx_word' id='word_1_284' title='bbox 490 3101 695 3159; x_wconf 85' lang='lat' dir='ltr'><strong>Paulus</strong></span> <span class='ocrx_word' id='word_1_285' title='bbox 717 3104 790 3159; x_wconf 87' lang='lat' dir='ltr'><strong>sit</strong></span> <span class='ocrx_word' id='word_1_286' title='bbox 813 3105 1064 3160; x_wconf 90' lang='lat' dir='ltr'><strong>adortus.</strong></span> <span class='ocrx_word' id='word_1_287' title='bbox 1097 3103 1236 3160; x_wconf 86' lang='lat' dir='ltr'><strong>Hinc</strong></span> <span class='ocrx_word' id='word_1_288' title='bbox 1261 3104 1398 3159; x_wconf 83' lang='lat' dir='ltr'><strong>duas</strong></span> <span class='ocrx_word' id='word_1_289' title='bbox 1418 3105 1562 3160; x_wconf 89' lang='lat' dir='ltr'><strong>circa</strong></span> <span class='ocrx_word' id='word_1_290' title='bbox 1586 3104 1734 3158; x_wconf 90' lang='lat' dir='ltr'><strong>hunc</strong></span> <span class='ocrx_word' id='word_1_291' title='bbox 1760 3104 1940 3159; x_wconf 91' lang='lat' dir='ltr'><strong>locum</strong></span> <span class='ocrx_word' id='word_1_292' title='bbox 1969 3101 2267 3158; x_wconf 86' lang='lat' dir='ltr'><strong>sententias</strong></span> <span class='ocrx_word' id='word_1_293' title='bbox 2302 3099 2500 3169; x_wconf 90' lang='lat' dir='ltr'><strong>aperit,</strong></span> <span class='ocrx_word' id='word_1_294' title='bbox 2530 3098 2826 3168; x_wconf 90' lang='lat' dir='ltr'><strong>statimque</strong></span> <span class='ocrx_word' id='word_1_295' title='bbox 2871 3094 3112 3152; x_wconf 84' lang='lat' dir='ltr'><strong>refutat:</strong></span> <span class='ocrx_word' id='word_1_296' title='bbox 3160 3107 3394 3165; x_wconf 88' lang='lat' dir='ltr'><strong>quarum</strong></span> <span class='ocrx_word' id='word_1_297' title='bbox 3441 3089 3600 3160; x_wconf 86' lang='lat' dir='ltr'><strong>prior</strong></span> <span class='ocrx_word' id='word_1_298' title='bbox 3645 3095 3747 3150; x_wconf 86' lang='lat' dir='ltr'><strong>est,</strong></span> 
     </span>
    </p>
   </div>
   <div class='ocr_carea' id='block_1_37' title="bbox 495 3200 3751 3291">
    <p class='ocr_par' dir='ltr' id='par_1_37' title="bbox 495 3200 3751 3291">
     <span class='ocr_line' id='line_1_37' title="bbox 495 3200 3751 3291; baseline -0.006 -17"><span class='ocrx_word' id='word_1_299' title='bbox 495 3218 718 3274; x_wconf 87' lang='lat' dir='ltr'><strong>Petrum</strong></span> <span class='ocrx_word' id='word_1_300' title='bbox 742 3217 808 3274; x_wconf 91' lang='lat' dir='ltr'><strong>de</strong></span> <span class='ocrx_word' id='word_1_301' title='bbox 832 3233 942 3288; x_wconf 91' lang='lat' dir='ltr'><strong>quo</strong></span> <span class='ocrx_word' id='word_1_302' title='bbox 965 3219 1053 3274; x_wconf 91' lang='lat' dir='ltr'><strong>hic</strong></span> <span class='ocrx_word' id='word_1_303' title='bbox 1091 3219 1289 3291; x_wconf 89' lang='lat' dir='ltr'><strong>agitur,</strong></span> <span class='ocrx_word' id='word_1_304' title='bbox 1311 3233 1418 3274; x_wconf 90' lang='lat' dir='ltr'><strong>non</strong></span> <span class='ocrx_word' id='word_1_305' title='bbox 1448 3217 1820 3290; x_wconf 88' lang='lat' dir='ltr'><strong>apostolorum</strong></span> <span class='ocrx_word' id='word_1_306' title='bbox 1852 3217 2178 3289; x_wconf 90' lang='lat' dir='ltr'><strong>principem,</strong></span> <span class='ocrx_word' id='word_1_307' title='bbox 2207 3213 2303 3270; x_wconf 89' lang='lat' dir='ltr'><strong>sed</strong></span> <span class='ocrx_word' id='word_1_308' title='bbox 2331 3214 2499 3268; x_wconf 89' lang='lat' dir='ltr'><strong>alium</strong></span> <span class='ocrx_word' id='word_1_309' title='bbox 2529 3227 2649 3267; x_wconf 90' lang='lat' dir='ltr'><strong>esse</strong></span> <span class='ocrx_word' id='word_1_310' title='bbox 2674 3210 3055 3281; x_wconf 88' lang='lat' dir='ltr'><strong>cognominem</strong></span> <span class='ocrx_word' id='word_1_311' title='bbox 3093 3228 3107 3264; x_wconf 91' lang='lat'><strong>:</strong></span> <span class='ocrx_word' id='word_1_312' title='bbox 3143 3209 3311 3264; x_wconf 88' lang='lat' dir='ltr'><strong>altera</strong></span> <span class='ocrx_word' id='word_1_313' title='bbox 3341 3218 3525 3262; x_wconf 86' lang='lat' dir='ltr'><strong>veram</strong></span> <span class='ocrx_word' id='word_1_314' title='bbox 3562 3200 3751 3259; x_wconf 88' lang='lat' dir='ltr'><strong>statuit</strong></span> 
     </span>
    </p>
   </div>
   <div class='ocr_carea' id='block_1_38' title="bbox 497 3310 3754 3406">
    <p class='ocr_par' dir='ltr' id='par_1_38' title="bbox 497 3310 3754 3406">
     <span class='ocr_line' id='line_1_38' title="bbox 497 3310 3754 3406; baseline -0.007 -18"><span class='ocrx_word' id='word_1_315' title='bbox 497 3347 623 3390; x_wconf 88' lang='lat' dir='ltr'><strong>esse</strong></span> <span class='ocrx_word' id='word_1_316' title='bbox 647 3333 1152 3406; x_wconf 88' lang='lat' dir='ltr'><strong>reprehensionem,</strong></span> <span class='ocrx_word' id='word_1_317' title='bbox 1180 3334 1275 3392; x_wconf 89' lang='lat' dir='ltr'><strong>sed</strong></span> <span class='ocrx_word' id='word_1_318' title='bbox 1306 3333 1560 3390; x_wconf 90' lang='lat' dir='ltr'><strong>simulate</strong></span> <span class='ocrx_word' id='word_1_319' title='bbox 1595 3332 1816 3389; x_wconf 88' lang='lat' dir='ltr'><strong>factam.</strong></span> <span class='ocrx_word' id='word_1_320' title='bbox 1847 3329 2053 3387; x_wconf 86' lang='lat' dir='ltr'><strong>Deinde</strong></span> <span class='ocrx_word' id='word_1_321' title='bbox 2098 3343 2228 3384; x_wconf 90' lang='lat' dir='ltr'><strong>vero</strong></span> <span class='ocrx_word' id='word_1_322' title='bbox 2262 3340 2418 3383; x_wconf 91' lang='lat' dir='ltr'><strong>suam</strong></span> <span class='ocrx_word' id='word_1_323' title='bbox 2464 3322 2674 3396; x_wconf 88' lang='lat' dir='ltr'><strong>profert</strong></span> <span class='ocrx_word' id='word_1_324' title='bbox 2709 3323 2799 3378; x_wconf 90' lang='lat' dir='ltr'><strong>ille</strong></span> <span class='ocrx_word' id='word_1_325' title='bbox 2832 3323 3149 3393; x_wconf 90' lang='lat' dir='ltr'><strong>opinionem</strong></span> <span class='ocrx_word' id='word_1_326' title='bbox 3185 3337 3199 3373; x_wconf 91' lang='lat'><strong>:</strong></span> <span class='ocrx_word' id='word_1_327' title='bbox 3238 3330 3435 3386; x_wconf 90' lang='lat' dir='ltr'><strong>nempe</strong></span> <span class='ocrx_word' id='word_1_328' title='bbox 3476 3310 3754 3384; x_wconf 85' lang='lat' dir='ltr'><strong>apostolos</strong></span> 
     </span>
    </p>
   </div>
   <div class='ocr_carea' id='block_1_39' title="bbox 502 3435 3756 3523">
    <p class='ocr_par' dir='ltr' id='par_1_39' title="bbox 502 3435 3756 3523">
     <span class='ocr_line' id='line_1_39' title="bbox 502 3435 3756 3523; baseline -0.007 -16"><span class='ocrx_word' id='word_1_329' title='bbox 502 3447 724 3507; x_wconf 89' lang='lat' dir='ltr'><strong>Petrum</strong></span> <span class='ocrx_word' id='word_1_330' title='bbox 755 3459 809 3506; x_wconf 90' lang='lat' dir='ltr'><strong>et</strong></span> <span class='ocrx_word' id='word_1_331' title='bbox 835 3449 1065 3508; x_wconf 74' lang='lat' dir='ltr'><strong>Paulum</strong></span> <span class='ocrx_word' id='word_1_332' title='bbox 1101 3451 1168 3507; x_wconf 88' lang='lat' dir='ltr'><strong>ad</strong></span> <span class='ocrx_word' id='word_1_333' title='bbox 1201 3451 1342 3508; x_wconf 91' lang='lat' dir='ltr'><strong>hanc</strong></span> <span class='ocrx_word' id='word_1_334' title='bbox 1377 3452 1519 3523; x_wconf 90' lang='lat' dir='ltr'><strong>piam</strong></span> <span class='ocrx_word' id='word_1_335' title='bbox 1558 3451 1965 3509; x_wconf 86' lang='lat' dir='ltr'><strong>simulationem</strong></span> <span class='ocrx_word' id='word_1_336' title='bbox 2001 3455 2225 3519; x_wconf 88' lang='lat' dir='ltr'><strong>paratos</strong></span> <span class='ocrx_word' id='word_1_337' title='bbox 2257 3445 2655 3512; x_wconf 89' lang='lat' dir='ltr'><strong>meditatosque</strong></span> <span class='ocrx_word' id='word_1_338' title='bbox 2695 3440 2949 3507; x_wconf 84' lang='lat' dir='ltr'><strong>venisse;</strong></span> <span class='ocrx_word' id='word_1_339' title='bbox 3001 3452 3177 3512; x_wconf 81' lang='lat' dir='ltr'><strong>exque</strong></span> <span class='ocrx_word' id='word_1_340' title='bbox 3214 3443 3372 3508; x_wconf 89' lang='lat' dir='ltr'><strong>pacto</strong></span> <span class='ocrx_word' id='word_1_341' title='bbox 3403 3441 3458 3488; x_wconf 91' lang='lat' dir='ltr'><strong>et</strong></span> <span class='ocrx_word' id='word_1_342' title='bbox 3487 3435 3756 3487; x_wconf 85' lang='lat' dir='ltr'><strong>convento</strong></span> 
     </span>
    </p>
   </div>
   <div class='ocr_carea' id='block_1_40' title="bbox 511 3711 3734 3758">
    <p class='ocr_par' dir='ltr' id='par_1_40' title="bbox 511 3711 3734 3758">
     <span class='ocr_line' id='line_1_40' title="bbox 511 3711 3734 3758; baseline 0 -27"><span class='ocrx_word' id='word_1_343' title='bbox 511 3711 3734 3758; x_wconf 78' lang='lat'><strong>_________________________________________________...</strong></span> 
     </span>
    </p>
   </div>
   <div class='ocr_carea' id='block_1_41' title="bbox 460 4050 3748 4107">
    <p class='ocr_par' dir='ltr' id='par_1_41' title="bbox 460 4050 3748 4107">
     <span class='ocr_line' id='line_1_41' title="bbox 460 4050 3748 4107; baseline -0.002 -3"><span class='ocrx_word' id='word_1_344' title='bbox 460 4059 592 4104; x_wconf 79' lang='lat' dir='ltr'><strong>CUM</strong></span> <span class='ocrx_word' id='word_1_345' title='bbox 623 4059 687 4103; x_wconf 83' lang='grc' dir='ltr'><strong>ΙΝ</strong></span> <span class='ocrx_word' id='word_1_346' title='bbox 731 4060 1143 4104; x_wconf 72' lang='lat' dir='ltr'><strong>PBECEDENTI</strong></span> <span class='ocrx_word' id='word_1_347' title='bbox 1167 4060 1483 4104; x_wconf 78' lang='lat' dir='ltr'><strong>COLLECTA</strong></span> <span class='ocrx_word' id='word_1_348' title='bbox 1514 4061 1578 4103; x_wconf 80' lang='lat' dir='ltr'><strong>IN</strong></span> <span class='ocrx_word' id='word_1_349' title='bbox 1614 4059 1779 4103; x_wconf 80' lang='lat' dir='ltr'><strong>NOVA</strong></span> <span class='ocrx_word' id='word_1_350' title='bbox 1825 4057 2121 4102; x_wconf 75' lang='lat' dir='ltr'><strong>ECCLESIA</strong></span> <span class='ocrx_word' id='word_1_351' title='bbox 2162 4057 2293 4099; x_wconf 75' lang='lat' dir='ltr'><strong>CUM</strong></span> <span class='ocrx_word' id='word_1_352' title='bbox 2337 4052 2632 4097; x_wconf 81' lang='lat' dir='ltr'><strong>EPISCOPO</strong></span> <span class='ocrx_word' id='word_1_353' title='bbox 2676 4051 3064 4095; x_wconf 75' lang='lat' dir='ltr'><strong>CONVENTUM</strong></span> <span class='ocrx_word' id='word_1_354' title='bbox 3093 4050 3545 4107; x_wconf 75' lang='lat' dir='ltr'><strong>CELEBRASSET,</strong></span> <span class='ocrx_word' id='word_1_355' title='bbox 3575 4051 3748 4096; x_wconf 73' lang='lat' dir='ltr'><strong>HUNC</strong></span> 
     </span>
    </p>
   </div>
   <div class='ocr_carea' id='block_1_42' title="bbox 539 4151 3748 4204">
    <p class='ocr_par' dir='ltr' id='par_1_42' title="bbox 539 4151 3748 4204">
     <span class='ocr_line' id='line_1_42' title="bbox 539 4151 3748 4204; baseline -0.001 -4"><span class='ocrx_word' id='word_1_356' title='bbox 539 4157 888 4200; x_wconf 71' lang='lat' dir='ltr'><strong>SERMONEM</strong></span> <span class='ocrx_word' id='word_1_357' title='bbox 956 4159 1197 4202; x_wconf 76' lang='lat' dir='ltr'><strong>HABUIT</strong></span> <span class='ocrx_word' id='word_1_358' title='bbox 1240 4160 1304 4203; x_wconf 83' lang='lat' dir='ltr'><strong>IN</strong></span> <span class='ocrx_word' id='word_1_359' title='bbox 1346 4160 1579 4204; x_wconf 79' lang='lat' dir='ltr'><strong>VETERI</strong></span> <span class='ocrx_word' id='word_1_360' title='bbox 1622 4159 1913 4202; x_wconf 81' lang='lat' dir='ltr'><strong>ECCLESIA</strong></span> <span class='ocrx_word' id='word_1_361' title='bbox 1961 4157 2025 4200; x_wconf 79' lang='lat' dir='ltr'><strong>IN</strong></span> <span class='ocrx_word' id='word_1_362' title='bbox 2070 4156 2238 4198; x_wconf 84' lang='lat' dir='ltr'><strong>HUNC</strong></span> <span class='ocrx_word' id='word_1_363' title='bbox 2299 4154 2510 4198; x_wconf 76' lang='grc' dir='ltr'>ιοοωι</span> <span class='ocrx_word' id='word_1_364' title='bbox 2564 4151 2866 4197; x_wconf 77' lang='lat' dir='ltr'><strong>APOSTOLI</strong></span> <span class='ocrx_word' id='word_1_365' title='bbox 2906 4153 2920 4193; x_wconf 77' lang='grc' dir='ltr'>ζ</span> <span class='ocrx_word' id='word_1_366' title='bbox 2967 4152 3098 4195; x_wconf 78' lang='lat' dir='ltr'><strong>CUM</strong></span> <span class='ocrx_word' id='word_1_367' title='bbox 3157 4153 3458 4196; x_wconf 77' lang='lat' dir='ltr'><strong>VENISSET</strong></span> <span class='ocrx_word' id='word_1_368' title='bbox 3509 4151 3748 4196; x_wconf 72' lang='lat' dir='ltr'><strong>PETRUS</strong></span> 
     </span>
    </p>
   </div>
   <div class='ocr_carea' id='block_1_43' title="bbox 537 4237 3746 4320">
    <p class='ocr_par' dir='ltr' id='par_1_43' title="bbox 537 4237 3746 4320">
     <span class='ocr_line' id='line_1_43' title="bbox 537 4237 3746 4320; baseline -0.002 -21"><span class='ocrx_word' id='word_1_369' title='bbox 537 4256 961 4313; x_wconf 58' lang='lat' dir='ltr'><strong>“noenum,</strong></span> <span class='ocrx_word' id='word_1_370' title='bbox 1006 4257 1072 4300; x_wconf 76' lang='lat' dir='ltr'><strong>IN</strong></span> <span class='ocrx_word' id='word_1_371' title='bbox 1114 4258 1353 4301; x_wconf 77' lang='lat' dir='ltr'><strong>FACIEM</strong></span> <span class='ocrx_word' id='word_1_372' title='bbox 1398 4258 1461 4300; x_wconf 81' lang='lat' dir='ltr'><strong>EI</strong></span> <span class='ocrx_word' id='word_1_373' title='bbox 1504 4259 1754 4300; x_wconf 74' lang='lat' dir='ltr'><strong>nssrm</strong></span> <span class='ocrx_word' id='word_1_374' title='bbox 1799 4237 1993 4320; x_wconf 83' lang='lat' dir='ltr'><strong>(Gal.</strong></span> <span class='ocrx_word' id='word_1_375' title='bbox 2020 4237 2082 4297; x_wconf 86' lang='lat'><strong>2.</strong></span> <span class='ocrx_word' id='word_1_376' title='bbox 2113 4239 2181 4298; x_wconf 93' lang='grc'>11</span> <span class='ocrx_word' id='word_1_377' title='bbox 2217 4238 2236 4316; x_wconf 92' lang='grc'><strong>)</strong></span> <span class='ocrx_word' id='word_1_378' title='bbox 2270 4258 2285 4296; x_wconf 89' lang='lat'>:</span> <span class='ocrx_word' id='word_1_379' title='bbox 2319 4255 2399 4296; x_wconf 81' lang='lat' dir='ltr'><strong>ET</strong></span> <span class='ocrx_word' id='word_1_380' title='bbox 2435 4251 2746 4296; x_wconf 72' lang='lat' dir='ltr'><strong>osrsum&#39;r</strong></span> <span class='ocrx_word' id='word_1_381' title='bbox 2788 4251 2870 4294; x_wconf 71' lang='lat' dir='ltr'><strong>ea</strong></span> <span class='ocrx_word' id='word_1_382' title='bbox 2913 4250 3055 4303; x_wconf 68' lang='lat' dir='ltr'><strong>quas</strong></span> <span class='ocrx_word' id='word_1_383' title='bbox 3097 4252 3231 4294; x_wconf 74' lang='lat' dir='ltr'><strong>TUM</strong></span> <span class='ocrx_word' id='word_1_384' title='bbox 3275 4252 3574 4308; x_wconf 71' lang='lat' dir='ltr'><strong>FIEBANT,</strong></span> <span class='ocrx_word' id='word_1_385' title='bbox 3623 4251 3746 4295; x_wconf 69' lang='lat' dir='ltr'><strong>mox</strong></span> 
     </span>
    </p>
   </div>
   <div class='ocr_carea' id='block_1_44' title="bbox 543 4350 3748 4413">
    <p class='ocr_par' dir='ltr' id='par_1_44' title="bbox 543 4350 3748 4413">
     <span class='ocr_line' id='line_1_44' title="bbox 543 4350 3748 4413; baseline -0.002 -10"><span class='ocrx_word' id='word_1_386' title='bbox 543 4359 580 4403; x_wconf 82' lang='grc' dir='ltr'><strong>Δ</strong></span> <span class='ocrx_word' id='word_1_387' title='bbox 649 4356 1026 4400; x_wconf 73' lang='lat' dir='ltr'><strong>CONTRARIIS</strong></span> <span class='ocrx_word' id='word_1_388' title='bbox 1095 4357 1342 4403; x_wconf 86' lang='lat' dir='ltr'><strong>STUDIIS</strong></span> <span class='ocrx_word' id='word_1_389' title='bbox 1403 4357 1722 4402; x_wconf 76' lang='lat' dir='ltr'><strong>PROFECTA</strong></span> <span class='ocrx_word' id='word_1_390' title='bbox 1766 4358 1960 4413; x_wconf 76' lang='lat' dir='ltr'><strong>ESSE,</strong></span> <span class='ocrx_word' id='word_1_391' title='bbox 2037 4355 2254 4401; x_wconf 75' lang='lat' dir='ltr'><strong>VERUM</strong></span> <span class='ocrx_word' id='word_1_392' title='bbox 2323 4354 2409 4396; x_wconf 83' lang='lat' dir='ltr'><strong>EX</strong></span> <span class='ocrx_word' id='word_1_393' title='bbox 2451 4351 2650 4397; x_wconf 80' lang='lat' dir='ltr'><strong>PACTO</strong></span> <span class='ocrx_word' id='word_1_394' title='bbox 2717 4350 3048 4397; x_wconf 76' lang='lat' dir='ltr'><strong>CONVENTO</strong></span> <span class='ocrx_word' id='word_1_395' title='bbox 3115 4353 3196 4395; x_wconf 84' lang='lat' dir='ltr'><strong>ET</strong></span> <span class='ocrx_word' id='word_1_396' title='bbox 3240 4353 3359 4396; x_wconf 75' lang='lat' dir='ltr'><strong>PER</strong></span> <span class='ocrx_word' id='word_1_397' title='bbox 3417 4353 3748 4398; x_wconf 70' lang='lat' dir='ltr'><strong>DISPENSA-</strong></span> 
     </span>
    </p>
   </div>
   <div class='ocr_carea' id='block_1_45' title="bbox 540 4439 941 4510">
    <p class='ocr_par' dir='ltr' id='par_1_45' title="bbox 540 4439 941 4510">
     <span class='ocr_line' id='line_1_45' title="bbox 540 4439 941 4510; baseline -0.005 -6"><span class='ocrx_word' id='word_1_398' title='bbox 540 4457 783 4504; x_wconf 75' lang='lat' dir='ltr'><strong>TIONEM</strong></span> <span class='ocrx_word' id='word_1_399' title='bbox 829 4439 941 4510; x_wconf 90' lang='lat' dir='ltr'><strong>(a).</strong></span> 
     </span>
    </p>
   </div>
   <div class='ocr_carea' id='block_1_46' title="bbox 1846 4601 2078 4616">
    <p class='ocr_par' dir='ltr' id='par_1_46' title="bbox 1846 4601 2078 4616">
     <span class='ocr_line' id='line_1_46' title="bbox 1846 4601 2078 4616; baseline 0.004 -3"><span class='ocrx_word' id='word_1_400' title='bbox 1846 4601 2078 4616; x_wconf 43' lang='lat' dir='ltr'>ﬂ</span> 
     </span>
    </p>
   </div>
   <div class='ocr_carea' id='block_1_47' title="bbox 529 4726 2052 4800">
    <p class='ocr_par' dir='ltr' id='par_1_47' title="bbox 529 4726 2052 4800">
     <span class='ocr_line' id='line_1_47' title="bbox 529 4726 2052 4800; baseline -0.003 -16"><span class='ocrx_word' id='word_1_401' title='bbox 529 4727 585 4784; x_wconf 75' lang='grc'><strong>1.</strong></span> <span class='ocrx_word' id='word_1_402' title='bbox 619 4728 792 4784; x_wconf 78' lang='lat' dir='ltr'><strong>Unum</strong></span> <span class='ocrx_word' id='word_1_403' title='bbox 835 4744 866 4784; x_wconf 92' lang='lat' dir='ltr'><strong>a</strong></span> <span class='ocrx_word' id='word_1_404' title='bbox 905 4730 1060 4785; x_wconf 89' lang='lat' dir='ltr'><strong>vobis</strong></span> <span class='ocrx_word' id='word_1_405' title='bbox 1099 4729 1247 4786; x_wconf 89' lang='lat' dir='ltr'><strong>abfui</strong></span> <span class='ocrx_word' id='word_1_406' title='bbox 1290 4729 1469 4796; x_wconf 89' lang='lat' dir='ltr'><strong>diem,</strong></span> <span class='ocrx_word' id='word_1_407' title='bbox 1521 4735 1576 4784; x_wconf 90' lang='lat' dir='ltr'><strong>et</strong></span> <span class='ocrx_word' id='word_1_408' title='bbox 1624 4726 1849 4800; x_wconf 88' lang='lat' dir='ltr'><strong>perinde</strong></span> <span class='ocrx_word' id='word_1_409' title='bbox 1897 4726 2052 4797; x_wconf 89' lang='lat' dir='ltr'><strong>quasi</strong></span> 
     </span>
    </p>
   </div>
   <div class='ocr_carea' id='block_1_48' title="bbox 461 4817 2050 4890">
    <p class='ocr_par' dir='ltr' id='par_1_48' title="bbox 461 4817 2050 4890">
     <span class='ocr_line' id='line_1_48' title="bbox 461 4817 2050 4890; baseline -0.001 -16"><span class='ocrx_word' id='word_1_410' title='bbox 461 4831 604 4874; x_wconf 84' lang='lat' dir='ltr'><strong>anno</strong></span> <span class='ocrx_word' id='word_1_411' title='bbox 649 4817 854 4888; x_wconf 89' lang='lat' dir='ltr'><strong>integro</strong></span> <span class='ocrx_word' id='word_1_412' title='bbox 895 4827 1172 4890; x_wconf 89' lang='lat' dir='ltr'><strong>separatus</strong></span> <span class='ocrx_word' id='word_1_413' title='bbox 1199 4834 1230 4873; x_wconf 90' lang='lat' dir='ltr'><strong>a</strong></span> <span class='ocrx_word' id='word_1_414' title='bbox 1272 4820 1426 4876; x_wconf 88' lang='lat' dir='ltr'><strong>vobis</strong></span> <span class='ocrx_word' id='word_1_415' title='bbox 1473 4819 1729 4886; x_wconf 87' lang='lat' dir='ltr'><strong>fuissem,</strong></span> <span class='ocrx_word' id='word_1_416' title='bbox 1768 4818 1840 4873; x_wconf 91' lang='lat' dir='ltr'><strong>ita</strong></span> <span class='ocrx_word' id='word_1_417' title='bbox 1883 4817 2050 4872; x_wconf 92' lang='lat' dir='ltr'><strong>tristis</strong></span> 
     </span>
    </p>
   </div>
   <div class='ocr_carea' id='block_1_49' title="bbox 463 4908 2050 4981">
    <p class='ocr_par' dir='ltr' id='par_1_49' title="bbox 463 4908 2050 4981">
     <span class='ocr_line' id='line_1_49' title="bbox 463 4908 2050 4981; baseline -0.001 -17"><span class='ocrx_word' id='word_1_418' title='bbox 463 4917 797 4979; x_wconf 74' lang='lat' dir='ltr'><strong>nitestusque</strong></span> <span class='ocrx_word' id='word_1_419' title='bbox 838 4911 1125 4980; x_wconf 86' lang='lat' dir='ltr'><strong>permansi.</strong></span> <span class='ocrx_word' id='word_1_420' title='bbox 1171 4911 1344 4981; x_wconf 86' lang='lat' dir='ltr'><strong>Atque</strong></span> <span class='ocrx_word' id='word_1_421' title='bbox 1376 4911 1490 4966; x_wconf 66' lang='lat' dir='ltr'><strong>haec</strong></span> <span class='ocrx_word' id='word_1_422' title='bbox 1526 4925 1650 4966; x_wconf 89' lang='lat' dir='ltr'><strong>vera</strong></span> <span class='ocrx_word' id='word_1_423' title='bbox 1673 4923 1796 4965; x_wconf 89' lang='lat' dir='ltr'><strong>esse</strong></span> <span class='ocrx_word' id='word_1_424' title='bbox 1819 4950 1834 4977; x_wconf 89' lang='lat'><strong>,</strong></span> <span class='ocrx_word' id='word_1_425' title='bbox 1882 4923 1952 4964; x_wconf 80' lang='lat' dir='ltr'><strong>ex</strong></span> <span class='ocrx_word' id='word_1_426' title='bbox 1986 4908 2050 4962; x_wconf 90' lang='lat' dir='ltr'><strong>iis</strong></span> 
     </span>
    </p>
   </div>
   <div class='ocr_carea' id='block_1_50' title="bbox 460 4999 2047 5074">
    <p class='ocr_par' dir='ltr' id='par_1_50' title="bbox 460 4999 2047 5074">
     <span class='ocr_line' id='line_1_50' title="bbox 460 4999 2047 5074; baseline -0.001 -20"><span class='ocrx_word' id='word_1_427' title='bbox 460 5017 580 5074; x_wconf 76' lang='lat' dir='ltr'><strong>quze</strong></span> <span class='ocrx_word' id='word_1_428' title='bbox 613 4999 766 5054; x_wconf 86' lang='lat' dir='ltr'><strong>vobis</strong></span> <span class='ocrx_word' id='word_1_429' title='bbox 795 4999 1135 5065; x_wconf 90' lang='lat' dir='ltr'><strong>acciderunt,</strong></span> <span class='ocrx_word' id='word_1_430' title='bbox 1170 5001 1269 5072; x_wconf 90' lang='lat' dir='ltr'><strong>ipsi</strong></span> <span class='ocrx_word' id='word_1_431' title='bbox 1301 5002 1640 5072; x_wconf 90' lang='lat' dir='ltr'><strong>cognoscitis.</strong></span> <span class='ocrx_word' id='word_1_432' title='bbox 1699 5001 1770 5057; x_wconf 88' lang='lat' dir='ltr'><strong>Ut</strong></span> <span class='ocrx_word' id='word_1_433' title='bbox 1795 5001 1938 5056; x_wconf 90' lang='lat' dir='ltr'><strong>enim</strong></span> <span class='ocrx_word' id='word_1_434' title='bbox 1965 5000 2047 5053; x_wconf 88' lang='lat' dir='ltr'><strong>la-</strong></span> 
     </span>
    </p>
   </div>
   <div class='ocr_carea' id='block_1_51' title="bbox 457 5090 2050 5162">
    <p class='ocr_par' dir='ltr' id='par_1_51' title="bbox 457 5090 2050 5162">
     <span class='ocr_line' id='line_1_51' title="bbox 457 5090 2050 5162; baseline -0.001 -15"><span class='ocrx_word' id='word_1_435' title='bbox 457 5101 611 5147; x_wconf 88' lang='lat' dir='ltr'><strong>ctens</strong></span> <span class='ocrx_word' id='word_1_436' title='bbox 641 5090 898 5162; x_wconf 91' lang='lat' dir='ltr'><strong>puerulus</strong></span> <span class='ocrx_word' id='word_1_437' title='bbox 923 5105 954 5144; x_wconf 90' lang='lat' dir='ltr'><strong>a</strong></span> <span class='ocrx_word' id='word_1_438' title='bbox 982 5091 1236 5146; x_wconf 90' lang='lat' dir='ltr'><strong>maternis</strong></span> <span class='ocrx_word' id='word_1_439' title='bbox 1284 5092 1504 5147; x_wconf 89' lang='lat' dir='ltr'><strong>avulsus</strong></span> <span class='ocrx_word' id='word_1_440' title='bbox 1547 5092 1801 5148; x_wconf 90' lang='lat' dir='ltr'><strong>uberibus</strong></span> <span class='ocrx_word' id='word_1_441' title='bbox 1832 5094 1848 5124; x_wconf 89' lang='grc'>¹</span> <span class='ocrx_word' id='word_1_442' title='bbox 1871 5134 1886 5159; x_wconf 87' lang='grc'><em>,</em></span> <span class='ocrx_word' id='word_1_443' title='bbox 1916 5107 2050 5162; x_wconf 85' lang='lat' dir='ltr'><strong>quo-</strong></span> 
     </span>
    </p>
   </div>
   <div class='ocr_carea' id='block_1_52' title="bbox 459 5180 2048 5254">
    <p class='ocr_par' dir='ltr' id='par_1_52' title="bbox 459 5180 2048 5254">
     <span class='ocr_line' id='line_1_52' title="bbox 459 5180 2048 5254; baseline -0.001 -14"><span class='ocrx_word' id='word_1_444' title='bbox 459 5197 691 5254; x_wconf 90' lang='lat' dir='ltr'><strong>cumque</strong></span> <span class='ocrx_word' id='word_1_445' title='bbox 723 5181 938 5238; x_wconf 89' lang='lat' dir='ltr'><strong>tandem</strong></span> <span class='ocrx_word' id='word_1_446' title='bbox 965 5180 1229 5236; x_wconf 89' lang='lat' dir='ltr'><strong>ahductus</strong></span> <span class='ocrx_word' id='word_1_447' title='bbox 1256 5182 1432 5248; x_wconf 86' lang='lat' dir='ltr'><strong>fuerit,</strong></span> <span class='ocrx_word' id='word_1_448' title='bbox 1459 5185 1651 5239; x_wconf 89' lang='lat' dir='ltr'><strong>crebro</strong></span> <span class='ocrx_word' id='word_1_449' title='bbox 1679 5200 1738 5240; x_wconf 90' lang='lat' dir='ltr'><strong>se</strong></span> <span class='ocrx_word' id='word_1_450' title='bbox 1767 5184 1869 5240; x_wconf 91' lang='lat' dir='ltr'><strong>huc</strong></span> <span class='ocrx_word' id='word_1_451' title='bbox 1896 5185 2048 5239; x_wconf 89' lang='lat' dir='ltr'><strong>illuc-</strong></span> 
     </span>
    </p>
   </div>
   <div class='ocr_carea' id='block_1_53' title="bbox 459 5273 2049 5344">
    <p class='ocr_par' dir='ltr' id='par_1_53' title="bbox 459 5273 2049 5344">
     <span class='ocr_line' id='line_1_53' title="bbox 459 5273 2049 5344; baseline -0.002 -12"><span class='ocrx_word' id='word_1_452' title='bbox 459 5290 566 5344; x_wconf 88' lang='lat' dir='ltr'><strong>que</strong></span> <span class='ocrx_word' id='word_1_453' title='bbox 590 5273 881 5342; x_wconf 85' lang='lat' dir='ltr'><strong>convertit,</strong></span> <span class='ocrx_word' id='word_1_454' title='bbox 913 5282 968 5329; x_wconf 90' lang='lat' dir='ltr'><strong>et</strong></span> <span class='ocrx_word' id='word_1_455' title='bbox 989 5281 1214 5328; x_wconf 89' lang='lat' dir='ltr'><strong>matrem</strong></span> <span class='ocrx_word' id='word_1_456' title='bbox 1237 5287 1389 5328; x_wconf 92' lang='lat' dir='ltr'><strong>suam</strong></span> <span class='ocrx_word' id='word_1_457' title='bbox 1415 5275 1773 5344; x_wconf 90' lang='lat' dir='ltr'><strong>circumspicit</strong></span> <span class='ocrx_word' id='word_1_458' title='bbox 1806 5275 1921 5329; x_wconf 91' lang='lat' dir='ltr'><strong>:sic</strong></span> <span class='ocrx_word' id='word_1_459' title='bbox 1949 5288 2049 5344; x_wconf 83' lang='lat' dir='ltr'><strong>ego</strong></span> 
     </span>
    </p>
   </div>
   <div class='ocr_carea' id='block_1_54' title="bbox 457 5364 2047 5434">
    <p class='ocr_par' dir='ltr' id='par_1_54' title="bbox 457 5364 2047 5434">
     <span class='ocr_line' id='line_1_54' title="bbox 457 5364 2047 5434; baseline 0.001 -16"><span class='ocrx_word' id='word_1_460' title='bbox 457 5379 671 5434; x_wconf 88' lang='lat' dir='ltr'><strong>quoque</strong></span> <span class='ocrx_word' id='word_1_461' title='bbox 716 5364 902 5434; x_wconf 92' lang='lat' dir='ltr'><strong>procul</strong></span> <span class='ocrx_word' id='word_1_462' title='bbox 945 5379 975 5419; x_wconf 85' lang='lat' dir='ltr'><strong>a</strong></span> <span class='ocrx_word' id='word_1_463' title='bbox 1023 5374 1268 5419; x_wconf 90' lang='lat' dir='ltr'><strong>materno</strong></span> <span class='ocrx_word' id='word_1_464' title='bbox 1312 5365 1431 5419; x_wconf 89' lang='lat' dir='ltr'><strong>sinu</strong></span> <span class='ocrx_word' id='word_1_465' title='bbox 1481 5365 1803 5431; x_wconf 90' lang='lat' dir='ltr'><strong>translatus,</strong></span> <span class='ocrx_word' id='word_1_466' title='bbox 1857 5366 2047 5420; x_wconf 90' lang='lat' dir='ltr'><strong>crebro</strong></span> 
     </span>
    </p>
   </div>
   <div class='ocr_carea' id='block_1_55' title="bbox 458 5455 2047 5528">
    <p class='ocr_par' dir='ltr' id='par_1_55' title="bbox 458 5455 2047 5528">
     <span class='ocr_line' id='line_1_55' title="bbox 458 5455 2047 5528; baseline 0.003 -21"><span class='ocrx_word' id='word_1_467' title='bbox 458 5455 991 5524; x_wconf 88' lang='lat' dir='ltr'><strong>circumspiciebam,</strong></span> <span class='ocrx_word' id='word_1_468' title='bbox 1047 5466 1102 5511; x_wconf 93' lang='lat' dir='ltr'><strong>et</strong></span> <span class='ocrx_word' id='word_1_469' title='bbox 1151 5457 1505 5528; x_wconf 87' lang='lat' dir='ltr'><strong>undequaque</strong></span> <span class='ocrx_word' id='word_1_470' title='bbox 1549 5470 1760 5512; x_wconf 88' lang='lat' dir='ltr'><strong>sacrum</strong></span> <span class='ocrx_word' id='word_1_471' title='bbox 1811 5466 2047 5512; x_wconf 89' lang='lat' dir='ltr'><strong>vestrum</strong></span> 
     </span>
    </p>
   </div>
   <div class='ocr_carea' id='block_1_56' title="bbox 461 5545 2048 5617">
    <p class='ocr_par' dir='ltr' id='par_1_56' title="bbox 461 5545 2048 5617">
     <span class='ocr_line' id='line_1_56' title="bbox 461 5545 2048 5617; baseline 0.001 -17"><span class='ocrx_word' id='word_1_472' title='bbox 461 5545 602 5602; x_wconf 83' lang='lat' dir='ltr'><strong>hunc</strong></span> <span class='ocrx_word' id='word_1_473' title='bbox 629 5555 827 5604; x_wconf 72' lang='lat' dir='ltr'><strong>emtum</strong></span> <span class='ocrx_word' id='word_1_474' title='bbox 852 5548 1209 5617; x_wconf 90' lang='lat' dir='ltr'><strong>requirebam.</strong></span> <span class='ocrx_word' id='word_1_475' title='bbox 1265 5548 1372 5605; x_wconf 90' lang='lat' dir='ltr'><strong>Sed</strong></span> <span class='ocrx_word' id='word_1_476' title='bbox 1399 5563 1460 5604; x_wconf 90' lang='lat' dir='ltr'><strong>ea</strong></span> <span class='ocrx_word' id='word_1_477' title='bbox 1488 5563 1576 5604; x_wconf 89' lang='lat' dir='ltr'><strong>me</strong></span> <span class='ocrx_word' id='word_1_478' title='bbox 1597 5562 1684 5602; x_wconf 91' lang='lat' dir='ltr'><strong>res</strong></span> <span class='ocrx_word' id='word_1_479' title='bbox 1711 5556 1886 5603; x_wconf 89' lang='lat' dir='ltr'><strong>tamen</strong></span> <span class='ocrx_word' id='word_1_480' title='bbox 1919 5548 2048 5604; x_wconf 85' lang='lat' dir='ltr'><strong>satis</strong></span> 
     </span>
    </p>
   </div>
   <div class='ocr_carea' id='block_1_57' title="bbox 460 5635 2042 5714">
    <p class='ocr_par' dir='ltr' id='par_1_57' title="bbox 460 5635 2042 5714">
     <span class='ocr_line' id='line_1_57' title="bbox 460 5635 2042 5714; baseline 0.005 -27"><span class='ocrx_word' id='word_1_481' title='bbox 460 5635 854 5704; x_wconf 84' lang='lat' dir='ltr'><strong>consolabatur,</strong></span> <span class='ocrx_word' id='word_1_482' title='bbox 886 5637 1028 5706; x_wconf 92' lang='lat' dir='ltr'><strong>quod</strong></span> <span class='ocrx_word' id='word_1_483' title='bbox 1061 5638 1188 5693; x_wconf 89' lang='lat' dir='ltr'><strong>dum</strong></span> <span class='ocrx_word' id='word_1_484' title='bbox 1216 5640 1584 5696; x_wconf 88' lang='lat' dir='ltr'><strong>amantissimo</strong></span> <span class='ocrx_word' id='word_1_485' title='bbox 1609 5641 1744 5714; x_wconf 87' lang='lat' dir='ltr'><strong>patri</strong></span> <span class='ocrx_word' id='word_1_486' title='bbox 1777 5655 2042 5712; x_wconf 85' lang='lat' dir='ltr'><strong>parerem,</strong></span> 
     </span>
    </p>
   </div>
   <div class='ocr_carea' id='block_1_58' title="bbox 464 5793 2050 5904">
    <p class='ocr_par' dir='ltr' id='par_1_58' title="bbox 464 5793 2050 5904">
     <span class='ocr_line' id='line_1_58' title="bbox 464 5793 2050 5904; baseline 0.003 -58"><span class='ocrx_word' id='word_1_487' title='bbox 464 5793 598 5904; x_wconf 50' lang='grc' dir='ltr'>ί</span> <span class='ocrx_word' id='word_1_488' title='bbox 641 5795 820 5846; x_wconf 78' lang='lat' dir='ltr'><strong>collata</strong></span> <span class='ocrx_word' id='word_1_489' title='bbox 853 5809 963 5847; x_wconf 77' lang='lat' dir='ltr'><strong>wm</strong></span> <span class='ocrx_word' id='word_1_490' title='bbox 995 5803 1102 5846; x_wconf 75' lang='lat' dir='ltr'><strong>Mss.</strong></span> <span class='ocrx_word' id='word_1_491' title='bbox 1135 5800 1284 5862; x_wconf 80' lang='lat' dir='ltr'><strong>Regio</strong></span> <span class='ocrx_word' id='word_1_492' title='bbox 1301 5799 1444 5860; x_wconf 72' lang='grc'><strong>2543,</strong></span> <span class='ocrx_word' id='word_1_493' title='bbox 1480 5808 1532 5852; x_wconf 90' lang='lat' dir='ltr'><strong>et</strong></span> <span class='ocrx_word' id='word_1_494' title='bbox 1554 5802 1845 5854; x_wconf 85' lang='lat' dir='ltr'><strong>Colbertiuis</strong></span> <span class='ocrx_word' id='word_1_495' title='bbox 1871 5801 1966 5852; x_wconf 84' lang='lat'><strong>970</strong></span> <span class='ocrx_word' id='word_1_496' title='bbox 1999 5809 2050 5851; x_wconf 89' lang='lat' dir='ltr'><strong>et</strong></span> 
     </span>
    </p>
   </div>
   <div class='ocr_carea' id='block_1_59' title="bbox 526 5892 1504 5979">
    <p class='ocr_par' dir='ltr' id='par_1_59' title="bbox 526 5892 1504 5979">
     <span class='ocr_line' id='line_1_59' title="bbox 526 5892 1504 5979; baseline 0.008 -17"><span class='ocrx_word' id='word_1_497' title='bbox 526 5892 711 5966; x_wconf 47' lang='lat' dir='ltr'><strong>Tutius</strong></span> <span class='ocrx_word' id='word_1_498' title='bbox 736 5924 862 5977; x_wconf 59' lang='lat'><strong>3153.,</strong></span> <span class='ocrx_word' id='word_1_499' title='bbox 894 5931 924 5968; x_wconf 89' lang='lat' dir='ltr'><strong>a</strong></span> <span class='ocrx_word' id='word_1_500' title='bbox 943 5925 1144 5979; x_wconf 81' lang='lat' dir='ltr'><strong>paterna</strong></span> <span class='ocrx_word' id='word_1_501' title='bbox 1165 5918 1271 5970; x_wconf 80' lang='lat' dir='ltr'><strong>sinu</strong></span> <span class='ocrx_word' id='word_1_502' title='bbox 1295 5920 1504 5974; x_wconf 75' lang='lat' dir='ltr'><strong>avulsus.</strong></span> 
     </span>
    </p>
   </div>
   <div class='ocr_carea' id='block_1_60' title="bbox 2081 4579 2128 4630">
    <p class='ocr_par' dir='ltr' id='par_1_60' title="bbox 2081 4579 2128 4630">
     <span class='ocr_line' id='line_1_60' title="bbox 2081 4579 2128 4630; baseline 0 0"><span class='ocrx_word' id='word_1_503' title='bbox 2081 4579 2128 4630; x_wconf 67' lang='grc' dir='ltr'>Φ</span> 
     </span>
    </p>
   </div>
   <div class='ocr_carea' id='block_1_61' title="bbox 2128 4598 2378 4616">
    <p class='ocr_par' dir='ltr' id='par_1_61' title="bbox 2128 4598 2378 4616">
     <span class='ocr_line' id='line_1_61' title="bbox 2128 4598 2378 4616; baseline -0.016 0"><span class='ocrx_word' id='word_1_504' title='bbox 2128 4598 2378 4616; x_wconf 59' lang='grc' dir='ltr'><strong>...φησι-ιι.-</strong></span> 
     </span>
    </p>
   </div>
   <div class='ocr_carea' id='block_1_62' title="bbox 2159 4717 3749 4789">
    <p class='ocr_par' dir='ltr' id='par_1_62' title="bbox 2159 4717 3749 4789">
     <span class='ocr_line' id='line_1_62' title="bbox 2159 4717 3749 4789; baseline -0.004 -13"><span class='ocrx_word' id='word_1_505' title='bbox 2159 4721 2214 4776; x_wconf 92' lang='lat' dir='ltr'><strong>id</strong></span> <span class='ocrx_word' id='word_1_506' title='bbox 2245 4719 2375 4774; x_wconf 91' lang='lat' dir='ltr'><strong>mihi</strong></span> <span class='ocrx_word' id='word_1_507' title='bbox 2405 4718 2693 4786; x_wconf 91' lang='lat' dir='ltr'><strong>accideret,</strong></span> <span class='ocrx_word' id='word_1_508' title='bbox 2725 4727 2779 4774; x_wconf 90' lang='lat' dir='ltr'><strong>et</strong></span> <span class='ocrx_word' id='word_1_509' title='bbox 2806 4725 3125 4789; x_wconf 86' lang='lat' dir='ltr'><strong>conceptum</strong></span> <span class='ocrx_word' id='word_1_510' title='bbox 3155 4732 3220 4773; x_wconf 83' lang='lat' dir='ltr'><strong>ex</strong></span> <span class='ocrx_word' id='word_1_511' title='bbox 3253 4717 3590 4786; x_wconf 77' lang='lat' dir='ltr'><strong>separatione</strong></span> <span class='ocrx_word' id='word_1_512' title='bbox 3615 4730 3749 4771; x_wconf 83' lang='lat' dir='ltr'><strong>mce-</strong></span> 
     </span>
    </p>
   </div>
   <div class='ocr_carea' id='block_1_63' title="bbox 2153 4810 3751 4880">
    <p class='ocr_par' dir='ltr' id='par_1_63' title="bbox 2153 4810 3751 4880">
     <span class='ocr_line' id='line_1_63' title="bbox 2153 4810 3751 4880; baseline -0.001 -11"><span class='ocrx_word' id='word_1_513' title='bbox 2153 4827 2331 4869; x_wconf 85' lang='lat' dir='ltr'><strong>rorem</strong></span> <span class='ocrx_word' id='word_1_514' title='bbox 2353 4811 2668 4868; x_wconf 69' lang='lat' dir='ltr'><strong>obedientiaa</strong></span> <span class='ocrx_word' id='word_1_515' title='bbox 2695 4813 2969 4880; x_wconf 69' lang='lat' dir='ltr'><strong>praemium</strong></span> <span class='ocrx_word' id='word_1_516' title='bbox 2994 4810 3346 4880; x_wconf 89' lang='lat' dir='ltr'><strong>abstergebat.</strong></span> <span class='ocrx_word' id='word_1_517' title='bbox 3371 4811 3463 4864; x_wconf 79' lang='lat' dir='ltr'><strong>Est</strong></span> <span class='ocrx_word' id='word_1_518' title='bbox 3482 4811 3622 4865; x_wconf 89' lang='lat' dir='ltr'><strong>enim</strong></span> <span class='ocrx_word' id='word_1_519' title='bbox 3644 4811 3751 4867; x_wconf 83' lang='lat' dir='ltr'><strong>hoc</strong></span> 
     </span>
    </p>
   </div>
   <div class='ocr_carea' id='block_1_64' title="bbox 2155 4905 3748 4979">
    <p class='ocr_par' dir='ltr' id='par_1_64' title="bbox 2155 4905 3748 4979">
     <span class='ocr_line' id='line_1_64' title="bbox 2155 4905 3748 4979; baseline -0.004 -15"><span class='ocrx_word' id='word_1_520' title='bbox 2155 4908 2286 4964; x_wconf 92' lang='lat' dir='ltr'><strong>mihi</strong></span> <span class='ocrx_word' id='word_1_521' title='bbox 2309 4908 2394 4964; x_wconf 89' lang='lat' dir='ltr'><strong>vel</strong></span> <span class='ocrx_word' id='word_1_522' title='bbox 2429 4907 2623 4979; x_wconf 87' lang='lat' dir='ltr'><strong>quovis</strong></span> <span class='ocrx_word' id='word_1_523' title='bbox 2665 4907 2967 4962; x_wconf 91' lang='lat' dir='ltr'><strong>diademate</strong></span> <span class='ocrx_word' id='word_1_524' title='bbox 2995 4905 3256 4960; x_wconf 91' lang='lat' dir='ltr'><strong>illustrius</strong></span> <span class='ocrx_word' id='word_1_525' title='bbox 3278 4946 3296 4972; x_wconf 94' lang='lat'><strong>,</strong></span> <span class='ocrx_word' id='word_1_526' title='bbox 3326 4914 3380 4960; x_wconf 89' lang='lat' dir='ltr'><strong>et</strong></span> <span class='ocrx_word' id='word_1_527' title='bbox 3403 4919 3601 4961; x_wconf 87' lang='lat' dir='ltr'><strong>corona</strong></span> <span class='ocrx_word' id='word_1_528' title='bbox 3629 4905 3748 4974; x_wconf 84' lang='lat' dir='ltr'><strong>glo-</strong></span> 
     </span>
    </p>
   </div>
   <div class='ocr_carea' id='block_1_65' title="bbox 2154 4995 3748 5068">
    <p class='ocr_par' dir='ltr' id='par_1_65' title="bbox 2154 4995 3748 5068">
     <span class='ocr_line' id='line_1_65' title="bbox 2154 4995 3748 5068; baseline -0.003 -15"><span class='ocrx_word' id='word_1_529' title='bbox 2154 4998 2348 5054; x_wconf 89' lang='lat' dir='ltr'><strong>riosius</strong></span> <span class='ocrx_word' id='word_1_530' title='bbox 2375 5039 2391 5065; x_wconf 91' lang='lat'><strong>,</strong></span> <span class='ocrx_word' id='word_1_531' title='bbox 2424 4997 2621 5068; x_wconf 90' lang='lat' dir='ltr'><strong>ubique</strong></span> <span class='ocrx_word' id='word_1_532' title='bbox 2658 5011 2778 5052; x_wconf 91' lang='lat' dir='ltr'><strong>cum</strong></span> <span class='ocrx_word' id='word_1_533' title='bbox 2816 4997 3056 5067; x_wconf 84' lang='lat' dir='ltr'><strong>genitore</strong></span> <span class='ocrx_word' id='word_1_534' title='bbox 3083 4996 3408 5066; x_wconf 85' lang='lat' dir='ltr'><strong>peregrinari</strong></span> <span class='ocrx_word' id='word_1_535' title='bbox 3435 5013 3449 5050; x_wconf 93' lang='lat'><strong>:</strong></span> <span class='ocrx_word' id='word_1_536' title='bbox 3490 4996 3592 5050; x_wconf 91' lang='lat' dir='ltr'><strong>hoc</strong></span> <span class='ocrx_word' id='word_1_537' title='bbox 3617 4995 3748 5049; x_wconf 87' lang='lat' dir='ltr'><strong>mihi</strong></span> 
     </span>
    </p>
   </div>
   <div class='ocr_carea' id='block_1_66' title="bbox 2154 5087 3745 5158">
    <p class='ocr_par' dir='ltr' id='par_1_66' title="bbox 2154 5087 3745 5158">
     <span class='ocr_line' id='line_1_66' title="bbox 2154 5087 3745 5158; baseline -0.003 -12"><span class='ocrx_word' id='word_1_538' title='bbox 2154 5099 2373 5146; x_wconf 87' lang='lat' dir='ltr'><strong>Ornatus</strong></span> <span class='ocrx_word' id='word_1_539' title='bbox 2402 5099 2504 5154; x_wconf 87' lang='lat' dir='ltr'><strong>est,</strong></span> <span class='ocrx_word' id='word_1_540' title='bbox 2532 5099 2587 5145; x_wconf 91' lang='lat' dir='ltr'><strong>et</strong></span> <span class='ocrx_word' id='word_1_541' title='bbox 2629 5089 2889 5144; x_wconf 86' lang='lat' dir='ltr'><strong>securitas</strong></span> <span class='ocrx_word' id='word_1_542' title='bbox 2923 5106 2935 5142; x_wconf 90' lang='lat'>:</span> <span class='ocrx_word' id='word_1_543' title='bbox 2963 5097 3182 5143; x_wconf 87' lang='lat' dir='ltr'><strong>ornatus</strong></span> <span class='ocrx_word' id='word_1_544' title='bbox 3206 5087 3458 5158; x_wconf 89' lang='lat' dir='ltr'><strong>quidem,</strong></span> <span class='ocrx_word' id='word_1_545' title='bbox 3491 5087 3633 5158; x_wconf 90' lang='lat' dir='ltr'><strong>quod</strong></span> <span class='ocrx_word' id='word_1_546' title='bbox 3666 5088 3745 5142; x_wconf 87' lang='lat' dir='ltr'><strong>sic</strong></span> 
     </span>
    </p>
   </div>
   <div class='ocr_carea' id='block_1_67' title="bbox 2155 5178 3744 5251">
    <p class='ocr_par' dir='ltr' id='par_1_67' title="bbox 2155 5178 3744 5251">
     <span class='ocr_line' id='line_1_67' title="bbox 2155 5178 3744 5251; baseline -0.003 -16"><span class='ocrx_word' id='word_1_547' title='bbox 2155 5196 2276 5236; x_wconf 91' lang='lat' dir='ltr'><strong>eum</strong></span> <span class='ocrx_word' id='word_1_548' title='bbox 2306 5180 2688 5251; x_wconf 89' lang='lat' dir='ltr'><strong>manciparim,</strong></span> <span class='ocrx_word' id='word_1_549' title='bbox 2723 5189 2777 5235; x_wconf 88' lang='lat' dir='ltr'><strong>et</strong></span> <span class='ocrx_word' id='word_1_550' title='bbox 2803 5179 2872 5233; x_wconf 91' lang='lat' dir='ltr'><strong>ad</strong></span> <span class='ocrx_word' id='word_1_551' title='bbox 2896 5193 3134 5234; x_wconf 91' lang='lat' dir='ltr'><strong>amorem</strong></span> <span class='ocrx_word' id='word_1_552' title='bbox 3181 5193 3359 5233; x_wconf 88' lang='lat' dir='ltr'><strong>meum</strong></span> <span class='ocrx_word' id='word_1_553' title='bbox 3410 5178 3744 5248; x_wconf 81' lang='lat' dir='ltr'><strong>pellexerim,</strong></span> 
     </span>
    </p>
   </div>
   <div class='ocr_carea' id='block_1_68' title="bbox 2157 5269 3744 5342">
    <p class='ocr_par' dir='ltr' id='par_1_68' title="bbox 2157 5269 3744 5342">
     <span class='ocr_line' id='line_1_68' title="bbox 2157 5269 3744 5342; baseline -0.002 -18"><span class='ocrx_word' id='word_1_554' title='bbox 2157 5278 2214 5325; x_wconf 91' lang='lat' dir='ltr'><strong>ut</strong></span> <span class='ocrx_word' id='word_1_555' title='bbox 2239 5287 2499 5342; x_wconf 90' lang='lat' dir='ltr'><strong>nusquam</strong></span> <span class='ocrx_word' id='word_1_556' title='bbox 2517 5271 2633 5326; x_wconf 87' lang='lat' dir='ltr'><strong>sine</strong></span> <span class='ocrx_word' id='word_1_557' title='bbox 2657 5271 2765 5325; x_wconf 87' lang='lat' dir='ltr'><strong>filio</strong></span> <span class='ocrx_word' id='word_1_558' title='bbox 2783 5271 2910 5325; x_wconf 89' lang='lat' dir='ltr'><strong>velit</strong></span> <span class='ocrx_word' id='word_1_559' title='bbox 2928 5285 3187 5341; x_wconf 88' lang='lat' dir='ltr'><strong>apparere</strong></span> <span class='ocrx_word' id='word_1_560' title='bbox 3217 5287 3230 5323; x_wconf 94' lang='lat'><strong>:</strong></span> <span class='ocrx_word' id='word_1_561' title='bbox 3260 5269 3519 5325; x_wconf 88' lang='lat' dir='ltr'><strong>securitas</strong></span> <span class='ocrx_word' id='word_1_562' title='bbox 3540 5279 3744 5332; x_wconf 88' lang='lat' dir='ltr'><strong>autem,</strong></span> 
     </span>
    </p>
   </div>
   <div class='ocr_carea' id='block_1_69' title="bbox 2155 5361 3750 5433">
    <p class='ocr_par' dir='ltr' id='par_1_69' title="bbox 2155 5361 3750 5433">
     <span class='ocr_line' id='line_1_69' title="bbox 2155 5361 3750 5433; baseline -0.003 -16"><span class='ocrx_word' id='word_1_563' title='bbox 2155 5363 2295 5433; x_wconf 89' lang='lat' dir='ltr'><strong>quod</strong></span> <span class='ocrx_word' id='word_1_564' title='bbox 2308 5364 2432 5417; x_wconf 91' lang='lat' dir='ltr'><strong>dum</strong></span> <span class='ocrx_word' id='word_1_565' title='bbox 2452 5372 2766 5433; x_wconf 64' lang='lat' dir='ltr'><strong>praesentem</strong></span> <span class='ocrx_word' id='word_1_566' title='bbox 2788 5364 3513 5432; x_wconf 88' lang='lat' dir='ltr'><strong>intueturatquecertantem,</strong></span> <span class='ocrx_word' id='word_1_567' title='bbox 3529 5361 3750 5414; x_wconf 88' lang='lat' dir='ltr'><strong>omnino</strong></span> 
     </span>
    </p>
   </div>
   <div class='ocr_carea' id='block_1_70' title="bbox 2155 5450 3749 5523">
    <p class='ocr_par' dir='ltr' id='par_1_70' title="bbox 2155 5450 3749 5523">
     <span class='ocr_line' id='line_1_70' title="bbox 2155 5450 3749 5523; baseline -0.001 -16"><span class='ocrx_word' id='word_1_568' title='bbox 2155 5467 2370 5508; x_wconf 90' lang='lat' dir='ltr'><strong>suarum</strong></span> <span class='ocrx_word' id='word_1_569' title='bbox 2393 5455 2552 5509; x_wconf 90' lang='lat' dir='ltr'><strong>etiam</strong></span> <span class='ocrx_word' id='word_1_570' title='bbox 2584 5468 2800 5523; x_wconf 89' lang='lat' dir='ltr'><strong>precum</strong></span> <span class='ocrx_word' id='word_1_571' title='bbox 2831 5454 3084 5508; x_wconf 84' lang='lat' dir='ltr'><strong>auxilium</strong></span> <span class='ocrx_word' id='word_1_572' title='bbox 3117 5452 3271 5508; x_wconf 90' lang='lat' dir='ltr'><strong>nobis</strong></span> <span class='ocrx_word' id='word_1_573' title='bbox 3301 5451 3640 5523; x_wconf 76' lang='lat' dir='ltr'><strong>suppeditet.~</strong></span> <span class='ocrx_word' id='word_1_574' title='bbox 3677 5450 3749 5505; x_wconf 87' lang='lat' dir='ltr'><strong>Et</strong></span> 
     </span>
    </p>
   </div>
   <div class='ocr_carea' id='block_1_71' title="bbox 2155 5542 3744 5616">
    <p class='ocr_par' dir='ltr' id='par_1_71' title="bbox 2155 5542 3744 5616">
     <span class='ocr_line' id='line_1_71' title="bbox 2155 5542 3744 5616; baseline -0.001 -18"><span class='ocrx_word' id='word_1_575' title='bbox 2155 5545 2605 5615; x_wconf 89' lang='lat' dir='ltr'><strong>quemadmodum</strong></span> <span class='ocrx_word' id='word_1_576' title='bbox 2633 5560 2825 5601; x_wconf 85' lang='lat' dir='ltr'><strong>narem</strong></span> <span class='ocrx_word' id='word_1_577' title='bbox 2854 5545 3228 5616; x_wconf 86' lang='lat' dir='ltr'><strong>gubernatoris</strong></span> <span class='ocrx_word' id='word_1_578' title='bbox 3268 5557 3458 5598; x_wconf 86' lang='lat' dir='ltr'><strong>manus</strong></span> <span class='ocrx_word' id='word_1_579' title='bbox 3479 5583 3494 5610; x_wconf 91' lang='lat'><strong>,</strong></span> <span class='ocrx_word' id='word_1_580' title='bbox 3538 5542 3744 5607; x_wconf 79' lang='lat' dir='ltr'><strong>clavus,</strong></span> 
     </span>
    </p>
   </div>
   <div class='ocr_carea' id='block_1_72' title="bbox 2159 5633 3745 5709">
    <p class='ocr_par' dir='ltr' id='par_1_72' title="bbox 2159 5633 3745 5709">
     <span class='ocr_line' id='line_1_72' title="bbox 2159 5633 3745 5709; baseline -0.003 -18"><span class='ocrx_word' id='word_1_581' title='bbox 2159 5644 2216 5691; x_wconf 90' lang='lat' dir='ltr'><strong>et</strong></span> <span class='ocrx_word' id='word_1_582' title='bbox 2247 5636 2466 5709; x_wconf 84' lang='lat' dir='ltr'><strong>zephyri</strong></span> <span class='ocrx_word' id='word_1_583' title='bbox 2494 5637 2651 5692; x_wconf 85' lang='lat' dir='ltr'><strong>ﬂatus</strong></span> <span class='ocrx_word' id='word_1_584' title='bbox 2674 5637 2743 5692; x_wconf 90' lang='lat' dir='ltr'><strong>ad</strong></span> <span class='ocrx_word' id='word_1_585' title='bbox 2771 5645 2981 5708; x_wconf 90' lang='lat' dir='ltr'><strong>portum</strong></span> <span class='ocrx_word' id='word_1_586' title='bbox 3018 5650 3210 5692; x_wconf 91' lang='lat' dir='ltr'><strong>secure</strong></span> <span class='ocrx_word' id='word_1_587' title='bbox 3237 5634 3508 5689; x_wconf 90' lang='lat' dir='ltr'><strong>deducunt</strong></span> <span class='ocrx_word' id='word_1_588' title='bbox 3539 5650 3553 5686; x_wconf 93' lang='lat'><strong>:</strong></span> <span class='ocrx_word' id='word_1_589' title='bbox 3586 5633 3664 5687; x_wconf 90' lang='lat' dir='ltr'><strong>sic</strong></span> <span class='ocrx_word' id='word_1_590' title='bbox 3693 5642 3745 5687; x_wconf 78' lang='lat' dir='ltr'><strong>et</strong></span> 
     </span>
    </p>
   </div>
   <div class='ocr_carea' id='block_1_73' title="bbox 2157 5724 3747 5799">
    <p class='ocr_par' dir='ltr' id='par_1_73' title="bbox 2157 5724 3747 5799">
     <span class='ocr_line' id='line_1_73' title="bbox 2157 5724 3747 5799; baseline -0.001 -17"><span class='ocrx_word' id='word_1_591' title='bbox 2157 5729 2314 5799; x_wconf 87' lang='lat' dir='ltr'><strong>hujus</strong></span> <span class='ocrx_word' id='word_1_592' title='bbox 2357 5730 2768 5796; x_wconf 85' lang='lat' dir='ltr'><strong>benevolentia,</strong></span> <span class='ocrx_word' id='word_1_593' title='bbox 2829 5745 2948 5785; x_wconf 92' lang='lat' dir='ltr'><strong>cum</strong></span> <span class='ocrx_word' id='word_1_594' title='bbox 3005 5729 3204 5784; x_wconf 80' lang='lat' dir='ltr'><strong>auxilio</strong></span> <span class='ocrx_word' id='word_1_595' title='bbox 3249 5742 3502 5799; x_wconf 85' lang='lat' dir='ltr'><strong>precum,</strong></span> <span class='ocrx_word' id='word_1_596' title='bbox 3554 5724 3747 5780; x_wconf 73' lang='lat' dir='ltr'><strong>melius</strong></span> 
     </span>
    </p>
   </div>
   <div class='ocr_carea' id='block_1_74' title="bbox 2156 5819 3748 5896">
    <p class='ocr_par' dir='ltr' id='par_1_74' title="bbox 2156 5819 3748 5896">
     <span class='ocr_line' id='line_1_74' title="bbox 2156 5819 3748 5896; baseline -0.002 -21"><span class='ocrx_word' id='word_1_597' title='bbox 2156 5837 2313 5891; x_wconf 90' lang='lat' dir='ltr'><strong>quam</strong></span> <span class='ocrx_word' id='word_1_598' title='bbox 2341 5824 2609 5894; x_wconf 87' lang='lat' dir='ltr'><strong>zephyrus</strong></span> <span class='ocrx_word' id='word_1_599' title='bbox 2636 5833 2691 5879; x_wconf 90' lang='lat' dir='ltr'><strong>et</strong></span> <span class='ocrx_word' id='word_1_600' title='bbox 2728 5824 3058 5896; x_wconf 88' lang='lat' dir='ltr'><strong>gubernator</strong></span> <span class='ocrx_word' id='word_1_601' title='bbox 3097 5823 3237 5877; x_wconf 91' lang='lat' dir='ltr'><strong>ullus</strong></span> <span class='ocrx_word' id='word_1_602' title='bbox 3284 5829 3374 5876; x_wconf 91' lang='lat' dir='ltr'><strong>aut</strong></span> <span class='ocrx_word' id='word_1_603' title='bbox 3414 5819 3748 5892; x_wconf 76' lang='lat' dir='ltr'><strong>gubernacu-</strong></span> 
     </span>
    </p>
   </div>
   <div class='ocr_carea' id='block_1_75' title="bbox 2157 5913 3741 5987">
    <p class='ocr_par' dir='ltr' id='par_1_75' title="bbox 2157 5913 3741 5987">
     <span class='ocr_line' id='line_1_75' title="bbox 2157 5913 3741 5987; baseline -0.001 -20"><span class='ocrx_word' id='word_1_604' title='bbox 2157 5913 2307 5985; x_wconf 89' lang='lat' dir='ltr'><strong>lum,</strong></span> <span class='ocrx_word' id='word_1_605' title='bbox 2349 5916 2641 5971; x_wconf 89' lang='lat' dir='ltr'><strong>orationem</strong></span> <span class='ocrx_word' id='word_1_606' title='bbox 2687 5925 2924 5974; x_wconf 89' lang='lat' dir='ltr'><strong>nostram</strong></span> <span class='ocrx_word' id='word_1_607' title='bbox 2968 5915 3166 5987; x_wconf 86' lang='lat' dir='ltr'><strong>dirigit.</strong></span> <span class='ocrx_word' id='word_1_608' title='bbox 3223 5913 3305 5972; x_wconf 80' lang='lat' dir='ltr'><strong>Me</strong></span> <span class='ocrx_word' id='word_1_609' title='bbox 3336 5927 3462 5972; x_wconf 89' lang='lat' dir='ltr'><strong>vero</strong></span> <span class='ocrx_word' id='word_1_610' title='bbox 3485 5920 3741 5986; x_wconf 66' lang='lat' dir='ltr'><strong>praeterea</strong></span> 
     </span>
    </p>
   </div>
  </div>
