4062 6488
320 417 417 480 371

322 537 416 594 τὸν
444 531 646 610 λῃστὴν
682 538 774 594 τὸν
809 539 905 595 ἐπὶ
954 539 1209 612 σταυροῦ,
1250 540 1344 596 τὸν
1396 543 1456 596 ἐν
1507 545 1574 614 τῇ
1608 542 1890 614 παραϐολῇ

324 625 478 696 φίλον
505 625 597 680 τὸν
626 628 753 691 τοὺς
787 630 936 700 τρεῖς
961 627 1160 700 ἄρτους
1185 628 1465 697 αἰτοῦντα,
1505 630 1603 685 καὶ
1629 631 1728 701 οὐχ
1752 629 1894 683 οὕτω

322 712 411 766 διὰ
463 712 564 783 τὴν
634 713 840 782 φιλίαν,
885 715 963 779 ὼς
1012 715 1102 770 διὰ
1152 716 1253 787 τὴν
1297 718 1652 788 προσεδρείαν
1705 720 1896 770 ἐπιτυ-

322 799 503 870 χόντα.
534 800 750 855 Τούτων
768 803 999 865 ἕκαστος
1017 804 1065 855 εί
1086 798 1259 868 εἶπεν,
1283 801 1362 854 ὃτι
1397 800 1452 853 Ἀ
1464 802 1739 872 μαρτωλός
1757 805 1894 873 εἰμι,

323 889 403 942 ὅτι
433 889 899 960 Κατῃσχυμμένος
936 891 1072 961 εἰμὶ,
1111 892 1206 944 καὶ
1235 890 1323 945 διὰ
1365 890 1523 944 τοῦτο
1565 892 1665 944 οὐκ
1697 892 1897 961 ὀφείλω

322 975 664 1046 προσελθεῖν,
709 978 810 1030 οὐκ
850 975 922 1032 ἂν
969 977 1136 1047 ἤνυσέ
1183 996 1237 1030 τι
1285 978 1466 1032 πλέον.
1524 979 1664 1032 Ἀλλ’
1715 979 1898 1050 ἐπειδὴ

319 1063 551 1125 ἕκαστος
572 1063 781 1119 τούτων
809 1065 869 1118 οὐ
893 1067 1030 1138 πρὸς
1055 1065 1116 1119 τὸ
1145 1067 1374 1137 μέγεθος
1390 1063 1496 1120 εἶδε
1520 1068 1630 1120 τῶν
1658 1069 1901 1140 ἁμαρτη-

325 1151 536 1222 μάτων,
567 1151 706 1204 ἀλλά
738 1152 874 1223 πρὸς
904 1153 996 1206 τὸν
1036 1153 1269 1207 πλοῦτον
1296 1155 1397 1225 τῆς
1421 1154 1515 1208 τοῦ
1543 1155 1677 1208 Θεοῦ
1719 1156 1900 1225 φιλαν-

320 1238 586 1309 θρωπίας,
615 1238 858 1311 ἐθάρρει,
897 1241 990 1295 καὶ
1022 1241 1416 1312 κατετόλμησε,
1455 1244 1548 1296 καὶ
1578 1243 1898 1313 ἁμαρτωλὸς

318 1323 395 1379 ῶν
439 1327 620 1397 ᾐτεῖτο
669 1325 811 1398 ὑπὲρ
853 1327 952 1397 τὴν
987 1328 1145 1392 ἀξίαν
1190 1327 1286 1399 τὴν
1336 1329 1549 1394 ἑαυτοῦ,
1582 1331 1675 1382 καὶ
1703 1331 1898 1400 ἤνυσεν

317 1412 549 1476 ἕκαστος
597 1411 742 1485 ἅπερ
793 1414 1047 1485 ἠθέλησε.
1099 1415 1263 1468 Ταῦτ’
1312 1412 1404 1469 οὖν
1472 1417 1898 1489 μνημονεύωμεν

319 1500 533 1554 ἅπαντα
571 1501 668 1554 καὶ
715 1501 1106 1572 φυλάττωμεν,
1152 1503 1243 1556 καὶ
1276 1501 1563 1576 εὐχώμεθα
1615 1506 1894 1575 διηνεκῶς,

321 1585 462 1658 μετὰ
505 1589 751 1660 νήψεως,
805 1589 943 1659 μετά
995 1589 1090 1642 τοῦ
1141 1590 1396 1662 θαρρεῖν,
1461 1593 1597 1662 μετὰ
1646 1595 1898 1665 χρηστῶν

1393 424 1462 482 ΙΝ
1501 425 1733 496 ILLUD,
1769 427 1840 483 IN
1880 427 2138 486 FACIEM
2182 427 2250 492 El
2295 430 2595 492 RESTITI.

3467 434 3572 493 372

1999 542 2159 612 ἡμεῖς
2197 541 2433 612 σπουδῆς
2469 541 2564 595 καὶ
2590 541 2732 614 ὑπὲρ
2761 541 2870 597 τῶν
2897 540 3128 613 ἐχθρῶν,
3168 539 3265 595 καὶ
3295 539 3435 612 ὑπὲρ
3466 540 3578 596 τῶν

2001 628 2214 684 ἑαυτῶν
2233 628 2481 698 ἀδελφῶν
2504 627 2808 700 εὐξώμεθα,
2830 630 2924 684 καὶ
2953 630 3169 693 πάντως
3184 628 3579 700 ἐπιτευξόμεθα

2001 713 2114 767 τῶν
2148 716 2534 784 συμφερόντων
2563 715 2837 770 ἁπάντων.
2863 714 3245 787 Φιλάνθρωπος
3281 715 3390 786 γὰρ
3440 714 3470 766 ὁ
3498 716 3580 769 δι-

2000 802 2146 866 δοὺς,
2193 802 2288 855 καὶ
2317 802 2416 873 οὐχ
2456 801 2628 866 οὕτως
2665 805 2829 874 ἡμεῖς
2868 802 3234 870 ὲπιποθοῦμεν
3263 802 3468 867 λαϐεῖν,
3503 802 3582 868 ὡς

2004 891 2212 953 ἐκεῖνος
2250 889 2504 943 ἐπιποθεῖ
2528 890 2728 946 δοῦναι.
2773 891 2939 944 Ταῦτ’
2985 886 3076 944 οὖν
3108 890 3323 944 ἅπαντα
3353 889 3576 954 εἰδότες,

2000 978 2102 1029 κᾶν
2145 979 2226 1040 είς
2283 977 2510 1048 ἔσχατον
2570 980 2770 1042 κακίας
2827 979 3076 1050 πυθμένα
3141 978 3576 1050 κατενεχθῶμεν,

2002 1065 2137 1135 μηδὲ
2175 1064 2347 1129 οῦτως
2382 1067 2707 1137 ἀπογνῶμεν
2743 1067 2844 1137 τῆς
2877 1067 3085 1121 ἑαυτῶν
3115 1067 3409 1138 σωτηρίας,
3441 1067 3578 1121 ἀλλά

2002 1153 2142 1222 μετὰ
2177 1152 2389 1224 ἀγαθῆς
2423 1155 2634 1218 ἐλπίδος
2660 1154 2998 1226 προσίωμεν,
3029 1154 3315 1217 πείσαντες
3350 1155 3579 1217 ἑαυτοὺς

1996 1240 2079 1293 ὅτι
2126 1241 2345 1305 πάντως
2377 1240 2659 1312 ληψόμεθα
2689 1243 2833 1313 ἆπερ
2871 1241 3149 1313 αἰτοῦμεν,
3177 1241 3242 1295 ἂν
3273 1241 3413 1296 κατά
3451 1243 3578 1306 τοὺς

1999 1328 2090 1381 ὐπ’
2121 1329 2284 1382 αὐτοῦ
2315 1330 2604 1399 κειμένους
2632 1330 2828 1400 νόμους
2863 1329 3124 1400 αἰτῶμεν.
3158 1321 3243 1394 Τῷ
3264 1328 3577 1398 δυναμένῳ

1998 1418 2197 1473 πάντα
2230 1417 2479 1487 ποιῆσαι
2502 1418 2657 1486 ὑπὲρ
2691 1419 3060 1486 ὲκπερισσοῦ
3079 1411 3166 1472 ὧν
3190 1421 3509 1487 αἰτούμεθα
3536 1417 3574 1486 ἢ

2004 1506 2286 1575 νοοῦμεν,
2323 1506 2546 1578 Χριστῷ
2569 1505 2645 1575 τῷ
2677 1504 3156 1576 παμϐασιλεῖκθεῷ
3184 1508 3215 1575 ἡ
3227 1505 3340 1575 μῶν
3376 1505 3574 1576 πρέπει

1999 1596 2151 1648 πᾶσα
2199 1595 2346 1662 δόξα,
2389 1595 2525 1666 τιμὴ
2568 1595 2663 1648 καὶ
2704 1593 3093 1664 προσκύνησις,
3123 1595 3220 1647 σὺν
3251 1593 3329 1664 τῷ
3354 1595 3576 1664 ἀνάρχῳ

197 4933 224 4950 χ
307 4879 405 4932 καὶ
439 4879 598 4948 ὑμεῖς
620 4877 872 4931 ἐπάθετε.
900 4874 1296 4952 Καθάπερμγάρ
1315 4877 1442 4938 παῖς
1471 4875 1772 4946 ὐπομάζιος
1790 4876 1890 4946 τῆς

316 1672 571 1739 ἐλπίδων,
616 1675 755 1746 μετὰ
813 1676 1056 1747 σπουδῆς
1113 1677 1333 1748 πολλῆς.
1387 1680 1523 1732 Μεθ’
1557 1681 1688 1750 ὅσης
1721 1682 1896 1750 ἕτεροι

319 1761 558 1832 σπουδῆς
600 1763 956 1835 κατεύχονται
1002 1763 1111 1819 τῶν
1153 1766 1394 1838 ἐχθρῶν,
1449 1768 1588 1839 μετά
1631 1768 1898 1839 τοσαύτης

1999 1683 2197 1752 Πατρὶ,
2234 1684 2330 1737 καὶ
2354 1683 2430 1754 τῷ
2462 1682 2714 1751 παναγίῳ
2739 1683 2833 1735 καὶ
2862 1681 3109 1752 ζωοποιῷ
3147 1683 3574 1751 Πνεύματι,ενῦν

1998 1771 2090 1824 καὶ
2118 1771 2227 1834 ἀεὶ,
2257 1772 2351 1824 καὶ
2382 1773 2462 1834 είς
2489 1771 2615 1833 τοὺς
2635 1771 2839 1834 αἰῶνας
2860 1768 2967 1822 τῶν
2993 1769 3225 1824 αίὼνων.
3272 1768 3464 1840 Ἀμήν.

343 2060 3576 2094 W

1514 2367 1596 2429 IN
1632 2365 1908 2428 FACIEM
1945 2367 2022 2428 EI
2056 2366 2381 2428 RESTITI.

321 2598 472 2656 inter
497 2598 690 2658 ambos
721 2599 876 2667 inito,
910 2615 1037 2656 cum
1067 2615 1182 2658 sea
1214 2602 1466 2672 gentibus
1505 2617 1821 2674 segregasse
1850 2601 2095 2669 Petrum,
2129 2618 2198 2659 ne
2239 2603 2294 2658 in
2331 2602 2646 2658 Iudaeorum
2686 2602 3041 2660 oﬂensionem
3086 2602 3425 2666 incurreret,
3459 2610 3572 2657 tum

321 2715 556 2772 Paulum
589 2717 639 2773 ei
666 2717 720 2771 in
751 2716 944 2773 faciem
982 2718 1266 2786 restitisse,
1304 2719 1396 2774 illo
1427 2734 1537 2774 non
1569 2719 1892 2783 reluctante,
1925 2719 2052 2788 quia
2081 2717 2368 2772 amborum
2397 2733 2462 2773 ea
2494 2734 2648 2774 mens
2685 2727 2822 2785 erat,
2853 2729 2911 2771 ut
2942 2717 3076 2788 legis
3101 2716 3290 2787 jugum
3324 2718 3575 2787 gentibus

319 2847 435 2889 non
473 2835 862 2906 imponeretur.
897 2835 1164 2892 Caeterum
1198 2835 1575 2907 Chrysostomi
1625 2835 1839 2906 opinio,
1873 2851 1996 2905 quas
2040 2836 2108 2891 ab
2141 2833 2375 2905 Origene
2416 2848 2670 2889 manasse
2701 2833 2959 2900 creditur,
2993 2834 3061 2887 ab
3093 2832 3424 2902 Hieronymo
3460 2833 3576 2901 pri-

315 2967 474 3008 mum
500 2960 859 3023 propugnata,
896 2951 964 3007 ab
988 2952 1296 3022 Augustino
1326 2951 1558 3006 refutata
1585 2962 1687 3019 est,
1711 2962 1988 3008 asserente
2021 2967 2207 3007 veram
2233 2966 2334 3007 nec
2366 2951 2676 3007 simulatam
2709 2949 2880 3005 fuisse
2896 2947 3046 3003 Pauli
3074 2947 3574 3017 reprehensionem,

317 3069 398 3125 ita
421 3077 481 3124 ut
507 3069 628 3140 ejus
659 3070 998 3140 argumentis
1022 3071 1236 3126 cederet
1257 3071 1344 3127 vel
1375 3070 1489 3141 ipse
1523 3072 1910 3143 Hieronymus.
1940 3070 2060 3125 Non
2095 3071 2294 3126 desunt
2319 3079 2523 3135 tamen,
2561 3068 2652 3140 qui
2685 3069 2922 3138 priorem
2952 3067 3297 3132 sententiam,
3333 3081 3454 3134 quae
3481 3062 3579 3118 Pe-

317 3195 470 3243 trum
519 3187 589 3243 ab
634 3188 884 3259 apostolo
929 3189 1098 3245 alium
1145 3192 1361 3259 asserit,
1417 3207 1520 3248 nec
1556 3190 1650 3261 qui
1706 3191 2066 3260 posteriorem
2117 3205 2148 3245 a
2187 3189 2580 3262 Clirysostomo
2617 3192 3014 3258 propugnatam
3070 3181 3340 3252 hodieque
3386 3177 3581 3236 defen-

315 3301 474 3359 dant.

396 3419 778 3492 lnterpretatio
815 3418 1011 3477 Latina
1037 3431 1119 3478 est
1147 3423 1444 3479 Frontonis
1478 3421 1684 3478 Ducaei.

316 3723 1573 3746 -σ------

304 3962 465 4039 [362]
527 3963 606 4033 Τῇ
656 3964 911 4034 προτέρᾳ
957 3964 1210 4028 συνάξει
1241 3965 1312 4019 ἐν
1352 3962 1426 4033 τῇ
1469 3961 1771 4032 ἐκκλησίᾳ
1809 3959 1884 4031 τῇ
1920 3959 2101 4029 καινῇ
2127 3956 2456 4028 συναχθεὶς
2487 3952 2639 4025 μετὰ
2678 3954 2785 4009 τοῦ
2820 3954 3180 4020 ἐπισκόπου,
3227 3954 3454 4022 ταύτην
3496 3952 3569 4008 ἐν

378 4058 454 4128 τῇ
481 4059 707 4125 παλαιᾷ
728 4060 898 4114 εἶπεν
921 4061 1006 4126 είς
1043 4059 1158 4128 τὴν
1189 4060 1520 4128 περικοπὴν
1545 4058 1652 4112 τοῦ
1693 4056 2078 4112 Ἆποστόλουο
2116 4073 2134 4106 ι
2165 4055 2297 4106 Ὅτε
2333 4050 2402 4104 δὲ
2438 4043 2588 4118 ἦλθε
2613 4048 2836 4118 Πέτρος
2865 4051 2953 4115 εὶς
2988 4049 3379 4118 Ἀντιόχειαν,
3419 4045 3568 4101 κατὰ

379 4152 703 4222 πρόσωπον
726 4151 887 4217 αὐτῷ
909 4150 1240 4220 ἀντέστηνο
1263 4168 1282 4201 ι
1315 4148 1415 4206 καὶ
1447 4148 1780 4215 δείκνυσιν,
1809 4148 1898 4202 ὅτι
1925 4149 2037 4201 οὐκ
2063 4145 2422 4210 ἀντίστασις
2446 4138 2546 4214 ἦν,
2569 4143 2706 4197 ἀλλ’
2733 4142 3043 4212 οἰκονομία
3069 4141 3138 4194 τὰ
3169 4142 3470 4212 γινόμενα.

377 4601 608 4659 α’.Μίαν
631 4599 784 4671 ὐμῶν
811 4595 1145 4668 ἀπελείφθην
1164 4595 1399 4668 ἡμέραν,
1431 4595 1525 4648 καὶ
1546 4595 1620 4657 ὡς
1645 4595 1887 4650 ἐνιαυτὸν
1993 4593 2084 4658 τὸς
2107 4593 2507 4666 λαμπρότερον,
2537 4587 2636 4644 και
2667 4590 2933 4660 στεφάνου
2966 4553 3310 4661 σεμνότερον,
3342 4590 3402 4643 τὸ
3435 4609 3570 4645 παν-

306 4694 601 4766 ὁλόκληρον
643 4691 797 4762 ὐμῶν
857 4689 1169 4764 χωρισθεὶς,
1229 4688 1400 4753 οὕτως
1454 4689 1738 4760 ἀσχάλλων
1797 4691 1890 4744 καὶ
1991 4681 2156 4752 τοιχοῦ
2215 4682 2352 4752 μετὰ
2398 4679 2494 4733 τοῦ
2538 4677 2928 4748 γεγεννηκότος
2977 4677 3365 4766 περιάγεσθαι·
3411 4679 3571 4734 τοῦτο

305 4785 485 4842 ἀλύων
513 4765 805 4838 διετέλουν.
845 4784 959 4836 Καὶ
1005 4783 1088 4836 ὅτι
1126 4771 1306 4853 ἀληθῆῖ
1347 4779 1542 4846 ταῦτα,
1575 4780 1688 4835 ἴστε
1722 4782 1779 4848 ἐξ
1813 4780 1889 4836 ὧν
1988 4768 2113 4839 ἐρ’-οὶ
2142 4770 2234 4822 καὶ
2265 4769 2490 4837 κόσμος,
2521 4767 2616 4819 καὶ
2649 4766 2945 4853 ἀσφάλειαέ
2987 4765 3190 4853 κόσμος
3223 4766 3340 4836 μὲν,
3371 4767 3450 4820 δτι
3479 4767 3572 4821 σθ’

1788 4858 1890 4926 ἧς
1986 4873 2095 4919 τως
2127 4855 2289 4910 αὐτὸν
2309 4853 2712 4926 ἐχειρωσάμην,
2736 4854 2830 4906 καὶ
2853 4852 2990 4923 πρὸς
3009 4852 3099 4905 τὸν
3125 4852 3303 4922 ἔρωτα
3328 4855 3572 4909 ἐπεσπα-

225 4951 294 5016 οκ
314 4969 591 5046 μητρικῆς
619 4967 788 5038 θηλῆς
817 4953 1208 5046 ἀποστβῶᾔῦ
1225 4968 1467 5040 ὅπουπερ
1497 4966 1564 5022 ἂν
1589 4967 1887 5040 πενθίθῄ

312 5045 492 5116 «ﬁsa
542 5045 987 5133 nsptczplqaa/t,
1025 5059 1486 5132 περιϐλεπόμενος
1534 5060 1632 5131 τὴν
1695 5061 1888 5116 ἑαυτοῦ

313 5153 559 5224 μητέρα·
591 5153 732 5206 οὕτω
773 5153 838 5224 δὴ
875 5151 1030 5221 κάγὼ
1072 5153 1179 5206 τῶν
1213 5153 1429 5207 κόλπων
1458 5153 1566 5208 τῶν
1609 5155 1890 5227 μητρικῶν

311 5243 632 5316 ἀπενεχθεὶς
651 5257 677 5285 ⁸
705 5244 1060 5316 πορρωτέρω,
1086 5243 1264 5297 πυκνά
1298 5244 1716 5316 περιεσκόπουν,
1755 5265 1890 5298 παν-

310 5334 480 5406 ταχοῦ
512 5335 610 5406 τὴν
638 5335 801 5404 ἁγίαν
838 5334 993 5406 ὑμῶν
1031 5333 1304 5405 ἐπιζητῶν
1337 5335 1570 5390 σύνοδον.
1603 5335 1751 5407 Πλὴν
1775 5334 1890 5388 ἀλλ’

312 5420 456 5496 εἶχον
503 5427 695 5498 ἱκανὴν
737 5424 944 5481 τούτων
985 5424 1362 5497 παραμυθίαν,
1402 5425 1481 5498 τῷ
1531 5429 1701 5498 πατρὶ
1740 5425 1888 5496 φιλο-

315 5515 529 5590 στόργῳ
559 5517 881 5589 πειθόμενος
909 5516 1084 5571 ταῦτα
1125 5517 1376 5590 πάσχειν,
1423 5519 1518 5573 καὶ
1553 5521 1581 5572 ό
1624 5519 1722 5590 τῆς
1758 5520 1892 5574 ὐπα-

315 5608 447 5680 κοῆς
476 5609 668 5681 μισθὸς
689 5609 790 5680 τὴν
833 5609 1060 5679 ἀκηδίαν
1094 5608 1192 5680 τὴν
1224 5611 1316 5664 ἐπὶ
1348 5610 1425 5681 τῷ
1465 5610 1701 5683 ξενισμῷ
1737 5629 1891 5680 γινο-

321 5699 488 5773 μένην
519 5701 771 5774 ἀπεῖργε.
801 5698 972 5754 Τοῦτο
1003 5701 1112 5773 γὰρ
1142 5701 1264 5772 ἐμοὶ
1287 5701 1381 5754 καὶ
1404 5703 1733 5774 διαδήματος
1756 5721 1892 5759 παν-

373 5897 402 5925 ¹·
431 5891 568 5960 llum
586 5906 675 5944 nm.
688 5893 778 5944 768
797 5895 892 5945 τῶν
913 5894 1154 5960 πατρικῶν
1174 5893 1452 5961 seemed;

1993 4947 2174 5017 σάμην
2222 4945 2312 4999 τὸν
2354 4946 2509 5016 ἐμὸν,
2555 4944 2632 5008 ὡς
2677 4943 2927 5015 μηδαμοῦ
2973 4942 3243 5014 μηδέποτε
3281 4943 3572 5016 ἀνέχεσθαι

1990 5035 2160 5107 χωρὶς
2187 5033 2280 5088 τοῦ
2317 5033 2503 5097 παιδὸς
2526 5031 2812 5101 φαίνεσθαι
2833 5048 2847 5062 ο
2871 5031 3141 5103 ἀσφάλεια
3163 5033 3241 5100 δὲ,
3268 5033 3350 5087 ὃτι
3378 5032 3571 5106 παρὼν

1991 5125 2084 5177 καὶ
2118 5121 2522 5192 ἀγωνιζόμενον
2557 5120 2790 5190 βλέπων,
2815 5119 3031 5183 πάντως
3048 5118 3144 5174 καὶ
3169 5121 3266 5191 τὴν
3283 5120 3433 5192 παρὰ
3460 5119 3572 5174 τῶν

1991 5211 2167 5281 εὐχῶν
2199 5209 2518 5280 συμμαχίαν
2540 5210 2675 5280 ἡμῖν
2697 5208 2946 5280 παρέξει.
2976 5209 3087 5262 Καὶ
3108 5207 3360 5278 καθάπερ
3387 5206 3570 5261 πλοῖον

1992 5298 2339 5371 κυϐερνητῶν
2391 5300 2591 5370 χεῖρες,
2624 5298 2718 5351 καὶ
2745 5297 2948 5362 οίακες,
3000 5297 3094 5350 καὶ
3142 5294 3376 5365 ζεφύρου
3411 5294 3572 5349 πνοαὶ

1994 5389 2133 5459 μετά
2164 5386 2468 5456 ἀσφαλείας
2517 5386 2596 5449 εἰς
2649 5384 2843 5455 λιμένα
2894 5381 3394 5452 παραπέμπουσινο
3427 5379 3572 5434 οὕτω

1991 5473 2056 5545 δὴ
2089 5474 2184 5528 καὶ
2237 5476 2270 5544 ἡ
2304 5471 2488 5526 εὔνοια
2537 5470 2754 5536 τούτου,
2806 5469 2901 5522 καὶ
2933 5470 2967 5539 ἡ
3019 5468 3231 5537 ἀγάπη,
3267 5468 3423 5540 καὶὴ
3461 5466 3572 5522 τῶν

1993 5559 2168 5633 εὐχῶν
2210 5561 2450 5632 βοήθεια,
2493 5560 2588 5614 καὶ
2635 5557 2870 5628 ζεφύρου
2903 5555 2997 5610 καὶ
3025 5554 3359 5627 κυϐερνήτου
3387 5556 3573 5627 κρεῖτ-

1992 5665 2084 5702 τον
2134 5649 2228 5701 καὶ
2263 5647 2370 5700 τῶν
2421 5646 2622 5701 οἰάκων
2651 5645 2681 5686 b
2731 5642 3050 5698 κατευθύνει
3087 5642 3178 5698 τὸν
3206 5641 3362 5711 λόγον
3390 5641 3568 5713 ἡμῶν.

2007 5737 2138 5808 Ἐμέ
2167 5736 2224 5789 δὲ
2253 5735 2390 5807 πρὸς
2419 5733 2629 5798 τούτοις
2658 5733 2883 5788 κάκεῖνο
2919 5731 3311 5804 παρεμυθεῖτο,
3343 5730 3403 5784 τὸ
3433 5729 3574 5800 λαμ-

1993 5840 2215 5955 δῖ)ιῖΙέιο
2237 5854 2353 5891 mss.
2377 5841 2663 5903 κυϐερνήτου
2685 5839 2855 5904 χειρῶν
2875 5839 2955 5887 καὶ
2977 5836 3170 5888 οἰάκων.
3198 5836 3466 5901 Ταχύτερσν
3487 5838 3566 5888 ad-

2029 5917 2040 5954 l
2175 5938 2188 5952 .

2029 5917 2066 5954 ll.
2087 5917 2188 5953 ωδ.
