4062 6432
570 406 685 469 573

572 519 722 591 πρᾶς
743 518 887 590 ὑμᾶς
915 517 1225 576 ἀπολαῦσαι
1246 517 1368 572 τότε
1403 518 1709 592 τραπέζης,
1740 518 1839 575 καὶ
1866 518 2153 591 φιλότιμον

574 611 671 663 καὶ
700 609 968 681 πολυτελῆ
989 609 1080 663 τὸν
1099 606 1391 681 ἑστιάτορα
1415 611 1583 680 σχεῖν.
1617 610 1977 682 Ἕγνωμενδέ
1999 610 2158 665 τοῦτο

573 697 677 751 οὐκ
702 695 761 762 ἐξ
797 697 965 767 ἀκοῆς
998 697 1178 767 μόνον,
1212 695 1349 750 ἀλλά
1382 696 1477 749 καὶ
1506 695 1568 762 ἐξ
1600 697 1774 768 αὐτῆς
1807 698 1911 768 τῆς
1937 697 2155 770 πείρας.

576 783 687 837 Kal
725 783 836 854 γάρ
861 779 1005 855 ἦσαν
1046 786 1096 836 οἰ
1129 783 1541 854 διακομίζοντες
1585 786 1716 855 ἡμῖν
1764 784 1837 838 τά
1866 785 2154 857 εἰρημένα,

573 870 669 925 καὶ
700 870 808 924 ἀπὸ
840 870 951 924 τῶν
974 869 1249 942 λειψάνων
1271 871 1564 944 ὁλόκληρον
1609 872 1707 943 τὴν
1733 872 1968 944 εὐωχίαν
2007 875 2159 927 ἐστο-

575 959 885 1029 χασάμεθα.
948 959 1220 1030 Ἐπῄνεσα
1265 957 1486 1028 μὲνοῦν
1531 960 1622 1013 τδν
1657 960 2008 1029 έστιάσαντα,
2064 963 2160 1016 καὶ

572 1045 862 1117 ἐθαύμασα
887 1044 987 1117 τῆς
1021 1049 1368 1112 πολυτελείας
1406 1050 1501 1102 καί
1524 1048 1618 1103 τοῦ
1646 1049 1878 1103 πλούτου
1900 1067 1913 1081 ο
1945 1050 2158 1121 ἐμακά-

577 1149 705 1203 ρισα
733 1135 790 1186 δὲ
840 1136 933 1188 καὶ
964 1135 1111 1206 ὑμᾶς
1152 1135 1258 1205 τῆς
1298 1136 1534 1200 εὐνοίας,
1577 1137 1671 1190 καί
1708 1137 1810 1209 τῆς
1848 1138 2155 1209 ἀκριϐείας,

573 1220 658 1275 ὅτι
689 1221 831 1293 μετά
853 1222 1123 1293 τοσαύτης
1151 1223 1402 1295 φυλακῆς
1436 1223 1505 1277 τά
1552 1224 1823 1296 εἰρημένα
1876 1225 2157 1296 κατέχετε,

571 1309 652 1373 ὡς
677 1310 773 1363 καὶ
802 1310 974 1381 ἑτέρῳ
994 1310 1313 1381 διακομίσαι
1335 1324 1384 1363 ο.
1410 1310 1511 1364 Διά
1531 1311 1690 1365 τοῦτο
1717 1313 1811 1366 καὶ
1832 1314 1992 1385 ἡμεῖς
2021 1314 2158 1387 πρὸς

571 1396 675 1467 τὴν
703 1397 979 1470 ὑμετέραν
1012 1398 1240 1470 ἀγάπην
1260 1397 1560 1470 προθύμως
1591 1399 1972 1470 διαλεγόμεθα.
2004 1399 2157 1475 [563]

584 1482 644 1538 '0
671 1484 781 1557 τάρ
802 1485 1159 1540 καταϐάλλων
1189 1487 1424 1541 ἐνταῦθα
1450 1487 1519 1541 τά
1542 1487 1857 1559 σπέρματα,
1881 1489 1943 1542 οὐ
1978 1490 2160 1561 ῥίπτει

572 1572 715 1628 αὐτά
761 1575 917 1647 παρά
961 1576 1065 1647 τὴν
1109 1576 1249 1642 ὁδὸν,
1283 1576 1406 1631 οὐδὲ
1439 1578 1523 1640 εἰς
1558 1576 1661 1642 τάς
1693 1577 1937 1642 ἀκάνθας
1984 1580 2157 1652 ἐκχεῖ,

571 1660 694 1714 οὐδὲ
718 1661 813 1714 ἐπὶ
846 1663 945 1735 τὴν
990 1664 1198 1736 πέτραν
1226 1665 1474 1737 σπείρει·
1504 1664 1649 1719 οὕτω
1679 1665 1891 1738 λιπαρά
1934 1668 2030 1722 καὶ
2066 1667 2162 1738 βα·-

574 1746 791 1815 θύγειος
840 1750 994 1821 ὑμῶν
1029 1753 1178 1805 ἐστιν
1228 1755 1261 1823 ή
1294 1752 1525 1825 ἄρουρα.
1550 1752 1647 1806 καὶ
1698 1756 1876 1809 πάντα
1922 1757 2003 1819 εἰς
2031 1758 2159 1823 τοὺς

569 1835 803 1900 οἰκείους
830 1837 1097 1910 δεχομένη
1133 1828 1387 1904 κόλπους,
1421 1839 1859 1907 πολυπλασιάζει
1888 1843 1958 1896 τὰ
1989 1845 2162 1916 σπέρ-

574 1937 749 1993 ματα.

656 2009 796 2063 ’Δλλ’
827 2011 987 2082 εἴπερ
1029 2012 1161 2066 ποτέ
1204 2012 1523 2085 προθυμίαν
1568 2033 1661 2087 μοι
1711 2017 2019 2090 παρέσχετε
2061 2019 2161 2075 καὶ

573 2096 779 2170 πολλὴν
817 2100 1054 2172 σπουδὴν
1094 2100 1189 2154 ἐπὶ
1218 2102 1320 2175 τὴν
1350 2103 1379 2142 ι’
1413 2104 1700 2175 ἀκρόασιν,
1730 2104 1921 2178 ῶσπερ
1949 2104 2043 2161 οῦν
2067 2108 2158 2163 ἀεὶ

569 2188 983 2259 παρεσχήκατε,
1013 2188 1221 2260 ταύτην
1252 2189 1390 2243 αἰτῶ
1420 2191 1515 2244 καὶ
1543 2192 1786 2264 τήμερον
1816 2194 1940 2264 ἐμοὶ
1972 2194 2156 2249 δοῦναι

567 2272 667 2345 τὴν
695 2274 876 2346 χάριν.
921 2275 1057 2330 Οὐδὲ
1089 2276 1188 2348 μέν
1221 2278 1360 2350 ὑπὲρ
1389 2278 1500 2332 τῶν
1543 2282 1816 2351 τυχόντων
1846 2282 1979 2353 ἡμῖν
2007 2284 2156 2337 ἐστιν

566 2361 597 2412 6
640 2360 818 2429 λόγος,
874 2362 990 2416 ἀλλ’
1033 2364 1174 2436 ὑπὲρ
1226 2365 1477 2436 μεγάλων
1526 2368 1884 2439 πραγμάτων.
1954 2371 2158 2441 Διόπερ

570 2447 870 2520 ὀφθαλμῶν
901 2451 1091 2522 δέομαι
1140 2453 1481 2523 πανταχόθεν
1511 2454 1605 2522 ὀξὺ
1660 2456 1991 2527 βλεπόντων,
2033 2459 2155 2514 δια-

566 2536 719 2601 νοίας
775 2537 1231 2613 διεγηγερμένης,
1288 2541 1705 2614 διανεστηκότος
1781 2547 2153 2619 φρονήματος,

569 2628 984 2698 συντεταμένων
1015 2628 1314 2700 λογισμῶν,
1344 2629 1525 2702 ψυχῆς
1557 2632 1841 2704 ἀγρύπνου
1868 2635 1962 2689 καὶ
1990 2638 2157 2709 ἐγρη-

563 2713 814 2785 γορυίας.
842 2716 954 2769 Καὶ
985 2715 1096 2788 γάρ
1120 2716 1395 2786 ἠκούσατε
1426 2717 1521 2770 τοῦ
1555 2719 1990 2792 ἀναγνώσματος
2013 2725 2153 2779 πάν-

561 2820 656 2869 τες
675 2806 770 2860 τοῦ
801 2800 1162 2863 ἀπὸστολικοῦ
1184 2826 1197 2843 ·
1238 2812 1334 2865 καὶ
1356 2812 1412 2864 εί
1434 2829 1518 2876 τις
1548 2812 1716 2878 ὀξέως
1741 2815 2014 2888 προσέσχε
2041 2820 2155 2882 τοῖς

563 2893 1018 2962 ἀναγνωσθεῖσιν,
1043 2891 1185 2952 οἶδεν
1231 2899 1314 2953 ὅτι
1360 2899 1592 2970 μεγάλοι
1624 2903 1758 2972 ἡμῖν
1798 2902 2007 2971 ἀγῶνες
2057 2906 2153 2959 καὶ

568 2981 796 3052 ἱδρῶτες
843 2984 1162 3055 πρόκεινται
1212 2988 1475 3057 τήμερον.
1533 2987 1673 3041 Ὅτε
1711 2988 1822 3059 γὰρ
1845 2984 1995 3060 ἦλθε
2038 2991 2152 3046 Πέ-

563 3086 724 3135 τρος,
777 3071 943 3140 φησὶν
965 3110 979 3134 ,
1028 3074 1112 3138 εἰς
1170 3073 1551 3143 Ἀντιόχειαν,
1618 3075 1771 3130 κατὰ
1812 3079 2152 3147 ’πρόσωπον

565 3155 730 3220 αὐτῷ
750 3157 1012 3226 ἀντέστη
1021 3176 1073 3212 ν.

636 3242 702 3313 β’.
737 3239 885 3315 τΑρα
929 3241 1022 3300 οὖν
1061 3247 1123 3299 οὐ
1161 3247 1384 3318 θορυϐεῖ
1426 3248 1660 3303 ἕκαστον
1698 3250 1807 3303 τῶν
1842 3251 2149 3308 ἀκουόντων

556 3330 738 3395 τοῦτο,
756 3331 837 3385 ὅτι
856 3332 1067 3398 Παῦλος
1087 3335 1319 3407 ἀντέστη
1344 3336 1421 3408 τῷ
1442 3337 1654 3408 Πέτρῳ,
1674 3338 1757 3391 ὃτι
1778 3339 1827 3391 οἰ
1849 3339 2027 3394 στῦλοι
2049 3342 2151 3412 τῆς

572 3419 901 3492 Ἐκκλησίας
921 3422 1315 3493 συγκρούονται
1333 3425 1429 3478 καὶ
1451 3425 1701 3497 ἀλλήλοις
1719 3429 2143 3499 προσπίπτουσι;

558 3504 750 3561 Στῦλοι
778 3507 888 3583 γὰρ
912 3509 1082 3573 ὅντως
1105 3510 1246 3563 εἰσὶν
1265 3503 1546 3585 οὗτοι,τὴν
1563 3513 1766 3584 ὀροφὴν
1789 3515 1891 3582 τῆς
1908 3517 2146 3583 πίστεως

556 3593 846 3665 ἀνέχοντες
877 3596 969 3650 καὶ
1001 3596 1476 3663 διαϐαστάζοντες,
1512 3589 1607 3653 καὶ
1647 3601 1853 3669 στῦλοι,
1884 3604 1979 3657 καὶ
2008 3605 2145 3676 πρό·

556 3680 725 3748 ϐολοι,
758 3683 851 3736 καὶ
894 3683 1164 3756 ὀφθαλμοὶ
1209 3685 1304 3739 τοῦ
1347 3685 1600 3758 σώματος
1632 3689 1734 3759 τῆς
1793 3691 2140 3762 Ἐκκλησίας,

555 3772 655 3826 καὶ
701 3774 878 3844 πηγαὶ
906 3775 1015 3829 τῶν
1050 3774 1295 3845 ἀγαθῶν,
1326 3776 1422 3830 καὶ
1454 3776 1740 3849 θησαυροὶ,
1780 3780 1875 3834 καὶ
1898 3779 2139 3853 λιμένες,

554 3859 652 3913 καὶ
680 3863 787 3916 πᾶν
824 3863 962 3935 ὅπερ
998 3863 1064 3918 ἂν
1098 3866 1242 3919 εἴποι
1267 3882 1371 3930 τις,
1403 3866 1614 3919 οὐδέπω
1642 3867 1743 3938 τῆς
1773 3868 1931 3936 ἀξίας
1962 3869 2143 3925 αὐτῶν

554 3949 831 4020 ἐφίξεται·
858 3953 973 4006 ἀλλ’
1000 3953 1219 4027 ὅσῳπερ
1249 3955 1315 4009 ἂν
1420 3956 1631 4026 μεγάλα
1665 3957 1845 4013 αὐτῶν
1875 3959 1943 4014 τά
1969 3961 2143 4030 ἐγκώ-

558 4054 680 4108 μια,
703 4041 943 4112 τοσούτῳ
959 4040 1160 4101 πλείων
1190 4044 1321 4115 ἡμῖν
1341 4045 1369 4096 ό
1384 4043 1552 4112 ἀγών.
1567 4045 1905 4117 Διανάστητε
1937 4048 2138 4104 τοίνυν⁶

556 4125 699 4197 ὑπὲρ
717 4126 973 4198 πατέρων
991 4128 1101 4200 γάρ
1130 4131 1263 4200 ἡμῖν
1292 4131 1441 4184 ἐστιν
1456 4133 1483 4186 ὁ
1498 4131 1678 4200 λόγος,
1702 4132 1844 4187 ὥστε
1861 4136 2138 4209 ἀποκρού-

557 4211 759 4266 σασθαι
797 4214 866 4267 τὰ
894 4215 1016 4267 κατ’
1061 4216 1287 4270 ἐκείνων
1329 4218 1607 4288 φερόμενα
1633 4218 1959 4293 ἐγκλήματα
1987 4224 2139 4297 παρά

551 4300 663 4355 τῶν
685 4301 905 4367 ἔξωθεν,
932 4303 1151 4358 καὶτῶν
1178 4303 1281 4373 τῆς
1304 4304 1540 4369 πίστεως
1561 4306 1880 4378 ἀλλοτρίων.
1915 4311 2055 4367 Ὅτε
2069 4313 2139 4368 δὲ

547 4387 699 4463 ἦλθε
714 4391 938 4461 Πέτρος
953 4395 1041 4458 εις
1069 4393 1458 4460 Ἀντιόχειαν,
1477 4395 1627 4450 κατὰ
1641 4398 1967 4464 πρόσωπον
1977 4403 2138 4469 αὐτῷ

546 4477 871 4549 ἀντέστην,
897 4479 987 4535 ὅτι
1012 4479 1516 4560 κατεγνωσμένος
1524 4477 1621 4553 ἦν.
1642 4479 1778 4537 Εἶτα
1804 4486 1953 4560 καὶὴ
1987 4490 2137 4545 αἰτία

546 4567 651 4637 τῆς
679 4566 1077 4638 καταγνώσεως
1096 4585 1111 4600 ·
1141 4567 1262 4636 Πρὸ
1305 4567 1412 4622 τοῦ
1452 4553 1563 4641 τδρ
1593 4570 1795 4627 ἐλθεῖν
1817 4553 1983 4643 τινας
2014 4578 2135 4633 ἀπὸ

560 4653 830 4709 Ἰακώϐου
849 4696 865 4721 ,
909 4658 1059 4725 μετὰ
1099 4655 1222 4709 τῶν
1265 4654 1459 4711 ἐθνῶν
1503 4657 1844 4727 συνήσθιεν
1867 4677 1881 4693 '
1919 4662 2018 4718 ὅτε
2064 4666 2137 4720 δέ

547 4737 760 4812 ἦλθον,
793 4744 1136 4800 ὐπέστελλε
1182 4744 1278 4799 καί
1316 4745 1607 4816 ἀφώριζεν
1633 4748 1873 4812 ἑαυτὸν,
1911 4755 2134 4822 φοϐού-

546 4847 730 4900 μενος
766 4832 909 4899 τοὺς
947 4834 1016 4888 ἐκ
1056 4834 1396 4904 περιτομῆς.
1436 4836 1547 4892 Καί
1601 4842 2135 4911 συνανεκρίθησαν

545 4917 708 4983 αὐτῷ
729 4919 830 4973 καί
859 4922 913 4974 οἰ
938 4922 1136 4976 λοιποὶ
1176 4922 1470 4977 Ἰουδαῖοιο
1499 4923 1656 4979 ὥστε
1693 4926 1792 4980 καί
1816 4929 2133 4998 Βαρνάϐας

545 5004 914 5075 συναπήχθη
948 5007 1148 5062 αὐτῶν
1166 5009 1242 5079 τῇ
1266 5011 1607 5081 ὑποκρίσει.
1636 5013 1789 5067 Ἀλλ’
1819 5013 1919 5069 ὅτε
1942 5013 2128 5085 εἷδον,

544 5092 636 5147 ὅτι
659 5094 774 5149 οὐκ
813 5094 1213 5163 ὀρθοποδοῦσι
1241 5097 1390 5166 πρὸς
1415 5100 1532 5170 τὴν
1567 5100 1855 5169 ἀλήθειαν
1882 5104 1988 5159 τοῦ
2022 5108 2130 5162 Εὐ-

543 5183 851 5252 αγγελίου,
890 5178 1066 5237 εἷπον
1101 5181 1182 5249 τῷ
1232 5183 1432 5252 Πέτρῳ
1476 5186 1822 5257 ἔμπροσθεν
1863 5191 2125 5250 πάντων.

542 5267 654 5323 Καὶ
687 5269 800 5324 ἀνω
845 5270 1016 5341 λέγει,
1042 5270 1126 5326 ὅτι
1161 5271 1326 5326 Κατά
1355 5274 1709 5341 πρόσωπον’
1752 5277 1846 5330 καὶ
1869 5279 2124 5346 ἐνταῦθα,

546 5356 933 5426 Ἐμπροσθεν
953 5359 1218 5416 πάντων.
1236 5361 1462 5432 Παρατη
1471 5364 1614 5432 ρείτε
1643 5362 1822 5429 τοῦτο,
1845 5366 1906 5420 τὸ
1930 5369 2125 5435 εἰπεῖν,

1298 411 1357 471 S.
1395 410 1685 470 JOAN-NIS
1721 408 2146 467 CHRYSOS’FC!

2253 411 2569 468 Λιιιτηιπν.
2604 406 3154 467 CONSTANTINOP.

2260 518 2360 608 τῆς
2391 523 2727 608 παρρησίας,
2750 525 2835 580 δτι
2863 525 2965 580 οὐκ
2985 526 3189 601 ᾐδέσθη
3214 529 3280 583 τὸ
3304 529 3519 603 ἀξίωμα
3549 532 3649 588 τοῦ
3677 553 3826 608 προσ-

2257 602 2431 672 ώπου,
2449 605 2538 661 διά
2558 608 2657 680 τὴν
2677 609 2937 679 ἀλήθειαν
2951 612 3047 668 τοῦ
3069 612 3399 685 Εὐαγγιλίου
3419 602 3517 672 οὐκ
3538 602 3825 693 ἠρυθρίασε

2257 693 2384 756 τοὺς
2417 695 2711 767 παρόντας.
2753 698 2893 753 Ἀλλ’
2916 702 2966 753 εί
2991 701 3085 753 καί⁸
3110 702 3328 757 Παύλου
3360 704 3637 777 ἐγκώμιον
3659 709 3828 776 τοῦτο,

2256 780 2504 853 ⁴ἡμετέρα
2540 783 2599 837 δὲ
2627 783 2861 857 αἰσχύνη
2878 787 3114 854 γίνεται.
3146 791 3217 843 Τί
3245 791 3377 863 γὰρ,
3417 795 3467 847 εἰ
3498 794 3711 860 Παῦλος
3739 814 3830 852 κα-

2259 867 2367 932 λῶς
2413 868 2705 941 ἐποίησεν-ς
2748 873 2891 928 Ἀλλ’
2942 877 2973 930 6
3027 877 3233 950 Πέτρος
3270 880 3494 949 κακῶς,
3528 884 3589 937 ετ
3636 902 3702 953 γε
3740 886 3829 942 οὐκ

2212 973 2239 985 “
2258 955 2576 1027 ὼρθοπόδει.
2596 959 2662 1012 Τί
2696 956 2791 1014 οῦν
2809 965 2935 1033 ἐμοὶ
2957 964 3017 1017 τὸ
3039 964 3248 1034 δφελος,
3274 968 3401 1023 ὅταν
3425 970 3531 1040 τῆς
3555 970 3831 1043 Euvmpwo;

2260 1043 2487 1117 θάτερος
2520 1047 2687 1113 ἵππος
2713 1049 2962 1125 χωλεύῃς
2989 1054 3064 1106 Οὐ
3093 1053 3204 1127 γάρ
3223 1057 3360 1128 πρὸς
3380 1057 3597 1112 Παῦλόν
3630 1075 3721 1131 μοι
3745 1061 3831 1114 νῦν

2258 1132 2289 1185 6
2315 1131 2496 1219 λόγος,
2523 1133 2662 1188 ἀλλά
2684 1136 2822 1206 πρὸς
2847 1141 2973 1203 τοὺς
3001 1139 3221 1207 ἔξωθεν.
3244 1142 3342 1196 Διά
3362 1144 3520 1198 τοῦτο
3544 1147 3644 1200 καὶ
3672 1165 3832 1219 παρα-

2260 1218 2413 1273 καλῶ
2459 1221 2769 1294 προσέχειν.
2821 1225 2933 1279 Kal
2977 1226 3089 1299 γάρ
3136 1230 3286 1295 αὐξω
3327 1232 3433 1304 τὴν
3479 1218 3829 1306 κατηγορίαν,

2260 1307 2356 1361 καὶ
2389 1307 2617 1380 μείζονα
2649 1310 2809 1379 ποιῶ,
2850 1313 2937 1367 ῖνα
2971 1315 3227 1371 ἐπιτείνω
3263 1318 3425 1391 ὐμῶν
3453 1321 3554 1391 τὴν
3581 1323 3830 1393 σπουδήν.

2271 1396 2331 1452 '0
2358 1398 2469 1469 γὰρ
2505 1400 2765 1469 ἀγωνιῶν
2783 1404 2966 1474 νήφει,
2995 1406 3090 1459 καὶ
3115 1408 3144 1460 6
3171 1406 3429 1474 δεδοικὼς
3447 1410 3590 1483 ὑπὲρ
3619 1414 3831 1486 πατρὸς,

2259 1488 2554 1560 προσέχει·
2594 1492 2623 1544 6
2672 1490 2886 1545 ἀκούων
2932 1493 3033 1566 τῆς
3062 1498 3430 1569 κατηγορίας,
3466 1501 3727 1573 ἐπιθυμεῖ
3756 1503 3835 1559 δέ-

2259 1574 2463 1642 ξασθαι
2513 1576 2612 1648 τὴν
2661 1578 2981 1648 ἀπολογίαν.
3024 1583 3123 1636 Ἂν
3162 1585 3343 1639 τοίνυν
3391 1587 3544 1663 [564]
3586 1590 3835 1663 ἄρξωμαι

2259 1663 2446 1733 αὔξειν
2490 1665 2590 1740 τὴν
2625 1670 2983 1742 κατηγορίαν,
3030 1672 3109 1746 μὴ
3156 1674 3265 1728 ἀπὸ
3295 1675 3521 1749 γνώμης
3560 1678 3667 1750 τῆς
3703 1681 3835 1752 ἐμῆς

2258 1752 2521 1840 νομίσητε
2561 1753 2705 1810 εἶναι
2728 1756 2798 1810 τά
2838 1757 3125 1831 λεγόμενα.
3159 1761 3383 1817 Βαθύνω
3428 1765 3537 1838 γὰρ
3578 1766 3736 1837 ὑμῶν
3763 1767 3837 1840 τῷ

2258 1839 2402 1927 λόγῳ
2442 1842 2544 1912 τὴν
2584 1843 2845 1910 διάνοιαν,
2883 1844 3202 1903 διασκάπτω
3235 1850 3327 1904 τὸν
3361 1852 3505 1918 νοῦν,
3543 1854 3633 1908 ἴνα
3676 1857 3734 1910 ἐν
3764 1839 3838 1927 τῷ

2258 1926 2416 1997 βάθει
2454 1929 2523 1982 τά
2552 1931 2800 2001 νοήματα
2829 1932 3221 2004 καταθέμενος,
3247 1935 3442 1991 ἄσυλον
3469 1938 3653 1993 αὐτῶν
3682 1942 3837 2012 ἐργάο

2259 2031 2442 2086 σωμαι
2487 2015 2591 2088 τὴν
2639 2017 2913 2089 φυλακήν.
2946 2019 3107 2075 ’Δελλά
3149 2022 3244 2076 καὶ
3287 2023 3389 2095 τῆς
3430 2025 3643 2091 πόλεως
3688 2027 3837 2100 ὑμῶν

2258 2101 2536 2174 ἐγκώμιον
2566 2103 2635 2158 τά
2667 2105 3031 2178 ῥηθησόμενα.
3063 2107 3213 2180 Αὕτη
3245 2109 3356 2181 γὰρ
3387 2113 3479 2167 τὸν
3507 2114 3697 2183 ἀγῶνα
3723 2116 3833 2170 ἐδέ-

2258 2187 2408 2255 ξατο,
2432 2191 2570 2265 αὐτη
2598 2192 2695 2264 τὴν
2720 2194 2922 2267 μάχην,
2953 2195 3152 2266 μᾶλλον
3175 2198 3235 2255 δὲ
3256 2200 3317 2253 οὐ
3340 2201 3441 2272 τὴν
3472 2202 3676 2274 μάχην,
3702 2204 3835 2259 ἀλλά

2256 2277 2355 2348 τὴν
2386 2278 2650 2335 δοκοῦσαν
2704 2283 2805 2352 μὲν
2849 2278 2989 2337 εἶναι
3040 2285 3247 2358 μάχην,
3282 2289 3462 2359 πάσης
3504 2290 3565 2344 δὲ
3613 2293 3831 2365 εἰρήνης

2255 2365 2558 2439 γενομένην
2606 2371 3044 2443 χρησιμωτέραν.
3087 2374 3164 2427 Οὐ
3205 2374 3316 2448 γὰρ
3360 2376 3533 2442 οὕτως
3564 2380 3726 2451 ἡμῶν
3768 2381 3837 2439 τά

2259 2454 2567 2544 μέληῗπρὸς
2611 2458 2815 2530 ἄλληλα
2866 2462 3261 2532 συνέσφιῩκται
3306 2470 3428 2531 ταῖς
3471 2469 3586 2522 τῶν
3631 2471 3837 2544 νεύρων

2256 2543 2593 2614 περιϐολαῖς,
2613 2547 2689 2611 ὡς
2711 2548 2763 2602 oi
2783 2549 3075 2607 ἀπόστολοι
3099 2553 3237 2624 πρὸς
3267 2553 3526 2629 ἀλλήλους
3550 2553 3699 2630 ἦσαν
3721 2543 3843 2615 συνς

2255 2631 2528 2704 δεδεμένοι
2561 2637 2677 2698 τοῖς
2706 2637 2804 2708 τῆς
2837 2637 3058 2710 ἀγάπης
3078 2640 3316 2711 δεσμοῖς.

2324 2726 2395 2789 7.
2434 2721 2762 2794 Ὲπῃνέσατε
2796 2725 2891 2779 τὸν
2912 2726 3152 2795 Παῦλον;
3193 2729 3485 2786 Ἀκούσατε
3510 2733 3693 2788 τοίνυν
3719 2736 3828 2799 πῶς

2255 2809 2561 2880 κατηγορία
2593 2812 2713 2865 ἐστὶ
2742 2812 2954 2868 Παύλου
2991 2815 3065 2870 τὰ
3089 2817 3378 2888 εἰρημένα,
3415 2819 3483 2874 ἀν
3510 2822 3592 2893 μὴ
3632 2824 3725 2877 τὸν
3748 2827 3825 2877 ὲν-

2255 2900 2753 2971 αποκεκρυμμένον
2782 2904 2896 2965 τοῖς
2947 2903 3154 2976 ῥήμασι
3196 2906 3551 2979 θηρεύσωμεν
3598 2911 3741 2967 νοῦν.
3766 2912 3835 2969 Τί,

2252 2984 2452 3055 λέγεις,
2486 2983 2532 3041 ὦ
2573 2989 2788 3071 Παῦλε;
2816 2993 3153 3064 ἐπετίμησας
3187 2996 3397 3069 Πέτρῳ,
3436 3000 3525 3052 ὅτε
3571 2997 3712 3066 εἶδες
3734 3004 3829 3058 οὐκ

2253 3074 2650 3146 ὀρθοποδοῦντα
2698 3080 2836 3151 πρὸς
2871 3080 2969 3153 τὴν
3022 3082 3278 3154 ἀλήθειαν
3328 3086 3423 3140 τοῦ
3458 3084 3823 3160 Εὐαγγελίου;

2252 3163 2471 3229 Καλῶς.
2514 3165 2672 3229 Τίνος
2710 3163 2803 3223 οὗν
2856 3168 3042 3223 ἕνεκεν
3080 3172 3245 3226 Κατὰ
3279 3174 3648 3245 πρόσωπον;
3691 3180 3829 3245 τίνος

2251 3249 2438 3305 ἕνεκεν
2482 3253 2866 3322 Ἐμπροσθεν
2913 3256 3190 3322 mir-raw;
3221 3260 3322 3314 οὐκ
3377 3262 3481 3317 ἔδει
3515 3265 3829 3340 ἀμάρτυρον

2251 3337 2498 3406 γίνεσθαι
2519 3341 2612 3394 τὸν
2639 3341 2890 3412 ἔλεγχονς
2932 3345 3004 3398 Σὺ
3037 3345 3092 3398 δὲ
3131 3346 3251 3413 πῶς
3281 3349 3343 3419 δη
3355 3337 3653 3420 μοσιεύεις
3673 3337 3825 3410 16—6:-

2250 3429 2569 3499 καστήριον,
2611 3430 2707 3483 καὶ
2755 3431 2985 3495 πολλοὺς
3027 3431 3127 3503 τῆς
3163 3438 3497 3507 κατηγορίας
3544 3442 3823 3516 μάρτυρας

2249 3515 2457 3581 mnarg;
2490 3515 2584 3568 καὶ
2611 3515 2695 3579 τίς
2718 3518 2817 3570 οὐκ
2852 3517 2916 3571 ἂν
2940 3519 3109 3582 εἴποι,
3133 3522 3217 3574 ὅτι
3243 3521 3303 3588 ἐξ
3345 3524 3650 3597 ἀπεχθείας
3677 3515 3827 3585 τοῦτον

2248 3603 2444 3664 ποιεῖς,
2481 3602 2577 3657 καὶ
2605 3602 2800 3672 φθόνου
2826 3646 2840 3670 ,
2881 3606 2976 3660 καὶ
3019 3608 3385 3678 φιλονεικίας;
3432 3615 3494 3666 οὐ
3530 3617 3598 3670 σὺ
3630 3613 3769 3690 ἦσθα
3794 3620 3831 3678 ἀ

2246 3687 2442 3774 λέγων,
2484 3691 2805 3762 Ἐγενόμην
2829 3694 2955 3761 τοῖς
2986 3697 3312 3753 ἀσθενέσιν
3339 3700 3420 3767 ὡς
3439 3687 3743 3774 dcam-1k;
3763 3708 3821 3761 Τί

2244 3773 2301 3829 δέ
2331 3776 2470 3843 ἐστι,
2505 3777 2632 3845 Τοῖς
2656 3779 2985 3836 ἀσθενέσιν
3010 3784 3089 3851 ὠς
3119 3786 3413 3855 ἀσθενής;
3449 3773 3820 3860 Συγκαταϐαί-

2244 3881 2350 3919 νων
2379 3866 2474 3919 καὶ
2503 3868 2871 3940 περιστέλλων
2903 3872 3081 3927 αὐτῶν
3106 3875 3173 3929 τά
3200 3876 3512 3947 τραύματα,
3546 3887 3703 3954 φησὶ,
3732 3888 3829 3943 καὶ.

2243 3952 2345 4006 οὐκ
2368 3955 2553 4024 ἀφιεὶς
2575 3958 2657 4020 εἰς
2684 3957 3068 4031 ἀναισχυντίαν
3093 3963 3364 4019 ἐκπεσεῖν.
3386 3963 3518 4021 Εἶτα
3540 3952 3674 4043 περὶ
3702 3973 3818 4037 τοὺς

2246 4040 2498 4114 μαθητάς
2530 4044 2675 4132 οὓτω
2707 4046 2960 4118 κηδεμὼν
3003 4050 3098 4103 καὶ
3130 4050 3511 4126 φιλάνθρωπος
3548 4040 3649 4123 ὢν,
3698 4061 3816 4132 περὶ

2240 4129 2334 4218 τὸν
2361 4131 2757 4187 συναπόστολον
2791 4135 3157 4209 ἀπάνθρωπος
3187 4140 3414 4210 ὲγένου;
3448 4144 3563 4199 Οὐκ
3583 4129 3821 4218 ἤκουσας,

2238 4216 2334 4272 τοῦ
2381 4218 2618 4291 Χριστοῦ
2673 4220 2946 4291 λέγοντος,
2993 4224 3182 4280 Ὅταν
3221 4228 3452 4300 ἁμάρτῃ
3494 4237 3529 4287 ό
3559 4216 3813 4305 ἀδελφός

2239 4320 2377 4370 σου,
2406 4306 2618 4377 ὕπαγε,
2636 4307 2891 4378 ἔλεγξον
2913 4311 3099 4365 αὑτὸν
3116 4315 3347 4384 μεταξὺ
3366 4319 3485 4373 σοῦ
3503 4321 3604 4375 καί
3633 4323 3810 4379 αὐτοῦ

2232 4394 2470 4462 μόνου;
2508 4395 2582 4451 Σὺ
2607 4396 2665 4450 δὲ
2696 4399 2791 4452 καὶ
2810 4399 3046 4472 δημοσίᾳ
3081 4401 3346 4475 ἐλέγχεις,
3379 4409 3477 4462 καὶ
3509 4411 3652 4480 μέγα
3689 4429 3808 4484 φρο-

2237 4483 2356 4571 νεῖς,
2404 4483 2498 4537 ἐπὶ
2567 4484 2645 4557 τῷ
2698 4486 3002 4558 πράγματι.
3030 4491 3168 4546 Ὅτε
3199 4491 3310 4561 γὰρ
3364 4490 3515 4565 ἦλθε
3565 4483 3806 4571 Πέτρος,

2239 4570 2421 4640 φησὶν,
2452 4573 2542 4639 είς
2582 4573 2969 4643 Ἀντιόχειαν,
3000 4576 3153 4630 κατὰ
3177 4580 3503 4647 πρόσωπον
3712 4590 3809 4644 ἀν·-

2235 4656 2478 4727 τέστην.
2512 4660 2623 4714 Καὶ
2655 4661 2755 4715 οὐκ
2784 4661 3025 4733 ἐλέγχεις
3052 4664 3288 4739 δημοσίᾳ
3317 4669 3499 4739 μόνον,
3529 4673 3668 4729 ἀλλά
3697 4677 3811 4741 καὶ,

2235 4745 2488 4820 καθάπερ
2508 4750 2590 4836 Αέν
2619 4749 2810 4825 στήλῃ,
2842 4754 2955 4816 τοῖς
2980 4752 3274 4825 γράμμασι
3311 4759 3415 4831 τὴν
3444 4762 3625 4834 μάχην
3650 4766 3808 4836 ἐγχα-

2236 4833 2429 4906 ράξας,
2459 4834 2728 4893 ἀθάνατον
2759 4842 2933 4903 ποιεῖς
2961 4840 3061 4912 τὴν
3088 4842 3342 4916 μνήμην
3391 4848 3477 4902 ῐνα
3499 4833 3586 4923 μὴν
3613 4853 3665 4905 οἱ
3691 4833 3803 4908 τότε

2234 4923 2503 4994 παρόντες
2544 4924 2723 4994 μόνον,
2759 4925 2893 4981 ἀλλά
2919 4929 3015 4981 καὶ
3052 4930 3252 4995 πάντες
3278 4934 3329 4986 οἰ
3360 4934 3460 5007 τὴν
3490 4939 3802 5011 οἰκουμένην

2230 5009 2504 5075 οἰκοῦντες
2514 5011 2610 5066 ἀνθ
2616 5029 2789 5083 ρωποι
2800 5013 3014 5084 μάθωσι
3025 5014 3210 5091 διάτῆς
3224 5020 3514 5095 ἐπιπολῆς
3527 5024 3584 5079 τὸ
3596 5009 3809 5097 γέγενῄ.

2235 5098 2412 5171 μένον.
2438 5099 2592 5154 Οὐτω
2609 5117 2691 5156 σοι
2728 5101 2989 5173 ἐποίησαν
3012 5106 3064 5160 ot
3086 5106 3375 5163 ἀπόστολοι
3421 5114 3480 5166 ἐν
3523 5112 3804 5185 Ἰεροσολύη

2234 5187 2483 5259 μοις,δτε
2512 5187 2742 5258 ἀνῆλθες
2781 5189 2870 5243 διά
2911 5192 3327 5267 δεκατεσσάρων
3355 5198 3491 5257 ἐτῶν
3519 5201 3803 5258 ἀναθέσθαι

2229 5276 2414 5339 αὐτοῖς
2435 5276 2495 5330 τὸ
2515 5275 2838 5347 Εὐαγγέλιον
2860 5295 2875 5346 ;
2905 5281 2980 5334 Οὐ
2998 5282 3063 5335 σὺ
3084 5281 3288 5352 λέγεις,
3302 5276 3389 5341 δτι
3407 5290 3511 5343 Διὰ
3529 5290 3803 5347 δεκατεσ-

2228 5365 2433 5435 σάρων
2460 5363 2614 5418 ἐτῶν
2637 5364 2881 5435 ἀνέϐην,
2912 5369 3010 5423 καί
3050 5372 3351 5444 ἀνεθέμην
3385 5374 3589 5444 αὐτοῖς
3611 5377 3677 5435 τὸ
3699 5381 3803 5435 Εὐ·

543 5440 930 5513 Ἐμπροσθεν
964 5446 1227 5504 πάντων.
1259 5450 1331 5503 Et
1358 5448 1463 5514 σὺ,
1500 5448 1789 5517 Ἰουδαῖος
1815 5451 2123 5523 ὑπάρχων,
2223 5451 2525 5534 αῃέλιον,
2556 5454 2685 5507 κατ’
2718 5454 2876 5508 ἰδίαν
2896 5456 2965 5509 δὲ
2994 5456 3118 5525 τοῖς
3157 5440 3413 5517 δοήῦσί
3439 5481 3498 5518 τι
3527 5440 3715 5534 sirm;
3740 5465 3803 5521 Τί

538 5529 785 5614 έθνικῶς
816 5531 939 5603 ζῇς,
969 5535 1070 5589 καὶ
1099 5538 1238 5606 οὐχὶ
1283 5536 1641 5603 Ἰουδαϊκῶς,
1665 5540 1723 5593 τι
1754 5539 1852 5594 καὶ
1879 5540 1951 5595 τὰ
1979 5541 2125 5614 ἔθνη

538 5612 889 5686 ἀναγκάζεις
918 5619 1233 5683 ἰουδαΐζειν
1247 5640 1268 5690 ;
1291 5625 1445 5698 Τάχα
1464 5626 1771 5698 ἐπῃνέσατε
1802 5628 1892 5683 τὸν
1914 5612 2125 5687 Παῦλον

542 5732 840 5812 ,έριξιηεε
858 5740 974 5812 5,133-
999 5744 1066 5796 ὣς
1082 5742 1165 5790 καὶ
1205 5746 1394 5809 ἑτέρωθι
1434 5749 1730 5812 διακομίσαι.
1784 5751 1917 5804 Edili
1943 5756 2007 5812 ὡς
2043 5758 2125 5806 καὶ

530 5804 686 5897 nm
999 5859 1107 5922 περὶ
1125 5862 1208 5918 τήν
1216 5896 1227 5909 .

2226 5532 2351 5602 οῦν;
2389 5535 2713 5607 βουλόμενόν
2742 5554 2800 5590 σε
2848 5540 2969 5592 κατ’
3006 5541 3142 5595 ἰδίαν
3175 5544 3491 5613 ἀναθέσθαι,
3531 5532 3800 5603 ἐκώλυσαν

2228 5620 2324 5706 X90-
2357 5621 2438 5706 ςξς
2469 5622 2635 5706 μέσον
2677 5621 2905 5706 ἤγαγον,
2943 5624 3038 5678 καὶ
3076 5624 3235 5698 δῆλον
3266 5628 3470 5684 ἅπασιν
3508 5632 3764 5706 ἐποίησαν
3781 5649 3803 5699 ;Α

2228 5704 2345 5759 Οὐκ
2375 5702 2524 5756 ἐστιν
2554 5705 2751 5759 εἰπεῖν.
2780 5701 2917 5759 Εῐτα
2945 5711 3013 5761 σὺ
3053 5707 3152 5778 μὲν
3185 5714 3310 5766 κατ’
3344 5713 3484 5770 ἰδίαν
3525 5701 3796 5787 ἀνατίθης,

2227 5789 2322 5871 καὶ
2350 5787 2524 5871 οὐδεὶς
2543 5789 2839 5858 ἀντιλέγει·
2873 5790 2964 5843 τὸν
2992 5790 3051 5844 δὲ
3080 5793 3377 5851 ἀπόστολον
3401 5800 3795 5871 ἐκπομπεύεις;

2227 5869 2379 5941 *Αρα
2397 5868 2490 5927 οὐν
2525 5877 2641 5928 ἐκεῖ
2675 5876 2835 5945 μόνον
2866 5874 3068 5949 ταύτης
3090 5878 3413 5949 ἀπήλαυσας
3430 5868 3797 5956 τῆς-εὐνοίαςδ
