4062 6470
356 446 464 504 373

358 563 732 619 consolabatur
755 562 915 618 etiam
936 563 1087 629 illud,
1107 561 1247 633 quod
1264 575 1367 617 vos
1379 564 1601 634 opiparas
1624 573 1737 618 tum
1753 573 1940 621 mensa

362 654 707 719 frueremini,
758 669 823 709 ac
852 654 1125 710 liberalem
1155 662 1211 710 et
1230 663 1599 725 sumptuosum
1628 655 1945 709 convivato-

359 759 475 799 rem
503 742 644 799 nacti
670 744 879 799 essetis.
907 744 1075 819 Porro
1097 744 1153 800 id
1176 756 1281 799 non
1298 738 1480 800 'fa‘ndo
1508 752 1717 800 tanaim
1745 738 1947 800 audivi-

359 848 512 901 mus,
562 833 657 889 sed
697 835 819 905 ipso
852 837 1005 891 nobis
1048 837 1418 906 experimento
1456 844 1793 907 compertum
1839 836 1942 892 est’.

362 926 536 982 Fuere
560 927 777 998 quippe,
806 927 897 998 qui
925 940 986 982 ea
1014 944 1132 998 quae
1159 928 1490 996 dicebantur,
1521 939 1709 985 cuncta
1743 930 1944 986 refere-

360 1020 517 1085 bant,
575 1029 631 1074 et
657 1034 723 1074 ex
757 1021 1001 1090 reliquiis
1039 1020 1109 1077 de
1152 1030 1263 1076 tcto
1287 1022 1534 1077 convivio
1576 1022 1940 1090 conjecturam

362 1108 609 1164 fecimus.
637 1108 818 1180 Itaque
844 1112 1238 1167 cenviVator'em
1279 1112 1491 1183 quidem
1523 1113 1767 1177 laudavi,
1799 1112 1943 1183 ejus-

361 1210 466 1269 que
502 1190 948 1272 magnificentiam
991 1217 1054 1257 ac
1095 1203 1309 1257 divitias
1330 1202 1696 1258 commendavi
1730 1221 1751 1257 :-
1774 1205 1867 1259 sed
1891 1211 1946 1259 et

362 1306 459 1347 vos
481 1300 702 1364 propter
725 1295 864 1349 hanc
884 1294 1308 1351 benevolentiam
1341 1296 1525 1352 beatos
1554 1297 1858 1367 praedicari,
1890 1304 1945 1351 et

362 1392 580 1452 propter
617 1382 946 1454 diligentiam
970 1428 985 1452 ,
1030 1386 1171 1455 quod
1222 1397 1328 1441 tam
1375 1397 1621 1443 accurate
1657 1404 1776 1459 quae
1802 1388 1944 1443 dicta

362 1484 490 1528 sunt
528 1475 786 1529 memoria
823 1476 1085 1544 teneatis,
1116 1485 1176 1532 ut
1200 1478 1362 1533 etiam
1386 1477 1452 1533 ad
1481 1479 1615 1534 alios
1655 1478 1943 1535 transferre

364 1564 598 1635 possitis.
657 1564 946 1635 Propterea
982 1578 1083 1623 nos
1110 1583 1324 1638 quoque
1353 1568 1493 1638 apud
1540 1570 1816 1624 caritatem
1852 1585 1944 1625 ve-

363 1664 527 1710 stram
559 1657 903 1726 perlubenter
925 1658 1253 1714 disserimus.
1303 1659 1439 1715 Nam
1461 1662 1550 1730 qui
1578 1677 1671 1715 sua
1696 1663 1943 1717 commit-

364 1746 426 1800 tit
449 1745 573 1800 huic
601 1747 721 1801 loco
750 1749 975 1815 semina,
1000 1760 1107 1804 non
1137 1763 1199 1805 ea
1229 1764 1385 1805 secus
1410 1752 1551 1806 viam
1581 1752 1810 1821 projicit,
1842 1767 1944 1808 nec

364 1837 417 1892 in
445 1838 625 1907 spinas
654 1839 879 1896 ell'undit
897 1883 913 1910 ,
941 1856 1116 1913 neque
1150 1858 1310 1913 supra
1340 1854 1545 1915 petram
1571 1846 1802 1899 seminat
1826 1862 1840 1899 :
1871 1846 1943 1901 ita

363 1929 572 2000 pinguis
596 1942 651 1986 et
683 1928 874 1987 fertilis
898 1941 981 1988 est
1004 1946 1131 2004 ager
1157 1944 1335 1990 vester
1352 1978 1365 2003 ,
1402 1945 1457 1991 et
1480 1937 1659 1991 omnia
1687 1950 1811 2008 quae
1845 1950 1945 1992 suo

361 2022 480 2077 sinu
505 2023 777 2092 exceperit
808 2025 1232 2094 multiplicantur
1254 2026 1320 2081 ab
1344 2041 1410 2082 eo
1435 2027 1661 2082 semina.

431 2114 719 2168 Attentione
746 2115 1033 2170 auditorum
1064 2118 1281 2171 excitata
1298 2158 1314 2183 ,
1357 2117 1625 2188 perpendit
1649 2117 1832 2187 agendi
1858 2130 1947 2172 ra-

363 2204 549 2259 tionein
574 2204 729 2259 Pauli
765 2205 974 2260 Petrum
1002 2208 1353 2277 vituperantis.
1380 2238 1454 2248 —
1486 2208 1864 2265 Verumtamen
1899 2209 1945 2264 si

361 2302 610 2365 umquam
639 2306 902 2351 summam
945 2297 1273 2353 alaeritatem
1318 2299 1520 2365 animi,
1571 2312 1945 2370 summumque

361 2385 592 2447 studium
619 2386 885 2442 audiendo
910 2390 1222 2444 concionem
1246 2391 1565 2447 exhibuistis
1585 2436 1600 2457 ,
1631 2392 1769 2447 sicut
1795 2407 1942 2447 sema-

361 2492 461 2547 per
485 2491 545 2533 ex
557 2478 800 2534 bibuistis
818 2520 834 2545 ,
861 2479 998 2535 hanc
1023 2489 1077 2536 et
1104 2481 1368 2537 hodierno
1390 2483 1478 2538 die
1502 2484 1633 2538 mihi
1672 2488 1795 2554 peto
1818 2499 1944 2555 gra~

363 2569 493 2624 tiam
517 2571 757 2627 concedi.
798 2568 982 2642 Neque
1005 2574 1148 2628 enim
1179 2574 1247 2630 de
1271 2575 1435 2631 rebus
1460 2577 1764 2647 vulgaribus
1788 2579 1945 2634 nobis

360 2667 443 2714 est
479 2660 740 2730 agendum
767 2703 780 2724 ,
810 2662 903 2717 sed
932 2662 1001 2718 de
1028 2664 1093 2717 iis
1121 2679 1241 2734 quae
1280 2666 1456 2737 magni
1503 2676 1628 2721 sunt
1664 2668 1944 2723 momenti.

360 2749 618 2818 Quocirca
643 2752 771 2806 mihi
799 2754 1196 2823 perspicacibus
1221 2768 1354 2826 opus
1378 2761 1460 2810 est
1492 2758 1683 2822 oculis,
1711 2759 1941 2812 excitata

363 2854 559 2911 mente,
584 2860 647 2898 ac
669 2846 913 2900 sensibus
943 2848 1160 2912 erectis,
1177 2857 1375 2903 attenta
1392 2850 1734 2919 cogitatione,
1764 2849 1946 2905 animo

362 2934 590 2990 insomni
618 2951 681 2991 ac
706 2938 960 3007 vigilanti.
1012 2939 1308 2994 Audivistis
1336 2940 1476 2994 enim
1513 2957 1701 2996 omnes
1727 2950 1944 3012 aposto—

362 3028 521 3084 licam
560 3031 842 3086 lectionem
876 3050 888 3086 :
918 3041 973 3087 et
1000 3034 1045 3087 si
1076 3032 1197 3101 quis
1222 3032 1505 3106 diligenter
1533 3033 1761 3093 attendit
1792 3036 1857 3093 ad
1883 3050 1946 3095 ea

360 3136 479 3189 qua:
506 3122 638 3175 lecta
665 3131 827 3188 sunt,
879 3138 1067 3194 magna
1112 3126 1267 3182 nobis
1311 3129 1603 3182 certamina
1634 3131 1947 3200 laboresque

360 3213 514 3267 nobis
540 3213 799 3270 hodierno
817 3216 905 3272 die
927 3220 1225 3287 prepositos
1241 3235 1360 3275 esse
1379 3224 1647 3292 cognovit.
1667 3222 1793 3277 Cum
1815 3223 1944 3277 enim

359 3308 601 3375 venisset,
651 3309 821 3377 inquit
839 3351 855 3371 .
911 3308 1093 3365 Petrus
1122 3311 1445 3367 Antiochiam
1464 3355 1479 3382 ,
1508 3314 1561 3368 in
1593 3314 1777 3385 facient
1796 3316 1841 3369 ei
1861 3332 1947 3370 re-

358 3399 463 3453 um
492 3397 633 3470 (Gal.
655 3399 710 3455 2.
745 3399 855 3469 ll).

428 3491 482 3545 2.
512 3489 778 3562 Numquid
806 3509 1233 3565 unumquemque
1256 3504 1491 3551 vestrum
1516 3498 1616 3551 hoc
1642 3497 1943 3564 conturbat,

360 3582 485 3638 dum
512 3584 660 3639 audit
679 3585 837 3641 Petro
862 3586 1122 3641 restitisse
1150 3586 1375 3642 Paulum
1406 3606 1421 3642 :
1446 3589 1720 3644 columnas
1746 3590 1948 3644 scilicet

360 3673 617 3730 Ecclesiae
646 3675 787 3730 inter
812 3691 872 3731 se
899 3676 1112 3741 collidi,
1152 3684 1313 3748 atque
1349 3678 1402 3732 in
1430 3692 1490 3733 se
1516 3677 1742 3733 invicem
1770 3680 1947 3733 incur-

358 3766 518 3821 rere?
562 3766 835 3837 Siquidem
874 3780 1003 3823 vere
1044 3769 1307 3824 columna;
1342 3778 1466 3823 sunt
1510 3769 1639 3837 isti,
1684 3770 1776 3840 qui
1825 3771 1947 3826 lidci

359 3866 557 3912 tectum
578 3859 839 3914 sustinent
864 3868 919 3915 et
945 3870 1174 3930 gestant,
1203 3868 1258 3916 et
1280 3861 1543 3916 columna:
1572 3872 1625 3916 ct
1653 3875 1946 3931 propugna-

352 3949 499 4016 cula,
526 3959 581 4004 et
605 3950 859 4006 Ecclesiae
884 3953 1125 4021 corporis
1163 3954 1299 4007 oculi
1322 3995 1336 4017 ,
1382 3963 1436 4008 et
1477 3955 1737 4009 bonorum
1771 3955 1946 4010 fontes

353 4055 423 4096 ac
453 4041 713 4107 thesauri,
746 4051 801 4098 et
827 4054 1009 4114 portus
1028 4085 1044 4111 ,
1082 4053 1136 4100 et
1162 4044 1533 4115 quodcumque
1560 4046 1755 4100 dixerit
1795 4047 1945 4115 quis-

356 4131 523 4201 piam,
548 4131 773 4187 necdum
801 4142 977 4189 tamen
997 4148 1181 4189 eorum
1211 4135 1521 4206 dignitatem
1552 4136 1783 4207 aequabit
1807 4154 1821 4191 :
1851 4136 1945 4191 sed

353 4231 557 4292 quanto
586 4224 817 4294 majores
836 4233 992 4280 erunt
1017 4225 1221 4293 laudes,
1252 4235 1400 4281 tanto
1427 4227 1628 4298 majora
1660 4227 1814 4282 nobis
1843 4227 1945 4282 ob-

351 4314 496 4384 jecta
518 4324 674 4370 erunt
700 4317 1016 4373 certamina.
1062 4318 1338 4375 Attendite
1365 4320 1522 4390 igitur
1550 4338 1562 4374 :
1587 4335 1683 4389 pro
1705 4320 1944 4392 patribus

355 4406 505 4461 enim
535 4408 690 4463 nobis
718 4408 1003 4463 dicendum
1031 4418 1141 4477 est,
1192 4419 1251 4466 ut
1277 4413 1517 4482 conjecta
1550 4413 1601 4467 in
1627 4428 1722 4468 eos
1759 4428 1791 4468 a
1820 4428 1945 4482 pro-

358 4501 499 4557 fanis
546 4511 601 4558 et
637 4517 669 4557 a
712 4501 834 4558 fidei
880 4502 1122 4558 hostibus
1164 4504 1386 4559 crimina
1431 4504 1756 4561 refellamus.
1815 4506 1945 4560 Cum

356 4603 527 4647 autem
562 4596 772 4649 venisset
801 4594 989 4650 Petrus
1025 4593 1377 4663 Antiochiam,
1409 4598 1463 4651 in
1488 4599 1666 4668 faciem
1692 4600 1736 4652 ei
1758 4600 1940 4664 restiti,

357 4685 477 4753 quia
494 4686 896 4755 reprehensibilis
920 4697 1024 4740 erat
1052 4686 1192 4754 (Gal.
1222 4687 1279 4741 2.
1307 4688 1516 4758 il-M).
1568 4689 1768 4745 Deinde
1795 4689 1946 4744 addi-

361 4791 448 4834 tur
465 4791 625 4831 causa
655 4779 1084 4847 reprehensionis
1119 4797 1130 4833 :
1158 4778 1315 4833 Prius
1345 4781 1477 4835 enim
1497 4821 1512 4846 ,
1545 4797 1695 4850 quam
1724 4777 1946 4836 senii-ent

357 4866 566 4935 quidam
605 4867 882 4934 aJacobo,
928 4887 1043 4924 cum
1087 4869 1317 4942 gentibus
1359 4870 1534 4925 edebat
1574 4887 1593 4925 :
1624 4886 1737 4925 cum
1778 4884 1946 4926 autem

358 4959 604 5013 uenissent
623 5001 637 5024 ,
665 4961 985 5015 subtrahebat
1009 4971 1055 5016 et
1086 4961 1378 5034 segregabat
1401 4978 1455 5016 se
1477 5004 1491 5026 ,
1522 4963 1701 5016 timens
1725 4976 1830 5030 eos,
1858 4964 1946 5031 qui

358 5065 425 5103 ex
438 5049 821 5105 circumcisione
844 5060 986 5106 erant
994 5090 1007 5104 .
1028 5051 1095 5105 Et
1121 5053 1437 5107 simulationi
1459 5054 1566 5123 ejus
1587 5063 1945 5108 consenserunt

358 5140 528 5194 τίετενὶ
572 5139 746 5196 Judwi
769 5184 785 5208 ,
831 5143 906 5196 ita
944 5151 999 5196 ut
1045 5153 1089 5196 et
1132 5143 1395 5199 Barnabas
1420 5144 1765 5199 ducereturab
1795 5146 1866 5200 eis
1891 5143 1945 5201 in

358 5232 505 5288 illum
541 5235 928 5289 simulationem.
960 5234 1067 5289 Sed
1087 5252 1203 5290 cum
1230 5236 1462 5292 vidissem
1484 5278 1500 5303 ,
1528 5236 1664 5308 quod
1688 5254 1790 5291 non
1815 5246 1947 5292 recte

360 5324 674 5380 ambularent
719 5325 788 5381 ad
822 5328 1083 5381 ueritatem
1120 5331 1361 5400 evangelii
1385 5370 1401 5394 ,
1452 5329 1561 5383 dixi
1594 5327 1746 5383 Petro
1773 5345 1946 5383 coram

361 5416 610 5472 omnibus.
657 5413 724 5473 Et
745 5433 905 5489 supra
930 5418 1098 5484 dicit,
1142 5417 1207 5472 In
1228 5420 1410 5489 faciem
1432 5462 1447 5487 ,
1477 5430 1532 5475 et
1560 5419 1661 5475 hoc
1687 5420 1825 5486 loco,
1848 5420 1947 5476 Co»

360 5525 471 5562 mm
512 5509 764 5564 omnibus.
812 5509 1003 5566 Notate
1032 5509 1171 5565 istud
1202 5509 1342 5580 quod
1365 5510 1499 5565 dixit
1529 5528 1543 5565 :
1573 5510 1758 5566 Coram
1776 5512 1944 5566 omni-

362 5599 472 5653 bus.
512 5599 578 5655 Si
615 5611 668 5654 tu
689 5617 802 5655 cum
825 5599 1040 5656 Indicus
1067 5601 1156 5662 sis.
1196 5602 1449 5672 gentiliter
1471 5603 1614 5668 uiuis,
1642 5612 1687 5657 et
1714 5614 1813 5657 non
1841 5603 1943 5657 Ju-

361 5690 505 5745 daice
526 5732 543 5759 ,
597 5693 848 5762 quomodo
898 5701 1068 5765 gentes
1118 5693 1256 5764 cogis
1308 5691 1587 5748 ludaizare
1607 5695 1633 5748 Ρ
1695 5695 1947 5751 Fortasse

362 5774 583 5836 Paulum
615 5782 685 5837 ob
709 5785 957 5853 loquendi
984 5785 1284 5841 libertatem
1329 5785 1615 5852 laudastis,
1645 5787 1786 5857 quod
1816 5804 1942 5856 pcr-

364 5884 509 5929 sonte
559 5872 868 5946 dignitatem
916 5890 1023 5933 non
1077 5876 1374 5946 reveritus,
1423 5887 1639 5947 propter
1677 5879 1940 5948 evangelii

1393 470 1456 529 ΙΝ
1495 468 1723 534 ιιωυ,
1761 462 1831 521 lN
1870 454 2124 519 FACIEM
2165 452 2233 514 El
2268 455 2558 515 RESTl‘l'l.

3525 461 3632 523 3⁸η

2051 564 2334 622 veritatem
2352 574 2643 636 praesentes
2662 579 2771 622 non
2793 568 3085 625 erubuerit.
3116 570 3185 625 At
3208 569 3331 626 licet
3348 585 3412 627 ea
3427 572 3494 628 sit
3522 573 3633 629 laus

2050 655 2221 723 Pauli,
2252 667 2495 714 matrum
2521 657 2577 712 in
2604 658 2837 714 dedecus
2864 660 2991 715 illud
3016 659 3176 716 cedit.
3206 661 3344 729 Quid
3368 663 3509 716 enim
3540 678 3632 718 re-

2051 747 2153 801 fert
2175 746 2316 817 quod
2344 756 2489 803 recte
2525 748 2724 804 Paulus
2766 750 3030 819 gesserit?
3070 751 3140 805 At
3175 751 3315 806 male
3337 751 3506 821 gessit
3531 752 3633 807 Pe-

2050 848 2184 905 trus,
2217 838 2477 909 siquidem
2514 855 2623 895 non
2649 848 2801 896 recte
2828 841 3154 897 ambulabat.
3190 842 3327 910 Quid
3349 857 3483 912 ergo
3503 843 3632 897 milii

2048 932 2287 1002 prodest,
2313 933 2526 1000 quando
2545 933 2680 987 alter
2699 948 2764 988 ex
2787 934 2902 1005 biga
2930 948 3101 1005 equus
3126 933 3425 988 claudicat?
3452 933 3634 1004 Neque

2050 1023 2193 1076 enim
2224 1022 2351 1077 mihi
2379 1036 2500 1077 cum
2530 1024 2696 1078 Paulo
2725 1040 2813 1080 res
2838 1034 2947 1091 est,
2973 1025 3068 1081 sed
3094 1040 3217 1080 cum
3245 1025 3501 1095 profanis.
3546 1025 3634 1079 ld-

2046 1115 2191 1169 eirco
2216 1115 2377 1169 etiam
2395 1117 2640 1182 obsecro,
2672 1127 2731 1172 ut
2756 1118 3065 1173 attendatis.
3093 1118 3306 1172 Etenim
3336 1117 3633 1174 accusatio-

2048 1219 2170 1258 nem
2198 1218 2385 1275 augeo,
2411 1207 2815 1278 gravioremque
2837 1208 3025 1274 reddo,
3057 1218 3115 1263 ut
3134 1208 3366 1264 studium
3394 1216 3630 1263 vestrum

2046 1294 2296 1351 excitem.
2344 1297 2443 1363 Qui
2470 1299 2612 1353 enim
2640 1300 2693 1353 in
2723 1301 3013 1355 certamine
3039 1310 3285 1355 versatur
3306 1339 3322 1365 ,
3349 1300 3553 1370 vigilat,
3583 1307 3634 1355 ct

2045 1388 2135 1457 qui
2163 1403 2259 1457 pro
2281 1397 2433 1457 patre
2459 1390 2667 1456 metuit,
2699 1400 2780 1445 est
2818 1400 3091 1447 attentus:
3119 1391 3212 1461 qui
3236 1390 3633 1445 accusationem

2046 1478 2227 1545 audit,
2261 1488 2410 1549 optat
2435 1480 2683 1567 excipere
2707 1480 3099 1538 defensionem.
3141 1482 3200 1538 Si
3226 1497 3355 1552 ergo
3381 1481 3633 1549 incipiam

2044 1569 2436 1624 accusationem
2459 1582 2675 1640 augere,
2694 1586 2763 1625 ne
2785 1570 3029 1625 exanimi
3056 1571 3162 1628 mei
3189 1571 3448 1625 sententia
3469 1569 3634 1624 verba

2046 1658 2134 1712 illa
2172 1660 2395 1729 proferri
2437 1656 2722 1721 censeatis.
2770 1661 3038 1717 Profunda
3063 1661 3257 1732 quippe
3282 1671 3514 1716 mentem
3538 1673 3635 1716 exo

2046 1763 2213 1816 cavo,
2265 1759 2320 1806 et
2345 1751 2503 1805 altius
2541 1751 2596 1806 in
2640 1753 2820 1807 animo
2845 1752 3025 1808 sulcos
3053 1767 3185 1823 ago,
3232 1761 3292 1807 ut
3320 1750 3631 1821 profundius

2042 1840 2201 1910 jactus
2224 1841 2503 1896 sententiae
2527 1844 2767 1897 tenacius
2806 1844 3075 1908 haereant,
3103 1851 3163 1898 et
3202 1843 3343 1898 fideli
3371 1841 3631 1896 memoria

2049 1942 2347 1988 teneantur.
2396 1933 2502 1989 Sed
2528 1943 2583 1989 et
2620 1934 2674 1989 in
2706 1935 2917 1991 laudem
2937 1936 3083 1991 urbis
3104 1945 3297 1990 vestrm
3326 1933 3406 2007 (a)
3435 1932 3635 1989 cedunt

2047 2037 2167 2093 quae
2194 2022 2458 2079 dicentur.
2490 2025 2581 2080 illa
2607 2027 2803 2096 quippe
2825 2036 3100 2081 certamen
3132 2025 3378 2094 excepit,
3420 2024 3508 2078 illa
3539 2038 3636 2093 pu-

2048 2129 2253 2185 gnam:
2281 2115 2389 2170 imo
2418 2129 2550 2170 vero
2578 2130 2685 2171 non
2735 2130 2966 2186 pugnam
2993 2155 3010 2181 ,
3056 2114 3155 2171 sed
3195 2129 3316 2184 quae
3355 2113 3638 2168 videbatur

2052 2218 2174 2262 esse
2203 2220 2399 2276 pugna,
2428 2217 2682 2263 caeterum
2713 2220 2844 2276 pace
2864 2206 3054 2277 quavis
3080 2205 3260 2260 utilior
3279 2204 3500 2259 exstitit.
3517 2202 3633 2257 Non

2048 2298 2190 2354 enim
2219 2298 2288 2352 ita
2317 2294 2555 2352 membra
2586 2306 2769 2352 nostra
2810 2312 3097 2354 nervorum
3136 2295 3467 2365 amplexibus
3496 2294 3637 2348 inter

2048 2402 2108 2444 se
2126 2389 2422 2459 junguntur
2443 2424 2458 2452 ,
2489 2399 2544 2443 ut
2570 2388 2797 2459 apostoli
2821 2388 3058 2443 caritatis
3084 2394 3239 2442 erant
3261 2386 3401 2439 inter
3427 2398 3490 2439 se
3517 2382 3637 2437 vin-

2047 2481 2186 2536 culis
2210 2480 2464 2549 cOpuiati.
2534 2551 2541 2557 ν

2119 2572 2173 2626 5.
2205 2570 2486 2625 Laudastis
2530 2568 2784 2624 Paulum?
2822 2569 3015 2624 Audite
3053 2583 3187 2638 ergo
3230 2581 3339 2636 quo
3381 2574 3537 2635 pacto
3562 2563 3632 2619 ad

2049 2662 2442 2718 accusationem
2493 2661 2711 2715 tendant
2754 2659 2933 2726 Pauli,
2981 2674 3102 2728 quas
3148 2657 3287 2712 dicta
3329 2666 3485 2723 sunt,
3529 2653 3635 2709 nisi

2049 2768 2213 2809 unum
2240 2755 2469 2824 aliquem
2510 2753 2563 2806 in
2603 2752 2780 2807 verbis
2810 2749 3176 2805 absconditum
3201 2761 3419 2802 sensum
3447 2744 3636 2800 obser-

2054 2858 2267 2921 vemus,
2293 2845 2429 2912 Quid
2460 2845 2573 2912 ais,
2615 2859 2649 2897 ο
2687 2843 2889 2898 Paule?
2920 2841 3205 2914 lncrepasti
3237 2840 3484 2908 Petrum,
3512 2849 3634 2894 cum

2050 2935 2201 2991 illum
2230 2935 2441 2993 videres
2466 2937 2531 2993 ad
2563 2936 2837 2993 veritatem
2871 2935 3130 3005 evangelii
3175 2949 3280 2988 non
3318 2939 3463 2987 recte
3491 2931 3636 2986 ince-

2051 3033 2214 3088 dere?
2243 3033 2388 3087 Bcne
2432 3031 2613 3086 habet.
2644 3030 2753 3085 Cur
2797 3028 2955 3099 igitur
2980 3026 3046 3081 In
3073 3026 3290 3098 faciem?
3323 3040 3418 3079 cur
3454 3021 3637 3076 Coram

2051 3125 2316 3179 omnibus?
2334 3124 2520 3178 Nonne
2541 3122 2761 3177 remotis
2787 3120 3002 3175 arbitris
3028 3118 3142 3172 fieri
3166 3113 3636 3187 reprehensionem

2051 3212 2323 3284 Oportuit?
2352 3216 2423 3269 At
2452 3223 2504 3268 tu
2534 3212 2802 3284 quomodo
2828 3211 3038 3282 publice
3064 3208 3324 3278 judicium
3370 3204 3600 3261 instituis
3618 3245 3634 3267 ,

2049 3315 2105 3361 et
2131 3306 2327 3361 multos
2355 3304 2711 3360 accusationis
2749 3311 2912 3358 testes
2945 3298 3157 3355 reddis?
3187 3298 3317 3366 Quis
3352 3312 3460 3350 non
3496 3296 3639 3351 dicet

2050 3397 2177 3451 odio
2206 3395 2515 3465 impellente
2539 3394 2643 3448 hoc
2671 3408 2697 3445 a
2731 3401 2783 3446 te
2808 3390 2943 3453 ﬁeri,
2976 3389 3058 3443 vel
3088 3403 3151 3442 ex
3182 3386 3377 3441 invidia
3406 3384 3489 3440 vel
3518 3393 3637 3439 stu-

2049 3485 2139 3539 dio
2166 3483 2560 3539 contentionis?
2587 3481 2774 3537 Nonne
2805 3489 2859 3533 tu
2885 3494 2944 3534 es
2972 3478 3093 3544 ille,
3125 3475 3214 3546 qui
3239 3475 3481 3538 dicebas,
3527 3472 3629 3526 Fa—

2057 3584 2166 3627 ctus
2194 3589 2306 3628 sum
2334 3573 2550 3641 inﬁrmis
2592 3581 2650 3625 ut
2690 3571 2924 3639 inﬁrmus
2970 3569 3046 3640 (l.
3087 3566 3206 3623 Cor.
3237 3566 3291 3622 9.
3335 3564 3464 3636 22)?
3501 3563 3636 3630 Quid

2052 3682 2212 3736 porro
2238 3676 2351 3733 est,
2390 3666 2619 3734 Inﬁt-mis
2664 3676 2716 3718 ut
2761 3663 3038 3733 inﬁrmus?
3075 3661 3551 3725 Condescendens,
3583 3668 3637 3714 et

2050 3758 2322 3811 occultans
2353 3757 2567 3811 illorum
2591 3755 2833 3817 vulnera.
2864 3753 3054 3823 inquit,
3085 3767 3259 3822 neque
3286 3751 3631 3820 permittens,

2051 3860 2107 3903 ut
2136 3850 2188 3903 in
2232 3848 2614 3918 impudentiam
2660 3846 3087 3915 prolaberentur.
3138 3844 3348 3911 Ergone
3391 3840 3478 3909 qui
3509 3852 3634 3908 erga

2049 3940 2337 4010 discipulos
2381 3939 2517 3994 adeo
2556 3937 2819 3993 sollicitus
2874 3935 3017 3989 fuisti
3065 3944 3119 3989 et
3168 3933 3455 4001 benignus,
3507 3942 3634 3997 erga

2048 4031 2412 4101 coapostoium
2442 4029 2673 4084 crudelis
2700 4027 2959 4083 evasisti?
2982 4026 3097 4081 Non
3123 4023 3335 4079 audiisti
3365 4021 3632 4078 Christum

2048 4122 2313 4178 dicentem
2335 4164 2350 4188 ,
2382 4122 2506 4177 Cum
2552 4120 2830 4192 peccaverit
2866 4124 3028 4191 frater
3055 4127 3203 4182 tuus,
3242 4114 3398 4182 uade,
3437 4113 3634 4183 corripe

2049 4232 2163 4269 cum
2194 4217 2323 4269 inter
2350 4224 2398 4269 te
2422 4224 2468 4269 et
2493 4215 2662 4283 ipsum
2688 4213 2852 4268 solum
2880 4210 3093 4282 (Matth.
3126 4209 3215 4264 i8.
3246 4207 3372 4277 l5)?
3403 4207 3472 4260 At
3500 4213 3554 4258 tu
3581 4212 3635 4259 et

2053 4308 2258 4376 publice
2283 4306 2526 4377 corripis,
2561 4315 2615 4361 et
2641 4321 2700 4361 re
2730 4312 3028 4374 perpetrata
3057 4299 3319 4372 gloriaris.
3348 4297 3476 4354 Cum
3501 4297 3633 4349 enim

2049 4402 2258 4455 uenisset
2286 4398 2489 4466 Petrus,
2522 4399 2711 4469 inquit,
2739 4396 3077 4457 Antiochiam,
3102 4394 3155 4447 in
3180 4392 3361 4461 faciem
3383 4389 3426 4444 ei
3451 4387 3630 4442 restiti.

2048 4491 2233 4561 Neque
2271 4491 2482 4561 publice
2524 4499 2726 4544 tantum
2769 4487 3029 4557 corripis,
3074 4484 3168 4539 sed
3206 4482 3365 4539 etiam
3407 4479 3630 4535 velutius

2048 4583 2296 4637 columna
2338 4581 2567 4652 quadam
2616 4577 2784 4634 literis
2828 4577 3059 4632 exaratis
3089 4588 3316 4645 pugnam
3362 4572 3506 4627 illam
3547 4571 3631 4625 in~

2050 4677 2248 4746 sculpis
2272 4717 2287 4740 ,
2323 4675 2388 4729 ad
2417 4671 2731 4729 memoriam
2757 4672 2875 4726 facti
2901 4671 3278 4739 sempiternam
3302 4684 3317 4720 :
3339 4674 3399 4722 ut
3425 4680 3531 4720 non
3556 4663 3632 4718 illi

2048 4775 2254 4821 tantum
2278 4766 2367 4835 qui
2388 4765 2629 4829 aderant,
2652 4762 2747 4818 sed
2770 4772 2823 4817 et
2846 4774 3033 4815 omnes
3051 4758 3140 4829 qui
3162 4759 3346 4813 orbem
3370 4766 3632 4811 terrarum

2049 4856 2290 4912 incolunt
2316 4856 2591 4920 homines,
2621 4868 2686 4909 ex
2716 4853 2938 4924 epistola
2967 4866 3079 4905 rem
3111 4849 3255 4904 illam
3287 4854 3631 4918 cognoscant.

2047 4948 2258 5005 Siccine
2283 4958 2455 5003 tecum
2476 4953 2697 5016 egerunt
2719 4942 2946 5013 apostoli
2974 4940 3347 5011 Jerosoiymis,
3373 4953 3493 4993 cum
3516 4944 3636 5006 post

2050 5055 2218 5094 annos
2249 5036 2651 5109 quatuordecim
2689 5033 2996 5100 ascendisti,
3044 5042 3100 5087 ut
3137 5027 3469 5100 evangelium
3512 5040 3633 5080 cum

2048 5131 2158 5187 illis
2182 5129 2489 5187 conferres?
2512 5127 2704 5183 Nonne
2729 5134 2784 5180 tu
2810 5124 2964 5189 dicis,
2994 5122 3122 5178 Post
3146 5135 3308 5176 annos
3330 5115 3634 5189 quatuorde-

2052 5225 2153 5278 cim
2194 5221 2434 5287 accendi,
2472 5229 2518 5274 et
2546 5217 2736 5273 contuli
2778 5231 2893 5271 cum
2934 5215 3006 5269 eis
3043 5211 3381 5282 euangelium,
3411 5220 3636 5260 seorsum

2048 5333 2164 5373 vero
2184 5330 2301 5370 cum
2328 5315 2392 5369 iis
2420 5313 2505 5384 qui
2533 5310 2828 5367 videbantur
2851 5306 3044 5375 aliquid
3067 5320 3176 5360 esse
3202 5299 3340 5372 (Gal.
3369 5299 3424 5353 2.
3457 5299 3509 5352 l.
3537 5298 3637 5366 2)?

2047 5411 2184 5477 Quid
2211 5407 2402 5480 igitur?
2430 5406 2564 5462 Num
2594 5418 2835 5460 seorsum
2860 5400 3108 5456 conferre
3132 5406 3186 5451 te
3210 5394 3475 5450 volentem
3508 5407 3639 5460 pro-

2050 5503 2359 5567 hibuerunt,
2390 5509 2446 5554 et
2474 5500 2526 5554 in
2556 5497 2789 5553 medium
2816 5492 3172 5556 adduxerunt,
3200 5498 3362 5557 atque
3388 5483 3642 5541 omnibus

2048 5591 2435 5665 prodiderunt?
2466 5589 2578 5644 Dici
2607 5602 2713 5644 non
2741 5593 2934 5656 potest.
2975 5582 3092 5638 lam
3122 5589 3176 5636 tu
3215 5581 3372 5649 igitur
3394 5588 3640 5665 seorsum

2050 5663 2299 5745 confers,
2346 5694 2449 5736 nec
2492 5678 2635 5733 ullus
2675 5673 3034 5732 contradicit:
3064 5680 3122 5727 tu
3166 5684 3295 5726 vero
3333 5663 3635 5738 apostolum

2051 5777 2225 5848 palam
2257 5773 2527 5829 traducis?
2560 5772 2643 5827 An
2670 5783 2799 5826 vero
2824 5775 3029 5824 tantum
3065 5765 3173 5821 illic
3210 5756 3636 5820 benevolentiam

2119 5890 2193 5953 (a)
2230 5886 2489 5938 .tntiochite
2522 5884 2687 5936 habita
2708 5890 2785 5935 est
2801 5882 2907 5937 hac
2937 5888 3107 5933 orsae.
