4062 6428
521 397 626 454 575

511 514 724 568 illorum
768 519 1022 581 expertus
1061 508 1155 564 es?
1199 509 1275 564 Ac
1319 524 1424 562 non
1469 516 1580 562 tum
1633 507 1829 572 etiam,
1874 520 1997 562 cum
2025 512 2106 560 tot

510 602 761 656 adessent
790 600 951 654 millia
980 598 1286 655 indecorum
1312 638 1330 665 ,
1360 613 1538 652 nonne
1565 597 1754 653 eadem
1792 611 1916 667 erga
1947 605 1999 650 te
2022 595 2104 651 usi

511 701 636 747 sunt
649 691 940 763 sapientia?
953 705 1129 746 nonne
1142 701 1193 746 te
1207 691 1430 746 seorsim
1443 699 1715 762 assumpto
1727 689 1818 744 tibi
1831 688 2100 754 dixerunt,

521 783 671 838 Vides
694 787 852 854 frater
874 824 891 851 ,
919 792 1037 854 quot
1057 784 1218 838 millia
1241 793 1356 839 sunt
1380 783 1684 838 Iudaeorum
1701 825 1717 850 ,
1746 783 1830 852 qui
1856 797 2102 836 convene-

513 884 652 940 runt,
670 883 718 926 et
744 874 799 928 hi
819 891 994 929 onmes
1018 875 1339 929 wmulatores
1363 885 1479 929 sunt
1506 875 1648 945 legis,
1679 882 1725 928 et
1753 873 2020 927 audierunt
2040 871 2104 926 de

511 976 589 1031 te,
637 966 755 1036 quia
795 965 1150 1019 discessionem
1192 965 1374 1020 doceas
1409 982 1441 1018 a
1484 966 1608 1036 lege.
1661 963 1797 1031 Quid
1833 979 1952 1034 ergo
1991 961 2102 1016 est?

509 1057 619 1111 Fac
639 1059 776 1127 quod
797 1057 887 1112 tibi
907 1058 1139 1113 dicimus.
1157 1057 1292 1113 Sunt
1311 1058 1440 1111 inter
1464 1074 1554 1111 nos
1575 1057 1664 1110 viri
1681 1064 1848 1110 uotum
1865 1056 2101 1110 habentes

505 1168 660 1222 super
682 1168 736 1206 se
759 1167 778 1206 :
798 1151 878 1207 his
905 1151 1176 1222 assumptis
1201 1151 1381 1205 radere
1407 1166 1521 1204 cum
1551 1150 1670 1214 illis,
1696 1157 1744 1203 et
1767 1147 2029 1216 sancti/ica
2054 1153 2102 1199 te

504 1257 620 1295 cum
645 1243 768 1309 illis,
802 1252 856 1296 ut
885 1242 1118 1309 discant,
1143 1243 1264 1312 quia
1305 1258 1417 1312 quae
1441 1241 1504 1295 de
1533 1251 1580 1295 te
1622 1241 1924 1304 audierunt,
1967 1237 2101 1310 falsa

505 1342 622 1388 sunt
671 1335 802 1406 (Act.
847 1335 937 1390 2L
974 1333 1213 1407 20.44).
1255 1334 1416 1389 Vides
1461 1342 1519 1390 ut
1569 1331 1947 1386 existimationi
1991 1339 2097 1385 tua!

507 1425 761 1495 parcant?
808 1434 864 1479 ut
911 1433 965 1480 te
1014 1423 1428 1494 dispensationis
1473 1423 1616 1478 illius
1662 1422 1766 1478 sub
1813 1420 1958 1475 larva
2006 1434 2098 1474 oc-

507 1515 728 1580 cultent,
763 1524 818 1570 et
836 1516 1098 1571 sacriﬁcio
1127 1530 1189 1570 ac
1215 1513 1722 1570 sanctiﬁcationibus
1744 1521 1795 1567 te
1811 1510 2096 1580 obtegam?

506 1601 615 1658 Cur
653 1620 760 1659 non
802 1606 1046 1661 eamdem
1076 1616 1129 1660 tu
1159 1620 1369 1675 quoque
1395 1603 1807 1660 sollicitudinem
1837 1600 2095 1657 exhibes?

577 1696 633 1750 4.
665 1695 952 1752 Enimvero
980 1697 1024 1752 si
1054 1712 1181 1753 vere
1211 1712 1382 1767 pugna
1421 1705 1565 1751 esset
1602 1711 1692 1750 res
1735 1697 1835 1750 ista
1873 1704 1927 1748 et
1962 1709 2095 1748 con-

505 1785 711 1852 tentio,
769 1786 851 1841 his
899 1787 1330 1842 accusationibus
1383 1787 1533 1841 locus
1584 1793 1727 1841 esset
1758 1801 1772 1839 :
1800 1784 1909 1854 jam
1966 1798 2096 1846 vero

503 1869 710 1930 certum
738 1885 821 1930 est
846 1891 951 1930 non
979 1891 1098 1932 esse
1123 1892 1376 1947 pugnam,
1405 1876 1500 1931 sed
1528 1875 1696 1931 videri
1718 1874 1952 1945 quidem,
1982 1888 2098 1926 ma-

502 1979 664 2035 gnam
687 1980 818 2020 vero
851 1966 998 2020 Pauli
1036 1975 1090 2020 et
1114 1967 1256 2022 Petri
1289 1968 1600 2037 sapientiam
1621 2009 1637 2034 ,
1682 1975 1736 2021 et
1785 1966 1923 2021 inter
1950 1966 2095 2034 ipsos

501 2065 741 2112 mutuam
783 2059 1206 2114 benevolentiam
1234 2077 1345 2132 pne
1387 2076 1447 2116 se
1476 2060 1639 2116 ferre.
1667 2060 1882 2115 Interim
1914 2067 2092 2114 tamen

500 2143 674 2213 hanc,
719 2163 841 2218 qua:
873 2149 995 2203 talis
1022 2150 1233 2205 videtur
1261 2165 1416 2218 esse,
1459 2153 1854 2206 accusationem
1904 2151 2093 2206 audia-

499 2253 641 2294 mus.
670 2238 796 2294 Cum
821 2250 990 2296 autem
1010 2245 1218 2298 venisset
1247 2242 1434 2298 Petrus
1462 2245 1804 2310 Antiochiam,
1828 2245 1881 2298 in
1907 2244 2093 2313 faciem

498 2329 546 2404 ei
573 2331 752 2386 restiti.
779 2331 947 2398 Quam
977 2334 1048 2388 ob
1086 2333 1335 2388 causam?
1369 2333 1501 2399 Quia
1531 2335 1934 2404 reprehensibilis
1962 2342 2092 2388 erat.

497 2419 779 2492 Quodnam
831 2433 1008 2479 autem
1062 2440 1231 2494 genus
1272 2435 1354 2481 est
1405 2426 1878 2496 reprehensionis?
1935 2425 2092 2480 Prius

493 2517 662 2585 enim,
697 2535 850 2588 quam
893 2518 1111 2574 venirent
1157 2518 1364 2587 quidam
1391 2535 1424 2572 a
1449 2518 1641 2574 Iacobo
1665 2559 1682 2586 ,
1724 2535 1837 2573 cunt
1863 2518 2091 2590 gentibus

495 2610 671 2664 edebat
694 2627 713 2666 .'
732 2627 846 2665 cum
871 2624 1038 2667 autem
1065 2611 1342 2678 venissent,
1373 2611 1694 2666 subtrahebat
1720 2622 1766 2665 et
1791 2611 2090 2682 segregabat

485 2697 584 2770 se,
631 2704 812 2758 timens
855 2721 940 2760 eos
987 2707 1074 2776 qui
1102 2723 1166 2761 ea:
1190 2703 1574 2785 circumcisione
1614 2712 1776 2758 erant.
1805 2703 1942 2770 Quid
1970 2703 2090 2757 ais?

493 2790 738 2849 Timidus
763 2794 951 2851 Petrus
975 2836 990 2860 ,
1036 2807 1090 2852 et
1132 2813 1319 2868 parum
1350 2798 1636 2853 strenuus?
1665 2797 1857 2853 Annon
1889 2794 2088 2850 idcirco

493 2883 684 2942 Petrus
699 2895 782 2941 ρει
800 2888 1119 2957 appellatus,
1142 2889 1283 2959 quod
1307 2890 1630 2945 immobilem
1648 2889 1866 2944 haberet
1887 2886 2045 2944 ﬁdem
2064 2886 2089 2942 7

495 2973 634 3041 Quid
658 2976 792 3046 agis,
813 2979 883 3031 mi
901 2977 1102 3033 homo?
1127 2980 1392 3034 Reverere
1418 2996 1635 3045 nomen,
1657 2979 1797 3050 quod
1825 2979 2084 3050 discipulo

495 3067 749 3136 imposuit
788 3069 1064 3124 Dominus.
1101 3071 1344 3127 Timidus
1387 3073 1579 3127 Petrus
1619 3083 1673 3127 et
1727 3089 1910 3143 parum
1949 3083 2084 3128 stre-

495 3157 674 3213 nuus?
718 3157 787 3213 Et
813 3159 932 3230 quis
957 3159 1060 3216 hoc
1087 3161 1155 3216 ab
1183 3161 1290 3217 ullo
1318 3163 1458 3217 sinat
1484 3163 1775 3218 alﬁrmari?
1813 3163 1928 3219 Non
1968 3163 2086 3220 haec

491 3248 562 3305 de
601 3250 695 3306 illo
721 3252 904 3307 testari
949 3261 1125 3324 potest
1166 3253 1534 3326 Jerosolyma,
1581 3256 1918 3327 primumque
1957 3257 2083 3312 illud

493 3341 762 3398 theatrum
782 3386 798 3411 ,
847 3354 903 3400 et
933 3346 1169 3401 Ecclesia
1189 3387 1206 3414 ,
1236 3346 1289 3402 in
1319 3363 1477 3418 quam
1509 3348 1712 3418 primus
1741 3349 2000 3420 prosiliit,
2031 3357 2085 3404 et

490 3435 703 3492 beatam
753 3438 894 3493 illam
940 3454 1126 3495 vocem
1171 3440 1374 3509 primus
1418 3441 1597 3496 emisit
1641 3457 1704 3498 ac
1732 3443 1902 3498 dixit:
1930 3442 2084 3497 Hunc

490 3526 527 3580 J
533 3545 673 3582 esum
703 3528 838 3584 Deus
865 3531 1144 3599 suscitavit,
1171 3532 1351 3586 solutis
1389 3533 1650 3588 doloribus
1674 3535 1862 3605 inferni
1882 3535 2078 3605 (Actor.

484 3619 544 3674 2.
578 3620 693 3690 24).
730 3621 797 3675 Ει
831 3635 1048 3688 rursus,
1083 3619 1207 3675 Non
1251 3622 1394 3674 enim
1423 3623 1597 3678 David
1625 3627 1864 3680 ascendit
1894 3629 1946 3683 in
1977 3622 2091 3686 cat-

490 3711 624 3768 lum.
670 3711 814 3766 Dicit
861 3723 1038 3767 autent
1087 3713 1218 3781 ipse,
1250 3712 1453 3784 inquit,
1486 3714 1634 3768 Dixit
1689 3715 1946 3773 Dominus
1980 3719 2092 3774 Do-

491 3799 635 3854 mino
667 3817 800 3867 meo,
835 3801 971 3857 Sede
998 3819 1031 3856 a
1069 3802 1271 3858 dextris
1302 3805 1454 3870 meis,
1485 3805 1651 3860 donec
1677 3823 1869 3877 ponam
1910 3809 2092 3865 inimi-

490 3905 580 3946 cos
613 3901 729 3945 tuos
759 3893 1046 3947 scabellum
1074 3894 1265 3961 pedum
1297 3905 1508 3949 tuorum
1533 3895 1641 3966 (Ib.
1676 3915 1724 3953 υ.
1757 3900 1845 3968 54,
1872 3900 1991 3970 35.)

557 3980 700 4034 Petri
722 3985 1004 4038 constantia
1023 3986 1075 4038 in
1102 3985 1303 4043 Christo
1340 3988 1708 4060 praedicando;
1738 3989 1926 4046 Petrus
1954 3992 2074 4047 aliis

487 4071 730 4141 apostolis
755 4073 944 4141 fiducia
965 4077 1236 4132 antecellit.
1267 4109 1337 4118 —
1357 4081 1442 4133 An
1471 4095 1600 4151 ergo
1628 4081 1846 4136 timidus
1866 4091 1949 4138 est
1977 4083 2078 4138 iste

487 4175 550 4215 ac
581 4176 767 4232 parum
794 4173 1066 4232 strenuus,
1104 4169 1194 4239 qui
1227 4179 1374 4224 tanto
1405 4180 1580 4238 metu,
1619 4173 1888 4243 tantisque
1931 4175 2076 4244 peri-

486 4251 622 4308 culis
653 4252 1083 4324 impendentibus
1105 4299 1120 4324 ,
1159 4267 1304 4314 tanta
1331 4275 1453 4315 cum
1486 4261 1678 4317 ﬁducia
1705 4265 1770 4319 ad
1804 4265 1923 4320 illos
1948 4279 2077 4320 san-

485 4346 647 4415 guine
675 4358 858 4418 pastos
885 4363 1050 4404 canes
1073 4391 1088 4417 ,
1119 4351 1370 4406 ardentes
1405 4353 1502 4418 ira,
1531 4354 1732 4410 caedem
1760 4355 1936 4411 adhuc
1959 4357 2073 4427 spi-

483 4445 664 4492 rantes
684 4447 766 4494 est
787 4440 1082 4511 ingressus,
1101 4457 1165 4498 ac
1192 4443 1496 4510 dixitcum,
1527 4445 1618 4515 qui
1645 4446 1714 4501 ab
1748 4446 1878 4517 ipsis
1900 4447 2077 4504 fuerat

480 4529 786 4594 cruciﬁxus,
811 4541 866 4586 et
908 4534 1269 4590 resurrexisse
1309 4550 1338 4588 a
1363 4537 1608 4603 mortuis,
1633 4546 1687 4593 et
1717 4539 1767 4592 in
1796 4539 1927 4594 caelo
1949 4555 2074 4593 ver-

481 4618 610 4684 sari,
637 4621 704 4676 ad
731 4622 905 4678 Patris
935 4624 1210 4680 dexteram
1243 4627 1432 4682 sedere
1457 4669 1472 4694 ,
1506 4644 1568 4683 ac
1595 4629 1750 4684 malis
1779 4631 2074 4686 innumeris

486 4709 733 4768 inimicos
773 4728 900 4769 suos
927 4716 1201 4772 obruere?
1244 4718 1359 4773 Non
1391 4728 1444 4772 tu
1469 4721 1614 4774 illum
1638 4723 1835 4791 potius,
1866 4737 2070 4793 qureso,

482 4801 713 4871 miraris,
736 4814 791 4860 et
833 4806 885 4860 in
931 4808 1121 4862 cadum
1147 4809 1327 4874 effers,
1356 4811 1498 4881 quod
1527 4826 1588 4866 os
1613 4813 1886 4880 diducere,
1929 4815 2070 4884 quod

483 4891 630 4946 labra
652 4896 885 4964 aperire,
915 4899 1055 4966 quod
1082 4911 1247 4967 stare,
1263 4902 1403 4972 quod
1426 4917 1745 4974 comparere
1769 4907 1917 4961 solus
1945 4922 2067 4962 cum

482 4981 587 5039 illis
623 4986 878 5054 potuerit,
905 4988 996 5057 qui
1035 5005 1158 5044 cum
1185 4994 1601 5050 cruciﬁxerant?
1625 4996 1756 5064 Quis
1784 4999 1928 5053 enim
1954 5015 2073 5056 ser-

482 5088 590 5140 mo,
621 5091 740 5145 qua:
785 5091 938 5131 mens
980 5079 1250 5147 fiduciam,
1275 5099 1435 5153 quam
1464 5087 1554 5140 illo
1581 5087 1669 5143 die
1703 5104 1815 5158 pm
1842 5104 1902 5146 se
1927 5090 2067 5159 tulit,

482 5179 548 5221 ac
574 5167 824 5239 loquendi
859 5169 1160 5228 libertatem
1189 5175 1493 5243 exprimere
1524 5180 1754 5248 poterit?
1779 5179 1931 5236 Nulla
1953 5199 2070 5238 om-

486 5259 635 5312 nino.
666 5259 722 5316 Si
747 5261 891 5316 enim
919 5271 1045 5319 ante
1071 5264 1376 5334 passionem
1411 5269 1848 5338 eonspiraverant
1871 5272 2062 5341 Jutlmi,

487 5357 548 5403 ut
575 5350 620 5403 si
645 5353 765 5420 quis
788 5368 909 5408 eum
936 5355 1284 5412 conﬁteretur
1302 5372 1421 5414 esse
1437 5357 1728 5429 Christum,
1748 5372 1902 5419 extra
1933 5382 2068 5433 syn-

483 5454 707 5509 agogam
761 5443 914 5500 ﬁeret
969 5444 990 5520 (
1015 5446 1174 5502 Joan.
1206 5447 1262 5504 9.
1309 5447 1464 5524 22‘):
1508 5460 1631 5522 post
1676 5453 1973 5522 passionem
2011 5466 2066 5513 et

475 5528 804 5597 sepulturam
833 5536 1113 5593 audientes
1139 5555 1284 5608 eum,
1325 5557 1429 5597 non
1459 5545 1547 5614 qui
1578 5543 1850 5600 Christum
1891 5547 2064 5601 conﬁ-

479 5627 685 5672 teretur
709 5623 905 5693 solum,
951 5627 1048 5683 sed
1085 5639 1142 5685 et
1187 5641 1354 5688 totam
1399 5635 1556 5690 simul
1607 5637 2062 5707 dispensationem

474 5719 689 5799 summa
732 5718 1032 5773 constantia
1077 5724 1432 5794 praedicaret,
1478 5743 1584 5798 quo
1623 5740 1781 5799 pacto
1823 5746 1928 5786 non
1977 5733 2062 5789 di-

466 5792 796 5870 laceraruut,
824 5816 879 5863 ct
921 5810 1271 5896 membratim
1289 5821 1562 5876 concisum
1595 5821 1893 5881 diviserunt
1934 5840 2057 5884 cum

1243 390 1299 446 8.
1344 388 1628 448 JOANNIS
1655 388 2132 447 CIIRYSOSTOMI
2171 387 2494 446 ARClilEP.
2534 391 3075 456 CONSTANTINOP.

3689 424 3784 481 576

2215 519 2426 573 omnes,
2469 522 2559 578 qut
2602 509 2808 580 primus
2845 525 3083 584 ipsorum
3121 514 3297 574 furori.
3325 533 3488 578 ausus
3516 523 3684 584 [item
3707 547 3782 587 rc-

2215 599 2410 653 sistere
2436 599 2462 653 τ

2289 689 2342 746 5.
2376 689 2491 748 Hoc
2519 693 2662 749 enim
2685 695 2901 752 demum
2929 708 3016 756 est
3030 702 3306 771 eximium,
3338 722 3445 763 non
3472 711 3614 780 quid
3643 713 3798 768 fuerit

2215 779 2486 838 Christum
2515 785 2814 852 confessus,
2850 789 2944 844 sed
2970 791 3112 861 quod
3158 805 3284 851 ante
3325 779 3556 855 caeteros
3586 817 3790 865 omnes.

2212 887 2337 928 cum
2361 873 2436 928 illi
2467 873 2712 931 furerem
2736 877 2914 935 adhuc
2949 882 3097 937 caede
3138 886 3442 952 tumefacti,
3467 891 3788 946 conﬁdenter

2210 963 2491 1020 confessus
2521 964 2701 1020 fuerit.
2723 967 2792 1023 lit
2813 969 2974 1039 igitut
2994 971 3046 1026 in
3077 972 3219 1028 bello
3238 985 3397 1046 atque
3417 980 3554 1047 acie,
3576 981 3786 1043 cellaria

2211 1057 2536 1113 communita
2557 1099 2574 1125 ,
2621 1059 2771 1114 illum
2802 1063 3066 1132 praecipue
3093 1066 3388 1136 laudamus,
3416 1071 3503 1140 qui
3533 1082 3660 1129 ante
3691 1088 3781 1127 επιε-

2211 1154 2356 1202 teres
2387 1148 2731 1218 prosiluerit,
2767 1151 2989 1222 ejusque
3033 1153 3263 1210 frontem
3316 1163 3614 1231 perruperit
3643 1161 3781 1234 (non
3850 1150 3864 1214 Ξ

2206 1238 2350 1292 enim
2385 1236 2544 1308 hujus
2574 1248 2779 1295 tantum
2817 1242 2916 1309 rei,
2947 1243 3040 1297 sed
3083 1257 3137 1300 et
3164 1248 3402 1304 omnium
3425 1291 3438 1312 ,
3467 1267 3588 1321 qua:
3614 1254 3792 1308 ueteri.

2208 1329 2469 1397 patrarint
2490 1372 2504 1396 ,
2541 1331 2919 1400 prteclarorum
2944 1333 3234 1390 facinorum
3267 1353 3480 1394 causam
3500 1343 3782 1411 pra'buisse

2205 1418 2413 1475 dicetur
2445 1461 2465 1486 ,
2508 1421 2596 1491 qui
2632 1422 2767 1476 initii
2799 1431 2854 1477 et
2902 1424 3173 1495 ingressus
3214 1438 3401 1484 auctor
3442 1431 3686 1504 fuerit):
3714 1436 3784 1488 sic

2205 1512 2454 1567 nimirum
2483 1525 2538 1568 et
2567 1513 2635 1570 de
2682 1513 2842 1569 Petro
2882 1525 3130 1586 reputare
3169 1529 3411 1590 oportet,
3441 1504 3560 1577 cum
3589 1524 3784 1593 primus

2204 1603 2474 1673 ingressus
2502 1606 2592 1671 sit,
2615 1616 2669 1662 et
2695 1605 2922 1662 frontem
2945 1608 3178 1665 Judaica:
3203 1611 3443 1668 cohortis
3468 1616 3782 1684 perruperit,

2202 1709 2266 1748 ac
2285 1695 2544 1764 prolixam
2575 1697 2723 1751 illam
2755 1699 3068 1754 concionem
3111 1698 3390 1768 habuerit,
3429 1705 3544 1773 pari
3585 1707 3784 1762 ratione

2202 1786 2340 1841 viam
2361 1790 2568 1844 etctcris
2591 1791 2846 1859 apostolis
2865 1793 3138 1861 aperuisse
3152 1793 3408 1850 dicendus
3418 1804 3518 1850 est.
3536 1797 3784 1866 Quamvis

2200 1877 2456 1944 Joannes,
2495 1881 2741 1951 quamvis
2765 1882 3017 1950 Jacobus,
3047 1886 3294 1955 quamvis
3319 1886 3529 1949 Paulus,
3546 1890 3784 1957 quamvis

2200 1969 2338 2024 alius
2362 1971 2534 2040 quivis
2565 1970 2760 2026 deinde
2790 1971 2992 2028 facinus
3011 1974 3229 2044 aliquod
3249 1976 3516 2046 egregium
3537 1977 3780 2046 ediderit,

2200 2059 2288 2116 hic
2314 2062 2565 2117 omnibus
2593 2064 2892 2132 antecellit,
2914 2065 3002 2135 qui
3051 2065 3192 2120 viam
3221 2068 3429 2122 caeteris
3471 2084 3568 2123 sua
3598 2069 3781 2124 ﬁducia

2198 2151 2407 2216 stravit,
2438 2161 2492 2207 et
2518 2152 2822 2223 ingressum
2859 2155 3124 2225 aperuit,
3159 2156 3371 2228 illisque
3415 2159 3702 2226 concessit,
3729 2169 3782 2215 ut

2201 2249 2473 2310 tamquam
2503 2241 2723 2309 ﬁumen,
2754 2245 2894 2315 quod
2918 2260 3112 2315 magno
3141 2261 3261 2301 cum
3295 2247 3557 2302 undarum
3587 2250 3780 2318 impetu

2198 2330 2452 2400 ferretur,
2475 2335 2810 2391 conﬁdenter
2844 2336 3149 2405 intrarent,
3183 2348 3237 2394 ct
3262 2355 3356 2395 eos
3393 2340 3483 2411 qui
3527 2341 3778 2398 adversa-

2197 2435 2384 2481 rentur
2431 2443 2614 2484 secum
2648 2429 2964 2498 traherent,
3015 2447 3203 2488 eorum
3242 2450 3370 2490 vero
3409 2436 3496 2505 qui
3526 2436 3780 2492 benevole

2195 2518 2475 2588 audirent,
2529 2521 2736 2576 animas
2784 2533 3041 2592 perpetuo
3093 2526 3351 2596 rigarent.
3383 2528 3463 2581 An
3495 2528 3658 2598 igitur
3695 2529 3780 2584 ille

2199 2619 2322 2679 post
2347 2627 2564 2667 crucem
2603 2613 2726 2668 talis
2754 2613 2889 2669 fuit?
2929 2631 3109 2672 nonne
3150 2628 3275 2672 ante
3315 2633 3530 2674 crucem
3580 2621 3778 2676 cunctis

2195 2699 2292 2756 fuit
2320 2703 2634 2759 ardentior?
2655 2721 2832 2762 nonne
2858 2721 2920 2762 os
2945 2707 3040 2762 fuit
3079 2709 3482 2779 apostolorum?
3506 2726 3685 2767 nonne
3707 2712 3778 2766 sis

2193 2791 2426 2848 lentibus
2454 2797 2663 2850 cunctis
2694 2797 2808 2867 ipse
2833 2797 3190 2868 loquebatur?
3217 2799 3375 2868 Quem
3397 2817 3474 2854 me
3495 2801 3672 2855 dicunt
3690 2804 3780 2854 ho.

2193 2883 2354 2938 mines
2382 2901 2489 2939 esse
2509 2884 2705 2941 Filium
2725 2888 2980 2958 hominis(
3011 2889 3198 2944 Matth.
3231 2891 3316 2946 16.
3354 2890 3459 2964 15)
3481 2893 3503 2947 ?
3525 2893 3602 2948 ait
3625 2893 3776 2948 Chri—

2191 2988 2308 3034 stus
2335 2996 2348 3046 ;
2379 2991 2433 3037 et
2456 2979 2546 3035 alii
2564 2979 2777 3050 quidem
2809 2981 3012 3037 Heliam
3047 2982 3316 3052 dicebant,
3344 2985 3433 3038 alii
3462 3001 3592 3041 vero
3629 2986 3776 3041 tler

2191 3071 2378 3138 miam,
2409 3072 2502 3126 alii
2533 3090 2661 3128 vero
2689 3088 2852 3129 unum
2899 3089 2964 3128 cx
3003 3075 3298 3144 preplietis.
3339 3075 3438 3130 Vos
3476 3093 3616 3144 vero,
3637 3093 3778 3148 quem

2193 3179 2273 3217 me
2302 3179 2410 3218 esse
2429 3165 2598 3218 dicitis
2622 3164 2787 3238 (Ibid.
2816 3183 2863 3220 υ.
2895 3165 2987 3237 16)
3014 3166 3037 3218 ?
3064 3165 3252 3235 inquit.
3286 3165 3421 3220 Tum
3454 3167 3775 3236 respondens

2190 3257 2380 3314 Petrus
2407 3300 2423 3327 ,
2455 3258 2630 3314 dixit:
2667 3258 2742 3313 Tu
2793 3276 2845 3314 es
2892 3259 3124 3316 Christus
3168 3257 3336 3316 Filius
3385 3258 3480 3313 Dei
3507 3259 3628 3313 vivi.
3660 3257 3774 3324 Vos,

2188 3348 2340 3413 dixit,
2364 3357 2418 3404 et
2461 3364 2559 3420 pro
2601 3350 2849 3406 omnibus
2878 3351 2991 3421 ipse
3026 3353 3274 3421 loquutus
3298 3362 3398 3407 est.
3423 3349 3556 3406 Nam
3591 3367 3772 3420 quem-

2187 3441 2474 3496 admodum
2518 3457 2617 3512 pro
2671 3450 2785 3497 toto
2836 3458 3062 3514 corpore
3091 3459 3152 3499 os
3180 3444 3429 3515 loquitur,
3461 3445 3539 3500 sic
3567 3450 3774 3516 aposto-

2191 3531 2361 3587 lorum
2388 3533 2563 3604 liugua
2585 3544 2702 3589 erat
2723 3534 2934 3603 Petrus,
2949 3545 3002 3592 et
3024 3550 3121 3606 pro
3147 3537 3391 3592 omnibus
3416 3537 3531 3606 ipse.
3559 3553 3773 3608 respon-

2194 3623 2293 3678 dit.
2316 3625 2398 3679 An
2422 3626 2583 3696 igitur
2617 3625 2704 3683 hic
2731 3636 2934 3683 tantum
2962 3628 3058 3683 fuit
3087 3629 3228 3697 talis,
3264 3629 3394 3685 alibi
3435 3645 3566 3684 vero
3591 3630 3661 3686 de
3682 3631 3772 3685 hoc

2184 3714 2361 3771 studio
2386 3717 2653 3772 remittit?
2703 3717 3046 3790 Nequaquam
3079 3738 3094 3775 :
3130 3719 3224 3775 sed
3255 3736 3348 3790 per
3376 3721 3552 3776 omnia
3578 3764 3596 3790 ,
3642 3731 3694 3778 et
3721 3723 3769 3775 in

2184 3808 2433 3864 omnibus
2456 3811 2703 3867 eumdem
2732 3811 2981 3868 ardorem
3007 3813 3259 3869 ostendit.
3292 3814 3426 3870 Cum
3456 3815 3602 3870 enim
3628 3816 3771 3871 Chri-

2184 3906 2301 3954 stus
2321 3898 2566 3967 dixisset,
2597 3900 2821 3956 Tradent
2843 3901 3039 3958 Filium
3065 3904 3303 3973 hominis,
3347 3915 3394 3958 et
3422 3907 3763 3975 ﬂagellabant,

2183 3999 2230 4044 et
2256 3991 2550 4063 cruci/igent
2575 3991 2596 4064 (
2622 3992 2786 4047 Marc.
2816 3993 2901 4049 10.
2921 3995 3012 4050 55.
3037 3996 3150 4065 54),
3210 3998 3288 4052 ait
3331 3996 3471 4065 ipse,
3503 3999 3766 4069 Propitius

2183 4079 2307 4148 tibi,
2329 4093 2454 4150 esto,
2481 4082 2700 4139 Domine
2727 4101 2746 4140 :
2776 4101 2877 4140 non
2901 4086 2993 4140 erit
3031 4087 3120 4140 tibi
3147 4087 3241 4139 hoc
3271 4085 3292 4158 (
3309 4085 3492 4140 Matth.
3523 4087 3608 4140 16.
3641 4088 3701 4140 Si
3729 4088 3763 4150 ).

2182 4171 2297 4228 Non
2325 4176 2468 4230 enim
2506 4176 2609 4231 hoc
2645 4177 2798 4233 nobis
2825 4179 3236 4250 expendendqu
3266 4189 3368 4246 est,
3399 4181 3759 4236 inconsidera-

2184 4273 2292 4320 tam
2342 4266 2479 4324 hane
2532 4268 2698 4327 fuisse
2741 4271 3144 4341 responsionem
3172 4311 3188 4338 ,
3241 4272 3336 4326 sed
3384 4273 3452 4326 ab
3493 4273 3691 4330 eximio
3717 4283 3765 4327 et

2180 4358 2411 4434 ferventi
2455 4375 2638 4417 amore
2683 4363 2997 4433 profectam.
3032 4363 3240 4419 Rursus
3280 4365 3521 4422 ascendit
3548 4367 3600 4420 in
3631 4381 3765 4420 mon-

2183 4459 2288 4506 tcm
2317 4494 2333 4518 ,
2375 4461 2431 4508 ct
2475 4455 2885 4526 transﬁguratus
2934 4465 3017 4511 cst
3058 4473 3073 4511 :
3113 4457 3359 4526 apparuit
3406 4457 3621 4512 interitu
3665 4458 3764 4512 illic

2183 4542 2362 4598 llelias
2406 4553 2461 4598 et
2503 4545 2713 4617 Moyses
2758 4547 3090 4617 colloquens.
3144 4547 3349 4603 Rursus
3398 4547 3508 4604 illic
3553 4563 3762 4619 quoque

2180 4635 2372 4690 Petrus
2405 4652 2420 4690 :
2452 4635 2514 4692 Si
2541 4637 2634 4705 vis,
2660 4638 2908 4707 faciamus
2949 4639 3032 4692 hic
3061 4639 3160 4693 tria
3181 4638 3506 4694 tabernacula
3535 4639 3759 4711 (Matth.

2181 4727 2328 4782 17.4
2357 4729 2397 4795 ).

2254 4822 2312 4874 6.
2342 4818 2475 4874 Vide
2511 4819 2781 4890 quomodo
2819 4820 3131 4891 magistrum
3167 4821 3399 4887 amabat,
3445 4837 3509 4878 ac
3543 4822 3759 4894 diligen-

2152 4911 2304 4986 _tiam
2331 4917 2390 4966 et
2419 4912 2752 4981 prudentiam
2782 4911 3179 4967 obscrva.Nam
3206 4914 3328 4983 quia
3353 4924 3462 4969 tum
3486 4917 3754 4987 temporis,

2181 5019 2304 5059 cmn
2337 5011 2540 5058 temere
2576 5004 2961 5073 respondisset,
2999 5019 3062 5059 os
3104 5005 3178 5060 illi
3219 5006 3490 5062 occlusum
3520 5019 3603 5063 est
3627 5049 3642 5072 ,
3678 5007 3756 5063 hic

2176 5094 2418 5165 magistri
2447 5096 2699 5165 potestati
2735 5111 2850 5150 rem
2877 5097 3154 5166 permittit,
3187 5096 3392 5164 dicens,
3416 5098 3479 5154 Si
3503 5099 3595 5153 eis.
3621 5096 3755 5152 Fieri

2182 5194 2384 5255 posset,
2413 5186 2602 5256 inquit,
2621 5194 2678 5240 et
2705 5201 2846 5240 nunc
2867 5202 3080 5256 quoque
3100 5186 3495 5243 inconsiderate
3514 5187 3756 5259 loquerer

2173 5291 2360 5332 amore
2387 5276 2670 5346 impulsus.
2716 5276 2794 5332 Ne
2834 5277 2996 5348 igitur
3019 5277 3206 5332 eadem
3240 5279 3656 5348 reprehensione
3676 5280 3755 5335 fc-

2174 5368 2343 5423 riatur
2368 5408 2384 5433 ,
2415 5369 2480 5423 Si
2522 5369 2617 5433 vis,
2659 5369 2852 5438 inquit.
2898 5370 3212 5426 Convivium
3268 5369 3396 5425 illud
3433 5387 3618 5426 rursus
3646 5381 3754 5426 erat

2172 5471 2416 5517 sanctum
2442 5477 2506 5516 ac
2533 5463 2868 5519 tremendum
2899 5481 2913 5517 :
2963 5472 3180 5533 tumque
3205 5464 3417 5521 dicente
3440 5465 3587 5532 Jesu,
3616 5465 3756 5520 Unus

2171 5566 2388 5610 vestrum
2435 5573 2516 5610 me
2558 5558 2839 5612 traditurus
2887 5559 2999 5628 est(
3047 5558 3235 5612 Matth.
3265 5559 3354 5614 26.
3381 5559 3446 5614 2i
3475 5559 3494 5629 )
3526 5575 3540 5611 :
3573 5573 3753 5613 rursus

2171 5648 2361 5703 Petrus
2385 5647 2454 5703 ob
2497 5649 2640 5704 illam
2667 5649 2880 5719 quidem
2901 5667 3021 5721 qua:
3049 5660 3417 5721 praecesserat,
3443 5651 3750 5721 increpatio.-

2169 5756 2315 5806 ncm,
2343 5739 2676 5811 interrogare
2700 5743 3012 5813 magistrum
3059 5759 3165 5799 non
3195 5758 3356 5799 ausus
3383 5755 3468 5800 est
3507 5762 3523 5801 :
3568 5746 3659 5800 sed
3685 5746 3750 5799 ob

2173 5847 2436 5902 amorem,
2467 5848 2575 5904 quo
2616 5833 2892 5906 ﬂagrabat,
2933 5844 3110 5893 tacere
3151 5851 3256 5892 non
3300 5846 3510 5910 poterat
3539 5855 3554 5896 :
3581 5837 3747 5895 sedet
