4062 6422
293 368 401 424 375

293 478 430 537 ἀλλᾶ
462 475 576 550 μὴν
615 475 711 531 καὶ
758 472 846 528 δτε
890 470 947 526 δὲ
999 468 1258 542 μυριάδες
1303 466 1565 522 τοσαῦται
1598 464 1866 521 Ἰουδαίων

289 561 453 637 ἦσαν,
480 565 542 619 οὐ
584 562 723 634 μετά
752 561 852 632 τῆς
877 558 1049 629 αὐτῆς
1088 555 1392 629 ἐχρήσαντό
1437 572 1519 608 σοι
1548 554 1774 623 σοφίας;
1804 552 1865 605 οὐ

291 654 413 709 κατ’
441 651 577 705 ίδίαν
596 649 853 711 λαϐόντες
878 664 939 700 σε
962 646 1169 713 έλεγον·
1196 640 1460 711 Θεωρεῖς,
1485 640 1731 709 ἀδελφέ,
1763 640 1870 694 πό-

294 757 399 798 σαι
436 738 720 810 μυριάδες
757 735 917 791 εἰσίν
974 731 1276 788 Ἰουδαίων
1306 729 1428 784 τῶν
1455 728 1872 796 συνεληλυθό-

296 846 436 892 των,
475 826 574 882 καί
604 821 771 882 οὗτοι
814 822 1038 889 πάντες
1067 817 1316 888 ζηλωταὶ
1368 816 1477 870 τοῦ
1508 816 1696 885 νόμου
1730 814 1869 877 είσί,

299 910 399 971 καί
444 913 813 982 κατήχηνται
844 910 976 980 περὶ
1019 909 1157 970 σοῦ,
1203 906 1291 960 ὅτι
1328 902 1714 959 ἀποστασίαν
1754 899 1873 955 ἀπὸ

300 1001 410 1055 τοῦ
432 1001 619 1069 νόμου
641 995 970 1061 διδάσκεις.
996 995 1059 1048 Τί
1079 988 1193 1048 οὖν
1221 993 1385 1056 ἐστι;
1423 989 1692 1057 Ποίησον
1714 986 1747 1041 ὅ
1777 1002 1877 1040 σοι

302 1091 580 1159 λέγομεν.
605 1084 781 1141 Ε’ίσίν
807 1083 1022 1152 ἄνδρες
1041 1080 1112 1137 ἐν
1134 1081 1278 1150 ἡμῖν
1301 1081 1544 1149 ἔχοντες
1568 1076 1763 1146 εὐχὴν
1783 1072 1876 1144 ἐφ’

304 1173 561 1240 ἑαυτοῖς·
584 1173 838 1237 τούτους
850 1168 1051 1225 λαϐὼν
1067 1168 1321 1237 ξύρησαι
1346 1165 1498 1239 [565]
1516 1165 1638 1220 σὺν
1651 1164 1875 1228 αὐτοῖς,

305 1262 407 1316 καί
444 1261 757 1330 ἁγνίσθητι
796 1258 924 1328 μετ’
956 1255 1174 1319 αὐτῶν,
1207 1256 1309 1309 ἵνα
1339 1255 1631 1324 μάθωσιν,
1671 1251 1761 1306 ὅτι
1795 1243 1881 1305 ὧν

309 1348 679 1417 κατήχηνται
704 1344 837 1414 περὶ
870 1344 1007 1409 σοῦ,
1031 1342 1209 1397 οὐδέν
1232 1342 1423 1396 ἐστιν.
1447 1336 1600 1402 Εἶδες
1623 1338 1740 1402 πῶς
1765 1337 1880 1406 φείο

309 1436 489 1490 δονταί
528 1452 621 1489 σου
675 1434 777 1503 τῆς
821 1431 1176 1502 ὑπολήψεως;
1210 1429 1328 1493 πῶς
1368 1426 1671 1500 κρύπτουσί
1712 1443 1769 1478 σε
1803 1423 1883 1494 τῷ

311 1523 640 1598 προσωπείῳ
677 1522 775 1592 τῆς
823 1520 1133 1590 οἰκονομίας
1165 1518 1412 1590 ἐκείνης,
1451 1520 1517 1588 τῇ
1549 1515 1740 1585 θυσίᾳ,
1773 1516 1884 1577 τοῖς

310 1614 601 1683 ἀγνισμοῖς
643 1627 704 1663 σε
736 1607 1206 1681 περιστέλλοντες;
1255 1606 1354 1660 Διά
1393 1605 1446 1659 τί
1492 1602 1567 1676 μὴ
1615 1600 1885 1671 τοσαύτην

316 1698 642 1771 κηδεμονίαν
675 1694 934 1760 ἐπεδείξω
970 1694 1066 1748 καὶ
1093 1693 1193 1759 σύ;

389 1788 451 1842 δ’.
495 1786 633 1840 Ἀλλ’
654 1786 703 1838 εί
729 1780 796 1855 ἦν
829 1782 1043 1854 ἀληθῶς
1066 1783 1213 1853 μάχη
1238 1780 1307 1836 τὰ
1328 1780 1595 1853 γενόμενα
1623 1778 1718 1834 καὶ
1740 1780 1890 1849 φιλο-

320 1875 516 1938 νεικία,
544 1870 687 1945 εἶχεν
717 1873 783 1926 ἂν
808 1870 964 1939 λόγον
989 1869 1056 1924 τά
1094 1869 1524 1940 κατηγορήματα
1559 1865 1733 1920 ταῦτα
1751 1882 1766 1898 ·
1796 1864 1891 1919 νῦν

318 1965 380 2021 δὲ
405 1965 507 2020 οὐκ
531 1962 646 2016 ἔστι
682 1959 849 2032 μάχη.
876 1959 1011 2013 ἀλλά
1039 1958 1185 2011 δοκεῖ
1220 1957 1318 2029 μὲν
1362 1953 1520 2015 εἶναι.
1562 1955 1803 2027 μεγάλην
1835 1955 1892 2009 δέ

316 2053 420 2107 καὶ
447 2051 540 2104 τοῦ
576 2048 788 2103 Παύλου
827 2045 924 2101 καὶ
959 2045 1053 2099 τοῦ
1087 2044 1297 2115 Πέτρου
1338 2044 1530 2113 σοφίαν
1563 2045 1657 2097 καὶ
1681 2042 1894 2097 εὔνοιαν

327 2140 463 2211 πρὸς
509 2137 769 2208 ἀλλήλους
801 2134 1189 2188 ἐπιδείκνυται.
1220 2130 1368 2202 Πλὴν
1416 2130 1556 2194 τέως
1594 2130 1763 2199 αὐτῆς
1797 2130 1897 2200 τῆς

320 2228 589 2300 δοκούσης
610 2222 751 2280 εἶναι
770 2223 1102 2294 κατηγορίας
1131 2221 1469 2292 ἀκούσωμεν.
1495 2221 1625 2275 Ὅτε
1653 2219 1720 2273 δε
1750 2215 1898 2289 ἦλθε

329 2317 552 2386 Πέτρος
592 2317 679 2382 είς
736 2312 1124 2381 Ἀντιόχειαν,
1173 2309 1321 2364 κατὰ
1372 2309 1695 2377 πρόσωπον
1737 2305 1899 2372 αὐτῷ

334 2403 654 2470 ἀντέστην.
690 2401 788 2455 Διά
826 2400 910 2464 τίς
944 2398 1075 2453 ’Ὁτι
1114 2394 1599 2466 κατεγνωσμένος
1640 2393 1738 2462 ἦν.
1792 2393 1901 2447 Καὶ

337 2493 421 2557 τίς
453 2493 481 2545 6
503 2488 704 2561 τρόπος
724 2488 824 2557 τῆς
852 2482 1246 2553 καταγνώσεως
1265 2497 1280 2547 ;
1303 2480 1425 2548 Πρὸ
1445 2479 1552 2535 τοῦ
1572 2477 1683 2549 γὰρ
1705 2476 1904 2533 ἐλθεῖν

336 2597 505 2645 τινας
525 2576 644 2632 ἀπὸ
677 2572 976 2637 Ἰακώϐου,
998 2569 1147 2640 μετὰ
1165 2567 1285 2622 τῶν
1307 2565 1498 2622 ἐθνῶν
1528 2565 1863 2635 συνήσθιεν
1884 2579 1899 2595 ·

325 2666 439 2722 -ὅτε
479 2665 548 2719 δὲ
585 2659 795 2733 ἦλθον,
840 2657 1181 2714 ὐπέστελλε
1226 2654 1322 2708 καὶ
1356 2651 1641 2723 ἀφώριζεν
1664 2650 1902 2712 ἑαυτὸν,

326 2754 710 2827 φοϐούμενος
741 2747 882 2812 τοὺς
914 2745 983 2800 ἐκ
1029 2741 1369 2812 περιτομῆς.
1410 2741 1475 2795 Τί
1500 2740 1707 2810 λέγεις;
1736 2736 1908 2802 δειλδς

339 2825 596 2912 δΠέτρος
622 2837 719 2892 καὶ
740 2833 1030 2905 ἀνανδρος;
1056 2832 1116 2884 ού
1137 2830 1226 2884 διὰ
1251 2828 1412 2883 τοῦτο
1442 2827 1647 2899 Πέτρος
1680 2825 1905 2897 ἐκλήθη,

328 2927 530 2998 ἐπειδὴ
558 2927 805 2986 ἀσειστος
835 2917 903 2992 ἦν
930 2917 1076 2973 κατά
1112 2917 1211 2987 τὴν
1238 2916 1455 2982 πίστιν;
1485 2914 1552 2967 Τί
1589 2915 1782 2977 ποιεῖς,
1813 2912 1909 2966 ἄν-

343 3019 531 3090 θρωπε
550 3029 569 3080 ;
598 3009 882 3078 Αίδέσθητι
907 3006 1006 3076 τὴν
1032 3002 1402 3076 προσηγορίαν
1420 3001 1512 3055 τοῦ
1533 3000 1821 3066 Δεσπότου,
1845 3001 1911 3070 ἣν

338 3088 510 3175 ἔθηκε
554 3099 633 3171 τῷ
686 3097 921 3170 μαθητῇ.
964 3093 1145 3154 Δειλὸς
1178 3093 1207 3145 6
1246 3091 1450 3161 Πέτρος
1485 3090 1580 3143 καὶ
1620 3088 1911 3160 ἄνανδρος;

343 3191 442 3248 καὶ
465 3189 548 3252 τίς
573 3203 666 3240 σου
709 3183 880 3237 ταῦτα
911 3180 1157 3244 ἀνέξεται
1183 3177 1465 3247 λέγοντος;
1492 3176 1567 3230 Οὐ
1596 3175 1766 3230 ταῦτα
1794 3175 1917 3228 σύν-

343 3279 489 3334 οιδεν
509 3287 535 3315 τι
562 3270 710 3341 αὑτῷ
742 3271 811 3324 τὰ
842 3266 1217 3339 Ἰεροσόλυμα,
1266 3264 1361 3318 καὶ
1396 3263 1457 3316 τὸ
1494 3262 1710 3334 πρῶτον
1745 3264 1918 3316 ἐκεῖνο

350 3365 599 3437 θέατρον,
623 3359 718 3412 καὶ
740 3360 774 3429 ἡ
805 3355 1118 3425 Ἐκκλησία,
1151 3356 1228 3418 εἰς
1253 3353 1319 3424 ἢν
1350 3352 1561 3424 πρῶτος
1587 3351 1917 3423 ἐπεπήδησε,

348 3453 451 3508 καὶ
473 3436 570 3521 τὴν
598 3446 865 3520 μακαρίαν
905 3444 1118 3513 ἐκείνην
1153 3440 1365 3512 πρῶτος
1392 3439 1571 3509 ἀφῆκε
1599 3436 1799 3507 φωνὴν,
1827 3438 1921 3490 καὶ

352 3537 477 3594 εἷπε
499 3555 514 3569 ·
577 3535 796 3590 Τοῦτον
840 3530 949 3584 τὸν
1004 3526 1247 3594 Ἰησοῦν
1288 3522 1628 3592 ἀνέστησεν
1673 3525 1705 3576 ὁ
1756 3521 1919 3588 Θεὸς,

346 3628 553 3691 λύσας
595 3622 702 3687 τὰς
740 3617 957 3683 ὠδῖνας
1009 3615 1114 3669 τοῦ
1148 3610 1426 3667 θανάτου.
1465 3610 1575 3664 Καὶ
1616 3608 1803 3664 πάλιν·
1840 3610 1923 3662 Οὐ

353 3714 469 3788 τὰρ
492 3708 670 3765 Δαυῒδ
690 3705 870 3772 ἀνέϐη
895 3705 980 3769 είς
1009 3701 1118 3755 τὸν
1144 3699 1423 3788 οὐρανόν.
1441 3697 1631 3763 Αὐτὸς
1651 3695 1719 3750 δὲ
1742 3697 1923 3765 λέγει,

354 3782 545 3871 φησὶν,
578 3791 762 3851 Εἶπεν
795 3796 827 3846 ὁ
860 3791 1075 3858 Κύριος
1098 3786 1177 3852 τῷ
1218 3784 1410 3853 Κυρίῳ
1440 3801 1588 3852 μου,
1631 3784 1825 3837 Κάθου
1858 3782 1926 3835 ἐκ

355 3868 576 3950 δεξιῶν
599 3899 740 3952 μου,
770 3879 879 3944 ἕως
902 3877 977 3931 ἂν
1000 3872 1080 3932 θῶ
1104 3872 1244 3939 τοὺς
1275 3872 1527 3942 ἐχθρούς
1567 3885 1681 3924 σου
1709 3868 1929 3924 ὑποπό.

355 3977 496 4032 διον
527 3971 648 4025 τῶν
683 3966 881 4023 ποδῶν
915 3980 1050 4020 σου.

438 4054 604 4121 Οὗτος
624 4052 737 4121 οὖν,
758 4053 875 4108 εἰπέ
900 4067 1009 4124 μοι,
1026 4047 1196 4111 δειλὸς
1220 4047 1310 4100 καὶ
1331 4045 1611 4117 ἄνανδρος,
1632 4047 1659 4100 6
1680 4044 1930 4098 τοσούτου

364 4147 535 4222 φόϐου
575 4144 670 4199 καὶ
698 4139 966 4196 τοσούτων
1002 4134 1260 4189 κινδύνων
1286 4132 1760 4204 ἐπικρεμαμένων,
1797 4130 1933 4202 μετὰ

362 4219 632 4304 τοσαύτης
688 4225 999 4300 παρρησίας
1045 4224 1183 4295 πρὸς
1233 4222 1357 4284 τοὺς
1401 4220 1723 4291 αἰμοϐόρους
1770 4219 1935 4283 κύνας

366 4323 632 4385 ἐκείνους,
662 4319 755 4372 καὶ
775 4316 855 4385 τῷ
882 4313 1038 4385 θυμῷ
1070 4311 1288 4377 ζέοντας
1319 4309 1420 4372 ἔτι,
1454 4309 1548 4362 καὶ
1575 4308 1732 4376 φόνου
1760 4308 1940 4361 πνέον-

367 4428 469 4474 τας
491 4403 743 4462 είσελθὼν
772 4402 865 4455 καὶ
888 4400 1074 4463 εἰπὼν,
1104 4399 1184 4451 ὅτι
1212 4400 1239 4450 ό
1266 4396 1596 4466 σταυρωθεὶς
1623 4395 1716 4449 ὑπ’
1738 4395 1936 4460 αὐτῶν,

369 4499 469 4554 καὶ
499 4495 720 4564 ἀνέστη,
749 4490 844 4544 καὶ
869 4490 926 4540 ἐν
950 4488 1063 4548 τοῖς
1090 4486 1340 4555 οὐρανοῖς
1373 4484 1509 4547 ἐστι,
1534 4483 1627 4535 καὶ
1658 4483 1721 4535 ἐκ
1753 4481 1941 4547 δεξιῶν

371 4585 610 4654 κάθηται
630 4579 725 4635 τοῦ
753 4576 987 4647 Πατρὸς,
1005 4573 1106 4627 κα)⁸
1141 4572 1354 4643 μυρίοις
1377 4571 1504 4633 τοὺς
1528 4569 1752 4638 ἐχθροὺς
1778 4569 1938 4621 αὑτοῦ

374 4669 693 4744 περιϐάλλει
729 4667 950 4729 κακοῖς;
978 4661 1103 4713 Ὅτι
1132 4660 1241 4730 γὰρ
1282 4658 1462 4728 διᾶραι
1506 4656 1699 4725 στόμα,
1727 4655 1808 4708 ὅτι
1836 4654 1942 4726 γὰρ

376 4742 589 4823 ἀνοῖξαι
617 4754 790 4825 χείλη,
821 4752 904 4805 ὅτι
934 4749 1142 4818 στῆναι,
1169 4747 1251 4799 ὅτι
1288 4744 1520 4814 φανῆναι
1549 4743 1707 4814 μόνον
1744 4742 1944 4813 μεταξὺ

376 4846 489 4902 τῶν
519 4840 950 4915 σταυρωσάντων
983 4836 1146 4890 αὐτὸν
1180 4835 1418 4905 ἴσχυσεν,
1442 4833 1504 4887 ού
1531 4831 1829 4902 θαυμάζεις
1852 4833 1949 4886 αὑ-

377 4935 473 4989 τὸν
509 4933 604 4987 καλ⁵
647 4929 969 4998 στεφανοῖς,
1004 4924 1125 4978 εἰπέ
1163 4939 1282 4994 μοι;
1317 4922 1475 4983 Ποῖος
1520 4919 1628 4992 γάρ
1660 4919 1837 4988 λόγος,
1866 4919 1981 4991 τίς,

382 5020 592 5084 διάνοια
612 5016 708 5087 τὴν
736 5012 1048 5086 παρρησίαν
1075 5008 1239 5063 αὐτοῦ
1259 5006 1355 5079 τὴν
1384 5009 1441 5060 ἐν
1466 5005 1649 5078 ἐκείνῃ
1677 5008 1743 5077 τῇ
1767 5007 1954 5079 ἡμέρᾳ

384 5108 482 5162 καὶ
500 5104 598 5176 τὴν
628 5098 1107 5172 ἐλευθεροστομίαν
1123 5094 1469 5169 παραστῆσαι
1491 5092 1809 5165 δυνήσεται;
1842 5095 1955 5148 Οὑκ

385 5193 537 5247 εστιν
569 5187 768 5254 οὐδείς.
802 5187 867 5240 Et
900 5184 1008 5254 γὰρ
1049 5182 1154 5253 πρὸ
1189 5181 1284 5235 τοῦ
1331 5180 1561 5252 σταυροῦ
1597 5179 1879 5234 συνέθεντο
1906 5183 1955 5234 οἱ

399 5279 666 5343 Ἰουδαῖοι,
704 5275 800 5329 ἐάν
836 5289 919 5335 τις
978 5269 1140 5324 αὐτὸν
1185 5268 1493 5343 ὁμολογήσῃ
1531 5267 1787 5339 Χριστὸν,
1821 5269 1959 5322 ἀπο-

394 5367 710 5435 συνάγωγον
738 5363 935 5426 ποιεῖν,
974 5356 1112 5431 μετά
1142 5357 1232 5410 τὸν
1267 5357 1496 5429 σταυρὸν
1530 5356 1625 5411 καὶ
1658 5356 1756 5427 τὴν
1786 5356 1961 5428 ταφὴν

393 5455 683 5516 ἀκούοντες
705 5450 826 5521 οὐχὶ
848 5446 1080 5519 Χριστὸν
1106 5443 1492 5516 ὁμολογοῦντος
1512 5443 1690 5515 μόνον,
1711 5443 1847 5498 ἀλλά
1869 5445 1963 5499 καὶ

394 5545 578 5600 πᾶσαν
609 5539 745 5611 ὁμοῦ
785 5540 885 5612 τὴν
920 5534 1229 5606 οἰκονομίαν
1271 5533 1409 5605 μετὰ
1437 5533 1616 5605 πάσης
1647 5533 1964 5604 φιλοσοφίας

396 5629 887 5702 ἀνακηρύττοντος,
918 5625 1034 5689 πῶς
1081 5624 1142 5678 οὐ
1187 5620 1565 5690 διεσπάσαντο,
1602 5622 1693 5678 καὶ
1741 5622 1966 5695 μεληδὸν

464 5784 490 5814 ⁸
512 5783 619 5836 Duo
636 5790 749 5831 mss.
773 5777 1006 5841 λέγοντος,
1026 5772 1253 5823 σύνοιδεν.

1336 347 1405 406 IN
1446 346 1672 415 ILLUD,
1715 344 1787 401 IN
1828 339 2087 401 FACIEM
2124 341 2193 398 El
2243 340 2548 406 RESTITI.

3429 331 3533 389 376

1972 461 2136 516 αὐτὸν
2167 459 2425 514 διείλοντο
2452 455 2674 520 πάντες,
2704 450 2918 524 πρῶτον
2958 448 3177 505 πάντων
3202 448 3304 521 τῆς
3344 449 3544 521 μανίας

1973 554 2153 609 αὐτῶν
2183 548 2669 620 κατατολμήσαντα
2687 563 2704 613 ;

2043 663 2106 710 ε’.
2147 655 2220 708 'l‘b
2257 654 2366 724 γὰρ
2396 651 2461 722 δὴ
2495 649 2637 721 μέγα
2671 645 2831 701 τοῦτό
2862 646 3040 710 ἐστιν,
3077 644 3174 715 οὑχ
3202 643 3284 697 δτι
3314 638 3549 715 Χριστὸν

1972 747 2341 819 ὡμολόγησεν,
2369 742 2484 797 ἀλλ’
2504 743 2586 795 ὅτι
2616 739 2721 812 πρὸ
2746 738 2853 792 τῶν
2882 737 3055 791 ἄλλων
3077 735 3332 790 ἁπάντων
3360 748 3551 804 μαινο-

1979 838 2154 911 μένων
2178 834 2353 891 αύτῶν
2376 834 2470 887 καὶ
2488 832 2768 885 οῖδούντων
2791 826 2898 882 ἀπὸ
2918 826 3010 880 τοῦ
3035 826 3217 896 φόνου,
3236 824 3553 895 ὡμολόγησε

1983 931 2122 1000 μετά
2161 924 2710 999 παρῤησίας.”Ωσπερ
2733 916 2825 974 οὖν
2851 923 2909 973 ἐν
2937 918 3156 989 πολέμῳ
3189 916 3282 970 καὶ
3307 914 3555 986 παρατά-

1981 1020 2080 1087 ξει,
2103 1019 2376 1088 φάλαγγος
2400 1013 2920 1087 συμπεφραγμένης,
2947 1013 3150 1064 ἐκεῖνον
3175 1008 3406 1079 μάλιστα
3426 1007 3557 1059 θαυ-

1986 1108 2229 1182 μάζομεν
2259 1107 2350 1161 τὸν
2394 1105 2502 1177 πρὸ
2543 1103 2652 1156 τῶν
2684 1102 2856 1157 ἄλλων
2882 1099 3032 1173 [566]
3072 1098 3347 1170 πηδῶντα,
3379 1098 3473 1150 καῖ¹
3495 1096 3558 1150 τδ

1988 1201 2235 1273 μέτωπον
2270 1197 2437 1268 αὐτῆς
2465 1192 2863 1267 διαρῤηγνύντα
2892 1191 2975 1262 (οὐ
3006 1188 3114 1259 γὰρ
3145 1189 3210 1258 δὴ
3237 1188 3424 1241 τούτου
3460 1188 3557 1258 μό-σ

1984 1311 2100 1356 νου,
2125 1291 2259 1345 ἀλλά
2287 1289 2381 1343 καὶ
2410 1288 2516 1341 τῶν
2548 1284 2686 1357 μετὰ
2716 1283 2888 1336 ταῦτα
2921 1280 3009 1350 ὑφ’
3032 1282 3233 1351 ἐτέρων
3262 1279 3561 1350 γινομένων

1989 1381 2424 1453 κατορθωμάτων
2457 1370 2610 1439 οὗτος
2656 1375 2722 1429 ἂν
2777 1374 2861 1443 εἴη
2909 1372 3123 1425 πάντων
3166 1368 3358 1433 αἴτιος,
3391 1369 3420 1419 ὁ
3463 1368 3563 1437 τὴν

1988 1473 2162 1547 ἀρχὴν
2202 1471 2296 1525 καὶ
2335 1471 2433 1541 τὴν
2470 1466 2672 1520 εἴσοδον
2702 1459 3062 1534 παρασχὼν),
3091 1457 3232 1512 οὕτω
3255 1457 3320 1527 δὴ
3349 1457 3442 1509 καὶ
3471 1457 3565 1509 ἐπὶ

1989 1545 2082 1621 τοῦ
2112 1564 2319 1634 Πέτρου
2347 1557 2654 1628 λογίζεσθαι
2680 1555 2806 1627 χρὴ,
2826 1556 2908 1608 ὃτι
2937 1551 3149 1624 πρῶτος
3174 1546 3448 1608 εἰσελθὼν,
3472 1545 3567 1600 καὶ

1990 1657 2051 1711 τὸ
2088 1655 2335 1727 μέτωπον
2369 1652 2464 1722 τῆς
2499 1648 2774 1719 φάλαγγος
2800 1647 2899 1716 τῆς
2929 1640 3224 1711 Ἰουδαϊκῆς
3248 1637 3566 1710 διαρρήξας,

1994 1747 2089 1802 καὶ
2134 1746 2233 1817 τὴν
2283 1742 2499 1814 μακρὰν
2548 1740 2763 1809 ἐκείνην
2807 1734 3145 1807 δημηγορίαν
3204 1729 3526 1792 κατατείνας
3548 1767 3567 1791 ,

1994 1838 2136 1893 οὕτω
2170 1837 2264 1890 καὶ
2292 1837 2404 1896 τοῖς
2435 1831 2612 1895 ἄλλοις
2638 1827 2950 1890 ἀποστόλοις
2978 1824 3173 1878 ἔδωκεν
3206 1821 3425 1875 εἴσοδον.
3449 1820 3570 1874 Κᾶν

2002 1931 2276 1998 Ἰωάννης,
2306 1926 2408 1980 κᾶν
2435 1922 2712 1984 Ἰάκωϐος,
2731 1920 2837 1973 κᾶν
2848 1917 3078 1983 Παῦλος,
3093 1914 3193 1968 κᾶν
3215 1912 3372 1975 ἄλλος
3389 1912 3572 1967 ὁστισ-

2000 2022 2093 2077 οῦν
2145 2019 2283 2093 μετά
2324 2016 2497 2072 ταῦτα
2532 2014 2673 2087 μέγα
2704 2030 2757 2066 τι
2791 2010 2959 2064 ποιῶν
3013 2009 3292 2078 φαίνηται,
3320 2004 3574 2058 ἁπάντων

2000 2107 2154 2177 οὗτος
2185 2110 2515 2172 πλεονεκτεῖ,
2547 2109 2575 2160 6
2597 2102 3027 2176 προοδοποιῆσας
3054 2098 3233 2153 αὐτῶν
3265 2098 3330 2167 τῇ
3364 2094 3578 2166 παρρη-

2005 2206 2115 2278 σίᾳ,
2145 2203 2239 2257 καὶ
2269 2198 2539 2263 διανοίξας
2574 2196 2675 2277 τὴν
2706 2193 2931 2255 εἴσοδον,
2966 2191 3059 2245 καὶ
3087 2189 3212 2253 δοὺς
3240 2188 3443 2254 αὐτοῖς,
3474 2203 3577 2240 κα-

2004 2274 2179 2367 θάπερ
2210 2289 2438 2362 ποταμῷ
2464 2274 2642 2359 πολλῷ
2676 2284 2960 2357 φερομένῳ
2988 2280 3239 2353 ῥεύματι,
3284 2276 3422 2349 μετά
3452 2276 3579 2331 πολ-

2003 2387 2102 2459 λῆς
2142 2385 2328 2447 ἀδείας
2357 2379 2707 2442 ἐπεισελθεῖν,
2736 2376 2831 2429 καλ⁸
2854 2374 2981 2437 τοὺς
3014 2371 3111 2443 μὲν
3139 2367 3581 2439 ἐναντιουμένους

2006 2455 2366 2551 παρασύρειν,
2400 2471 2507 2526 τῶν
2550 2468 2607 2523 δὲ
2636 2469 2752 2540 μετ’
2779 2464 2989 2527 εὐνοίας
3020 2459 3323 2515 ἀκουόντων
3349 2458 3448 2521 τὰς
3478 2455 3584 2526 ψυ-

2006 2545 2108 2642 χὰς
2138 2545 2321 2639 ἄρδειν
2338 2556 2749 2634 διηνεκῶς.⁷Αρ’
2771 2553 2863 2612 οὖν
2887 2555 3024 2626 μετὰ
3041 2554 3132 2608 τὸν
3158 2549 3387 2621 σταυρὸν
3410 2545 3585 2601 τοιοῦ-

2008 2636 2099 2724 τος
2123 2676 2137 2726 ;
2170 2636 2274 2730 πρὸ
2295 2657 2350 2710 δὲ
2372 2655 2464 2710 τοῦ
2498 2650 2730 2724 σταυροῦ
2758 2651 2817 2703 οὐ
2844 2651 3060 2703 πάντων
3084 2642 3439 2715 θερμότερος;
3465 2636 3586 2708 οὐχὶ

2009 2753 2071 2806 τὸ
2102 2753 2276 2822 στόμα
2302 2749 2408 2817 τῶν
2440 2745 2752 2801 ἀποστόλων
2785 2738 2883 2815 ἦνς
2911 2740 3032 2810 οὐχὶ
3062 2739 3277 2792 πάντων
3307 2731 3587 2802 σιγώντων

2013 2845 2174 2907 αὐτὸς
2218 2839 2548 2911 ἐφθέγγετο;
2592 2838 2729 2893 Τίνα
2769 2852 2845 2905 με
2886 2831 3176 2902 λέγουσιν
3207 2829 3261 2881 οἱ
3293 2823 3583 2893 ἅνθρωποι

2013 2932 2167 2990 εἶναι
2207 2932 2314 2986 τὸν
2343 2929 2478 2984 Υίὸν
2520 2926 2627 2982 τοῦ
2668 2923 3020 2993 ἀνθρώπου;
3067 2918 3231 2990 φησὶν
3258 2919 3286 2971 6
3317 2913 3547 2985 Χριστός
3570 2926 3588 2942 ·

2016 3026 2112 3081 καὶ
2153 3025 2203 3078 οῖ
2240 3023 2337 3094 μὲν
2372 3020 2558 3073 Ἠλίαν
2590 3018 2795 3085 ἔλεγον,
2835 3017 2884 3068 οἱ
2912 3014 2969 3067 δέ
3003 3011 3294 3085 Ἱερεμίαν,
3322 3010 3372 3063 οί
3404 3007 3462 3062 δὲ
3499 3007 3595 3060 ἕνα

2016 3115 2125 3169 τῶν
2171 3111 2485 3184 προφητῶν.
2523 3107 2719 3177 Ὑμεῖς
2766 3105 2836 3159 δὲ
2878 3105 3012 3158 τίνα
3037 3119 3115 3173 με
3149 3101 3373 3170 λέγετε,
3408 3098 3592 3168 φησὶν,

2020 3206 2204 3270 alr-at;
2233 3200 2366 3257 Εἶτα
2397 3198 2714 3272 ἀποκριθεὶς
2740 3198 2946 3267 Πέτρος
2973 3192 3091 3248 εἷπε
3117 3211 3149 3226 ·’
3167 3193 3250 3248 Σὺ
3291 3189 3347 3246 εἷ
3388 3193 3422 3244 ό
3459 3191 3596 3258 Χρι-

2022 3297 2168 3363 στὸς
2218 3299 2252 3349 ό
2292 3294 2423 3359 Υίὸς
2468 3291 2577 3345 τοῦ
2625 3287 2772 3344 Θεοῦ
2806 3287 2910 3340 τοῦ
2946 3283 3413 3352 ζῶντος.⁰Υμεῖς,
3454 3278 3595 3345 εἶπε,

2023 3389 2118 3441 καὶ
2158 3386 2278 3440 ἀντὶ
2319 3383 2537 3437 πάντων
2576 3378 2671 3432 τοῦ
2717 3375 2968 3447 σώματος
3017 3373 3331 3443 φθέγγεται,
3361 3369 3533 3433 οὕτως
3560 3370 3597 3440 ἡ

2024 3480 2237 3552 γλῶττα
2274 3475 2383 3529 τῶν
2427 3472 2737 3527 ἀποστόλων
2770 3468 2974 3539 Πέτρος
2997 3461 3086 3538 ἦν,
3117 3465 3211 3518 καὶ
3235 3462 3354 3517 ἀντὶ¹
3384 3461 3601 3533 πάντων

2027 3551 2188 3634 αὐτὸς
2233 3558 2725 3636 ἀπεκρίνατο.τΑρ’
2752 3555 2844 3613 οὖν
2888 3556 3122 3610 ἐνταῦθα
3150 3555 3307 3625 μόνον
3340 3551 3600 3615 τοιοῦτος,

2029 3661 2257 3733 ἀλλαχοῦ
2299 3659 2355 3713 δὲ
2385 3655 2680 3726 καθυφίησι
2711 3652 2809 3722 τῆς
2836 3649 3103 3719 σπουδῆς;
3139 3644 3435 3717 Οὐδαμῶς·
3467 3642 3606 3697 ἀλλά

2030 3756 2115 3810 διά
2139 3755 2353 3807 πάντων
2381 3749 2474 3803 καὶ
2502 3748 2559 3799 ἐν
2587 3747 2721 3798 πᾶσι
2745 3742 2842 3815 τὴν
2865 3739 3031 3811 αὐτὴν
3065 3737 3315 3809 ἐμφαίνει
3337 3736 3606 3807 θερμότη-

2031 3864 2119 3902 τα.
2153 3845 2264 3898 Καὶ
2303 3841 2412 3911 γὰρ
2448 3838 2689 3899 εἰπόντος
2733 3833 2825 3888 τοῦ
2875 3830 3143 3903 Χριστοῦ·
3174 3826 3607 3897 Παραδώσουσι

2035 3938 2141 3992 τὸν
2168 3934 2306 3989 Υίὸν
2338 3931 2443 3985 τοῦ
2489 3927 2823 3997 ἀνθρώπου,
2860 3924 2956 3979 καὶ
3000 3920 3470 3993 μαστιγώσουσι,
3508 3917 3605 3971 καί

2037 4023 2519 4093 σταυρώσουσιν,
2553 4018 2715 4081 αὐτός
2753 4030 2945 4087 φησιν·
2984 4011 3181 4078 Ἵλεώς
3223 4027 3344 4075 σοι,
3391 4010 3604 4078 Κύριε·

2038 4119 2109 4173 οὐ
2137 4115 2223 4186 μὴ
2248 4115 2419 4168 ἔσται
2452 4128 2549 4164 σοι
2585 4109 2780 4163 τοῦτο.
2814 4107 2907 4177 Μὴ
2939 4105 3047 4177 γὰρ
3067 4103 3131 4176 δὴ
3157 4100 3312 4157 τοῦτο
3342 4100 3612 4166 ἐξετάσω-

2044 4226 2163 4282 μεν,
2190 4208 2270 4261 ὅτι
2298 4204 2699 4276 ἀπερίσκεπτος
2729 4202 2763 4272 ἡ
2790 4200 3099 4270 ἀπόκρισις,
3132 4196 3245 4251 ἁλλ’
3273 4196 3355 4249 ὅτι
3392 4193 3612 4264 γνησίου

2044 4303 2207 4357 πόθου
2235 4295 2304 4372 ἦν
2331 4299 2424 4353 καὶ
2461 4295 2689 4361 ζέοντος.
2722 4293 2891 4347 Πάλιν
2937 4291 3103 4360 ἀνέϐη
3148 4290 3227 4353 είς
3253 4288 3315 4340 τὸ
3342 4288 3485 4359 ὅρος,
3520 4287 3615 4340 καὶ

2048 4386 2471 4461 μετεμορφώθη·
2498 4383 2652 4456 ὤφθη
2684 4383 2882 4455 μεταξὺ
2913 4381 3096 4442 Ἠλίας
3129 4382 3246 4432 ἐκεῖ
3268 4379 3357 4431 καὶ
3379 4377 3618 4447 Μωῦσῆς

2044 4480 2440 4548 διαλεγόμενος.
2492 4475 2662 4530 Πάλιν
2709 4473 2869 4525 κάκεῖ
2910 4473 2939 4524 ὁ
2985 4471 3222 4542 Πέτρος·
3269 4470 3340 4522 El
3384 4468 3616 4537 θέλεις,

2047 4568 2392 4645 ποιήσωμεν
2418 4559 2535 4618 ὧδε
2563 4563 2721 4633 τρεῖς
2748 4560 3003 4629 σκηνάς.

2123 4668 2196 4727 ς’.
2217 4662 2358 4733 Ὅρα
2382 4658 2498 4723 πῶς
2523 4656 2695 4728 ἐφίλει
2722 4654 2810 4709 τὸν
2834 4653 3168 4717 διδάσκαλον,
3196 4652 3290 4705 καὶ
3316 4650 3504 4705 σκόπει
3526 4649 3623 4721 τὴν

2052 4752 2354 4824 ἀκρίϐειαν,
2386 4750 2479 4803 καὶ
2519 4747 2616 4819 τὴν
2648 4745 2882 4799 σύνεσιν.
2901 4743 3115 4815 Ἐπειδὴ
3145 4742 3253 4815 γὰρ
3290 4741 3412 4794 τότε
3439 4740 3625 4805 ἁπλῶς

2054 4843 2372 4915 ἀποκριθεὶς
2401 4839 2788 4911 ἐπεστομίσθη,
2821 4835 3053 4891 ἐνταῦθα
3080 4839 3145 4907 τῇ
3178 4833 3393 4905 ἐξουσίᾳ
3424 4831 3519 4887 τοῦ
3551 4832 3628 4886 δι-

2055 4936 2322 4992 δασκάλου
2354 4932 2635 5005 ἐπιτρέπει
2678 4931 2739 4984 τὸ
2785 4931 3043 5003 πρᾶγμα·
3090 4931 3159 4982 Et
3186 4928 3398 4995 θέλεις,
3432 4926 3625 4995 λέγων.

2058 5031 2128 5083 Συ
2138 5027 2354 5100 μϐαίνει
2376 5024 2506 5096 γὰρ,
2532 5023 2686 5094 φησὶ,
2714 5023 2808 5077 καὶ
2828 5021 2922 5075 νῦν
2946 5020 3365 5093 ἀπερισκέπτως
3397 5036 3461 5090 με
3483 5018 3630 5089 πόθῳ

2060 5118 2373 5191 κινούμενον
2403 5118 2595 5171 εἰπεῖν.
2615 5114 2708 5169 ”Ιν’
2740 5109 2833 5169 οὖν
2879 5113 2954 5186 μὴ
2993 5114 3091 5185 τὴν
3125 5112 3292 5184 αυτὴν
3322 5110 3634 5181 ἐπιτίμησιν

2061 5212 2307 5283 δέξηται·
2340 5212 2408 5265 EI
2430 5208 2646 5272 θέλεις,
2674 5207 2827 5279 φησί.
2860 5206 3165 5277 Συμπόσιον
3185 5200 3252 5275 ἦν
3276 5204 3451 5254 ἐκεῖνο
3478 5201 3637 5254 πάλιν

2063 5303 2124 5357 τὸ
2157 5302 2309 5370 ἆγιον
2337 5300 2431 5354 καὶ
2454 5297 2722 5371 φρικῶδες
2743 5314 2755 5328 ·
2787 5296 2879 5350 καὶ
2902 5296 3021 5349 τότε
3047 5293 3292 5362 λέγοντος
3320 5291 3412 5345 τοῦ
3438 5288 3633 5362 Ἰησοῦ·

2067 5390 2173 5459 Εἷς
2219 5391 2287 5457 ἐξ
2336 5389 2504 5461 ὑμῶν
2548 5387 2887 5458 παραδώσει
2917 5402 3014 5455 με,
3044 5383 3205 5436 πάλιν
3238 5384 3266 5436 6
3297 5381 3501 5452 Πέτρος
3550 5381 3638 5437 διὰ

2074 5488 2173 5560 μέν
2198 5485 2298 5558 τὴν
2324 5483 2639 5555 ἐπιτίμησιν
2679 5481 2778 5552 τὴν
2809 5480 2908 5551 ἠδη
2934 5476 3228 5547 γενομένην
3253 5476 3523 5546 ἐρωτῆσαι
3548 5474 3639 5528 τὸν

2071 5578 2387 5636 διδάσκαλον
2429 5577 2528 5631 οὐκ
2568 5574 2834 5644 ἐτόλμησε
2853 5587 2866 5601 ·
2899 5570 2987 5625 διὰ
3014 5570 3071 5624 δέ
3097 5568 3187 5624 τὸν
3219 5567 3399 5633 πόθον,
3425 5567 3484 5620 δν
3509 5564 3642 5637 εἶχε,

2076 5673 2298 5745 σιγῆσαι
2340 5670 2441 5724 ούκ
2482 5667 2739 5739 ἠνέσχετο
2762 5683 2775 5699 ⁸
2820 5664 2933 5719 ἀλλ’
2972 5661 3272 5717 ἐσπούδασε
3304 5660 3396 5714 καὶ
3434 5658 3642 5730 μαθείν,

2079 5765 2173 5833 καὶ
2204 5762 2280 5836 μὴ
2311 5760 2459 5827 δόξαι
2489 5759 2766 5831 προπετὴς
2793 5774 2877 5824 τις
2916 5752 3055 5813 εἶναι
3100 5754 3195 5810 καὶ
3226 5751 3644 5827 ἀπερίσκεπτος.
