4062 6500
490 325 595 387 577

486 443 614 508 Πῶς
661 435 756 498 οῦν
786 440 883 497 καὶ
930 440 1033 513 τὴν
1079 438 1378 512 ἐπιθυμίαν
1411 436 1721 511 ἐπλήρωσε,
1748 438 1845 496 καὶ
1889 436 2072 508 ἀσφά-

487 532 640 589 λειαν
673 529 854 602 ἐαυτῷ
888 530 1342 604 προῳκονόμησεν
1366 545 1381 594 ;
1409 530 1528 582 Ἵνα
1559 527 1638 600 τῷ
1670 528 1768 599 μὲν
1810 526 2077 599 βουληθῆ-

491 640 579 678 ναι
612 623 803 694 μαθεῖν
843 621 934 675 τὸν
977 620 1279 674 ἀκάθεκτον
1310 619 1459 692 δείξῃ
1493 619 1678 684 πόθον,
1709 618 1788 689 τῷ
1820 618 1877 672 δέ
1909 616 1984 690 μὴ
2007 616 2076 671 δι’

462 710 691 768 ’ἑαυτοῦ
718 712 877 766 τοῦτο
917 712 1162 782 ποιῆσαι,
1192 709 1309 765 ἀλλ’
1331 710 1520 782 ἓτερον
1551 708 1940 782 προϐαλέσθαι,
1976 708 2077 781 τὴν

493 804 782 859 εὐλάϐειαν
822 803 1064 874 ὲμφαίνῃ
1104 802 1203 856 καὶ
1236 801 1337 873 τὴν
1366 802 1667 855 ἐπιείκειαν
1695 802 1934 856 ἃπασαν.
1965 799 2079 853 Καὶ

491 896 603 968 γάρ
635 896 796 950 στενά
826 912 916 966 μοι
949 894 1234 959 πάντοθεν,
1265 893 1435 965 φησί·
1477 893 1608 967 περὶ
1641 892 1932 964 προδοσίας
1960 892 2080 946 ἐστὶ

494 988 645 1062 [567]
675 988 831 1057 λόγος
856 986 951 1041 τοῦ
980 986 1254 1042 Δεσπότου
1278 1003 1292 1018 ο
1329 981 1504 1058 μέγας
1531 988 1559 1039 6
1585 985 1851 1048 κίνδυνος,
1879 986 1908 1038 ὁ
1940 1000 2080 1055 κρη-

497 1084 627 1157 μνὸς
666 1081 1133 1155 ἐκατέρωθεν.Ἂν
1169 1080 1400 1153 σιγήσω,
1445 1082 1478 1151 ή
1529 1079 1769 1150 μέριμνα
1802 1075 2081 1130 κατεσθίει

496 1194 599 1247 μου
629 1176 730 1244 τὴν
763 1175 943 1247 ψυχήν
964 1190 977 1204 °
1018 1173 1086 1228 ἂν
1117 1174 1277 1238 εἴπω,
1312 1172 1526 1225 δέδοικα
1562 1173 1636 1242 μή
1668 1187 1796 1223 ποτε
1822 1168 2077 1239 ἐπιτίμη-

495 1286 580 1323 σιν
600 1267 840 1338 δέξωμαι
871 1266 1054 1319 πάλιν.
1082 1265 1272 1335 Μέσην
1298 1259 1391 1318 οῦν
1419 1259 1582 1335 ἦλθεν
1606 1262 1745 1327 ὁδὸν,
1767 1261 1863 1314 καὶ
1892 1262 1920 1314 6
1943 1276 2085 1313 παν-

494 1359 663 1431 ταχοῦ
705 1359 1023 1432 προπηδῶν,
1047 1357 1171 1411 τότε
1208 1357 1308 1426 τῆς
1340 1356 1588 1409 Ἰωάννου
1615 1352 1930 1426 παρρησίας
1951 1350 2087 1404 ἐδεῖ-

496 1468 578 1517 το,
609 1451 751 1506 ὥστε
801 1449 995 1521 μαθεῖν
1048 1447 1111 1503 τὸ
1154 1449 1468 1518 λεγόμενον.
1516 1445 1683 1501 Ούδέν
1738 1444 1847 1516 γάρ
1898 1444 2084 1516 ἕτερον

495 1544 740 1603 ἀνέπνει,
786 1543 882 1595 καὶ
915 1536 1062 1611 εἶχεν
1091 1540 1150 1595 ἐν
1180 1541 1246 1610 τῇ
1284 1538 1428 1610 ψυχῇ
1466 1536 1747 1608 διηνεκῶς,
1787 1534 1960 1607 ἀλλ’ἢ
1995 1534 2087 1588 τὸν

496 1632 816 1688 διδάσκαλον
868 1631 1049 1703 μόνον.
1094 1628 1192 1684 Διά
1227 1629 1388 1683 τοῦτο
1433 1629 1528 1683 καὶ
1565 1627 1957 1700 δεσμωτηρίων
1992 1625 2088 1680 καὶ

503 1726 717 1797 μυρίων
754 1724 893 1797 μετά
916 1722 1093 1777 ταῦτα
1120 1721 1433 1792 κατετόλμα
1461 1721 1728 1785 θανάτων,
1766 1718 1858 1773 καὶ
1906 1718 2087 1786 πάσης

499 1820 601 1890 τῆς
630 1815 913 1887 παρούσης
941 1814 1211 1885 κατεγέλα
1236 1815 1400 1884 ζωῆς.
1432 1814 1510 1866 Δι’
1540 1814 1746 1866 ἐκεῖνον
1774 1811 1869 1863 καὶ
1898 1809 2090 1881 μάστι-

504 1927 606 1979 γας
637 1908 842 1973 λαϐὼν,
874 1908 971 1961 καὶ
1013 1908 1138 1970 τοὺς
1181 1905 1455 1978 μώλωπας
1480 1903 1619 1974 έχων
1652 1903 1745 1959 ἐπὶ
1771 1902 1863 1956 τοῦ
1895 1901 2088 1966 νώτου,

503 2002 643 2075 πρὸς
666 2002 795 2064 τοὺς
830 1999 1199 2072 μαστίξαντας
1227 1999 1413 2069 έλεγεν
1431 2014 1445 2029 ·
1477 2000 1561 2053 Οὐ
1595 1996 1900 2066 δυνάμεθα
1922 1994 2093 2066 ἡμεῖς

503 2095 543 2151 ἆ
566 2094 808 2164 εἴδομεν
834 2095 933 2147 καί
964 2092 1417 2163 ἠκούσαμεν-μὴ
1442 2091 1675 2145 λαλεῖν.
1707 2086 1860 2153 Εἶδες
1889 2088 2094 2162 φρόνη-

508 2204 585 2260 μα
632 2185 968 2251 ἀδούλωτον;
1013 2181 1152 2249 εἶδες
1200 2184 1517 2257 παρρησίαν
1568 2184 1906 2255 ἀχείρωτον;
1955 2178 2094 2246 εἶδες

502 2280 683 2354 ψυχὴν
715 2278 965 2351 οὐρανίου
998 2277 1165 2336 πόθου
1213 2278 1309 2331 καὶ
1352 2276 1555 2349 ἔρωτος
1598 2276 1912 2348 γέμουσαν;
1967 2274 2094 2340 Πῶς

503 2368 597 2428 οὖν
616 2372 823 2444 τολμᾷς
845 2370 1044 2440 λέγειν,
1068 2372 1150 2425 ὃτι
1175 2368 1510 2441 φοϐούμενος
1532 2370 1660 2434 τοὺς
1681 2370 1746 2424 ἐκ
1766 2371 2091 2440 περιτομῆς,

504 2465 833 2521 ὑπέστελλεν
864 2464 1058 2517 ἐαυτὸν
1081 2463 1176 2517 καὶ
1202 2462 1475 2535 ἀφώρισε;
1504 2463 1617 2517 Καὶ
1650 2463 1821 2516 πολλὰ
1842 2463 1899 2516 δὲ
1928 2462 2093 2534 ἕτερα

505 2559 634 2631 ἐνῆν
660 2559 834 2613 εἰπεῖν
860 2557 989 2627 περὶ
1017 2556 1248 2629 Πέτρου,
1273 2554 1557 2609 δεικνύντα
1583 2554 1749 2609 αὐτοῦ
1771 2557 1869 2628 τὴν
1894 2556 2096 2627 θερμό-

504 2669 667 2724 τητα,
700 2650 794 2705 καὶ
822 2649 922 2721 τὴν
955 2648 1229 2720 ἀνδρείαν,
1264 2648 1361 2703 καὶ
1395 2647 1486 2703 τὸν
1517 2647 1703 2713 πόθον,
1734 2648 1794 2703 ὃν
1825 2645 1939 2719 εἶχε
1969 2648 2098 2721 περὶ

505 2745 599 2799 τδν
624 2744 890 2817 Χριστόνο
929 2742 1161 2797 ἀλλ’ἵνα
1206 2741 1281 2814 μὴ
1331 2741 1662 2812 μηκύνωμεν
1708 2742 1954 2815 ἀκαίρως
2003 2742 2097 2795 τὸν

506 2836 687 2906 λόγον,
716 2837 879 2908 ἀρκεῖ
903 2835 971 2888 τὰ
994 2833 1283 2907 εἰρημένα.
1315 2832 1453 2887 Οὑδέ
1482 2832 1593 2905 γάρ
1630 2833 1903 2903 ἐγκώμιον
1930 2830 2098 2889 αὐτοῦ

509 2929 750 3000 τήμερον
797 2927 969 2979 εἰπεῖν
1013 2925 1325 2996 πρόκειται,
1358 2922 1496 2977 ἀλλά
1528 2922 1625 2995 τὴν
1667 2922 1931 2977 δοκοῦσαν
1958 2915 2099 2975 εἶναι

512 3019 744 3090 ζήτησιν
770 3017 950 3081 λῦσαι,
983 3018 1081 3070 καὶ
1110 3017 1192 3078 είς
1232 3014 1407 3086 πέρας
1438 3016 1692 3083 ἀγαγεῖν.

582 3110 648 3172 ζ’.
672 3109 745 3162 Σὺ
769 3108 839 3161 δὲ.
855 3109 950 3163 καὶ
978 3105 1242 3178 ἑτέρωθεν
1267 3105 1482 3169 σκόπει,
1504 3104 1622 3167 πῶς
1640 3104 1740 3157 ούκ
1762 3102 1879 3157 ἔστι
1900 3103 2099 3175 πιθανὴ

512 3202 549 3272 ἡ
582 3197 907 3268 κατηγορία.
924 3196 1059 3249 Τότε
1087 3195 1184 3266 μὲν
1208 3194 1316 3273 γάρ
1342 3193 1493 3265 παρὰ
1517 3193 1616 3265 τὴν
1645 3194 1841 3266 ἀρχὴν,
1867 3194 1955 3253 ὅτε
1984 3193 2103 3246 ἔλε-

512 3309 613 3362 γεο
651 3290 873 3345 Τοῦτον
901 3287 1010 3341 τὸν
1046 3285 1302 3355 Ἰησοῦν,
1347 3284 1419 3339 ὃν
1461 3284 1631 3354 ὑμεῖς
1662 3284 2101 3353 ἐσταυρώσατε,

512 3381 864 3449 ἀνέστησεν
897 3383 929 3435 ὁ
965 3381 1131 3446 Θεὸς,
1160 3379 1359 3444 λύσας
1399 3377 1508 3444 τὰς
1543 3376 1763 3442 ὠδῖνας
1786 3377 1893 3433 τοῦ
1923 3375 2105 3432 θανά-

512 3492 644 3539 του,
680 3473 804 3529 τότε
838 3470 1042 3542 μεταξὺ
1089 3470 1300 3543 ἐχθρῶν
1331 3466 1421 3541 ἦν,
1456 3469 1536 3523 ἔτι
1580 3469 1887 3539 φονώντων,
1918 3471 2000 3523 ἔτι
2029 3469 2107 3543 τῷ

515 3565 677 3636 θυμῷ
704 3564 958 3627 ζεόντων,
1002 3563 1082 3616 ἔτι
1135 3563 1479 3634 βουλομένων
1522 3561 1932 3617 διασπάσασθαι
1976 3563 2106 3627 τοὺς

520 3655 1057 3730 μαθητάς.Ἥκμαζε
1080 3656 1190 3728 γὰρ
1219 3657 1404 3720 αὐτοῖς
1437 3656 1518 3710 ἔτι
1542 3655 1604 3709 τὸ
1630 3655 1822 3722 πάθος,
1847 3656 1941 3710 καί
1979 3654 2108 3727 ᾤδει

518 3751 554 3822 ἡ
582 3749 792 3804 διάνοια
816 3748 892 3818 τῷ
922 3746 1099 3819 θυμῷ.
1124 3745 1261 3800 Νυνὶ
1287 3746 1364 3811 δὲ,
1397 3747 1486 3800 ὅτε
1516 3744 1690 3800 ταῦτα
1714 3744 1925 3809 Παῦλος
1944 3745 2110 3816 ἐγραο

518 3859 641 3914 φεν,
675 3841 816 3895 ἑπτά
844 3841 940 3895 καὶ
964 3840 1190 3894 δέκατον
1212 3838 1331 3903 έτος
1367 3834 1483 3910 εἶχε
1513 3839 1574 3893 τὸ
1608 3839 1891 3911 κήρυγμα.
1922 3835 2108 3891 Εἰπὼν

519 3929 630 4000 γάρ
655 3944 670 3959 ·
704 3930 867 3983 Μετὰ
894 3928 1025 3997 τρία
1061 3928 1165 3995 ἔτη
1210 3927 1438 3996 ἀνέϐην
1458 3929 1552 3994 είς
1589 3927 1990 3997 Ἰεροσόλυμα,
2022 3927 2113 3980 λέ-

520 4039 609 4091 γει
638 4020 821 4086 πάλιν,
855 4021 938 4075 ὅτι
975 4020 1138 4077 Μετὰ
1167 4019 1586 4088 δεκατέσσαρα
1617 4021 1724 4090 ἔτη
1768 4020 1993 4085 ἀνέϐην
2024 4022 2112 4088 εἰς

532 4111 941 4182 Ἱεροσόλυμα.
966 4109 1025 4163 '0
1065 4110 1245 4164 τοίνυν
1290 4110 1411 4164 τότε
1457 4111 1517 4163 ἐν
1549 4109 1855 4182 προοιμίοις
1885 4111 1979 4164 τοῦ
2007 4128 2113 4181 κη-

526 4201 805 4276 ρύγματος
850 4202 935 4274 ,μὴ
989 4200 1265 4272 φοϐηθεὶς,
1302 4200 1400 4256 νῦν
1447 4202 1588 4273 μετά
1629 4202 1820 4274 χρόνον
1861 4202 2114 4257 τοσοῦτον

526 4293 772 4364 φοϐεῖται
797 4310 810 4359 ;
838 4294 871 4351 ,ό
897 4295 954 4346 ἐν
990 4292 1249 4364 Ἱεροσολύ
1258 4310 1379 4362 μοις
1400 4298 1482 4364 μὴ
1505 4294 1710 4356 δείσας,
1733 4296 1792 4347 ἐν
1814 4294 2115 4367 Ἀντιοχείᾳ

524 4386 794 4452 δέδοικεν;
827 4387 876 4449 ό,
909 4385 1185 4458 πολεμίων
1215 4385 1613 4440 κυκλωσάντων
1637 4385 1818 4451 αὐτὸν,
1847 4386 1921 4457 μὴ
1945 4404 2114 4459 πτοη-

524 4479 642 4544 θείς
684 4481 807 4533 τότε
830 4492 880 4544 ι,
911 4477 1006 4532 νῦν
1059 4476 1177 4531 οὐδὲ
1210 4476 1482 4548 πολεμίων
1513 4477 1821 4549 παρόντων,
1858 4478 1994 4533 ἀλλά
2022 4495 2115 4533 πι-

528 4571 668 4626 στῶν
711 4573 808 4626 καὶ
857 4569 1137 4643 μαθητῶν,
1190 4571 1420 4642 ἀγωνιᾷ.
1460 4571 1561 4625 καὶ
1602 4570 1829 4639 δέδοικε,
1873 4571 1968 4626 καὶ
2015 4572 2117 4631 οὐκ

527 4661 844 4734 όρθοποδεῖ;
879 4663 990 4716 Καὶ
1015 4662 1134 4726 πῶς
1159 4662 1224 4715 ἂν
1253 4661 1367 4732 ἔχοι
1400 4661 1574 4716 ταῦτα
1596 4660 1775 4731 λόγον,
1802 4662 2114 4733 ἀναπτομέ-

528 4768 629 4822 νης
661 4753 758 4822 μὲν
782 4754 882 4824 τῆς
913 4756 1091 4826 πυρᾶς
1126 4754 1220 4807 καὶ
1251 4755 1331 4818 είς
1367 4753 1500 4824 ὕψος
1545 4753 1903 4826 ἐγειρομένης
1950 4772 2119 4809 κατα-

527 4844 755 4917 τολμᾷν,
795 4846 1109 4900 σϐεσθείσαν
1133 4846 1190 4900 δὲ
1216 4847 1311 4900 καὶ
1331 4847 1631 4919 γενομένην
1655 4847 1859 4918 τέφραν
1876 4847 2121 4901 δεδοικέ-

530 4953 621 4992 ναι
658 4937 755 4991 καὶ
779 4938 1036 5009 τρέμειν;
1058 4940 1121 4992 Εἰ
1149 4938 1322 5002 δειλὸς
1339 4934 1406 5010 ἦν
1428 4939 1523 4992 καὶ
1548 4937 1810 5011 ἄνανδρος
1832 4941 1860 4992 6
1885 4940 2116 5011 Πέτρος,

531 5030 590 5082 ἐν
621 5030 764 5102 ἀρχῇ
790 5028 884 5082 τοῦ
916 5028 1293 5101 κηρύγματος,
1321 5033 1379 5084 ἐν
1403 5034 1470 5103 τῇ
1500 5032 1835 5104 μητροπόλει
1863 5032 1972 5085 τῶν
1987 5034 2120 5085 Ἰου-

532 5121 720 5187 δαίων,
746 5121 882 5174 ὅπου
911 5121 1111 5183 πάντες
1131 5116 1270 5191 ἦσαν
1292 5122 1341 5173 οί
1368 5121 1638 5192 πολέμιοι,
1655 5123 1779 5176 τότε
1803 5122 1870 5176 ἂν
1892 5122 2116 5189 ἔδεισεν,

532 5214 593 5269 οὐ
627 5212 765 5285 μετὰ
795 5212 985 5285 χρόνον
1011 5210 1264 5265 τοσοῦτον
1291 5212 1350 5264 ἐν
1384 5215 1451 5283 τῇ
1495 5216 1990 5287 χριστιανικωτάτῃ
2019 5216 2121 5269 πό-

531 5306 634 5370 λει,
663 5305 785 5361 ούδέ
834 5305 1003 5374 φίλων
1046 5304 1139 5358 καὶ
1168 5303 1405 5374 γνησίων
1436 5304 1912 5374 παρόντων.”Ωστε
1940 5304 2063 5359 οὔτε
2093 5307 2122 5359 6

533 5399 742 5471 καιρὸς,
776 5398 899 5454 οὔτε
929 5401 956 5453 6
982 5399 1166 5464 τόπος,
1198 5397 1319 5451 οὔτε
1352 5397 1384 5468 ἡ
1419 5397 1644 5468 ποιότης
1664 5398 1779 5453 ,τῶν
1802 5398 2121 5469 προσώπων

536 5492 761 5561 ἀφίησιν
795 5492 942 5560 ἡμᾶς
984 5492 1272 5545 πιστεῦσαι
1319 5491 1433 5555 τοῖς
1465 5489 1782 5561 λεγομένοις
1827 5489 2001 5553 οὕτως
2046 5490 2121 5555 ὡς

537 5581 773 5651 εἴρηται,
806 5582 901 5634 καὶ
948 5582 1295 5651 καταγνῶναι
1340 5583 1435 5637 τοῦ
1484 5584 1695 5655 Πέτρου
1744 5581 1969 5638 δειλίαν.
2003 5582 2124 5637 Ἐπ-

538 5668 770 5737 ῃνέσατε
799 5669 866 5722 τά
893 5673 1198 5742 εἰρημένας
1235 5675 1427 5730 Καίτοι
1463 5693 1526 5746 γε
1558 5675 1716 5750 [368]
1754 5679 1813 5731 ἐν
1857 5677 1999 5749 ἀρχῇ
2033 5680 2124 5730 τὸν

604 5789 622 5809 ·
651 5778 765 5831 Ι)ηο
782 5790 897 5830 mss.
919 5782 1436 5854 αύτὸνκαταφρονήσας
1452 5792 1580 5843 τότε.

1228 345 1287 401 S.
1320 343 1605 401 JOANNIS
1640 343 2100 403 CHRYSOS'I'OM

2216 340 2489 405 ΚΩΠΙΕΡ.
2527 340 3080 404 οοδιετΑΝτινοιι.

3660 341 3761 400 ’578

2180 439 2393 496 Παῦλον
2434 442 2805 516 ἐθαυμάζετε,
2832 449 2929 503 καὶ
2969 451 3069 521 τῆς
3104 450 3426 523 παρῥησιας
3466 452 3635 509 αὐτὸν
3678 456 3763 524 ἐξ·

2182 527 2512 613 επλήττεσθε
2534 548 2548 562 ·
2591 532 2707 587 ἀλλ’
2737 533 2848 589 ἰδοὺ
2886 537 3214 610 περιέτρεψε
3244 538 3346 610 τὴν
3379 543 3718 613 κατηγορίαν
3736 545 3767 596 6

2181 612 2357 702 λόγος.
2376 616 2513 670 Ἀλλ’
2532 618 2729 692 ὥσπερ
2774 621 3079 694 ἀρχόμενος
3124 625 3330 695 ελεγον,
3361 627 3444 681 δτι
3492 612 3654 683 οὐδέν
3685 648 3771 702 μοι

2182 700 2393 789 ὄφελος,
2419 703 2516 759 ἐὰν
2542 705 2759 760 Παύλου
2780 709 2961 774 καλῶς
2980 712 3286 777 ποιοῦντος,
3302 717 3332 769 6
3352 715 3562 787 Πέτρος
3582 700 3772 789 δειχθῇ

2188 788 2263 859 μὴ
2288 790 2470 853 καλῶς
2501 794 2670 846 ποιῶν
2698 794 2788 865 (τά
2810 796 2919 867 γὰρ
2947 799 3270 871 ἐγκλήματα
3291 803 3388 856 καὶ
3416 805 3451 873 ἠ
3471 803 3596 858 καθ’
3619 788 3775 875 ήμῶύ

2185 875 2414 949 αίσχύνη
2453 878 2625 951 μένει,
2658 882 2724 936 ἀν
2749 900 2810 937 τε
2837 878 3011 951 οὗτος,
3043 887 3109 941 ἄν
3132 906 3191 941 τε
3219 890 3428 954 ἐκεῖνος
3463 890 3768 962 διημαρτη-

2186 963 2299 1028 κὼς
2332 965 2532 1038 τύχῃ),
2572 969 2715 1024 οὕτω
2759 972 2854 1025 καὶ
2901 972 2996 1028 νῦν
3029 975 3091 1028 τὸ
3120 976 3253 1030 αὐτὸ
3295 976 3442 1045 λέγω
3485 978 3677 1043 πάλιν,
3702 977 3778 1041 ὡς

2185 1053 2340 1106 οὐδέν
2383 1071 2475 1125 μοι
2515 1055 2727 1124 ὄφελος,
2773 1058 2840 1112 ἂν
2890 1061 3100 1132 Πέτρου
3134 1063 3233 1134 τὴν
3266 1065 3612 1137 κατηγορίαν
3642 1065 3772 1118 ἀπο·

2190 1143 2621 1213 σκευασαμένου,
2675 1146 2703 1197 6
2743 1146 2957 1212 Παῦλος
3005 1150 3266 1221 φαίνηται
3314 1152 3637 1223 θαρσαλέως
3689 1152 3780 1207 καὶ

2188 1230 2612 1301 ἀπερισκέπτως
2661 1234 2755 1288 τοῦ
2803 1238 3205 1295 συναποστόλου
3257 1240 3608 1311 κατηγορῶν.
3646 1240 3778 1311 Φέρε

2190 1313 2306 1382 οὖν,
2352 1319 2446 1373 καὶ
2481 1319 2671 1374 τοῦτον
2715 1322 2822 1376 τῶν
2876 1324 3242 1397 ἐγκλημάτων
3289 1328 3682 1400 ἀπολύσωμεν.
3718 1327 3779 1380 Τί

2191 1400 2318 1471 οὖνς
2347 1408 2376 1459 6
2403 1406 2503 1475 μὲν
2529 1407 2734 1479 Πέτρος
2759 1411 3022 1477 τοιοῦτος,
3047 1416 3075 1467 6
3100 1413 3159 1466 δὲ
3184 1415 3393 1482 Παῦλος
3415 1417 3475 1470 οὐ
3502 1416 3777 1480 τοιοῦτοςς

2193 1493 2289 1546 καὶ
2309 1494 2363 1546 τί
2388 1494 2600 1549 Παύλου
2626 1496 2955 1571 θερμότερον
2988 1501 3183 1570 γένοιτ’
3209 1502 3297 1567 ἂν,
3318 1504 3379 1568 ὃς
3398 1504 3519 1557 καθ’
3540 1503 3781 1571 ἑκάστην

2188 1580 2406 1652 ¹ἡμέραν
2454 1582 2764 1654 ἀπέθνησκε
2807 1585 2896 1640 διά
2941 1589 3032 1641 τὸν
3081 1590 3347 1662 Χριστόν;
3390 1591 3551 1645 um
3582 1590 3682 1645 νῦν
3723 1592 3781 1645 οὐ

2195 1668 2323 1739 περὶ
2350 1669 2603 1740 ἀνδρείας
2641 1673 2771 1743 ἡμῖν
2803 1675 2832 1726 6
2855 1673 3038 1743 λόγος,
3062 1675 3136 1747 (τί
3162 1676 3269 1748 γάρ
3300 1677 3437 1751 πρὸς
3462 1678 3524 1733 τὸ
3558 1678 3783 1750 προκεί-

2198 1772 2357 1826 μενον
2386 1756 2613 1830 τοῦτος)
2645 1758 2761 1813 ἀλλ’
2796 1762 2845 1813 εί
2884 1762 3142 1833 ἀπεχθῶς
3180 1765 3317 1835 πρὸς
3345 1765 3438 1818 τὸν
3479 1766 3782 1820 ἀπόστολον

2196 1842 2494 1916 διέκειτο,ἢ
2521 1849 2570 1900 εί
2595 1847 2897 1915 κενοδοξίας
2918 1850 3063 1914 τινὸς
3084 1853 3178 1905 καὶ
3199 1851 3530 1921 φιλονεικίας
3552 1849 3625 1925 ἦν
3645 1852 3783 1924 αὕτη

2197 1932 2231 2001 ή
2267 1933 2434 2003 μάχη.
2455 1934 2594 1987 Ἀλλ’
2618 1935 2739 1989 οὐδὲ
2788 1936 2947 1991 τοῦτο
2994 1938 3142 1993 ἔστιν
3196 1941 3405 1995 εἰπεῖν·
3442 1942 3519 2012 μὴ
3548 1943 3781 2010 γένοιτο·

2199 2019 2335 2072 Οὐδὲ
2362 2020 2473 2091 γὰρ
2502 2021 2710 2094 Πέτρου
2742 2022 2838 2077 τοῦ
2869 2026 3170 2097 κορυφαίου
3212 2027 3320 2081 τῶν
3361 2030 3532 2097 ἀγίων
3559 2027 3787 2082 ἐκείνων

2192 2106 2382 2177 μόνον,
2420 2108 2557 2165 ἀλλά
2587 2111 2682 2165 καὶ
2708 2111 2927 2171 πάντων
2954 2112 3142 2179 δοῦλος
3172 2111 3240 2187 ἦν
3271 2116 3459 2180 ἁπλῶς
3498 2116 3610 2170 τῶν
3652 2117 3788 2170 ἀπϊο⁴

2202 2194 2404 2250 στόλων
2451 2197 2481 2248 6
2526 2197 2759 2263 Παῦλος,
2790 2201 2884 2254 καὶ
2925 2200 3099 2256 ταῦτα
3148 2196 3485 2258 πλεονεκτῶν
3530 2203 3786 2257 ἁπάντων

2202 2283 2342 2337 κατὰ
2390 2286 2513 2349 τοὺς
2548 2287 2779 2352 κόπους·
2820 2289 2936 2342 ἀλλ’
2963 2291 3114 2360 ὅμως
3152 2291 3370 2344 πάντων
3397 2291 3592 2349 ἑαυτὸν
3626 2291 3786 2360 έσχα·

2200 2388 2292 2425 τον
2332 2367 2471 2426 εἶναι
2513 2374 2781 2446 ἐνόμιζεν.
2820 2377 2963 2446 Ἐγὼ
2993 2377 3105 2446 γάρ
3131 2380 3267 2447 εἰμι.
3298 2379 3483 2449 φησὶν,
3515 2379 3549 2432 ό
3584 2378 3785 2446 ἐλάχι-

2203 2473 2352 2527 στος
2380 2460 2500 2515 τῶν
2523 2463 2907 2531 ἀποστόλων,
2938 2463 3009 2530 ὃς
3035 2466 3147 2519 οὐκ
3185 2465 3302 2532 εἰμί
3340 2464 3548 2531 ἱκανὸς
3588 2464 3785 2518 καλεῖ·-

2202 2546 2344 2598 σθαι
2372 2544 2747 2615 ἀπόστολοςο
2787 2550 2849 2602 οὐ
2881 2549 3040 2621 μόνον
3067 2549 3125 2602 δὲ
3159 2549 3268 2603 τῶν
3295 2550 3633 2614 ἀποστόλων,
3657 2549 3785 2602 ἀλλὰ

2204 2632 2299 2685 καὶ
2340 2633 2449 2686 τῶν
2498 2635 2671 2703 ἀγίων
2709 2636 2898 2701 ἀπλῶς
2944 2637 3224 2691 ἀπάντων.
3263 2638 3419 2707 Ἐμοὶ
3467 2639 3602 2708 γὰρ,
3636 2637 3783 2706 φησὶ,

2203 2716 2285 2783 τῷ
2317 2718 2664 2791 ἐλαχίστῳδ
2692 2722 2936 2779 πάντων
2968 2725 3087 2779 τῶν
3115 2725 3301 2796 ἁγίων
3327 2724 3503 2793 ἐδόθη
3540 2727 3581 2794 ’ἦ
3620 2724 3784 2794 χάρις

2208 2804 2385 2874 αὕτη.

2276 2945 2348 3011 η’.
2371 2934 2524 3003 Εἶδες
2556 2938 3021 3011 συντετριμμένην
3047 2939 3258 3010 ψυχήν;
3292 2933 3431 3003 εἶδες
3458 2938 3580 3003 πῶς
3609 2936 3788 2992 ἐαυτὸν

2207 3025 2518 3098 κατώτερον
2547 3026 2767 3079 πάντων
2801 3027 2982 3098 ἵστησι
3015 3026 3125 3080 τῶν
3160 3027 3351 3096 ἀγίων,
3377 3027 3498 3097 ούχὶ
3521 3026 3633 3080 τῶν
3661 3026 3787 3079 ἀπο-

2211 3115 2413 3170 στόλων
2449 3117 2644 3187 μόνον;
2688 3114 2751 3171 Ὀ
2777 3117 2834 3170 δε
2866 3115 3010 3170 οὕτω
3039 3119 3167 3190 περὶ¹
3194 3118 3402 3180 πάντας
3430 3117 3784 3188 διακείμενος,

2206 3203 2328 3274 ⁴ᾔδει
2381 3204 2477 3256 καὶ
2528 3203 2701 3273 πόσης
2747 3204 2839 3257 τὸν
2890 3204 3098 3275 Πέτρον
3156 3205 3446 3276 προεδρίας
3500 3204 3786 3258 ἀπολαύειν

2202 3293 2401 3364 ἐχρῆν,
2426 3293 2522 3347 καὶ
2552 3294 2733 3364 ᾐδεῖτο
2765 3292 3003 3365 μάλιστα
3029 3296 3244 3350 πάντων
3264 3295 3571 3368 ἀνθρώπων
3590 3293 3779 3355 τοῦτον,

2212 3380 2401 3454 καὶώς
2429 3380 2578 3448 ἄξιος
2597 3376 2687 3452 ἦν,
2718 3380 2863 3434 οὔτω
2886 3381 3013 3454 περὶ
3041 3382 3203 3435 αὐτὸν
3230 3381 3484 3435 διέκειτο.
3514 3381 3626 3433 Καὶ
3646 3377 3790 3431 τοῦτο

2213 3452 2425 3522 ἐκεῖθεν
2461 3467 2640 3539 δῆλον.
2659 3467 2724 3519 Ἡ
2749 3452 3044 3538 οἰκουμένη
3095 3469 3245 3521 πᾶσα
3292 3468 3429 3539 πρὸς
3456 3468 3624 3520 αὐτὸν
3653 3464 3789 3519 έϐλε-

2204 3575 2339 3625 επεν,
2377 3559 2433 3613 αί
2465 3558 2746 3630 φροντίδες
2770 3559 2879 3612 τῶν
2919 3558 3191 3630 πανταχοῦ
3221 3558 3320 3628 τῆς
3340 3558 3445 3628 γῆς
3459 3552 3789 3626 Ἐκκλησιῶν

2212 3646 2317 3717 τῆς
2348 3646 2556 3700 ἐκείνου
2578 3647 2758 3717 ψυχῆς
2795 3641 2937 3717 ἦσαν
2966 3643 3356 3718 ἐξηρτημέναι,
3402 3644 3577 3716 μυρία
3620 3639 3792 3714 ἐμερί-

2219 3750 2328 3805 μνα
2354 3733 2476 3787 καθ’
2498 3734 2735 3801 ἑκάστην
2750 3733 2973 3805 ἡμέραν
3001 3736 3322 3804 πράγματα,
3351 3731 3622 3786 πάντοθεν
3642 3727 3788 3793 αὑτὸν

2217 3820 2483 3876 ἐκύκλουν
2527 3821 2877 3892 κηδεμονίαι,
2911 3821 3260 3893 προστασίαι,
3294 3819 3633 3892 διορθώσεις,
3667 3832 3789 3886 συμ-

2219 3908 2429 3974 ϐουλαὶ,
2461 3910 2834 3980 παραινέσεις,
2862 3907 3226 3972 διδασκαλίαι,
3259 3908 3466 3980 μυρίων
3492 3904 3786 3975 οίκονομίαι

2218 3996 2592 4068 πραγμάτων·
2630 3996 2725 4050 καὶ
2774 3997 2952 4051 πάντα
3003 3996 3188 4057 ἐκεῖνα
3242 3995 3427 4063 ἀφεὶς,
3452 3993 3693 4064 ἀπῆλθεν
3719 3991 3788 4052 είς

2231 4084 2599 4156 Ἰεροσόλυμα,
2630 4085 2724 4137 καὶ
2752 4085 3026 4156 πρόφασις
3057 4083 3158 4154 τῆς
3205 4082 3325 4136 ὁδοῦ
3372 4082 3602 4152 οὐδεμία
3647 4078 3789 4149 ἑτέρα

2217 4166 2307 4242 ἦν,
2336 4170 2450 4225 ἀλλ’
2471 4171 2506 4243 ἢ
2535 4170 2598 4225 τὸ
2622 4171 2830 4244 Πέτρον
2865 4172 3014 4238 ίδεῖν,
3045 4170 3230 4232 καθὼς
3254 4169 3416 4233 αὐτός
3445 4184 3646 4239 φησιν·
3679 4168 3787 4221 ’Ar—

2219 4259 2368 4328 ἐϐην
2409 4262 2497 4326 εις
2542 4260 2926 4330 Ἰεροσόλυμα
2974 4259 3296 4329 ἱστορῆσαι
3328 4259 3586 4326 Πέτρον·
3634 4255 3788 4319 οὕτως

2222 4347 2384 4400 αὐτὸν
2412 4348 2594 4418 ἐτίμα,
2631 4348 2726 4401 καὶ
2756 4348 2862 4420 πρὸ
2887 4348 3107 4403 πάντων
3140 4343 3265 4419 ἦγε.
3301 4347 3367 4400 Τί
3393 4342 3523 4412 οὗνς
3556 4344 3680 4398 ἰδὼν
3700 4341 3785 4394 αὐ-

2220 4434 2313 4487 τὸν
2365 4433 2568 4499 εὐθέως
2620 4434 2997 4507 ἁνεχώρησεν;
3051 4434 3348 4506 Οὐδαμῶςο
3399 4432 3512 4487 ἀλλ’
3549 4432 3786 4501 ἐπέμεινε

2223 4524 2360 4595 πρὸς
2387 4524 2549 4579 αὐτὸν
2583 4526 2796 4597 ἡμέρας
2821 4524 3138 4579 δεκαπέντε.
3171 4525 3239 4578 Et
3264 4539 3385 4578 τινα
3426 4518 3523 4579 οὖν
3568 4534 3787 4592 στρατη-

2221 4612 2391 4684 λάτην
2440 4611 2589 4679 ἴδοις,
2620 4612 2743 4667 είπέ
2782 4630 2897 4684 μοι,
2924 4615 3172 4683 γενναῖον
3204 4613 3299 4666 καὶ
3329 4608 3659 4682 θαυμαστὸν,
3703 4598 3785 4658 τοῦ

2224 4698 2460 4770 πολέμου
2490 4717 2828 4772 συγκεγροτη
2837 4700 3020 4771 μένου,
3042 4701 3139 4771 τῆς
3162 4698 3518 4770 παρατάξεως
3541 4689 3786 4751 συνεστώ-

2226 4803 2347 4857 σης,
2389 4786 2490 4857 τῆς
2542 4787 2721 4858 μάχης
2779 4786 3030 4858 ζεούσης,
3082 4789 3292 4858 μυρίων
3335 4786 3497 4839 αὑτὸν
3543 4780 3785 4839 πάντοθεν

2225 4873 2533 4928 καλούντων
2579 4874 2934 4946 πραγμάτων,
2964 4874 3172 4944 ἀφέντα
3217 4875 3317 4946 τὴν
3357 4874 3679 4946 παράταξιν,
3706 4869 3785 4923 καὶ

2226 4965 2363 5037 πρὸς
2401 4965 2687 5035 ἐπίσκεψιν
2727 4982 2873 5029 τινος
2916 4966 3222 5019 ἀπελθόντα
3253 4963 3431 5034 φίλου,
3476 4960 3584 5036 ἆρα
3618 4960 3786 5030 ἑτέραν

2229 5054 2452 5127 μείζονα
2484 5055 2687 5126 ταύτης
2724 5053 2908 5126 ζητεῖς
2940 5054 3235 5121 ἀπόδειξιν,
3268 5053 3389 5107 εἰπέ
3418 5072 3528 5124 μοι,
3552 5052 3649 5124 τῆς
3670 5046 3786 5119 πρὸς

2224 5145 2317 5197 τὸν
2362 5143 2648 5215 ἄνθρωπον
2692 5142 2898 5204 ἐκεῖνον
2945 5142 3191 5208 εὐνοίας;
3244 5142 3359 5195 Ούκ
3412 5140 3585 5210 ἔγωγε
3632 5132 3786 5207 οἶμαι.

2226 5232 2398 5286 Τοῦτο
2418 5232 2597 5285 τοίνυν
2618 5232 2711 5285 καὶ
2737 5232 2829 5284 ἐπὶ
2851 5232 3064 5285 Παύλου
3093 5233 3188 5285 καὶ
3209 5230 3418 5301 Πέτρου
3442 5227 3674 5297 λογίζου.
3695 5221 3787 5277 Καὶ

2226 5320 2333 5393 γὰρ
2369 5321 2461 5374 καὶ
2509 5319 2740 5373 ἐνταῦθα
2778 5320 3013 5391 πόλεμος
3048 5319 3390 5388 συνειστήκει
3418 5317 3681 5387 χαλεπὸς,
3707 5306 3787 5364 καὶ

2228 5409 2530 5483 παράταξις
2559 5406 2649 5480 ἦν.
2680 5408 2774 5462 καὶ
2806 5409 2976 5480 μάχη,
3005 5408 3066 5461 ού
3101 5406 3237 5478 πρὸς
3268 5407 3586 5479 ἀνθρώπους
3627 5403 3783 5473 μόνον.

2230 5499 2363 5553 ἀλλά
2396 5498 2529 5570 πρὸς
2559 5496 2658 5561 τὰς
2695 5498 2891 5569 ἀρχὰς,
2925 5496 3062 5568 πρὸς
3086 5496 3185 5559 τὰς
3213 5494 3482 5560 ἐξουσίας,
3518 5494 3653 5565 πρὸς
3679 5488 3785 5547 τοὺς

2231 5589 2387 5662 [569]
2410 5584 2861 5659 κοσμοκράτορας
2875 5586 2969 5641 τοῦ
2998 5586 3228 5648 σκότους
3254 5583 3350 5638 τοῦ
3380 5582 3574 5648 αἰῶνος
3596 5577 3785 5662 τούτου,

2231 5656 2325 5732 καὶ
2366 5656 2527 5748 μάχη
2560 5676 2689 5746 περὶ
2733 5656 2836 5745 τῆς
2876 5674 2986 5753 τῶν
3018 5671 3322 5746 ἀνθρώπων
3364 5670 3659 5743 σωτηρίας
3692 5656 3786 5718 ἀλλ’

2291 5789 2323 5832 ι»
2344 5788 2443 5840 Alii
2466 5788 2828 5855 ιλαχιστοτίρῳ.
