4062 6428
233 317 334 372 577

232 440 443 500 discere
486 437 795 507 nitebatur,
837 451 897 496 et
951 439 1274 495 temerarius
1310 437 1820 494 et-inconsidcratus

235 547 343 586 non
373 531 565 588 videri.
603 531 720 600 Quo
751 543 906 602 pacto
929 532 1090 602 igitur
1114 542 1168 587 et
1197 532 1539 602 cupiditatem
1567 531 1821 601 explevit,

232 632 286 677 et
313 631 470 678 caute
524 638 635 678 sua:
682 625 954 679 securitati
1014 623 1293 694 providit?
1339 623 1408 679 Ut
1447 639 1514 680 eo
1541 624 1658 694 ipso
1681 621 1822 691 quod

232 714 440 770 discere
469 715 672 783 vellet,
700 717 952 772 invictum
1007 732 1246 772 amorem
1293 716 1604 772 ostenderet
1642 716 1821 786 :quod

231 817 410 863 autem
441 808 541 863 hoc
588 809 703 878 ipse
731 824 824 878 per
848 825 909 865 se
935 825 1039 863 non
1070 808 1293 876 faceret,
1320 809 1412 864 sed
1434 809 1660 862 alterum
1691 807 1825 877 obji-

231 909 381 954 ccret
409 940 424 965 ,
448 901 702 970 pietatem
750 911 801 955 et
833 901 1150 955 modestiam
1175 916 1390 954 omnem
1414 915 1525 969 prae
1549 915 1608 954 se
1635 899 1817 953 ferret.

233 990 480 1061 Undique
516 993 656 1046 enim
686 991 814 1046 mihi
859 992 1141 1062 augustite,
1179 992 1348 1061 inquit
1373 1007 1388 1044 :
1413 991 1487 1046 de
1522 990 1822 1060 proditione

235 1081 440 1138 Domini
470 1083 679 1152 agitur,
728 1084 913 1152 ingens
960 1093 1043 1138 est
1086 1084 1377 1152 periculum
1407 1124 1423 1149 ,
1470 1083 1819 1152 praecipitium

233 1175 501 1242 utrinque.
533 1174 589 1228 Si
625 1183 864 1238 tacuero,
892 1174 1073 1229 exedit
1098 1174 1332 1228 animam
1369 1173 1678 1227 sollicitudo
1717 1190 1731 1227 :
1775 1173 1820 1225 si

227 1266 437 1332 dixero,
465 1281 658 1322 vereor
713 1281 782 1321 ne
812 1265 952 1320 forte
1000 1281 1187 1320 rursus
1218 1265 1632 1335 increpationem
1677 1264 1822 1319 exci-

229 1357 391 1425 piam.
423 1355 650 1410 Mediam
682 1357 860 1426 itaque
888 1356 1028 1410 viam
1057 1356 1248 1423 tenuit,
1277 1364 1333 1410 et
1355 1355 1446 1425 qui
1473 1356 1668 1424 ubique
1699 1369 1823 1424 pro-

230 1446 447 1501 siliebat
471 1456 597 1501 ante
617 1457 867 1513 cmteros,
899 1457 1009 1502 tum
1049 1447 1240 1502 fiducia
1267 1446 1488 1502 Joannis
1510 1445 1816 1515 indigebat,

229 1546 288 1591 ut
313 1537 386 1604 id,
415 1538 482 1592 de
502 1553 610 1608 quo
639 1539 916 1610 agebatur,
950 1548 1319 1610 cognosceret.
1349 1539 1489 1594 Nihil
1511 1539 1652 1594 enim
1673 1537 1819 1594 aliud

225 1629 486 1698 spirabat,
516 1639 568 1684 et
615 1630 667 1684 in
705 1630 884 1685 animo
923 1639 1180 1701 perpetuo
1223 1630 1488 1696 habebat,
1522 1645 1678 1700 quam
1709 1644 1820 1683 ma-

225 1721 455 1790 gistrum
507 1730 738 1776 tantum.
805 1721 1096 1793 PrOpterea
1149 1737 1392 1777 carceres
1437 1731 1492 1776 et
1541 1722 1819 1775 innumera

227 1809 423 1865 deinde
452 1813 640 1884 mortis
685 1828 882 1883 genera
932 1813 1145 1868 subibat
1196 1813 1492 1878 audacter,
1545 1822 1820 1883 totamque

225 1901 391 1955 vitam
421 1912 742 1972 praesentem
782 1904 1087 1973 spernebat.
1136 1905 1365 1973 Pr0pter
1420 1905 1568 1958 illum
1616 1915 1816 1958 etcum

228 1991 548 2048 verberibus
577 2009 749 2049 casus
783 2004 945 2061 esset,
976 2005 1030 2050 et
1063 2004 1270 2066 tergum
1299 1996 1524 2051 haberet
1559 1996 1820 2052 vibicibus

223 2097 534 2152 exaratum,
563 2087 640 2141 sic
669 2102 763 2142 eos
792 2103 821 2141 a
849 2087 1039 2157 quibus
1063 2102 1234 2142 cmsus
1271 2087 1586 2143 verberibus
1613 2087 1816 2156 fuerat,

227 2175 600 2245 alloquebatur
625 2195 638 2231 :
667 2177 786 2231 Non
813 2195 1080 2246 possumus
1111 2195 1202 2232 nos
1221 2194 1335 2250 qua:
1356 2179 1571 2234 vidimus
1594 2189 1640 2233 et
1664 2179 1819 2233 audi-

223 2267 390 2320 vimus
415 2283 516 2320 non
539 2267 674 2338 loqui
703 2267 721 2340 (
747 2269 861 2322 Act.
889 2270 943 2324 4.
974 2268 1099 2339 20).
1133 2268 1298 2324 Vides
1345 2269 1662 2324 indomitum
1697 2271 1818 2324 ani-

222 2373 373 2412 mum
398 2358 421 2410 ?
445 2357 596 2412 vides
633 2359 879 2414 fiduciam
918 2360 1216 2414 invictam?
1256 2361 1405 2416 vides
1444 2363 1676 2416 animam
1705 2375 1817 2415 ca:-

224 2448 345 2503 lesti
397 2449 663 2506 desiderio
711 2462 766 2507 et
816 2468 998 2508 amore
1047 2453 1481 2508 redundantem?
1539 2454 1818 2521 Quomodo

222 2555 356 2609 ergo
397 2540 576 2596 dicere
628 2543 795 2598 audes
842 2544 988 2598 illum
1020 2585 1033 2610 ,
1075 2545 1215 2614 quod
1253 2553 1516 2599 metueret
1558 2561 1652 2600 eos
1678 2587 1692 2610 ,
1725 2545 1814 2613 qui

217 2645 290 2684 ex
319 2631 728 2685 circumcisione
745 2643 919 2698 erant,
939 2649 998 2688 se
1029 2635 1375 2701 subtraxisse,
1393 2650 1455 2688 ac
1483 2635 1815 2704 segregassc?

219 2720 386 2775 Multa
416 2736 627 2791 quoque
651 2724 754 2777 alia
785 2725 854 2780 de
892 2726 1052 2781 Petro
1082 2725 1184 2780 dici
1221 2735 1484 2795 poterant,
1509 2743 1626 2796 qua:
1647 2727 1815 2795 ipsius

220 2811 516 2880 ardorem,
547 2813 937 2883 fortitudinem,
973 2832 1213 2872 amorem
1240 2858 1254 2881 ,
1289 2833 1446 2887 quem
1489 2817 1718 2873 habebat
1762 2817 1813 2872 in

218 2902 494 2958 Christum
520 2946 534 2970 ,
566 2908 913 2962 ostenderent
956 2908 1092 2963 :sed
1138 2923 1203 2962 ne
1249 2909 1459 2977 longius
1510 2923 1812 2964 sermonem

219 3006 280 3051 et
332 2997 636 3066 importune
679 3001 1036 3070 producamus
1063 3044 1079 3068 ,
1125 3002 1390 3056 sufficient
1441 3018 1501 3056 ea
1531 3019 1649 3072 quae
1675 3003 1814 3058 dicta

217 3098 374 3143 sunt.
398 3089 582 3160 Neque
612 3093 756 3146 enim
785 3093 851 3148 de
876 3093 1120 3148 laudibus
1140 3094 1257 3163 ejus
1287 3096 1584 3149 orationem
1611 3094 1814 3150 habere

219 3181 382 3236 nobis
443 3185 777 3251 propositum
830 3193 951 3250 est,
1011 3185 1104 3240 sed
1158 3186 1507 3256 quaestionem
1557 3187 1806 3253 solvere,

215 3287 344 3342 quae
384 3289 443 3328 se
472 3274 753 3330 videbatur
779 3276 998 3341 oll'erre,
1028 3287 1190 3349 atque
1215 3278 1280 3332 ad
1311 3279 1470 3333 linem
1499 3280 1809 3349 perducere.

297 3365 350 3419 7.
391 3365 472 3420 Tu
505 3382 638 3421 vero
675 3368 892 3424 aliunde
923 3385 1134 3440 quoque
1174 3371 1473 3439 perpende,
1529 3387 1685 3440 quam
1721 3387 1814 3438 pa-

214 3472 343 3514 rum
397 3458 687 3528 probabilis
712 3462 781 3514 sit
824 3465 1113 3516 accusatio.
1151 3462 1280 3516 Nam
1319 3471 1428 3516 tum
1463 3462 1692 3530 quidem
1713 3463 1813 3516 sub

215 3550 397 3618 ipsum
429 3549 765 3618 principium,
785 3551 997 3620 quando
1014 3551 1243 3617 dicebat,
1268 3551 1418 3605 Hum:
1437 3551 1639 3618 Jesum,
1666 3569 1812 3622 quem

214 3655 310 3694 vos
337 3641 681 3709 crucifixistis,
718 3642 973 3696 suscitavit
998 3642 1152 3708 Deus,
1184 3643 1364 3698 solutis
1389 3643 1645 3698 doloribus
1669 3660 1812 3696 mor-

214 3733 285 3785 tis
329 3732 464 3801 (Act.
495 3732 685 3799 2.24),
729 3743 840 3787 tum
895 3735 1034 3789 inter
1065 3734 1308 3789 inimicos
1332 3744 1466 3800 erat,
1509 3736 1685 3790 adhuc
1708 3751 1814 3790 ete-

211 3822 344 3877 dem
373 3823 703 3886 anhelantes,
752 3825 924 3879 adhuc
974 3826 1050 3879 ira
1082 3825 1370 3890 ferventes,
1411 3826 1587 3881 adhuc
1639 3827 1810 3882 disci-

216 3914 379 3984 pulos
403 3915 652 3969 -volentes
701 3915 1028 3984 discerpere.
1059 3915 1283 3986 Vigebat
1325 3917 1466 3971 enim
1493 3918 1672 3972 adhuc
1701 3919 1811 3973 illo-

212 4019 340 4060 rum
370 4007 718 4075 perturbatio,
750 4016 805 4061 et
823 4023 975 4062 mens
1012 4008 1090 4062 ira
1130 4008 1385 4063 tumebat.
1415 4007 1575 4064 Nunc
1605 4019 1807 4076 autem,

213 4113 342 4153 cum
400 4097 598 4152 Paulus
629 4099 732 4153 ista
787 4099 1063 4164 scriberet,
1104 4099 1345 4155 decimus
1389 4101 1648 4170 septimus
1685 4117 1811 4172 age-

162 4187 171 4196 '
213 4186 378 4241 batur
431 4202 625 4252 annus,
655 4203 727 4242 ex
759 4203 865 4254 quo
899 4198 1136 4258 coeperat
1157 4191 1488 4260 evangelium
1513 4192 1807 4259 pra-dicari.

211 4277 354 4332 Cum
403 4279 546 4332 enim
600 4279 846 4346 dixisset,
897 4279 1024 4334 Post
1060 4297 1220 4335 annos
1250 4290 1348 4335 tres
1375 4282 1578 4336 ascendi
1602 4281 1812 4336 Jeroso

215 4369 410 4440 lgmam
439 4368 578 4439 (Gal.
606 4372 659 4424 1.
685 4371 795 4440 i8),
821 4372 898 4425 ait
921 4387 1127 4438 rursus,
1152 4371 1279 4426 Post
1313 4389 1472 4427 annos
1498 4375 1811 4444 quatuorde-a

212 4465 316 4517 cim
340 4463 544 4518 ostendi
570 4463 941 4534 Jerosolymam
970 4463 1183 4534 (Gal.2.
1220 4467 1296 4534 l).
1326 4465 1425 4532 Qui
1453 4481 1578 4536 ergo
1603 4469 1653 4520 in
1672 4481 1808 4536 prae-

213 4553 502 4609 dicationis
563 4554 798 4610 exordiis
849 4570 954 4608 non
1010 4554 1204 4621 timuit,
1254 4571 1393 4610 nunc
1437 4564 1556 4624 post
1602 4564 1804 4610 tantum

212 4647 458 4716 elapsum
502 4655 710 4715 tempus
745 4646 931 4701 timet?
979 4646 1069 4716 qui
1098 4661 1202 4700 non
1247 4645 1806 4716 metueratlerosoly-

213 4739 341 4802 mis,
384 4737 680 4793 Antiochiae
718 4739 1025 4793 metuebat?
1066 4737 1301 4807 quicum
1332 4737 1400 4792 ab
1438 4737 1679 4792 hostibus
1698 4739 1808 4792 cir-

213 4844 524 4887 cumsessus
572 4839 736 4896 esset,
770 4837 880 4884 tum
921 4846 1027 4884 non
1080 4837 1162 4883 est
1214 4829 1467 4892 territus;
1504 4842 1644 4882 nunc
1683 4842 1804 4883 cum

215 4939 322 4979 nec
363 4923 458 4977 ulli
526 4921 708 4977 hostes
759 4922 1001 4987 adsunt,
1057 4920 1150 4976 scd
1190 4919 1372 4975 fideles
1431 4933 1494 4972 ac
1538 4919 1802 4989 discipuli,

215 5023 368 5069 metu
426 5015 639 5084 angitur
679 5023 736 5068 et
779 5013 1126 5080 reformidat,
1197 5027 1298 5067 nec
1342 5021 1487 5066 recte
1539 5011 1808 5066 ambulat?

191 5104 351 5172 Quis
390 5103 494 5158 hoc
536 5103 732 5159 rationi
751 5114 1168 5158 consentaneum
1192 5105 1494 5169 arbitretur,
1525 5102 1657 5157 dum
1681 5119 1803 5158 suc-

219 5194 472 5249 cenditur
517 5208 703 5265 rogus,
751 5195 887 5248 etin
935 5195 1100 5247 altum
1148 5196 1404 5265 exsurgit,
1462 5195 1712 5250 audacter
1752 5197 1803 5251 in

217 5300 340 5340 eum
361 5301 600 5356 pergere,
617 5286 935 5341 exstinctum
953 5301 1018 5338 an
1027 5295 1129 5339 tem
1147 5295 1201 5339 et
1218 5287 1487 5340 redactum
1507 5287 1556 5339 in
1571 5287 1804 5340 cinerem

217 5374 569 5432 reformidare
606 5386 662 5431 et
725 5377 1172 5432 contremiscerc?
1225 5377 1281 5432 Si
1333 5378 1550 5434 timidus
1619 5378 1805 5434 fuisset

217 5475 274 5522 et
301 5467 522 5524 minime
572 5479 821 5522 Strenuus
868 5468 1079 5535 Petrus,
1109 5467 1258 5522 initio
1307 5470 1722 5538 praedicationis,
1750 5472 1801 5526 in

218 5561 503 5630 metr0poli
535 5560 860 5628 Judteorum,
912 5563 1000 5618 ubi
1044 5563 1227 5618 hostes
1256 5574 1409 5619 erant
1435 5581 1642 5632 omnes,
1677 5575 1804 5622 tunc

216 5649 640 5719 reformidasset,
669 5668 774 5709 non
813 5661 937 5726 post
965 5661 1166 5708 tantum
1195 5664 1401 5725 tempus
1422 5656 1473 5710 in
1501 5659 1632 5714 urbe
1652 5659 1806 5714 Chri-

218 5743 563 5813 stianissima,
589 5761 764 5818 neque
787 5746 1138 5818 praesentibus
1149 5746 1336 5804 amicis
1361 5759 1414 5808 et
1430 5751 1793 5813 familiaribus.

1306 318 1378 376 IN
1412 317 1645 382 ILLUD,
1685 322 1754 378 IN
2092 315 2160 372 El
2197 311 2496 370 RESTITL

3412 331 3506 382 578

1931 435 2114 507 Itaque
2166 453 2266 494 nec
2295 448 2524 509 tempus,
2565 453 2666 495 nec
2699 438 2868 507 locus,
2911 454 3087 511 neque
3133 439 3368 495 conditio
3395 456 3521 510 per-

1928 545 2179 585 sonarum
2254 548 2352 587 nos
2413 534 2484 587 ita
2545 533 2722 589 verbis
2769 533 2874 588 illis
2921 532 3082 588 linem
3133 535 3256 589 sivit
3295 534 3519 600 habere,

1930 629 1988 675 ut
2029 621 2227 677 dictum
2257 632 2360 690 est,
2391 632 2444 678 et
2465 624 2680 678 Petrum
2711 623 2918 678 timoris
2943 638 3216 678 accusare.
3239 622 3523 679 Laudastis

1927 729 2047 784 qua:
2086 714 2225 768 dicta
2269 715 2429 769 sunt?
2472 715 2630 784 Atqui
2679 715 2901 769 Paulum
2945 714 3092 768 initio
3133 713 3518 782 mirabamini,

1927 803 2154 874 ejusque
2203 804 2449 859 fiduciam
2501 805 2961 874 obstupescehatis
2995 812 3088 858 :at
3137 819 3264 860 ecce
3303 819 3526 859 accusa-

1929 898 2127 951 tionem
2176 898 2394 952 invertit
2440 898 2630 952 oratio.
2681 898 2784 952 Sed
2830 907 2886 951 ut
2932 897 3082 951 initio
3112 897 3353 951 dicebam
3391 895 3522 952 nihil

1928 987 2059 1040 mihi
2112 987 2387 1056 prodesse,
2417 989 2461 1042 si
2494 988 2663 1043 Paulo
2703 998 2846 1044 recte
2871 987 3120 1052 faciente,
3148 988 3364 1042 Petrum
3392 1003 3522 1042 con-

1925 1088 2028 1134 stet
2063 1096 2167 1133 non
2224 1089 2368 1134 recte
2394 1079 2587 1135 fecisse
2613 1079 2826 1150 (manet
2851 1081 2992 1134 enim
3015 1080 3242 1145 crimen,
3269 1088 3324 1134 et
3350 1078 3522 1149 pudor

1927 1173 1978 1226 in
2017 1188 2114 1227 nos
2157 1172 2444 1237 redundat,
2475 1174 2587 1226 sive
2614 1172 2699 1226 hic
2739 1173 2857 1226 sive
2904 1171 2994 1226 ille
3027 1171 3415 1241 ,lieccaverit):
3448 1171 3520 1224 ita

1927 1280 2065 1319 nunc
2093 1265 2250 1319 etiam
2295 1264 2434 1319 idem
2475 1279 2662 1319 rursus
2705 1263 2847 1329 dico,
2879 1263 3010 1316 nihil
3055 1262 3182 1316 mihi
3231 1262 3517 1332 prodesse,

1925 1357 1969 1412 si
2012 1358 2402 1413 accusationem
2442 1373 2473 1411 a
2503 1372 2562 1412 se
2583 1357 2870 1412 amoliente
2896 1357 3081 1422 Petro,
3107 1355 3332 1410 Paulum
3357 1370 3522 1424 appa-

1925 1459 2041 1504 reat
2092 1450 2346 1504 audacter
2399 1459 2454 1504 et
2509 1449 2900 1504 inconsiderate
2936 1447 3304 1518 eoapostolum
3357 1461 3520 1500 accu-

1925 1556 2094 1596 sasse.
2129 1543 2240 1612 Age
2262 1543 2588 1613 igiturhunc
2619 1543 2779 1598 etiam
2803 1542 3028 1597 crimine
3049 1542 3359 1596 liberemus.
3379 1541 3519 1609 Quid

1925 1633 2099 1700 ergo?
2133 1631 2277 1686 Talis
2323 1632 2538 1702 quidem
2590 1642 2708 1688 erat
2740 1633 2952 1699 Petrus,
2999 1631 3197 1686 Paulus
3240 1646 3370 1686 vero
3399 1631 3520 1686 talis

1924 1736 2031 1776 non
2076 1722 2224 1776 erat?
2251 1723 2317 1776 Et
2342 1723 2466 1792 quid
2489 1723 2656 1778 Paulo
2682 1723 2977 1786 ardentius,
3007 1723 3096 1792 qui
3129 1731 3345 1792 propter
3359 1721 3521 1776 Chri-

1923 1823 2065 1869 stum
2111 1815 2347 1881 quotidie
2395 1815 2757 1870 moriebatnr?
2785 1815 3166 1869 Verumtamen
3200 1829 3316 1868 .non
3345 1815 3521 1884 agitur

1923 1920 2067 1961 nunc
2116 1907 2256 1976 apud
2301 1920 2398 1960 nos
2427 1905 2496 1961 de
2525 1905 2854 1970 fortitudine,
2889 1903 3056 1978 (quid
3085 1905 3226 1959 enim
3263 1905 3367 1958 hoc
3397 1903 3522 1958 facit

1923 1996 1988 2051 ad
2013 1995 2415 2068 propositum?)
2445 1996 2538 2051 sed
2569 2012 2694 2050 num
2712 1996 2848 2051 .odio
2873 1995 3122 2065 quopiam
3156 2008 3521 2064 gprosequere-

1925 2095 2012 2141 tur
2037 2087 2360 2156 apostolum,
2393 2086 2473 2141 vel
2507 2103 2632 2141 num
2677 2101 2830 2140 vana:
2862 2086 3050 2156 gloria:
3075 2100 3235 2139 causa
3280 2085 3362 2137 vel
3389 2098 3522 2138 con-

1924 2178 2180 2232 tentionis
2213 2190 2356 2232 esset
2379 2177 2466 2231 illa
2494 2193 2679 2247 pugna
2712 2185 2918 2231 exorta.
2947 2174 3053 2232 Sed
3079 2190 3149 2229 ne
3176 2176 3278 2230 hoc
3299 2174 3515 2244 quidem

1921 2270 2024 2324 dici
2043 2269 2426 2340 potest;absit.
2455 2268 2571 2324 Non
2599 2269 2743 2324 enim
2773 2269 2918 2323 Petri
2965 2268 3515 2322 sanctorumillormn

1924 2361 2178 2430 principis
2203 2361 2400 2428 solum,
2429 2360 2526 2418 sed
2574 2369 2627 2414 et
2665 2361 2905 2415 omnium
2959 2359 3012 2414 in
3043 2360 3348 2414 universum
3381 2371 3520 2426 apo-

1921 2452 2180 2506 stolorum
2207 2468 2394 2508 servus
2423 2461 2538 2508 erat
2569 2451 2791 2518 Paulus,
2837 2451 2996 2521 idque
3043 2465 3164 2504 cum
3208 2464 3514 2504 omnesex-

1919 2542 2188 2598 antlandis
2239 2543 2511 2598 laboribus
2561 2549 2858 2611 superaret,
2913 2547 3149 2594 attamen
3191 2538 3429 2593 omnium
3456 2552 3516 2592 se

1921 2635 2168 2695 ultimum
2215 2636 2513 2706 reputabat.
2547 2633 2658 2704 Ego
2698 2635 2854 2697 enim,
2884 2632 3084 2701 inquit,
3114 2648 3230 2684 sum
3275 2630 3516 2683 minimus

1920 2727 2390 2796 apostolorum,qui
2412 2743 2636 2781 nonsum
2653 2727 2834 2796 dignus
2855 2724 3023 2778 vocari
3045 2721 3304 2792 apostolus
3322 2722 3370 2790 (.l
3391 2719 3509 2775 Car.

1925 2819 2009 2872 15.
2039 2818 2138 2890 9):
2172 2836 2276 2873 non
2325 2819 2496 2874 Solum
2552 2827 2728 2872 autem
2751 2816 3138 2886 apostolorum,
3175 2814 3269 2869 sed
3297 2823 3351 2868 et
3385 2828 3516 2867 san-

1917 2923 2126 2967 ctorum
2152 2913 2310 2981 plane
2339 2911 2619 2966 omnium.
2668 2910 2797 2964 Mihi
2826 2909 2966 2965 enim
2993 2947 3008 2972 ,
3032 2907 3238 2978 inquit,
3281 2907 3508 2960 omnium

1916 3014 2209 3059 sanctorum
2235 3005 2444 3057 minimo
2484 3003 2606 3056 data
2643 3013 2717 3057 est
2757 3004 2865 3056 Itan:
2904 3001 3069 3071 gratia
3104 2999 3320 3068 (Ep/tes.
3348 2999 3400 3052 5.
3424 2996 3512 3065 8).

1990 3096 2044 3151 8.
2086 3095 2246 3150 Vides
2287 3096 2518 3148 animam
2558 3093 2847 3148 humilem?
2882 3091 3029 3144 vides
3076 3097 3136 3143 ut
3175 3103 3234 3141 se
3273 3088 3511 3141 omnium

1920 3199 2222 3243 sanctorum
2254 3187 2490 3241 infimum
2518 3195 2735 3247 statuat,
2757 3199 2863 3239 non
2892 3182 3251 3254 apostolorum
3279 3177 3511 3234 tantum?

1919 3279 2089 3334 Porro
2135 3281 2226 3347 qui
2267 3278 2345 3332 sic
2396 3291 2522 3347 erga
2547 3290 2733 3332 omnes
2775 3273 2996 3328 allectus
3026 3280 3172 3334 erat,
3211 3270 3417 3324 sciebat
3457 3277 3513 3325 et

1917 3379 2111 3438 quanta
2134 3367 2355 3422 honoris
2383 3364 2910 3436 prmrogativaPetro
2936 3362 3241 3423 deberetur,
3277 3374 3509 3429 eumque

1917 3476 2027 3531 prae
2045 3458 2264 3514 cazteris
2289 3456 2537 3511 omnibus
2565 3455 2774 3510 colebat
2798 3452 3124 3517 hominibus,
3149 3460 3203 3505 et
3227 3459 3288 3504 ut
3317 3450 3508 3519 dignus

1916 3558 2067 3616 erat,
2116 3549 2186 3602 ita
2233 3563 2359 3618 erga
2404 3547 2553 3602 illum
2591 3545 2813 3601 affectus
2838 3552 2973 3600 erat.
3020 3544 3194 3613 Atque
3239 3541 3339 3596 hoc
3385 3540 3508 3596 inde

1915 3650 2146 3696 constat.
2199 3638 2254 3693 In
2300 3639 2448 3692 illum
2508 3637 2669 3690 totius
2695 3635 2840 3690 orbis
2881 3643 3146 3688 terrarum
3177 3632 3314 3686 oculi
3356 3639 3509 3686 erant

1915 3731 2158 3788 conversi
2181 3774 2194 3795 ,
2229 3731 2591 3786 Ecclesiarum
2637 3727 2899 3781 universae
2930 3734 3086 3779 terra:
3115 3739 3240 3777 cura
3271 3723 3339 3776 ab
3364 3722 3508 3776 illius

1915 3827 2090 3881 anima
2135 3823 2416 3894 pendebat,
2459 3820 2526 3876 de
2578 3819 2737 3875 rebus
2771 3817 3064 3872 innumeris
3093 3814 3328 3886 quotidie
3357 3813 3509 3868 solli-

1914 3927 2052 3972 cuus
2082 3924 2216 3982 erat,
2243 3914 2478 3983 undique
2505 3911 2650 3965 illum
2681 3907 3133 3964 circumsidebant
3172 3905 3507 3976 procuratio-

1914 4024 2032 4076 nes,
2047 4009 2398 4079 praefecturae,
2417 4004 2794 4066 correctiones,
2813 4000 3054 4066 consilia,
3077 3998 3504 4064 cohortationes,

1912 4102 2193 4167 doctrinm,
2224 4099 2367 4154 mille
2388 4097 2722 4168 negotiorum
2748 4093 3119 4164 expeditiones
3149 4102 3239 4146 :ct
3259 4091 3505 4145 omnibus

1914 4196 2016 4250 illis
2042 4193 2256 4249 omissis
2275 4191 2663 4262 Jerosolymam
2713 4186 3057 4254 secontulit,
3086 4199 3187 4240 nec
3220 4185 3358 4239 illius
3381 4199 3506 4237 sus-

1913 4286 2050 4355 cepti
2097 4283 2445 4339 itinerisalia
2480 4282 2578 4336 fuit
2615 4281 2827 4335 occasio
2870 4278 2973 4332 ulla
2999 4319 3015 4344 ,
3052 4276 3151 4331 nisi
3175 4282 3235 4330 ut
3284 4274 3503 4329 Petrum

1913 4380 2141 4444 videret,
2191 4379 2327 4432 sicut
2375 4376 2450 4431 ait
2497 4375 2609 4445 ipse
2637 4391 2651 4427 :
2676 4373 2891 4428 Ascendi
2933 4369 3306 4439 Jerosolymam
3337 4365 3507 4419 videre

1918 4470 2127 4524 Petrum
2154 4467 2298 4537 (Gal.
2321 4469 2370 4521 l.
2402 4463 2515 4538 18),
2541 4465 2619 4520 sic
2641 4464 2812 4533 ipsum
2840 4460 3156 4524 honorabat,
3180 4467 3233 4513 et
3257 4455 3505 4512 omnibus

1912 4560 2246 4630 prmferebat.
2295 4557 2430 4625 Quid
2460 4573 2588 4626 ergo
2637 4556 2806 4611 icum
2835 4553 3011 4622 ipsum
3035 4550 3278 4615 vidisset,
3309 4547 3496 4604 confe-

1912 4653 2037 4706 stim
2069 4651 2294 4706 recessit
2329 4649 2352 4702 ?
2382 4648 2722 4717 Nequaquam
2755 4664 2770 4700 :
2803 4644 2897 4700 sed
2919 4642 3058 4713 apud
3100 4641 3272 4713 ipsum
3311 4640 3502 4696 diebus

1911 4741 2214 4814 quindecim
2238 4741 2453 4795 mansit.
2474 4738 2531 4794 Si
2559 4753 2716 4808 quem
2739 4737 2899 4807 igitur
2927 4735 3236 4805 magistrum
3267 4733 3500 4788 militum

1910 4835 2113 4898 videas,
2145 4833 2250 4898 dic,
2289 4832 2473 4896 sodes,
2521 4845 2841 4902 generosum
2875 4835 2928 4883 et
2967 4827 3243 4891 eximium,
3296 4826 3500 4881 indicto

1907 4928 2016 4999 jam
2060 4927 2224 4992 bello,
2280 4926 2507 4979 militum
2548 4923 2663 4978 acie
2698 4923 2806 4991 jam
2860 4920 3138 4991 disposita,
3172 4920 3279 4990 jam
3324 4934 3498 4989 pugna

1911 5020 2218 5081 commissa,
2274 5033 2393 5073 cum
2434 5018 2709 5071 innumera
2766 5014 2912 5067 illum
2959 5021 3213 5067 vocarent
3261 5015 3498 5082 negotia,

1911 5111 2095 5166 relicta
2122 5109 2238 5164 acie
2263 5108 2328 5162 ad
2355 5107 2681 5162 visitandum
2715 5104 3016 5176 quempiam
3040 5105 3278 5158 amicum
3312 5118 3369 5156 se
3398 5103 3502 5156 alio

1911 5200 2178 5266 conferre,
2212 5215 2336 5253 num
2364 5213 2524 5268 quam
2548 5197 2708 5251 aliam
2747 5196 3030 5266 majorem,
3059 5209 3256 5264 qumso,
3277 5193 3504 5247 demon-

1911 5293 2224 5350 strationem
2259 5306 2529 5362 quzereres
2574 5293 2744 5361 ipsius
2770 5305 2893 5361 erga
2927 5290 3194 5343 hominem
3227 5287 3370 5341 illum
3401 5287 3498 5341 be-

1911 5385 2262 5442 nevolentiae?
2283 5385 2396 5440 Non
2426 5385 2671 5455 equidem
2729 5383 2974 5437 arbitror.
3002 5380 3112 5434 lloc
3153 5380 3308 5449 igitur
3333 5387 3386 5432 et
3431 5379 3498 5433 de

1911 5477 2074 5533 Paulo
2121 5477 2382 5547 Pctroquc
2403 5478 2666 5532 existima.
2710 5473 2986 5543 Siquidem
3017 5471 3106 5525 hic
3149 5486 3362 5539 quoque
3381 5471 3493 5524 bel-

1909 5571 2020 5626 lum
2049 5585 2210 5641 grave
2237 5567 2520 5624 crmatum
2551 5577 2686 5631 erat,
2712 5575 2766 5620 et
2792 5567 2934 5621 acies
2968 5575 3021 5619 et
3047 5578 3221 5634 pugna
3252 5572 3364 5616 erat
3387 5577 3494 5616 non

1910 5661 2166 5717 adversus
2190 5659 2432 5714 homines
2454 5667 2680 5723 tantum,
2711 5656 2803 5712 scd
2835 5664 2892 5712 et
2919 5654 3174 5710 adversus
3202 5653 3492 5723 principes,

1915 5759 2174 5816 adversus
2203 5764 2519 5826 potestates,
2561 5754 2820 5811 adversus
2859 5753 3042 5811 mundi
3084 5761 3321 5809 rectores
3339 5757 3490 5802 tene-
