4062 6432
557 317 661 376 579

559 439 783 492 brarum
813 431 1000 491 saeculi
1026 430 1190 500 hujus
1215 429 1374 500 (Eph.
1397 429 1451 486 6.
1476 428 1588 497 12),
1610 426 1746 484 etde
1769 425 1946 481 salute
1962 421 2141 477 homi-

560 543 692 584 num
721 542 931 598 pugna:
950 524 1031 580 sic
1053 532 1232 578 tamen
1266 519 1487 576 Petrum
1519 519 1894 583 reverebatur,
1920 524 1981 570 ut
2011 528 2139 569 cum

548 631 694 677 tanta
731 621 1049 686 immineret,
1091 625 1408 687 urgeretque
1430 610 1747 675 necessitas,
1775 607 1843 663 ad
1875 606 2023 660 illum
2051 619 2142 660 ex-

548 722 788 768 curreret
812 711 1220 782 Jerosolymam,
1261 717 1317 763 et
1347 721 1470 761 cum
1517 701 1655 773 apud
1680 716 1803 757 eum
1836 695 2140 770 quindecim

546 803 660 859 dies
685 802 989 866 mansisset,
1023 811 1133 855 tum
1161 799 1376 854 demum
1406 794 1626 850 rediret.
1649 788 1985 862 Cognovistis
2030 787 2145 841 for-

555 893 839 948 titudinem
872 891 1036 958 Petri,
1067 888 1332 947 didicistis
1355 887 1663 942 comitatem
1693 881 1836 937 Pauli
1863 893 1990 950 erga
2021 891 2167 932 omo.

546 1001 640 1040 nes
670 985 966 1056 apostolos,
998 999 1121 1054 erga
1148 981 1320 1052 ipsum
1369 979 1582 1034 Petrum
1617 993 1632 1029 :
1673 975 1784 1045 jam
1813 985 2034 1028 necesse
2061 977 2145 1024 est

541 1075 608 1130 ad
645 1077 816 1146 ipsam
859 1075 1170 1146 quaestionis
1204 1071 1524 1127 solutionem
1573 1067 1870 1121 veniamus.
1896 1062 1954 1118 Si
2000 1061 2144 1117 enim

543 1178 597 1220 et
624 1167 712 1222 hic
733 1166 948 1222 Petrum
979 1164 1213 1231 amabat,
1244 1172 1297 1218 et
1321 1162 1412 1217 ille
1432 1158 1646 1216 timidus
1671 1165 1762 1211 aut
1789 1169 1976 1227 parum
2001 1162 2144 1208 stre-

553 1275 692 1316 nuus
733 1276 840 1314 non
876 1268 1010 1324 erat,
1052 1267 1108 1314 et
1151 1255 1422 1313 contentio
1451 1268 1514 1309 ac
1555 1249 1906 1307 contradictio
1941 1247 2028 1301 illa
2079 1260 2146 1300 ex

554 1353 733 1407 animo
760 1361 1006 1422 suscepta
1027 1365 1134 1405 non
1162 1359 1298 1415 erat,
1328 1347 1453 1418 quid
1478 1345 1578 1401 sibi
1609 1344 1720 1398 vult
1741 1344 1839 1398 ista
1871 1338 2146 1395 narratio?

554 1455 644 1499 aut
681 1461 785 1516 qua
825 1444 892 1500 de
919 1459 1081 1499 causa
1104 1441 1221 1496 haec
1244 1438 1569 1511 dispensatio
1598 1435 1793 1492 fiebat?

569 1537 572 1540 ’
627 1536 680 1590 9.
723 1536 834 1590 Hoc
865 1536 984 1591 loco
1013 1533 1296 1598 advertite,
1341 1531 1654 1599 animosque
1699 1533 1908 1582 vestros
1937 1521 2144 1592 erigite,

555 1644 621 1685 ac
670 1630 952 1700 diligenter
999 1627 1294 1694 attendite,
1330 1635 1388 1681 ut
1416 1621 1753 1679 manifestam
1783 1617 2147 1674 defensionem

559 1723 885 1793 intelligatis.
936 1721 1144 1791 Quippe
1186 1719 1476 1776 absurdum
1508 1723 1652 1771 esset
1690 1729 1777 1768 me
1816 1712 1906 1783 qui
1951 1719 2148 1765 terram

557 1814 773 1880 cﬂ'odio,
826 1823 1028 1868 tantum
1070 1813 1308 1868 laborem
1359 1809 1664 1872 exantlare,
1707 1819 1802 1860 vos
1833 1811 2033 1868 autem,
2059 1799 2150 1870 qui

559 1905 710 1961 nullo
757 1905 969 1975 negotio
999 1903 1159 1960 vxuri
1201 1903 1330 1958 estis
1381 1916 1592 1965 aurum,
1635 1913 1745 1968 pra:
1787 1895 1948 1952 nimia
1979 1908 2152 1949 socor-

561 1997 650 2052 dia
672 2005 876 2052 tantum
905 1997 1112 2052 lucrum
1135 1994 1561 2066 praetermittere.
1589 1991 1822 2046 Necesse
1840 1995 1923 2042 est
1949 1994 2148 2051 autem,

566 2095 623 2143 ut
657 2088 916 2144 orationis
945 2087 1152 2142 initium
1181 2085 1342 2140 altius
1373 2091 1712 2154 repetamus,
1762 2087 1821 2134 ut
1867 2075 2150 2134 clariorem

562 2179 716 2235 vobis
739 2178 1035 2234 doctrinam
1062 2177 1368 2233 reddamus.
1419 2176 1709 2244 Postquam
1737 2171 1878 2228 enim
1905 2171 1959 2224 in
1993 2167 2153 2223 caelos

562 2269 720 2327 Jesus
767 2285 1017 2326 reversus
1063 2278 1180 2335 est,
1213 2269 1423 2339 expleta
1467 2281 1626 2338 quam
1651 2273 1834 2320 nostra
1879 2276 2036 2318 causa
2063 2275 2154 2315 su-

564 2372 810 2432 sceperat
857 2359 1274 2430 dispensatione,
1325 2357 1548 2413 verbum
1593 2356 1851 2411 doctrinae
1876 2353 1988 2410 suis
2023 2351 2154 2407 reli-

563 2453 679 2520 quit
702 2451 980 2522 apostolis,
1013 2458 1072 2505 ut
1107 2451 1182 2504 ait
1231 2449 1443 2514 Paulus,
1481 2447 1546 2502 Et
1577 2447 1742 2519 posuit
1780 2445 1833 2500 in
1865 2445 2010 2499 nobis
2046 2459 2155 2497 ver-

565 2543 680 2596 bum
708 2542 1167 2606 reconciliationis;
1197 2553 1247 2597 et
1281 2557 1487 2610 rursus,
1523 2540 1627 2596 Pro
1673 2539 1873 2596 Christo
1905 2539 2155 2610 legatione

563 2635 848 2707 fungimur,
889 2646 1130 2706 tanquam
1154 2635 1264 2690 Deo
1293 2636 1588 2690 exhortante
1615 2649 1704 2703 per
1735 2647 1827 2686 nos
1850 2631 1925 2702 (2.
1953 2629 2069 2684 Cor.
2096 2629 2148 2684 5.

564 2725 653 2781 19.
681 2725 808 2794 20):
852 2727 956 2782 hoc
991 2737 1094 2794 est,
1125 2727 1243 2782 vice
1284 2726 1505 2782 Christi.
1547 2725 1697 2780 Tunc
1725 2725 1884 2795 igitur
1912 2737 2032 2778 cum
2060 2736 2156 2791 per

563 2818 872 2874 universum
911 2822 1097 2876 orbem
1139 2829 1399 2876 terrarum
1455 2821 1542 2875 isti
1587 2817 1964 2890 praedicabant,
2012 2815 2154 2870 nulla

564 2917 680 2963 erat
709 2908 958 2977 haeresis;
1004 2912 1101 2968 sed
1145 2923 1334 2968 natura
1390 2911 1565 2967 omnis
1629 2909 1860 2964 humana
1907 2907 2015 2961 duo
2060 2905 2158 2960 ha-

565 3000 725 3056 bebat
762 3002 876 3058 haec
917 3003 1185 3074 dogmata,
1226 3020 1390 3059 unum
1417 3013 1620 3060 rectum
1672 3011 1725 3057 et
1763 3015 1975 3067 sanum,
2022 2998 2158 3053 alte-

566 3104 684 3144 rum
705 3101 1013 3162 corruptum
1056 3104 1110 3148 et
1137 3109 1379 3164 pravum.
1412 3095 1518 3148 Aut
1551 3092 1690 3149 enim
1718 3091 1944 3162 gentiles
1970 3103 2156 3144 omnes

566 3190 722 3237 erant
780 3185 926 3239 orbis
956 3186 1165 3251 incolui,
1209 3197 1301 3240 aut
1332 3186 1501 3242 Judaei
1536 3202 1550 3238 :
1586 3200 1761 3255 neque
1807 3182 2152 3249 Manichacus,

566 3289 739 3344 neque
785 3276 1019 3332 Marcion
1046 3319 1060 3342 ,
1101 3294 1278 3350 neque
1323 3279 1635 3334 Valentinus
1661 3318 1676 3342 ,
1710 3292 1809 3332 nec
1857 3276 1992 3330 alius
2019 3275 2157 3329 ullus

566 3367 783 3420 omnino
807 3377 922 3423 erat
951 3385 964 3423 :
996 3370 1122 3440 quid
1148 3370 1290 3426 enim
1311 3371 1501 3425 attinet
1539 3384 1726 3426 omnes
1764 3368 1997 3424 interescs
2021 3383 2156 3422 enu-

566 3458 818 3513 merare?
861 3459 1124 3530 siquidem
1163 3471 1284 3531 post
1331 3462 1566 3516 triticum
1619 3470 1743 3516 tunc
1793 3457 2156 3530 proscminata

566 3555 692 3602 sunt
725 3549 944 3618 zizania,
976 3553 1122 3606 varia
1147 3552 1395 3607 nimirum
1423 3552 1688 3608 hzeresum
1715 3550 2036 3621 corruptela.
2079 3552 2158 3605 Ac

566 3641 782 3697 Judteos
836 3641 1048 3712 quidem
1100 3643 1259 3699 Petro
1280 3644 1584 3711 commisit,
1625 3643 1917 3713 gentilibus
1977 3652 2156 3696 autem

566 3734 787 3791 Paulum
817 3736 1328 3804 prtefecitChristus.
1358 3738 1421 3790 Et
1440 3736 1542 3791 hoc
1568 3751 1597 3792 a
1633 3751 1721 3791 me
1748 3735 1864 3806 ipso
1889 3749 1992 3790 non
2012 3734 2153 3800 dico,

567 3828 660 3882 sed
693 3828 859 3897 ipsius
883 3829 1028 3884 Pauli
1072 3830 1232 3884 verba
1263 3831 1389 3886 licet
1416 3829 1601 3884 audire
1633 3846 1644 3881 :
1680 3828 1781 3893 Qui
1806 3829 1939 3881 enim
1970 3842 2154 3894 opera-

568 3929 648 3974 tus
669 3930 738 3974 est
759 3920 912 3975 Petro
934 3923 985 3976 in
1003 3925 1343 3992 apostolatum
1384 3923 1797 3988 circumcisionis,
1830 3911 2065 3992 operatus
2083 3929 2157 3974 est

568 4021 614 4064 et
644 4011 788 4078 mihi,
814 4013 1004 4083 inquit,
1048 4014 1178 4068 inter
1223 4025 1391 4086 gentes
1418 4012 1560 4083 (Gal.
1578 4013 1633 4067 2.
1661 4013 1717 4082 8)
1749 4031 1761 4066 :
1790 4012 2156 4067 circumcisio-

567 4117 692 4157 nem
724 4102 825 4157 hoc
863 4104 980 4159 loco
1006 4105 1176 4175 ipsam
1224 4108 1491 4161 nationem
1521 4107 1818 4177 appellans.
1859 4103 2009 4159 Unde
2030 4117 2159 4158 vero

567 4191 619 4247 id
648 4194 891 4248 constat?
939 4195 1014 4249 Ex
1055 4211 1120 4251 eo
1148 4199 1289 4266 quod
1327 4197 1558 4252 additur.
1599 4197 1731 4252 Cum
1768 4197 1912 4252 enim
1942 4196 2154 4260 dixerit,

571 4283 672 4352 Qui
719 4295 955 4355 operatus
980 4297 1051 4340 est
1087 4285 1240 4341 Petro
1276 4286 1330 4340 in
1359 4288 1697 4356 apostolatum
1734 4286 2153 4350 circumcisionis,

566 4385 801 4448 aperatus
821 4389 893 4432 est
922 4379 1064 4446 mihi,
1090 4379 1278 4450 inquit,
1305 4381 1435 4433 inter
1451 4389 1637 4450 gentes,
1672 4379 1772 4434 hoc
1802 4381 2052 4434 nimirum
2076 4380 2155 4433 in-

565 4469 782 4540 dicavit,
806 4471 872 4526 ad
893 4471 1288 4528 distinctionem
1315 4473 1553 4544 gentium
1576 4473 2036 4528 circumcisionem
2069 4486 2158 4542 po-

565 4560 722 4615 sitam
752 4577 890 4618 esse.
936 4563 1017 4617 Ad
1062 4564 1455 4620 distinctionem
1497 4580 1624 4619 vero
1647 4566 1884 4635 gentium
1915 4579 2017 4619 non
2048 4565 2154 4619 cir-

566 4655 842 4721 cumcisio,
874 4656 968 4711 sed
995 4656 1164 4713 Judaei
1199 4667 1345 4724 sunt,
1398 4673 1534 4728 quos
1579 4674 1671 4728 per
1697 4659 2155 4713 circumcisionem

567 4747 922 4804 subindicavit
955 4768 968 4804 :
1001 4751 1148 4820 quasi
1179 4751 1402 4818 diceret,
1459 4751 1560 4819 Qui
1587 4761 1839 4822 operatus
1875 4760 1956 4807 est
1995 4752 2156 4806 Petro

569 4836 621 4890 in
647 4841 1000 4906 apostolatum
1029 4842 1358 4909 Judzeorum,
1387 4854 1636 4912 operatus
1657 4852 1738 4899 est
1767 4853 1822 4898 et
1858 4843 1986 4897 mihi
2018 4843 2157 4897 inter

567 4940 770 4998 gentes.
823 4930 892 4986 Ut
918 4934 1061 4987 enim
1103 4951 1198 4990 rex
1235 4937 1482 5005 sapiens,
1514 4938 1601 5007 qui
1649 4936 1872 4991 idoneos
1913 4951 2156 5007 quosque

570 5021 734 5090 probe
760 5023 998 5087 noverit,
1034 5024 1186 5079 alteri
1217 5028 1431 5096 quidem
1466 5029 1516 5082 in
1547 5029 1753 5098 equites
1773 5069 1788 5094 ,
1831 5029 1984 5083 alteri
2027 5042 2156 5082 vero

566 5110 618 5166 in
649 5112 852 5184 pedites
877 5115 1158 5168 committit
1195 5117 1472 5185 imperium
1499 5134 1513 5172 :
1539 5119 1617 5175 sic
1643 5119 1891 5175 nimirum
1919 5129 1973 5174 et
1995 5118 2155 5174 Chri-

566 5217 680 5260 Stus
696 5222 817 5262 cum
837 5207 887 5260 in
901 5203 998 5259 has
1010 5205 1139 5259 duas
1160 5218 1336 5276 partes
1356 5222 1508 5262 suum
1526 5211 1817 5265 exercitum
1856 5211 2150 5278 divisisset,

565 5296 782 5354 Judatos
829 5298 1040 5368 quidem
1070 5298 1246 5365 Petro,
1273 5299 1497 5370 gentiles
1522 5311 1698 5355 autem
1729 5303 1892 5357 Paulo
1929 5304 2157 5358 commi-

565 5392 654 5444 sit.
681 5394 756 5446 Ac
775 5393 896 5446 licet
917 5393 1112 5450 diversi
1129 5395 1236 5450 sint
1254 5393 1540 5455 exercitus.
1559 5393 1674 5449 Rex
1696 5402 1875 5450 tamen
1895 5404 1977 5451 est
1995 5411 2152 5450 unus.

568 5479 637 5535 Ut
683 5482 826 5538 enim
868 5483 973 5538 illic
1016 5485 1303 5541 discrimen
1328 5484 1656 5541 exercituum
1682 5486 1734 5540 in
1765 5501 2032 5541 armorum
2055 5501 2153 5557 ap-

566 5580 775 5635 paratu,
807 5587 912 5626 non
941 5575 992 5628 in
1033 5575 1308 5632 hominum
1353 5586 1541 5632 natura
1566 5579 1845 5634 consistit:
1875 5578 1953 5633 sic
1990 5578 2152 5633 nimi-

570 5671 688 5712 rum
707 5669 760 5713 et
781 5660 866 5716 hic
885 5662 1183 5720 differentia
1227 5669 1279 5722 in
1311 5669 1497 5739 exigua
1517 5670 1745 5739 quadam
1767 5670 1942 5726 carnis
1965 5671 2152 5744 ﬁgura,

572 5757 678 5798 non
705 5762 757 5802 In
787 5750 1094 5810 substantia:
1115 5756 1420 5816 diversitate
1449 5762 1703 5820 cernitur.

1263 311 1323 370 S.
1360 309 1646 368 JOANNIS
1679 301 2177 366 Cl-lRYSOSTOMl
2215 299 2536 360 ARCIIIEP.
2575 299 3113 358 CONSTANTINOP.

3730 296 3824 354 580

2319 419 2404 475 10.
2423 418 2527 474 Cur
2547 421 2814 490 praefectus
2839 419 2990 488 fuerit
3011 415 3207 470 Paulus
3223 413 3513 486 gentilibus,
3535 413 3724 468 Petrus
3737 413 3828 466 Ju-

2243 512 2388 567 dteis.
2405 511 2940 580 —-Quemadmodum
2957 524 3086 580 ergo
3105 508 3367 571 dicebam,
3391 507 3552 562 ambo
3571 517 3730 563 erant
3753 507 3830 563 his

2245 605 2568 659 exercitibus
2604 602 2862 674 prmfecti.
2901 604 2979 657 Ac
3006 601 3107 656 nisi
3148 601 3284 654 forte
3323 601 3582 671 prolixior
3625 600 3833 655 videtur

2245 688 2438 761 oratio,
2467 695 2512 749 si
2541 694 2736 750 defessi
2765 708 2870 748 non
2897 695 3046 758 estis,
3089 693 3312 747 alteram
3351 692 3511 747 etiam
3531 692 3692 747 vobis
3713 707 3837 746 cau-

2245 800 2360 840 sam
2385 784 2650 856 proferam
2670 827 2686 852 ,
2719 785 2788 840 ob
2807 799 2964 856 quam
2994 785 3080 839 isti
3116 783 3310 850 Judaei,
3344 783 3419 838 illi
3449 798 3580 839 vero
3613 784 3840 854 gentiles

2245 886 2372 931 sunt
2397 876 2607 932 crediti.
2631 876 2904 946 Siquidem
2926 875 3223 944 quastione
3246 891 3352 930 non
3369 874 3586 944 indigna
3616 889 3712 930 res
3730 888 3830 939 est,

2247 983 2405 1039 quam
2450 967 2664 1023 tandem
2685 967 2756 1023 ob
2783 982 3019 1034 causam,
3051 963 3139 1037 qui
3169 976 3275 1021 tam
3300 972 3484 1022 exacte
3512 967 3744 1037 patriam
3768 968 3842 1021 le-

2247 1075 2367 1131 gem
2407 1059 2687 1125 didicerat,
2717 1059 2808 1130 qui
2839 1059 2904 1114 ad
2936 1059 3098 1129 pedes
3123 1057 3429 1115 Gamalielis
3476 1058 3572 1113 diu
3611 1057 3838 1124 vixerat,

2246 1151 2339 1222 qui
2383 1149 2676 1206 secundum
2697 1149 2980 1220 justitiam,
3011 1163 3131 1220 quae
3172 1149 3224 1203 in
3257 1148 3370 1218 lege
3413 1157 3530 1214 est,
3571 1148 3694 1203 sine
3718 1155 3842 1218 que-

2249 1244 2361 1300 rela
2405 1253 2752 1299 conversatus
2793 1252 2944 1309 erat,
2987 1258 3092 1297 non
3123 1241 3195 1296 illi
3230 1240 3539 1296 Judaeorum
3583 1255 3720 1295 cura
3747 1240 3842 1295 de-

2250 1339 2551 1407 mandatur,
2582 1339 2676 1395 sed
2693 1339 3002 1410 gentilium;
3031 1337 3278 1406 piscatori
3309 1346 3486 1392 autem
3514 1343 3572 1391 et
3591 1335 3842 1390 illiterate

2251 1431 2446 1497 Petro,
2489 1432 2577 1502 qui
2606 1432 2737 1486 nihil
2769 1431 2874 1486 tale
2903 1438 3142 1496 noverat,
3174 1428 3475 1484 Judteorum
3508 1436 3594 1482 est
3641 1427 3843 1483 credita

2253 1521 2592 1592 pnnfcctura.
2625 1522 2842 1577 Confert
2885 1522 3026 1576 enim
3060 1519 3328 1590 quidpiam
3348 1518 3502 1572 nobis
3537 1518 3604 1572 ad
3623 1518 3839 1573 solutio

2253 1629 2376 1668 nem
2401 1613 2542 1683 quod
2569 1612 2782 1676 dicitur,
2809 1611 2852 1666 si
2894 1621 3040 1666 recte
3073 1609 3208 1666 illud
3237 1609 3502 1678 possimus
3530 1607 3711 1663 eﬂ‘ari.
3739 1607 3843 1662 Ne-

2253 1719 2358 1776 que
2401 1703 2541 1758 enim
2577 1702 2680 1758 hoc
2703 1701 2910 1757 causari
2937 1701 3081 1767 licet,
3108 1714 3231 1754 eum
3255 1714 3376 1754 cum
3404 1707 3751 1754 cunctantem
3785 1711 3847 1752 ac

2253 1796 2644 1850 detrectantem
2690 1793 2913 1848 vidisset
2954 1791 3180 1846 Paulum
3229 1798 3581 1861 cognatorum
3617 1804 3839 1844 suorum

2255 1886 2623 1958 praefecturam
2645 1884 2917 1955 defugere,
2946 1883 3179 1938 noluisse
3196 1882 3270 1936 illi
3294 1883 3399 1936 vim
3417 1880 3621 1945 facere,
3647 1889 3705 1935 et
3725 1895 3846 1935 eum

2255 1995 2466 2051 cogere.
2486 1978 2598 2034 lmo
2614 1992 2740 2034 vero
2757 1976 3080 2033 contrarium
3110 1990 3219 2045 prze
3244 1989 3303 2029 se
3329 1973 3541 2029 tulerat.
3561 1972 3686 2027 Non
3705 1973 3848 2027 enim

2257 2082 2462 2127 tantum
2489 2069 2794 2126 Iudaeorum
2813 2068 3183 2138 praefecturam
3205 2081 3311 2120 non
3341 2064 3564 2134 defugit,
3597 2063 3699 2118 sed
3721 2073 3776 2117 et
3795 2077 3852 2118 se

2256 2157 2460 2228 primus
2489 2153 2720 2219 obtulit,
2752 2160 2806 2208 et
2853 2166 2975 2207 cum
3007 2149 3252 2205 Christus
3305 2149 3624 2219 praeciperet
3673 2156 3736 2200 ut
3785 2145 3850 2199 ad

2255 2259 2442 2321 gentes
2463 2248 2652 2314 abiret,
2683 2246 2797 2315 ipse
2839 2246 2968 2315 petit
2994 2253 3052 2298 ut
3078 2243 3178 2298 sibi
3202 2241 3508 2298 δυόωσι-ωτι
3539 2255 3672 2295 cura
3697 2253 3851 2295 com-

2258 2343 2498 2398 mittatur
2525 2355 2539 2392 :
2567 2348 2623 2394 et
2649 2338 2924 2393 innumera
2951 2350 3072 2391 cum
3119 2334 3187 2389 ab
3219 2333 3297 2388 eis
3326 2333 3467 2386 illata
3491 2331 3634 2386 mala
3663 2329 3851 2401 perlui-

2259 2433 2445 2501 lisset,
2472 2433 2628 2502 eique
2655 2437 2840 2502 gentes
2866 2427 3092 2483 docendi
3124 2424 3393 2496 provincia
3441 2432 3589 2478 esset
3621 2421 3847 2487 credita,
3922 2483 3926 2486 ,

2258 2543 2357 2598 pen
2377 2527 2483 2583 illis
2529 2523 2802 2596 deprecari
2835 2537 2941 2577 non
2970 2531 3177 2586 cessat,
3203 2518 3384 2573 dicens
3424 2531 3568 2571 nunc
3607 2515 3847 2586 quidem,

2263 2616 2515 2688 Optabam
2549 2632 2655 2670 esse
2695 2614 2965 2668 anathema
3006 2626 3098 2682 pro
3153 2607 3392 2678 fratribus
3434 2608 3581 2672 meis,
3620 2605 3851 2676 cognatis

2259 2713 2384 2766 meis
2403 2709 2675 2765 secundum
2696 2722 2897 2760 carnem
2919 2703 3094 2776 (Rom.
3117 2702 3171 2756 9.
3194 2703 3286 2772 3):
3315 2715 3455 2755 nunc
3473 2710 3655 2754 autem
3677 2742 3694 2764 ,
3719 2697 3852 2752 Fra-

2261 2815 2380 2869 tres,
2409 2804 2639 2858 voluntas
2667 2816 2800 2867 mea,
2829 2808 2876 2853 et
2895 2797 3169 2852 obsecratio
3198 2794 3264 2848 ad
3284 2793 3480 2859 Deum,
3518 2809 3611 2862 pro
3644 2792 3753 2845 illis
3781 2799 3854 2844 est

2258 2899 2312 2952 in
2337 2892 2744 2966 salutem(Rom.
2775 2890 2861 2946 10.
2897 2891 2973 2959 1).
3003 2888 3110 2943 Cur
3131 2887 3288 2958 igitur
3329 2900 3451 2940 cum
3504 2883 3674 2938 vellet
3711 2883 3849 2951 ipse,

2259 3004 2324 3045 ac
2357 2995 2672 3060 percuperet
2693 2984 2812 3039 illos
2833 2983 3048 3049 docere,
3078 2996 3184 3034 non
3213 2977 3450 3050 permisit
3470 2986 3530 3030 ut
3555 2976 3691 3046 ipsis
3715 2989 3853 3044 prte-

2261 3080 2485 3146 dicaret,
2527 3075 2621 3132 sed
2657 3075 2775 3130 loco
2820 3072 3034 3128 illorum
3075 3070 3354 3125 doctorem
3392 3068 3565 3137 ipsum
3602 3064 3855 3135 gentibus

2260 3171 2438 3228 misit?
2479 3167 2772 3224 Audiamus
2796 3164 3066 3219 Christum
3095 3161 3264 3232 ipsum
3287 3159 3574 3220 dicentem,
3608 3166 3670 3211 et
3722 3155 3855 3209 Pau-

2261 3264 2373 3319 lum
2401 3276 2514 3317 rem
2536 3273 2749 3314 onmem
2771 3264 3075 3311 narrantem
3106 3271 3118 3306 :
3153 3251 3369 3306 Factum
3395 3261 3466 3305 est
3489 3248 3634 3314 mihi,
3663 3248 3854 3318 inquit,

2261 3356 2427 3412 oranti
2456 3354 2568 3424 ﬁeri
2588 3369 2667 3406 me
2691 3352 2744 3405 in
2768 3360 2973 3422 stupore
3002 3347 3204 3413 mentis,
3227 3356 3273 3400 et
3301 3345 3466 3399 videre
3489 3343 3758 3398 Christum
3781 3342 3855 3394 di-

2261 3457 2453 3502 centem
2489 3445 2616 3500 mihi
2644 3460 2663 3499 :
2686 3441 2920 3508 Festina,
2962 3449 3006 3495 et
3048 3440 3129 3494 exi
3156 3438 3420 3503 uelociter,
3465 3436 3715 3506 quoniam
3756 3449 3855 3488 non

2262 3540 2503 3609 recipient
2530 3536 2868 3592 testimonium
2891 3543 3031 3586 tuum
3057 3531 3120 3585 de
3147 3546 3225 3584 me
3245 3527 3376 3600 (Act.
3402 3527 3495 3581 εἳ.
3521 3529 3606 3582 17.
3643 3527 3765 3596 18).
3790 3525 3857 3579 Et

2262 3645 2477 3687 causam
2505 3628 2640 3684 dixit
2670 3624 3047 3697 profectionis;
3087 3621 3211 3678 odio
3255 3619 3527 3675 habebunt
3552 3627 3624 3685 te,
3661 3618 3854 3687 inquit,

2262 3737 2318 3781 et
2360 3721 2748 3778 aversabuntur
2780 3735 2794 3772 :
2823 3727 3102 3789 propterea
3138 3723 3190 3769 te
3216 3712 3493 3768 docentem
3521 3726 3626 3764 non
3659 3710 3852 3764 ferent.

2262 3816 2424 3887 Atqui
2447 3815 2547 3869 hoc
2573 3813 2745 3884 ipsum
2773 3811 3022 3866 idoneum
3068 3815 3184 3862 erat
3211 3804 3278 3861 ad
3303 3805 3459 3860 fidem
3489 3802 3564 3857 illi
3590 3802 3740 3870 apud
3764 3815 3854 3856 eos

2263 3907 2476 3962 docenti
2501 3903 2909 3966 conciliandam,
2941 3910 2995 3956 et
3022 3898 3088 3955 ad
3111 3894 3533 3969 persuadendum
3562 3893 3669 3948 illis
3710 3893 3854 3947 illam

2264 4001 2613 4057 mutationem
2644 3997 2931 4052 humanam
2977 4007 3085 4048 non
3128 3991 3310 4046 fuisse.
3338 3988 3522 4058 Neque
3545 3987 3691 4042 enim
3718 3985 3853 4040 adeo

2264 4093 2527 4148 furentem
2554 4100 2608 4146 et
2636 4090 2713 4144 ira
2741 4099 3076 4150 succensum,
3096 4097 3159 4138 ac
3184 4082 3385 4138 caedem
3403 4080 3720 4150 spirantem,
3755 4093 3855 4134 ne-

2263 4205 2366 4261 que
2390 4186 2644 4242 miracula
2668 4181 2881 4238 facienti
2902 4180 3114 4236 Christo
3137 4176 3464 4241 credentem,
3497 4188 3671 4244 neque
3723 4187 3854 4243 apo-

2263 4260 2419 4337 stolis
2434 4280 2569 4348 ejus,
2592 4287 2833 4332 mortuos
2851 4270 3246 4335 suscitantibus,
3266 4260 3524 4338 potuisset
3544 4265 3711 4319 homo
3737 4277 3860 4318 um-

2263 4389 2423 4444 quam
2451 4373 2503 4426 in
2543 4370 2723 4426 medio
2765 4369 2883 4438 ipso
2911 4367 3091 4421 furore
3115 4373 3341 4426 mutare,
3381 4369 3542 4430 atque
3580 4359 3734 4412 illum
3785 4358 3856 4411 ita

2263 4467 2502 4530 flectere,
2549 4471 2608 4517 ut
2631 4461 2998 4517 vehementem
3026 4457 3172 4510 illum
3225 4453 3504 4516 affectum,
3547 4462 3710 4519 quem
3758 4447 3857 4501 ad-

2265 4572 2454 4614 versus
2501 4554 2935 4627 prazdicationem
2984 4550 3137 4606 verbi
3184 4563 3294 4618 prae
3341 4561 3399 4600 se
3430 4544 3651 4606 ferebat,
3682 4551 3853 4596 totum

2263 4663 2425 4723 atque
2469 4650 2605 4705 adeo
2662 4647 2918 4717 majorem
2949 4658 3046 4714 pro
3071 4640 3408 4697 confessione
3427 4635 3622 4692 Christi
3647 4650 3761 4704 pra:
3798 4647 3854 4688 se

2264 4746 2463 4802 ferret:
2496 4743 2589 4799 sed
2613 4756 2738 4797 vere
2765 4739 2956 4795 divina:
2977 4734 3186 4791 virtutis
3213 4747 3348 4804 opus
3373 4729 3577 4786 exstitit
3606 4729 3694 4782 illa
3725 4742 3854 4782 con-

2264 4839 2442 4894 versio
2492 4851 2555 4891 ac
2609 4834 2855 4890 mutatio.

2337 4933 2425 4987 11.
2466 4931 2639 4999 Atque
2677 4928 2779 4984 hoc
2821 4927 2996 4997 ipsum
3034 4923 3193 4978 etiam
3222 4918 3420 4974 Paulus
3443 4958 3456 4979 ,
3484 4932 3604 4971 cum
3633 4923 3855 4984 cuperet

2263 5025 2474 5080 illorum
2512 5020 2884 5093 pratfecturam
2911 5017 3011 5072 sibi
3037 5014 3253 5080 deferri,
3276 5010 3546 5066 Christum
3576 5007 3855 5077 alloquens

2265 5116 2552 5187 objiciebat
2583 5132 2595 5167 :
2626 5111 2860 5175 Domine,
2887 5109 2988 5179 ipsi
3015 5108 3202 5170 sciunt,
3224 5103 3344 5174 quia
3367 5118 3456 5172 ego
3482 5116 3619 5154 eram
3646 5097 3856 5152 conclu-

2266 5211 2389 5265 dens
2407 5210 2461 5263 in
2488 5221 2758 5271 carcerem,
2787 5213 2834 5257 et
2863 5202 3063 5258 cazdens
3092 5215 3174 5253 eos
3195 5197 3280 5268 qui
3299 5192 3561 5249 credebant
3589 5192 3642 5244 in
3671 5206 3857 5243 nomen

2266 5315 2445 5367 tuum;
2487 5309 2536 5356 et
2579 5315 2692 5352 cum
2723 5297 3019 5368 funderetur
3047 5290 3252 5362 sanguis
3293 5286 3574 5356 Stephani,
3619 5282 3858 5352 martyris

2266 5396 2358 5461 tui,
2382 5409 2472 5463 ego
2500 5389 2866 5446 consentiebam
2885 5385 3012 5440 caedi
3027 5385 3136 5454 ejus
3158 5380 3293 5455 (Act.
3325 5378 3416 5432 29..
3440 5376 3524 5432 19.
3541 5373 3657 5445 20).
3681 5373 3750 5427 Et
3779 5373 3859 5427 in-

2264 5500 2396 5558 gens
2438 5485 2526 5539 illa
2565 5480 2769 5536 insania
2801 5490 2907 5534 tam
2933 5476 3107 5533 subito
3144 5474 3336 5529 factam
3367 5469 3714 5526 mutationem
3748 5480 3855 5519 non

2265 5593 2385 5635 esse
2415 5575 2650 5632 ostendit
2675 5574 2984 5638 humanam,
3016 5569 3110 5624 sed
3138 5567 3368 5622 divinam
3388 5607 3405 5633 ,
3445 5571 3546 5618 eta
3577 5559 3724 5616 caalis
3751 5559 3860 5613 ori-.

2265 5673 2442 5741 ginem
2472 5667 2686 5723 ducere.
2720 5664 2855 5734 Quid
2887 5677 3016 5733 ergo
3036 5658 3310 5717 Christus?
3335 5655 3495 5721 Vade,
3525 5652 3768 5725 quoniam
3789 5650 3856 5701 ad

2269 5770 2437 5836 gentes
2478 5761 2626 5832 longe
2664 5771 2710 5817 te
2743 5759 2938 5814 mittam
2979 5756 3128 5831 (Act.
3158 5752 3250 5808 22.
3280 5749 3413 5822 21).
3445 5747 3633 5805 Nonne
3671 5745 3855 5816 igitur,

3487 6409 3520 6416 _
3580 6409 3606 6414 Ἴ
3664 6407 3680 6412 -ι
3742 6405 3760 6410 -ι
3818 6403 3852 6410 ——
