4062 6418
399 451 496 503 581

399 566 586 634 inquit,
618 563 733 619 haec
753 563 1021 620 sttmciunt
1043 562 1108 618 ad
1129 563 1342 632 quosvis
1371 561 1528 616 etiam
1559 562 1713 630 plane
1731 561 1972 629 stupidos

396 653 832 722 cmnmovendos,
857 665 914 710 ut
931 653 1214 708 humanam
1233 667 1354 707 esse
1370 652 1798 722 prmdicationem
1822 654 1976 707 istam

399 761 502 800 non
530 746 875 813 arbitrentur,
917 745 1016 802 sed
1045 746 1288 800 humanm
1313 753 1514 798 natura:
1545 745 1683 798 vires
1712 743 1826 798 hare
1855 759 1974 796 om-

397 839 481 894 nia
507 838 786 904 excedere,
814 838 1082 906 Deumque
1103 851 1229 891 vere
1254 835 1556 888 mutationis
1587 833 1748 888 fuisse
1775 842 1830 887 et
1849 850 1979 888 con-

397 930 654 984 versionis
701 929 1007 983 auctorem?
1051 927 1330 982 Sufﬁciunt
1374 927 1461 980 illa
1491 925 1726 994 quidem,
1760 942 1792 978 ο
1822 926 1975 980 beate

396 1021 578 1087 Paule,
609 1021 652 1075 si
683 1021 852 1090 ipsam
872 1036 1049 1075 rerum
1080 1030 1320 1075 naturam
1345 1020 1650 1083 examines;
1683 1020 1776 1072 sed
1804 1018 1973 1073 Judaei

393 1113 630 1166 omnium
658 1122 782 1165 sunt
809 1111 1121 1180 iniquissimi
1145 1131 1157 1165 :
1177 1125 1347 1181 neque
1371 1125 1547 1164 rerum
1576 1117 1815 1163 naturam
1843 1123 1975 1164 exa-

392 1205 631 1268 tninaut,
662 1218 766 1258 non
805 1203 946 1274 quod
981 1218 1188 1272 :nquum
1228 1213 1282 1257 et
1325 1203 1518 1256 rationi
1557 1212 1969 1257 consentaneum

390 1295 798 1351 commodumve
839 1293 1198 1358 considerant,
1228 1292 1320 1348 sed
1353 1293 1404 1347 id
1432 1309 1591 1346 unum
1620 1303 1882 1362 spectant,
1911 1299 1971 1346 ut

388 1386 747 1442 contentionis
771 1385 1090 1441 desiderium
1116 1401 1267 1440 suum
1289 1385 1556 1453 expleant.
1582 1386 1731 1440 Actu
1755 1384 1968 1454 quidem

388 1483 458 1538 ad
495 1498 675 1538 rerum
718 1481 959 1537 ordinem
991 1482 1242 1550 respicis;
1277 1481 1417 1535 Deus
1445 1491 1620 1535 autem
1650 1479 1843 1534 mentis
1871 1492 1966 1534 eo-

389 1590 506 1629 rum
546 1575 692 1630 novit
738 1587 951 1628 arcana.
986 1571 1185 1628 Idcirco
1200 1571 1338 1626 dicit
1379 1588 1392 1624 :
1435 1569 1602 1634 Vade,
1633 1571 1871 1642 quoniam
1899 1569 1967 1622 ad

381 1676 557 1738 gentes
585 1665 734 1737 longe
757 1673 804 1719 te
824 1665 1037 1732 mittam,
1061 1675 1118 1718 ut
1141 1664 1300 1718 etiam
1337 1662 1515 1718 odium
1553 1662 1797 1718 distantia
1826 1662 1968 1716 miti-

384 1768 672 1902 882:7!091
699 1847 927 1917 prteﬁgat
948 1862 1127 1900 nomen
1147 1861 1295 1899 suum
1317 1843 1512 1899 Paulus
1531 1845 1753 1914 epistola:
1766 1845 1834 1897 ad
1855 1843 1962 1898 Ile-

379 1940 559 1994 brteos.
581 1968 654 1979 -—
676 1939 966 2008 Propterea
993 1953 1113 1992 cum
1140 1936 1206 1991 ad
1232 1938 1363 1991 alios
1382 1936 1595 2007 quidem
1620 1952 1806 1991 omnes
1832 1937 1964 1992 scri-

379 2031 477 2098 bit,
505 2046 698 2086 nomen
739 2044 893 2084 suum
939 2028 1282 2098 epistolarum
1323 2027 1542 2082 exordio
1571 2027 1794 2096 prteﬁgit
1835 2044 1849 2081 :
1894 2026 1962 2083 ad

378 2119 635 2176 Hebraeos
676 2129 855 2176 autem
898 2120 1114 2173 mittens
1157 2118 1356 2184 literas,
1397 2117 1529 2173 nihil
1560 2118 1663 2172 tale
1691 2117 1838 2183 fecit,
1866 2118 1961 2174 sed

379 2215 710 2284 simpliciter,
757 2229 865 2269 non
890 2215 1194 2284 exprimens
1240 2213 1361 2283 quis
1407 2220 1570 2278 esset,
1599 2212 1684 2267 vel
1713 2211 1780 2265 ad
1827 2226 1962 2282 quos

377 2309 666 2372 scriberet,
718 2314 777 2361 ut
803 2320 921 2360 mos
971 2305 1110 2360 illius
1155 2313 1302 2370 erat,
1354 2303 1426 2358 ita
1471 2303 1683 2358 demum
1714 2303 1957 2374 incepit:

377 2386 718 2472 Ilultifariam
739 2399 1007 2467 multisque
1033 2396 1196 2450 modis
1222 2397 1340 2450 olim
1369 2395 1510 2450 Deus
1549 2397 1755 2467 loquens
1798 2396 1959 2466 patri-

301 2509 310 2518 ·
372 2491 464 2544 bus
491 2491 678 2545 nostris
706 2489 727 2564 (
758 2489 910 2544 Hebr.
940 2489 992 2543 1.
1025 2486 1112 2560 1).
1144 2486 1212 2541 Ει
1235 2502 1361 2541 vero
1387 2487 1530 2542 Pauli
1557 2487 1832 2556 sapientiae
1857 2487 1958 2543 hoc

370 2580 488 2637 fuit.
523 2581 601 2636 Ne
625 2580 767 2636 enim
794 2580 847 2635 in
867 2579 1194 2635 consortium
1213 2579 1318 2632 odii
1343 2577 1510 2632 literas
1537 2579 1796 2642 venirent,
1823 2587 1956 2632 tam-

369 2687 531 2744 quam
562 2673 706 2728 larva
739 2671 967 2740 quadam
988 2713 1003 2737 ,
1032 2670 1263 2726 nominis
1303 2670 1681 2740 suppressione
1718 2671 1952 2739 seipsum

367 2765 644 2820 occultans
662 2805 677 2829 ,
708 2764 780 2818 ita
809 2765 946 2818 clam
970 2761 1352 2818 cohortationis
1382 2761 1510 2830 ipsis
1533 2760 1750 2816 adhibet
1779 2761 1950 2815 medi-

357 2857 564 2918 cinam.
582 2855 713 2911 Cum
733 2855 875 2910 enim
894 2853 1019 2909 odio
1039 2855 1407 2924 prosequimur
1422 2853 1742 2922 quempiam,
1766 2867 1953 2922 quam-

366 2948 452 3004 vis
475 2947 674 3018 aliquid
699 2955 903 3002 rectum
931 2945 1107 3012 dicat,
1147 2962 1252 3000 non
1283 2960 1546 3014 propenso
1575 2945 1752 3000 animo
1777 2959 1950 3016 neque

361 3054 485 3094 cum
511 3039 779 3108 voluptate
808 3052 926 3107 qua:
953 3035 1021 3091 ab
1060 3050 1126 3091 eo
1159 3035 1406 3091 dicuntur
1439 3036 1733 3105 excipimus
1761 3052 1774 3088 :
1807 3034 1948 3105 quod

360 3129 536 3199 ipsum
566 3143 634 3184 ne
663 3139 771 3182 tum
797 3141 1008 3196 quoque
1035 3126 1322 3191 accideret,
1354 3141 1509 3181 suum
1531 3141 1722 3182 nomen
1744 3141 1812 3181 ex
1836 3127 1950 3195 epi-

358 3221 498 3278 stola
523 3221 753 3286 sustulit,
786 3230 842 3276 ut
869 3221 1074 3276 nullum
1099 3221 1341 3290 epistola:
1366 3220 1689 3291 objiceretur
1716 3220 1945 3290 impedi-

359 3325 624 3380 mentum,
647 3329 754 3386 quo
778 3315 955 3369 minus
980 3323 1160 3384 posset
1181 3313 1372 3368 audiri.
1398 3313 1581 3384 Neque
1603 3313 1745 3368 enim
1775 3313 1944 3369 Judaei

358 3416 564 3463 tantum
592 3406 681 3476 qui
704 3415 856 3461 erant
876 3406 1154 3471 increduli,
1177 3405 1272 3461 sed
1297 3414 1352 3460 et
1377 3405 1451 3459 illi
1467 3406 1556 3475 qui
1582 3404 1940 3472 crediderant,

353 3499 582 3554 oderant
605 3511 726 3553 eum
747 3538 762 3562 ,
793 3507 850 3552 et
873 3497 1274 3550 aversabantur.
1306 3493 1438 3550 Cum
1482 3495 1642 3564 igitur
1664 3495 1941 3550 ascendis-

352 3599 440 3644 set
469 3589 873 3658 Jerosolymam,
898 3587 1020 3642 audi
1047 3587 1172 3656 quid
1201 3587 1274 3641 illi
1312 3585 1543 3641 Iacobus
1571 3586 1743 3652 dicat,
1770 3595 1825 3642 et
1851 3585 1940 3641 alii

352 3694 564 3735 omnes.
596 3677 766 3745 Vides,
810 3679 985 3750 frater,
1013 3687 1130 3749 quot
1168 3677 1330 3732 millia
1365 3686 1482 3732 sunt
1505 3676 1823 3745 Iudaeorum,
1856 3678 1941 3748 qui

350 3779 710 3836 conuenerunt,
751 3779 801 3824 et
828 3770 880 3823 r'n'
907 3785 1075 3824 omnes
1112 3771 1430 3825 aemulatores
1453 3779 1569 3824 sunt
1595 3771 1736 3841 legis,
1769 3780 1816 3825 et
1847 3788 1938 3825 au-

351 3860 558 3914 dierunt
578 3861 640 3914 de
664 3869 732 3927 te,
762 3861 881 3931 quia
902 3860 1256 3914 discessionem
1281 3859 1464 3914 doceas
1483 3877 1515 3914 a
1547 3861 1655 3931 lege
1679 3861 1812 3932 (Act.
1843 3862 1935 3918 21.

347 3949 443 4007 9-0.
471 3951 584 4021 2|).
613 3951 817 4006 Idcirco
845 3951 990 4006 illum
1012 3950 1237 4006 oderant
1259 3959 1312 4007 et
1335 3951 1735 4007 aversabantur.

425 4043 514 4098 12.
557 4043 680 4100 llam
706 4043 864 4115 igitur
901 4058 1059 4100 causa
1087 4053 1169 4099 est
1203 4054 1419 4115 preptcr
1443 4060 1600 4115 quam
1630 4061 1736 4100 non
1765 4044 1935 4100 Judaei

350 4136 475 4192 ﬁdei
503 4137 620 4206 ejus
656 4137 846 4193 crediti
871 4146 1017 4203 sunt,
1046 4137 1139 4192 sed
1165 4138 1408 4207 gentiles.
1436 4137 1570 4192 Cum
1597 4152 1724 4192 vero
1747 4137 1936 4193 crediti

347 4226 577 4284 fuissent
605 4228 740 4298 ipsi,
771 4244 878 4284 non
903 4229 1013 4300 jam
1043 4230 1156 4300 pari
1184 4229 1390 4284 rationm
1412 4244 1475 4284 ac
1505 4229 1694 4284 Petrus
1717 4271 1733 4295 ,
1767 4244 1936 4300 neque

347 4318 537 4374 eadem
566 4320 646 4373 via
668 4318 964 4375 deducebat
987 4320 1109 4374 illos
1131 4319 1197 4376 ad
1224 4321 1400 4387 ﬁdem,
1419 4321 1513 4376 sed
1533 4322 1657 4377 alia.
1676 4321 1813 4378 Cum
1841 4337 1939 4378 au—

349 4417 460 4464 tem
486 4409 644 4463 aliam
687 4409 838 4463 audis
857 4450 872 4472 ,
903 4425 971 4465 ne
995 4410 1282 4465 discrimen
1312 4411 1364 4466 in
1396 4411 1774 4481 pradicatimie
1815 4428 1936 4469 esse

345 4498 646 4556 arbitreris.
671 4497 869 4554 Eadem
891 4499 1086 4570 quippe
1105 4508 1327 4570 uterque
1349 4501 1548 4557 ludatis
1577 4512 1630 4558 et
1647 4504 1937 4573 gentilibus

347 4589 674 4662 prmdicahat
720 4607 734 4644 :
776 4590 1009 4661 exempli
1040 4605 1236 4657 causa,
1273 4591 1436 4646 Deum
1476 4605 1596 4648 eSse
1623 4593 1930 4661 Christum,

345 4682 656 4737 crucilixum
685 4682 848 4738 luisse
867 4696 930 4737 ac
955 4683 1242 4754 sepultum,
1289 4695 1344 4738 et
1371 4685 1747 4749 resurrexisse,
1774 4695 1935 4757 atque

346 4774 402 4829 in
433 4773 652 4830 dextera
680 4773 856 4831 Patris
883 4774 1106 4840 sedere,
1138 4784 1250 4830 tum
1284 4775 1643 4847 iudicaturum
1681 4778 1834 4836 vivos
1869 4787 1934 4843 ,ει

347 4877 588 4922 mortuos
607 4909 623 4935 ,
665 4876 719 4923 et
745 4883 1095 4940 quaecumque
1141 4869 1265 4924 talia
1295 4870 1494 4939 pariter
1519 4869 1716 4925 Paulus
1745 4880 1800 4926 et
1829 4871 1930 4927 Pe-

346 4967 462 5013 trus
489 4959 866 5029 praedicabant.
892 4959 948 5016 In
973 4977 1080 5033 quo
1105 4961 1261 5033 igitur
1286 4961 1570 5018 discrimen
1597 4963 1734 5018 fuit?
1755 4964 1810 5020 ln
1836 4965 1934 5021 ob-

346 5053 648 5108 servatione
673 5054 911 5108 ciborum
929 5093 945 5120 ,
974 5056 1026 5109 in
1068 5056 1493 5121 circumcisione,
1524 5057 1576 5110 in
1606 5057 1724 5111 aliis
1750 5055 1934 5113 Judai-

346 5143 425 5199 eis
446 5145 654 5199 ritibus.
682 5144 814 5200 Nam
855 5145 1042 5200 Petrus
1079 5147 1292 5216 quidem
1320 5147 1594 5218 discipulis
1619 5149 1732 5203 suis
1758 5149 1932 5218 palam

349 5243 404 5290 et
423 5247 606 5307 aperte
631 5236 809 5293 dicere
835 5252 938 5290 non
962 5237 1190 5293 audebat
1216 5239 1284 5293 ab
1311 5239 1395 5294 his
1423 5241 1632 5309 penitus
1662 5240 1934 5297 abstinen-

347 5327 475 5383 dum
506 5343 643 5384 esse.
677 5329 947 5386 Metuebat
969 5330 1112 5384 enim
1143 5347 1211 5386 ne
1235 5330 1392 5399 forte,
1421 5332 1465 5386 si
1493 5333 1930 5389 consuetudinem

349 5420 507 5477 istam
547 5430 672 5478 ante
703 5431 912 5492 tempus
950 5422 1105 5476 vellet
1137 5423 1404 5489 evellere,
1437 5424 1592 5479 simul
1622 5425 1780 5480 etiam
1811 5440 1933 5482 cum

351 5511 453 5566 illis
470 5511 664 5568 Christi
687 5512 844 5567 tidem
870 5512 1137 5577 evelleret,
1155 5527 1276 5567 eum
1298 5514 1534 5569 nondum
1555 5529 1708 5571 mens
1723 5514 1936 5572 Judzeo-

350 5617 468 5657 rum
491 5603 560 5657 ob
574 5602 876 5659 diuturnam
897 5605 1234 5673 auticipatam
1257 5604 1562 5673 opinionem
1589 5606 1730 5660 circa
1758 5607 1931 5678 legem

347 5694 466 5752 haec
483 5697 644 5752 verba
677 5705 857 5768 posset
884 5697 1088 5754 audire.
1117 5697 1403 5767 Propterea
1435 5697 1644 5753 sinebat
1680 5713 1774 5753 eos
1809 5699 1940 5756 bea-

347 5795 434 5841 ttts
461 5786 650 5842 Petrus
668 5787 959 5859 judaizare.
988 5790 1050 5844 Et
1067 5787 1518 5861 quemadmodum
1543 5789 1776 5866 optimus
1795 5792 1936 5863 agri-

345 5876 462 5933 cola
491 5892 610 5933 cutn
653 5879 802 5948 juxta
848 5889 1082 5937 veterem
1126 5881 1373 5936 arborem
1405 5889 1639 5941 teneram
1693 5884 1926 5950 plantam

1481 437 1552 494 IN
1593 442 1818 508 ILLUD,
1860 447 1926 500 IN
1970 448 2219 502 FACIEM
2263 450 2342 503 ΕΙ·
2377 451 2670 508 RESTITI.

3571 465 3674 520 382

2097 562 2416 630 conseverit,
2445 579 2550 618 non
2575 565 2735 622 audet
2758 576 2989 624 veterem
3011 572 3239 630 evellere
3263 575 3528 647 arborem,
3557 597 3672 636 nico

2089 661 2243 707 tuens
2285 667 2386 718 ne,
2427 655 2694 710 radicibus
2724 658 2826 713 illis
2859 661 3056 716 avulsis
3080 703 3095 729 ,
3123 679 3258 719 nova
3289 665 3469 736 planta
3513 671 3670 726 simul

2082 745 2366 809 avellatur,
2393 746 2486 802 sed
2511 759 2785 819 eXSpectat
2809 753 2952 820 prius
2979 755 3123 810 illam
3149 768 3295 812 recte
3322 759 3499 832 deligi,
3535 772 3589 816 et
3620 765 3670 818 in

2086 844 2244 888 terrm
2293 837 2583 892 visceribus
2623 839 2830 896 radices
2855 857 3046 912 agere,
3081 854 3189 900 tttm
3216 847 3409 904 deinde
3436 860 3670 908 veterem

2083 927 2416 982 conﬁdenter
2434 931 2632 995 evellit,
2661 935 2959 1004 ncquejam
2986 937 3053 992 de
3076 939 3248 1008 planta
3279 943 3489 998 novella
3517 949 3671 1016 quid-

2083 1037 2239 1088 quam
2271 1020 2421 1074 timet
2459 1037 2472 1074 :
2505 1023 2584 1077 sic
2615 1025 2862 1079 nimirum
2896 1038 2950 1082 et
2987 1030 3173 1086 beatus
3208 1033 3394 1090 Petrus
3428 1039 3613 1106 agebat
3650 1057 3664 1091 :

2079 1119 2268 1162 recens
2294 1111 2576 1178 plantatam
2596 1114 2753 1169 ﬁdem
2777 1127 2920 1172 recte
2938 1119 3093 1191 deligi
3119 1124 3171 1178 in
3191 1125 3487 1182 auditorum
3512 1147 3671 1184 men~

2081 1196 2222 1253 tibus
2248 1201 2486 1270 sinebat,
2520 1213 2577 1259 ut
2599 1221 2719 1260 cum
2749 1208 2883 1262 altas
2918 1211 3121 1267 radices
3151 1217 3367 1285 egisset,
3395 1223 3666 1276 conliden-

2081 1294 2163 1343 ter
2199 1290 2392 1347 deinde
2421 1294 2693 1351 Judaicam
2729 1313 2942 1354 omnem
2972 1305 3311 1375 anticipatam
3357 1311 3660 1379 opinionem

2078 1379 2414 1448 exstirparet.
2463 1384 2564 1439 Sed
2593 1402 2697 1440 non
2731 1389 2798 1442 ita
2830 1390 3045 1460 Paulus,
3098 1396 3187 1464 qui
3229 1399 3371 1452 omni
3403 1400 3659 1469 ejusmodi

2076 1471 2392 1527 necessitate
2418 1474 2673 1532 liberatus
2697 1489 2830 1546 erat,
2863 1481 2986 1535 dtttn
3017 1487 3299 1553 gentilibus
3329 1492 3660 1560 pra-dicaret,

2075 1559 2163 1627 qui
2194 1560 2324 1631 legis
2351 1565 2577 1619 necdum
2605 1569 2895 1639 participes
2926 1572 3047 1628 facti
3086 1587 3257 1642 erant,
3294 1559 3662 1650 nequeJudai;

2073 1663 2166 1706 Cas
2212 1653 2612 1713 observationes
2654 1660 2984 1717 audiverant.
3037 1665 3152 1721 Non
3194 1670 3334 1740 enim
3380 1674 3500 1727 illos
3545 1675 3661 1732 hac

2073 1743 2266 1810 egisse,
2295 1747 2434 1816 quod
2464 1749 2563 1803 sibi
2606 1752 2826 1808 invicem
2868 1767 3050 1811 essent
3079 1763 3365 1830 contrarii,
3395 1766 3489 1820 sed
3518 1771 3658 1838 quod

2072 1834 2453 1906 discipulorum
2500 1842 2848 1900 imbecillitati
2891 1863 2950 1902 se
3002 1860 3438 1922 attcmperarent,
3483 1834 3548 1913 ev
3593 1878 3659 1914 eo

2071 1927 2325 1998 colligere
2354 1931 2498 1999 licet,
2524 1935 2665 2004 quod
2687 1935 2907 1992 Paulum
2931 1940 3026 1994 ista
3051 1958 3154 1997 non
3181 1945 3334 2000 aliter
3352 1963 3414 2000 ac
3442 1949 3656 2006 Petrum

2070 2020 2379 2086 permittere
2405 2024 2708 2092 videamus,
2744 2044 2916 2100 neque
2947 2036 3255 2101 permittere
3283 2047 3482 2094 tantum
3505 2083 3519 2105 ,
3562 2044 3656 2098 sod

2069 2108 2229 2164 etiam
2257 2112 2426 2182 ipsum
2448 2118 2742 2186 cooperari,
2769 2135 2831 2173 ac
2857 2120 3072 2177 Petrum
3101 2142 3282 2181 rursus
3310 2132 3550 2186 eamdem
3584 2136 3618 2188 li
3636 2167 3651 2176 -

2067 2200 2328 2260 bertatem
2373 2209 2618 2273 sancire,
2667 2227 2823 2280 quam
2877 2214 3070 2271 Paulus
3119 2221 3364 2277 omnibus
3410 2228 3655 2294 gentibus

2066 2294 2410 2388 praedicabat.
2439 2296 2544 2352 Sed
2582 2300 2671 2354 ubi
2703 2301 2942 2367 tandem,
2975 2306 3175 2377 inquit,
3205 2311 3341 2366 istud
3370 2325 3652 2388 utrumque

2064 2382 2190 2438 licet
2216 2386 2439 2442 videre‘?
2471 2389 2526 2445 ln
2558 2391 2686 2461 ipsis
2711 2393 3080 2468 Jerosolymis.
3113 2400 3211 2456 llic
3244 2406 3386 2460 enim
3417 2417 3472 2461 et
3495 2382 3652 2479 caput

2067 2477 2220 2572 rasit,
2253 2489 2306 2534 et
2333 2482 2668 2547 sacriﬁcavit,
2697 2495 2752 2541 et
2775 2489 3247 2549 sanctiﬁcationem
3271 2500 3492 2566 perfecit
3519 2477 3648 2572 gen-

2064 2566 2195 2622 tium
2235 2569 2438 2628 doctor.
2473 2574 2583 2630 Hoc
2606 2577 2856 2633 nimirum
2890 2590 3096 2653 tempus
3129 2587 3391 2657 exigebat,
3426 2601 3479 2646 et
3507 2566 3645 2664 quod

2062 2662 2212 2718 multi
2239 2664 2490 2722 adessent
2516 2667 2705 2724 Judmi.
2745 2669 2895 2727 Vides
2908 2675 3080 2741 enim,
3102 2676 3292 2748 inquit,
3316 2685 3494 2751 frater,
3525 2662 3648 2755 qnot

2060 2752 2222 2806 millia
2241 2764 2360 2808 sunt
2385 2756 2683 2812 Judworum
2712 2762 2800 2829 qui
2825 2776 3189 2835 convenerunt,
3210 2778 3256 2822 et
3283 2752 3555 2828 audierunt
3585 2776 3649 2828 de

2059 2851 2127 2910 te,
2160 2845 2278 2913 quia
2311 2847 2863 2909 discessionemdoceas
2882 2871 2915 2910 a
2935 2857 3043 2928 lege
3055 2855 3190 2926 (Act.
3214 2857 3304 2914 21.
3335 2861 3426 2917 20.
3454 2865 3568 2935 2|).

2132 2935 2218 2990 15.
2261 2935 2354 2992 llle
2397 2938 2576 3010 itaque
2600 2955 2721 2996 cum
2761 2944 3190 3002 condescendere
3227 2963 3526 3021 cogeretur,
3554 2957 3643 3026 jn-

2057 3022 2300 3080 daizahat
2336 3045 2350 3080 :
2395 3029 2490 3083 sed
2534 3046 2639 3084 non
2665 3031 2774 3100 jam
2813 3049 2878 3087 ex
2909 3037 3069 3090 animi
3101 3040 3179 3092 sui
3211 3046 3470 3099 sententia
3491 3087 3506 3112 ,
3549 3022 3641 3104 sed

2056 3117 2346 3172 secundum
2387 3119 2836 3188 dispensationem
2887 3125 2937 3180 id
2982 3129 3190 3198 agebat.
3221 3131 3409 3190 Petrus
3458 3155 3642 3195 l‘UI‘ellS

2054 3207 2360 3268 Iudaeorum
2391 3213 2597 3283 doctor,
2643 3227 2697 3273 et
2733 3219 2824 3292 qui
2854 3221 3315 3283 circumcisionem
3358 3233 3550 3303 ubique
3579 3253 3643 3292 ac

2053 3303 2300 3361 Judaicas
2324 3308 2722 3366 observationes
2764 3314 3133 3382 permittebat,
3164 3332 3380 3391 propter
3406 3324 3610 3395 discipn
3628 3359 3640 3370 -

2051 3395 2225 3452 lorum
2250 3398 2608 3454 inﬁrmitatem
2634 3442 2650 3468 ,
2681 3403 2932 3472 quoniam
2982 3416 3189 3478 tempus
3228 3413 3442 3471 videbat
3468 3432 3524 3472 δυ
3571 3423 3638 3475 ab

2052 3487 2153 3544 hac
2174 3490 2492 3546 necessitate
2522 3492 2796 3562 liberasse,
2846 3511 3020 3568 neque
3064 3509 3231 3556 tutum
3276 3514 3392 3560 erat
3435 3510 3633 3566 tamdiu

2049 3581 2125 3636 illi
2156 3581 2595 3640 condescensioni
2624 3587 2898 3659 indulgere
2917 3632 2931 3656 ,
2963 3592 3060 3646 sed
3091 3593 3397 3668 dogmatum
3431 3609 3636 3672 tempus

2048 3681 2164 3727 erat
2183 3673 2424 3744 etlegum
2457 3693 2470 3730 :
2493 3676 2613 3730 audi
2640 3679 2766 3747 quid
2784 3679 2995 3738 dixerit.
3024 3683 3152 3738 Nam
3178 3689 3427 3755 quoniam
3451 3708 3635 3748 ascen-

2048 3764 2238 3821 derant
2265 3781 2331 3821 ex
2361 3768 2643 3824 Antiochia
2674 3770 2868 3827 Paulus
2887 3781 2941 3827 et
2969 3774 3254 3840 Barnabas,
3291 3791 3346 3834 ut
3372 3783 3495 3850 quid
3519 3801 3634 3840 cer-

2049 3865 2159 3912 tum
2189 3869 2333 3914 esset
2359 3859 2661 3916 ediscerent
2688 3879 2702 3916 :
2733 3879 2855 3919 eum
2885 3868 3045 3920 multa
3073 3880 3217 3924 esset
3243 3882 3358 3927 orta
3387 3879 3632 3944 qua-stin,

2045 3965 2269 4021 surgens
2311 3953 2502 4009 Petrus
2524 3954 2659 4010 dixit
2687 3973 2699 4006 :
2743 3955 2851 4010 Viri
2877 3961 3082 4028 fratres,
3115 3977 3199 4015 ros
3217 3965 3376 4033 scitis,
3399 3965 3636 4036 quaninm

2046 4043 2112 4094 ab
2154 4043 2373 4114 antiquis
2407 4045 2584 4100 diebus
2617 4045 2753 4101 Deus
2781 4049 2835 4102 in
2879 4049 3024 4104 nobis
3052 4052 3219 4124 elegit,
3251 4073 3339 4123 per
3370 4075 3425 4111 os
3471 4076 3636 4118 meum

2044 4133 2226 4187 audire
2247 4143 2421 4204 gentes
2449 4135 2651 4190 uerbum
2675 4139 2944 4209 evangelii,
2972 4151 3018 4194 et
3038 4143 3239 4198 credere
3268 4147 3409 4216 (Act.
3440 4148 3527 4204 15.
3556 4151 3633 4221 7).

2047 4221 2248 4279 Deinde
2268 4240 2390 4280 cum
2425 4225 2526 4280 alia
2568 4227 2846 4299 interjecta
2883 4231 3127 4301 dixisset,
3174 4235 3417 4306 adjunxit
3449 4257 3464 4294 :
3500 4240 3636 4307 Quid

2046 4331 2165 4386 ergo
2186 4318 2388 4372 tentatis
2408 4317 2572 4373 Deum
2591 4321 2851 4392 imponere
2866 4323 3053 4396 jugum
3076 4343 3228 4396 super
3267 4330 3480 4387 cervices
3512 4351 3634 4404 geu-

2045 4409 2190 4474 tium,
2214 4412 2350 4480 quod
2374 4428 2533 4484 neque
2553 4424 2720 4483 patres
2745 4417 2925 4482 nostri,
2953 4435 3110 4488 neque
3131 4436 3221 4474 nos
3248 4433 3452 4491 portare
3464 4428 3633 4495 potui-

2047 4503 2206 4555 mus?
2250 4503 2342 4556 sed
2395 4521 2486 4572 per
2524 4505 2678 4573 ﬁdem
2722 4505 2847 4561 Jesu
2894 4506 3080 4563 Christi
3125 4513 3374 4570 credimus
3422 4515 3629 4583 saluari,

2044 4594 2468 4662 quemadmodunt
2501 4605 2548 4648 et
2577 4596 2655 4649 illi
2684 4595 2792 4666 (Ib.
2827 4614 2875 4652 υ.
2909 4599 2999 4655 1ο.
3044 4601 3156 4671 11).
3186 4601 3342 4658 Vides
3375 4613 3483 4660 tum
3509 4608 3631 4678 qui-

2044 4684 2166 4741 dem
2192 4701 2314 4742 cum
2342 4696 2551 4758 tempus
2578 4698 2721 4744 esset
2746 4689 3110 4762 indulgentia},
3141 4701 3195 4748 et
3221 4696 3631 4766 Paulumjndni-

2045 4793 2194 4834 zasse
2213 4819 2228 4843 ,
2260 4794 2383 4835 cum
2413 4795 2538 4835 vero
2568 4790 2775 4851 tempus
2817 4783 3287 4842 condescensionis
3316 4804 3422 4844 non
3452 4805 3588 4846 esset
3612 4835 3627 4856 ,

2044 4885 2228 4925 verum
2258 4869 2502 4941 dogmata
2533 4872 2828 4942 spargenda
2859 4884 3059 4941 essent,
3087 4885 3142 4930 et
3165 4878 3452 4936 sancienda
3475 4898 3627 4936 man-

2053 4958 2198 5026 data,
2227 4957 2448 5014 Petrum
2475 4959 2546 5016 ab
2578 4960 2671 5016 illa
2702 4960 3171 5018 condescensione
3201 4964 3494 5022 liberatum
3520 4957 3633 5024 siu-

2049 5062 2176 5102 cera
2212 5062 2459 5118 puraque
2505 5048 2757 5121 dogmata
2788 5050 3100 5107 tradidisse.
3135 5053 3313 5125 Atque
3355 5057 3469 5113 haec
3503 5073 3627 5113 cum

2049 5138 2387 5206 dicerentur,
2418 5139 2619 5198 Paulus
2655 5143 2948 5206 intererat.
2993 5153 3049 5201 et
3079 5145 3351 5208 audiebat,
3390 5155 3442 5204 et
3471 5164 3630 5204 acce-

2048 5234 2194 5297 ptam
2245 5229 2533 5297 epistolam
2584 5233 2781 5303 quovis
2823 5235 3065 5305 gentium
3113 5235 3412 5300 deferebat,
3448 5254 3626 5308 neque

2042 5317 2149 5373 dici
2182 5327 2360 5389 potest
2388 5337 2512 5376 eum
2537 5325 2768 5393 apostoli
2793 5336 3023 5382 mentem
3055 5325 3356 5394 ignorasse.
3387 5328 3500 5384 Cur
3532 5331 3634 5400 igi-

2045 5412 2136 5460 tur
2184 5423 2330 5463 nunc
2373 5424 2496 5464 eum
2541 5413 3164 5482 reprehendit,'dicens
3205 5430 3327 5470 eum
3379 5419 3629 5474 timuisse

2043 5496 2166 5551 illos
2201 5499 2291 5569 qui
2323 5515 2387 5553 ex
2425 5501 2846 5557 circumcisione
2868 5510 3024 5558 erant
3052 5501 3198 5574 (Gal.
3229 5505 3284 5559 2.
3321 5506 3449 5578 l2)?
3574 5567 3578 5572 ,

2110 5587 2196 5640 14.
2231 5588 2527 5644 Historiam
2547 5592 2707 5659 paulo
2731 5593 2897 5649 altius
2926 5599 3130 5662 repetit.
3161 5595 3439 5653 Centiliter
3458 5601 3624 5657 virere

2044 5693 2168 5765 quid
2191 5693 2278 5747 sit.
2303 5720 2379 5734 —
2406 5691 2476 5748 Ut
2499 5699 2677 5748 autem
2722 5707 2910 5747 eorum
2937 5705 3058 5763 quas
3081 5691 3330 5748 dicuntur
3357 5691 3632 5752 historiam

2045 5782 2401 5856 cognoscatis,
2425 5784 2585 5854 paulo
2614 5782 2772 5838 altius
2812 5783 2954 5837 illaut
2981 5799 3206 5839 exorsus
3233 5785 3495 5853 narrabo;
3537 5788 3632 5842 sed

2049 5877 2306 5933 attendite
2327 5917 2341 5942 ,
2376 5889 2560 5947 qureso
2593 5893 2605 5927 :
2650 5876 2759 5945 jam
2788 5875 2928 5931 enim
2974 5875 3037 5929 ad
3071 5876 3430 5946 penitissimas
3461 5893 3631 5951 partes
