4062 6448
388 795 520 850 diluis
541 794 768 862 praeerat
789 756 1529 843 omnilius'qui~credidcrant.
1552 750 1757 809 Accidit
1780 754 1980 811 autem,

1256 857 1274 862 -
1333 855 1346 862 -
1402 852 1414 862 .
1576 846 1588 858 .
1629 857 1737 862 μω,
1772 837 1980 862 “mm”

389 896 448 941 nt
475 837 654 938 essent
684 869 981 932 Antiochia:
1008 874 1221 936 quoque
1247 852 1454 918 Judaei,
1500 846 1593 918 qui
1621 857 1743 898 cum
1771 837 1984 895 Christo

792 929 857 1019 eo
886 929 1042 1030 (ιιιοόἶ
1053 929 1236 1026 procul
1264 948 1513 1001 abessent
1538 937 1606 992 ab
1627 929 1981 1000 Jerosolyma,

393 1023 1081 1132 viderentque'multos-qui
1108 1039 1450 1101 crediderant
1485 1045 1555 1086 ex
1585 1023 1830 1099 gentibus
1856 1031 1987 1072 con-

395 1159 625 1213 ﬁdenter
654 1111 727 1207 let
764 1148 965 1215 absque
1004 1133 1251 1194 dudaieis
1291 1119 1756 1183 observationibus
1782 1111 1986 1169 vivere,

394 1246 595 1305 sensim
624 1256 690 1297 ac
720 1235 975 1311 paulatim
1016 1227 1416 1284 inducerentur,
1457 1223 1569 1269 uta
1596 1206 1817 1264 Judalca
1857 1214 1991 1254 con-

392 1336 681 1394 suetudine
705 1295 1054 1388 abstinerent,
1086 1329 1140 1373 et
1165 1327 1350 1387 puram
1379 1307 1701 1373 minimeque
1726 1295 1997 1353 adultera.

396 1446 502 1486 tum
540 1427 660 1483 lidei
688 1420 984 1480 doctrinam
1015 1412 1330 1469 retinerent.
1372 1401 1504 1456 Cum
1536 1384 1999 1464 ergodescen'dis-

397 1522 725 1582 set‘Petrus,
755 1525 808 1570 et
838 1508 1038 1565 nullam
1071 1514 1194 1558 esse
1213 1486 1682 1553 eondeseensionis
1708 1477 2000 1539 necessitas

402 1627 510 1669 tem
553 1573 795 1670 videret,
835 1597 1107 1672 gentiliter
1134 1590 1388 1652 deinceps
1415 1579 1646 1635 vivebat.
1683 1573 1797 1628 lloe
1821 1575 1999 1623 autent

406 1703 644 1774 appellat
666 1693 938 1770 gentiliter
968 1689 1152 1743 vivere
1181 1679 1408 1741 Paulus,
1452 1672 1653 1739 absque
1680 1660 1897 1721 Judaiea
1915 1656 2003 1710 vi-

1349 1771 1362 1774 -
1437 1768 1448 1774 -
1722 1752 1979 1774 ___,,_-

409 1752 603 1774 an---"
629 1752 641 1754 _
667 1752 697 1770 υ

409 1811 536 1854 rere
556 1788 964 1851 observatione,
987 1779 1117 1837 nihil
1138 1792 1205 1832 ex
1224 1773 1332 1828 illis
1347 1768 1483 1839 legis
1501 1762 1691 1819 ritibus
1710 1752 2002 1817 custodire,

410 1887 647 1959 exempli
664 1896 824 1939 causa
846 1920 862 1947 ,
883 1869 1345 1933 circumcisionem
1366 1903 1382 1929 ,
1409 1858 1686 1915 sabbatum
1707 1893 1723 1920 ,
1745 1849 1829 1903 vel
1849 1844 2007 1918 quid-

1308 1955 1337 1959 “
1546 1948 1557 1959 ⁸
1571 1957 1577 1959 -
1701 1943 1714 1956 ⁸
1763 1956 1775 1959 λ
1788 1954 1838 1959 αΑ
1848 1949 1864 1959 Δ
1922 1936 1980 1959 ,1,

416 1936 639 1959 ν-----,-.-
848 1936 860 1947 ,

416 1983 558 2057 piam
598 1971 883 2048 ejusmodi.
926 1966 1060 2023 Cum
1104 1960 1264 2032 igitur
1307 1955 1500 2011 Petrus
1545 1948 1616 2003 ita
1663 1943 1888 2006 viveret,
1917 1936 2013 1991 de-

1064 2054 1081 2057 -
1188 2051 1204 2057 -
1278 2047 1315 2057 η-
1373 2044 1387 2057 .
1442 2042 1455 2056 .
1511 2029 1977 2057 ,ηηηιηη

415 2029 739 2131 ’scender'uut
764 2061 977 2134 quidam
1003 2072 1031 2110 a
1058 2029 1259 2110 Jacobo
1278 2042 1480 2110 ‘Judavi,
1511 2040 1613 2095 hoc
1641 2043 1724 2092 est
1750 2048 1819 2088 ex
1850 2029 2009 2086 Jeru-

418 2162 646 2234 solyma,
673 2124 796 2227 qui;
818 2148 957 2223 quod
979 2148 1030 2201 in
1054 2137 1336 2210 metropoli
1355 2124 1784 2202 semperversati
1808 2127 2011 2185 essent,

425 2209 525 2234 'V'J
542 2209 646 2226 ""',
681 2209 706 2227 ἰ
770 2209 783 2220 ι
837 2209 850 2223 ι
1236 2209 1239 2210 ,

425 2267 596 2321 neque
624 2255 943 2317 queinquam
968 2235 1227 2292 vidissent
1255 2228 1325 2283 ita
1354 2225 1645 2283 viventem,
1664 2215 1844 2273 adhuc
1870 2209 2013 2267 anti-

1208 2320 1214 2321 ί
1262 2319 1271 2321 ~
1540 2312 1551 2321 ι
1630 2308 1643 2321 ι
1737 2314 1750 2321 ,
1816 2301 1988 2321 Ίᾉ-ιιΔ-

418 2301 658 2411 cip'ainnf
674 2301 819 2391 illan;
836 2328 1110 2387 Judaicam
1132 2319 1439 2391 opinionem
1457 2308 1775 2372 retinebant,
1797 2301 2019 2358 multas-

428 2450 533 2505 que
549 2447 615 2488 ex
637 2419 1103 2483 observationibus
1123 2414 1226 2469 illis
1246 2423 1428 2466 secum
1449 2401 1747 2461 trahebant.
1770 2395 1882 2452 Hos
1896 2394 2018 2448 cum

430 2487 651 2581 didisset
674 2521 864 2575 Petrus
882 2556 896 2580 ,
924 2511 1013 2583 qui
1061 2525 1092 2564 a
1135 2503 1336 2562 Jacobo
1362 2508 1416 2555 et
1442 2492 1774 2564 Jerosolyma
1800 2487 2024 2544 desectis

426 2623 638 2684 derant,
666 2613 756 2684 qui
785 2609 962 2666 adhuc
994 2600 1195 2660 inﬁrmi
1220 2604 1394 2662 erant,
1426 2593 1746 2657 timeretque
1771 2597 1839 2638 ne
1865 2593 2023 2635 scan-

432 2700 611 2767 dalum
645 2704 788 2778 passi
816 2696 845 2756 a
877 2698 981 2754 lide
1018 2694 1324 2755 resilirent,
1363 2680 1702 2743 mutatus'est
1726 2686 1932 2737 rursus,
1973 2677 2025 2724 ct

432 2805 633 2859 omissa
673 2784 861 2871 gentili
886 2793 1009 2847 vita:
1037 2787 1264 2849 ratione,
1305 2780 1372 2836 ad
1402 2777 1635 2850 priorem
1667 2768 1829 2827 rediit
1854 2761 2029 2820 indul-

430 2897 665 2969 gentiam
692 2933 707 2960 ,
736 2899 794 2946 et
830 2888 1071 2943 ciborum
1102 2874 1504 2935 observationes
1531 2861 1841 2924 custodivit.
1872 2856 2023 2911 Illum

436 3007 566 3062 ergo
585 2986 754 3045 Judaei
779 2998 903 3039 cum
925 2978 1198 3041 vidissent,
1228 2970 1319 3043 qui
1340 2963 1637 3024 Antiochiae
1656 2954 2029 3016 versabantur,

440 3083 491 3137 id
518 3087 783 3151 agentem,
806 3085 979 3142 neque
999 3074 1233 3123 mentem
1254 3063 1373 3131 ejus
1392 3061 1726 3128 perspectam
1742 3046 2031 3108 haberent,

442 3133 628 3245 qttauid
658 3133 867 3239 agebat,
894 3133 1113 3215 abducti
1140 3161 1266 3211 sunt
1290 3160 1346 3207 et
1373 3150 1495 3219 ipsi,
1524 3149 1834 3214 ae-propter
1861 3133 2035 3204 magi-

441 3276 613 3318 struttt
640 3253 913 3330 judnizare
930 3247 1275 3321 cogebantur.
1301 3243 1475 3310 Atque
1513 3236 1616 3292 hoc
1646 3242 1748 3297 est,
1777 3226 1920 3300 quod
1944 3239 2035 3280 re-

444 3350 728 3428 prehendit
754 3345 946 3403 Paulus
970 3319 1066 3396 :ut
1086 3346 1265 3393 autem
1292 3332 1487 3389 clarius
1516 3328 1605 3382 fiat
1626 3321 1769 3396 quod
1788 3319 2036 3384 dicimus,

446 3415 561 3519 ipsa
592 3443 744 3499 vobis
771 3434 1064 3510 apostolica
1089 3428 1252 3485 verba
1277 3421 1516 3481 recitabo
1545 3434 1563 3473 ς
1592 3415 1719 3472 Cum
1756 3421 1926 3467 autem
1959 3425 2043 3463 ve-

446 3540 597 3593 nisset
655 3533 837 3588 Petrus
885 3522 1241 3583 Antiochiam,
1294 3518 1350 3571 in
1401 3513 1584 3585 [aciem
1613 3510 1656 3563 ei
1692 3506 1875 3571 restiti,
1924 3502 2045 3574 quia

448 3624 852 3702 reprehensibilis
903 3628 1031 3675 erat.
1085 3614 1237 3668 Prius
1279 3611 1414 3664 enint
1465 3620 1617 3677 quant
1658 3602 1882 3656 uenirent
1934 3594 2047 3665 qui-

449 3686 568 3778 dam
619 3737 650 3773 a
698 3714 926 3780 Jacobo,
974 3711 1077 3765 hoc
1115 3713 1199 3762 est
1238 3696 1625 3770 Jerosolymis,’
1650 3708 1768 3748 cum
1816 3686 2049 3761 gentibus

452 3815 646 3879 edebat,
685 3810 788 3866 hoc
810 3814 892 3863 est
916 3818 1037 3859 cum
1064 3800 1129 3855 iis
1156 3797 1246 3869 qui
1270 3802 1424 3851 erant
1450 3785 1766 3846 Antiocbite.
1795 3782 1922 3837 Cum
1953 3795 2051 3831 au-

455 3922 553 3965 tent
581 3905 831 3961 venissent
858 3895 1070 3970 quidam
1094 3885 1452 3960 Jerosolymis,
1475 3879 1629 3953 periti
1653 3876 1787 3948 legis
1811 3915 1827 3942 ,
1853 3873 2054 3928 subtra-

457 3999 605 4054 hebat
630 4006 678 4051 et
702 3965 1072 4067 segregabam:
1097 3983 1307 4040 Petrus,
1347 3979 1528 4032 timens
1550 3988 1632 4027 eos
1652 3970 1737 4042 qui
1759 3983 1821 4022 ea;
1838 3965 2057 4020 circnm-

457 4092 649 4146 cisione
687 4093 853 4141 erant.
883 4074 1193 4149 Quosnam?
1231 4071 1339 4127 Eos
1367 4067 1456 4139 qui
1485 4081 1515 4119 a
1539 4062 1740 4120 Jacobo
1763 4053 2058 4113 descende-

460 4190 618 4244 rant;
666 4175 735 4232 Et
772 4146 1149 4228 abducebantur
1189 4178 1306 4217 cum
1332 4156 1584 4244 eo’cazteri
1610 4150 1804 4208 Judtri.
1831 4146 2056 4216 Quinam

463 4269 636 4328 1η(ῐωί
657 4268 681 4322 ?
702 4262 1151 4334 Qui,priusquam
1173 4239 1610 4320 ierosolvmitani
1631 4239 2057 4300 descendissent,

465 4361 765 4422 Antiochiae
790 4328 1072 4427 degebant,
1100 4361 1201 4403 nec
1228 4345 1390 4400 ullam
1417 4337 1846 4395 observationem
1874 4328 2061 4385 Judai-

468 4475 587 4513 eam
612 4420 991 4511 custodiebant
1018 4461 1034 4500 :
1067 4442 1153 4499 Ita
1168 4448 1223 4495 ut
1244 4446 1291 4493 et
1330 4430 1593 4490 Barnabas
1622 4428 1888 4482 duceretur
1911 4421 1973 4475 ab
1995 4420 2066 4474 eis

467 4559 520 4610 in
548 4554 693 4608 illam
710 4545 1109 4606 simulationem.
1133 4539 1308 4608 Atque
1332 4531 1447 4586 hsce
1466 4525 1680 4599 quidem
1707 4530 1808 4588 est,
1831 4534 1949 4591 quae
1971 4530 2066 4585 ap-

476 4656 632 4721 paret
657 4637 1031 4715 reprehensio.
2038 4630 2043 4637 ε

546 4741 635 4797 15.
677 4737 905 4792 Aliorum
958 4725 1295 4802 quorumdam
1331 4707 1629 4776 solutionem
1682 4706 1958 4783 prtrmittit.
2001 4729 2072 4742 -—

478 4834 646 4886 Porro
672 4829 716 4885 si
739 4827 888 4882 lubet
912 4864 928 4890 ,
959 4797 1288 4891 excogitatas
1314 4812 1475 4869 etiam
1498 4808 1565 4862 ab
1588 4803 1709 4861 aliis
1736 4797 2077 4855 defensiones

483 4923 570 4980 tibi
601 4921 773 4994 primo
798 4917 918 4972 loco
947 4909 1176 4985 posuero
1200 4950 1214 4972 ,
1244 4917 1356 4962 tum
1390 4916 1562 4957 meam
1604 4908 1820 4968 quoque
1858 4894 2077 4944 senten-

484 5016 612 5071 tiam
641 5008 879 5067 conabor
899 5008 1258 5074 expromere,
1283 4990 1745 5065 vobisquefaeiam
1770 4983 2042 5055 optionem
2062 5017 2078 5040 ,

487 5120 543 5163 ut
571 5123 636 5163 ex
662 5103 752 5169 iis,
782 5113 901 5171 qua:
930 5095 1072 5151 dicta
1101 5092 1320 5157 fuerint,
1339 5086 1481 5159 quod
1504 5076 1837 5155 potissimum
1857 5075 2080 5146 placant,

488 5198 715 5271 eligatis.
756 5165 874 5260 Qito
898 5187 1057 5259 igitur
1093 5189 1249 5253 pacto
1285 5176 1525 5234 nonnulli
1569 5173 1709 5228 hanc
1736 5165 2084 5240 quiestionem

498 5284 809 5346 solverunt?
837 5257 956 5339 Non
983 5286 1102 5335 erat
1128 5274 1215 5330 hic
1241 5272 1452 5336 Petrus,
1479 5266 1745 5337 inquiunt,
1767 5260 1860 5315 ille
1884 5257 2090 5329 primus

493 5380 881 5456 apostolorum,
907 5374 992 5430 cui
1026 5372 1240 5427 luerunt
1274 5375 1405 5425 oves
1428 5374 1457 5413 a
1478 5355 1690 5411 Christo
1715 5349 1932 5407 creditae
1950 5387 1966 5413 ,
1995 5343 2092 5401 sed

501 5436 638 5529 aiius
678 5436 947 5542 quispiam
998 5463 1120 5519 vilis
1160 5468 1215 5516 et
1243 5448 1505 5527 abiectus,
1549 5456 1605 5504 et
1648 5458 1787 5500 unus
1834 5456 1867 5496 e
1910 5436 2088 5506 vulgo.

506 5565 658 5623 Unde
688 5527 741 5617 id
760 5527 1008 5627 constat?
1037 5556 1170 5611 Cum
1182 5559 1406 5608 caeteros
1421 5543 1636 5601 Iudaeos
1655 5533 1912 5592 abductos
1935 5527 2098 5582 luisse

502 5670 624 5712 eum
656 5654 751 5710 illo
779 5624 1031 5731 dixisset,
1057 5644 1292 5715 adjecit,
1334 5634 1600 5708 inquiunt,
1628 5629 1715 5684 Ita
1743 5635 1796 5681 ut
1826 5633 1872 5678 et
1900 5619 2102 5677 Barna-

507 5751 593 5803 bas
637 5727 902 5801 duceretur
944 5755 1059 5793 cum
1103 5709 1172 5791 eis
1215 5735 1269 5788 in
1318 5732 1462 5786 illaut
1512 5722 1907 5781 simulationem.
1948 5709 2100 5780 Quod

513 5850 689 5898 autem
717 5835 871 5900 dixit,
904 5831 987 5886 Ita
1022 5839 1074 5883 ut
1100 5838 1146 5882 et
1172 5823 1465 5884 Barnabas,
1496 5817 1697 5872 iudicat
1726 5810 1892 5867 multo
1933 5805 2103 5861 fuisse

513 5925 805 5982 mirabilius
850 5920 1001 5989 illud,
1053 5930 1208 5987 quam
1250 5915 1466 5970 Petrum
1515 5906 1797 5963 abductum
1838 5913 1975 5957 esse.
2017 5893 2106 5949 Sic

1148 466 1208 522 S.
1249 457 1528 520 JOANNIS
1566 435 2037 510 CllRYSOSTOMl
2076 432 2393 492 ARCllIEP.
2435 390 2977 484 CONSTANTINOP.

3572 400 3680 457 384

2083 552 2226 607 enim
2254 549 2507 619 loquutus
2532 550 2636 606 est,
2669 548 2726 594 ut
2749 535 3003 605 majorem
3017 527 3165 584 illum
3180 535 3403 582 censere
3417 518 3687 579 videatur,

2083 643 2199 699 Non
2230 640 2389 696 modo
2416 637 2634 699 Petrus,
2660 628 2905 700 inquiens
2928 666 2944 690 ,
2972 621 3067 677 sed
3108 628 3163 675 et
3191 614 3462 673 Barnabas
3495 631 3511 667 :
3537 612 3690 679 atqui

2087 735 2361 793 Barnabas
2413 731 2571 786 Petro
2617 724 2709 778 illo
2761 719 2931 790 major
2981 730 3089 771 non
3116 720 3251 768 erat.
3294 709 3683 764 Verumtamen

2090 844 2195 886 non
2224 829 2294 882 ita
2323 840 2382 880 se
2409 837 2497 877 res
2529 819 2689 873 habet
2709 857 2723 877 ,
2754 814 2914 885 plane
2942 810 3011 864 ita
3056 821 3117 863 se
3144 820 3251 860 non
3278 802 3463 857 habet.
3499 797 3693 866 Neque

2090 923 2233 977 enim
2279 933 2344 973 eo
2372 912 2514 986 quod
2547 907 2817 965 Barnabas
2856 900 3028 969 major
3054 907 3235 960 esset,
3290 892 3412 948 ideo
3458 888 3690 943 miratur

2094 1011 2306 1081 magis:
2337 1006 2431 1062 sed
2484 1016 2643 1075 quam
2687 998 2758 1053 ob
2802 986 3246 1057 causam?Quod
3298 982 3548 1040 nimirum
3599 980 3696 1035 ille

2095 1104 2312 1177 quidem
2340 1101 2392 1155 in
2417 1092 2880 1153 circumcisioneni
2909 1085 3106 1140 missus
3134 1087 3297 1143 esset,
3329 1084 3383 1129 at
3421 1073 3701 1129 Barnabas

2100 1163 2221 1254 eum
2254 1193 2418 1250 Paulo
2444 1187 2691 1261 gentibus
2710 1180 3052 1254 praedicaret,
3081 1183 3135 1229 et
3156 1171 3352 1241 ubique
3377 1181 3499 1223 eum
3532 1163 3703 1219 Paulo

2101 1255 2485 1360 copularetur:
2513 1271 2962 1351 quemadmodum
3010 1267 3169 1338 igitur
3212 1261 3339 1317 alibi
3392 1258 3543 1323 dicit,
3591 1255 3704 1309 Aut

2100 1399 2191 1453 ego
2219 1379 2358 1433 solus
2384 1384 2431 1430 et
2453 1368 2720 1426 Barnabas
2744 1380 2847 1419 non
2870 1361 3114 1416 habemus
3145 1360 3438 1426 potestatem
3465 1364 3566 1403 non
3587 1363 3708 1417 ape-

2102 1440 2253 1528 rimdi
2293 1470 2368 1540 (l.
2399 1465 2518 1520 Cor.
2549 1462 2608 1518 9.
2630 1458 2722 1529 6)?
2765 1466 2819 1511 et
2845 1466 3054 1515 rursus,
3078 1444 3294 1503 Asceadi
3317 1440 3702 1511 Jerosolgmam

2105 1581 2219 1618 cum
2242 1532 2485 1616 Barnaba
2518 1553 2661 1627 (Gal.
2688 1550 2756 1606 ε.
2782 1547 2839 1618 ι)
2870 1562 2885 1599 ε
2918 1552 2974 1601 et
3001 1542 3197 1612 ubique
3221 1535 3370 1592 vides
3406 1532 3557 1588 illum
3580 1543 3710 1585 cum

2110 1655 2273 1712 Paulo
2301 1619 2537 1707 docere;
2558 1643 2674 1701 Non
2698 1653 2832 1711 ergo
2858 1634 2999 1708 quod
3027 1634 3187 1689 Petro
3221 1627 3394 1698 major
3415 1630 3594 1687 esset,
3620 1619 3710 1675 id-

2118 2028 2233 2100 ipse
2260 2036 2474 2096 quoque
2500 2024 2646 2074 esset
2682 2011 2961 2068 abductus.
3003 2003 3268 2060 Caeterum
3310 1996 3525 2052 Petrum
3564 1989 3721 2045 illum

2120 2133 2241 2177 esse
2265 2117 2332 2172 de
2364 2129 2469 2185 quo
2494 2111 2618 2166 lucc
2645 2104 2825 2163 omnia
2867 2100 3014 2164 dicit,
3040 2109 3163 2151 cum
3198 2106 3265 2147 ex
3294 2089 3360 2144 iis
3407 2099 3529 2157 quae
3571 2096 3723 2153 prte-

2121 2216 2417 2271 cesserunt,
2446 2213 2564 2259 tum
2590 2216 2654 2256 ex
2678 2199 2742 2253 iis
2767 2209 2886 2267 qua:
2914 2194 3232 2260 sequuntur,
3250 2177 3591 2237 manifestum
3611 2178 3725 2228 est.

2122 2300 2274 2372 Quod
2304 2269 2446 2355 enim
2483 2309 2544 2349 se
2586 2291 2640 2345 in
2683 2286 2873 2344 faciem
2913 2279 3174 2338 restitisse
3217 2273 3289 2326 illi
3314 2269 3472 2333 dicit,
3502 2280 3567 2320 ac
3622 2275 3730 2333 pro

2128 2353 2327 2465 tingi.
2351 2386 2482 2444 illud
2514 2383 2709 2446 habet,
2739 2376 2873 2433 nihil
2900 2368 3044 2427 aliud
3069 2366 3302 2430 indicat,
3323 2359 3424 2416 nisi
3450 2372 3509 2413 se
3548 2353 3734 2425 digni-

2128 2444 2305 2465 ----υηκ
2697 2444 2703 2446 ,

2127 2484 2290 2541 tatem
2311 2479 2533 2537 minime
2559 2471 2846 2531 reveritum
2873 2477 2995 2522 esse
3033 2470 3278 2531 persona:
3305 2468 3323 2508 :
3354 2462 3511 2521 porro
3555 2445 3626 2499 de
3654 2444 3733 2497 al-

2134 2627 2470 2742 nequdquam
2515 2662 2620 2716 hoe
2648 2671 2746 2728 pro
2793 2664 2988 2721 magno
3016 2642 3311 2701 habuisset.
3365 2635 3630 2691 Praeterea
3687 2627 3737 2681 si

2135 2719 2397 2834 quispia'm
2426 2755 2563 2809 alius
2607 2719 2796 2805 Petrus
2823 2719 3043 2804 fui—sset,
3072 2748 3180 2789 non
3217 2736 3421 2785 tantum
3466 2719 3734 2776 valuisset

2135 2812 2542 2922 ejusrmutatio,
2589 2848 2649 2896 ut
2674 2844 2899 2894 caeteros
2944 2828 3106 2885 etiam
3150 2820 3366 2879 Iudaeos
3415 2812 3737 2869 attraheret.

3402 2921 3405 2922 ν
3455 2905 3470 2922 .
3582 2918 3595 2922 _
3643 2898 3737 2922 η,

2138 2898 2322 3014 bieque
2375 2898 2870 2994 enim'adhortatus
2912 2930 3013 2986 est,
3061 2928 3235 2986 neque
3285 2904 3597 2966 consuluit:
3640 2898 3741 2956 sed

2151 2993 2357 3093 tan‘tum
2385 3024 2732 3087 subtrahebat
2754 3026 2812 3075 et
2832 3010 3144 3086 segregabat
3171 3020 3231 3061 se
3262 3020 3275 3057 :
3302 3010 3461 3071 atque
3492 2996 3580 3051 illa
3609 2993 3746 3047 sub-

2147 3127 2338 3185 tractio
2418 3134 2475 3178 et
2536 3114 2834 3188 segregatio
2896 3085 3121 3163 ezeteros
3179 3108 3369 3153 omnes
3444 3085 3744 3157 discipulos

2145 3219 2415 3277 attrahere
2441 3212 2610 3285 potuit
2638 3215 2853 3279 propter
2871 3211 3114 3272 personae
3154 3188 3488 3261 dignitatem.

2219 3312 2307 3369 16.
2348 3268 2523 3364 Altera
2568 3268 2752 3357 solutio
2801 3268 3113 3366 quiratianis,
3156 3297 3251 3336 cur
3298 3275 3634 3349 reprehensus
3681 3268 3749 3323 sit

2150 3408 2356 3469 Petrus,
2380 3416 2478 3469 quo
2494 3394 2713 3452 consilio
2740 3360 2940 3443 Paulus
2964 3379 3171 3435 Petrum
3189 3376 3443 3444 argueret.
3470 3394 3541 3405 —
3560 3360 3751 3431 Itaque

2152 3501 2370 3556 Petrum
2398 3492 2563 3548 fuisse
2593 3485 2724 3542 satis
2752 3496 2817 3537 ex
2871 3476 2957 3532 his
2996 3476 3209 3529 constat
3234 3482 3251 3521 :
3275 3470 3530 3519 czeterum
3583 3453 3752 3508 aliam

2153 3590 2493 3650 solutionem,
2536 3580 2583 3636 si
2613 3575 2821 3638 velitis,
2854 3570 3119 3627 dicemus.
3158 3560 3412 3628 Quaenam
3453 3550 3612 3622 igitur
3667 3556 3754 3602 est

2155 3636 2577 3739 alterni-"iidem
2625 3636 2841 3726 Petrum
2886 3651 3317 3730 reprehendebat
3357 3644 3573 3706 Paulus,
3602 3636 3755 3710 quod

2158 3775 2296 3830 ultra
2321 3768 2539 3825 modum
2578 3755 2910 3829 indulgentia
2951 3757 3214 3806 uteretur.
3252 3738 3386 3796 Nam
3414 3748 3516 3807 qua
3541 3730 3757 3787 ratione

2160 3866 2273 3937 ipse
2294 3903 2308 3929 ,
2338 3873 2462 3917 cum
2492 3862 2636 3912 esset
2654 3818 3021 3916 Jervosolyniis,
3053 3825 3515 3892 eondescendebat
3529 3818 3756 3886 Iudaeis,

2160 3914 2349 4014 eradeiu
2379 3963 2590 4023 quoque
2637 3944 2789 4000 illum
2829 3914 3095 4007 oportuit,
3128 3940 3250 3984 cum
3292 3914 3632 3977 Antiochiam
3662 3925 3762 3965 ve-

2165 4051 2355 4112 nisset,
2385 4059 2494 4100 non
2527 4039 2593 4095 ad
2616 4036 2833 4093 .ludieos
2848 4026 3117 4097 respicere
3142 4062 3156 4086 ,
3184 4015 3277 4074 sed
3315 4011 3383 4068 ad
3404 4021 3499 4066 eos
3518 4004 3610 4077 qui
3632 4016 3763 4057 ere-

2165 4142 2412 4200 diderant
2437 4152 2504 4192 ex
2547 4129 2815 4204 gentibus.
2855 4120 2928 4179 Ut
2973 4117 3139 4182 enim,
3191 4121 3314 4165 cum
3367 4114 3556 4158 omnes
3607 4100 3767 4151 erant

2169 4231 2363 4297 Judaei,
2393 4189 2781 4285 etiamvPaulus
2827 4210 3097 4286 jndaizare
3135 4208 3350 4258 coaetus
3374 4202 3462 4251 est
3487 4206 3502 4245 :
3530 4189 3603 4244 ita
3625 4198 3753 4240 cum

2172 4328 2356 4399 plures
2376 4327 2618 4378 erantex
2641 4309 2911 4386 gentibus,
2938 4315 3040 4358 nec
3063 4297 3225 4354 ullam
3252 4288 3442 4346 civitas
3468 4278 3768 4340 necessita-

2899 4397 2909 4399 μ
3236 4398 3241 4399 ί
3276 4377 3502 4399 “ut”
3548 4379 3768 4399 “mm

2178 4377 2285 4473 [em
2333 4377 2679 4481 indulgentim
2730 4397 3010 4459 afferebat,
3062 4404 3171 4446 non
3223 4377 3505 4454 oportebat
3548 4379 3771 4444 propter

2178 4521 2376 4582 paucos
2402 4460 2618 4561 Jud’mos
2642 4491 2898 4554 seandalo
2923 4499 3044 4544 esse
3083 4489 3159 4538 tot
3186 4471 3494 4549 gentilibus.
3533 4464 3601 4520 At
3625 4460 3773 4516 enim

2180 4550 2285 4657 hoc
2315 4612 2420 4654 non
2454 4594 2565 4667 jam
2592 4585 2788 4648 solutio
2815 4588 2917 4647 est,
2947 4573 3044 4633 sed
3070 4562 3414 4641 ampliﬁcatio
3439 4550 3773 4630 quaestionis.

3153 4660 3165 4667 .
3246 4658 3258 4667 .
3406 4665 3457 4667 ΑΔ
3511 4646 3559 4667 ,_,
3608 4640 3766 4667 ηκ-

2182 4646 2285 4657 us-
2315 4646 2420 4654 -.---
2454 4646 2545 4667 Γ--
2594 4646 2613 4648 ,_
2904 4646 2907 4647 ν

2180 4689 2336 4761 Quod
2387 4686 2530 4743 enim
2581 4682 2633 4737 in
2653 4673 2876 4736 exordio
2899 4667 3011 4727 dixi
3033 4658 3293 4721 orationis
3315 4695 3332 4721 ,
3359 4665 3467 4708 non
3510 4646 3562 4702 id

2189 4737 2336 4761 κ..--

2189 4782 2520 4859 propositum
2546 4783 2631 4833 est
2653 4815 2667 4839 ,
2695 4779 2758 4827 ut
2793 4761 3139 4825 ostendamus
3180 4760 3329 4810 recte
3370 4737 3780 4817 reprehendisse

2894 4858 2897 4859 ν
3322 4838 3528 4859 runt-
3591 4832 3779 4859 πλε-...α

2189 4832 2447 4941 Paulum;
2500 4871 2581 4927 sic
2630 4866 2773 4924 enim
2820 4858 2995 4916 adhuc
3043 4848 3268 4909 restabit
3308 4838 3552 4914 quaestio.
3591 4832 3780 4889 Petrus

2189 4971 2333 5028 enim
2362 4962 2624 5022 obnoxius
2661 4947 3018 5013 criminationi
3062 4939 3366 5002 videbitur;
3392 4929 3489 4988 sed
3524 4925 3578 4983 id
3606 4923 3776 4993 potis-

2193 5064 2387 5119 simum
2415 5054 2735 5128 qumrimus,‘
2751 5060 2859 5118 quo
2889 5048 3045 5119 pacto
3070 5043 3126 5093 et
3150 5033 3317 5096 hunc,
3337 5036 3394 5083 et
3418 5023 3568 5081 illum
3599 5028 3783 5086 repre-

3123 5124 3134 5128 -
3176 5124 3188 5128 -
3407 5125 3417 5128 -
3494 5112 3543 5128 -.
3575 5108 3656 5128 η-.
3678 5104 3704 5128 ι
3730 5102 3783 5128 ει

2195 5102 2457 5209 liensione
2493 5102 2801 5200 liberemus.
2843 5102 3088 5202 Quonam
3122 5124 3282 5197 igitur
3302 5125 3461 5191 pacto
3492 5112 3546 5168 id
3573 5104 3704 5164 lict!
3730 5102 3785 5159 Si

2196 5259 2301 5317 qua
2327 5248 2505 5297 mente
2533 5247 2681 5290 unus
2695 5224 3007 5297 inereparit,
3037 5227 3093 5276 et
3121 5217 3257 5272 alter
3284 5208 3445 5267 fuerit
3466 5206 3792 5270 increpatus,

3223 5304 3257 5317 ..
3406 5314 3440 5317 η
3507 5294 3634 5317 nm
3668 5298 3792 5317 Mm

2200 5294 2499 5395 discamus,
2531 5334 2589 5383 et
2611 5294 2931 5380 sententiam
2951 5313 3095 5369 illam
3117 5304 3469 5377 explicemus.
3507 5294 3637 5361 Qua:
3668 5298 3795 5343 tan-

2206 5522 2398 5578 Petrus
2413 5558 2427 5582 ,

2213 5707 2327 5775 ipse
2350 5697 2672 5756 sententiam
2698 5681 3100 5746 introduxisset,
3126 5673 3258 5732 etin
3284 5665 3521 5725 medium
3559 5664 3805 5729 progres-

2908 5771 2979 5775 _--
3154 5766 3166 5775 .
3231 5762 3244 5775 .
3312 5759 3324 5771 .
3511 5748 3655 5775 mm,
3683 5757 3805 5775 mm

2214 5748 2327 5775 .,,,ν

2214 5808 2307 5851 sus
2324 5789 2578 5852 dixisset,
2610 5778 2847 5840 Judaieis
2875 5771 3067 5831 ritibus
3093 5766 3169 5821 uti
3212 5758 3443 5819 desinite
3460 5794 3481 5822 ,
3508 5748 3658 5823 quasi
3680 5757 3806 5799 con-

2219 5884 2381 5942 traria
2423 5878 2524 5935 sibi
2572 5874 2673 5947 ipsi
2697 5912 2715 5942 ,
2743 5879 2801 5927 et
2828 5867 2895 5924 iis
2918 5859 3188 5924 omnibus,
3218 5866 3339 5925 quin
3366 5847 3435 5904 ab
3462 5846 3578 5917 ipso
3601 5838 3812 5892 fuerant
