4062 6428
461 462 561 520 333

1470 454 1549 508 iN
1588 452 1817 519 ILLUD,
1855 452 1920 506 IN
1962 450 2215 507 FACII'ZM
2253 446 2323 505 ΕΙ
2360 452 2664 510 RESTITL

3613 446 3721 503 εει

453 570 556 641 τὴν
590 570 917 644 Ἐκκλησίαν
950 569 1075 622 τότε
1107 567 1479 623 ἐπεσκόπευεν
1522 571 1578 622 ἐν
1615 569 1781 640 ἀρχῇ,
1830 568 1929 636 τὴν
1974 567 2031 619 ἐν
2139 562 2299 618 τοῦτο
2332 563 2771 650 θαυμαστότερον
2798 558 2866 634 ἦν
2894 563 2989 617 τοῦ
3026 564 3232 637 Πέτρον
3259 563 3588 637 ἀπαχθῆναι.
3630 566 3717 632 Ὦς

463 658 879 731 Ἰεροσολύμοις,
927 657 1019 711 καὶ
1053 656 1163 710 τῶν
1196 656 1258 721 ἐξ
1306 656 1579 710 Ἰουδαίων
1620 655 2032 710 πιστευσάντων
2140 654 2249 727 γάρ
2283 653 2505 727 μείζονα
2535 654 2696 710 αὐτὸν
2724 653 2912 719 τιθεὶς,
2945 654 3118 720 οὕτως
3147 651 3322 723 εἶπεν,
3350 657 3429 710 ὅτι
3461 658 3523 710 οὐ
3557 657 3719 728 μόνον

453 746 804 818 προειστήκει
836 745 1078 800 πάντων.
1110 743 1402 798 Συνέϐαινε
1430 743 1488 796 δέ
1517 739 1661 798 εῖναι
1689 744 1784 797 καὶ
1812 744 1870 796 ἐν
1912 743 2031 795 Ἀν-

446 832 659 905 τιοχείᾳ
691 832 999 900 Ἰουδαίους,
1028 832 1225 897 οἵτινες
1255 830 1653 895 πιστεύσαντες
1674 831 1752 902 τῷ
1782 829 2027 903 Χριστῷ,

445 919 536 974 διά
571 920 636 974 τὸ
656 918 766 974 τῶν
808 919 1205 992 Ἰεροσολύμων
1244 916 1385 973 εῖναι
1425 920 1637 991 πόρρω,
1669 919 1764 973 καὶ
1795 918 2028 982 πολλοὺς

444 1006 578 1078 όρᾷν
607 1006 736 1071 τοὺς
761 1006 822 1072 ἐξ
850 1006 1022 1061 ἐθνῶν
1050 1006 1487 1069 πεπιστευκότας
1512 1005 1688 1068 ἀδεῶς
1727 1005 1823 1060 καὶ
1857 1006 2027 1077 χωρὶς

457 1092 763 1147 Ἰουδαϊκῶν
792 1095 1230 1166 παρατηρήσεων
1256 1092 1524 1164 βιοῦντας,
1552 1091 1736 1164 ήρέμα
1759 1093 1853 1146 καὶ
1884 1091 2027 1146 κατά

445 1177 643 1250 μικρὸν
689 1179 945 1251 ἐνήγοντο
986 1180 1082 1233 καὶ
1113 1180 1268 1235 αὐτοὶ
1311 1180 1411 1250 τῆς
1453 1179 1755 1249 Ἰουδαϊκῆς
1800 1178 2028 1248 ἀφίστα-

443 1263 569 1319 σθαι
595 1264 908 1337 συνηθείας,
930 1266 1025 1320 καὶ
1044 1265 1292 1338 καθαράν
1314 1267 1409 1321 καὶ
1434 1266 1720 1320 ἀνόθευτον
1750 1264 1839 1335 ἔχε
1851 1282 1897 1318 ιν
1924 1264 2023 1346 τὴν

437 1351 541 1422 τῆς
590 1352 831 1418 πίστεως
881 1354 1254 1411 διδασκαλίαν.
1301 1354 1596 1410 Κατελθὼν
1628 1354 1808 1409 τοίνυν
1838 1356 1866 1408 6
1914 1354 2021 1407 Πέ-

435 1456 588 1512 τρος,
619 1440 715 1494 καὶ
745 1441 869 1495 ίδὼν
907 1443 1008 1497 οὐκ
1035 1438 1200 1497 οὖσαν
1235 1443 1483 1514 ἀνάγκην
1512 1443 1773 1513 οὐδεμίαν
1819 1458 2022 1513 συγκα-

433 1526 739 1593 ταϐάσεως,
775 1529 1006 1594 ἐθνικῶς
1041 1529 1137 1602 ἔζη
1171 1529 1379 1585 λοιπόν.
1414 1528 1487 1582 Τὸ
1515 1529 1590 1593 δὲ,
1628 1528 1858 1593 ἐθνικῶς
1893 1531 2016 1603 ζῇν,

433 1612 589 1668 τοῦτό
615 1632 778 1686 φησιν
805 1617 835 1670 6
863 1615 1100 1682 Παῦλος,
1126 1617 1189 1671 τὸ
1219 1617 1387 1689 χωρὶς
1428 1617 1726 1688 Ἰουδαϊκῆς
1759 1633 2013 1690 παρατη-

434 1704 664 1775 ρήσεως,
692 1704 754 1760 τὺ
786 1705 952 1777 μηδὲν
980 1705 1089 1761 τῶν
1121 1707 1368 1777 νομίμων
1399 1706 1624 1759 ἐκείνων
1653 1705 2014 1778 παραφυλάτ-

430 1808 568 1855 τειν,
590 1788 723 1857 οἷον,
747 1793 1073 1866 περιτομὴν,
1093 1795 1128 1865 ἢ
1154 1794 1443 1861 σάϐϐατον,
1469 1794 1503 1865 ἦ
1525 1812 1580 1847 τι
1599 1794 1707 1848 τῶν
1731 1793 2007 1850 τοιούτων.

429 1877 644 1943 Ζῶντος
691 1880 875 1934 τοίνυν
924 1881 1069 1934 οὕτω
1113 1881 1209 1935 τοῦ
1264 1882 1498 1953 Πέτρου,
1548 1881 1816 1953 κατῆλθόν
1867 1899 2012 1947 τινες

442 1964 688 2020 Ἰουδαῖοι
712 1967 824 2021 ἀπὸ
855 1967 1136 2035 Ἰακώϐου,
1162 1969 1462 2033 τουτέστιν,
1491 1967 1552 2033 ἐξ
1588 1967 2002 2040 Ἰεροσολύμων,

427 2050 499 2117 οἳ,
534 2052 622 2106 διὰ
664 2050 725 2106 τδ
769 2053 1064 2118 διαπαντὸς
1107 2055 1204 2109 ἐπὶ⁵
1238 2057 1336 2128 τῆς
1372 2056 1762 2127 μητροπόλεως
1805 2056 2013 2128 διατρί-

426 2135 564 2204 ϐειν,
614 2137 710 2192 καὶ
760 2139 968 2211 μηδένα
1014 2142 1149 2210 όρᾷν
1195 2140 1402 2211 ἑτέρως
1439 2142 1888 2212 πολιτευόμενον,
1929 2143 2009 2197 ἔτι

423 2225 523 2297 τὴν
552 2226 824 2298 πρόληψιν
855 2224 1000 2300 εἶχον
1025 2231 1129 2301 τὴν
1173 2231 1493 2303 Ἰουδαϊκὴν,
1528 2234 1622 2286 καὶ
1657 2233 1863 2298 πολλὰς
1897 2234 2007 2288 τῶν

425 2314 862 2386 παρατηρήσεων
890 2316 1119 2369 ἐκείνων
1158 2318 1512 2388 ἐπεσύροντο.
1550 2318 1788 2382 Τούτους
1822 2318 1947 2374 ἰδὼν
1977 2323 2006 2375 6

424 2400 652 2472 Πέτρος,
694 2402 822 2466 τοὺς
865 2403 974 2456 ἀπὸ
1036 2402 1293 2458 Ἰακώϐου
1348 2406 1443 2459 καὶ
1490 2405 1549 2472 ἐξ
1613 2406 2004 2478 Ἰεροσολύμων

422 2488 821 2556 κατελθόντας,
882 2489 1273 2563 ἀσθενέστερον
1318 2491 1701 2563 διακειμένους
1751 2493 1854 2560 ἐτι,
1906 2498 2000 2550 καὶ

420 2573 680 2645 φοϐηθεὶς
717 2576 792 2647 μὴ
837 2575 1320 2643 σκανδαλισθέντες
1361 2579 1461 2648 τῆς
1504 2580 1746 2644 πίστεως
1783 2583 2004 2655 ἀποπη-

417 2660 651 2732 δήσωσι,
672 2662 1004 2734 μετετάξατο
1028 2664 1212 2730 πάλιν,
1238 2666 1334 2720 καὶ
1359 2666 1422 2719 τὸ
1439 2664 1540 2737 ζῇν
1558 2668 1789 2734 ἐθνικῶς
1814 2671 1997 2739 ἀφεὶς,

418 2750 513 2805 ἐπὶ
560 2754 663 2825 τήν
706 2756 980 2828 προτέραν
1029 2756 1441 2826 ωγκατάϐασιν
1479 2753 1649 2829 ἦλθε,
1692 2760 2000 2833 βρωμάτων

417 2846 833 2917 παρατηρήσεις
865 2848 1166 2917 φυλάττων.
1212 2849 1432 2912 Ἰδόντες
1459 2847 1554 2906 οὖν
1586 2852 1750 2907 αὑτὸν
1779 2856 1826 2907 οί
1866 2856 1998 2907 Ἰου-

415 2931 574 2999 δαῖοι,
602 2937 653 2991 οί
679 2939 737 2990 ἐν
782 2938 1084 3009 Ἀντιοχείᾳ
1115 2939 1502 3010 διατρίϐοντες,
1526 2940 1688 2996 τοῦτο
1713 2943 1996 3011 ποιοῦντα,

414 3024 510 3077 καὶ
536 3025 636 3079 οὐκ
679 3028 880 3093 εἰδότες
916 3030 1084 3084 αὐτοῦ
1120 3030 1219 3103 τὴν
1257 3031 1519 3104 γνώμην,
1568 3035 1689 3106 μεθ’
1720 3030 1788 3107 ἦς
1824 3037 1997 3092 ταῦτα

413 3115 672 3187 ἔπραττε,
709 3121 1136 3193 συναπήχθησαν
1159 3123 1255 3177 καὶ
1284 3127 1459 3192 αὐτοὶ,
1490 3128 1585 3182 καὶ
1611 3129 1988 3199 ἠναγκάζοντο

415 3205 704 3272 ίουδαϊζειν
732 3209 823 3263 διὰ
841 3210 935 3265 τὸν
960 3211 1299 3271 διδάσκαλον.
1324 3217 1435 3270 Καὶ
1466 3217 1625 3272 τοῦτό
1653 3222 1823 3284 ἐστιν,
1852 3221 1989 3293 ὅπερ

410 3298 442 3350 6
479 3298 694 3362 Παῦλος
736 3301 958 3370 ἐγκαλεῖ
976 3320 993 3334 ἠ
1027 3305 1125 3360 καὶ
1159 3305 1247 3360 ἵνα
1295 3307 1629 3381 σαφέστερον
1673 3311 1902 3383 γένηται
1934 3312 1997 3366 τὸ

410 3386 736 3460 λεγόμενον.
771 3392 913 3448 αύτά
946 3395 1075 3465 ὑμῖν
1103 3396 1291 3451 λοιπὸν
1324 3398 1715 3470 ἀναγνώσομαι
1762 3401 1833 3454 τὰ
1865 3404 1996 3456 ἀπο-

411 3480 636 3535 στολικά
674 3482 916 3554 ῥήματα.
946 3485 1086 3538 Ὅτε
1109 3485 1179 3537 δὲ
1210 3482 1360 3556 ἦλθε
1392 3488 1613 3556 Πέτρος
1647 3492 1734 3556 είς
1781 3491 1989 3545 Ἀντιό-

406 3589 601 3642 χειαν,
636 3572 787 3628 κατὰ
816 3577 1142 3643 πρόσωπον
1157 3576 1318 3643 αὐτῷ
1344 3579 1668 3649 ἀντέστην,
1698 3581 1787 3635 ὅτι
1818 3600 1990 3637 κατε-

406 3662 752 3734 γνωσμένος
787 3661 887 3736 ἦν.
939 3665 1061 3736 Πρὸ
1096 3667 1204 3723 τοῦ
1246 3667 1358 3738 γὰρ
1406 3670 1606 3725 ἐλθεῖν
1653 3668 1839 3741 τιναςῗ
1867 3676 1985 3730 ἀπὸ

418 3753 723 3821 Ἰακώϐου,
761 3755 1061 3822 τουτέστιν,
1095 3757 1156 3824 ἐξ
1209 3759 1635 3832 Ἱεροσολύμων,
1681 3763 1834 3834 μετὰ
1868 3764 1993 3839 τῶν.

401 3841 594 3900 ἐθνῶν
613 3845 932 3915 συνήσθιε,
961 3849 1228 3917 τουτέστι,
1256 3850 1364 3904 τῶν
1395 3850 1455 3905 ὲν
1494 3851 1814 3927 Ἀντιοχείᾳ.
1846 3856 1983 3911 Ὅτε

399 3933 471 3988 δέ
513 3931 707 4007 ἦλθόν
760 3954 921 4006 τινες
966 3938 1036 4004 ἐξ
1098 3940 1567 4013 Ἰεροσολύμων,
1626 3945 1978 4017 νομομαθεϊς,

396 4023 760 4093 ὑπέστελλε,
784 4029 884 4085 καὶ
904 4029 1208 4098 ἀφώρισεν
1226 4030 1443 4086 ἑαυτὸν
1462 4035 1495 4087 ό
1517 4033 1737 4102 Πέτρος
1760 4038 1978 4106 φοϐού-

392 4132 577 4186 μενος
603 4117 746 4184 τοὺς
780 4119 851 4174 ἐκ
888 4119 1231 4190 περιτομῆς.
1264 4120 1499 4190 Ποίους;
1540 4124 1680 4189 Τοὺς
1712 4126 1823 4179 ἀπὸ
1874 4128 1979 4180 Ἰαρ

395 4205 576 4261 κώϐου
607 4208 964 4275 κατελθόντας
983 4227 998 4243 ο
1026 4213 1136 4267 Καὶ
1164 4213 1657 4286 συναπήχθησαν
1686 4218 1847 4285 αὐτῷ
1876 4220 1977 4274 καί

392 4300 455 4354 οι
490 4299 692 4355 λοιποὶ
736 4301 1030 4360 Ἰουδαῖοι.
1070 4305 1222 4360 Ποϊοι
1266 4307 1543 4376 Ἰουδαϊοι;
1592 4311 1656 4364 Οἱ
1692 4311 1821 4383 πρὶν
1849 4315 1976 4377 τοὺς

391 4390 457 4456 ἐξ
492 4391 890 4464 Ἰεροσολύμων
917 4396 1223 4467 καταϐῆναι
1252 4399 1311 4452 ἐν
1349 4399 1650 4472 Ἀντιοχείᾳ
1684 4403 1975 4475 διατρίϐον-

387 4493 501 4542 τες,
558 4483 653 4536 καὶ
694 4483 966 4555 μηδεμίαν
1024 4486 1331 4557 Ἰουδαϊκήν
1355 4492 1740 4563 παρατήρησιν
1778 4493 1975 4563 φυλάτ-

386 4589 577 4639 τοντες
599 4592 613 4606 ο
647 4575 833 4631 Ὥστε
869 4575 977 4630 καί
1010 4576 1323 4647 Βαρνάϐας
1361 4581 1726 4653 συναπήχθη
1771 4586 1974 4641 αὐτῶν

358 4663 470 4737 ¹δι’ἰὶ
507 4669 843 4736 ὑποκρίσει.
886 4666 1045 4742 [574]
1082 4670 1193 4723 Καὶ
1249 4670 1305 4725 τὸ
1345 4672 1443 4743 μὲν
1475 4673 1665 4728 δοκοῦν
1714 4675 1970 4750 ἔγκλημα

387 4752 551 4827 εἶναι,
573 4757 757 4815 τοῦτο.

467 4849 550 4907 ιε’.
575 4851 642 4905 EE
661 4851 718 4906 δὲ
740 4851 1027 4923 βούλεσθε,
1048 4855 1145 4911 καὶ
1166 4855 1268 4921 τὰς
1296 4857 1426 4928 παρ’
1450 4858 1652 4930 ἐτέρων
1670 4861 1967 4930 ἀπολογίας

387 4945 817 5018 ἐπινενοημένας
858 4949 1123 5023 πρότερον
1153 4950 1284 5018 θεὶς,
1317 4953 1441 5007 τότε
1470 4955 1566 5007 καὶ
1598 4955 1688 5010 τὸν
1727 4958 1966 5027 ἐμαυτοῦ

2139 745 2365 816 Πέτρος,
2422 745 2557 801 ἀλλά
2609 746 2703 801 καὶ
2755 746 3075 820 Βαρνάϐας*
3135 749 3345 821 Πέτρου
3394 749 3452 803 δὲ
3506 752 3715 806 ἐκείνου

2143 837 2345 907 μείζων
2383 836 2666 908 Βαρνάϐας
2689 838 2789 894 οὐκ
2824 835 3075 911 avum»
3112 842 3212 917 ούκ
3245 841 3363 895 ἐστι
3390 842 3584 910 ταῦτα,
3615 844 3717 898 οὐκ

2137 926 2305 982 ἐστιν.
2349 928 2423 983 Οὐ
2457 928 2585 1002 γὰρ,
2629 931 2820 1000 ἐπειδὴ
2864 932 3065 1001 μείζων
3093 928 3163 1005 ἦν
3205 936 3234 989 6
3273 934 3592 1006 Βαρνάϐας,
3625 936 3718 991 διά

2135 1016 2293 1072 τοῦτο
2329 1019 2423 1072 ἐπὶ
2467 1020 2642 1092 τούτῳ
2670 1021 2942 1091 θαυμάζει
2983 1023 3204 1093 μᾶλλον,
3248 1024 3386 1078 ἀλλά
3417 1025 3561 1090 τίνος
3599 1026 3715 1080 ἕνε-

2133 1124 2265 1174 κεν;
2296 1108 2417 1161 Ὅτι
2449 1110 2657 1173 ἐκεῖνος
2699 1111 2798 1181 μὲν
2825 1113 2906 1175 είς
2934 1112 3033 1183 τὴν
3070 1114 3373 1189 περιτομὴν
3404 1116 3710 1187 ἀπεστάλη,

2133 1198 2419 1270 Βαρνάϐας
2436 1200 2494 1254 δὲ
2527 1201 2666 1273 μετά
2694 1201 2908 1256 Παύλου
2929 1206 3040 1267 τοῖς
3064 1204 3274 1259 ἔθνεσιν
3303 1208 3589 1279 ἐκήρυττε,
3613 1209 3711 1262 καὶ

2132 1289 2406 1360 πανταχοῦ
2434 1289 2515 1362 τῷ
2552 1292 2749 1363 Παύλῳ
2786 1294 3173 1360 συνέζευκται·
3210 1295 3401 1369 ῶσπερ
3424 1293 3518 1352 οὖν
3544 1298 3711 1352 ἀλλα-

2129 1380 2227 1450 χοῦ
2258 1399 2443 1452 φησιν,
2472 1384 2542 1440 Ἠ
2556 1384 2743 1454 μόνος
2770 1384 2884 1455 ἐγὼ
2909 1387 3010 1439 καὶ
3028 1387 3339 1456 Βαρνάϐας
3358 1392 3469 1445 οὐκ
3489 1391 3712 1460 ἔχομεν

2127 1472 2422 1537 ἐξουσίαν
2451 1476 2559 1530 τοῦ
2582 1476 2669 1547 μὴ
2704 1477 3084 1548 ἐργὰζὲσθαι;
3115 1481 3211 1534 καὶ
3241 1481 3426 1548 πάλιν,
3470 1482 3711 1552 Ἀνέϐην

2126 1565 2215 1629 εἰς
2253 1563 2632 1636 Ἰεροσόλυμα
2648 1569 2799 1637 μετὰ
2821 1568 3114 1639 Βαρνάϐα,
3136 1572 3233 1625 καὶ
3262 1574 3536 1645 πανταχοῦ
3567 1577 3709 1646 μετὰ

2125 1656 2221 1710 τοῦ
2255 1658 2469 1712 Παύλου
2512 1659 2830 1715 διδάσκοντα
2861 1665 3022 1719 αὑτὸν
3049 1666 3203 1738 ὁρᾷς.
3240 1667 3365 1720 υύκ
3390 1668 3577 1741 ἐπειδὴ
3611 1664 3706 1722 οὖν

2128 1747 2329 1819 μείζων
2351 1747 2419 1821 ἦν
2445 1752 2678 1822 Πέτρου,
2701 1753 2789 1808 διά
2812 1754 2970 1809 τοῦτο
2990 1756 3288 1828 θαυμάζει,
3313 1759 3396 1812 ὅτι
3426 1759 3523 1813 καὶ
3543 1760 3707 1824 αὐτὸς

2126 1843 2477 1915 συναπήχθηο
2507 1844 2624 1898 ἀλλ’
2665 1846 2854 1914 ἐπειδὴ
2898 1849 3015 1919 μετ’
3055 1850 3220 1903 αὐτοῦ
3254 1851 3544 1922 κηρύττων
3594 1853 3704 1919 ἀεὶ,

2123 1933 2219 1987 καὶ
2246 1934 2400 1989 οὐδὲν
2433 1938 2613 1992 κοινὸν
2641 1938 2778 2010 πρὸς
2829 1939 3117 2005 Ἰουδαίους
3157 1941 3320 2013 ἔχων,
3346 1943 3459 1997 ἀλλ’
3495 1946 3552 1999 ἐν
3589 1946 3707 2010 τοϊς

2121 2024 2300 2081 ἔθνεσι
2331 2027 2622 2094 διδάσκων,
2653 2032 2749 2083 καὶ
2772 2032 2935 2095 αὐτὸς
2972 2034 3315 2107 συναπήχθη.
3350 2036 3471 2090 Ὅτι
3506 2037 3564 2091 δὲ
3594 2036 3704 2092 Πέδ-

2117 2135 2246 2188 τρος
2280 2120 2416 2182 ἐστὶ,
2449 2121 2578 2192 περὶ
2613 2115 2674 2174 οὗ
2704 2123 2877 2177 ταῦτα
2917 2124 3096 2178 πάντα
3130 2128 3298 2197 φησῖι,
3329 2126 3487 2198 δῆλον
3518 2130 3611 2183 καὶ
3634 2130 3707 2183 ἐκ

2116 2210 2223 2264 τῶν
2264 2210 2540 2283 ἀνωτέρω,
2577 2216 2671 2267 καί
2715 2215 2779 2268 ἐκ
2820 2215 2928 2269 τῶν
2961 2217 3101 2287 μετά
3137 2216 3329 2272 ταῦτα.
3384 2220 3457 2272 T6
3486 2220 3596 2291 γάρ
3627 2221 3701 2272 είς

2116 2303 2241 2353 πεῖν
2265 2340 2280 2365 ,
2323 2302 2405 2355 ὅτι
2441 2303 2599 2357 Κατὰ
2642 2305 2933 2375 πρόσωπον
2965 2306 3114 2377 αὐτῷ
3162 2308 3453 2380 ἀντέστην,
3483 2309 3579 2362 καὶ
3620 2310 3700 2375 ώς

2118 2392 2260 2462 μέγα
2297 2391 2469 2445 θεῖναι
2508 2392 2688 2457 τοῦτο,
2729 2394 2881 2447 οὐδὲν
2911 2395 3098 2467 ἕτερον
3132 2396 3422 2468 δηλοῦντος
3453 2394 3543 2469 ἦν,
3577 2397 3694 2452 ἀλλ’

2112 2482 2145 2554 ἢ
2173 2484 2259 2537 ὅτι
2293 2485 2393 2536 οὐκ
2423 2483 2624 2556 ᾐδέσθη
2664 2484 2759 2538 τοῦ
2794 2485 3087 2557 προσώπου
3117 2488 3176 2541 τὸ
3217 2488 3461 2559 ἀξίωμα·
3496 2492 3597 2545 οὐκ
3626 2491 3695 2545 ἂν

2111 2574 2169 2627 δὲ
2196 2575 2326 2645 περὶ
2354 2575 2544 2646 ἐτέρου
2566 2575 2762 2645 λέγων,
2782 2578 2865 2630 ὅτι
2899 2579 3053 2633 Κατά
3079 2581 3370 2652 πρόσωπον
3396 2582 3546 2653 αύτῷ
3573 2585 3696 2638 ἀντι

2112 2666 2294 2736 έστην,
2332 2666 2410 2731 ὡς
2446 2669 2589 2738 μέγα
2626 2686 2681 2721 τι
2722 2668 2881 2723 τοῦτο
2919 2669 2983 2725 ἂν
3016 2671 3200 2743 ἔθηκε.
3241 2675 3431 2739 Πάλιν,
3458 2677 3507 2728 εἰ
3533 2676 3693 2741 ἄλλος

2108 2753 2177 2829 ἦν
2202 2758 2430 2829 Πέτρος,
2451 2760 2552 2813 οὐκ
2573 2760 2638 2814 ἂν
2660 2763 2692 2831 ἡ
2730 2762 3063 2832 μετάστασις
3086 2765 3252 2819 αὐτοῦ
3274 2767 3523 2822 τοσοῦτον
3549 2768 3693 2842 ἴσχυ-

2111 2866 2225 2916 σεν,
2253 2851 2394 2904 ὥστε
2418 2852 2512 2907 καὶ
2535 2853 2663 2917 τοὺς
2684 2853 2902 2919 λοιποὺς
2930 2857 3334 2926 ἐφελκύσασθαι
3380 2861 3688 2926 Ἰουδαίουςο

2107 2941 2230 2995 οὔτε
2260 2944 2369 3015 γὰρ
2395 2946 2673 3017 παρῄνεσέ
2701 2964 2775 3011 τι,
2808 2945 2933 3000 οὔτε
2969 2949 3410 3017 συνεϐούλευσεν,
3430 2953 3562 3006 ἀλλά
3595 2954 3692 3024 μόφ

2106 3052 2196 3089 νον
2229 3035 2545 3103 ὑπέστελλε,
2582 3040 2678 3093 καὶ
2713 3040 2988 3113 ἀφώριζεν
3014 3044 3233 3097 ἐαυτόν-
3271 3046 3366 3098 καὶ
3406 3045 3688 3118 ίσχυσενή

2107 3129 2376 3201 ὑποστολὴ
2406 3131 2501 3184 καὶ
2522 3133 2550 3184 ό
2580 3134 2885 3206 ἀφορισμὸς
2908 3136 3115 3200 πάντας
3134 3138 3541 3194 ἐπισπάσασθαι
3562 3142 3696 3204 τοὺς

2108 3225 2358 3297 μαθητὰς
2386 3226 2474 3281 διὰ
2504 3227 2566 3280 τὸ
2593 3228 2686 3282 τοῦ
2717 3231 3008 3301 προσώπου
3040 3231 3278 3305 ἀξίωμα.

2176 3316 2273 3381 ις’.
2294 3317 2417 3370 Ὅτι
2445 3317 2542 3385 μὲν
2571 3312 2665 3370 οὖν
2697 3319 2902 3389 Πέτρος
2928 3315 3019 3390 ἦν,
3050 3323 3114 3373 ἐκ
3136 3320 3341 3375 τούτων
3355 3323 3532 3393 δῆλον·
3561 3325 3687 3378 εἰδὲ

2104 3410 2377 3479 βούλεσθε,
2415 3411 2510 3463 καὶ
2553 3411 2651 3482 τὴν
2698 3414 2894 3483 ἑτέραν
2940 3413 3094 3468 λύσιν
3142 3416 3395 3488 ἐροῦμεν.
3447 3418 3543 3483 Τίς
3589 3416 3683 3474 οὖν

2099 3508 2248 3560 ἐστιν
2280 3508 2313 3579 ή
2342 3508 2543 3579 ἐτέρα;
2587 3509 2782 3575 Καλῶς
2819 3512 3108 3567 ἐνεκάλεσε
3141 3513 3375 3579 Παῦλος,
3407 3518 3562 3587 φησὶ,
3604 3518 3682 3588 τῷ

2070 3626 2073 3629 ν
2099 3598 2315 3671 Πέτρῳ,
2344 3600 2426 3652 ὅτι
2454 3600 2599 3672 πέρα
2626 3601 2721 3655 τοῦ
2749 3603 2955 3674 μέτρου
2980 3606 3048 3676 τῇ
3077 3607 3486 3676 συγκαταϐἀσει
3516 3611 3681 3682 ἐχρή-

2097 3710 2249 3748 σατο.
2281 3693 2392 3748 Καὶ
2415 3694 2524 3764 γὰρ
2553 3693 2613 3747 ὂν
2645 3693 2845 3766 τρόπον
2874 3695 3034 3760 αὐτὸς
3070 3698 3129 3750 ἐν
3167 3698 3560 3770 Ἰεροσολύμοις
3585 3718 3678 3770 γε·

2094 3785 2318 3856 νόμενος
2366 3784 2680 3857 συγκατέϐη
2726 3788 2838 3850 τοϊς
2883 3786 3158 3852 Ἰουδαίοις
3177 3829 3192 3853 ,
3236 3788 3380 3842 οὕτω
3427 3792 3678 3846 κάκεῖνον

2092 3877 2280 3949 ἐχρῆν,
2335 3877 2521 3948 φησὶν,
2582 3878 2663 3940 είς
2731 3877 3369 3948 Ἀντιόχειαν-ἐλθόντα,
3424 3880 3499 3952 μὴ
3535 3883 3675 3953 πρὸς

2103 3968 2388 4032 Ἰουδαίους
2429 3969 2591 4031 ἰδεῖν,
2626 3967 2763 4022 ἀλλὰ
2808 3969 2944 4042 πρὸς
2976 3970 3102 4034 τοὺς
3135 3970 3196 4035 ἐξ
3236 3970 3427 4025 ἐθνῶν.
3462 3973 3672 4044 ’Ὠσπερ

2089 4061 2197 4133 γὰρ
2223 4061 2387 4133 ἡνίκα
2411 4060 2612 4125 πάντες
2651 4060 2900 4115 Ἰουδαῖοι
2928 4057 3091 4132 ἦσαν,
3127 4062 3221 4115 καὶ
3253 4062 3467 4128 Παῦλος
3501 4067 3672 4134 ἡναγ-

2087 4147 2264 4220 κάσθη
2312 4149 2631 4214 ἰουδαΐζεινο
2672 4149 2846 4215 οὕτως
2896 4149 3025 4204 ἔνθα
3076 4151 3295 4217 πλείους
3342 4152 3482 4227 ἦσαν
3520 4157 3568 4208 οἱ
3610 4157 3669 4223 ἐξ

2086 4240 2278 4306 ἐθνῶν,
2301 4242 2400 4295 και
2419 4244 2453 4314 ή
2476 4241 2629 4306 πόλις
2656 4242 2915 4314 οὐδεμίαν
2940 4243 3188 4316 ἀνάγκην
3214 4248 3443 4318 παρεῖχε
3465 4263 3671 4316 συγκα-

2083 4331 2388 4399 ταϐἀσεως,
2439 4334 2540 4387 οὐκ
2586 4335 2753 4406 ἐχρῆν
2792 4334 2880 4390 διά
2927 4338 3054 4400 τοὺς
3104 4338 3320 4405 ὀλίγους
3379 4339 3667 4403 Ἰουδαίους

2084 4425 2433 4480 σκανδαλίσαι
2477 4427 2605 4490 τοὺς
2641 4427 2930 4492 τοσούτους
2968 4428 3120 4500 [575]
3163 4429 3452 4501 Ἕλληνας.
3503 4431 3667 4486 Ἀλλά

2079 4516 2240 4569 τοῦτο
2266 4517 2367 4570 οὐκ
2397 4516 2511 4570 ἔστι
2543 4516 2882 4582 λύσις,’ἀλλ’
2919 4520 3169 4584 ἐπίτασις
3200 4521 3295 4575 τοῦ
3325 4522 3659 4594 ζητήματος.

2086 4608 2153 4659 Ὃ
2187 4605 2296 4674 γὰρ
2328 4606 2630 4678 ἀρχόμενος
2662 4602 2815 4662 εἷπον
2843 4609 2933 4662 τοῦ
2963 4609 3142 4680 λόγου,
3176 4612 3237 4664 ού
3272 4612 3428 4666 τοῦτό
3460 4616 3576 4668 ἐστι
3600 4615 3662 4668 τὸ

2081 4698 2517 4769 σπουδαζόμενον
2562 4700 2694 4770 ἡμῖν
2716 4738 2732 4765 ,
2769 4699 2939 4766 δεῖξαι
2996 4702 3078 4755 ὅτι
3132 4702 3315 4766 καλῶς
3369 4705 3659 4760 ἐνεκάλεσε

2077 4790 2287 4854 Παῦλος
2307 4803 2321 4817 ⁸
2358 4791 2480 4844 ἐπεὶ
2505 4790 2647 4844 οὕτω
2682 4794 2835 4863 μενεῖ
2859 4791 2921 4845 τὸ
2946 4791 3189 4865 ζήτημα.
3216 4796 3522 4868 Φανήσεται
3548 4799 3657 4871 γὰρ

2078 4879 2378 4946 ὑπεύθυνος
2401 4880 2476 4935 ῶν
2504 4884 2623 4947 ταῖς
2660 4882 2929 4953 μέμψεσιν
2959 4886 2989 4937 6
3016 4885 3253 4956 Πέτρος·
3284 4888 3347 4941 τὸ
3377 4888 3435 4942 δὲ
3464 4888 3656 4961 ζητού-

2078 4992 2259 5046 μενον,
2285 4976 2381 5030 καὶ
2403 4975 2592 5029 τοῦτον
2624 4976 2877 5031 κάκεῖνον
2904 4977 3209 5044 ἀπαλλάξαι
3236 4980 3344 5034 τῶν
3374 4982 3655 5055 ἐγκλημά-

388 5035 881 5146 λόγονηεωαγαγεῖν
905 5042 1256 5146 τξειράσομξξ.
1275 5046 1508 5146 έφίὑμῖν
1527 5047 1965 5146 τῶν-λεγομένων
2073 5035 2200 5121 τῶν.
2228 5035 2353 5131 Πῶς
2380 5064 2473 5121 οὖν
2506 5068 2659 5122 ἐσται
2683 5067 2871 5134 τοῦτο;
2905 5070 3004 5125 “Av
3031 5035 3655 5146 τὴν-γνώμηνίμεθῖής

387 5127 489 5232 τῆξ
512 5128 721 5234 αἵρεξιν
742 5132 1130 5234 ποιηῖἀμεείος.
1161 5136 1287 5234 ξΙῶς
1312 5134 1404 5234 οξγ
1431 5156 1577 5202 τινες
1604 5141 1709 5234 τὴν,
1736 5140 1965 5213 ζήτησιν
2070 5163 2104 5214 ὁ
2141 5161 2239 5231 μὲν
2281 5127 2632 5232 ἐπετίμησεν,
2680 5162 2710 5213 6
2756 5161 2815 5216 δὲ
2849 5127 3180 5234 ἐπετιμήθη,
3219 5127 3499 5234 μάθωμεν,
3556 5127 3651 5221 xc};

387 5216 593 5290 ταύτην
616 5218 850 5287 ἐλυσανς
887 5221 1001 5275 Οὐκ
1031 5218 1103 5293 ἦν
1132 5219 1285 5289 οὗτος
1328 5229 1555 5301 Πέτρος,
1588 5232 1786 5303 φησὶν,
1824 5236 1965 5289 ἐκεῖ-

382 5327 496 5379 νος,
536 5313 566 5365 6
591 5311 700 5366 τῶν
740 5313 1056 5369 ἀποστόλων
1084 5317 1322 5387 πρῶτος,
1364 5323 1393 5375 6
1434 5326 1586 5395 παρὰ
1614 5325 1709 5378 τοῦ
1754 5327 1961 5400 Κυρίου

382 5402 452 5457 τὰ
478 5402 729 5474 πρόϐατα
753 5407 1080 5474 πιστευθεὶς,
1111 5408 1225 5462 ἀλλ’
1257 5410 1444 5484 ἕτερός
1483 5433 1569 5480 τις
1603 5417 1827 5487 εὐτελὴς
1867 5421 1961 5474 καὶ

383 5494 821 5568 ἀπεῤῥιμμένος,
847 5500 942 5554 καὶ
966 5500 1076 5554 τῶν
1108 5501 1320 5556 πολλῶν
1353 5498 1453 5569 εἷς.
1485 5507 1659 5564 Πόθεν
1685 5510 1844 5565 τοῦτο
1866 5511 1959 5582 δῆ-

379 5582 508 5649 λον;
536 5583 720 5640 Εἰπὼν
753 5587 782 5639 6
822 5588 1054 5656 Παῦλος,
1094 5591 1176 5645 ὅτι
1209 5596 1633 5667 συναπήχθησαν
1668 5600 1818 5672 αὐτῷ
1863 5602 1958 5655 καὶ

376 5676 429 5728 οἱ
453 5674 628 5729 λοιποὶ
668 5677 932 5746 Ἰουδαῖοι,
966 5681 1234 5754 ἐπήγαγε,
1266 5685 1450 5756 φησὶν,
1484 5687 1665 5743 Ὥστε
1689 5691 1788 5745 καὶ
1813 5694 1957 5762 Βαρ-

376 5766 566 5832 νάϐας
604 5771 968 5843 συναπήχθη
998 5774 1196 5831 αὐτῶν
1226 5777 1302 5848 τῇ
1330 5781 1665 5849 ὑποκρίσει.
1698 5784 1771 5838 T6
1804 5785 1860 5838 δὲ
1886 5788 1954 5839 εἰ·

380 5855 705 5922 πεῖν,Ὢστε
725 5859 820 5914 καὶ
843 5862 1167 5933 Βαρνάϐας,
1195 5869 1483 5944 δηλοῦντός
1508 5875 1677 5942 ἐστιν,
1707 5875 1787 5930 ὅτι
1817 5877 1947 5931 πολὺ

2070 5255 2169 5325 τὴν
2201 5253 2441 5307 διάνοιαν
2480 5253 2651 5324 αὐτὴν
2694 5254 3111 5326 ἀναπτύξωμεν.
3153 5255 3248 5317 Τίς
3285 5251 3378 5309 οῦν
3416 5260 3566 5311 ἐστιν
3612 5262 3645 5330 ή

2068 5345 2306 5411 διάνοια;
2345 5344 2560 5416 Σφόδρα
2586 5348 2615 5400 6
2643 5343 2850 5417 Πέτρος
2889 5345 3152 5415 ἐπεθύμει
3180 5347 3274 5399 καὶ
3299 5349 3427 5411 τοὺς
3454 5349 3514 5415 ἐξ
3553 5349 3649 5403 Ἰε-

2072 5436 2384 5508 ροσολύμων
2416 5437 2792 5500 κατελθόντας,
2823 5438 2950 5500 τοὺς
2995 5437 3104 5490 ἀπὸ
3154 5437 3431 5505 Ἰακώϐου,
3468 5441 3645 5494 ἀπαλ-

2065 5526 2224 5592 λάξαι
2262 5527 2362 5597 τῆς
2411 5526 2851 5598 παρατηρήσεως
2896 5525 2995 5594 τῆς
3040 5525 3356 5598 Ἰουδαϊκῆς.
3421 5528 3559 5582 Ἀλλ’
3592 5532 3653 5584 εί·

2069 5620 2168 5691 μὲν
2205 5618 2369 5682 αὐτὸς
2397 5618 2603 5687 ταύτην
2632 5620 2963 5688 εἰσηγήσατο
3004 5618 3103 5690 τήν
3133 5620 3379 5692 γνώμην,
3421 5623 3643 5680 καὶπα-

2066 5713 2269 5786 ρελθὼν
2303 5709 2422 5766 εἷπε
2445 5750 2459 5777 ,
2487 5711 2774 5766 Παύσασθε
2806 5714 2920 5776 τοῖς
2963 5712 3269 5777 Ἰουδαϊκοῖς
3309 5713 3456 5769 ἔθεσι
3496 5715 3641 5787 χρώ·-

2066 5822 2235 5875 μενοι,
2282 5804 2359 5867 ὡς
2403 5803 2621 5858 ἐναντία
2666 5803 2846 5875 ἐαυτῷ
2878 5804 3226 5877 δημηγορῶν,
3261 5808 3353 5861 καὶ
3388 5811 3501 5872 τοῖς
3545 5809 3638 5862 ὑπ’

2061 5896 2225 5954 αὐτοῦ
2254 5896 2643 5967 γεγενημένοις
2684 5894 2854 5950 ἅπασι
2886 5898 3026 5953 κατὰ
3054 5898 3144 5953 τὸν
3175 5898 3480 5972 ἔμπροσθεν
3513 5901 3633 5974 χρό’
