4062 6458
381 441 486 499 385

378 566 504 610 ante
549 561 776 625 patrata,
803 548 1122 622 prmdiearet
1145 587 1161 612 ,
1189 542 1463 613 discipulis
1489 539 1609 596 suis
1655 537 1965 595 scandalum

381 647 661 702 attulisset.
703 643 910 698 Rursus
939 640 987 696 si
1032 635 1263 693 hanc‘ad
1291 635 1411 690 illos
1441 631 1644 688 Paulus
1666 629 1966 687 orationem

379 739 692 802 direxisset,
723 747 1057 806 nequaquam
1101 727 1522 800 acquievisscnt,
1570 740 1745 796 neque
1784 723 1970 778 audire

380 830 696 902 potuissent.
739 827 872 882 Nam
898 825 987 895 qui
1015 821 1249 893 alioquin
1276 819 1502 875 oderant
1527 817 1672 873 illum
1691 855 1708 882 ,
1739 824 1794 870 et
1815 830 1972 870 aver-

377 921 634 976 sabantur
656 917 728 973 ob
755 915 980 972 similem
1010 927 1255 984 sparsum
1283 924 1573 974 rumorem,
1597 908 1764 964 multo
1779 909 1967 977 magis,

380 1012 422 1066 si
453 1012 617 1066 etiam
665 1011 766 1065 ista
814 1007 1194 1064 consulentem
1222 1003 1516 1067 audissent,
1569 1001 1727 1071 plane
1775 999 1973 1053 abhor-

374 1102 630 1160 ruissent.
670 1098 808 1168 Quid
835 1111 966 1168 ergo
993 1095 1188 1150 factum
1214 1093 1334 1149 est?
1361 1092 1576 1147 Jutlaeos
1603 1090 1842 1161 quidem,
1875 1090 1969 1159 qui

375 1201 532 1247 erant
556 1207 587 1245 a
609 1190 828 1250 Jacobo,
852 1189 1028 1244 nullus
1056 1187 1274 1242 illorum
1298 1182 1629 1251 increpabat,
1663 1179 1758 1234 sed
1788 1180 1966 1234 inere-

377 1283 646 1353 pationem
676 1279 877 1350 excipit
903 1279 1091 1335 Petrus
1109 1291 1140 1331 ιι
1165 1275 1331 1331 Paulo
1355 1271 1735 1341 reprehensus,
1761 1279 1820 1326 ιιι
1844 1285 1966 1324 cum

371 1391 403 1430 a
424 1373 733 1444 coapostolo
760 1367 1223 1433 correctusfuerit,
1245 1367 1386 1435 justa
1409 1379 1528 1419 eum
1559 1362 1750 1418 ﬁducia
1777 1361 1970 1417 deinde

376 1465 545 1536 possit
572 1462 866 1534 discipulos
892 1461 1176 1531 obiurgare
1203 1475 1217 1513 :
1243 1466 1299 1512 et
1341 1456 1582 1528 arguitur
1622 1453 1837 1525 quidem
1865 1452 1968 1508 Pc-

374 1566 506 1621 trus,
537 1557 876 1625 corriguntur
895 1561 1074 1607 autem
1095 1547 1362 1619 discipuli.
1402 1546 1516 1602 Hoc
1545 1545 1708 1601 etiam
1737 1545 1791 1598 in
1834 1557 1968 1598 con-

375 1648 636 1703 tractibus
684 1647 745 1702 ﬁt
785 1643 1152 1701 molaribus.
1193 1639 1328 1696 Nam
1375 1639 1422 1695 si
1465 1636 1684 1707 quando
1725 1633 1970 1690 nonnulli

371 1739 607 1796 civilium
637 1739 957 1794 tributorum
979 1733 1189 1803 reliqua
1210 1732 1460 1794 debeant,
1484 1744 1548 1784 ac
1569 1727 1764 1784 deinde
1786 1726 1858 1781 illi
1876 1725 1969 1796 qui

371 1831 608 1886 cxactnri
640 1835 766 1884 sunt
805 1827 922 1894 illa,
951 1840 1062 1882 non
1093 1824 1360 1889 audeant,
1393 1821 1488 1878 sed
1518 1821 1836 1885 erubescant
1877 1834 1972 1875 vce

373 1925 674 1980 hcmentius
687 1923 806 1978 illos
826 1935 1034 1992 urgere,
1053 1927 1113 1974 ut
1125 1918 1382 1989 majorem
1396 1923 1614 1988 captent
1629 1913 1967 1970 occasionem

369 2031 435 2071 ac
456 2015 760 2070 facultatem
791 2014 896 2069 illis
921 2011 1292 2068 vehementius
1332 2006 1594 2073 instandi,
1638 2021 1671 2061 ιι
1699 2009 1969 2064 commili-

373 2107 586 2161 lenibus
614 2104 832 2174 spoliari
857 2112 1153 2170 securam,
1193 2109 1248 2156 et
1290 2099 1552 2155 conviciis
1593 2097 1758 2164 afﬁci,
1804 2108 1966 2169 atque

370 2198 492 2254 aliis
518 2196 815 2252 innumeris
837 2195 1019 2251 vesari
1058 2194 1214 2249 malis
1242 2195 1295 2248 in
1318 2199 1611 2262 conspectu
1639 2190 1878 2258 illorum,
1909 2200 1969 2248 ut

371 2289 499 2342 dum
527 2289 625 2343 ista
657 2287 812 2354 ﬁunt,
833 2299 1169 2356 nequaquam
1198 2299 1263 2339 es
1289 2299 1370 2350 se,
1389 2291 1484 2338 aut
1510 2296 1604 2338 sua
1632 2292 1842 2351 sponte,
1871 2284 1967 2339 sed

369 2379 615 2448 imposita
637 2392 668 2432 a
695 2377 905 2433 caeteris
931 2375 1250 2431 necessitate
1271 2373 1555 2428 videantur
1581 2372 1704 2428 illos
1733 2387 1922 2443 urgere
1946 2390 1964 2428 :

367 2479 424 2524 et
449 2470 591 2524 illata
617 2485 645 2523 a
671 2469 882 2524 caeteris
909 2467 1232 2522 contumelia
1261 2464 1401 2536 apud
1443 2465 1581 2520 alios
1629 2465 1761 2535 ipsis
1799 2465 1967 2520 obuo-

371 2564 490 2618 xios
517 2563 880 2618 excusationis
903 2575 1088 2616 ansam
1111 2558 1433 2629 suppeditat.

331 2721 336 2726 ,
441 2659 528 2711 17.
568 2654 674 2711 Cur
695 2671 750 2711 se
787 2655 938 2726 argui
969 2653 1181 2708 uoluerit
1226 2651 1450 2717 Petrus;
1478 2650 1771 2706 simulatam
1799 2653 1964 2722 fuisse

313 2727 332 2762 τ
364 2747 804 2816 reprehensionem
824 2746 1064 2802 ostendit.
1103 2774 1175 2786 —
1215 2743 1326 2799 lloc
1357 2751 1413 2798 et
1443 2743 1496 2798 in
1525 2743 1690 2799 Paulo
1719 2757 1782 2797 ac
1805 2743 1968 2800 Petro

365 2841 582 2897 accidit.
643 2839 918 2895 Debebunt
983 2838 1128 2893 enim
1203 2837 1405 2906 reliqua
1457 2836 1710 2891 nonnulla
1770 2835 1961 2892 Judaei.

369 2934 624 3001 Qtucnam
653 2933 741 2987 illa
773 2930 974 3002 porro?
997 2929 1260 2984 Nimirum
1300 2938 1352 2983 ut
1383 2942 1413 2982 a
1447 2927 1723 2982 Judaismo
1753 2927 1968 2998 penitus

365 3026 717 3080 abstinerent.
757 3023 884 3078 Haec
910 3021 1111 3092 reliqua
1138 3021 1327 3076 Pctrus
1349 3019 1698 3076 vehementer
1723 3027 1968 3088 repetere

369 3115 638 3186 cupiebat,
666 3123 720 3170 et
751 3129 937 3185 puram
966 3112 1034 3168 ab
1060 3112 1166 3167 illis
1193 3111 1351 3166 ﬁdem
1372 3110 1610 3181 exigere.
1650 3109 1782 3165 Cum
1806 3111 1968 3181 igitur

371 3209 629 3277 majorem
653 3207 959 3262 facultatem
987 3214 1042 3258 et
1070 3203 1406 3258 occasionem
1426 3201 1716 3256 exactionis
1733 3202 1970 3271 ejusmo-

370 3297 422 3351 di
451 3297 682 3352 nancisci
706 3296 885 3362 vellet,
910 3309 940 3348 a
968 3292 1132 3348 Paulo
1161 3307 1221 3348 se
1247 3292 1597 3347 vehementer
1624 3291 1884 3362 increpari
1912 3301 1972 3348 et

371 3388 642 3458 objurgari
669 3387 893 3453 curavit,
926 3394 983 3440 ut
1003 3385 1120 3441 haec
1153 3385 1399 3439 simulata
1446 3385 1738 3452 increpatio
1766 3384 1966 3453 justam

373 3481 470 3548 ipsi
500 3479 758 3533 adversus
801 3477 920 3533 illos
945 3490 1135 3531 ansam
1176 3483 1234 3530 et
1283 3475 1623 3530 occasionem
1679 3474 1990 3545 praeberet

372 3571 580 3626 Idcirco
597 3569 763 3624 etiam
785 3568 838 3622 in
867 3568 985 3637 ipso
1001 3566 1176 3632 initio,
1198 3563 1267 3620 In
1291 3565 1492 3634 faciem,
1521 3565 1693 3634 inquit
1711 3605 1726 3627 ,
1758 3566 1858 3636 ipsi
1881 3583 1972 3621 re-

382 3664 508 3726 stiti,
537 3672 592 3719 et
618 3662 706 3717 hic
730 3674 938 3726 rursus,
969 3658 1093 3714 Dixi
1116 3656 1271 3714 Petro
1297 3673 1468 3712 coram
1491 3659 1740 3713 omnibus.
1760 3657 1893 3713 Nam
1923 3659 1970 3714 si

373 3757 589 3826 quidem
611 3755 828 3810 Petrum
855 3752 1127 3822 corrigere
1151 3750 1410 3806 voluisset
1432 3790 1448 3810 ,
1480 3749 1727 3819 privatim
1753 3749 1806 3804 id
1829 3751 1972 3820 egis-

373 3853 478 3908 set,
509 3844 604 3900 sed
630 3844 879 3914 quoniam
908 3855 1014 3896 non
1061 3840 1115 3895 id
1141 3847 1276 3903 erat,
1302 3838 1443 3909 quod
1472 3837 1712 3894 studiose
1753 3848 1975 3908 expete-

375 3937 469 3991 bat
484 3918 741 4005 '(no'verat
764 3933 908 3988 enim
929 3947 1031 4002 qua
1053 3937 1233 3985 mente
1255 3938 1447 3985 cuncta
1477 3929 1565 3984 illa
1586 3928 1837 3999 faceret),
1871 3929 1969 3984 sed

376 4043 494 4094 eos,
525 4027 616 4099 qui
642 4028 732 4082 diu
758 4025 1211 4088 elaudieaverant,
1242 4021 1484 4079 stabilire
1509 4022 1780 4092 cupiebat,
1803 4021 1972 4078 ideir-

377 4137 446 4177 co
473 4121 525 4176 in
555 4128 844 4190 conspectu
884 4117 1126 4173 omnium
1158 4115 1378 4172 adhibet
1422 4115 1860 4184 increpatiouem.
1903 4116 1975 4170 At

378 4213 572 4270 Petrus
600 4211 849 4276 sustinet,
881 4218 936 4266 et
991 4217 1150 4272 tacet,
1172 4222 1350 4280 neque
1393 4206 1728 4262 contradicit.
1758 4206 1978 4262 Sciebat

377 4303 576 4374 quippe
604 4319 712 4373 quo
739 4303 920 4357 animo
950 4300 1146 4355 Paulus
1175 4300 1498 4368 increparet,
1516 4308 1570 4352 et
1595 4306 1764 4352 totum
1783 4296 1974 4351 Petrus

379 4395 607 4449 tacendo
649 4392 977 4464 perﬁciebat.
1018 4391 1148 4460 Ejus
1193 4391 1394 4461 quippe
1438 4390 1706 4446 silentium
1759 4389 1978 4445 Judaeos

378 4486 610 4541 docebat
637 4499 745 4538 non
783 4481 1013 4552 amplius
1049 4481 1181 4550 legis
1208 4481 1399 4534 ritibus
1428 4479 1808 4534 adhaerendum
1831 4493 1973 4535 esse.

379 4575 568 4648 Neque
593 4574 736 4629 enim
761 4574 1014 4644 magister
1042 4572 1154 4641 ipse
1177 4571 1464 4636 tacuisset,
1490 4569 1798 4639 inquiebant
1818 4610 1834 4637 ,
1871 4569 1975 4624 nisi

381 4665 740 4723 sibleonscius
767 4672 930 4730 esset,
955 4665 1148 4719 merito
1173 4676 1231 4716 se
1252 4676 1281 4715 a
1309 4661 1474 4715 Paulo
1496 4660 1658 4715 luisse
1679 4662 1974 4730 reprehen-

381 4776 524 4816 sum.
554 4758 684 4824 Sed,
705 4759 746 4812 si
767 4758 959 4828 placet,
985 4757 1154 4827 ipsam
1171 4754 1645 4824 reprehensionem
1667 4739 1982 4811 audiamus."

381 4852 509 4908 Dixi
541 4850 696 4905 Petro
717 4865 884 4904 coram
916 4849 1145 4902 omnibus
1165 4888 1177 4908 ,
1212 4846 1399 4915 inquit,
1431 4843 1493 4899 Si
1522 4854 1605 4908 tu,
1628 4860 1742 4897 cum
1760 4843 1977 4899 Iudaeus

381 4948 475 5013 sis,
519 4943 767 5016 gentiliter
809 4939 949 4994 vivis.
1001 4937 1374 4994 Animadverte
1423 4934 1754 5006 prudentiam
1804 4952 1818 4989 :
1868 4951 1975 4992 non

389 5037 522 5091 dixit
547 5035 616 5088 illi
643 5051 657 5088 :
685 5033 819 5087 Male
845 5031 979 5101 agis,
1005 5030 1130 5084 dum
1171 5028 1384 5097 judaicc
1408 5027 1542 5081 vivis
1575 5044 1588 5080 :
1613 5026 1705 5080 sed
1743 5027 1974 5096 priorem

385 5130 504 5196 ejus
542 5126 714 5196 arguit
739 5121 1218 5185 conversationem,
1254 5129 1312 5175 ut
1356 5137 1461 5175 non
1487 5120 1597 5189 jam
1622 5135 1685 5174 ex
1713 5122 1975 5175 sententia

387 5217 538 5274 Pauli
581 5213 874 5271 admonitio
922 5223 978 5267 et
1023 5209 1330 5273 consilium,
1364 5209 1458 5265 sed
1487 5226 1556 5264 ex
1584 5209 1724 5264 Petri
1773 5210 1977 5279 judicio

383 5311 496 5380 jam
523 5320 777 5375 expresso
815 5302 1060 5358 videatur
1099 5301 1304 5356 inferri.
1347 5301 1478 5356 Nam
1504 5303 1546 5356 si
1577 5302 1790 5372 quidem
1813 5303 1978 5358 dixis-

389 5408 495 5462 set,
525 5396 658 5451 Male
676 5394 791 5465 agis
815 5394 855 5460 ¹,
874 5392 1000 5448 (Ιιιιιι
1019 5391 1190 5461 legem
1209 5391 1483 5459 observas,
1507 5391 1978 5460 reprehendissent

391 5491 535 5546 Petri
555 5485 800 5554 discipuli
829 5501 844 5538 :
869 5483 978 5553 jam
1009 5497 1136 5537 vero
1181 5496 1301 5536 cum
1345 5482 1586 5547 audiunt,
1617 5498 1722 5536 non
1763 5498 1884 5538 esse
1913 5502 1977 5540 cx

393 5591 571 5636 mente
599 5577 754 5634 Pauli
799 5573 1214 5631 admonitionem
1267 5573 1430 5637 iilam,
1458 5573 1542 5628 vel
1568 5575 1976 5644 correctionem,

391 5673 486 5732 sed
515 5674 686 5740 ipsum
713 5671 929 5725 Petrum
954 5668 1023 5722 ita
1049 5667 1227 5720 vivere
1254 5665 1487 5727 solitum,
1515 5675 1567 5720 ct
1596 5664 1710 5720 lucc
1731 5667 1978 5737 dogmata

391 5765 445 5820 in
472 5764 652 5817 animo
682 5760 950 5828 habuisse,
985 5757 1178 5814 vellent
1209 5757 1406 5810 nollent
1433 5796 1448 5822 ,
1473 5756 1752 5828 quiescere
1775 5757 1983 5814 debue-

462 5878 478 5908 ‘
517 5876 619 5936 Alii,
646 5877 760 5926 bene
781 5875 899 5940 agis.

1389 447 1464 503 IN
1500 448 1727 513 lLLUD,
1772 447 1837 503 IN
1879 447 2134 504 FAEIBM
2174 453 2242 508 El
2289 454 2587 511 RESTITI.

3551 433 3659 492 388

2080 548 2224 596 runt.
2266 541 2554 613 Propterea
2599 557 2772 614 neque
2821 541 3016 598 Petrus
3057 542 3203 602 illam
3229 547 3548 603 sententiam
3576 548 3658 604 in-

2075 631 2326 698 troducit,
2348 648 2532 688 verum
2552 633 2622 688 ab
2636 632 2808 687 altero
2836 648 2895 688 se
2919 634 3154 704 coargui,
3184 633 3286 691 hoc
3307 645 3393 692 est
3412 652 3442 691 a
3470 637 3658 705 Paulo,

2074 726 2354 796 permittit,
2379 736 2434 781 et
2462 727 2604 792 silet,
2635 735 2692 780 ιιι
2720 725 2964 782 doctrina
2993 726 3198 783 facilius
3225 728 3395 798 possit
3430 731 3660 788 admitti.

2149 817 2237 874 18.
2277 817 2463 888 Neque
2519 833 2648 874 vero
2692 829 2898 874 tantum
2954 817 3078 873 inde
3127 819 3274 874 Pauli
3326 821 3662 890 prudentiam

2071 920 2319 980 spectare
2346 912 2491 978 licet,
2520 911 2615 966 sed
2635 927 2698 966 ex
2738 912 2804 965 iis
2827 912 3010 975 etiam,
3039 926 3159 981 qua!
3193 911 3389 968 deinde
3417 926 3540 967 sunt
3582 914 3666 969 di-

2072 1011 2178 1058 cta.
2219 1001 2333 1058 Non
2357 1003 2500 1057 enim
2531 1003 2684 1065 dixit.
2710 1002 2867 1068 Situ,
2893 1018 3014 1056 cum
3040 1001 3257 1057 Judzcus
3275 1003 3372 1067 sis,
3396 1006 3664 1074 gentiliter

2073 1095 2306 1152 vivebas.
2339 1106 2394 1152 et
2414 1111 2517 1150 non
2546 1095 2785 1162 iudaice,
2814 1094 2908 1150 sed
2937 1093 3074 1148 Vivis
3097 1111 3114 1148 :
3141 1095 3317 1165 itaque
3338 1111 3478 1151 nunc
3500 1097 3662 1153 etiam

2071 1186 2314 1243 eamdem
2341 1189 2659 1243 sententiam
2690 1189 2930 1256 sequeris
2958 1205 2971 1240 :
2995 1187 3242 1257 quodque
3268 1188 3487 1242 multam
3524 1188 3664 1259 sapit

2073 1279 2410 1349 prudentiam
2439 1312 2465 1346 ,-
2512 1294 2637 1334 mox
2688 1279 2953 1348 adjicitur.
3016 1279 3148 1333 Cum
3199 1279 3342 1333 enim
3391 1280 3660 1348 dixisset,

2074 1371 2339 1426 Gentiliter
2371 1373 2513 1435 uiuis,
2544 1389 2660 1426 cum
2708 1370 2923 1426 ludatur
2965 1373 3057 1438 sis,
3081 1387 3187 1426 non
3235 1372 3502 1441 adjunxit,
3555 1373 3666 1430 Cur

2073 1461 2288 1518 Iudaeos
2307 1463 2455 1532 cogis
2479 1462 2786 1530 judaizare?
2814 1463 2906 1517 sed
2933 1462 3057 1530 quid
3074 1461 3223 1516 "Cur
3245 1471 3434 1533 gentes,
3469 1463 3660 1534 inquit,

2083 1557 2221 1624 cogis
2252 1553 2566 1625 judaisare?
2593 1563 2650 1608 ut
2685 1553 2811 1608 tlunt
2837 1553 2938 1608 sibi
2964 1551 3256 1620 discipulos
3295 1569 3420 1608 suos
3455 1553 3666 1610 videtur

2070 1648 2362 1712 vindicare,
2389 1645 2535 1702 etde
2569 1645 2816 1716 gentibus
2844 1659 2965 1700 esse
2999 1643 3497 1710 sollicitus,Jud:eis
3541 1659 3666 1699 sua-

2070 1740 2213 1799 deat.
2241 1749 2300 1793 ut
2329 1738 2399 1794 ab
2417 1739 2634 1808 antiqua
2683 1736 3070 1793 consuetudine
3095 1737 3369 1792 recedant.
3405 1736 3536 1792 Nam
3590 1737 3664 1792 si-

2071 1833 2326 1888 mulatam
2369 1845 2490 1885 esse
2509 1830 3012 1900 reprehensionem,
3041 1844 3107 1883 ex
3130 1829 3194 1883 iis
3215 1829 3347 1898 ipsis
3373 1844 3495 1898 quae
3521 1827 3661 1883 dicta

2071 1933 2218 1990 sunt,
2247 1923 2434 1992 liquet.
2473 1922 2606 1978 Cum
2654 1921 2795 1976 enim
2837 1921 2998 1989 paulo
3049 1931 3173 1975 ante
3214 1919 3455 1986 dixisset,
3484 1920 3662 1974 Abdu-

2070 2018 2311 2072 cebantur
2334 2031 2448 2069 cum
2469 2031 2526 2069 eo
2545 2013 2715 2068 cteteri
2739 2012 2913 2066 ,Ιαάωί
2926 2053 2941 2076 ,
2969 2011 3072 2066 hoc
3101 2011 3216 2066 loco
3242 2011 3340 2077 ait,
3366 2011 3470 2066 Cur
3494 2021 3662 2081 gentes

2071 2106 2538 2180 cogisjutlaizare?
2590 2105 2750 2174 Atqui
2799 2102 3082 2158 dicendum
3126 2112 3263 2170 erat,
3302 2101 3415 2157 Cur
3449 2101 3664 2158 Indicos

2070 2200 2217 2271 cogis
2237 2197 2543 2268 judaizarei
2569 2197 2670 2262 Qui
2703 2196 2845 2250 enim
2875 2194 3032 2249 simul
3062 2193 3277 2248 abducti
3294 2193 3526 2260 fuerant,
3555 2209 3664 2252 non

2069 2307 2135 2348 ex
2161 2289 2408 2363 gentibus
2435 2297 2590 2344 erant
2617 2330 2632 2354 ,
2660 2287 2754 2344 sed
2792 2285 2987 2342 Judaei.
3033 2285 3412 2342 Verumtamen
3455 2287 3502 2341 sl
3559 2287 3664 2343 hoc

2070 2382 2316 2446 dixisset,
2362 2380 2524 2451 paulo
2577 2378 2820 2449 aSperior
2847 2378 2958 2431 visa
3002 2385 3148 2433 esset
3183 2377 3377 2441 oratio,
3421 2391 3522 2433 nec
3555 2378 3666 2433 ullo

2069 2473 2232 2530 modo
2249 2473 2299 2529 ei
2319 2471 2669 2536 conveniens,
2693 2469 2887 2539 quippe
2904 2468 2998 2539 qui-
3016 2467 3253 2539 gentinm
3271 2466 3465 2523 doctor
3482 2476 3627 2523 esset
3646 2485 3661 2523 :

2064 2566 2174 2635 jam
2196 2579 2324 2620 vero
2355 2579 2449 2634 per
2477 2561 2712 2633 speciem
2736 2560 3064 2616 defensionis
3093 2569 3146 2614 et
3164 2574 3308 2614 curae
3332 2574 3548 2613 suorum
3581 2558 3664 2614 di-

2069 2655 2394 2726 scipulorum
2409 2697 2425 2719 ,
2442 2655 2732 2709 immunem
2755 2668 2817 2707 ac
2838 2650 3492 2720 liheramobjurgationem
3513 2665 3664 2706 suam

2068 2747 2264 2804 reddit.
2286 2749 2460 2818 Atque
2497 2756 2554 2801 ιιι
2573 2745 2882 2816 intelligatis
2920 2743 3214 2798 orationem
3246 2741 3390 2797 illam
3421 2757 3532 2797 non
3553 2741 3664 2812 jam

2068 2839 2537 2908 reprehensionem
2589 2837 2730 2893 Petri
2770 2835 2932 2892 fuisse
2951 2877 2967 2901 ,
2990 2835 3087 2891 sed
3115 2834 3569 2900 admonitionem,
3599 2847 3668 2891 tu:

2069 2933 2365 2987 doctrinam
2397 2930 2595 2986 ludatis
2621 2945 2716 2999 per
2769 2927 3003 2998 speciem
3043 2926 3479 2997 reprehensionis
3524 2927 3667 2982 Petri

2071 3025 2361 3079 adhibitam
2383 3065 2399 3092 ,
2435 3023 2556 3078 audi
2583 3037 2704 3093 qua:
2746 3030 3039 3092 sequuntur
3068 3038 3083 3074 :
3131 3019 3242 3074 Nos
3263 3029 3449 3075 natura
3471 3018 3666 3089 Judaei,

2070 3125 2119 3170 et
2155 3131 2256 3170 non
2281 3114 2585 3185 urgentibus
2625 3121 2907 3182 peccatores
2934 3110 3078 3178 (Gal.
3118 3111 3173 3164 2.
3211 3110 3325 3182 15).
3373 3110 3499 3166 Hice
3523 3113 3668 3166 enim

2065 3207 2179 3278 jam
2223 3217 2348 3262 sunt
2387 3205 2550 3261 verba
2593 3204 2858 3271 docentis,
2909 3217 3086 3272 neque
3110 3201 3176 3257 ad
3221 3202 3435 3257 Petrum
3479 3212 3668 3259 cuncta

2069 3299 2398 3364 referuntur,
2423 3298 2517 3352 sed
2533 3296 2836 3351 orationem
2863 3292 3037 3348 reddit
3055 3307 3417 3347 communem.
3437 3293 3492 3348 Si
3517 3295 3663 3349 enim

2072 3398 2340 3460 tamquam
2379 3388 2580 3442 docens
2629 3387 2698 3440 ab
2740 3385 2892 3438 initio
2945 3382 3060 3437 haec
3100 3381 3507 3451 introduxisset,
3560 3399 3670 3440 non

2075 3481 2320 3535 tulissent
2347 3477 2517 3532 Judaei
2544 3494 2559 3543 ;
2585 3477 2693 3546 jam
2718 3489 2847 3529 vero
2871 3487 2992 3528 cum
3025 3473 3176 3526 initio
3194 3489 3223 3525 a
3247 3473 3670 3542 reprehensione

2073 3571 2256 3637 ducto,
2275 3581 2329 3627 et
2355 3568 2498 3640 quod
2524 3569 2766 3622 videatur
2785 3566 2979 3621 merito
3005 3565 3222 3620 Petrum
3246 3565 3665 3634 reprehendere,

2072 3675 2134 3719 ιιι
2160 3663 2248 3734 qui
2269 3675 2560 3717 conversos
2578 3675 2643 3715 ex
2669 3658 2918 3728 gentibus
2939 3656 3004 3710 ad
3030 3655 3163 3726 legis
3189 3661 3386 3711 rituum
3408 3656 3669 3713 observa-

2075 3759 2274 3814 tionem
2303 3756 2520 3810 allicerc
2539 3753 2810 3808 videretur
2829 3793 2843 3814 ,
2871 3751 3064 3806 transit
3096 3748 3292 3804 deinde
3335 3748 3669 3806 conﬁdenter

2076 3851 2142 3906 ad
2169 3848 2589 3904 admonitionem
2621 3855 2676 3900 et
2701 3843 3018 3905 consilium,
3055 3840 3210 3911 quasi
3251 3840 3321 3896 ab
3364 3844 3477 3911 ipsa
3525 3841 3667 3897 serie

2078 3951 2358 4009 tractuque
2382 3937 2649 3994 sermonis
2667 3950 2734 3990 eo
2757 3935 2971 3990 delatus
3001 3931 3210 3987 fuisset.
3239 3930 3316 3986 Ne
3339 3933 3482 3986 enim
3513 3929 3666 4000 quis-

2076 4034 2217 4103 piam
2245 4031 2382 4086 l‘orte
2400 4044 2520 4085 eum
2551 4027 2828 4094 audiisset,
2862 4025 3046 4080 Gentes
3070 4024 3206 4093 cogis
3222 4023 3513 4094 judaisare,
3539 4023 3669 4077 solis

2077 4124 2186 4179 illis
2216 4130 2428 4193 putaret
2449 4120 2725 4192 judaizare
2753 4133 2862 4172 non
2901 4131 3024 4173 esse
3069 4117 3391 4186 permissum
3409 4157 3425 4180 ,
3452 4115 3546 4171 sed
3571 4115 3670 4171 .lu-

2076 4215 2210 4271 dmis
2238 4215 2421 4278 licere,
2444 4213 2739 4291 orationem
2773 4207 2968 4280 redigit
2983 4208 3050 4264 ad
3078 4209 3224 4278 ipsos
3239 4207 3508 4263 doctores.
3531 4207 3670 4275 Quid

2079 4322 2180 4379 ego
2201 4307 2268 4362 de
2291 4305 2558 4376 gentibus,
2592 4302 2781 4374 inquit,
2804 4310 2896 4356 aut
2933 4300 3155 4370 reliquis
3199 4297 3399 4354 ludatis
3441 4298 3672 4369 loquor?

2080 4398 2194 4454 lmo
2222 4397 2384 4453 etiam
2405 4394 2653 4450 doctores
2682 4407 2780 4448 nos
2808 4403 2862 4447 et
2886 4390 3140 4461 apostoli.
3181 4389 3364 4459 Neque
3377 4390 3476 4444 hoc
3496 4388 3669 4442 solum

2079 4502 2258 4543 causae
2305 4487 2700 4540 ﬁrmamentum
2730 4483 2918 4548 all'ert,
2947 4481 3040 4536 sed
3069 4482 3230 4536 etiam
3279 4480 3419 4550 quod
3467 4494 3566 4534 nos
3604 4495 3671 4534 ex

2082 4576 2315 4646 posteris
2364 4575 2535 4630 Judaei
2579 4573 2792 4643 penitus
2825 4589 2855 4626 a
2906 4572 3023 4641 lege
3068 4570 3496 4626 diseesserimus.
3539 4569 3670 4638 Qum

2083 4669 2240 4724 nobis
2268 4667 2426 4737 igitur
2450 4666 2562 4719 dari
2590 4664 2741 4719 venia
2765 4663 2980 4734 poterit,
3013 4661 3058 4717 si
3089 4669 3318 4717 caeteros
3340 4660 3406 4716 ad
3428 4662 3529 4716 hoc
3551 4676 3672 4730 per-

2083 4760 2392 4815 trahamus?
2413 4757 2574 4813 Vides
2598 4767 2658 4811 ut
2681 4755 2896 4812 Judzcos
2916 4755 3122 4811 occulte
3156 4763 3358 4825 carpat,
3387 4765 3442 4811 et
3466 4754 3671 4810 doctri-

2083 4866 2206 4904 nam
2237 4849 2528 4920 pcrfectam
2555 4846 2881 4902 constituat?
2917 4847 3052 4900 Cum
3084 4846 3226 4920 enim
3270 4846 3530 4909 dixisset,
3561 4844 3671 4899 Nos

2084 4952 2269 4995 natura
2294 4938 2465 4993 Iudici
2494 4979 2508 5004 ,
2530 4947 2579 4993 et
2606 4955 2706 4992 non
2742 4953 2805 4992 ex
2830 4937 3078 5008 gentibus,
3105 4947 3390 5007 peccatores
3416 4953 3436 4991 :
3461 4947 3514 4992 et
3541 4953 3672 4992 cau-

2083 5049 2197 5089 Sum
2226 5032 2380 5088 aliert
2405 5033 2596 5087 rationi
2628 5040 3044 5086 consentaneum
3064 5029 3134 5084 ob
3159 5045 3317 5099 quam
3343 5043 3374 5083 a
3395 5027 3672 5084 Judaismo

2084 5125 2426 5180 desciverant
2461 5137 2476 5176 :
2508 5123 2737 5178 Scientes
2757 5162 2772 5188 ,
2801 5122 2936 5191 quod
2973 5137 3076 5175 non
3096 5120 3414 5191 justi/icatur
3442 5118 3592 5172 homo
3611 5133 3676 5171 ea:

2085 5219 2318 5288 aperibus
2347 5217 2470 5288 legis
2490 5257 2505 5281 ,
2538 5216 2635 5270 nisi
2667 5231 2756 5285 per
2788 5215 2938 5283 ﬁdem
2965 5213 3092 5268 Jestt
3119 5209 3306 5268 Christi
3328 5226 3349 5265 :
3373 5226 3464 5263 nos
3482 5225 3676 5279 quoque

2084 5312 2139 5364 in
2165 5309 2421 5364 Christum
2454 5307 2633 5362 Jesum
2675 5307 3016 5372 credidimus,
3045 5315 3098 5358 ut
3122 5303 3466 5374 justi/icemur
3489 5317 3552 5356 ea:
3573 5301 3678 5370 [ide

2084 5401 2293 5467 Christi,
2330 5411 2498 5454 etnon
2527 5415 2590 5454 ea:
2616 5399 2849 5468 operibus
2873 5397 3015 5466 legis,
3055 5410 3114 5447 eo
3160 5391 3298 5463 quod
3344 5407 3446 5444 non
3475 5391 3674 5461 justi/i-

2062 5507 2226 5550 retur
2247 5496 2394 5549 homo
2421 5511 2484 5548 ea:
2510 5492 2744 5563 operibus
2783 5491 2928 5561 legis,
2962 5487 3059 5541 nisi
3082 5502 3172 5556 per
3197 5486 3348 5554 [idem
3373 5482 3500 5536 Jesu
3524 5481 3665 5536 Cltri~

2086 5588 2152 5642 sti
2182 5585 2324 5655 (Gal.
2351 5585 2407 5639 2.
2441 5586 2550 5650 ιδ).

2158 5668 2246 5721 l9.
2280 5666 2659 5734 Inﬁrmitatem
2687 5665 2814 5735 legis
2846 5663 3074 5717 inculcat
3101 5657 3658 5732 apastolus.-—Vides

2087 5766 2148 5810 ut
2175 5759 2490 5827 frequenter
2509 5757 2844 5811 inﬁrmitatis
2866 5755 2999 5824 legis
3028 5753 3192 5809 faciat
3227 5755 3580 5819 mentionem,
3603 5759 3661 5807 et

2084 5848 2311 5918 justitite
2329 5865 2448 5919 quae
2463 5857 2623 5905 estex
2639 5849 2776 5905 title?
2793 5847 2856 5903 Et
2871 5847 3068 5904 crebro
3085 5848 3398 5904 inculcatea
3410 5843 3656 5910 nomina,
