4062 6422
286 428 385 483 3‘17

282 535 571 606 τιμῶντος,
624 536 761 592 ἀλλά
814 536 1175 601 διδάσκοντος,
1230 538 1323 592 καὶ
1386 535 1862 608 συμϐουλεύοντος.

295 624 457 689 Ἀλλ’,
493 626 630 695 ὅπερ
658 626 815 697 ἔφην,
862 627 913 678 εἰ
949 625 1047 696 μὲν
1093 625 1230 696 πρὸς
1272 625 1556 688 Ἰουδαίους
1589 624 1869 679 ἀποτεινό-

283 727 447 782 μενος
494 710 666 766 ταῦτα
700 711 874 780 ἐλεγε,
900 712 962 765 τὸ
991 712 1099 766 πᾶν
1127 712 1194 767 ἂν
1220 711 1444 782 διερρύη
1474 711 1570 766 καί.
1596 710 1865 776 ἀπώλετο,

284 800 383 852 οὑκ
433 798 778 871 ἀνεχομένων
828 799 1051 854 ἐκείνων
1104 799 1207 870 τῆς
1250 798 1442 853 τούτου
1496 799 1863 863 διδασκαλίας·

283 884 472 955 ἐπειδὴ
515 884 573 937 δέ
603 883 740 958 πρὸς
769 885 975 955 Πέτρον
1004 886 1095 939 τὸν
1127 884 1285 954 λόγον
1321 884 1648 957 ἐπέστρεψε,
1673 884 1869 939 λανθα-

284 973 483 1038 νόντως
505 975 700 1028 ἐκεῖνοι
716 974 814 1045 τὴν
834 973 1100 1045 ὠφέλειαν
1123 974 1486 1045 ἐκαρποῦντο,
1526 974 1868 1045 ἐπιτιμωμέ-

282 1076 374 1115 νου
405 1062 499 1115 καὶ⁵
524 1060 782 1131 σιγῶντος
808 1062 902 1116 τοῦ
932 1063 1162 1135 Πέτρου,
1192 1063 1287 1116 καὶ
1310 1061 1411 1133 τῆς
1440 1060 1666 1133 γνώμης
1698 1060 1863 1116 αὑτοῦ

284 1148 465 1218 πάσης
490 1147 994 1220 ἐκκαλυπτομένης,
1028 1150 1148 1221 οὐχὶ
1161 1149 1290 1220 παρ’
1312 1147 1528 1214 ἑαυτοῦ,
1558 1148 1694 1203 ἀλλά
1716 1148 1868 1221 παρά

283 1232 377 1288 τοῦ
404 1235 827 1302 συναποστόλου,
860 1236 955 1289 καὶ
982 1236 1080 1307 τῆς
1106 1236 1451 1308 ἀναστροφῆς
1469 1237 1568 1308 τῆς
1592 1236 1866 1307 προτέρας

284 1323 361 1385 είς
382 1322 546 1391 μέσον
575 1322 870 1394 ἀγομένης.
910 1319 1064 1387 Εἶτα,
1106 1324 1193 1377 ἵνα
1230 1323 1304 1395 μὴ
1348 1323 1547 1392 λέγωσι
1578 1326 1707 1395 παρ’
1741 1324 1870 1376 ἐαυ-

283 1410 514 1475 τοῖςγΤί
537 1405 632 1463 οὖν
666 1411 714 1462 εἰ
740 1410 834 1463 καὶ
868 1409 1075 1481 Πέτρος
1111 1412 1207 1465 καὶ
1228 1410 1439 1475 Παῦλος
1466 1410 1652 1474 κακῶς
1675 1410 1867 1479 ἐποίη-

284 1511 417 1561 σαν;
445 1495 623 1560 αἰτίας
650 1496 865 1561 δικαίας
896 1498 988 1550 καὶ
1020 1497 1536 1569 ἀναμφισϐητήτους
1564 1497 1768 1567 τίθησι,
1797 1496 1865 1550 δι’

280 1583 350 1645 ἃς
397 1583 458 1635 οὑ
497 1582 577 1635 δεῖ
626 1582 734 1636 τῶν
789 1583 1095 1639 Ἰουδαϊκῶν
1143 1583 1281 1639 ἐθῶν
1324 1583 1564 1655 ἔχεσθαι.
1608 1581 1777 1639 Αῦται
1810 1583 1865 1636 δέ

282 1670 408 1734 είσι,
439 1670 499 1724 τὸ
530 1669 604 1742 μὴ
652 1670 910 1725 δύνασθαι
961 1670 1053 1726 τὸν
1080 1671 1244 1743 νόμον
1283 1671 1549 1739 δικαιοῦν,
1581 1671 1716 1725 ἀλλά
1767 1673 1867 1742 τὴν

286 1756 467 1809 πίστιν
501 1757 681 1827 μόνον.
714 1759 828 1811 Kal
854 1757 1089 1812 ἐνταῦθα
1110 1757 1209 1829 μὲν
1225 1757 1575 1831 ἡμερώτερον
1603 1758 1868 1829 κέχρηται

284 1846 363 1917 τῷ
417 1846 580 1915 λόγῳ*
637 1847 845 1919 προϊὼν
894 1848 952 1901 δὲ
992 1848 1507 1921 καταφορικώτερον
1566 1851 1712 1901 ποιεῖ
1758 1848 1853 1901 καὶ

286 1932 643 2005 σφοδρότερον
660 1945 688 1974 ι
700 1974 714 1988 .
729 1935 799 1987 Εἰ
824 1934 894 1987 δὲ
914 1931 1226 2003 ζητοῦντες
1244 1933 1628 2001 δικαιωθῆναι
1655 1933 1727 1987 ἐν
1739 1935 1873 2003 Χρι-

285 2019 411 2085 στῷ
434 2019 771 2090 ηὐρέθημεν
786 2021 884 2075 καί
905 2020 1075 2075 αὐτοὶ
1101 2020 1459 2089 ἁμαρτωλοί,
1488 2013 1601 2089 ἄρα
1621 2020 1875 2090 Χριστὸς

286 2106 576 2175 ἁμαρτίας
624 2106 936 2174 διάκονος;
974 2108 1040 2161 Ὅ
1084 2106 1141 2160 δὲ
1192 2106 1364 2175 λέγει,
1414 2107 1656 2160 τοιοῦτόν
1702 2109 1872 2161 ἐστιν·

289 2193 352 2245 Ἦ
373 2191 551 2256 πίστις
570 2190 779 2259 δικαιοῖ,
807 2192 904 2247 καί⁵
936 2192 1148 2247 κελεύει
1173 2193 1477 2264 ἀποστῆναι
1502 2192 1611 2248 τῶν
1653 2193 1873 2249 Ἰουδαῖ-

289 2278 398 2331 κῶν
423 2279 581 2344 ἐθῶν,
603 2280 680 2344 ὠς
710 2280 1075 2351 πεπαυμένων
1108 2279 1313 2334 λοιπόν
1343 2283 1393 2334 εἰ
1424 2281 1480 2335 δὲ
1509 2280 1590 2334 ἔτι
1626 2283 1817 2352 κρατεῖ
1846 2282 1874 2333 6

285 2366 447 2435 νόμος
472 2369 569 2421 καὶ
599 2366 786 2439 κύριός
802 2368 935 2432 ἐστι,
956 2368 1050 2421 καὶ
1072 2371 1099 2422 6
1124 2368 1285 2438 ἀφεὶς
1307 2368 1470 2422 αὑτὸν
1497 2368 1870 2440 παραϐάσεως

287 2454 550 2523 κρίνεται,
586 2457 942 2527 εὑρεθήσεται
985 2458 1014 2509 6
1061 2458 1317 2528 Χριστὸς,
1352 2459 1382 2510 6
1427 2457 1692 2521 κελεύσας
1740 2458 1872 2528 ἡμῖν

287 2540 450 2593 αὑτὸν
478 2542 716 2612 ἀφιέναι,
753 2544 852 2613 τῆς
898 2544 1263 2615 παραϐάσεως
1288 2546 1422 2614 ήμῖν
1446 2543 1617 2607 αἴτιος
1645 2561 1875 2614 γεγενη-

290 2626 472 2693 μένος,
508 2628 603 2682 καί
627 2630 688 2682 οὑ
722 2630 880 2699 μόνον
923 2631 1023 2684 οὐκ
1050 2630 1366 2697 ἀπαλλάξας
1395 2632 1544 2702 ἡμᾶς
1574 2630 1869 2702 ἁμαρτίας,

287 2713 423 2766 ἀλλά
457 2716 551 2767 καὶ
574 2715 827 2786 ἐμϐαλὼν
850 2719 929 2781 εἰς
972 2718 1270 2791 ἁμαρτίαν.
1305 2717 1371 2771 Εἰ
1401 2718 1510 2789 γάρ
1536 2717 1625 2772 διά
1649 2718 1747 2789 τὴν
1781 2716 1873 2769 πίέ

292 2816 407 2854 στιν
445 2802 537 2853 τὸν
584 2803 748 2873 νόμον
781 2804 1095 2874 ἀφήκαμεν,
1137 2804 1200 2857 τὸ
1231 2804 1287 2858 δέ
1330 2804 1548 2874 ἀφιέναι
1592 2805 1682 2859 τὸν
1712 2806 1875 2877 νόμον

293 2888 535 2957 ἁμαρτία
563 2888 732 2955 ἐστὶν,
762 2892 795 2959 ή
834 2890 1035 2955 πίστις,
1065 2891 1132 2944 δι’
1159 2892 1225 2961 ἢν
1255 2890 1345 2943 τὸν
1367 2892 1530 2962 νόμον
1557 2891 1872 2964 ἀφήκαμεν,

288 2973 425 3047 αῦτη
460 2976 558 3046 τῆς
590 2977 866 3048 ἁμαρτίας
894 2978 1050 3050 ήμῶν
1081 2980 1230 3033 αἰτία
1272 2978 1507 3047 ἐγένετο.
1555 2979 1667 3033 Καὶ
1690 2980 1875 3052 ἐπειδὴ

287 3064 474 3119 λοιπὸν
502 3066 581 3126 εἰς
611 3065 811 3119 ἄτοπον
826 3065 917 3118 τὸν
939 3064 1098 3133 λόγον
1124 3066 1506 3138 περιέστησεν,
1534 3068 1654 3120 οὐδὲ
1681 3067 1873 3138 ἐδεήθη

290 3154 635 3223 κατασκευῆς
670 3170 812 3217 τινος
847 3154 983 3223 πρὸς
1024 3154 1355 3225 ἀνατροπὴν,
1382 3155 1519 3209 ἀλλά
1549 3154 1626 3225 τῷ
1652 3156 1748 3224 Μὴ
1779 3155 1876 3226 γέ-

290 3256 453 3293 νοιτο
484 3239 749 3311 ἠρκέσθη,
782 3241 858 3304 ὡς
878 3242 1105 3295 αὐτόθεν
1136 3246 1234 3313 τῆς
1264 3241 1493 3304 ἀτοπίας
1522 3242 1877 3313 ώμολογημέτ

292 3342 408 3395 νης⁸
460 3329 529 3380 El
553 3324 681 3395 γὰρ,
716 3326 870 3398 [578]
912 3329 1098 3399 φησὶν,
1130 3328 1168 3382 ἃ
1203 3329 1723 3396 κατέ.ίυσα,ταῦτα
1753 3328 1879 3382 πά-

291 3416 393 3467 λιν
423 3413 734 3483 οἰκοδομῶ,
768 3416 1122 3484 παραϐάτην
1147 3416 1769 3485 ἐμαυτὸν-συνίστημι·
1798 3418 1878 3480 είς

291 3501 353 3553 τὸ
372 3500 614 3554 ἐναντίον
635 3502 963 3572 περιέστησε
992 3501 1085 3554 τὸν
1112 3501 1288 3569 λόγον,
1327 3503 1418 3556 καὶ
1457 3502 1678 3568 ἔδειξεν,
1705 3503 1789 3556 ὄτι
1815 3504 1875 3556 οὑ

291 3587 353 3640 τὸ
384 3586 695 3657 παραϐῆναι
724 3589 908 3658 νόμον,
933 3586 1069 3641 ἀλλά
1098 3588 1159 3640 τὸ
1192 3588 1266 3658 μὴ
1297 3591 1513 3658 ἀφεῖναι
1539 3588 1723 3660 νόμον,
1752 3588 1879 3643 τοῦ-

292 3690 355 3726 το
386 3677 529 3727 ποιεῖ
569 3674 916 3746 παραϐάτην·
959 3674 1053 3727 καὶ
1087 3676 1141 3728 ἐν
1182 3674 1332 3739 τάξει
1354 3675 1449 3728 τοῦ
1475 3676 1678 3729 οἰκείου
1711 3692 1873 3748 προσ-

293 3758 444 3813 ώπου
474 3762 636 3816 πάλιν
663 3762 753 3816 τὸν
782 3762 988 3834 Πέτρον
1010 3762 1329 3816 αἰνίττεται.
1362 3763 1427 3816 Τί
1452 3762 1562 3835 γὰρ
1586 3764 1878 3818 κατέλυσεν

294 3851 323 3901 6
351 3847 556 3920 Πέτρος
587 3849 683 3920 τὴν
708 3849 819 3903 τῶν
852 3849 1156 3921 βρωμάτων
1182 3851 1592 3923 παρατήρησιν,
1650 3850 1879 3915 ἐθνικῶς

295 3935 396 4007 ζῇν
421 3939 836 4010 προῃρημένος;
884 3939 1052 3991 Πάλιν
1098 3931 1192 3992 οὗν
1225 3938 1361 4010 πρὸς
1407 3938 1691 4003 Ἰουδαίους
1715 3940 1881 3993 ἐπαν..

295 4024 484 4092 ελθὼν,
511 4027 785 4092 κάκείνοις
814 4025 1013 4096 συζῶν,
1043 4026 1399 4099 εὑρεθήσεται
1427 4027 1464 4082 ἀ
1487 4028 1781 4082 κατέλυσεν
1802 4030 1879 4082 οἰ-

297 4111 559 4183 κοδομῶν.

364 4198 437 4253 κ’.
486 4200 650 4271 Ὀρᾷς
689 4200 808 4266 πῶς
849 4200 1130 4272 πανταχοῦ
1158 4201 1260 4271 τῆς
1292 4203 1525 4274 κρίσεως
1570 4204 1752 4274 ἔχεται
1784 4202 1877 4258 τοῦ

298 4284 528 4356 Πέτρου,
548 4288 641 4340 καὶ
662 4288 761 4354 τὴν
780 4289 1054 4360 προτέραν
1074 4289 1239 4343 αὑτοῦ
1267 4290 1598 4344 ἐκκαλύπτει
1616 4292 1784 4344 ἀναστ
1794 4308 1878 4362 ρο-

296 4372 424 4443 φήν·
460 4373 542 4426 ἵνα
575 4372 649 4443 μὴ
688 4375 839 4444 παρὰ
867 4376 965 4446 τῆς
1015 4375 1109 4428 τοῦ
1167 4376 1380 4430 Παύλου
1427 4378 1692 4449 γλώττης,
1746 4377 1880 4431 ἀλλά

358 4572 382 4597 ⁸
407 4566 502 4617 Alii
531 4569 582 4620 δὲ
604 4570 683 4619 καὶ
705 4573 1044 4637 φορτικώτερον
1071 4571 1233 4621 λοιπὸν
1254 4572 1333 4620 καὶ
1356 4573 1521 4635 σφοδρ.

1322 414 1388 470 ΙΝ
1434 415 1674 485 ILLUD,
1716 416 1781 472 IN
1828 415 2078 475 FACIEM
2116 415 2180 471 El
2217 413 2512 475 RESTITI.

3442 426 3545 479 538

1973 539 2122 611 παρὰ
2148 540 2250 610 τῆς
2278 540 2373 594 τοῦ
2411 540 2621 612 Πέτρου
2664 539 2907 609 γνώμης,
2956 540 3023 610 ήν
3050 536 3138 592 διὰ
3157 537 3264 591 τῶν
3292 540 3553 609 πραγμά-

1969 644 2078 681 των
2112 626 2440 693 ἐπεδείξατο,
2482 626 2712 681 δοκῶσιν
2742 626 2792 679 οἰ
2826 626 3067 679 Ἰουδαῖοι
3111 626 3210 696 τὴν
3236 623 3556 694 παραίνεσιν

1972 713 2221 784 δέχεσθαι
2238 730 2253 780 ;
2271 715 2369 767 Διά
2399 712 2574 769 ταῦτά
2601 730 2755 785 φησι,
2798 713 3173 783 Φοϐοὐμενος
3189 710 3331 776 τοὺς
3356 710 3426 783 ἐκ
3448 723 3558 764 πε·-

1964 800 2233 870 Ριτομῆςς
2265 803 2359 854 καὶ
2381 802 2502 855 Ὅτι
2524 799 3015 871 κατεγνωσμένος
3032 793 3136 870 ἦν,
3156 799 3257 854 καὶ
3288 798 3419 850 Ὀτι
3443 796 3557 850 οὐκ

1970 887 2284 955 ὀρθοποδεῒ
2298 883 2446 954 πρὸς
2469 881 2583 953 τὴν
2607 881 2891 952 ἀλήθειαν
2910 883 3016 938 τοῦ
3041 882 3426 952 Ebur-rallam
3445 881 3561 952 Οὑχ

1969 973 2139 1035 οὕτως
2166 974 2224 1028 δὲ
2265 974 2427 1044 ἔχων·
2463 971 2539 1045 μὴ
2602 971 2835 1039 γένοιτο*
2863 971 2953 1026 διά
2989 969 3101 1042 γάρ
3129 970 3358 1023 πολλῶν·
3398 970 3559 1024 τοῦτο

1968 1060 2349 1131 ἁπεδείξαμεν’
2395 1059 2511 1112 ἀλλ’
2551 1057 2742 1131 ῶσπερ
2763 1057 2886 1113 τότε
2932 1058 3169 1126 ἐπετίμα
3198 1056 3431 1121 Παῦλος,
3459 1066 3558 1112 καὶ

1967 1146 2140 1201 ταῦτα
2169 1146 2386 1200 ἀκούων
2424 1146 2453 1198 6
2500 1146 2708 1217 Πέτρος
2739 1143 2919 1213 ἐσίγα,
2960 1141 3104 1197 ῶστε
3151 1143 3227 1215 μὴ
3255 1142 3558 1214 ἀνατρέψαι

1967 1235 2067 1306 τὴν
2096 1234 2409 1304 οἰκονομίαν
2444 1232 2680 1299 Παύλου,
2714 1231 2809 1285 καὶ
2856 1231 3197 1302 κατεδέχετο,
3231 1230 3309 1295 ὼς
3339 1231 3439 1284 οὑκ
3464 1230 3559 1301 6p—

1969 1321 2077 1385 θῶς
2104 1319 2442 1390 πεποιηκὼς,
2467 1319 2834 1390 δέχεσθαιτὴν
2855 1317 3164 1389 ἐπίπληξιν,
3181 1318 3267 1371 ἵνα
3295 1316 3559 1386 ἀπολογία

1968 1409 2117 1480 αὑτῷ
2144 1409 2371 1480 γένηται
2404 1406 2564 1462 τοῦτο
2581 1408 2716 1481 πρὸς
2731 1408 2859 1470 τοὺς
2893 1406 3158 1478 μαθητάς·
3192 1406 3335 1459 οὑτω
3367 1405 3433 1476 δὴ
3459 1404 3558 1458 καὶ

1968 1491 2123 1560 οὗτος
2150 1496 2246 1550 νῦν
2281 1496 2421 1568 μετὰ
2467 1497 2567 1566 τῆς
2614 1496 2785 1566 αὑτῆς
2816 1494 3066 1565 γνώμης,
3113 1494 3234 1565 μεθ’
3268 1490 3337 1567 ἧς
3372 1492 3558 1546 ἐπετί-

1970 1602 2113 1656 μησε
2153 1586 2364 1656 Πέτρῳ,
2397 1584 2600 1656 γράφει
2631 1584 2828 1647 ταῦτα,
2854 1584 2999 1654 ἆπερ
3030 1582 3236 1654 ἔγραψε
3266 1582 3557 1645 Γαλάταις.

1968 1673 2032 1725 Εἰ
2069 1670 2179 1743 γάρ
2202 1672 2323 1725 τότε
2356 1671 2417 1724 τὸ
2446 1669 2837 1741 ἐπιτιμηθῆναι
2886 1670 3116 1741 Πέτρον,
3168 1668 3265 1722 καὶ
3311 1668 3558 1739 σιγῆσαι,

1969 1761 2239 1830 χρήσιμον
2287 1755 2355 1829 ἦν
2395 1760 2508 1822 τοῖς
2564 1757 2862 1821 Ἰουδαίοις,
2899 1756 3080 1828 πολλῷ
3120 1756 3322 1828 μᾶλλον
3353 1756 3419 1810 ἂν
3464 1758 3561 1809 καὶ

1976 1846 2070 1900 νῦν
2096 1847 2159 1899 τὸ
2198 1845 2372 1900 ταῦτα
2423 1846 2554 1918 περὶ
2578 1845 2743 1899 αὑτοῦ
2766 1845 3023 1915 λεχθῆναι
3052 1846 3321 1915 χρήσιμον
3341 1839 3411 1913 ἦν
3448 1842 3560 1897 τῶν

1975 1934 2233 1989 Γαλατῶν
2258 1936 2371 1998 τοῖς
2398 1934 2837 2005 διεφθαρμένοις.
2882 1933 3093 2003 Ὠσπερ
3131 1932 3240 2003 γάρ
3277 1932 3327 1984 οἰ
3356 1930 3477 1983 τότε
3503 1931 3562 1982 ἐν

1989 2025 2288 2096 Ἀντιοχείᾳ
2306 2024 2695 2094 διατρίϐοντες,
2726 2022 2964 2094 ὁρῶντες
2989 2021 3195 2093 Πέτρον
3230 2018 3566 2090 ἐπιτιμώμε-

1974 2128 2066 2166 νον
2083 2111 2201 2184 μεθ’
2219 2110 2546 2181 ὑπερϐολῆς,
2568 2110 2665 2162 καὶ
2688 2108 2949 2179 σιγῶντα,
2979 2105 3303 2179 διωρθοῦντο
3328 2108 3394 2177 τῇ
3423 2105 3565 2158 κατὰ

1973 2200 2070 2253 τοῦ
2100 2197 2418 2252 διδασκάλου
2458 2196 2784 2269 κατηγορίᾳ,
2835 2197 2930 2250 καὶ
2969 2196 3037 2265 τῇ
3090 2196 3240 2265 σιγῇ*
3289 2192 3433 2246 οὑτω
3466 2193 3565 2246 καὶ

1975 2285 2071 2341 νῦν
2115 2285 2353 2339 Γαλάται
2394 2284 2523 2355 περὶ
2571 2284 2638 2337 τά
2690 2281 2962 2336 Ἰουδαϊκὰ
2988 2280 3294 2344 νοσοῦντες,
3343 2280 3439 2334 καὶ
3466 2278 3563 2332 τοῦ

1977 2373 2189 2429 Παύλου
2220 2371 2394 2426 ταῦτα
2431 2371 2561 2443 περί¹
2611 2369 2776 2425 αὑτοῦ
2827 2368 3077 2437 λέγοντος
3106 2366 3420 2433 ἀκούοντες,
3451 2360 3565 2418 οἷον

1976 2463 2057 2516 ὅτι
2086 2460 2532 2531 κατεγνωσμένος
2567 2454 2657 2529 ἦν,
2677 2457 2771 2511 καὶ
2796 2458 2897 2510 οὑκ
2922 2455 3271 2527 ώρθοπόδησε
3302 2454 3440 2525 πρὸς
3462 2451 3563 2525 τὴν

1976 2549 2232 2621 ἀλήθειαν
2274 2546 2369 2602 τοῦ
2398 2545 2752 2616 Εὑαγγελίου,
2800 2545 2895 2599 καὶ
2953 2544 3038 2597 ὅτι
3082 2540 3429 2614 ἐπιτιμηθεὶς
3470 2541 3565 2595 ἐπὶ

1973 2638 2185 2700 τούτοις
2215 2636 2457 2706 ἐσίγησε,
2498 2635 2763 2707 μεγίστην
2785 2634 2894 2687 ἀπὸ
2925 2634 3028 2702 τῆς
3060 2633 3398 2704 κατηγορίας
3426 2629 3563 2684 ταύ-

1974 2741 2073 2796 της
2099 2724 2442 2778 διδασκαλίαν
2483 2720 2810 2793 ἐλάμϐανον,
2833 2722 2911 2784 είς
2949 2720 3011 2774 τὸ
3043 2720 3239 2791 μηκέτι
3274 2717 3565 2788 προσέχειν

1975 2814 2087 2874 τοῖς
2125 2810 2433 2872 Ἰουδαϊκοῖς
2454 2809 2619 2863 ἔθεσι.
2651 2807 2751 2861 Διά
2780 2808 2940 2862 τοῦτο
2964 2807 3057 2861 καὶ
3083 2805 3297 2869 Παῦλος
3321 2807 3418 2859 καὶ
3437 2804 3563 2858 τότε

1977 2898 2297 2969 ἐπετίμησε,
2351 2897 2445 2950 καλ⁸
2476 2894 2571 2949 νῦν
2631 2895 2902 2966 μέμνηται
2943 2894 3046 2965 τῆς
3089 2894 3213 2946 τότε
3263 2891 3564 2964 γενομένης

1978 2985 2343 3055 ι’ὲττειπλήξεως⁸
2377 2983 2472 3037 καὶ
2498 2982 2690 3035 τούτου
2714 2983 2815 3035 οὑκ
2840 2981 3063 3035 ἔλαττον
3088 2979 3183 3033 τὸν
3216 2978 3423 3050 Πέτρον
3476 2977 3562 3030 διά

1980 3073 2140 3126 τοῦτο
2174 3071 2455 3143 θαυμάσαι
2485 3070 2611 3142 χρὴ,
2664 3068 3103 3139 καταδεξάμενον
3133 3067 3350 3121 ἅπαντα
3390 3065 3458 3118 τά
3495 3065 3567 3117 εί-

1988 3163 2210 3234 ρημένα.
2266 3161 2324 3213 Ὀ
2347 3159 2456 3230 γάρ
2486 3159 2546 3211 τὸ
2574 3158 2683 3211 πᾶν
2731 3154 3115 3225 κατωρθωκὼς
3159 3150 3312 3217 οὗτός
3335 3155 3505 3214 ἐστιν,
3539 3154 3569 3204 6

1981 3248 2348 3317 ἀνασχόμενος
2370 3244 2836 3316 κατηγορηθῆναι,
2864 3242 2961 3295 καὶ
2988 3243 3238 3311 σιγήσας.
3271 3240 3442 3292 Τοῦτο
3465 3238 3567 3306 τῆς

1981 3333 2288 3403 οἰκονομίας
2310 3333 2371 3384 τὸ
2408 3332 2615 3401 κέρδος.
2632 3329 2819 3392 υῦτως
2839 3330 2970 3398 ἡμῖν
3002 3327 3264 3396 ἑκάτερος
3288 3325 3397 3378 τῶν
3429 3326 3565 3379 ἀπο-

1983 3418 2184 3470 στόλων
2248 3417 2608 3487 ἐγκλημάτων
2661 3416 2760 3486 μὲν
2802 3414 3172 3485 ἀπήλλακται,
3243 3411 3453 3482 μυρίων
3506 3411 3566 3465 δέ

1980 3509 2127 3561 ἐστιν
2164 3507 2456 3578 ἐγκωμίων
2485 3505 2656 3572 ἄξιος,
2707 3504 2844 3577 πρὸς
2873 3503 2972 3574 τὴν
3013 3502 3123 3557 τῶν
3148 3501 3350 3556 λοιπῶν
3389 3517 3564 3571 σωτη-

1983 3594 2104 3665 ρίαν
2162 3596 2378 3651 ἀπαντα
2429 3594 2524 3655 καὶ
2574 3592 2793 3646 ἀκούειν
2846 3591 2942 3645 καὶ
2986 3590 3169 3659 λέγειν
3224 3588 3561 3653 σπουδάζων.

1993 3683 2183 3753 Ἡμεῖς
2214 3682 2271 3734 δὲ
2304 3681 2488 3735 λοιπὸν
2511 3682 2601 3734 τὸν
2631 3679 2844 3733 Παύλου
2875 3679 2971 3732 καὶ
2999 3677 3211 3750 Πέτρου
3233 3676 3366 3729 Θεὸν
3394 3692 3568 3748 παρα-

1982 3770 2320 3841 καλέσωμεν,
2347 3770 2439 3824 τὸν
2465 3769 2705 3831 ἐκείνους
2720 3766 2968 3838 ἀλλήλοις
2986 3765 3320 3836 συνδήσαντα
3331 3767 3444 3828 τοῖς
3464 3764 3566 3835 τῆς

1981 3857 2234 3929 ὁμονοίας
2264 3856 2504 3926 δεσμοῖς,
2552 3855 2646 3908 καὶ
2694 3856 2842 3925 ἡμᾶς
2875 3855 2956 3915 εἰς
2996 3851 3095 3923 τὴν
3134 3852 3271 3924 πρὸς
3303 3851 3565 3923 ἀλλήλους

1982 3946 2202 4017 ἀγάπην
2236 3942 2555 4014 ἐπισφίγξαι
2588 3942 2965 4013 σφοδρότερον’
3002 3941 3091 3995 ἵνα
3128 3940 3227 4011 τὴν
3265 3939 3406 3993 κατά
3431 3938 3566 3993 Θεὸν

1981 4034 2236 4105 ὁμόνοιαν
2252 4033 2390 4104 πρὸς
2415 4031 2677 4101 ἀλλήλους
2702 4030 2938 4100 ἔχοντες,
2963 4027 3282 4099 δυνηθῶμεν
3303 4026 3568 4093 καταξιω-

1982 4121 2139 4192 θῆναι
2165 4122 2293 4187 τοὺς
2316 4121 2502 4191 ἀγίους
2524 4119 2767 4182 ἐκείνους
2804 4119 2954 4178 ἰδεῖν,
2988 4118 3082 4172 καὶ
3112 4116 3264 4188 παρά
3297 4114 3398 4180 τὰς
3423 4116 3563 4169 αἰω-

1982 4211 2127 4275 νίους
2151 4210 2329 4264 αὐτῶν
2350 4208 2642 4282 εὑρεθῆναι
2682 4208 2905 4280 σκηνὰς,
2925 4207 3109 4278 χάριτι
3147 4205 3241 4259 καὶ
3264 4203 3567 4276 φιλανθρω-

1984 4301 2083 4370 πίᾳ
2121 4300 2213 4352 τοῦ
2240 4296 2618 4370 Κυρίουήμῶν
2642 4295 2817 4368 Ἰησοῦ
2843 4292 3105 4368 Χριστοῦ,
3135 4292 3201 4346 δι’
3226 4286 3288 4346 οὗ
3318 4292 3415 4345 καὶ
3444 4290 3565 4363 μεθ’

1986 4380 2047 4441 οὑ
2088 4385 2167 4457 τῷ
2212 4387 2388 4459 Πατρὶ
2418 4386 2512 4440 καὶ
2550 4384 2628 4456 τῷ
2664 4384 2806 4455 ἁγίῳ
2849 4382 3124 4452 Πνεύματι
3162 4379 3310 4446 δόξα,
3343 4379 3567 4449 κράτος,

1986 4474 2142 4545 τιμὴ,
2198 4476 2292 4528 καὶ
2321 4473 2712 4544 προσκύνησις,
2756 4471 2852 4525 νῦν
2901 4472 2995 4524 καὶ
3026 4470 3133 4534 ἀεὶ,
3169 4471 3266 4523 καὶ
3317 4468 3395 4531 είς
3438 4469 3565 4531 τους

1989 4562 2190 4623 αἰῶνας
2222 4561 2326 4615 τῶν
2354 4559 2585 4615 αἰώνων.
2622 4560 2815 4631 Ἀμήν.

1561 5089 1780 5142 ΤΕΛΟΣ
1840 5085 2077 5141 TUMUY
2133 5084 2260 5135 NA’.

2206 5798 2443 5853 Parisiis.
2474 5826 2539 5836 -—-
2574 5795 2651 5848 Ex
2683 5792 2847 5865 Typis
2872 5791 3012 5845 J.—P.
3042 5783 3272 5841 MIGNE.
