4010 6342
2887 403 3361 413 -—————.————-—~—-"
3385 404 3453 409 ...ο

1424 479 1611 690 3?
1659 490 2454 689 rwfatin

898 843 1045 928 IN
1099 842 1754 926 TERTIUM
1808 840 2326 924 TOMUM
2381 836 2963 922 OPERUM

1355 1024 1419 1085 S.
1463 1022 1795 1086 JOANNIS
1838 1021 2429 1083 CHRYSOSTOMI.

1744 1194 2114 1247 «θεῶν»

358 1369 452 1439 Ea
482 1368 601 1463 fuit
628 1367 902 1458 instituti
933 1366 1137 1458 nostri
1168 1366 1336 1457 ratio
1374 1367 1441 1426 in
1464 1366 1593 1457 .hac
1624 1366 1913 1457 paranda
1946 1363 3108 1463 S.‘JoannisLChrj;sostomi.Op'ernm
3140 1364 3465 1441 Editione,
3498 1374 3573 1463 ut

271 1449 609 1528 Opuscula
644 1447 920 1524 primum
939 1446 1187 1528 pmnia,
1223 1445 1800 1528 cujusvisgeneris
1828 1449 2045 1528 es_s_ent
2068 1489 2083 1514 ,
2224 1444 2431 1503 tribus
2468 1444 3036 1528 Tomis_priorihus
3069 1445 3462 1528 locaremus;
3500 1448 3567 1508 in

282 1522 709 1608 sequentibus
740 1522 1410 1608 vero__Commentaria
1437 1526 1501 1583 in
1524 1522 1873 1608 Novumet
1891 1524 2090 1608 Vetus
2124 1525 2630 1608 Testamentum.
2672 1522 2998 1608 Opuscula
3028 1542 3223 1608 porro
3258 1526 3472 1588 omnia
3501 1528 3567 1589 in

276 1601 571 1686 quinque
604 1607 839 1665 classes
874 1604 1589 1686 distribuimus._Prima
1614 1604 1839 1686 classis
1863 1604 2425 1686 _c_omp_lectitur_ea
2471 1601 2709 1679 Opera,
2742 1620 2888 1686 quae
2918 1604 3000 1686 ob
3048 1604 3419 1686 varietatem
3450 1622 3573 1686 ar-

276 1681 569 1762 gumenti
605 1702 736 1764 non
762 1689 1038 1759 possunt
1067 1700 1199 1764 uno
1230 1684 1433 1764 titulo
1450 1682 2073 1764 comprehendi,jsed
2107 1681 2799 1764 secundumtemporis
2829 1682 3150 1764 ordinem,
3182 1685 3395 1764 quoad
3426 1685 3565 1764 ejus

276 1760 421 1825 ﬁeri
454 1768 687 1842 potest,
724 1762 1351 1842 locanturtSecunda
1382 1762 1608 1842 classis
1639 1766 1735 1822 est
1756 1760 2154 1842 Concionum
2180 1761 2715 1842 panegyrigirum
2742 1761 2817 1819 de
2843 1762 3117 1842 Domino
3146 1763 3217 1821 N.
3237 1764 3293 1822 .l.
3315 1760 3572 1825 Christo

277 1779 421 1825 neri
454 1779 687 1842 potest,
724 1779 1351 1822 mcanturmecunua
1382 1779 1608 1823 eiasms
1639 1779 1735 1822 es:
1756 1779 2154 1821 concionum
2180 1779 2715 1896 panegyricarum
2742 1779 2817 1819 uc
2843 1779 3117 1821 uomino
3148 1779 3293 1822 μαι.
3315 1779 3571 1825 ωπιειο

277 1850 344 1905 et
374 1844 452 1903 de
493 1842 770 1903 Sanctis.
801 1842 1009 1902 Hasce
1031 1841 1190 1900 duas
1224 1842 1471 1916 priores
1509 1841 1747 1900 classes
1779 1841 2023 1917 primus
2055 1845 2117 1900 et
2148 1857 2344 1899 secun
2394 1856 2467 1899 us
2501 1840 2738 1898 Tomus
2780 1841 3315 1916 complectuntur.
3354 1844 3571 1904 Tertia

277 1923 503 1984 classis
530 1926 629 1983 est
655 1922 1106 1991 Homiliarum,
1133 1937 1278 1997 qua:
1310 1939 1392 1979 ex
1422 1920 1694 1980 diversis
1738 1920 2080 1996 Scriptura:
2126 1919 2282 1977 locis
2316 1923 2777 1998 argumentum;
2821 1925 3221 1991 mutuantur,
3252 1939 3395 1998 qua:
3426 1922 3575 1982 Ho—

279 2003 475 2062 milia:
511 2002 787 2078 primam
822 2001 1090 2077 hujusce
1122 1996 1289 2059 tertii
1319 2000 1499 2058 Tomi
1529 2005 1777 2076 partem
1808 2002 2149 2078 occupant.
2181 1996 2424 2070 Quarta
2449 1998 2706 2078 _classis,
2745 1996 3220 2078 Opusculorum
3250 1996 3327 2060 ad
3358 2009 3571 2063 motus

275 2076 1033 2157 Constantiimpolitanos
1055 2083 1115 2137 et
1145 2079 1220 2138 ad
1254 2085 1604 2155 utrumque
1635 2078 1696 2139 S.
1725 2077 1994 2138 Joannis
2022 2076 2461 2157 Chrysostomi
2495 2076 2795 2157 exsilium
2828 2077 3306 2153 pertinentium.
3335 2079 3575 2152 Quinta

278 2162 508 2220 classis
543 2165 638 2220 est
671 2155 1103 2236 Epistolarum
1136 2158 1453 2217 omnium.
1492 2160 1649 2217 Tres
1683 2159 1881 2236 igitur
1918 2158 2323 2236 posteriores
2356 2156 2597 2216 classes
2650 2156 2712 2217 in
2751 2155 2873 2217 hoc
2904 2157 3093 2216 tertio
3123 2159 3324 2216 'I‘omo
3355 2161 3575 2219 conti-

279 2246 555 2305 nentur,
585 2239 822 2315 quibus
857 2237 1294 2316 subjiciuntur
1324 2254 1534 2314 pauca
1555 2235 1849 2315 quendam
1877 2280 1896 2309 ,
1938 2241 2001 2296 et
2039 2236 2261 2315 spuria
2293 2235 2572 2313 denique
2608 2236 2832 2295 multa.
2866 2236 2955 2295 De
2985 2236 3111 2296 illis
3140 2238 3440 2299 omnibus
3474 2240 3577 2301 hic

278 2318 576 2396 quaedam
614 2317 1057 2394 priemittenda
1092 2321 1264 2376 sunt.

589 2445 617 2518 §
678 2440 727 2499 Ι.
761 2474 837 2482 —
872 2440 958 2497 De
986 2438 1294 2500 Homiliis
1313 2456 1447 2518 quae
1487 2457 1564 2497 ea:
1591 2437 1853 2498 diversis
1881 2437 2228 2516 Scriptum
2248 2437 2403 2498 locis
2429 2445 2859 2515 argumentum
2901 2446 3292 2499 mutuantur.

360 2562 666 2623 Ordimur
691 2580 845 2645 ergo
880 2562 961 2622 ab
981 2560 1279 2645 Homiliis
1310 2561 1375 2620 in
1406 2561 1549 2645 loca
1582 2560 1877 2645 quaedam
1912 2561 2063 2622 novi
2100 2560 2518 2632 Testamenti,
2545 2578 2825 2637 quarum
2855 2566 3142 2645 quatuor
3170 2565 3414 2645 priores
3444 2568 3579 2627 toti-

279 2640 425 2703 dem
463 2643 873 2720 evangelicas
917 2641 1272 2701 sententias
1306 2641 1657 2717 explicant.
1696 2640 1857 2701 Octo
1892 2646 2109 2701 autem
2148 2645 2491 2716 Sequentes
2530 2658 2676 2718 quze
2707 2657 2839 2701 una
2868 2641 3040 2702 serie
3082 2647 3143 2702 et
3172 2640 3580 2709 continenter

281 2721 519 2802 habitae
552 2727 744 2791 sunt,
782 2722 1015 2802 misere
1039 2720 1371 2802 distractae
1401 2720 1796 2802 etAdispersae
1828 2727 2013 2802 erant
2056 2720 2558 2802 in__Edition_ibus
2614 2720 2939 2802 Saviliana
2990 2728 3053 2781 et
3080 2722 3523 2793 Frontoniana
3558 2746 3575 2788 :

280 2800 455 2877 quod
483 2818 638 2861 cave
669 2819 786 2861 seu
844 2800 1111 2860 incuria:
1159 2816 1275 2859 seu
1306 2799 1713 2878 negligentiae
1730 2800 1948 2859 Savilii
1972 2806 2083 2859 aut
2110 2799 2454 2878 Frontonis
2483 2800 2694 2859 Βιλρωὶ
2725 2800 3076 2861 adscribas.
3104 2802 3200 2862 Illi
3226 2805 3396 2863 enim
3427 2806 3579 2865 nul-

278 2876 413 2938 lam
446 2897 577 2939 non
607 2879 1004 2958 diligentiam
1044 2879 1436 2939 adhibebant
1463 2876 1644 2949 ,‘non
1704 2880 1892 2937 modo
1937 2886 2009 2937 ut
2042 2879 2256 2937 omnia
2294 2876 2733 2958 Chrysostomi
2776 2879 3103 2956 Opuscula
3148 2900 3231 2943 ex
3279 2886 3577 2945 omnibus

281 2958 461 3043 orbis
493 2957 842 3043 Christiani
878 2959 1169 3043 partibus
1199 2958 1601 3043 colligerent,
1633 2958 1741 3017 sed
1768 2959 1963 3043 etiam
1993 2960 2064 3015 ut
2096 2974 2371 3043 quaeque
2393 2974 2511 3043 suo
2539 2957 2760 3043 ordine
2791 2963 3125 3043 ponerent.
3156 2960 3395 3043 Verum
3422 2964 3580 3043 quia

275 3037 412 3117 jam
437 3040 636 3114 prmio
667 3039 830 3099 datis
864 3035 1084 3117 multis
1110 3036 1447 3117 Operibus,
1475 3036 1604 3096 alia
1636 3036 1970 3117 confertim
2006 3035 2290 3117 undique
2317 3035 2706 3117 accedebant
2735 3035 2922 3117 ,ﬁhzec
2960 3043 3280 3117 postremo
3309 3035 3580 3105 advecta

282 3114 673 3195 plerumque
694 3122 766 3176 ut
804 3117 931 3176 fors
966 3115 1213 3195 ferebat
1266 3116 1592 3175 locabant.
1641 3115 1899 3189 Quanto
1954 3120 2168 3195 autem
2207 3114 2462 3195 lectoris
2498 3114 2832 3191 dispendio
2863 3114 2997 3176 haec
3038 3117 3130 3177 sic
3167 3118 3472 3181 distracta
3504 3138 3582 3184 ac

284 3196 756 3273 propemodum
793 3196 1103 3272 dissipata
1137 3194 1504 3261 ederentur,
1534 3198 1751 3255 statim
1796 3194 2266 3255 animadvertet
2293 3194 2589 3271 quisquis
2613 3210 2836 3253 earum
2876 3195 3210 3258 lectionem
3247 3200 3582 3261 continen-

287 3281 389 3334 ter
412 3280 691 3353 peraget.
715 3276 875 3356 Nam
908 3276 1294 3356 plerumque
1330 3274 1556 3356 accidit
1595 3280 1665 3332 ut
1692 3275 1755 3332 in
1788 3274 2081 3356 sequenti
2113 3277 2367 3333 tantum
2397 3273 2628 3356 prioris
2647 3280 3104 3356 argumentum
3137 3278 3575 3356 compleatur:

284 3355 990 3436 tantamque‘alioquin
1019 3371 1241 3436 omnes
1274 3354 1512 3413 habent
1543 3354 1712 3415 inter
1743 3372 1812 3414 se
1843 3353 2223 3415 afﬁnitatem
2246 3398 2260 3423 ,
2297 3359 2368 3412 ut
2400 3354 2657 3413 nonnisi
2693 3353 3075 3433 praecedenti
3108 3353 3582 3436 lecta'sequen-

287 3440 417 3512 tem
451 3434 641 3510 plane
668 3433 1027 3512 intelligere
1058 3434 1290 3509 possis.

366 3511 465 3572 Ex
510 3513 685 3572 hisce
726 3518 942 3573 autem
997 3518 1141 3572 octo
1172 3511 1468 3573 Homiliis
1501 3516 1787 3590 quatuor
1814 3512 2063 3590 priores
2121 3516 2274 3572 sunt
2318 3512 2380 3571 in
2415 3511 2801 3589 principium
2825 3555 2839 3578 ,
2882 3511 3016 3571 sive
3047 3512 3110 3571 in
3145 3514 3399 3576 titulum
3432 3517 3581 3580 libri

288 3592 622 3670 Actorum.
647 3592 718 3653 In
758 3592 879 3651 hoc
900 3598 1113 3651 tamen
1139 3596 1594 3670 argumentum
1624 3591 1919 3669 quinque
1946 3610 2077 3653 una
2109 3591 2274 3652 serie
2301 3591 2646 3651 conciones
2687 3590 3039 3665 habuerat,
3094 3597 3162 3652 ut
3207 3612 3335 3654 non
3383 3597 3580 3661 semel

289 3669 677 3732 testiﬁcatur
703 3672 990 3731 Joannes
1034 3675 1253 3729 noster
1291 3690 1305 3728 :
1339 3670 1449 3730 sed
1477 3671 1786 3743 secunda,
1824 3671 1888 3730 in
1912 3688 2041 3748 qua
2066 3670 2481 3749 quaarebatur
2505 3670 2652 3747 quis
2682 3674 2852 3732 esset
2872 3676 3101 3732 auctor
3131 3672 3274 3735 libri
3303 3676 3578 3739 Actuum

289 3750 751 3829 Apostolorum
783 3796 799 3822 ,
834 3749 1183 3829 intercidit.
1231 3749 1416 3811 Illam
1447 3766 1643 3826 porro
1666 3750 1991 3829 integram
2041 3768 2141 3809 me
2173 3749 2493 3829 reperisse
2525 3751 2831 3828 putabam
2852 3794 2867 3821 ,
2900 3757 2972 3810 ut
3002 3752 3063 3811 in
3094 3754 3474 3816 Praefatione
3501 3758 3580 3819 ad

290 3827 569 3903 primum
600 3831 874 3889 Tomum
905 3828 1063 3887 dixi.
1096 3829 1337 3908 Verum
1369 3833 1595 3905 postea
1642 3827 2012 3907 diligentius
2047 3844 2336 3908 expensa
2377 3827 2644 3891 homilia
2682 3830 2789 3890 illa
2838 3830 3218 3907 longissima
3251 3879 3266 3904 ,
3318 3852 3398 3895 ex
3423 3837 3575 3897 Mss.

289 3912 512 3990 eruta,
546 3926 691 3990 qua;
725 3908 803 3967 de
851 3908 1246 3990 Ascensione
1295 3907 1674 3990 inscribitur
1699 3953 1717 3990 _,
1750 3909 2032 3990 comperi
2090 3917 2335 3987 partem
2379 3909 2638 3986 quidem
2689 3909 3015 3990 illam_ubi
3044 3956 3060 3981 ,
3090 3913 3479 3990 quibusdam
3502 3916 3582 3976 de

289 3985 609 4064 principio
646 3989 955 4067 Actorum
1000 3986 1383 4067 praemissis,
1434 3985 1916 4050 evidentissime
1960 3985 2273 4067 probatur
2316 3985 2555 4049 Lucam
2602 3988 3065 4066 evangelistam
3107 3985 3249 4053 esse
3303 3996 3581 4055 Actuum

290 4068 650 4153 auctorem,
676 4084 821 4153 esse
852 4066 1028 4153 haud
1055 4066 1247 4129 dubie
1270 4064 1712 4148 Chrysostomi
1754 4089 1768 4127 :
1801 4064 2025 4153 verum
2054 4069 2181 4130 alia
2225 4086 2370 4153 quae
2398 4064 2843 4153 hancpartein
2875 4069 3265 4153 prtecedunt,
3288 4078 3361 4153 et
3390 4073 3582 4153 longe

296 4142 486 4232 plura
514 4161 661 4227 quae
691 4144 869 4211 illam
902 4142 1426 4232 subsequuntur,
1447 4166 1593 4232 non
1635 4142 2496 4232 posse_Chrysostomi_esse.
2547 4142 2905 4232 merebam:
2934 4152 3104 4232 certe
3160 4150 3345 4232 initio
3375 4196 3391 4223 ,
3424 4142 3582 4232 quia

294 4225 409 4288 illa
438 4225 684 4306 partem
719 4247 846 4289 non
877 4225 1410 4289 contemnendam
1443 4228 1616 4288 illius
1642 4227 1924 4287 homilia;
1951 4225 2521 4303 cbmplectebatur,
2554 4242 2638 4286 an
2670 4226 2734 4286 in
2758 4225 2948 4306 iscric
3001 4228 3277 4290 aliarum
3309 4225 3583 4295 locanda

296 4305 507 4378 esset;
558 4308 667 4368 sed
697 4308 1023 4384 ingratum
1044 4308 1269 4367 lectori
1308 4306 1440 4366 fore
1472 4307 1717 4384 putavi,
1748 4308 1798 4366 si
1834 4308 2056 4384 spuria
2084 4307 2196 4367 illa
2231 4306 2358 4366 alia
2389 4322 2534 4383 qum
2561 4306 2625 4364 in
2659 4305 2880 4369 eadem
2915 4306 3180 4369 homilia
3202 4322 3577 4382 occurrunt,

298 4402 577 4462 quorum
607 4385 902 4463 quaedam
942 4403 1257 4465 nugacem
1283 4385 1646 4465 Graeculum
1678 4387 1962 4463 sapiunt,
1995 4387 2164 4446 veris
2199 4385 2505 4458 operibus
2532 4385 2951 4445 admiscerem
2986 4405 3000 4444 :
3036 4391 3458 4463 quamobrem
3489 4398 3584 4451 to-.

303 4471 433 4522 tam
465 4466 794 4526 homiliam
828 4465 907 4526 ad
938 4464 1175 4526 calcem
1212 4464 1403 4543 hujus
1436 4466 1617 4526 Tomi
1650 4466 1997 4525 amandare
2031 4466 2242 4525 visum
2271 4471 2390 4525 est.

381 4543 672 4627 Quatuor
698 4546 848 4604 item
877 4544 1170 4627 Homiliaa
1201 4562 1346 4627 qua:
1375 4544 1451 4604 de
1487 4545 1840 4605 Mutatione
1871 4545 2205 4627 nominum
2253 4543 2575 4627 inscripta:
2620 4546 2772 4627 sunt
2793 4587 2807 4616 ,
2846 4548 3129 4621 quatuor
3158 4546 3283 4607 illis
3314 4546 3377 4606 in
3407 4550 3586 4627 prin-

296 4621 538 4699 cipium
568 4626 868 4685 Actorum
902 4623 1120 4683 nativo
1149 4623 1374 4683 ordine
1394 4631 1875 4684 connectuntur
1901 4645 1914 4681 :
1936 4624 2000 4684 in
2040 4624 2134 4683 his
2154 4623 2403 4703 quippe
2442 4623 2781 4703 postremis
2811 4630 3261 4702 argumentum
3290 4621 3581 4703 priorum

298 4705 721 4780 prosequitur
744 4703 1270 4783 Chrysostomus,
1304 4704 1465 4762 utin
1512 4703 1758 4763 Monito
1800 4702 2392 4783 diximus.Caaterzc
2430 4702 2725 4762 Humilia:
2762 4702 2825 4760 in
2868 4704 3011 4783 loca
3047 4704 3227 4764 Pauli
3275 4702 3473 4779 Sunt,
3506 4726 3583 4769 ac

296 4798 449 4862 cum
480 4781 1012 4862 przecedentibus,
1041 4781 1303 4859 triginta
1338 4790 1621 4860 quatuor
1666 4782 1859 4843 simul
1906 4782 2321 4862 homiliarum
2374 4799 2720 4862 numerum
2774 4782 3134 4862 complent.
3164 4783 3321 4844 Tres
3382 4804 3579 4862 porro

294 4860 614 4940 llomilias
641 4861 716 4922 de
742 4863 1019 4939 Legibus
1036 4862 1365 4931 connubii,
1389 4878 1668 4938 quarum
1693 4863 1900 4939 prima
1931 4867 2025 4922 est
2058 4880 2232 4922 num.
2259 4860 2435 4930 18,in
2455 4860 2606 4920 illud
2631 4860 2937 4940 :Propter
2964 4860 3439 4935 fornicationes,
3458 4872 3575 4929 etc.

297 4939 507 5000 altera
542 4959 718 5001 num.
758 4941 857 5009 19,
881 4941 955 5002 de
990 4941 1234 5009 Libello
1262 4941 1552 5019 repudii;
1587 4942 1774 5002 tertia
1809 4960 1988 5002 num.
2020 4941 2120 5011 ‘20,
2150 4941 2328 5002 Laus
2349 4940 2646 5007 Maximi,
2675 4947 2731 5000 et
2753 4939 2963 5017 quales
2989 4940 3281 5001 timenda:
3310 4962 3582 5012 uxores:

300 5020 422 5078 has
446 5062 462 5099 _.
485 5019 773 5097 inquam,
807 5020 1121 5085 Homilias
1145 5064 1161 5089 ,
1194 5038 1339 5097 qua)
1375 5022 1566 5082 unius
1600 5027 1662 5082 et
1690 5021 1974 5099 ejusdem
1998 5020 2360 5099 argumenti
2406 5025 2559 5083 sunt
2584 5024 2645 5079 et
2675 5020 2895 5099 eodem
2928 5025 3213 5099 tempore
3253 5039 3385 5085 una
3416 5026 3583 5087 serie

302 5097 567 5181 habitae,
590 5105 658 5159 ut
688 5099 1049 5181 legentibus
1082 5098 1392 5177 liquidum
1425 5105 1544 5181 est,
1570 5101 1658 5161 ita
1695 5097 1934 5161 Fronto
1960 5097 2236 5181 Duézeus
2258 5099 2564 5181 ediderat,
2591 5102 2664 5158 ut
2690 5097 2878 5160 tertia
2909 5115 2947 5159 a
2970 5097 3223 5181 duabus
3254 5102 3579 5181 prioribus

296 5178 499 5257 longo
552 5178 893 5241 intervallo
924 5184 1370 5256 separaretur;
1404 5179 1511 5240 sed
1552 5197 1644 5241 ea!
1695 5197 1813 5242 suo
1863 5180 2084 5241 ordine
2124 5182 2254 5257 jam
2283 5179 2503 5239 locatze
2534 5194 2684 5257 suas
2712 5182 2924 5257 partes
2965 5179 3231 5256 implere
3257 5178 3345 5243 ac
3388 5184 3586 5244 semel

300 5255 575 5334 emptam
601 5257 938 5323 materiam
981 5255 1058 5320 ad
1093 5257 1485 5325 destinatum
1520 5258 1711 5325 ﬁnem
1733 5258 2068 5323 deductam
2099 5255 2321 5329 lectori
2351 5256 2743 5335 conjunctim
2769 5255 2997 5319 otIerre
3018 5255 3343 5337 poterunt.

300 5390 333 5459 δ
382 5381 458 5441 η.
492 5378 909 5464 -έθριιδευισ
944 5381 1015 5442 ϐο
1054 5381 1324 5442 motibus
1359 5381 1883 5460 Constantinopoi

1737 5479 1881 5521 nam

2003 5382 2111 5521 ηέε,
2148 5388 2203 5441 et
2241 5380 2313 5443 de
2349 5387 2614 5459 utroqm
2644 5378 3074 5458 Chrysostomi
3112 5381 3369 5449 «milia.
3402 5354 3586 5462 quas;

2003 5479 2026 5519 ι
2061 5504 2075 5517 .

1737 5479 1881 5521 nam
1926 5479 2075 5521 ειητ.

389 5579 537 5665 Haec
564 5580 810 5665 excipit
827 5588 1063 5665 quarta
1094 5578 2087 5665 classigAOpusculorummempe
2122 5581 2195 5646 de
2228 5581 2516 5665 motibus
2534 5578 3290 5665 Constantinopolitanis,
3325 5602 3573 5657 necnon

305 5657 387 5717 de
417 5659 562 5745 aliis
586 5657 734 5745 quid
768 5657 1229 5745 ad'utrumque
1273 5657 1713 5741 Chr'ysostomi
1744 5657 2044 5723 exsilium
2081 5662 2423 5745 pertinent.
2467 5661 2615 5723 Huic
2649 5662 2867 5745 omnia
2895 5657 3245 5745 secundum
3273 5666 3579 5745 temporis

308 5737 542 5799 seriem
571 5737 761 5818 edere
788 5739 999 5800 visum
1027 5737 1163 5811 est’,
1198 5758 1343 5804 cum
1373 5737 1565 5803 antea
1596 5745 1893 5818 separata
1922 5746 1985 5800 et
2018 5737 2440 5802 tumultuario
2470 5757 2665 5817 opere
2713 5739 2982 5802 diversis
3028 5741 3093 5803 in
3140 5744 3327 5805 tomis
3371 5737 3576 5809 locata

308 5821 568 5889 essent,
593 5817 787 5896 idque
813 5835 968 5879 casu
996 5818 1213 5898 potius
1246 5836 1441 5897 quam
1475 5817 1767 5881 consilio.
1801 5819 1897 5881 Ex
1926 5819 1999 5885 iis
2027 5836 2152 5880 non
2184 5836 2392 5899 pauca
2425 5820 2487 5879 in
2519 5819 2806 5881 Editionc
2843 5820 3183 5883 Frontonis
3231 5821 3445 5883 Ducmi‘
3475 5824 3584 5886 dae

649 5942 920 6007 Ρλτιιοι.
968 5947 1081 6009 Gn.
1128 5947 1213 6002 LI.
1358 6018 1359 6021 η
3278 5937 3299 5992 i

1639 6066 2178 6189 2?680

1993 6144 2061 6183 (Li

267 6016 301 6026 ω

1639 6078 1715 6137 υ)

1643 6149 1720 6193 ,ξολ
