  <div class='ocr_page' id='page_1' title='image "/cluster/home/n/w/nwhite01/storage/ocr_20150623/51/nnc1.0046978275/017.png"; bbox 0 0 4010 6342; ppageno 0'>
   <div class='ocr_carea' id='block_1_1' title="bbox 311 249 1895 326">
    <p class='ocr_par' dir='ltr' id='par_1_1' title="bbox 311 254 1895 323">
     <span class='ocr_line' id='line_1_1' title="bbox 311 254 1895 323; baseline 0.004 -9"><span class='ocrx_word' id='word_1_1' title='bbox 311 263 326 314; x_wconf 78' lang='grc'><strong>1</strong></span> <span class='ocrx_word' id='word_1_2' title='bbox 348 260 375 312; x_wconf 76' lang='grc' dir='ltr'><em>Ἰ</em></span> <span class='ocrx_word' id='word_1_3' title='bbox 387 266 400 282; x_wconf 84' lang='grc'><strong>·</strong></span> <span class='ocrx_word' id='word_1_4' title='bbox 1041 254 1096 317; x_wconf 72' lang='lat'>5‘.</span> <span class='ocrx_word' id='word_1_5' title='bbox 1126 261 1413 320; x_wconf 75' lang='lat' dir='ltr'>JOANNIS</span> <span class='ocrx_word' id='word_1_6' title='bbox 1441 265 1895 323; x_wconf 72' lang='lat' dir='ltr'>CHRYSOSTOM</span> 
     </span>
    </p>
   </div>
   <div class='ocr_carea' id='block_1_2' title="bbox 1997 249 3564 326">
    <p class='ocr_par' dir='ltr' id='par_1_2' title="bbox 1997 249 3564 326">
     <span class='ocr_line' id='line_1_2' title="bbox 1997 249 3564 326; baseline -0.011 -6"><span class='ocrx_word' id='word_1_7' title='bbox 1997 266 2278 326; x_wconf 55' lang='grc' dir='ltr'>προπερ.</span> <span class='ocrx_word' id='word_1_8' title='bbox 2322 249 2876 326; x_wconf 70' lang='lat' dir='ltr'>CONSTANTINOP.’</span> <span class='ocrx_word' id='word_1_9' title='bbox 3484 264 3564 319; x_wconf 53' lang='lat'>1.3-</span> 
     </span>
    </p>
   </div>
   <div class='ocr_carea' id='block_1_3' title="bbox 611 495 1504 505">
    <p class='ocr_par' dir='ltr' id='par_1_3' title="bbox 611 495 1504 505">
     <span class='ocr_line' id='line_1_3' title="bbox 611 495 1504 505; baseline 0.004 -3"><span class='ocrx_word' id='word_1_10' title='bbox 611 496 869 505; x_wconf 57' lang='lat' dir='ltr'>-.-——.—_——o</span> <span class='ocrx_word' id='word_1_11' title='bbox 887 495 1316 504; x_wconf 72' lang='lat'>——.—-—-—-——-—-——————--</span> <span class='ocrx_word' id='word_1_12' title='bbox 1325 496 1504 504; x_wconf 69' lang='lat'>——-—-———-</span> 
     </span>
    </p>
   </div>
   <div class='ocr_carea' id='block_1_4' title="bbox 1979 501 2574 508">
    <p class='ocr_par' dir='ltr' id='par_1_4' title="bbox 1979 501 2574 508">
     <span class='ocr_line' id='line_1_4' title="bbox 1979 501 2574 508; baseline 0 -2"><span class='ocrx_word' id='word_1_13' title='bbox 1979 501 1992 506; x_wconf 63' lang='grc' dir='ltr'>ν</span> <span class='ocrx_word' id='word_1_14' title='bbox 2007 501 2050 506; x_wconf 64' lang='grc' dir='ltr'>,ι-</span> <span class='ocrx_word' id='word_1_15' title='bbox 2077 501 2134 506; x_wconf 56' lang='grc' dir='ltr'>ο.</span> <span class='ocrx_word' id='word_1_16' title='bbox 2151 501 2222 507; x_wconf 74' lang='lat'>.__...</span> <span class='ocrx_word' id='word_1_17' title='bbox 2265 501 2476 508; x_wconf 27' lang='lat'>-7...__.._._</span> <span class='ocrx_word' id='word_1_18' title='bbox 2499 502 2574 508; x_wconf 84' lang='lat'>._._</span> 
     </span>
    </p>
   </div>
   <div class='ocr_carea' id='block_1_5' title="bbox 1199 849 2533 948">
    <p class='ocr_par' dir='ltr' id='par_1_5' title="bbox 1199 849 2533 948">
     <span class='ocr_line' id='line_1_5' title="bbox 1199 849 2533 948; baseline 0.004 -7"><span class='ocrx_word' id='word_1_19' title='bbox 1199 849 1276 922; x_wconf 68' lang='grc' dir='ltr'>[η</span> <span class='ocrx_word' id='word_1_20' title='bbox 1352 861 1521 944; x_wconf 82' lang='grc' dir='ltr'>ΕΙΣ</span> <span class='ocrx_word' id='word_1_21' title='bbox 1569 863 1798 945; x_wconf 86' lang='grc' dir='ltr'>ΤΗΝ</span> <span class='ocrx_word' id='word_1_22' title='bbox 1860 861 2533 948; x_wconf 84' lang='grc' dir='ltr'>ΠΑΡΑΒΟΛΗΝ</span> 
     </span>
    </p>
   </div>
   <div class='ocr_carea' id='block_1_6' title="bbox 305 1237 3554 1315">
    <p class='ocr_par' dir='ltr' id='par_1_6' title="bbox 305 1237 3554 1315">
     <span class='ocr_line' id='line_1_6' title="bbox 305 1237 3554 1315; baseline 0.001 -21"><span class='ocrx_word' id='word_1_23' title='bbox 305 1237 413 1294; x_wconf 78' lang='grc' dir='ltr'>Τοῦ</span> <span class='ocrx_word' id='word_1_24' title='bbox 432 1239 503 1293; x_wconf 82' lang='grc' dir='ltr'><em>τὰ</em></span> <span class='ocrx_word' id='word_1_25' title='bbox 521 1241 705 1308; x_wconf 67' lang='grc' dir='ltr'>μύρτα</span> <span class='ocrx_word' id='word_1_26' title='bbox 730 1241 988 1294; x_wconf 56' lang='grc' dir='ltr'>τάλαι-τα</span> <span class='ocrx_word' id='word_1_27' title='bbox 1014 1241 1382 1308; x_wconf 60' lang='grc' dir='ltr'>ὀφείλοντος,</span> <span class='ocrx_word' id='word_1_28' title='bbox 1405 1242 1502 1293; x_wconf 70' lang='grc' dir='ltr'>καὶ</span> <span class='ocrx_word' id='word_1_29' title='bbox 1526 1242 1597 1295; x_wconf 85' lang='grc' dir='ltr'><em>τὰ</em></span> <span class='ocrx_word' id='word_1_30' title='bbox 1627 1242 1843 1295; x_wconf 70' lang='grc' dir='ltr'>ἑκατόν</span> <span class='ocrx_word' id='word_1_31' title='bbox 1876 1240 2130 1310; x_wconf 76' lang='grc' dir='ltr'>δηνάρια</span> <span class='ocrx_word' id='word_1_32' title='bbox 2161 1243 2557 1311; x_wconf 71' lang='grc' dir='ltr'>ἀπαιτοῦντος</span> <span class='ocrx_word' id='word_1_33' title='bbox 2589 1286 2603 1307; x_wconf 87' lang='grc'>,</span> <span class='ocrx_word' id='word_1_34' title='bbox 2636 1244 2736 1298; x_wconf 67' lang='lat' dir='ltr'>xui</span> <span class='ocrx_word' id='word_1_35' title='bbox 2776 1245 2861 1297; x_wconf 83' lang='grc' dir='ltr'>ὅτι</span> <span class='ocrx_word' id='word_1_36' title='bbox 2890 1247 3116 1310; x_wconf 68' lang='grc' dir='ltr'>παντὸς</span> <span class='ocrx_word' id='word_1_37' title='bbox 3139 1242 3554 1315; x_wconf 69' lang='grc' dir='ltr'>ἁμαρτήματος</span> 
     </span>
    </p>
   </div>
   <div class='ocr_carea' id='block_1_7' title="bbox 1532 1334 2294 1404">
    <p class='ocr_par' dir='ltr' id='par_1_7' title="bbox 1532 1334 2294 1404">
     <span class='ocr_line' id='line_1_7' title="bbox 1532 1334 2294 1404; baseline 0.001 -16"><span class='ocrx_word' id='word_1_38' title='bbox 1532 1336 1600 1388; x_wconf 83' lang='grc' dir='ltr'>τὸ</span> <span class='ocrx_word' id='word_1_39' title='bbox 1642 1334 2044 1403; x_wconf 79' lang='grc' dir='ltr'>μνησικακεῖν</span> <span class='ocrx_word' id='word_1_40' title='bbox 2073 1334 2294 1404; x_wconf 72' lang='grc' dir='ltr'>χεῖρον.</span> 
     </span>
    </p>
   </div>
   <div class='ocr_carea' id='block_1_8' title="bbox 374 1799 1876 1874">
    <p class='ocr_par' dir='ltr' id='par_1_8' title="bbox 374 1799 1876 1874">
     <span class='ocr_line' id='line_1_8' title="bbox 374 1799 1876 1874; baseline 0 -20"><span class='ocrx_word' id='word_1_41' title='bbox 374 1799 442 1854; x_wconf 81' lang='grc' dir='ltr'>α’.</span> <span class='ocrx_word' id='word_1_42' title='bbox 459 1801 544 1861; x_wconf 79' lang='grc' dir='ltr'>Ὡς</span> <span class='ocrx_word' id='word_1_43' title='bbox 574 1803 642 1854; x_wconf 80' lang='grc' dir='ltr'>ἐκ</span> <span class='ocrx_word' id='word_1_44' title='bbox 664 1804 876 1872; x_wconf 74' lang='grc' dir='ltr'>μακρᾶς</span> <span class='ocrx_word' id='word_1_45' title='bbox 893 1803 1198 1872; x_wconf 77' lang='grc' dir='ltr'>ἀποδημίας</span> <span class='ocrx_word' id='word_1_46' title='bbox 1222 1802 1529 1856; x_wconf 85' lang='grc' dir='ltr'>ἐπανελθὼν</span> <span class='ocrx_word' id='word_1_47' title='bbox 1558 1802 1695 1874; x_wconf 80' lang='grc' dir='ltr'>πρὸς</span> <span class='ocrx_word' id='word_1_48' title='bbox 1712 1802 1876 1871; x_wconf 79' lang='grc' dir='ltr'>ὑμᾶς,</span> 
     </span>
    </p>
   </div>
   <div class='ocr_carea' id='block_1_9' title="bbox 300 1883 1879 1956">
    <p class='ocr_par' dir='ltr' id='par_1_9' title="bbox 300 1883 1879 1956">
     <span class='ocr_line' id='line_1_9' title="bbox 300 1883 1879 1956; baseline -0.001 -19"><span class='ocrx_word' id='word_1_49' title='bbox 300 1883 442 1937; x_wconf 69' lang='grc' dir='ltr'>θ’ύτω</span> <span class='ocrx_word' id='word_1_50' title='bbox 471 1884 750 1954; x_wconf 74' lang='grc' dir='ltr'>διάκειμαι</span> <span class='ocrx_word' id='word_1_51' title='bbox 793 1886 1032 1956; x_wconf 85' lang='grc' dir='ltr'>τήμερον</span> <span class='ocrx_word' id='word_1_52' title='bbox 1056 1903 1067 1914; x_wconf 89' lang='grc'><strong>·</strong></span> <span class='ocrx_word' id='word_1_53' title='bbox 1103 1890 1216 1950; x_wconf 91' lang='grc' dir='ltr'>τοῖς</span> <span class='ocrx_word' id='word_1_54' title='bbox 1274 1888 1384 1956; x_wconf 72' lang='grc' dir='ltr'>γὰρ</span> <span class='ocrx_word' id='word_1_55' title='bbox 1435 1885 1715 1956; x_wconf 72' lang='grc' dir='ltr'>φιλοῦσιν,</span> <span class='ocrx_word' id='word_1_56' title='bbox 1753 1886 1879 1937; x_wconf 81' lang='grc' dir='ltr'>ὅταν</span> 
     </span>
    </p>
   </div>
   <div class='ocr_carea' id='block_1_10' title="bbox 305 1969 1882 2042">
    <p class='ocr_par' dir='ltr' id='par_1_10' title="bbox 305 1969 1882 2042">
     <span class='ocr_line' id='line_1_10' title="bbox 305 1969 1882 2042; baseline 0.001 -20"><span class='ocrx_word' id='word_1_57' title='bbox 305 1969 380 2040; x_wconf 82' lang='grc' dir='ltr'>μὴ</span> <span class='ocrx_word' id='word_1_58' title='bbox 397 1969 658 2023; x_wconf 80' lang='grc' dir='ltr'>δύνωνται</span> <span class='ocrx_word' id='word_1_59' title='bbox 685 1970 1045 2039; x_wconf 80' lang='grc' dir='ltr'>συγγενέσθαι</span> <span class='ocrx_word' id='word_1_60' title='bbox 1066 1975 1177 2036; x_wconf 84' lang='grc' dir='ltr'>τοῖς</span> <span class='ocrx_word' id='word_1_61' title='bbox 1203 1973 1563 2042; x_wconf 84' lang='grc' dir='ltr'>φιλουμένοις,</span> <span class='ocrx_word' id='word_1_62' title='bbox 1592 1973 1743 2025; x_wconf 82' lang='grc' dir='ltr'>οὐδὲν</span> <span class='ocrx_word' id='word_1_63' title='bbox 1762 1971 1882 2039; x_wconf 77' lang='grc' dir='ltr'>ὄφε-</span> 
     </span>
    </p>
   </div>
   <div class='ocr_carea' id='block_1_11' title="bbox 301 2054 1879 2126">
    <p class='ocr_par' dir='ltr' id='par_1_11' title="bbox 301 2054 1879 2126">
     <span class='ocr_line' id='line_1_11' title="bbox 301 2054 1879 2126; baseline -0.002 -18"><span class='ocrx_word' id='word_1_64' title='bbox 301 2055 392 2118; x_wconf 87' lang='grc' dir='ltr'>λός</span> <span class='ocrx_word' id='word_1_65' title='bbox 419 2057 532 2107; x_wconf 81' lang='grc' dir='ltr'>ἐστι</span> <span class='ocrx_word' id='word_1_66' title='bbox 565 2054 665 2124; x_wconf 87' lang='grc' dir='ltr'>τῆς</span> <span class='ocrx_word' id='word_1_67' title='bbox 697 2056 1016 2126; x_wconf 85' lang='grc' dir='ltr'>παρουσίας.</span> <span class='ocrx_word' id='word_1_68' title='bbox 1051 2057 1149 2110; x_wconf 78' lang='grc' dir='ltr'>Διά</span> <span class='ocrx_word' id='word_1_69' title='bbox 1173 2073 1254 2108; x_wconf 90' lang='grc' dir='ltr'>τοι</span> <span class='ocrx_word' id='word_1_70' title='bbox 1283 2057 1441 2110; x_wconf 77' lang='grc' dir='ltr'>τοῦτο</span> <span class='ocrx_word' id='word_1_71' title='bbox 1466 2058 1560 2109; x_wconf 55' lang='grc' dir='ltr'>καὶ¹</span> <span class='ocrx_word' id='word_1_72' title='bbox 1596 2057 1755 2126; x_wconf 83' lang='grc' dir='ltr'>ἡμεῖς</span> <span class='ocrx_word' id='word_1_73' title='bbox 1792 2056 1879 2106; x_wconf 85' lang='grc' dir='ltr'>ἐν-</span> 
     </span>
    </p>
   </div>
   <div class='ocr_carea' id='block_1_12' title="bbox 301 2138 1883 2210">
    <p class='ocr_par' dir='ltr' id='par_1_12' title="bbox 301 2138 1883 2210">
     <span class='ocr_line' id='line_1_12' title="bbox 301 2138 1883 2210; baseline 0 -18"><span class='ocrx_word' id='word_1_74' title='bbox 301 2138 626 2210; x_wconf 79' lang='grc' dir='ltr'>δημοῦντες,</span> <span class='ocrx_word' id='word_1_75' title='bbox 684 2138 794 2190; x_wconf 84' lang='grc' dir='ltr'>τῶν</span> <span class='ocrx_word' id='word_1_76' title='bbox 845 2139 1272 2209; x_wconf 82' lang='grc' dir='ltr'>ἀποδημούντων</span> <span class='ocrx_word' id='word_1_77' title='bbox 1315 2140 1464 2194; x_wconf 81' lang='grc' dir='ltr'>οὐδὲν</span> <span class='ocrx_word' id='word_1_78' title='bbox 1515 2141 1735 2209; x_wconf 80' lang='grc' dir='ltr'>ἄμεινον</span> <span class='ocrx_word' id='word_1_79' title='bbox 1765 2139 1883 2192; x_wconf 89' lang='grc' dir='ltr'>δια-</span> 
     </span>
    </p>
   </div>
   <div class='ocr_carea' id='block_1_13' title="bbox 306 2221 1883 2294">
    <p class='ocr_par' dir='ltr' id='par_1_13' title="bbox 306 2221 1883 2294">
     <span class='ocr_line' id='line_1_13' title="bbox 306 2221 1883 2294; baseline 0 -18"><span class='ocrx_word' id='word_1_80' title='bbox 306 2222 556 2293; x_wconf 76' lang='grc' dir='ltr'>κείμεθα,</span> <span class='ocrx_word' id='word_1_81' title='bbox 592 2223 779 2294; x_wconf 75' lang='grc' dir='ltr'>ἐπειδὴ</span> <span class='ocrx_word' id='word_1_82' title='bbox 816 2223 908 2275; x_wconf 83' lang='grc' dir='ltr'>τὸν</span> <span class='ocrx_word' id='word_1_83' title='bbox 950 2223 1290 2294; x_wconf 80' lang='grc' dir='ltr'>παρελθόντα</span> <span class='ocrx_word' id='word_1_84' title='bbox 1316 2224 1506 2294; x_wconf 85' lang='grc' dir='ltr'>χρόνον</span> <span class='ocrx_word' id='word_1_85' title='bbox 1535 2221 1883 2293; x_wconf 83' lang='grc' dir='ltr'>διαλεχθῆναι</span> 
     </span>
    </p>
   </div>
   <div class='ocr_carea' id='block_1_14' title="bbox 303 2306 1885 2377">
    <p class='ocr_par' dir='ltr' id='par_1_14' title="bbox 303 2306 1885 2377">
     <span class='ocr_line' id='line_1_14' title="bbox 303 2306 1885 2377; baseline -0.001 -17"><span class='ocrx_word' id='word_1_86' title='bbox 303 2307 440 2377; x_wconf 88' lang='grc' dir='ltr'>πρὸς</span> <span class='ocrx_word' id='word_1_87' title='bbox 466 2307 609 2375; x_wconf 76' lang='grc' dir='ltr'>ὑμᾶς</span> <span class='ocrx_word' id='word_1_88' title='bbox 635 2307 733 2361; x_wconf 85' lang='grc' dir='ltr'>οὐκ</span> <span class='ocrx_word' id='word_1_89' title='bbox 766 2307 1065 2377; x_wconf 76' lang='grc' dir='ltr'>ἰσχύσαμεν</span> <span class='ocrx_word' id='word_1_90' title='bbox 1080 2324 1098 2336; x_wconf 54' lang='grc' dir='ltr'>’λ</span> <span class='ocrx_word' id='word_1_91' title='bbox 1125 2306 1261 2361; x_wconf 76' lang='grc' dir='ltr'>ἀλλὰ</span> <span class='ocrx_word' id='word_1_92' title='bbox 1295 2307 1593 2375; x_wconf 74' lang='grc' dir='ltr'>σύγγνωτεσ</span> <span class='ocrx_word' id='word_1_93' title='bbox 1629 2307 1748 2358; x_wconf 77' lang='grc' dir='ltr'>οὐδὲ</span> <span class='ocrx_word' id='word_1_94' title='bbox 1776 2307 1885 2376; x_wconf 76' lang='grc' dir='ltr'>γάρ</span> 
     </span>
    </p>
   </div>
   <div class='ocr_carea' id='block_1_15' title="bbox 307 2387 1884 2462">
    <p class='ocr_par' dir='ltr' id='par_1_15' title="bbox 307 2387 1884 2462">
     <span class='ocr_line' id='line_1_15' title="bbox 307 2387 1884 2462; baseline -0.001 -20"><span class='ocrx_word' id='word_1_95' title='bbox 307 2389 615 2462; x_wconf 72' lang='grc' dir='ltr'>ῥᾳθυμίας,</span> <span class='ocrx_word' id='word_1_96' title='bbox 669 2389 804 2444; x_wconf 89' lang='grc' dir='ltr'>ἀλλά</span> <span class='ocrx_word' id='word_1_97' title='bbox 847 2389 1128 2454; x_wconf 81' lang='grc' dir='ltr'>ἀσθενείας</span> <span class='ocrx_word' id='word_1_98' title='bbox 1180 2387 1248 2461; x_wconf 79' lang='grc' dir='ltr'>ἦν</span> <span class='ocrx_word' id='word_1_99' title='bbox 1285 2393 1316 2460; x_wconf 87' lang='grc' dir='ltr'>ἡ</span> <span class='ocrx_word' id='word_1_100' title='bbox 1367 2393 1512 2459; x_wconf 87' lang='grc' dir='ltr'>σιγή.</span> <span class='ocrx_word' id='word_1_101' title='bbox 1558 2390 1744 2460; x_wconf 82' lang='grc' dir='ltr'>Ὑμεῖς</span> <span class='ocrx_word' id='word_1_102' title='bbox 1786 2390 1884 2461; x_wconf 85' lang='grc' dir='ltr'>μὲν</span> 
     </span>
    </p>
   </div>
   <div class='ocr_carea' id='block_1_16' title="bbox 303 2470 1888 2546">
    <p class='ocr_par' dir='ltr' id='par_1_16' title="bbox 303 2470 1888 2546">
     <span class='ocr_line' id='line_1_16' title="bbox 303 2470 1888 2546; baseline 0.001 -20"><span class='ocrx_word' id='word_1_103' title='bbox 303 2470 402 2527; x_wconf 83' lang='grc' dir='ltr'>οὖν</span> <span class='ocrx_word' id='word_1_104' title='bbox 424 2475 640 2545; x_wconf 78' lang='grc' dir='ltr'>χαίρετε</span> <span class='ocrx_word' id='word_1_105' title='bbox 698 2473 791 2527; x_wconf 82' lang='grc' dir='ltr'>νῦν</span> <span class='ocrx_word' id='word_1_106' title='bbox 816 2513 832 2538; x_wconf 96' lang='grc'>,</span> <span class='ocrx_word' id='word_1_107' title='bbox 880 2474 1064 2544; x_wconf 83' lang='grc' dir='ltr'>ἐπειδὴ</span> <span class='ocrx_word' id='word_1_108' title='bbox 1097 2475 1195 2544; x_wconf 86' lang='grc' dir='ltr'>τῆς</span> <span class='ocrx_word' id='word_1_109' title='bbox 1233 2474 1544 2546; x_wconf 73' lang='grc' dir='ltr'>ἀρρωστίας</span> <span class='ocrx_word' id='word_1_110' title='bbox 1579 2475 1888 2543; x_wconf 77' lang='grc' dir='ltr'>ἀπηλλάγη·</span> 
     </span>
    </p>
   </div>
   <div class='ocr_carea' id='block_1_17' title="bbox 308 2557 1888 2630">
    <p class='ocr_par' dir='ltr' id='par_1_17' title="bbox 308 2557 1888 2630">
     <span class='ocr_line' id='line_1_17' title="bbox 308 2557 1888 2630; baseline -0.001 -18"><span class='ocrx_word' id='word_1_111' title='bbox 308 2575 409 2630; x_wconf 85' lang='grc' dir='ltr'>μεν</span> <span class='ocrx_word' id='word_1_112' title='bbox 427 2576 446 2588; x_wconf 91' lang='grc'>··</span> <span class='ocrx_word' id='word_1_113' title='bbox 474 2557 584 2628; x_wconf 83' lang='grc' dir='ltr'>ἐγὼ</span> <span class='ocrx_word' id='word_1_114' title='bbox 624 2558 680 2611; x_wconf 83' lang='grc' dir='ltr'>δὲ</span> <span class='ocrx_word' id='word_1_115' title='bbox 710 2559 916 2629; x_wconf 86' lang='grc' dir='ltr'>χαίρω,</span> <span class='ocrx_word' id='word_1_116' title='bbox 949 2559 1136 2630; x_wconf 80' lang='grc' dir='ltr'>ἐπειδὴ</span> <span class='ocrx_word' id='word_1_117' title='bbox 1169 2561 1265 2629; x_wconf 81' lang='grc' dir='ltr'>τὴν</span> <span class='ocrx_word' id='word_1_118' title='bbox 1313 2559 1585 2630; x_wconf 78' lang='grc' dir='ltr'>ὑμετέραν</span> <span class='ocrx_word' id='word_1_119' title='bbox 1618 2559 1888 2612; x_wconf 77' lang='grc' dir='ltr'>ἀπέλαϐον</span> 
     </span>
    </p>
   </div>
   <div class='ocr_carea' id='block_1_18' title="bbox 305 2643 1890 2716">
    <p class='ocr_par' dir='ltr' id='par_1_18' title="bbox 305 2643 1890 2716">
     <span class='ocr_line' id='line_1_18' title="bbox 305 2643 1890 2716; baseline 0.001 -20"><span class='ocrx_word' id='word_1_120' title='bbox 305 2645 545 2712; x_wconf 86' lang='grc' dir='ltr'>ἀγάπην.</span> <span class='ocrx_word' id='word_1_121' title='bbox 575 2643 727 2695; x_wconf 74' lang='grc' dir='ltr'>Ἐπεὶ</span> <span class='ocrx_word' id='word_1_122' title='bbox 753 2645 842 2696; x_wconf 70' lang='grc' dir='ltr'>καὶ</span> <span class='ocrx_word' id='word_1_123' title='bbox 872 2643 1030 2712; x_wconf 80' lang='grc' dir='ltr'>ἡνίκα</span> <span class='ocrx_word' id='word_1_124' title='bbox 1053 2643 1331 2712; x_wconf 77' lang='grc' dir='ltr'>ἠσθένουν,</span> <span class='ocrx_word' id='word_1_125' title='bbox 1363 2646 1459 2714; x_wconf 88' lang='grc' dir='ltr'>τῆς</span> <span class='ocrx_word' id='word_1_126' title='bbox 1485 2645 1640 2697; x_wconf 88' lang='grc' dir='ltr'>νόσου</span> <span class='ocrx_word' id='word_1_127' title='bbox 1675 2662 1762 2715; x_wconf 89' lang='grc' dir='ltr'>μοι</span> <span class='ocrx_word' id='word_1_128' title='bbox 1798 2663 1890 2716; x_wconf 87' lang='grc' dir='ltr'>χα·</span> 
     </span>
    </p>
   </div>
   <div class='ocr_carea' id='block_1_19' title="bbox 306 2723 1888 2800">
    <p class='ocr_par' dir='ltr' id='par_1_19' title="bbox 306 2723 1888 2800">
     <span class='ocr_line' id='line_1_19' title="bbox 306 2723 1888 2800; baseline 0.001 -20"><span class='ocrx_word' id='word_1_129' title='bbox 306 2727 612 2797; x_wconf 81' lang='grc' dir='ltr'>λεπώτερον</span> <span class='ocrx_word' id='word_1_130' title='bbox 639 2723 705 2797; x_wconf 83' lang='grc' dir='ltr'>ἦν</span> <span class='ocrx_word' id='word_1_131' title='bbox 746 2727 808 2778; x_wconf 85' lang='grc' dir='ltr'>τὸ</span> <span class='ocrx_word' id='word_1_132' title='bbox 839 2727 912 2798; x_wconf 82' lang='grc' dir='ltr'>μὴ</span> <span class='ocrx_word' id='word_1_133' title='bbox 957 2727 1215 2781; x_wconf 88' lang='grc' dir='ltr'>δύνασθαι</span> <span class='ocrx_word' id='word_1_134' title='bbox 1242 2728 1336 2782; x_wconf 82' lang='grc' dir='ltr'>τοῦ</span> <span class='ocrx_word' id='word_1_135' title='bbox 1383 2730 1669 2800; x_wconf 88' lang='grc' dir='ltr'>ἀγαπητοῦ</span> <span class='ocrx_word' id='word_1_136' title='bbox 1699 2729 1888 2783; x_wconf 81' lang='grc' dir='ltr'>τούτου</span> 
     </span>
    </p>
   </div>
   <div class='ocr_carea' id='block_1_20' title="bbox 311 2811 1890 2884">
    <p class='ocr_par' dir='ltr' id='par_1_20' title="bbox 311 2811 1890 2884">
     <span class='ocr_line' id='line_1_20' title="bbox 311 2811 1890 2884; baseline 0.001 -20"><span class='ocrx_word' id='word_1_137' title='bbox 311 2812 556 2882; x_wconf 78' lang='grc' dir='ltr'>μετέχειν</span> <span class='ocrx_word' id='word_1_138' title='bbox 591 2811 848 2878; x_wconf 86' lang='grc' dir='ltr'>συλλόγου</span> <span class='ocrx_word' id='word_1_139' title='bbox 874 2828 894 2841; x_wconf 63' lang='grc' dir='ltr'>α</span> <span class='ocrx_word' id='word_1_140' title='bbox 925 2813 1019 2864; x_wconf 72' lang='grc' dir='ltr'>καὶ</span> <span class='ocrx_word' id='word_1_141' title='bbox 1065 2811 1160 2863; x_wconf 80' lang='grc' dir='ltr'>νῦν</span> <span class='ocrx_word' id='word_1_142' title='bbox 1198 2812 1381 2882; x_wconf 85' lang='grc' dir='ltr'>ἐπειδὴ</span> <span class='ocrx_word' id='word_1_143' title='bbox 1429 2813 1530 2884; x_wconf 86' lang='grc' dir='ltr'>τὴν</span> <span class='ocrx_word' id='word_1_144' title='bbox 1580 2814 1890 2883; x_wconf 72' lang='grc' dir='ltr'>ἀρρωστίαν</span> 
     </span>
    </p>
   </div>
   <div class='ocr_carea' id='block_1_21' title="bbox 308 2895 1892 2966">
    <p class='ocr_par' dir='ltr' id='par_1_21' title="bbox 308 2895 1892 2966">
     <span class='ocr_line' id='line_1_21' title="bbox 308 2895 1892 2966; baseline 0.001 -18"><span class='ocrx_word' id='word_1_145' title='bbox 308 2897 620 2965; x_wconf 73' lang='grc' dir='ltr'>ἀπεθέμην,</span> <span class='ocrx_word' id='word_1_146' title='bbox 655 2898 754 2964; x_wconf 91' lang='grc' dir='ltr'>τῆς</span> <span class='ocrx_word' id='word_1_147' title='bbox 789 2895 1000 2963; x_wconf 78' lang='grc' dir='ltr'>ὑγιείας</span> <span class='ocrx_word' id='word_1_148' title='bbox 1058 2913 1147 2965; x_wconf 90' lang='grc' dir='ltr'>μοι</span> <span class='ocrx_word' id='word_1_149' title='bbox 1195 2896 1570 2966; x_wconf 83' lang='grc' dir='ltr'>ποθεινότερον</span> <span class='ocrx_word' id='word_1_150' title='bbox 1601 2899 1792 2966; x_wconf 88' lang='grc' dir='ltr'>γέγονε</span> <span class='ocrx_word' id='word_1_151' title='bbox 1830 2897 1892 2951; x_wconf 79' lang='grc' dir='ltr'>τὸ</span> 
     </span>
    </p>
   </div>
   <div class='ocr_carea' id='block_1_22' title="bbox 313 2978 1891 3053">
    <p class='ocr_par' dir='ltr' id='par_1_22' title="bbox 313 2978 1891 3053">
     <span class='ocr_line' id='line_1_22' title="bbox 313 2978 1891 3053; baseline 0.003 -23"><span class='ocrx_word' id='word_1_152' title='bbox 313 2980 450 3047; x_wconf 72' lang='grc' dir='ltr'>μετὰ</span> <span class='ocrx_word' id='word_1_153' title='bbox 491 2978 670 3041; x_wconf 88' lang='grc' dir='ltr'>ἀδείας</span> <span class='ocrx_word' id='word_1_154' title='bbox 704 2979 848 3048; x_wconf 75' lang='grc' dir='ltr'>ἔχειν</span> <span class='ocrx_word' id='word_1_155' title='bbox 884 2980 1154 3050; x_wconf 78' lang='grc' dir='ltr'>ὲντρυφᾷν</span> <span class='ocrx_word' id='word_1_156' title='bbox 1213 2980 1365 3050; x_wconf 84' lang='grc' dir='ltr'>ὑμῶν</span> <span class='ocrx_word' id='word_1_157' title='bbox 1421 2985 1487 3050; x_wconf 84' lang='grc' dir='ltr'>τῇ</span> <span class='ocrx_word' id='word_1_158' title='bbox 1522 2982 1731 3053; x_wconf 80' lang='grc' dir='ltr'>ἀγάπῃ.</span> <span class='ocrx_word' id='word_1_159' title='bbox 1759 2981 1891 3035; x_wconf 83' lang='grc' dir='ltr'><strong>Οὐδὲ</strong></span> 
     </span>
    </p>
   </div>
   <div class='ocr_carea' id='block_1_23' title="bbox 308 3062 1892 3134">
    <p class='ocr_par' dir='ltr' id='par_1_23' title="bbox 308 3062 1892 3134">
     <span class='ocr_line' id='line_1_23' title="bbox 308 3062 1892 3134; baseline 0.002 -19"><span class='ocrx_word' id='word_1_160' title='bbox 308 3064 418 3134; x_wconf 74' lang='grc' dir='ltr'>γάρ</span> <span class='ocrx_word' id='word_1_161' title='bbox 447 3062 588 3116; x_wconf 78' lang='grc' dir='ltr'>οὕτω</span> <span class='ocrx_word' id='word_1_162' title='bbox 621 3063 854 3134; x_wconf 85' lang='grc' dir='ltr'>πυρετὸς</span> <span class='ocrx_word' id='word_1_163' title='bbox 906 3063 1151 3133; x_wconf 85' lang='grc' dir='ltr'>σώματος</span> <span class='ocrx_word' id='word_1_164' title='bbox 1184 3063 1344 3132; x_wconf 84' lang='grc' dir='ltr'>φύσει</span> <span class='ocrx_word' id='word_1_165' title='bbox 1380 3067 1696 3118; x_wconf 87' lang='grc' dir='ltr'>κατακαίειν</span> <span class='ocrx_word' id='word_1_166' title='bbox 1735 3067 1892 3120; x_wconf 83' lang='grc' dir='ltr'>εἴωθε</span> 
     </span>
    </p>
   </div>
   <div class='ocr_carea' id='block_1_24' title="bbox 307 3146 1892 3220">
    <p class='ocr_par' dir='ltr' id='par_1_24' title="bbox 307 3146 1892 3220">
     <span class='ocr_line' id='line_1_24' title="bbox 307 3146 1892 3220; baseline 0.008 -28"><span class='ocrx_word' id='word_1_167' title='bbox 307 3148 434 3210; x_wconf 71' lang='grc' dir='ltr'>τοὺς</span> <span class='ocrx_word' id='word_1_168' title='bbox 473 3146 840 3216; x_wconf 80' lang='grc' dir='ltr'>πυρέττοντας</span> <span class='ocrx_word' id='word_1_169' title='bbox 873 3163 929 3210; x_wconf 74' lang='grc' dir='ltr'>ι,</span> <span class='ocrx_word' id='word_1_170' title='bbox 963 3147 1037 3209; x_wconf 85' lang='grc' dir='ltr'>ὼς</span> <span class='ocrx_word' id='word_1_171' title='bbox 1080 3147 1178 3209; x_wconf 76' lang='grc' dir='ltr'>τὰς</span> <span class='ocrx_word' id='word_1_172' title='bbox 1213 3148 1488 3220; x_wconf 83' lang='grc' dir='ltr'>ἡμετέρας</span> <span class='ocrx_word' id='word_1_173' title='bbox 1519 3149 1694 3219; x_wconf 75' lang='grc' dir='ltr'>ψυχὰς</span> <span class='ocrx_word' id='word_1_174' title='bbox 1718 3152 1778 3204; x_wconf 85' lang='grc' dir='ltr'>τὸ</span> <span class='ocrx_word' id='word_1_175' title='bbox 1805 3169 1892 3204; x_wconf 82' lang='grc' dir='ltr'>κε-</span> 
     </span>
    </p>
   </div>
   <div class='ocr_carea' id='block_1_25' title="bbox 310 3228 1904 3304">
    <p class='ocr_par' dir='ltr' id='par_1_25' title="bbox 310 3228 1904 3304">
     <span class='ocr_line' id='line_1_25' title="bbox 310 3228 1904 3304; baseline 0.004 -22"><span class='ocrx_word' id='word_1_176' title='bbox 310 3229 576 3300; x_wconf 82' lang='grc' dir='ltr'>χωρίσθαι</span> <span class='ocrx_word' id='word_1_177' title='bbox 596 3228 702 3281; x_wconf 88' lang='grc' dir='ltr'>τῶν</span> <span class='ocrx_word' id='word_1_178' title='bbox 734 3229 1102 3300; x_wconf 86' lang='grc' dir='ltr'>φιλουμένων·</span> <span class='ocrx_word' id='word_1_179' title='bbox 1137 3233 1229 3284; x_wconf 71' lang='grc' dir='ltr'>καὶ</span> <span class='ocrx_word' id='word_1_180' title='bbox 1265 3232 1518 3304; x_wconf 87' lang='grc' dir='ltr'>καθάπερ</span> <span class='ocrx_word' id='word_1_181' title='bbox 1551 3235 1746 3287; x_wconf 82' lang='grc' dir='ltr'>ἐκεῖνοι</span> <span class='ocrx_word' id='word_1_182' title='bbox 1778 3235 1904 3302; x_wconf 82' lang='grc' dir='ltr'>φιά-</span> 
     </span>
    </p>
   </div>
   <div class='ocr_carea' id='block_1_26' title="bbox 310 3313 1893 3389">
    <p class='ocr_par' dir='ltr' id='par_1_26' title="bbox 310 3313 1893 3389">
     <span class='ocr_line' id='line_1_26' title="bbox 310 3313 1893 3389; baseline 0.002 -23"><span class='ocrx_word' id='word_1_183' title='bbox 310 3313 407 3374; x_wconf 85' lang='grc' dir='ltr'>λας</span> <span class='ocrx_word' id='word_1_184' title='bbox 460 3315 552 3366; x_wconf 67' lang='grc' dir='ltr'>καὶ</span> <span class='ocrx_word' id='word_1_185' title='bbox 583 3315 819 3384; x_wconf 77' lang='grc' dir='ltr'>ποτήρια</span> <span class='ocrx_word' id='word_1_186' title='bbox 865 3314 960 3366; x_wconf 77' lang='grc' dir='ltr'>καὶ</span> <span class='ocrx_word' id='word_1_187' title='bbox 1011 3313 1196 3387; x_wconf 77' lang='grc' dir='ltr'>ψυχρὰ</span> <span class='ocrx_word' id='word_1_188' title='bbox 1252 3316 1472 3387; x_wconf 82' lang='grc' dir='ltr'>νάματα</span> <span class='ocrx_word' id='word_1_189' title='bbox 1524 3316 1893 3389; x_wconf 80' lang='grc' dir='ltr'>ἐπιζητοῦσιν,</span> 
     </span>
    </p>
   </div>
   <div class='ocr_carea' id='block_1_27' title="bbox 308 3388 1898 3468">
    <p class='ocr_par' dir='ltr' id='par_1_27' title="bbox 308 3388 1898 3468">
     <span class='ocr_line' id='line_1_27' title="bbox 308 3388 1898 3468; baseline 0.004 -19"><span class='ocrx_word' id='word_1_190' title='bbox 308 3396 481 3460; x_wconf 76' lang='grc' dir='ltr'>οὕτως</span> <span class='ocrx_word' id='word_1_191' title='bbox 509 3388 653 3450; x_wconf 76' lang='grc' dir='ltr'>οὗτοι</span> <span class='ocrx_word' id='word_1_192' title='bbox 678 3397 787 3449; x_wconf 85' lang='grc' dir='ltr'>τῶν</span> <span class='ocrx_word' id='word_1_193' title='bbox 820 3397 1168 3467; x_wconf 86' lang='grc' dir='ltr'>ποθουμένων</span> <span class='ocrx_word' id='word_1_194' title='bbox 1199 3399 1298 3462; x_wconf 81' lang='grc' dir='ltr'>τὰς</span> <span class='ocrx_word' id='word_1_195' title='bbox 1325 3401 1494 3468; x_wconf 57' lang='grc' dir='ltr'>ὄψεις.</span> <span class='ocrx_word' id='word_1_196' title='bbox 1523 3403 1696 3455; x_wconf 87' lang='grc' dir='ltr'>Ἵσασι</span> <span class='ocrx_word' id='word_1_197' title='bbox 1723 3401 1898 3455; x_wconf 79' lang='grc' dir='ltr'>ταῦτα</span> 
     </span>
    </p>
   </div>
   <div class='ocr_carea' id='block_1_28' title="bbox 313 3480 1900 3557">
    <p class='ocr_par' dir='ltr' id='par_1_28' title="bbox 313 3480 1900 3557">
     <span class='ocr_line' id='line_1_28' title="bbox 313 3480 1900 3557; baseline 0.006 -26"><span class='ocrx_word' id='word_1_198' title='bbox 313 3481 490 3544; x_wconf 81' lang='grc' dir='ltr'>καλῶς</span> <span class='ocrx_word' id='word_1_199' title='bbox 517 3483 636 3534; x_wconf 76' lang='grc' dir='ltr'>ὅσοι</span> <span class='ocrx_word' id='word_1_200' title='bbox 660 3481 834 3549; x_wconf 80' lang='grc' dir='ltr'>φιλεῖν</span> <span class='ocrx_word' id='word_1_201' title='bbox 869 3480 1112 3534; x_wconf 82' lang='grc' dir='ltr'>εἰώθασι.</span> <span class='ocrx_word' id='word_1_202' title='bbox 1136 3483 1271 3555; x_wconf 85' lang='grc' dir='ltr'>Φέρε</span> <span class='ocrx_word' id='word_1_203' title='bbox 1302 3481 1395 3537; x_wconf 75' lang='grc' dir='ltr'>οὖν</span> <span class='ocrx_word' id='word_1_204' title='bbox 1415 3526 1430 3543; x_wconf 86' lang='grc'><strong>.</strong></span> <span class='ocrx_word' id='word_1_205' title='bbox 1459 3486 1645 3557; x_wconf 81' lang='grc' dir='ltr'>ἐπειδὴ</span> <span class='ocrx_word' id='word_1_206' title='bbox 1682 3487 1782 3556; x_wconf 81' lang='grc' dir='ltr'>τὴν</span> <span class='ocrx_word' id='word_1_207' title='bbox 1806 3488 1900 3557; x_wconf 76' lang='grc' dir='ltr'>ἀρ-</span> 
     </span>
    </p>
   </div>
   <div class='ocr_carea' id='block_1_29' title="bbox 313 3563 1895 3640">
    <p class='ocr_par' dir='ltr' id='par_1_29' title="bbox 313 3563 1895 3640">
     <span class='ocr_line' id='line_1_29' title="bbox 313 3563 1895 3640; baseline 0.003 -23"><span class='ocrx_word' id='word_1_208' title='bbox 313 3565 550 3638; x_wconf 77' lang='grc' dir='ltr'>ρωστίαν</span> <span class='ocrx_word' id='word_1_209' title='bbox 577 3563 893 3632; x_wconf 74' lang='grc' dir='ltr'>ἀπεθέμεθα</span> <span class='ocrx_word' id='word_1_210' title='bbox 917 3605 931 3626; x_wconf 90' lang='grc'>,</span> <span class='ocrx_word' id='word_1_211' title='bbox 979 3566 1139 3618; x_wconf 90' lang='grc' dir='ltr'>πάλιν</span> <span class='ocrx_word' id='word_1_212' title='bbox 1169 3567 1414 3637; x_wconf 78' lang='grc' dir='ltr'>ἀλλήλων</span> <span class='ocrx_word' id='word_1_213' title='bbox 1573 3571 1895 3640; x_wconf 77' lang='grc' dir='ltr'>ἐμφορηθῶ-</span> 
     </span>
    </p>
   </div>
   <div class='ocr_carea' id='block_1_30' title="bbox 317 3647 1898 3725">
    <p class='ocr_par' dir='ltr' id='par_1_30' title="bbox 317 3647 1898 3725">
     <span class='ocr_line' id='line_1_30' title="bbox 317 3647 1898 3725; baseline 0.003 -24"><span class='ocrx_word' id='word_1_214' title='bbox 317 3666 448 3720; x_wconf 85' lang='grc' dir='ltr'>μεν.</span> <span class='ocrx_word' id='word_1_215' title='bbox 481 3647 595 3718; x_wconf 85' lang='grc' dir='ltr'>εἴγε</span> <span class='ocrx_word' id='word_1_216' title='bbox 646 3649 870 3702; x_wconf 77' lang='grc' dir='ltr'>δυνατὸν</span> <span class='ocrx_word' id='word_1_217' title='bbox 923 3651 1304 3721; x_wconf 76' lang='grc' dir='ltr'>ἐμφορηθῆναι</span> <span class='ocrx_word' id='word_1_218' title='bbox 1353 3669 1483 3705; x_wconf 88' lang='grc' dir='ltr'>ποτε</span> <span class='ocrx_word' id='word_1_219' title='bbox 1512 3655 1588 3723; x_wconf 72' lang='grc' dir='ltr'><strong>σή</strong></span> <span class='ocrx_word' id='word_1_220' title='bbox 1643 3653 1752 3725; x_wconf 82' lang='grc' dir='ltr'>γὰρ</span> <span class='ocrx_word' id='word_1_221' title='bbox 1799 3655 1898 3724; x_wconf 88' lang='grc' dir='ltr'>τῆς</span> 
     </span>
    </p>
   </div>
   <div class='ocr_carea' id='block_1_31' title="bbox 313 3729 1900 3806">
    <p class='ocr_par' dir='ltr' id='par_1_31' title="bbox 313 3729 1900 3806">
     <span class='ocr_line' id='line_1_31' title="bbox 313 3729 1900 3806; baseline 0.004 -22"><span class='ocrx_word' id='word_1_222' title='bbox 313 3732 536 3802; x_wconf 83' lang='grc' dir='ltr'>ἀγάπης</span> <span class='ocrx_word' id='word_1_223' title='bbox 585 3731 743 3801; x_wconf 88' lang='grc' dir='ltr'>φύσις</span> <span class='ocrx_word' id='word_1_224' title='bbox 777 3733 937 3803; x_wconf 87' lang='grc' dir='ltr'>κόρον</span> <span class='ocrx_word' id='word_1_225' title='bbox 972 3734 1073 3786; x_wconf 86' lang='grc' dir='ltr'>οὐκ</span> <span class='ocrx_word' id='word_1_226' title='bbox 1099 3729 1237 3786; x_wconf 82' lang='grc' dir='ltr'>οἶδεν</span> <span class='ocrx_word' id='word_1_227' title='bbox 1265 3735 1314 3797; x_wconf 66' lang='grc' dir='ltr'>δ,</span> <span class='ocrx_word' id='word_1_228' title='bbox 1346 3735 1462 3788; x_wconf 81' lang='grc' dir='ltr'>ἀλλ’</span> <span class='ocrx_word' id='word_1_229' title='bbox 1502 3735 1588 3788; x_wconf 77' lang='grc' dir='ltr'>ἀεὶ</span> <span class='ocrx_word' id='word_1_230' title='bbox 1625 3736 1734 3789; x_wconf 88' lang='grc' dir='ltr'>τῶν</span> <span class='ocrx_word' id='word_1_231' title='bbox 1765 3738 1900 3806; x_wconf 87' lang='grc' dir='ltr'>ἀγα-</span> 
     </span>
    </p>
   </div>
   <div class='ocr_carea' id='block_1_32' title="bbox 315 3815 1893 3889">
    <p class='ocr_par' dir='ltr' id='par_1_32' title="bbox 315 3815 1893 3889">
     <span class='ocr_line' id='line_1_32' title="bbox 315 3815 1893 3889; baseline 0.004 -22"><span class='ocrx_word' id='word_1_232' title='bbox 315 3817 586 3885; x_wconf 84' lang='grc' dir='ltr'>πωμένων</span> <span class='ocrx_word' id='word_1_233' title='bbox 611 3815 960 3870; x_wconf 79' lang='grc' dir='ltr'>ἀπολαύουσα</span> <span class='ocrx_word' id='word_1_234' title='bbox 987 3860 1000 3881; x_wconf 94' lang='grc'>,</span> <span class='ocrx_word' id='word_1_235' title='bbox 1033 3817 1170 3886; x_wconf 83' lang='grc' dir='ltr'>πρὸς</span> <span class='ocrx_word' id='word_1_236' title='bbox 1199 3819 1422 3886; x_wconf 75' lang='grc' dir='ltr'>μείζονα</span> <span class='ocrx_word' id='word_1_237' title='bbox 1451 3818 1666 3889; x_wconf 79' lang='grc' dir='ltr'>αἴρεται</span> <span class='ocrx_word' id='word_1_238' title='bbox 1699 3820 1893 3888; x_wconf 85' lang='grc' dir='ltr'>φλόγα.</span> 
     </span>
    </p>
   </div>
   <div class='ocr_carea' id='block_1_33' title="bbox 316 3899 1899 3972">
    <p class='ocr_par' dir='ltr' id='par_1_33' title="bbox 316 3899 1899 3972">
     <span class='ocr_line' id='line_1_33' title="bbox 316 3899 1899 3972; baseline 0.001 -20"><span class='ocrx_word' id='word_1_239' title='bbox 316 3900 429 3952; x_wconf 77' lang='grc' dir='ltr'>Καὶ</span> <span class='ocrx_word' id='word_1_240' title='bbox 469 3899 627 3951; x_wconf 75' lang='grc' dir='ltr'>τοῦτο</span> <span class='ocrx_word' id='word_1_241' title='bbox 677 3901 705 3952; x_wconf 89' lang='grc' dir='ltr'>ό</span> <span class='ocrx_word' id='word_1_242' title='bbox 741 3901 839 3970; x_wconf 89' lang='grc' dir='ltr'>τῆς</span> <span class='ocrx_word' id='word_1_243' title='bbox 893 3900 1116 3970; x_wconf 85' lang='grc' dir='ltr'>ἀγάπης</span> <span class='ocrx_word' id='word_1_244' title='bbox 1165 3901 1432 3972; x_wconf 84' lang='grc' dir='ltr'>τρόφιμος</span> <span class='ocrx_word' id='word_1_245' title='bbox 1483 3901 1692 3965; x_wconf 80' lang='grc' dir='ltr'>Παῦλος</span> <span class='ocrx_word' id='word_1_246' title='bbox 1742 3903 1899 3965; x_wconf 80' lang='grc' dir='ltr'>εἰδὼς</span> 
     </span>
    </p>
   </div>
   <div class='ocr_carea' id='block_1_34' title="bbox 315 3981 1901 4054">
    <p class='ocr_par' dir='ltr' id='par_1_34' title="bbox 315 3981 1901 4054">
     <span class='ocr_line' id='line_1_34' title="bbox 315 3981 1901 4054; baseline 0.004 -21"><span class='ocrx_word' id='word_1_247' title='bbox 315 3981 468 4050; x_wconf 77' lang='grc' dir='ltr'>ἔλεγε</span> <span class='ocrx_word' id='word_1_248' title='bbox 491 3998 506 4012; x_wconf 87' lang='grc'><strong>·</strong></span> <span class='ocrx_word' id='word_1_249' title='bbox 543 3981 768 4049; x_wconf 79' lang='grc' dir='ltr'>Μηδενὶ</span> <span class='ocrx_word' id='word_1_250' title='bbox 784 3982 980 4052; x_wconf 76' lang='grc' dir='ltr'>μηδὲν</span> <span class='ocrx_word' id='word_1_251' title='bbox 1015 3984 1304 4052; x_wconf 62' lang='grc' dir='ltr'>ὀφείλετε.</span> <span class='ocrx_word' id='word_1_252' title='bbox 1353 3988 1404 4038; x_wconf 84' lang='grc' dir='ltr'>εὶ</span> <span class='ocrx_word' id='word_1_253' title='bbox 1427 3986 1515 4054; x_wconf 75' lang='grc' dir='ltr'>μὴ</span> <span class='ocrx_word' id='word_1_254' title='bbox 1566 3986 1631 4038; x_wconf 87' lang='grc' dir='ltr'>τὸ</span> <span class='ocrx_word' id='word_1_255' title='bbox 1659 3985 1901 4054; x_wconf 78' lang='grc' dir='ltr'>ἀγαπᾷν</span> 
     </span>
    </p>
   </div>
   <div class='ocr_carea' id='block_1_35' title="bbox 315 4066 1902 4140">
    <p class='ocr_par' dir='ltr' id='par_1_35' title="bbox 315 4066 1902 4140">
     <span class='ocr_line' id='line_1_35' title="bbox 315 4066 1902 4140; baseline 0.002 -19"><span class='ocrx_word' id='word_1_256' title='bbox 315 4066 649 4132; x_wconf 69' lang='grc' dir='ltr'>ἀλλήλους.</span> <span class='ocrx_word' id='word_1_257' title='bbox 679 4067 850 4120; x_wconf 77' lang='grc' dir='ltr'>Τοῦτο</span> <span class='ocrx_word' id='word_1_258' title='bbox 880 4067 990 4137; x_wconf 78' lang='grc' dir='ltr'>γάρ</span> <span class='ocrx_word' id='word_1_259' title='bbox 1027 4067 1185 4138; x_wconf 86' lang='grc' dir='ltr'>μόνον</span> <span class='ocrx_word' id='word_1_260' title='bbox 1211 4069 1272 4121; x_wconf 81' lang='grc' dir='ltr'>τὸ</span> <span class='ocrx_word' id='word_1_261' title='bbox 1299 4069 1519 4139; x_wconf 76' lang='grc' dir='ltr'>ὄφλημα</span> <span class='ocrx_word' id='word_1_262' title='bbox 1559 4071 1645 4123; x_wconf 75' lang='grc' dir='ltr'>ἀεὶ</span> <span class='ocrx_word' id='word_1_263' title='bbox 1678 4071 1776 4140; x_wconf 82' lang='grc' dir='ltr'>μὲν</span> <span class='ocrx_word' id='word_1_264' title='bbox 1803 4089 1902 4124; x_wconf 87' lang='grc' dir='ltr'>κα-</span> 
     </span>
    </p>
   </div>
   <div class='ocr_carea' id='block_1_36' title="bbox 315 4149 1903 4213">
    <p class='ocr_par' dir='ltr' id='par_1_36' title="bbox 315 4149 1903 4213">
     <span class='ocr_line' id='line_1_36' title="bbox 315 4149 1903 4213; baseline 0.004 -12"><span class='ocrx_word' id='word_1_265' title='bbox 315 4149 642 4202; x_wconf 75' lang='grc' dir='ltr'>ταϐάλλεται</span> <span class='ocrx_word' id='word_1_266' title='bbox 669 4191 683 4213; x_wconf 96' lang='grc'>,</span> <span class='ocrx_word' id='word_1_267' title='bbox 735 4150 989 4204; x_wconf 78' lang='grc' dir='ltr'>οὐδέποτε</span> <span class='ocrx_word' id='word_1_268' title='bbox 1041 4151 1097 4203; x_wconf 88' lang='grc' dir='ltr'>δὲ</span> <span class='ocrx_word' id='word_1_269' title='bbox 1143 4152 1468 4207; x_wconf 88' lang='grc' dir='ltr'>ἀποδίδοται.</span> <span class='ocrx_word' id='word_1_270' title='bbox 1527 4154 1792 4208; x_wconf 73' lang='grc' dir='ltr'>Ἐνταῦθα</span> <span class='ocrx_word' id='word_1_271' title='bbox 1841 4155 1903 4207; x_wconf 79' lang='grc' dir='ltr'>τδ</span> 
     </span>
    </p>
   </div>
   <div class='ocr_carea' id='block_1_37' title="bbox 316 4231 1902 4302">
    <p class='ocr_par' dir='ltr' id='par_1_37' title="bbox 316 4231 1902 4302">
     <span class='ocr_line' id='line_1_37' title="bbox 316 4231 1902 4302; baseline 0.002 -15"><span class='ocrx_word' id='word_1_272' title='bbox 316 4231 579 4302; x_wconf 84' lang='grc' dir='ltr'>διηνεκῶς</span> <span class='ocrx_word' id='word_1_273' title='bbox 618 4233 853 4302; x_wconf 81' lang='grc' dir='ltr'>ὀφείλειν</span> <span class='ocrx_word' id='word_1_274' title='bbox 921 4233 1084 4287; x_wconf 79' lang='grc' dir='ltr'>καλὸν</span> <span class='ocrx_word' id='word_1_275' title='bbox 1129 4237 1224 4288; x_wconf 81' lang='grc' dir='ltr'>καὶ</span> <span class='ocrx_word' id='word_1_276' title='bbox 1275 4239 1517 4290; x_wconf 81' lang='grc' dir='ltr'>ἐπαίνων</span> <span class='ocrx_word' id='word_1_277' title='bbox 1557 4237 1725 4302; x_wconf 84' lang='grc' dir='ltr'>ἄξιον.</span> <span class='ocrx_word' id='word_1_278' title='bbox 1780 4238 1902 4290; x_wconf 75' lang='grc' dir='ltr'>Ἐπὶ</span> 
     </span>
    </p>
   </div>
   <div class='ocr_carea' id='block_1_38' title="bbox 322 4316 1901 4390">
    <p class='ocr_par' dir='ltr' id='par_1_38' title="bbox 322 4316 1901 4390">
     <span class='ocr_line' id='line_1_38' title="bbox 322 4316 1901 4390; baseline 0.004 -22"><span class='ocrx_word' id='word_1_279' title='bbox 322 4316 422 4387; x_wconf 81' lang='grc' dir='ltr'>μὲν</span> <span class='ocrx_word' id='word_1_280' title='bbox 485 4316 594 4387; x_wconf 84' lang='grc' dir='ltr'>γὰρ</span> <span class='ocrx_word' id='word_1_281' title='bbox 650 4316 757 4369; x_wconf 91' lang='grc' dir='ltr'>τῶν</span> <span class='ocrx_word' id='word_1_282' title='bbox 823 4317 1124 4388; x_wconf 87' lang='grc' dir='ltr'>χρημάτων</span> <span class='ocrx_word' id='word_1_283' title='bbox 1188 4319 1313 4382; x_wconf 81' lang='grc' dir='ltr'>τοὺς</span> <span class='ocrx_word' id='word_1_284' title='bbox 1375 4319 1538 4390; x_wconf 82' lang='grc' dir='ltr'>μηδὲν</span> <span class='ocrx_word' id='word_1_285' title='bbox 1591 4320 1901 4388; x_wconf 79' lang='grc' dir='ltr'>ὀφείλοντας</span> 
     </span>
    </p>
   </div>
   <div class='ocr_carea' id='block_1_39' title="bbox 319 4400 1899 4472">
    <p class='ocr_par' dir='ltr' id='par_1_39' title="bbox 319 4400 1899 4472">
     <span class='ocr_line' id='line_1_39' title="bbox 319 4400 1899 4472; baseline 0.003 -19"><span class='ocrx_word' id='word_1_286' title='bbox 319 4400 672 4470; x_wconf 80' lang='grc' dir='ltr'>ἐπαινοῦμεν,</span> <span class='ocrx_word' id='word_1_287' title='bbox 701 4401 792 4452; x_wconf 76' lang='grc' dir='ltr'>ἐπὶ</span> <span class='ocrx_word' id='word_1_288' title='bbox 832 4400 888 4452; x_wconf 82' lang='grc' dir='ltr'>δὲ</span> <span class='ocrx_word' id='word_1_289' title='bbox 911 4401 1010 4470; x_wconf 85' lang='grc' dir='ltr'>τῆς</span> <span class='ocrx_word' id='word_1_290' title='bbox 1049 4401 1270 4470; x_wconf 86' lang='grc' dir='ltr'>ἀγάπης</span> <span class='ocrx_word' id='word_1_291' title='bbox 1294 4403 1418 4464; x_wconf 80' lang='grc' dir='ltr'>τοὺς</span> <span class='ocrx_word' id='word_1_292' title='bbox 1454 4402 1716 4471; x_wconf 84' lang='grc' dir='ltr'>διηνεκῶς</span> <span class='ocrx_word' id='word_1_293' title='bbox 1747 4405 1899 4472; x_wconf 85' lang='grc' dir='ltr'>ὀφεί-</span> 
     </span>
    </p>
   </div>
   <div class='ocr_carea' id='block_1_40' title="bbox 321 4482 1901 4558">
    <p class='ocr_par' dir='ltr' id='par_1_40' title="bbox 321 4482 1901 4558">
     <span class='ocr_line' id='line_1_40' title="bbox 321 4482 1901 4558; baseline 0.003 -24"><span class='ocrx_word' id='word_1_294' title='bbox 321 4482 510 4546; x_wconf 85' lang='grc' dir='ltr'>λοντας</span> <span class='ocrx_word' id='word_1_295' title='bbox 567 4482 940 4552; x_wconf 86' lang='grc' dir='ltr'>ἀποδεχόμεθα</span> <span class='ocrx_word' id='word_1_296' title='bbox 998 4485 1092 4537; x_wconf 75' lang='grc' dir='ltr'>καὶ</span> <span class='ocrx_word' id='word_1_297' title='bbox 1150 4483 1503 4555; x_wconf 77' lang='grc' dir='ltr'>θαυμάζομεν</span> <span class='ocrx_word' id='word_1_298' title='bbox 1533 4503 1544 4515; x_wconf 94' lang='grc'><strong>·</strong></span> <span class='ocrx_word' id='word_1_299' title='bbox 1609 4486 1705 4538; x_wconf 74' lang='grc' dir='ltr'>καὶ</span> <span class='ocrx_word' id='word_1_300' title='bbox 1763 4487 1901 4558; x_wconf 86' lang='grc' dir='ltr'>ὅπερ</span> 
     </span>
    </p>
   </div>
   <div class='ocr_carea' id='block_1_41' title="bbox 318 4565 1899 4641">
    <p class='ocr_par' dir='ltr' id='par_1_41' title="bbox 318 4565 1899 4641">
     <span class='ocr_line' id='line_1_41' title="bbox 318 4565 1899 4641; baseline 0.004 -23"><span class='ocrx_word' id='word_1_301' title='bbox 318 4565 712 4636; x_wconf 83' lang='grc' dir='ltr'>ἀγνωμοσύνης</span> <span class='ocrx_word' id='word_1_302' title='bbox 773 4569 890 4620; x_wconf 82' lang='grc' dir='ltr'>ἐκεῖ</span> <span class='ocrx_word' id='word_1_303' title='bbox 919 4608 935 4632; x_wconf 95' lang='grc'>,</span> <span class='ocrx_word' id='word_1_304' title='bbox 973 4568 1132 4622; x_wconf 76' lang='grc' dir='ltr'>τοῦτο</span> <span class='ocrx_word' id='word_1_305' title='bbox 1195 4569 1428 4623; x_wconf 83' lang='grc' dir='ltr'>ἐνταῦθα</span> <span class='ocrx_word' id='word_1_306' title='bbox 1479 4571 1899 4641; x_wconf 84' lang='grc' dir='ltr'>εὐγνωμοσύνης</span> 
     </span>
    </p>
   </div>
   <div class='ocr_carea' id='block_1_42' title="bbox 320 4652 1902 4727">
    <p class='ocr_par' dir='ltr' id='par_1_42' title="bbox 320 4652 1902 4727">
     <span class='ocr_line' id='line_1_42' title="bbox 320 4652 1902 4727; baseline 0.005 -25"><span class='ocrx_word' id='word_1_307' title='bbox 320 4652 546 4722; x_wconf 83' lang='grc' dir='ltr'>σημεῖόν</span> <span class='ocrx_word' id='word_1_308' title='bbox 592 4652 708 4706; x_wconf 81' lang='grc' dir='ltr'>ἐστι</span> <span class='ocrx_word' id='word_1_309' title='bbox 734 4691 748 4712; x_wconf 86' lang='grc'>,</span> <span class='ocrx_word' id='word_1_310' title='bbox 800 4652 861 4705; x_wconf 87' lang='grc' dir='ltr'>τὸ</span> <span class='ocrx_word' id='word_1_311' title='bbox 902 4653 1171 4724; x_wconf 86' lang='grc' dir='ltr'>μηδέποτε</span> <span class='ocrx_word' id='word_1_312' title='bbox 1214 4654 1521 4708; x_wconf 86' lang='grc' dir='ltr'>διαλύεσθαι</span> <span class='ocrx_word' id='word_1_313' title='bbox 1552 4656 1612 4708; x_wconf 85' lang='grc' dir='ltr'>τὸ</span> <span class='ocrx_word' id='word_1_314' title='bbox 1643 4657 1743 4727; x_wconf 87' lang='grc' dir='ltr'>τῆς</span> <span class='ocrx_word' id='word_1_315' title='bbox 1774 4657 1902 4724; x_wconf 78' lang='grc' dir='ltr'>ἀγάο</span> 
     </span>
    </p>
   </div>
   <div class='ocr_carea' id='block_1_43' title="bbox 319 4734 1901 4811">
    <p class='ocr_par' dir='ltr' id='par_1_43' title="bbox 319 4734 1901 4811">
     <span class='ocr_line' id='line_1_43' title="bbox 319 4734 1901 4811; baseline 0.005 -25"><span class='ocrx_word' id='word_1_316' title='bbox 319 4751 429 4803; x_wconf 85' lang='grc' dir='ltr'>πης</span> <span class='ocrx_word' id='word_1_317' title='bbox 458 4734 696 4804; x_wconf 79' lang='grc' dir='ltr'>δφλημα.</span> <span class='ocrx_word' id='word_1_318' title='bbox 727 4735 819 4807; x_wconf 83' lang='grc' dir='ltr'>Μὴ</span> <span class='ocrx_word' id='word_1_319' title='bbox 843 4737 1207 4808; x_wconf 75' lang='grc' dir='ltr'>δυσχεράνητε</span> <span class='ocrx_word' id='word_1_320' title='bbox 1240 4739 1298 4791; x_wconf 83' lang='grc' dir='ltr'>δὲ</span> <span class='ocrx_word' id='word_1_321' title='bbox 1340 4740 1477 4809; x_wconf 79' lang='grc' dir='ltr'>πρὸς</span> <span class='ocrx_word' id='word_1_322' title='bbox 1498 4741 1559 4792; x_wconf 81' lang='grc' dir='ltr'>τὸ</span> <span class='ocrx_word' id='word_1_323' title='bbox 1595 4741 1769 4811; x_wconf 85' lang='grc' dir='ltr'>μῆκος</span> <span class='ocrx_word' id='word_1_324' title='bbox 1792 4740 1901 4795; x_wconf 91' lang='grc' dir='ltr'>τῶν</span> 
     </span>
    </p>
   </div>
   <div class='ocr_carea' id='block_1_44' title="bbox 325 4818 1902 4894">
    <p class='ocr_par' dir='ltr' id='par_1_44' title="bbox 325 4818 1902 4894">
     <span class='ocr_line' id='line_1_44' title="bbox 325 4818 1902 4894; baseline 0.006 -24"><span class='ocrx_word' id='word_1_325' title='bbox 325 4819 623 4889; x_wconf 85' lang='grc' dir='ltr'>μελλόντων</span> <span class='ocrx_word' id='word_1_326' title='bbox 659 4818 1028 4891; x_wconf 78' lang='grc' dir='ltr'>ῥηθήσεσθαι·</span> <span class='ocrx_word' id='word_1_327' title='bbox 1079 4821 1173 4874; x_wconf 73' lang='grc' dir='ltr'>καὶ</span> <span class='ocrx_word' id='word_1_328' title='bbox 1221 4823 1326 4892; x_wconf 80' lang='grc' dir='ltr'>γάρ</span> <span class='ocrx_word' id='word_1_329' title='bbox 1381 4823 1711 4894; x_wconf 84' lang='grc' dir='ltr'>κιθαρῳδίαν</span> <span class='ocrx_word' id='word_1_330' title='bbox 1755 4826 1902 4894; x_wconf 81' lang='grc' dir='ltr'>ὑμᾶς</span> 
     </span>
    </p>
   </div>
   <div class='ocr_carea' id='block_1_45' title="bbox 319 4902 1903 4980">
    <p class='ocr_par' dir='ltr' id='par_1_45' title="bbox 319 4902 1903 4980">
     <span class='ocr_line' id='line_1_45' title="bbox 319 4902 1903 4980; baseline 0.007 -27"><span class='ocrx_word' id='word_1_331' title='bbox 319 4919 439 4955; x_wconf 88' lang='grc' dir='ltr'>τινα</span> <span class='ocrx_word' id='word_1_332' title='bbox 468 4902 784 4973; x_wconf 80' lang='grc' dir='ltr'>θαυμαστὴν</span> <span class='ocrx_word' id='word_1_333' title='bbox 812 4903 1020 4971; x_wconf 80' lang='grc' dir='ltr'>διδάξαι</span> <span class='ocrx_word' id='word_1_334' title='bbox 1055 4905 1333 4976; x_wconf 85' lang='grc' dir='ltr'>βούλομαι,</span> <span class='ocrx_word' id='word_1_335' title='bbox 1363 4908 1482 4979; x_wconf 80' lang='grc' dir='ltr'>οὐχὶ</span> <span class='ocrx_word' id='word_1_336' title='bbox 1505 4907 1674 4980; x_wconf 82' lang='grc' dir='ltr'>λύραν</span> <span class='ocrx_word' id='word_1_337' title='bbox 1703 4911 1903 4980; x_wconf 79' lang='grc' dir='ltr'>νεκράν</span> 
     </span>
    </p>
   </div>
   <div class='ocr_carea' id='block_1_46' title="bbox 325 4987 1902 5068">
    <p class='ocr_par' dir='ltr' id='par_1_46' title="bbox 325 4987 1902 5068">
     <span class='ocr_line' id='line_1_46' title="bbox 325 4987 1902 5068; baseline 0.007 -31"><span class='ocrx_word' id='word_1_338' title='bbox 325 4987 840 5068; x_wconf 83' lang='grc' dir='ltr'>μεταχειρισάμενος</span> <span class='ocrx_word' id='word_1_339' title='bbox 865 5029 878 5046; x_wconf 85' lang='lat'><strong>.</strong></span> <span class='ocrx_word' id='word_1_340' title='bbox 906 4988 1042 5042; x_wconf 84' lang='grc' dir='ltr'>ἀλλά</span> <span class='ocrx_word' id='word_1_341' title='bbox 1089 4989 1188 5053; x_wconf 79' lang='grc' dir='ltr'>τὰς</span> <span class='ocrx_word' id='word_1_342' title='bbox 1236 4990 1345 5044; x_wconf 87' lang='grc' dir='ltr'>τῶν</span> <span class='ocrx_word' id='word_1_343' title='bbox 1381 4991 1615 5061; x_wconf 83' lang='grc' dir='ltr'>Γραφῶν</span> <span class='ocrx_word' id='word_1_344' title='bbox 1661 4993 1902 5068; x_wconf 83' lang='grc' dir='ltr'>ἱστορίας</span> 
     </span>
    </p>
   </div>
   <div class='ocr_carea' id='block_1_47' title="bbox 321 5067 1899 5144">
    <p class='ocr_par' dir='ltr' id='par_1_47' title="bbox 321 5067 1899 5144">
     <span class='ocr_line' id='line_1_47' title="bbox 321 5067 1899 5144; baseline 0.006 -23"><span class='ocrx_word' id='word_1_345' title='bbox 321 5067 540 5130; x_wconf 73' lang='grc' dir='ltr'>καὶτὰς</span> <span class='ocrx_word' id='word_1_346' title='bbox 586 5068 679 5121; x_wconf 80' lang='grc' dir='ltr'>τοῦ</span> <span class='ocrx_word' id='word_1_347' title='bbox 727 5069 860 5123; x_wconf 85' lang='grc' dir='ltr'>Θεοῦ</span> <span class='ocrx_word' id='word_1_348' title='bbox 911 5073 1130 5136; x_wconf 81' lang='grc' dir='ltr'>ἐντολὰς</span> <span class='ocrx_word' id='word_1_349' title='bbox 1173 5073 1294 5127; x_wconf 70' lang='grc' dir='ltr'>ἀντὶ</span> <span class='ocrx_word' id='word_1_350' title='bbox 1347 5075 1556 5144; x_wconf 88' lang='grc' dir='ltr'>νευρῶν</span> <span class='ocrx_word' id='word_1_351' title='bbox 1591 5067 1899 5142; x_wconf 88' lang='grc' dir='ltr'>ἀνατείνας.</span> 
     </span>
    </p>
   </div>
   <div class='ocr_carea' id='block_1_48' title="bbox 320 5151 1904 5232">
    <p class='ocr_par' dir='ltr' id='par_1_48' title="bbox 320 5151 1904 5232">
     <span class='ocr_line' id='line_1_48' title="bbox 320 5151 1904 5232; baseline 0.008 -30"><span class='ocrx_word' id='word_1_352' title='bbox 320 5152 430 5203; x_wconf 81' lang='grc' dir='ltr'>Καὶ</span> <span class='ocrx_word' id='word_1_353' title='bbox 456 5151 708 5223; x_wconf 86' lang='grc' dir='ltr'>καθάπερ</span> <span class='ocrx_word' id='word_1_354' title='bbox 739 5153 1026 5224; x_wconf 81' lang='grc' dir='ltr'>κιθαρῳδοὶ</span> <span class='ocrx_word' id='word_1_355' title='bbox 1055 5158 1180 5219; x_wconf 82' lang='grc' dir='ltr'>τοὺς</span> <span class='ocrx_word' id='word_1_356' title='bbox 1232 5157 1528 5221; x_wconf 85' lang='grc' dir='ltr'>δακτύλους</span> <span class='ocrx_word' id='word_1_357' title='bbox 1559 5159 1671 5213; x_wconf 91' lang='grc' dir='ltr'>τῶν</span> <span class='ocrx_word' id='word_1_358' title='bbox 1725 5161 1904 5232; x_wconf 80' lang='grc' dir='ltr'>μαθηο</span> 
     </span>
    </p>
   </div>
   <div class='ocr_carea' id='block_1_49' title="bbox 320 5235 1906 5315">
    <p class='ocr_par' dir='ltr' id='par_1_49' title="bbox 320 5235 1906 5315">
     <span class='ocr_line' id='line_1_49' title="bbox 320 5235 1906 5315; baseline 0.007 -29"><span class='ocrx_word' id='word_1_359' title='bbox 320 5235 625 5304; x_wconf 86' lang='grc' dir='ltr'>τευομένων</span> <span class='ocrx_word' id='word_1_360' title='bbox 661 5236 1047 5306; x_wconf 75' lang='grc' dir='ltr'>λαμϐάνοντες,</span> <span class='ocrx_word' id='word_1_361' title='bbox 1081 5240 1263 5310; x_wconf 81' lang='grc' dir='ltr'>ἡρέμα</span> <span class='ocrx_word' id='word_1_362' title='bbox 1292 5244 1402 5306; x_wconf 82' lang='grc' dir='ltr'>τοῖς</span> <span class='ocrx_word' id='word_1_363' title='bbox 1447 5242 1702 5311; x_wconf 73' lang='grc' dir='ltr'>φθόγγοις</span> <span class='ocrx_word' id='word_1_364' title='bbox 1742 5261 1906 5315; x_wconf 79' lang='grc' dir='ltr'>προσ·</span> 
     </span>
    </p>
   </div>
   <div class='ocr_carea' id='block_1_50' title="bbox 321 5318 1904 5397">
    <p class='ocr_par' dir='ltr' id='par_1_50' title="bbox 321 5318 1904 5397">
     <span class='ocr_line' id='line_1_50' title="bbox 321 5318 1904 5397; baseline 0.006 -26"><span class='ocrx_word' id='word_1_365' title='bbox 321 5318 551 5385; x_wconf 88' lang='grc' dir='ltr'>ἀγουσι,</span> <span class='ocrx_word' id='word_1_366' title='bbox 616 5318 711 5370; x_wconf 66' lang='grc' dir='ltr'>καὶ</span> <span class='ocrx_word' id='word_1_367' title='bbox 757 5320 1101 5391; x_wconf 63' lang='grc' dir='ltr'>διαψηλαφᾷν</span> <span class='ocrx_word' id='word_1_368' title='bbox 1144 5326 1257 5394; x_wconf 88' lang='grc' dir='ltr'>μετ’</span> <span class='ocrx_word' id='word_1_369' title='bbox 1306 5327 1597 5397; x_wconf 77' lang='grc' dir='ltr'>ἐμπειρίας</span> <span class='ocrx_word' id='word_1_370' title='bbox 1635 5328 1904 5381; x_wconf 83' lang='grc' dir='ltr'>διδάσκον-</span> 
     </span>
    </p>
   </div>
   <div class='ocr_carea' id='block_1_51' title="bbox 318 5402 1904 5482">
    <p class='ocr_par' dir='ltr' id='par_1_51' title="bbox 318 5402 1904 5482">
     <span class='ocr_line' id='line_1_51' title="bbox 318 5402 1904 5482; baseline 0.007 -30"><span class='ocrx_word' id='word_1_371' title='bbox 318 5417 438 5463; x_wconf 88' lang='grc' dir='ltr'>τες,</span> <span class='ocrx_word' id='word_1_372' title='bbox 476 5403 539 5453; x_wconf 79' lang='grc' dir='ltr'>ἐκ</span> <span class='ocrx_word' id='word_1_373' title='bbox 574 5402 681 5454; x_wconf 88' lang='grc' dir='ltr'>τῶν</span> <span class='ocrx_word' id='word_1_374' title='bbox 720 5403 947 5471; x_wconf 75' lang='grc' dir='ltr'>ἀφώνων</span> <span class='ocrx_word' id='word_1_375' title='bbox 980 5406 1231 5476; x_wconf 82' lang='grc' dir='ltr'>φθόγγων</span> <span class='ocrx_word' id='word_1_376' title='bbox 1263 5426 1321 5460; x_wconf 86' lang='grc' dir='ltr'>τε</span> <span class='ocrx_word' id='word_1_377' title='bbox 1351 5411 1446 5462; x_wconf 74' lang='grc' dir='ltr'>καὶ</span> <span class='ocrx_word' id='word_1_378' title='bbox 1485 5410 1692 5482; x_wconf 89' lang='grc' dir='ltr'>νευρῶν</span> <span class='ocrx_word' id='word_1_379' title='bbox 1725 5411 1904 5479; x_wconf 80' lang='grc' dir='ltr'>πάσης</span> 
     </span>
    </p>
   </div>
   <div class='ocr_carea' id='block_1_52' title="bbox 319 5486 1904 5562">
    <p class='ocr_par' dir='ltr' id='par_1_52' title="bbox 319 5486 1904 5562">
     <span class='ocr_line' id='line_1_52' title="bbox 319 5486 1904 5562; baseline 0.008 -27"><span class='ocrx_word' id='word_1_380' title='bbox 319 5486 504 5556; x_wconf 65' lang='grc' dir='ltr'>φωνῆς</span> <span class='ocrx_word' id='word_1_381' title='bbox 547 5486 679 5556; x_wconf 69' lang='grc' dir='ltr'>ἡδίω</span> <span class='ocrx_word' id='word_1_382' title='bbox 711 5487 802 5539; x_wconf 77' lang='grc' dir='ltr'>καὶ</span> <span class='ocrx_word' id='word_1_383' title='bbox 831 5488 1167 5562; x_wconf 85' lang='grc' dir='ltr'>γλυκυτέραν</span> <span class='ocrx_word' id='word_1_384' title='bbox 1203 5493 1516 5547; x_wconf 81' lang='grc' dir='ltr'>παιδεύουσι</span> <span class='ocrx_word' id='word_1_385' title='bbox 1564 5495 1904 5547; x_wconf 70' lang='grc' dir='ltr'>κατασκευά-</span> 
     </span>
    </p>
   </div>
   <div class='ocr_carea' id='block_1_53' title="bbox 383 5634 1032 5702">
    <p class='ocr_par' dir='ltr' id='par_1_53' title="bbox 383 5634 1032 5702">
     <span class='ocr_line' id='line_1_53' title="bbox 383 5634 1032 5702; baseline 0.009 -20"><span class='ocrx_word' id='word_1_386' title='bbox 383 5635 410 5702; x_wconf 57' lang='grc' dir='ltr'><strong><em>ς</em></strong></span> <span class='ocrx_word' id='word_1_387' title='bbox 432 5634 554 5702; x_wconf 61' lang='lat' dir='ltr'>Beg.</span> <span class='ocrx_word' id='word_1_388' title='bbox 577 5637 1032 5702; x_wconf 53' lang='lat' dir='ltr'>tﬁ’ijpenévzwv.</span> 
     </span>
    </p>
   </div>
   <div class='ocr_carea' id='block_1_54' title="bbox 381 5693 796 5762">
    <p class='ocr_par' dir='ltr' id='par_1_54' title="bbox 381 5693 796 5762">
     <span class='ocr_line' id='line_1_54' title="bbox 381 5693 796 5762; baseline 0.005 -18"><span class='ocrx_word' id='word_1_389' title='bbox 381 5693 411 5736; x_wconf 68' lang='grc' dir='ltr'>δ</span> <span class='ocrx_word' id='word_1_390' title='bbox 437 5693 554 5759; x_wconf 54' lang='lat' dir='ltr'>Rei.</span> <span class='ocrx_word' id='word_1_391' title='bbox 574 5697 661 5747; x_wconf 75' lang='grc' dir='ltr'>οὐκ</span> <span class='ocrx_word' id='word_1_392' title='bbox 680 5693 796 5762; x_wconf 74' lang='grc' dir='ltr'>εχεὶ.</span> 
     </span>
    </p>
   </div>
   <div class='ocr_carea' id='block_1_55' title="bbox 1901 1645 1981 1661">
    <p class='ocr_par' dir='ltr' id='par_1_55' title="bbox 1901 1645 1981 1661">
     <span class='ocr_line' id='line_1_55' title="bbox 1901 1645 1981 1661; baseline 0 -5"><span class='ocrx_word' id='word_1_393' title='bbox 1901 1645 1981 1661; x_wconf 59' lang='grc' dir='ltr'>ρ’.-</span> 
     </span>
    </p>
   </div>
   <div class='ocr_carea' id='block_1_56' title="bbox 1983 1799 3566 1878">
    <p class='ocr_par' dir='ltr' id='par_1_56' title="bbox 1983 1799 3566 1878">
     <span class='ocr_line' id='line_1_56' title="bbox 1983 1799 3566 1878; baseline 0.008 -26"><span class='ocrx_word' id='word_1_394' title='bbox 1983 1801 2100 1863; x_wconf 77' lang='grc' dir='ltr'>ζειν</span> <span class='ocrx_word' id='word_1_395' title='bbox 2141 1801 2354 1870; x_wconf 72' lang='grc' dir='ltr'>φωνήνο</span> <span class='ocrx_word' id='word_1_396' title='bbox 2405 1799 2550 1852; x_wconf 71' lang='grc' dir='ltr'>οὕτω</span> <span class='ocrx_word' id='word_1_397' title='bbox 2593 1801 2656 1872; x_wconf 84' lang='grc' dir='ltr'>δὴ</span> <span class='ocrx_word' id='word_1_398' title='bbox 2717 1804 2809 1856; x_wconf 77' lang='grc' dir='ltr'>καὶ</span> <span class='ocrx_word' id='word_1_399' title='bbox 2863 1804 3022 1874; x_wconf 73' lang='grc' dir='ltr'>ἡμεῖς</span> <span class='ocrx_word' id='word_1_400' title='bbox 3073 1805 3410 1878; x_wconf 83' lang='grc' dir='ltr'>ποιήσομεν,</span> <span class='ocrx_word' id='word_1_401' title='bbox 3440 1811 3566 1866; x_wconf 71' lang='grc' dir='ltr'>ἀντὶ</span> 
     </span>
    </p>
   </div>
   <div class='ocr_carea' id='block_1_57' title="bbox 1982 1883 3562 1961">
    <p class='ocr_par' dir='ltr' id='par_1_57' title="bbox 1982 1883 3562 1961">
     <span class='ocr_line' id='line_1_57' title="bbox 1982 1883 3562 1961; baseline 0.006 -24"><span class='ocrx_word' id='word_1_402' title='bbox 1982 1883 2259 1937; x_wconf 87' lang='grc' dir='ltr'>δακτύλων</span> <span class='ocrx_word' id='word_1_403' title='bbox 2296 1885 2396 1954; x_wconf 84' lang='grc' dir='ltr'>τὴν</span> <span class='ocrx_word' id='word_1_404' title='bbox 2432 1885 2669 1938; x_wconf 83' lang='grc' dir='ltr'>διάνοιαν</span> <span class='ocrx_word' id='word_1_405' title='bbox 2697 1887 2847 1955; x_wconf 81' lang='grc' dir='ltr'>ὑμῶν</span> <span class='ocrx_word' id='word_1_406' title='bbox 2892 1890 3400 1961; x_wconf 89' lang='grc' dir='ltr'>μεταχειρισάμενοι</span> <span class='ocrx_word' id='word_1_407' title='bbox 3421 1931 3436 1955; x_wconf 87' lang='grc'>,</span> <span class='ocrx_word' id='word_1_408' title='bbox 3465 1899 3562 1947; x_wconf 70' lang='grc' dir='ltr'>κού⁹</span> 
     </span>
    </p>
   </div>
   <div class='ocr_carea' id='block_1_58' title="bbox 1982 1967 3565 2047">
    <p class='ocr_par' dir='ltr' id='par_1_58' title="bbox 1982 1967 3565 2047">
     <span class='ocr_line' id='line_1_58' title="bbox 1982 1967 3565 2047; baseline 0.006 -25"><span class='ocrx_word' id='word_1_409' title='bbox 1982 1971 2103 2032; x_wconf 88' lang='grc' dir='ltr'>ταῖς</span> <span class='ocrx_word' id='word_1_410' title='bbox 2131 1967 2370 2032; x_wconf 80' lang='grc' dir='ltr'>ἐντολαῖς</span> <span class='ocrx_word' id='word_1_411' title='bbox 2401 1969 2494 2021; x_wconf 81' lang='grc' dir='ltr'>τοῦ</span> <span class='ocrx_word' id='word_1_412' title='bbox 2523 1967 2658 2021; x_wconf 77' lang='grc' dir='ltr'>Θεοῦ</span> <span class='ocrx_word' id='word_1_413' title='bbox 2709 1973 3148 2041; x_wconf 84' lang='grc' dir='ltr'>προσαγαγόντες</span> <span class='ocrx_word' id='word_1_414' title='bbox 3173 2015 3187 2039; x_wconf 93' lang='grc'>,</span> <span class='ocrx_word' id='word_1_415' title='bbox 3224 1977 3338 2046; x_wconf 89' lang='grc' dir='ltr'>μετ’</span> <span class='ocrx_word' id='word_1_416' title='bbox 3371 1978 3565 2047; x_wconf 80' lang='grc' dir='ltr'>ἐμπει-</span> 
     </span>
    </p>
   </div>
   <div class='ocr_carea' id='block_1_59' title="bbox 1989 2051 3563 2132">
    <p class='ocr_par' dir='ltr' id='par_1_59' title="bbox 1989 2051 3563 2132">
     <span class='ocr_line' id='line_1_59' title="bbox 1989 2051 3563 2132; baseline 0.007 -28"><span class='ocrx_word' id='word_1_417' title='bbox 1989 2053 2107 2123; x_wconf 87' lang='grc' dir='ltr'>ρίας</span> <span class='ocrx_word' id='word_1_418' title='bbox 2154 2051 2332 2105; x_wconf 79' lang='grc' dir='ltr'>αὐτῶν</span> <span class='ocrx_word' id='word_1_419' title='bbox 2371 2053 2637 2106; x_wconf 76' lang='grc' dir='ltr'>ἅπτεσθαι</span> <span class='ocrx_word' id='word_1_420' title='bbox 2677 2057 3129 2127; x_wconf 83' lang='grc' dir='ltr'>παρακαλέσομεν</span> <span class='ocrx_word' id='word_1_421' title='bbox 3162 2058 3259 2129; x_wconf 78' lang='grc' dir='ltr'>τὴν</span> <span class='ocrx_word' id='word_1_422' title='bbox 3293 2061 3563 2132; x_wconf 79' lang='grc' dir='ltr'>ὑμετέραν</span> 
     </span>
    </p>
   </div>
   <div class='ocr_carea' id='block_1_60' title="bbox 1985 2136 3569 2210">
    <p class='ocr_par' dir='ltr' id='par_1_60' title="bbox 1985 2136 3569 2210">
     <span class='ocr_line' id='line_1_60' title="bbox 1985 2136 3569 2210; baseline 0.007 -22"><span class='ocrx_word' id='word_1_423' title='bbox 1985 2136 2205 2207; x_wconf 85' lang='grc' dir='ltr'>ἀγάπην</span> <span class='ocrx_word' id='word_1_424' title='bbox 2226 2175 2240 2199; x_wconf 94' lang='grc'>,</span> <span class='ocrx_word' id='word_1_425' title='bbox 2268 2137 2366 2204; x_wconf 75' lang='grc' dir='ltr'>οὐχ</span> <span class='ocrx_word' id='word_1_426' title='bbox 2403 2136 2488 2188; x_wconf 83' lang='grc' dir='ltr'>ἵνα</span> <span class='ocrx_word' id='word_1_427' title='bbox 2517 2136 2822 2206; x_wconf 82' lang='grc' dir='ltr'>ἀνθρώπων</span> <span class='ocrx_word' id='word_1_428' title='bbox 2873 2139 3124 2210; x_wconf 83' lang='grc' dir='ltr'>θέατρον,</span> <span class='ocrx_word' id='word_1_429' title='bbox 3158 2143 3274 2195; x_wconf 86' lang='grc' dir='ltr'>ἀλλ’</span> <span class='ocrx_word' id='word_1_430' title='bbox 3329 2145 3415 2198; x_wconf 78' lang='grc' dir='ltr'>ἵνα</span> <span class='ocrx_word' id='word_1_431' title='bbox 3455 2147 3569 2198; x_wconf 77' lang='grc' dir='ltr'>τῶν</span> 
     </span>
    </p>
   </div>
   <div class='ocr_carea' id='block_1_61' title="bbox 1987 2219 3568 2299">
    <p class='ocr_par' dir='ltr' id='par_1_61' title="bbox 1987 2219 3568 2299">
     <span class='ocr_line' id='line_1_61' title="bbox 1987 2219 3568 2299; baseline 0.006 -27"><span class='ocrx_word' id='word_1_432' title='bbox 1987 2219 2235 2288; x_wconf 86' lang='grc' dir='ltr'>ἀγγέλων</span> <span class='ocrx_word' id='word_1_433' title='bbox 2265 2219 2355 2272; x_wconf 85' lang='grc' dir='ltr'>τὸν</span> <span class='ocrx_word' id='word_1_434' title='bbox 2381 2219 2551 2290; x_wconf 83' lang='grc' dir='ltr'>δῆμον</span> <span class='ocrx_word' id='word_1_435' title='bbox 2601 2219 2688 2273; x_wconf 82' lang='grc' dir='ltr'>διά</span> <span class='ocrx_word' id='word_1_436' title='bbox 2742 2221 2944 2292; x_wconf 89' lang='grc' dir='ltr'>ταύτης</span> <span class='ocrx_word' id='word_1_437' title='bbox 2971 2224 3068 2294; x_wconf 86' lang='grc' dir='ltr'>τῆς</span> <span class='ocrx_word' id='word_1_438' title='bbox 3098 2225 3291 2297; x_wconf 72' lang='grc' dir='ltr'>ἡδονῆς</span> <span class='ocrx_word' id='word_1_439' title='bbox 3335 2229 3568 2299; x_wconf 76' lang='grc' dir='ltr'>ἀναστή-</span> 
     </span>
    </p>
   </div>
   <div class='ocr_carea' id='block_1_62' title="bbox 1943 2302 3567 2383">
    <p class='ocr_par' dir='ltr' id='par_1_62' title="bbox 1943 2302 3567 2383">
     <span class='ocr_line' id='line_1_62' title="bbox 1943 2302 3567 2383; baseline 0.004 -27"><span class='ocrx_word' id='word_1_440' title='bbox 1943 2375 1949 2380; x_wconf 35' lang='grc'><strong><em>-</em></strong></span> <span class='ocrx_word' id='word_1_441' title='bbox 1990 2321 2140 2376; x_wconf 83' lang='grc' dir='ltr'>σητε.</span> <span class='ocrx_word' id='word_1_442' title='bbox 2173 2304 2247 2356; x_wconf 79' lang='grc' dir='ltr'>Οὐ</span> <span class='ocrx_word' id='word_1_443' title='bbox 2295 2302 2405 2374; x_wconf 85' lang='grc' dir='ltr'>γὰρ</span> <span class='ocrx_word' id='word_1_444' title='bbox 2451 2305 2612 2375; x_wconf 87' lang='grc' dir='ltr'>ἀρκεῖ</span> <span class='ocrx_word' id='word_1_445' title='bbox 2646 2304 2716 2358; x_wconf 86' lang='grc' dir='ltr'>τά</span> <span class='ocrx_word' id='word_1_446' title='bbox 2749 2306 2866 2359; x_wconf 84' lang='grc' dir='ltr'>θεῖα</span> <span class='ocrx_word' id='word_1_447' title='bbox 2918 2308 3073 2375; x_wconf 79' lang='grc' dir='ltr'>λόγια</span> <span class='ocrx_word' id='word_1_448' title='bbox 3109 2311 3355 2365; x_wconf 79' lang='grc' dir='ltr'>ἐπελθεῖν</span> <span class='ocrx_word' id='word_1_449' title='bbox 3387 2313 3567 2383; x_wconf 85' lang='grc' dir='ltr'>μόνον,</span> 
     </span>
    </p>
   </div>
   <div class='ocr_carea' id='block_1_63' title="bbox 1989 2387 3569 2462">
    <p class='ocr_par' dir='ltr' id='par_1_63' title="bbox 1989 2387 3569 2462">
     <span class='ocr_line' id='line_1_63' title="bbox 1989 2387 3569 2462; baseline 0.006 -22"><span class='ocrx_word' id='word_1_450' title='bbox 1989 2387 2125 2440; x_wconf 86' lang='grc' dir='ltr'>ἀλλά</span> <span class='ocrx_word' id='word_1_451' title='bbox 2169 2387 2247 2440; x_wconf 91' lang='grc' dir='ltr'>δεῖ</span> <span class='ocrx_word' id='word_1_452' title='bbox 2287 2389 2378 2441; x_wconf 72' lang='grc' dir='ltr'>καὶ</span> <span class='ocrx_word' id='word_1_453' title='bbox 2427 2389 2525 2458; x_wconf 89' lang='grc' dir='ltr'>τῆς</span> <span class='ocrx_word' id='word_1_454' title='bbox 2579 2389 2685 2442; x_wconf 84' lang='grc' dir='ltr'>ἀπὸ</span> <span class='ocrx_word' id='word_1_455' title='bbox 2728 2389 2834 2442; x_wconf 80' lang='grc' dir='ltr'>τῶν</span> <span class='ocrx_word' id='word_1_456' title='bbox 2869 2391 3046 2462; x_wconf 75' lang='grc' dir='ltr'>ἔργων</span> <span class='ocrx_word' id='word_1_457' title='bbox 3083 2393 3411 2460; x_wconf 78' lang='grc' dir='ltr'>ἐπιδείξεως.</span> <span class='ocrx_word' id='word_1_458' title='bbox 3462 2397 3569 2450; x_wconf 69' lang='grc' dir='ltr'>Καὶ</span> 
     </span>
    </p>
   </div>
   <div class='ocr_carea' id='block_1_64' title="bbox 1991 2472 3570 2548">
    <p class='ocr_par' dir='ltr' id='par_1_64' title="bbox 1991 2472 3570 2548">
     <span class='ocr_line' id='line_1_64' title="bbox 1991 2472 3570 2548; baseline 0.004 -24"><span class='ocrx_word' id='word_1_459' title='bbox 1991 2472 2242 2541; x_wconf 84' lang='grc' dir='ltr'>καθάπερ</span> <span class='ocrx_word' id='word_1_460' title='bbox 2267 2473 2358 2524; x_wconf 76' lang='grc' dir='ltr'>ἐπὶ</span> <span class='ocrx_word' id='word_1_461' title='bbox 2380 2473 2476 2541; x_wconf 88' lang='grc' dir='ltr'>τῆς</span> <span class='ocrx_word' id='word_1_462' title='bbox 2498 2472 2727 2544; x_wconf 86' lang='grc' dir='ltr'>κιθάρας</span> <span class='ocrx_word' id='word_1_463' title='bbox 2757 2474 2986 2527; x_wconf 79' lang='grc' dir='ltr'>ἅπτεται</span> <span class='ocrx_word' id='word_1_464' title='bbox 3014 2477 3112 2546; x_wconf 79' lang='grc' dir='ltr'>μὲν</span> <span class='ocrx_word' id='word_1_465' title='bbox 3138 2479 3165 2530; x_wconf 86' lang='grc' dir='ltr'>ὁ</span> <span class='ocrx_word' id='word_1_466' title='bbox 3192 2479 3440 2548; x_wconf 84' lang='grc' dir='ltr'>τεχνίτης</span> <span class='ocrx_word' id='word_1_467' title='bbox 3463 2480 3570 2531; x_wconf 77' lang='grc' dir='ltr'>τῶν</span> 
     </span>
    </p>
   </div>
   <div class='ocr_carea' id='block_1_65' title="bbox 1991 2556 3574 2632">
    <p class='ocr_par' dir='ltr' id='par_1_65' title="bbox 1991 2556 3574 2632">
     <span class='ocr_line' id='line_1_65' title="bbox 1991 2556 3574 2632; baseline 0.004 -24"><span class='ocrx_word' id='word_1_468' title='bbox 1991 2557 2198 2628; x_wconf 84' lang='grc' dir='ltr'>νευρῶν</span> <span class='ocrx_word' id='word_1_469' title='bbox 2223 2597 2237 2620; x_wconf 94' lang='grc'>,</span> <span class='ocrx_word' id='word_1_470' title='bbox 2272 2556 2502 2610; x_wconf 80' lang='grc' dir='ltr'>ἀπτεται</span> <span class='ocrx_word' id='word_1_471' title='bbox 2532 2557 2586 2608; x_wconf 80' lang='grc' dir='ltr'>δὲ</span> <span class='ocrx_word' id='word_1_472' title='bbox 2620 2558 2712 2610; x_wconf 75' lang='grc' dir='ltr'>καὶ</span> <span class='ocrx_word' id='word_1_473' title='bbox 2745 2559 2772 2609; x_wconf 84' lang='grc' dir='ltr'>ὁ</span> <span class='ocrx_word' id='word_1_474' title='bbox 2798 2557 3016 2627; x_wconf 82' lang='grc' dir='ltr'>ἄτεχνος</span> <span class='ocrx_word' id='word_1_475' title='bbox 3037 2600 3050 2623; x_wconf 95' lang='grc'>,</span> <span class='ocrx_word' id='word_1_476' title='bbox 3084 2560 3198 2613; x_wconf 78' lang='grc' dir='ltr'>ἀλλ’</span> <span class='ocrx_word' id='word_1_477' title='bbox 3230 2562 3258 2614; x_wconf 83' lang='grc' dir='ltr'>ὁ</span> <span class='ocrx_word' id='word_1_478' title='bbox 3292 2562 3389 2632; x_wconf 80' lang='grc' dir='ltr'>μὲν</span> <span class='ocrx_word' id='word_1_479' title='bbox 3415 2562 3574 2616; x_wconf 84' lang='grc' dir='ltr'>λυπεῖ</span> 
     </span>
    </p>
   </div>
   <div class='ocr_carea' id='block_1_66' title="bbox 1992 2639 3572 2715">
    <p class='ocr_par' dir='ltr' id='par_1_66' title="bbox 1992 2639 3572 2715">
     <span class='ocr_line' id='line_1_66' title="bbox 1992 2639 3572 2715; baseline 0.005 -23"><span class='ocrx_word' id='word_1_480' title='bbox 1992 2641 2080 2692; x_wconf 80' lang='grc' dir='ltr'>τὸν</span> <span class='ocrx_word' id='word_1_481' title='bbox 2104 2639 2407 2711; x_wconf 83' lang='grc' dir='ltr'>ἀκροατὴν.</span> <span class='ocrx_word' id='word_1_482' title='bbox 2435 2641 2462 2692; x_wconf 83' lang='grc' dir='ltr'>ὁ</span> <span class='ocrx_word' id='word_1_483' title='bbox 2488 2639 2542 2692; x_wconf 81' lang='grc' dir='ltr'>δὲ</span> <span class='ocrx_word' id='word_1_484' title='bbox 2571 2640 2889 2710; x_wconf 70' lang='grc' dir='ltr'>ψυχαγωγεῖ</span> <span class='ocrx_word' id='word_1_485' title='bbox 2917 2644 3009 2695; x_wconf 73' lang='grc' dir='ltr'>καὶ</span> <span class='ocrx_word' id='word_1_486' title='bbox 3045 2644 3233 2715; x_wconf 85' lang='grc' dir='ltr'>τέρπει</span> <span class='ocrx_word' id='word_1_487' title='bbox 3259 2687 3272 2708; x_wconf 89' lang='grc'>,</span> <span class='ocrx_word' id='word_1_488' title='bbox 3309 2648 3484 2700; x_wconf 85' lang='grc' dir='ltr'>καίτοι</span> <span class='ocrx_word' id='word_1_489' title='bbox 3509 2664 3572 2715; x_wconf 82' lang='grc' dir='ltr'>γε</span> 
     </span>
    </p>
   </div>
   <div class='ocr_carea' id='block_1_67' title="bbox 1993 2722 3572 2799">
    <p class='ocr_par' dir='ltr' id='par_1_67' title="bbox 1993 2722 3572 2799">
     <span class='ocr_line' id='line_1_67' title="bbox 1993 2722 3572 2799; baseline 0.004 -23"><span class='ocrx_word' id='word_1_490' title='bbox 1993 2725 2040 2776; x_wconf 90' lang='grc' dir='ltr'>οἱ</span> <span class='ocrx_word' id='word_1_491' title='bbox 2095 2723 2249 2776; x_wconf 65' lang='grc' dir='ltr'>αὐτοὶ</span> <span class='ocrx_word' id='word_1_492' title='bbox 2294 2722 2544 2776; x_wconf 87' lang='grc' dir='ltr'>δάκτυλοι</span> <span class='ocrx_word' id='word_1_493' title='bbox 2577 2724 2670 2776; x_wconf 80' lang='grc' dir='ltr'>καὶ</span> <span class='ocrx_word' id='word_1_494' title='bbox 2707 2724 2764 2776; x_wconf 87' lang='grc' dir='ltr'>αί</span> <span class='ocrx_word' id='word_1_495' title='bbox 2803 2727 2962 2778; x_wconf 73' lang='grc' dir='ltr'>αὑταὶ</span> <span class='ocrx_word' id='word_1_496' title='bbox 3003 2728 3218 2798; x_wconf 80' lang='grc' dir='ltr'>νευραὶ,</span> <span class='ocrx_word' id='word_1_497' title='bbox 3251 2729 3366 2780; x_wconf 84' lang='grc' dir='ltr'>ἀλλ’</span> <span class='ocrx_word' id='word_1_498' title='bbox 3395 2731 3491 2798; x_wconf 71' lang='grc' dir='ltr'>οὐχ</span> <span class='ocrx_word' id='word_1_499' title='bbox 3539 2732 3572 2799; x_wconf 80' lang='grc' dir='ltr'>ἡ</span> 
     </span>
    </p>
   </div>
   <div class='ocr_carea' id='block_1_68' title="bbox 1993 2805 3574 2883">
    <p class='ocr_par' dir='ltr' id='par_1_68' title="bbox 1993 2805 3574 2883">
     <span class='ocr_line' id='line_1_68' title="bbox 1993 2805 3574 2883; baseline 0.004 -25"><span class='ocrx_word' id='word_1_500' title='bbox 1993 2806 2131 2875; x_wconf 79' lang='grc' dir='ltr'>αὑτὴ</span> <span class='ocrx_word' id='word_1_501' title='bbox 2159 2806 2419 2875; x_wconf 77' lang='grc' dir='ltr'>ἐμπειρία</span> <span class='ocrx_word' id='word_1_502' title='bbox 2443 2823 2458 2836; x_wconf 78' lang='grc' dir='ltr'><strong><em>ο</em></strong></span> <span class='ocrx_word' id='word_1_503' title='bbox 2483 2806 2623 2859; x_wconf 77' lang='grc' dir='ltr'>οὕτω</span> <span class='ocrx_word' id='word_1_504' title='bbox 2650 2805 2715 2876; x_wconf 82' lang='grc' dir='ltr'>δὴ</span> <span class='ocrx_word' id='word_1_505' title='bbox 2755 2807 2848 2858; x_wconf 78' lang='grc' dir='ltr'>καὶ</span> <span class='ocrx_word' id='word_1_506' title='bbox 2879 2809 2969 2861; x_wconf 76' lang='grc' dir='ltr'>ἐπὶ</span> <span class='ocrx_word' id='word_1_507' title='bbox 2995 2809 3102 2861; x_wconf 84' lang='grc' dir='ltr'>τῶν</span> <span class='ocrx_word' id='word_1_508' title='bbox 3136 2809 3292 2864; x_wconf 83' lang='grc' dir='ltr'>θείων</span> <span class='ocrx_word' id='word_1_509' title='bbox 3323 2811 3574 2883; x_wconf 72' lang='grc' dir='ltr'>Γραφῶν,</span> 
     </span>
    </p>
   </div>
   <div class='ocr_carea' id='block_1_69' title="bbox 1997 2889 3576 2959">
    <p class='ocr_par' dir='ltr' id='par_1_69' title="bbox 1997 2889 3576 2959">
     <span class='ocr_line' id='line_1_69' title="bbox 1997 2889 3576 2959; baseline 0.004 -17"><span class='ocrx_word' id='word_1_510' title='bbox 1997 2889 2316 2959; x_wconf 69' lang='grc' dir='ltr'>ἐπέρχονται</span> <span class='ocrx_word' id='word_1_511' title='bbox 2345 2905 2440 2958; x_wconf 70' lang='grc' dir='ltr'>μεν</span> <span class='ocrx_word' id='word_1_512' title='bbox 2477 2889 2660 2941; x_wconf 57' lang='grc' dir='ltr'>πολλοὶ</span> <span class='ocrx_word' id='word_1_513' title='bbox 2687 2891 2753 2943; x_wconf 85' lang='grc' dir='ltr'>τὰ</span> <span class='ocrx_word' id='word_1_514' title='bbox 2780 2889 2896 2943; x_wconf 87' lang='grc' dir='ltr'>θεῖα</span> <span class='ocrx_word' id='word_1_515' title='bbox 2929 2891 3104 2958; x_wconf 75' lang='grc' dir='ltr'>λόγια,</span> <span class='ocrx_word' id='word_1_516' title='bbox 3139 2893 3252 2946; x_wconf 77' lang='grc' dir='ltr'>ἀλλ’</span> <span class='ocrx_word' id='word_1_517' title='bbox 3282 2896 3340 2947; x_wconf 83' lang='grc' dir='ltr'>ού</span> <span class='ocrx_word' id='word_1_518' title='bbox 3377 2897 3576 2959; x_wconf 83' lang='grc' dir='ltr'>πάντες</span> 
     </span>
    </p>
   </div>
   <div class='ocr_carea' id='block_1_70' title="bbox 1995 2971 3575 3042">
    <p class='ocr_par' dir='ltr' id='par_1_70' title="bbox 1995 2971 3575 3042">
     <span class='ocr_line' id='line_1_70' title="bbox 1995 2971 3575 3042; baseline 0.004 -19"><span class='ocrx_word' id='word_1_519' title='bbox 1995 2971 2388 3042; x_wconf 83' lang='grc' dir='ltr'>κερδαίνουσιν,</span> <span class='ocrx_word' id='word_1_520' title='bbox 2416 2972 2535 3024; x_wconf 80' lang='grc' dir='ltr'>οὐδὲ</span> <span class='ocrx_word' id='word_1_521' title='bbox 2566 2989 2900 3042; x_wconf 88' lang='grc' dir='ltr'>καρπυυνται</span> <span class='ocrx_word' id='word_1_522' title='bbox 2929 2976 3130 3039; x_wconf 84' lang='grc' dir='ltr'>πάντες</span> <span class='ocrx_word' id='word_1_523' title='bbox 3157 2992 3168 3005; x_wconf 88' lang='grc'>·</span> <span class='ocrx_word' id='word_1_524' title='bbox 3203 2978 3263 3030; x_wconf 88' lang='grc' dir='ltr'>τὸ</span> <span class='ocrx_word' id='word_1_525' title='bbox 3295 2979 3350 3031; x_wconf 86' lang='grc' dir='ltr'>δὲ</span> <span class='ocrx_word' id='word_1_526' title='bbox 3382 2981 3575 3037; x_wconf 75' lang='grc' dir='ltr'>αἴτιον,</span> 
     </span>
    </p>
   </div>
   <div class='ocr_carea' id='block_1_71' title="bbox 1995 3054 3579 3134">
    <p class='ocr_par' dir='ltr' id='par_1_71' title="bbox 1995 3054 3579 3134">
     <span class='ocr_line' id='line_1_71' title="bbox 1995 3054 3579 3134; baseline 0.007 -28"><span class='ocrx_word' id='word_1_527' title='bbox 1995 3054 2179 3126; x_wconf 81' lang='grc' dir='ltr'>ἐπειδὴ</span> <span class='ocrx_word' id='word_1_528' title='bbox 2213 3057 2348 3125; x_wconf 81' lang='grc' dir='ltr'>μήτε</span> <span class='ocrx_word' id='word_1_529' title='bbox 2377 3061 2486 3121; x_wconf 83' lang='grc' dir='ltr'>τοῖς</span> <span class='ocrx_word' id='word_1_530' title='bbox 2525 3058 2833 3128; x_wconf 81' lang='grc' dir='ltr'>εἰρημένοις</span> <span class='ocrx_word' id='word_1_531' title='bbox 2860 3059 3241 3128; x_wconf 80' lang='grc' dir='ltr'>ἐμϐαθύνουσι,</span> <span class='ocrx_word' id='word_1_532' title='bbox 3275 3064 3408 3133; x_wconf 73' lang='grc' dir='ltr'>μήτε</span> <span class='ocrx_word' id='word_1_533' title='bbox 3440 3064 3579 3134; x_wconf 77' lang='grc' dir='ltr'>μετά</span> 
     </span>
    </p>
   </div>
   <div class='ocr_carea' id='block_1_72' title="bbox 1992 3138 3580 3218">
    <p class='ocr_par' dir='ltr' id='par_1_72' title="bbox 1992 3138 3580 3218">
     <span class='ocr_line' id='line_1_72' title="bbox 1992 3138 3580 3218; baseline 0.009 -29"><span class='ocrx_word' id='word_1_534' title='bbox 1992 3138 2189 3209; x_wconf 89' lang='grc' dir='ltr'>τέχνης</span> <span class='ocrx_word' id='word_1_535' title='bbox 2215 3139 2313 3208; x_wconf 88' lang='grc' dir='ltr'>τῆς</span> <span class='ocrx_word' id='word_1_536' title='bbox 2349 3140 2580 3212; x_wconf 88' lang='grc' dir='ltr'>κιθάρας</span> <span class='ocrx_word' id='word_1_537' title='bbox 2605 3142 2867 3196; x_wconf 82' lang='grc' dir='ltr'>ἀπτονται</span> <span class='ocrx_word' id='word_1_538' title='bbox 2885 3161 2899 3173; x_wconf 73' lang='grc' dir='ltr'>ο</span> <span class='ocrx_word' id='word_1_539' title='bbox 2926 3145 3062 3216; x_wconf 83' lang='grc' dir='ltr'>ὅπερ</span> <span class='ocrx_word' id='word_1_540' title='bbox 3107 3146 3216 3216; x_wconf 82' lang='grc' dir='ltr'>γὰρ</span> <span class='ocrx_word' id='word_1_541' title='bbox 3255 3149 3348 3202; x_wconf 78' lang='grc' dir='ltr'>ἐπὶ</span> <span class='ocrx_word' id='word_1_542' title='bbox 3370 3149 3466 3218; x_wconf 91' lang='grc' dir='ltr'>τῆς</span> <span class='ocrx_word' id='word_1_543' title='bbox 3495 3167 3580 3202; x_wconf 75' lang='grc' dir='ltr'>κιο</span> 
     </span>
    </p>
   </div>
   <div class='ocr_carea' id='block_1_73' title="bbox 1995 3219 3581 3302">
    <p class='ocr_par' dir='ltr' id='par_1_73' title="bbox 1995 3219 3581 3302">
     <span class='ocr_line' id='line_1_73' title="bbox 1995 3219 3581 3302; baseline 0.008 -30"><span class='ocrx_word' id='word_1_544' title='bbox 1995 3219 2265 3290; x_wconf 84' lang='grc' dir='ltr'>θαρῳδίας</span> <span class='ocrx_word' id='word_1_545' title='bbox 2297 3224 2330 3293; x_wconf 85' lang='grc' dir='ltr'><strong>ή</strong></span> <span class='ocrx_word' id='word_1_546' title='bbox 2356 3224 2518 3293; x_wconf 83' lang='grc' dir='ltr'>τέχνη</span> <span class='ocrx_word' id='word_1_547' title='bbox 2546 3265 2560 3288; x_wconf 91' lang='grc'>,</span> <span class='ocrx_word' id='word_1_548' title='bbox 2586 3225 2742 3278; x_wconf 78' lang='grc' dir='ltr'>τοῦτο</span> <span class='ocrx_word' id='word_1_549' title='bbox 2767 3226 2859 3278; x_wconf 72' lang='grc' dir='ltr'>ἐπὶ</span> <span class='ocrx_word' id='word_1_550' title='bbox 2894 3227 3001 3280; x_wconf 91' lang='grc' dir='ltr'>τῶν</span> <span class='ocrx_word' id='word_1_551' title='bbox 3029 3229 3123 3281; x_wconf 80' lang='grc' dir='ltr'>τοῦ</span> <span class='ocrx_word' id='word_1_552' title='bbox 3148 3230 3283 3282; x_wconf 83' lang='grc' dir='ltr'>Θεοῦ</span> <span class='ocrx_word' id='word_1_553' title='bbox 3324 3233 3501 3301; x_wconf 83' lang='grc' dir='ltr'>νόμων</span> <span class='ocrx_word' id='word_1_554' title='bbox 3542 3236 3581 3302; x_wconf 78' lang='grc' dir='ltr'><strong>ἠ</strong></span> 
     </span>
    </p>
   </div>
   <div class='ocr_carea' id='block_1_74' title="bbox 1993 3302 3578 3386">
    <p class='ocr_par' dir='ltr' id='par_1_74' title="bbox 1993 3302 3578 3386">
     <span class='ocr_line' id='line_1_74' title="bbox 1993 3302 3578 3386; baseline 0.009 -31"><span class='ocrx_word' id='word_1_555' title='bbox 1993 3302 2083 3356; x_wconf 86' lang='grc' dir='ltr'>διὰ</span> <span class='ocrx_word' id='word_1_556' title='bbox 2119 3304 2228 3356; x_wconf 89' lang='grc' dir='ltr'>τῶν</span> <span class='ocrx_word' id='word_1_557' title='bbox 2261 3304 2438 3377; x_wconf 78' lang='grc' dir='ltr'>ἔργων</span> <span class='ocrx_word' id='word_1_558' title='bbox 2489 3307 2766 3375; x_wconf 79' lang='grc' dir='ltr'>ἐπίδειξις.</span> <span class='ocrx_word' id='word_1_559' title='bbox 2803 3310 2940 3381; x_wconf 87' lang='grc' dir='ltr'>Ἤδη</span> <span class='ocrx_word' id='word_1_560' title='bbox 2979 3310 3076 3381; x_wconf 83' lang='grc' dir='ltr'>μὲν</span> <span class='ocrx_word' id='word_1_561' title='bbox 3104 3309 3198 3365; x_wconf 82' lang='grc' dir='ltr'>οὖν</span> <span class='ocrx_word' id='word_1_562' title='bbox 3230 3314 3358 3384; x_wconf 86' lang='grc' dir='ltr'>μίαν</span> <span class='ocrx_word' id='word_1_563' title='bbox 3385 3315 3578 3386; x_wconf 77' lang='grc' dir='ltr'>ὲκρούο</span> 
     </span>
    </p>
   </div>
   <div class='ocr_carea' id='block_1_75' title="bbox 1997 3389 3582 3469">
    <p class='ocr_par' dir='ltr' id='par_1_75' title="bbox 1997 3389 3582 3469">
     <span class='ocr_line' id='line_1_75' title="bbox 1997 3389 3582 3469; baseline 0.009 -31"><span class='ocrx_word' id='word_1_564' title='bbox 1997 3402 2170 3456; x_wconf 90' lang='grc' dir='ltr'>σαμεν</span> <span class='ocrx_word' id='word_1_565' title='bbox 2200 3389 2397 3457; x_wconf 88' lang='grc' dir='ltr'>νευρὰν</span> <span class='ocrx_word' id='word_1_566' title='bbox 2425 3390 2491 3442; x_wconf 78' lang='grc' dir='ltr'>δι’</span> <span class='ocrx_word' id='word_1_567' title='bbox 2518 3391 2644 3460; x_wconf 82' lang='grc' dir='ltr'>ὅλης</span> <span class='ocrx_word' id='word_1_568' title='bbox 2676 3393 2774 3463; x_wconf 89' lang='grc' dir='ltr'>τῆς</span> <span class='ocrx_word' id='word_1_569' title='bbox 2799 3394 3255 3466; x_wconf 84' lang='grc' dir='ltr'>Τεσσαρακοστῆς</span> <span class='ocrx_word' id='word_1_570' title='bbox 3277 3439 3290 3458; x_wconf 86' lang='grc'>,</span> <span class='ocrx_word' id='word_1_571' title='bbox 3326 3397 3418 3450; x_wconf 77' lang='grc' dir='ltr'>τὸν</span> <span class='ocrx_word' id='word_1_572' title='bbox 3453 3415 3517 3451; x_wconf 90' lang='grc' dir='ltr'>πε</span> <span class='ocrx_word' id='word_1_573' title='bbox 3529 3401 3582 3469; x_wconf 77' lang='grc' dir='ltr'>ρὶ</span> 
     </span>
    </p>
   </div>
   <div class='ocr_carea' id='block_1_76' title="bbox 1993 3471 3582 3550">
    <p class='ocr_par' dir='ltr' id='par_1_76' title="bbox 1993 3471 3582 3550">
     <span class='ocr_line' id='line_1_76' title="bbox 1993 3471 3582 3550; baseline 0.008 -29"><span class='ocrx_word' id='word_1_574' title='bbox 1993 3471 2102 3521; x_wconf 80' lang='grc' dir='ltr'>τῶν</span> <span class='ocrx_word' id='word_1_575' title='bbox 2130 3471 2308 3541; x_wconf 79' lang='grc' dir='ltr'>ὅρκων</span> <span class='ocrx_word' id='word_1_576' title='bbox 2337 3474 2500 3542; x_wconf 84' lang='grc' dir='ltr'>νόμον</span> <span class='ocrx_word' id='word_1_577' title='bbox 2549 3475 2676 3544; x_wconf 79' lang='grc' dir='ltr'>ὑμῖν</span> <span class='ocrx_word' id='word_1_578' title='bbox 2709 3476 3195 3545; x_wconf 83' lang='grc' dir='ltr'>ἀναγινώσκοντες,</span> <span class='ocrx_word' id='word_1_579' title='bbox 3233 3481 3326 3533; x_wconf 76' lang='grc' dir='ltr'>καὶ</span> <span class='ocrx_word' id='word_1_580' title='bbox 3371 3481 3458 3535; x_wconf 87' lang='grc' dir='ltr'>διά</span> <span class='ocrx_word' id='word_1_581' title='bbox 3483 3482 3582 3550; x_wconf 80' lang='grc' dir='ltr'>τὴν</span> 
     </span>
    </p>
   </div>
   <div class='ocr_carea' id='block_1_77' title="bbox 1995 3554 3587 3636">
    <p class='ocr_par' dir='ltr' id='par_1_77' title="bbox 1995 3554 3587 3636">
     <span class='ocr_line' id='line_1_77' title="bbox 1995 3554 3587 3636; baseline 0.009 -31"><span class='ocrx_word' id='word_1_582' title='bbox 1995 3554 2089 3606; x_wconf 82' lang='grc' dir='ltr'>τοῦ</span> <span class='ocrx_word' id='word_1_583' title='bbox 2119 3555 2252 3607; x_wconf 82' lang='grc' dir='ltr'>Θεοῦ</span> <span class='ocrx_word' id='word_1_584' title='bbox 2286 3557 2446 3628; x_wconf 89' lang='grc' dir='ltr'>χάριν</span> <span class='ocrx_word' id='word_1_585' title='bbox 2499 3557 2669 3611; x_wconf 76' lang='grc' dir='ltr'>πολλὰ</span> <span class='ocrx_word' id='word_1_586' title='bbox 2715 3561 2956 3631; x_wconf 84' lang='grc' dir='ltr'>στόματα</span> <span class='ocrx_word' id='word_1_587' title='bbox 3002 3562 3110 3615; x_wconf 91' lang='grc' dir='ltr'>τῶν</span> <span class='ocrx_word' id='word_1_588' title='bbox 3140 3563 3422 3634; x_wconf 85' lang='grc' dir='ltr'>ἀκροατῶν</span> <span class='ocrx_word' id='word_1_589' title='bbox 3450 3568 3587 3636; x_wconf 65' lang='grc' dir='ltr'>ἡμῖν</span> 
     </span>
    </p>
   </div>
   <div class='ocr_carea' id='block_1_78' title="bbox 1997 3636 3582 3720">
    <p class='ocr_par' dir='ltr' id='par_1_78' title="bbox 1997 3636 3582 3720">
     <span class='ocr_line' id='line_1_78' title="bbox 1997 3636 3582 3720; baseline 0.009 -33"><span class='ocrx_word' id='word_1_590' title='bbox 1997 3636 2293 3708; x_wconf 85' lang='grc' dir='ltr'>ἐπαιδεύθη</span> <span class='ocrx_word' id='word_1_591' title='bbox 2318 3642 2417 3710; x_wconf 81' lang='grc' dir='ltr'>τὴν</span> <span class='ocrx_word' id='word_1_592' title='bbox 2455 3640 2548 3693; x_wconf 77' lang='grc' dir='ltr'>τοῦ</span> <span class='ocrx_word' id='word_1_593' title='bbox 2587 3643 2752 3713; x_wconf 86' lang='grc' dir='ltr'>νόμου</span> <span class='ocrx_word' id='word_1_594' title='bbox 2781 3644 3046 3714; x_wconf 82' lang='grc' dir='ltr'>μελῳδίαν</span> <span class='ocrx_word' id='word_1_595' title='bbox 3076 3645 3286 3699; x_wconf 85' lang='grc' dir='ltr'>ἐκείνου</span> <span class='ocrx_word' id='word_1_596' title='bbox 3316 3688 3332 3710; x_wconf 89' lang='grc'>,</span> <span class='ocrx_word' id='word_1_597' title='bbox 3367 3649 3462 3701; x_wconf 73' lang='grc' dir='ltr'>καὶ</span> <span class='ocrx_word' id='word_1_598' title='bbox 3485 3650 3582 3720; x_wconf 76' lang='grc' dir='ltr'>τὴν</span> 
     </span>
    </p>
   </div>
   <div class='ocr_carea' id='block_1_79' title="bbox 1999 3723 3583 3796">
    <p class='ocr_par' dir='ltr' id='par_1_79' title="bbox 1999 3723 3583 3796">
     <span class='ocr_line' id='line_1_79' title="bbox 1999 3723 3583 3796; baseline 0.007 -23"><span class='ocrx_word' id='word_1_599' title='bbox 1999 3723 2240 3792; x_wconf 81' lang='grc' dir='ltr'>πονηράν</span> <span class='ocrx_word' id='word_1_600' title='bbox 2276 3724 2648 3789; x_wconf 87' lang='grc' dir='ltr'>ἀπελάσαντες</span> <span class='ocrx_word' id='word_1_601' title='bbox 2701 3728 2985 3796; x_wconf 73' lang='grc' dir='ltr'>συνήθειαν</span> <span class='ocrx_word' id='word_1_602' title='bbox 3030 3730 3150 3782; x_wconf 69' lang='grc' dir='ltr'>ἀντὶ</span> <span class='ocrx_word' id='word_1_603' title='bbox 3183 3731 3277 3783; x_wconf 84' lang='grc' dir='ltr'>τοῦ</span> <span class='ocrx_word' id='word_1_604' title='bbox 3309 3732 3402 3784; x_wconf 76' lang='grc' dir='ltr'>τὸν</span> <span class='ocrx_word' id='word_1_605' title='bbox 3452 3733 3583 3786; x_wconf 73' lang='grc' dir='ltr'>Θεὲν</span> 
     </span>
    </p>
   </div>
   <div class='ocr_carea' id='block_1_80' title="bbox 1998 3805 3583 3879">
    <p class='ocr_par' dir='ltr' id='par_1_80' title="bbox 1998 3805 3583 3879">
     <span class='ocr_line' id='line_1_80' title="bbox 1998 3805 3583 3879; baseline 0.008 -23"><span class='ocrx_word' id='word_1_606' title='bbox 1998 3805 2260 3875; x_wconf 84' lang='grc' dir='ltr'>ὀμνύναι,</span> <span class='ocrx_word' id='word_1_607' title='bbox 2288 3807 2350 3859; x_wconf 86' lang='grc' dir='ltr'>τὺ</span> <span class='ocrx_word' id='word_1_608' title='bbox 2387 3808 2515 3872; x_wconf 74' lang='grc' dir='ltr'>Ναὶ,</span> <span class='ocrx_word' id='word_1_609' title='bbox 2551 3810 2731 3862; x_wconf 76' lang='grc' dir='ltr'>καὶτὸ</span> <span class='ocrx_word' id='word_1_610' title='bbox 2765 3809 2860 3875; x_wconf 87' lang='grc' dir='ltr'>Οὓ,</span> <span class='ocrx_word' id='word_1_611' title='bbox 2908 3813 3001 3864; x_wconf 75' lang='grc' dir='ltr'>καὶ</span> <span class='ocrx_word' id='word_1_612' title='bbox 3028 3813 3088 3864; x_wconf 78' lang='grc' dir='ltr'>τὸ</span> <span class='ocrx_word' id='word_1_613' title='bbox 3127 3812 3454 3879; x_wconf 85' lang='grc' dir='ltr'>Πίστευσον,</span> <span class='ocrx_word' id='word_1_614' title='bbox 3489 3817 3583 3868; x_wconf 68' lang='grc' dir='ltr'>ἐπὶ</span> 
     </span>
    </p>
   </div>
   <div class='ocr_carea' id='block_1_81' title="bbox 1997 3887 3581 3964">
    <p class='ocr_par' dir='ltr' id='par_1_81' title="bbox 1997 3887 3581 3964">
     <span class='ocr_line' id='line_1_81' title="bbox 1997 3887 3581 3964; baseline 0.007 -24"><span class='ocrx_word' id='word_1_615' title='bbox 1997 3887 2090 3940; x_wconf 78' lang='grc' dir='ltr'>τοῦ</span> <span class='ocrx_word' id='word_1_616' title='bbox 2121 3889 2386 3956; x_wconf 88' lang='grc' dir='ltr'>στόματος</span> <span class='ocrx_word' id='word_1_617' title='bbox 2421 3891 2645 3961; x_wconf 87' lang='grc' dir='ltr'>φέρουσι</span> <span class='ocrx_word' id='word_1_618' title='bbox 2678 3893 2942 3964; x_wconf 87' lang='grc' dir='ltr'>διηνεκῶς</span> <span class='ocrx_word' id='word_1_619' title='bbox 2971 3895 3064 3946; x_wconf 80' lang='grc' dir='ltr'>ἐπὶ</span> <span class='ocrx_word' id='word_1_620' title='bbox 3107 3895 3393 3960; x_wconf 79' lang='grc' dir='ltr'>διαλέξεως</span> <span class='ocrx_word' id='word_1_621' title='bbox 3437 3901 3581 3951; x_wconf 79' lang='grc' dir='ltr'>ἀπά-</span> 
     </span>
    </p>
   </div>
   <div class='ocr_carea' id='block_1_82' title="bbox 2003 3973 3585 4050">
    <p class='ocr_par' dir='ltr' id='par_1_82' title="bbox 2003 3973 3585 4050">
     <span class='ocr_line' id='line_1_82' title="bbox 2003 3973 3585 4050; baseline 0.008 -28"><span class='ocrx_word' id='word_1_622' title='bbox 2003 3987 2102 4041; x_wconf 86' lang='grc' dir='ltr'>σης</span> <span class='ocrx_word' id='word_1_623' title='bbox 2126 3987 2139 4001; x_wconf 85' lang='lat'><strong>&#39;</strong></span> <span class='ocrx_word' id='word_1_624' title='bbox 2170 3973 2272 4027; x_wconf 80' lang='grc' dir='ltr'>κᾶν</span> <span class='ocrx_word' id='word_1_625' title='bbox 2317 3974 2526 4044; x_wconf 85' lang='grc' dir='ltr'>μυρίων</span> <span class='ocrx_word' id='word_1_626' title='bbox 2559 3976 2898 4045; x_wconf 89' lang='grc' dir='ltr'>πραγμάτων</span> <span class='ocrx_word' id='word_1_627' title='bbox 2925 3979 3136 4047; x_wconf 82' lang='grc' dir='ltr'>ἀνάγκη</span> <span class='ocrx_word' id='word_1_628' title='bbox 3171 3978 3456 4050; x_wconf 81' lang='grc' dir='ltr'>βιάζηται,</span> <span class='ocrx_word' id='word_1_629' title='bbox 3491 3999 3585 4034; x_wconf 83' lang='grc' dir='ltr'>πε⁴</span> 
     </span>
    </p>
   </div>
   <div class='ocr_carea' id='block_1_83' title="bbox 2003 4055 3128 4130">
    <p class='ocr_par' dir='ltr' id='par_1_83' title="bbox 2003 4055 3128 4130">
     <span class='ocr_line' id='line_1_83' title="bbox 2003 4055 3128 4130; baseline 0.011 -25"><span class='ocrx_word' id='word_1_630' title='bbox 2003 4055 2243 4125; x_wconf 82' lang='grc' dir='ltr'>ραιτέρω</span> <span class='ocrx_word' id='word_1_631' title='bbox 2275 4058 2554 4128; x_wconf 87' lang='grc' dir='ltr'>προελθεῖν</span> <span class='ocrx_word' id='word_1_632' title='bbox 2578 4061 2676 4112; x_wconf 79' lang='grc' dir='ltr'>οὐκ</span> <span class='ocrx_word' id='word_1_633' title='bbox 2705 4059 2771 4112; x_wconf 85' lang='grc' dir='ltr'>ἂν</span> <span class='ocrx_word' id='word_1_634' title='bbox 2795 4061 3128 4130; x_wconf 80' lang='grc' dir='ltr'>ἀνάσχοιντο.</span> 
     </span>
    </p>
   </div>
   <div class='ocr_carea' id='block_1_84' title="bbox 2075 4137 3586 4221">
    <p class='ocr_par' dir='ltr' id='par_1_84' title="bbox 2075 4137 3586 4221">
     <span class='ocr_line' id='line_1_84' title="bbox 2075 4137 3586 4221; baseline 0.01 -31"><span class='ocrx_word' id='word_1_635' title='bbox 2075 4137 2139 4207; x_wconf 84' lang='grc' dir='ltr'>β’.</span> <span class='ocrx_word' id='word_1_636' title='bbox 2188 4141 2402 4211; x_wconf 78' lang='grc' dir='ltr'>Ἐπειδὴ</span> <span class='ocrx_word' id='word_1_637' title='bbox 2427 4142 2482 4194; x_wconf 86' lang='grc' dir='ltr'>δὲ</span> <span class='ocrx_word' id='word_1_638' title='bbox 2517 4144 2615 4197; x_wconf 76' lang='grc' dir='ltr'>οὐκ</span> <span class='ocrx_word' id='word_1_639' title='bbox 2644 4145 2805 4214; x_wconf 82' lang='grc' dir='ltr'>ἀρκεῖ</span> <span class='ocrx_word' id='word_1_640' title='bbox 2827 4146 2960 4217; x_wconf 75' lang='grc' dir='ltr'>πρὸς</span> <span class='ocrx_word' id='word_1_641' title='bbox 2995 4149 3265 4219; x_wconf 87' lang='grc' dir='ltr'>σωτηρίαν</span> <span class='ocrx_word' id='word_1_642' title='bbox 3294 4153 3426 4220; x_wconf 81' lang='grc' dir='ltr'>ἡμῖν</span> <span class='ocrx_word' id='word_1_643' title='bbox 3456 4153 3586 4221; x_wconf 81' lang='grc' dir='ltr'>μιᾶς</span> 
     </span>
    </p>
   </div>
   <div class='ocr_carea' id='block_1_85' title="bbox 2004 4221 3586 4306">
    <p class='ocr_par' dir='ltr' id='par_1_85' title="bbox 2004 4221 3586 4306">
     <span class='ocr_line' id='line_1_85' title="bbox 2004 4221 3586 4306; baseline 0.009 -32"><span class='ocrx_word' id='word_1_644' title='bbox 2004 4223 2223 4295; x_wconf 86' lang='grc' dir='ltr'>ἐντολῆς</span> <span class='ocrx_word' id='word_1_645' title='bbox 2253 4225 2526 4298; x_wconf 84' lang='grc' dir='ltr'>ὑποδοχὴ,</span> <span class='ocrx_word' id='word_1_646' title='bbox 2555 4229 2685 4300; x_wconf 82' lang='grc' dir='ltr'>φέρε</span> <span class='ocrx_word' id='word_1_647' title='bbox 2714 4221 3071 4300; x_wconf 76' lang='grc' dir='ltr'>τήμερον’καὶ</span> <span class='ocrx_word' id='word_1_648' title='bbox 3109 4233 3199 4285; x_wconf 79' lang='grc' dir='ltr'>ἐπὶ</span> <span class='ocrx_word' id='word_1_649' title='bbox 3225 4235 3416 4306; x_wconf 81' lang='grc' dir='ltr'>ἑτέραν</span> <span class='ocrx_word' id='word_1_650' title='bbox 3439 4237 3586 4306; x_wconf 78' lang='grc' dir='ltr'>ὑμᾶς</span> 
     </span>
    </p>
   </div>
   <div class='ocr_carea' id='block_1_86' title="bbox 2007 4308 3586 4388">
    <p class='ocr_par' dir='ltr' id='par_1_86' title="bbox 2007 4308 3586 4388">
     <span class='ocr_line' id='line_1_86' title="bbox 2007 4308 3586 4388; baseline 0.008 -29"><span class='ocrx_word' id='word_1_651' title='bbox 2007 4308 2404 4379; x_wconf 86' lang='grc' dir='ltr'>μεταγάγωμεν</span> <span class='ocrx_word' id='word_1_652' title='bbox 2437 4327 2451 4341; x_wconf 87' lang='grc'><strong>·</strong></span> <span class='ocrx_word' id='word_1_653' title='bbox 2493 4314 2587 4365; x_wconf 76' lang='grc' dir='ltr'>καὶ</span> <span class='ocrx_word' id='word_1_654' title='bbox 2614 4313 2724 4384; x_wconf 81' lang='grc' dir='ltr'>γὰρ</span> <span class='ocrx_word' id='word_1_655' title='bbox 2753 4314 2848 4366; x_wconf 73' lang='grc' dir='ltr'>καὶ</span> <span class='ocrx_word' id='word_1_656' title='bbox 2875 4315 2923 4365; x_wconf 88' lang='grc' dir='ltr'>εἰ</span> <span class='ocrx_word' id='word_1_657' title='bbox 2954 4313 3028 4384; x_wconf 78' lang='grc' dir='ltr'>μὴ</span> <span class='ocrx_word' id='word_1_658' title='bbox 3055 4316 3256 4381; x_wconf 86' lang='grc' dir='ltr'>πάντες</span> <span class='ocrx_word' id='word_1_659' title='bbox 3295 4318 3586 4388; x_wconf 80' lang='grc' dir='ltr'>κατώρθω-</span> 
     </span>
    </p>
   </div>
   <div class='ocr_carea' id='block_1_87' title="bbox 2003 4392 3586 4473">
    <p class='ocr_par' dir='ltr' id='par_1_87' title="bbox 2003 4392 3586 4473">
     <span class='ocr_line' id='line_1_87' title="bbox 2003 4392 3586 4473; baseline 0.009 -31"><span class='ocrx_word' id='word_1_660' title='bbox 2003 4406 2102 4442; x_wconf 80' lang='grc' dir='ltr'>σαν</span> <span class='ocrx_word' id='word_1_661' title='bbox 2135 4405 2156 4429; x_wconf 74' lang='grc' dir='ltr'>ιτ</span> <span class='ocrx_word' id='word_1_662' title='bbox 2217 4392 2309 4445; x_wconf 83' lang='grc' dir='ltr'>τὸν</span> <span class='ocrx_word' id='word_1_663' title='bbox 2368 4395 2632 4466; x_wconf 82' lang='grc' dir='ltr'>πρότερον</span> <span class='ocrx_word' id='word_1_664' title='bbox 2685 4397 2846 4466; x_wconf 89' lang='grc' dir='ltr'>νόμον</span> <span class='ocrx_word' id='word_1_665' title='bbox 2873 4437 2887 4458; x_wconf 84' lang='grc'>,</span> <span class='ocrx_word' id='word_1_666' title='bbox 2953 4397 3089 4451; x_wconf 85' lang='grc' dir='ltr'>ἀλλά</span> <span class='ocrx_word' id='word_1_667' title='bbox 3140 4417 3202 4468; x_wconf 92' lang='grc' dir='ltr'>γε</span> <span class='ocrx_word' id='word_1_668' title='bbox 3247 4401 3339 4453; x_wconf 78' lang='grc' dir='ltr'>τοῦ</span> <span class='ocrx_word' id='word_1_669' title='bbox 3393 4403 3586 4473; x_wconf 83' lang='grc' dir='ltr'>χρόνου</span> 
     </span>
    </p>
   </div>
   <div class='ocr_carea' id='block_1_88' title="bbox 2002 4475 3594 4552">
    <p class='ocr_par' dir='ltr' id='par_1_88' title="bbox 2002 4475 3594 4552">
     <span class='ocr_line' id='line_1_88' title="bbox 2002 4475 3594 4552; baseline 0.01 -27"><span class='ocrx_word' id='word_1_670' title='bbox 2002 4475 2279 4545; x_wconf 83' lang='grc' dir='ltr'>προϊόντος</span> <span class='ocrx_word' id='word_1_671' title='bbox 2320 4479 2447 4540; x_wconf 79' lang='grc' dir='ltr'>τοὺς</span> <span class='ocrx_word' id='word_1_672' title='bbox 2498 4479 2811 4546; x_wconf 82' lang='grc' dir='ltr'>φθάσαντας</span> <span class='ocrx_word' id='word_1_673' title='bbox 2869 4483 2917 4533; x_wconf 86' lang='grc' dir='ltr'>οί</span> <span class='ocrx_word' id='word_1_674' title='bbox 2973 4483 3369 4552; x_wconf 80' lang='grc' dir='ltr'>ὑστερήσαντες</span> <span class='ocrx_word' id='word_1_675' title='bbox 3418 4504 3594 4541; x_wconf 78' lang='grc' dir='ltr'>κατα-</span> 
     </span>
    </p>
   </div>
   <div class='ocr_carea' id='block_1_89' title="bbox 2001 4557 3589 4641">
    <p class='ocr_par' dir='ltr' id='par_1_89' title="bbox 2001 4557 3589 4641">
     <span class='ocr_line' id='line_1_89' title="bbox 2001 4557 3589 4641; baseline 0.009 -32"><span class='ocrx_word' id='word_1_676' title='bbox 2001 4557 2277 4629; x_wconf 79' lang='grc' dir='ltr'>λήψονται.</span> <span class='ocrx_word' id='word_1_677' title='bbox 2316 4562 2427 4614; x_wconf 75' lang='grc' dir='ltr'>Καὶ</span> <span class='ocrx_word' id='word_1_678' title='bbox 2458 4563 2568 4633; x_wconf 79' lang='grc' dir='ltr'>γάρ</span> <span class='ocrx_word' id='word_1_679' title='bbox 2602 4564 2792 4631; x_wconf 78' lang='grc' dir='ltr'>ἔγνων,</span> <span class='ocrx_word' id='word_1_680' title='bbox 2820 4565 2894 4628; x_wconf 86' lang='grc' dir='ltr'>ὡς</span> <span class='ocrx_word' id='word_1_681' title='bbox 2927 4567 3162 4638; x_wconf 83' lang='grc' dir='ltr'>τοσαύτη</span> <span class='ocrx_word' id='word_1_682' title='bbox 3207 4569 3301 4621; x_wconf 79' lang='grc' dir='ltr'>τοῦ</span> <span class='ocrx_word' id='word_1_683' title='bbox 3333 4569 3589 4641; x_wconf 87' lang='grc' dir='ltr'>πράγμα-</span> 
     </span>
    </p>
   </div>
   <div class='ocr_carea' id='block_1_90' title="bbox 1999 4644 3588 4719">
    <p class='ocr_par' dir='ltr' id='par_1_90' title="bbox 1999 4644 3588 4719">
     <span class='ocr_line' id='line_1_90' title="bbox 1999 4644 3588 4719; baseline 0.008 -23"><span class='ocrx_word' id='word_1_684' title='bbox 1999 4660 2092 4706; x_wconf 84' lang='grc' dir='ltr'>τος</span> <span class='ocrx_word' id='word_1_685' title='bbox 2137 4644 2343 4712; x_wconf 84' lang='grc' dir='ltr'>γίνεται</span> <span class='ocrx_word' id='word_1_686' title='bbox 2395 4647 2626 4718; x_wconf 80' lang='grc' dir='ltr'>σπουδὴ.</span> <span class='ocrx_word' id='word_1_687' title='bbox 2657 4647 2739 4719; x_wconf 79' lang='lat'>[5]</span> <span class='ocrx_word' id='word_1_688' title='bbox 2784 4649 2860 4712; x_wconf 82' lang='grc' dir='ltr'>ὡς</span> <span class='ocrx_word' id='word_1_689' title='bbox 2893 4651 2984 4702; x_wconf 75' lang='grc' dir='ltr'>καὶ</span> <span class='ocrx_word' id='word_1_690' title='bbox 3033 4651 3123 4701; x_wconf 78' lang='grc' dir='ltr'>ἐπὶ</span> <span class='ocrx_word' id='word_1_691' title='bbox 3159 4654 3334 4716; x_wconf 80' lang='grc' dir='ltr'>οἰκίας</span> <span class='ocrx_word' id='word_1_692' title='bbox 3371 4656 3464 4706; x_wconf 84' lang='grc' dir='ltr'>καὶ</span> <span class='ocrx_word' id='word_1_693' title='bbox 3496 4657 3588 4708; x_wconf 72' lang='grc' dir='ltr'>ἐπὶ</span> 
     </span>
    </p>
   </div>
   <div class='ocr_carea' id='block_1_91' title="bbox 1999 4728 3586 4807">
    <p class='ocr_par' dir='ltr' id='par_1_91' title="bbox 1999 4728 3586 4807">
     <span class='ocr_line' id='line_1_91' title="bbox 1999 4728 3586 4807; baseline 0.007 -26"><span class='ocrx_word' id='word_1_694' title='bbox 1999 4728 2278 4797; x_wconf 76' lang='grc' dir='ltr'>τραπέζης</span> <span class='ocrx_word' id='word_1_695' title='bbox 2301 4729 2526 4801; x_wconf 87' lang='grc' dir='ltr'>ἀνδράσι</span> <span class='ocrx_word' id='word_1_696' title='bbox 2553 4731 2688 4802; x_wconf 82' lang='grc' dir='ltr'>πρὸς</span> <span class='ocrx_word' id='word_1_697' title='bbox 2715 4736 2977 4799; x_wconf 83' lang='grc' dir='ltr'>γυναῖκας</span> <span class='ocrx_word' id='word_1_698' title='bbox 2996 4772 3010 4795; x_wconf 90' lang='grc'>,</span> <span class='ocrx_word' id='word_1_699' title='bbox 3042 4732 3246 4797; x_wconf 87' lang='grc' dir='ltr'>δούλοις</span> <span class='ocrx_word' id='word_1_700' title='bbox 3275 4738 3411 4807; x_wconf 82' lang='grc' dir='ltr'>πρὸς</span> <span class='ocrx_word' id='word_1_701' title='bbox 3436 4739 3586 4792; x_wconf 87' lang='grc' dir='ltr'>ἐλευ-</span> 
     </span>
    </p>
   </div>
   <div class='ocr_carea' id='block_1_92' title="bbox 2003 4809 3591 4891">
    <p class='ocr_par' dir='ltr' id='par_1_92' title="bbox 2003 4809 3591 4891">
     <span class='ocr_line' id='line_1_92' title="bbox 2003 4809 3591 4891; baseline 0.007 -29"><span class='ocrx_word' id='word_1_702' title='bbox 2003 4809 2192 4881; x_wconf 89' lang='grc' dir='ltr'>θέρους</span> <span class='ocrx_word' id='word_1_703' title='bbox 2229 4810 2461 4881; x_wconf 80' lang='grc' dir='ltr'>ἅμιλλαν</span> <span class='ocrx_word' id='word_1_704' title='bbox 2493 4809 2632 4868; x_wconf 80' lang='grc' dir='ltr'>εἶναι</span> <span class='ocrx_word' id='word_1_705' title='bbox 2668 4817 2797 4887; x_wconf 78' lang='grc' dir='ltr'>περὶ</span> <span class='ocrx_word' id='word_1_706' title='bbox 2839 4817 2939 4887; x_wconf 87' lang='grc' dir='ltr'>τῆς</span> <span class='ocrx_word' id='word_1_707' title='bbox 2963 4818 3183 4888; x_wconf 77' lang='grc' dir='ltr'>ἐντολῆς</span> <span class='ocrx_word' id='word_1_708' title='bbox 3213 4820 3416 4891; x_wconf 83' lang='grc' dir='ltr'>ταύτης</span> <span class='ocrx_word' id='word_1_709' title='bbox 3442 4861 3455 4883; x_wconf 91' lang='grc'>,</span> <span class='ocrx_word' id='word_1_710' title='bbox 3496 4825 3591 4876; x_wconf 78' lang='grc' dir='ltr'>καὶ</span> 
     </span>
    </p>
   </div>
   <div class='ocr_carea' id='block_1_93' title="bbox 2002 4895 3592 4976">
    <p class='ocr_par' dir='ltr' id='par_1_93' title="bbox 2002 4895 3592 4976">
     <span class='ocr_line' id='line_1_93' title="bbox 2002 4895 3592 4976; baseline 0.009 -30"><span class='ocrx_word' id='word_1_711' title='bbox 2002 4895 2316 4964; x_wconf 85' lang='grc' dir='ltr'>ἐμακάρισα</span> <span class='ocrx_word' id='word_1_712' title='bbox 2343 4899 2470 4961; x_wconf 75' lang='grc' dir='ltr'>τοὺς</span> <span class='ocrx_word' id='word_1_713' title='bbox 2491 4897 2663 4961; x_wconf 80' lang='grc' dir='ltr'>οὕτως</span> <span class='ocrx_word' id='word_1_714' title='bbox 2689 4900 3073 4969; x_wconf 73' lang='grc' dir='ltr'>ἑστιωμένους.</span> <span class='ocrx_word' id='word_1_715' title='bbox 3105 4905 3172 4956; x_wconf 74' lang='grc' dir='ltr'>Τί</span> <span class='ocrx_word' id='word_1_716' title='bbox 3203 4906 3312 4975; x_wconf 81' lang='grc' dir='ltr'>γὰρ</span> <span class='ocrx_word' id='word_1_717' title='bbox 3337 4906 3436 4976; x_wconf 81' lang='grc' dir='ltr'>τῆς</span> <span class='ocrx_word' id='word_1_718' title='bbox 3463 4923 3592 4976; x_wconf 82' lang='grc' dir='ltr'>τρα-</span> 
     </span>
    </p>
   </div>
   <div class='ocr_carea' id='block_1_94' title="bbox 2004 4978 3592 5060">
    <p class='ocr_par' dir='ltr' id='par_1_94' title="bbox 2004 4978 3592 5060">
     <span class='ocr_line' id='line_1_94' title="bbox 2004 4978 3592 5060; baseline 0.008 -30"><span class='ocrx_word' id='word_1_719' title='bbox 2004 4978 2174 5047; x_wconf 80' lang='grc' dir='ltr'>πέζης</span> <span class='ocrx_word' id='word_1_720' title='bbox 2211 4979 2429 5049; x_wconf 85' lang='grc' dir='ltr'>ἐκείνης</span> <span class='ocrx_word' id='word_1_721' title='bbox 2459 4980 2755 5050; x_wconf 79' lang='grc' dir='ltr'>άγιώτερον</span> <span class='ocrx_word' id='word_1_722' title='bbox 2793 4983 2988 5050; x_wconf 83' lang='grc' dir='ltr'>γένοιτ’</span> <span class='ocrx_word' id='word_1_723' title='bbox 3035 4986 3121 5049; x_wconf 85' lang='grc' dir='ltr'>ἂν,</span> <span class='ocrx_word' id='word_1_724' title='bbox 3157 4988 3283 5041; x_wconf 79' lang='grc' dir='ltr'>ἔνθα</span> <span class='ocrx_word' id='word_1_725' title='bbox 3320 4990 3457 5060; x_wconf 86' lang='grc' dir='ltr'>μέθη</span> <span class='ocrx_word' id='word_1_726' title='bbox 3495 4991 3592 5059; x_wconf 85' lang='grc' dir='ltr'>μὲν</span> 
     </span>
    </p>
   </div>
   <div class='ocr_carea' id='block_1_95' title="bbox 2005 5063 3592 5144">
    <p class='ocr_par' dir='ltr' id='par_1_95' title="bbox 2005 5063 3592 5144">
     <span class='ocr_line' id='line_1_95' title="bbox 2005 5063 3592 5144; baseline 0.008 -29"><span class='ocrx_word' id='word_1_727' title='bbox 2005 5063 2096 5115; x_wconf 79' lang='grc' dir='ltr'>καὶ</span> <span class='ocrx_word' id='word_1_728' title='bbox 2119 5063 2395 5133; x_wconf 83' lang='grc' dir='ltr'>ἀδηφαγία</span> <span class='ocrx_word' id='word_1_729' title='bbox 2429 5067 2520 5118; x_wconf 73' lang='grc' dir='ltr'>καὶ</span> <span class='ocrx_word' id='word_1_730' title='bbox 2548 5068 2695 5118; x_wconf 84' lang='grc' dir='ltr'>πᾶσα</span> <span class='ocrx_word' id='word_1_731' title='bbox 2739 5067 2948 5121; x_wconf 85' lang='grc' dir='ltr'>ἀσωτία</span> <span class='ocrx_word' id='word_1_732' title='bbox 2983 5071 3350 5142; x_wconf 80' lang='grc' dir='ltr'>ἀπελήλαται,</span> <span class='ocrx_word' id='word_1_733' title='bbox 3383 5074 3592 5144; x_wconf 84' lang='grc' dir='ltr'>θαυμα-</span> 
     </span>
    </p>
   </div>
   <div class='ocr_carea' id='block_1_96' title="bbox 2007 5146 3594 5224">
    <p class='ocr_par' dir='ltr' id='par_1_96' title="bbox 2007 5146 3594 5224">
     <span class='ocr_line' id='line_1_96' title="bbox 2007 5146 3594 5224; baseline 0.009 -27"><span class='ocrx_word' id='word_1_734' title='bbox 2007 5146 2104 5215; x_wconf 74' lang='grc' dir='ltr'>στὴ</span> <span class='ocrx_word' id='word_1_735' title='bbox 2126 5146 2182 5198; x_wconf 88' lang='grc' dir='ltr'>δέ</span> <span class='ocrx_word' id='word_1_736' title='bbox 2207 5165 2289 5210; x_wconf 85' lang='grc' dir='ltr'>τις</span> <span class='ocrx_word' id='word_1_737' title='bbox 2316 5149 2786 5217; x_wconf 79' lang='grc' dir='ltr'>ἀντεισενήνεκται</span> <span class='ocrx_word' id='word_1_738' title='bbox 2813 5153 2940 5222; x_wconf 73' lang='grc' dir='ltr'>περὶ</span> <span class='ocrx_word' id='word_1_739' title='bbox 2966 5154 3063 5223; x_wconf 89' lang='grc' dir='ltr'>τῆς</span> <span class='ocrx_word' id='word_1_740' title='bbox 3095 5156 3340 5224; x_wconf 79' lang='grc' dir='ltr'>φυλακῆς</span> <span class='ocrx_word' id='word_1_741' title='bbox 3363 5157 3468 5210; x_wconf 88' lang='grc' dir='ltr'>τῶν</span> <span class='ocrx_word' id='word_1_742' title='bbox 3500 5157 3594 5211; x_wconf 79' lang='grc' dir='ltr'>τοῦ</span> 
     </span>
    </p>
   </div>
   <div class='ocr_carea' id='block_1_97' title="bbox 2004 5227 3594 5315">
    <p class='ocr_par' dir='ltr' id='par_1_97' title="bbox 2004 5227 3594 5315">
     <span class='ocr_line' id='line_1_97' title="bbox 2004 5227 3594 5315; baseline 0.009 -33"><span class='ocrx_word' id='word_1_743' title='bbox 2004 5227 2138 5282; x_wconf 81' lang='grc' dir='ltr'>Θεοῦ</span> <span class='ocrx_word' id='word_1_744' title='bbox 2180 5231 2361 5300; x_wconf 90' lang='grc' dir='ltr'>νόμων</span> <span class='ocrx_word' id='word_1_745' title='bbox 2388 5231 2613 5301; x_wconf 75' lang='grc' dir='ltr'>ἅμιλλα,</span> <span class='ocrx_word' id='word_1_746' title='bbox 2653 5234 2746 5286; x_wconf 81' lang='grc' dir='ltr'>καὶ</span> <span class='ocrx_word' id='word_1_747' title='bbox 2802 5243 3111 5308; x_wconf 87' lang='grc' dir='ltr'>παρατηρεῖ</span> <span class='ocrx_word' id='word_1_748' title='bbox 3158 5241 3256 5310; x_wconf 79' lang='grc' dir='ltr'>μὲν</span> <span class='ocrx_word' id='word_1_749' title='bbox 3307 5242 3446 5313; x_wconf 73' lang='grc' dir='ltr'>ἀνὴρ</span> <span class='ocrx_word' id='word_1_750' title='bbox 3495 5244 3594 5315; x_wconf 78' lang='grc' dir='ltr'>τὴν</span> 
     </span>
    </p>
   </div>
   <div class='ocr_carea' id='block_1_98' title="bbox 2005 5319 3595 5399">
    <p class='ocr_par' dir='ltr' id='par_1_98' title="bbox 2005 5319 3595 5399">
     <span class='ocr_line' id='line_1_98' title="bbox 2005 5319 3595 5399; baseline 0.009 -31"><span class='ocrx_word' id='word_1_751' title='bbox 2005 5320 2237 5385; x_wconf 90' lang='grc' dir='ltr'>γυναῖκα</span> <span class='ocrx_word' id='word_1_752' title='bbox 2267 5359 2280 5380; x_wconf 89' lang='grc'>,</span> <span class='ocrx_word' id='word_1_753' title='bbox 2325 5319 2474 5381; x_wconf 82' lang='grc' dir='ltr'>ὅπως</span> <span class='ocrx_word' id='word_1_754' title='bbox 2525 5323 2603 5381; x_wconf 82' lang='grc' dir='ltr'>εἰς</span> <span class='ocrx_word' id='word_1_755' title='bbox 2636 5320 2704 5372; x_wconf 72' lang='grc' dir='ltr'>τά</span> <span class='ocrx_word' id='word_1_756' title='bbox 2752 5326 2848 5390; x_wconf 86' lang='grc' dir='ltr'>τῆς</span> <span class='ocrx_word' id='word_1_757' title='bbox 2885 5326 3164 5396; x_wconf 82' lang='grc' dir='ltr'>ἐπιορκίας</span> <span class='ocrx_word' id='word_1_758' title='bbox 3195 5329 3462 5396; x_wconf 86' lang='grc' dir='ltr'>μηδέποτε</span> <span class='ocrx_word' id='word_1_759' title='bbox 3496 5330 3595 5399; x_wconf 83' lang='grc' dir='ltr'>ἐμ·-</span> 
     </span>
    </p>
   </div>
   <div class='ocr_carea' id='block_1_99' title="bbox 2008 5400 3597 5482">
    <p class='ocr_par' dir='ltr' id='par_1_99' title="bbox 2008 5400 3597 5482">
     <span class='ocr_line' id='line_1_99' title="bbox 2008 5400 3597 5482; baseline 0.01 -31"><span class='ocrx_word' id='word_1_760' title='bbox 2008 5400 2149 5474; x_wconf 82' lang='grc' dir='ltr'>πέσῃ</span> <span class='ocrx_word' id='word_1_761' title='bbox 2203 5401 2487 5472; x_wconf 80' lang='grc' dir='ltr'>βάραθρα,</span> <span class='ocrx_word' id='word_1_762' title='bbox 2525 5403 2781 5471; x_wconf 85' lang='grc' dir='ltr'>φυλάττει</span> <span class='ocrx_word' id='word_1_763' title='bbox 2813 5405 2868 5458; x_wconf 78' lang='grc' dir='ltr'>δὲ</span> <span class='ocrx_word' id='word_1_764' title='bbox 2916 5409 3050 5480; x_wconf 83' lang='grc' dir='ltr'>γυνὴ</span> <span class='ocrx_word' id='word_1_765' title='bbox 3103 5411 3195 5462; x_wconf 79' lang='grc' dir='ltr'>τὸν</span> <span class='ocrx_word' id='word_1_766' title='bbox 3245 5411 3450 5482; x_wconf 81' lang='grc' dir='ltr'>ἄνδρα.</span> <span class='ocrx_word' id='word_1_767' title='bbox 3501 5413 3597 5468; x_wconf 65' lang='grc' dir='ltr'>καὶ</span> 
     </span>
    </p>
   </div>
   <div class='ocr_carea' id='block_1_100' title="bbox 2007 5484 3596 5566">
    <p class='ocr_par' dir='ltr' id='par_1_100' title="bbox 2007 5484 3596 5566">
     <span class='ocr_line' id='line_1_100' title="bbox 2007 5484 3596 5566; baseline 0.006 -28"><span class='ocrx_word' id='word_1_768' title='bbox 2007 5484 2271 5554; x_wconf 85' lang='grc' dir='ltr'>καταδίκη</span> <span class='ocrx_word' id='word_1_769' title='bbox 2309 5486 2387 5555; x_wconf 81' lang='grc' dir='ltr'>τῷ</span> <span class='ocrx_word' id='word_1_770' title='bbox 2421 5487 2726 5557; x_wconf 79' lang='grc' dir='ltr'>παραΰάντι</span> <span class='ocrx_word' id='word_1_771' title='bbox 2765 5493 2940 5544; x_wconf 85' lang='grc' dir='ltr'>κεῖται</span> <span class='ocrx_word' id='word_1_772' title='bbox 2988 5495 3216 5566; x_wconf 87' lang='grc' dir='ltr'>μεγίστη</span> <span class='ocrx_word' id='word_1_773' title='bbox 3242 5512 3255 5524; x_wconf 89' lang='grc'><strong>·</strong></span> <span class='ocrx_word' id='word_1_774' title='bbox 3291 5497 3390 5550; x_wconf 78' lang='grc' dir='ltr'>οὐκ</span> <span class='ocrx_word' id='word_1_775' title='bbox 3438 5498 3596 5550; x_wconf 74' lang='grc' dir='ltr'>ἐπαι-</span> 
     </span>
    </p>
   </div>
   <div class='ocr_carea' id='block_1_101' title="bbox 2012 5567 3596 5653">
    <p class='ocr_par' dir='ltr' id='par_1_101' title="bbox 2012 5567 3596 5653">
     <span class='ocr_line' id='line_1_101' title="bbox 2012 5567 3596 5653; baseline 0.011 -35"><span class='ocrx_word' id='word_1_776' title='bbox 2012 5567 2258 5639; x_wconf 88' lang='grc' dir='ltr'>σχύνεται</span> <span class='ocrx_word' id='word_1_777' title='bbox 2292 5568 2347 5622; x_wconf 81' lang='grc' dir='ltr'>δὲ</span> <span class='ocrx_word' id='word_1_778' title='bbox 2375 5570 2494 5622; x_wconf 74' lang='grc' dir='ltr'>οὐδὲ</span> <span class='ocrx_word' id='word_1_779' title='bbox 2522 5571 2627 5623; x_wconf 74' lang='grc' dir='ltr'>ὑπὸ</span> <span class='ocrx_word' id='word_1_780' title='bbox 2652 5571 2758 5624; x_wconf 81' lang='grc' dir='ltr'>τῶν</span> <span class='ocrx_word' id='word_1_781' title='bbox 2788 5574 2986 5627; x_wconf 72' lang='grc' dir='ltr'>δούλων</span> <span class='ocrx_word' id='word_1_782' title='bbox 3024 5579 3050 5630; x_wconf 84' lang='grc' dir='ltr'><em>ὁ</em></span> <span class='ocrx_word' id='word_1_783' title='bbox 3086 5577 3352 5650; x_wconf 79' lang='grc' dir='ltr'>δεσπότης</span> <span class='ocrx_word' id='word_1_784' title='bbox 3381 5578 3596 5653; x_wconf 64' lang='grc' dir='ltr'>ἐλέγχε-</span> 
     </span>
    </p>
   </div>
   <div class='ocr_carea' id='block_1_102' title="bbox 2084 5705 2914 5774">
    <p class='ocr_par' dir='ltr' id='par_1_102' title="bbox 2084 5705 2914 5774">
     <span class='ocr_line' id='line_1_102' title="bbox 2084 5705 2914 5774; baseline 0.004 -20"><span class='ocrx_word' id='word_1_785' title='bbox 2084 5708 2104 5735; x_wconf 71' lang='grc' dir='ltr'>τ</span> <span class='ocrx_word' id='word_1_786' title='bbox 2131 5705 2252 5769; x_wconf 75' lang='lat' dir='ltr'>Reg.</span> <span class='ocrx_word' id='word_1_787' title='bbox 2278 5707 2444 5763; x_wconf 77' lang='grc' dir='ltr'>πάντες</span> <span class='ocrx_word' id='word_1_788' title='bbox 2461 5710 2572 5770; x_wconf 77' lang='grc' dir='ltr'>ἡμῖν</span> <span class='ocrx_word' id='word_1_789' title='bbox 2595 5712 2914 5774; x_wconf 69' lang='grc' dir='ltr'>κατώρθωσαν</span> 
     </span>
    </p>
   </div>
  </div>
