4010 6342
312 363 409 417 ΙΤ
1060 362 1146 418 DE
1187 362 1419 419 DECEM
1458 362 1746 419 MILLIUM
1788 358 2083 415 TALENT.
2134 360 2477 416 DElilTORE
2516 358 2825 415 HOMILIA.
3478 348 3562 403 18‘

942 548 3555 574 MM

1562 919 1669 995 IN

1755 919 2347 994 PARABOLAM

322 1218 533 1264 DECEM
574 1216 834 1262 ιιιιιιωι
868 1216 1291 1264 TALENTORUM
1332 1219 1693 1275 DEBITORIS,
1742 1220 1817 1261 ΕΤ
1856 1218 2103 1263 CENTL'M
2154 1220 2463 1263 DENARIOS
2503 1220 2856 1278 EXJGENTIS,
2898 1221 2977 1265 ET
3020 1221 3193 1275 QUOD
3230 1218 3383 1265 OMNI
3421 1220 3567 1265 PEC-

740 1322 900 1367 ca'ro
940 1321 1254 1367 DE‘I‘ERIOR
1294 1325 1387 1368 sn‘
1428 1324 1813 1367 INJL’RIARUM
1854 1322 2244 1367 ltECOItDATlO
2283 1305 2544 1384 (Matth.
2599 1304 2691 1366 18.
2734 1303 2834 1380 23,
2869 1325 3003 1386 sqq.
3044 1307 3150 1387 (α).

344 1832 395 1883 1.
415 1829 529 1885 Sibi
539 1831 747 1883 emorbo
764 1828 1393 1899 convaluisse'gralulalur;
1414 1827 1609 1881 dilectio
1628 1844 1901 1894 numquam

290 1923 606 1976 satiatur.—
628 1921 788 1989 Quasi
820 1937 885 1976 ex
935 1921 1218 1991 IOnginqua
1256 1920 1683 1991 peregrinatione
1711 1921 1775 1974 ad
1806 1936 1900 1974 vos

292 2028 551 2069 reversus
580 2029 777 2077 essem,
822 2013 892 2067 ita
940 2028 1025 2067 me
1057 2012 1215 2066 hodie
1248 2011 1495 2067 affectum
1523 2012 1697 2066 svntio
1728 2030 1739 2065 :
1777 2028 1897 2066 cum

298 2105 450 2160 enim
475 2105 677 2160 nullum
709 2105 1002 2159 amicorum
1024 2104 1358 2158 consortium
1385 2118 1505 2158 esse
1532 2112 1736 2173 potest,
1768 2104 1899 2158 nihil

292 2200 571 2255 commodi
619 2199 771 2255 affert
827 2215 1013 2254 eorum
1065 2199 1371 2268 praesentia.
1402 2197 1755 2266 Quamobrem
1800 2212 1898 2251 nos

292 2293 387 2361 qui
442 2291 590 2346 domi
647 2290 996 2345 versahamur
1053 2304 1278 2360 peregre
1330 2289 1664 2343 versantibus
1732 2286 1899 2342 nihi’o

297 2383 403 2438 hac
457 2384 507 2436 in
542 2390 696 2452 parte
746 2382 1014 2437 feliciores
1042 2380 1240 2435 fuimus
1273 2395 1286 2433 :
1326 2380 1574 2444 nimirum
1609 2379 1697 2448 qui
1741 2393 1899 2447 supe-

296 2476 445 2529 riore
500 2486 742 2542 tempore
771 2474 915 2528 nulla
950 2473 1227 2528 vobiscum
1263 2473 1527 2543 colloquia
1567 2471 1766 2527 habere
1805 2488 1898 2541 po-

296 2565 545 2619 tuimus:
588 2566 682 2620 sed
727 2566 902 2620 danda
951 2576 1034 2621 est
1081 2565 1257 2631 venia,
1291 2580 1412 2618 cum
1464 2564 1592 2619 illud
1619 2581 1724 2617 non
1754 2564 1897 2618 iuer-

294 2658 408 2721 tize,
458 2657 554 2713 sed
607 2659 934 2712 infirmitatis
976 2658 1247 2713 silentium
1310 2656 1491 2712 fuerit.
1542 2656 1894 2713 Gratulamini

294 2749 459 2818 igitur
512 2764 600 2804 me
645 2749 711 2802 ab
764 2765 824 2804 ea
871 2750 1178 2803 inlirmitate
1225 2747 1586 2813 convaluisse,
1642 2763 1742 2817 ego
1768 2764 1895 2802 vero

299 2841 535 2911 gaudeo,
580 2842 722 2911 quod
766 2857 863 2896 vos
916 2842 1222 2896 carissimos
1250 2841 1380 2895 mihi
1408 2838 1739 2910 recuperavi.
1769 2839 1897 2894 Erat

294 2930 429 2985 mihi
471 2932 609 2985 inter
661 2931 1026 3001 aegrotandum
1082 2934 1198 3001 ipso
1244 2932 1433 2986 morbo
1472 2932 1722 3000 gravius,
1753 2932 1893 3001 quod

297 3023 460 3093 hujus
504 3023 685 3079 dilecti
730 3033 902 3079 curtus
950 3025 1214 3093 particeps
1266 3038 1385 3078 esse
1436 3038 1541 3077 non
1614 3033 1889 3091 poteram:

291 3132 439 3171 nunc
477 3133 605 3171 vero
648 3118 888 3171 restituta
938 3114 1268 3180 valetudine,
1317 3116 1428 3185 ipsa
1482 3117 1706 3170 sanitate
1764 3116 1892 3170 mihi

292 3208 580 3279 optabilius
623 3219 739 3276 est,
778 3209 919 3279 quod
974 3219 1165 3264 vestrae
1194 3209 1429 3263 caritatis
1457 3207 1661 3262 delicris
1694 3207 1893 3279 perfrui

291 3318 485 3358 secure
513 3301 689 3357 liceat.
748 3301 862 3356 Non
889 3302 1031 3357 enim
1062 3301 1223 3355 febris
1242 3311 1444 3354 tantum
1466 3301 1709 3355 ardorem
1742 3300 1893 3355 inve-

291 3392 372 3446 l’tit
412 3391 830 3446 febricitantium
884 3391 1216 3460 corporibus,
1269 3400 1523 3459 quantum
1550 3389 1743 3443 animis
1797 3405 1893 3443 no-

290 3484 421 3537 stris
448 3482 743 3536 amicorum
774 3483 1072 3536 absentium
1106 3480 1450 3544 desiderium,
1479 3490 1532 3533 et
1568 3480 1714 3533 utilli
1738 3479 1890 3550 phia-

290 3574 371 3627 las
415 3580 470 3626 et
514 3573 704 3643 pocula
745 3585 798 3626 et
832 3571 1051 3641 frigidos
1101 3572 1298 3637 fontes,
1354 3572 1423 3625 ita
1464 3571 1548 3624 isti
1593 3571 1888 3625 amicorum

290 3664 475 3718 vultus
506 3673 784 3733 exoptant.
810 3662 1017 3719 Norunt
1046 3663 1120 3717 illi
1146 3665 1235 3733 qui
1272 3678 1452 3717 amare
1479 3675 1886 3717 consueverunt.

289 3756 403 3825 Age
450 3755 612 3825 igitur
664 3755 877 3825 quando
930 3756 1171 3809 morbum
1232 3753 1607 3824 deposuimus,
1662 3753 1887 3807 invicem

287 3849 621 3917 extilt-amur,
678 3850 720 3903 si
771 3848 929 3903 modo
962 3846 1075 3902 fieri
1106 3849 1278 3913 liceat,
1318 3856 1373 3900 ιιι
1412 3846 1499 3901 hic
1536 3846 1696 3900 ullam
1724 3848 1888 3899 satie-

288 3950 453 3995 tatem
487 3941 851 4004 inveniamus;
882 3940 1180 3994 dilectioais
1208 3941 1348 3993 enim
1376 3948 1561 3994 natura
1590 3940 1885 3992 satietatem

286 4047 394 4083 non
429 4033 596 4095 novit,
642 4039 695 4084 et
737 4046 801 4085 ex
849 4046 947 4084 usu
994 4030 1240 4083 amicitia:
1268 4029 1495 4097 majores
1517 4028 1757 4082 flammas
1794 4043 1886 4082 ac-

286 4123 416 4193 cipit
452 4142 465 4177 :
492 4122 633 4193 quod
657 4123 770 4192 ipse
800 4123 1043 4177 alumnus
1071 4121 1370 4177 dilectionis
1413 4121 1606 4175 Paulus
1636 4128 1884 4175 testatum

285 4216 537 4283 reliquit,
587 4214 677 4284 qui
732 4216 801 4269 ita
844 4214 1015 4269 dixit:
1042 4211 1193 4267 Nulli
1217 4215 1490 4284 quidquam
1517 4214 1757 4277 debeatis,
1788 4214 1887 4267 nisi

282 4314 342 4358 ut
380 4307 588 4359 invicem
618 4306 840 4375 diligatis
870 4306 1045 4373 (Rom.
1078 4305 1166 4359 i5.
1191 4304 1269 4374 8).
1300 4304 1428 4357 Illud
1478 4305 1621 4358 enim
1648 4304 1884 4357 debitum

284 4413 504 4466 semper
528 4398 740 4467 quidem
785 4397 1060 4459 fundatur,
1091 4413 1379 4468 numquam
1429 4406 1605 4450 autem
1638 4397 1877 4451 solvitur.

284 4487 386 4543 Hic
442 4497 698 4558 perpetuo
742 4489 941 4543 debere
975 4489 1254 4558 pulchrum
1285 4497 1398 4552 est,
1447 4498 1501 4542 ct
1530 4489 1579 4542 in
1607 4488 1760 4542 laude
1787 4504 1882 4556 po-

283 4582 472 4634 situm.
518 4578 574 4634 In
610 4597 668 4637 re
720 4583 1023 4650 pecuniaria
1074 4585 1199 4648 eos’,
1253 4584 1342 4650 qui
1374 4599 1479 4636 non
1506 4582 1737 4648 debent,
1772 4583 1882 4635 latt-

281 4670 493 4729 dandos
535 4687 781 4744 putamus
814 4691 828 4728 :
863 4676 913 4729 in
936 4676 1220 4730 dilectione
1260 4692 1389 4729 vero
1419 4687 1702 4745 perpetuos
1734 4674 1883 4730 debi-

291 4777 441 4819 tores
473 4766 759 4835 probamus
804 4776 857 4821 et
882 4768 1210 4822 admiramur
1243 4786 1255 4821 :
1288 4777 1341 4822 et
1369 4769 1509 4837 qttod
1540 4769 1608 4823 ibi
1636 4769 1881 4839 maligni-

286 4858 433 4919 tatis,
464 4857 550 4910 hie
592 4858 934 4928 benignitatis
985 4860 1192 4930 signum
1240 4868 1341 4924 est,
1375 4868 1432 4913 ut
1479 4860 1682 4914 scilicet
1721 4877 1879 4914 mun-

282 4965 446 5016 qnam
498 4949 735 5005 solvatur
781 4951 1020 5005 caritatis
1088 4952 1349 5007 debitum.
1402 4951 1480 5006 Ne
1525 4968 1668 5020 :egre
1698 4952 1880 5006 feratis

284 5039 646 5106 prolixitatem
691 5044 949 5096 orationis
997 5041 1188 5096 futura:
1233 5059 1247 5097 :
1296 5042 1694 5098 citharoedicam
1736 5046 1876 5096 enim

280 5129 573 5182 melodiam
594 5145 819 5200 eamque
833 5132 1198 5186 admirabilem
1228 5148 1325 5187 vos
1346 5133 1571 5198 docebo,
1604 5149 1708 5187 non
1732 5150 1879 5187 mor-

281 5230 429 5273 tuam
462 5221 630 5291 lyram
672 5224 1027 5289 attrectattdo,
1062 5224 1154 5280 sed
1200 5223 1594 5294 Scripturarum
1628 5226 1878 5279 ltistorats

278 5323 337 5366 et
368 5308 465 5366 Dei
508 5324 774 5385 pra-cepta
808 5330 903 5384 pro
935 5319 1112 5372 nervis
1154 5317 1499 5372 intendenda.
1527 5316 1595 5372 Et
1622 5316 1881 5388 quemad-

278 5405 501 5459 modum
546 5407 829 5462 citharoedi
870 5411 1094 5478 arreptis
1119 5409 1497 5480 discipulorum
1520 5410 1715 5479 digitis,
1749 5424 1876 5479 pau-

280 5495 433 5546 latim
480 5508 576 5549 eos
620 5495 838 5554 chordis
889 5499 1235 5555 admoventes
1288 5502 1649 5555 assuefaciunt
1710 5502 1876 5569 perite

274 5598 638 5655 contrectare,
682 5600 739 5645 et
782 5604 847 5646 ex
901 5594 1060 5648 mutis
1086 5595 1229 5648 tonis
1268 5608 1331 5649 ac
1358 5597 1537 5651 nervis
1567 5597 1711 5650 omni
1738 5608 1873 5650 sono

276 5683 587 5735 suaviorem
637 5680 1003 5739 etdulciercm
1033 5696 1218 5740 vocem
1254 5688 1500 5743 emittere
1534 5684 1767 5743 docent:
1793 5687 1865 5739 ita

344 5792 420 5857 (rt)
434 5793 615 5846 collata
638 5810 745 5847 cum
762 5791 934 5856 Codice
960 5797 1109 5861 Regio
1131 5796 1247 5851 1967
1274 5808 1329 5888 et
1345 5816 1457 5853 cum
1476 5801 1764 5853 Coisliuiauo
1781 5798 1891 5856 ξιι.

2011 1842 2108 1880 nos
2136 1842 2350 1897 quoque
2372 1825 2625 1880 faciemus
2644 1867 2659 1890 ,
2689 1834 2744 1881 et
2770 1825 2888 1880 loco
2913 1826 3207 1896 digitorum
3224 1832 3454 1880 mentem
3504 1841 3597 1878 vc-

2005 1929 2167 1973 stram
2190 1926 2537 1973 attrectantes
2586 1920 2864 1988 praeceptis
2909 1915 3000 1973 Dei
3026 1916 3469 1981 admovebimus,
3511 1918 3596 1988 ju-

2006 2010 2351 2079 bebimusque
2402 2025 2465 2063 ea
2516 2010 2649 2064 scite
2693 2018 2749 2064 ct
2777 2008 3050 2080 eleganter
3083 2008 3364 2080 attingere,
3397 2022 3504 2064 non
3534 2021 3593 2064 ιιι

2006 2102 2278 2158 hominum
2308 2102 2573 2159 theatrum
2595 2146 2609 2170 ,
2640 2103 2734 2158 sed
2778 2110 2833 2157 ut
2862 2104 3172 2173 angelorum
3209 2101 3461 2172 populum
3499 2114 3598 2172 per

2008 2193 2143 2248 hanc
2169 2193 2494 2264 voluptatem
2524 2193 2788 2249 excitetis.
2816 2192 2933 2248 Non
2961 2193 3102 2249 enim
3140 2193 3274 2249 satis
3298 2202 3381 2249 est
3415 2194 3458 2248 si
3482 2192 3600 2247 elo.

2003 2286 2123 2355 quia
2169 2285 2343 2340 divina
2387 2301 2722 2356 percenseas,
2751 2285 2853 2341 nisi
2892 2300 2955 2340 ea
3000 2300 3213 2356 quoque
3247 2286 3406 2341 rebus
3452 2300 3590 2357 prte-

2002 2386 2110 2432 stes
2154 2388 2252 2432 :et
2288 2378 2738 2449 quemadmodum
2782 2380 2833 2433 in
2886 2378 3089 2433 cithara
3143 2393 3340 2434 nervos
3381 2378 3594 2445 attingit

2003 2468 2220 2535 artifex,
2272 2470 2482 2540 attingit
2520 2486 2731 2541 quoque
2768 2478 2819 2525 et
2849 2469 3157 2538 imperitus,
3182 2484 3369 2524 verum
3410 2470 3504 2536 ita,
3536 2480 3594 2525 ut

2003 2563 2101 2617 iste
2145 2562 2441 2617 auditorem
2488 2572 2665 2628 vexet,
2707 2564 2792 2617 ille
2837 2563 3199 2632 voluptatibus
3246 2570 3301 2617 et
3359 2562 3592 2617 obieeta-

2004 2658 2145 2709 lione
2174 2655 2396 2725 repleat,
2446 2657 2545 2710 etsi
2577 2657 2857 2726 utrobique
2901 2656 3139 2725 ejusdem
3183 2655 3395 2725 generis
3443 2655 3593 2723 digiti

2002 2754 2055 2800 et
2122 2746 2280 2802 iidem
2336 2750 2483 2802 nervi
2534 2749 2681 2814 sint,
2735 2746 2829 2803 sed
2874 2765 2980 2803 non
3024 2748 3210 2803 eadem
3254 2747 3486 2817 peritia:
3521 2748 3594 2801 ita

2000 2853 2213 2906 quoque
2254 2838 2304 2891 in
2349 2839 2517 2892 sacris
2565 2840 2890 2908 Scripturis,
2956 2838 3106 2892 multi
3148 2837 3347 2892 adeunt
3384 2838 3591 2908 eloquia

2000 2927 2208 2994 divina,
2263 2928 2356 2983 sed
2408 2943 2514 2983 non
2558 2945 2745 2985 omnes
2789 2930 2991 2984 lucrum
3043 2929 3166 2983 inde
3209 2929 3444 2994 faciunt,
3495 2935 3589 2981 aut

2001 3020 2226 3076 fructum
2280 3020 2551 3088 referunt;
2591 3023 2643 3077 in
2690 3038 2849 3078 causa
2895 3032 2996 3086 est,
3050 3022 3190 3091 quod
3232 3036 3403 3091 neque
3447 3019 3589 3075 dicta

2000 3115 2129 3168 satis
2173 3123 2495 3179 scrutentur,
2528 3130 2702 3186 neque
2746 3131 2865 3169 cum
2909 3112 3136 3169 artificio
3168 3114 3426 3169 citharam
3467 3112 3586 3183 pul-

1998 3216 2117 3261 sent
2150 3206 2328 3276 :quod
2380 3208 2521 3261 enim
2570 3208 2621 3262 in
2667 3222 2724 3262 re
2766 3206 3108 3261 citharcedica
3152 3221 3260 3270 ars,
3291 3206 3389 3260 hoc
3417 3206 3589 3275 ipsum

1999 3298 2052 3352 in
2107 3297 2199 3351 Dei
2246 3297 2448 3369 legibus
2501 3314 2721 3369 operum
2752 3297 3028 3352 exbibitio.
3066 3296 3174 3351 Nos
3221 3306 3397 3351 autem
3426 3312 3584 3351 unam

1997 3387 2251 3442 chordam
2282 3389 2609 3458 pulsavimus
2641 3404 2735 3459 per
2754 3398 2919 3443 tmam
2946 3388 3428 3459 quadragesimum,
3458 3388 3585 3442 dum

1998 3479 2168 3549 legem
2219 3480 2369 3534 vobis
2408 3479 2474 3534 de
2500 3482 2818 3550 juramentis
2862 3482 3220 3549 recitavimus,
3262 3489 3317 3536 et
3347 3481 3436 3535 Dei
3464 3493 3587 3551 gra-

1999 3572 2068 3625 tia
2126 3573 2371 3628 effectum
2417 3581 2535 3639 est,
2587 3582 2644 3627 ut
2691 3574 2945 3643 pleraque
2994 3573 3295 3627 auditorum
3351 3585 3383 3627 a
3430 3573 3587 3626 nobis

1997 3680 2087 3718 ora
2125 3666 2175 3718 in
2230 3664 2328 3719 hac
2382 3664 2510 3735 legis
2566 3665 2793 3720 melodia
2821 3664 2891 3720 ita
2929 3666 3165 3720 instituta
3214 3666 3340 3731 sint,
3392 3671 3448 3717 ut
3487 3665 3583 3718 dc-

1996 3759 2144 3827 pulsa
2196 3774 2351 3828 prava
2400 3758 2807 3820 consuetudine,
2841 3773 2936 3828 pro
2960 3775 3024 3812 eo
3060 3757 3201 3827 quod
3232 3766 3385 3811 antea
3417 3754 3585 3810 Deum

1989 3850 2261 3919 jurabant,
2284 3852 2392 3920 jam
2423 3851 2550 3905 nihil
2577 3851 2676 3905 nisi
2705 3848 2819 3915 Est,
2850 3849 2963 3904 Non
2995 3857 3105 3915 est,
3134 3859 3193 3905 et
3230 3847 3401 3903 Crede
3430 3846 3582 3912 mihi,

1994 3944 2045 3995 in
2080 3943 2253 4012 Lngua
2283 3958 2374 3997 saa
2421 3942 2820 4008 circumferant,
2856 3943 3013 4013 idque
3042 3942 3096 3997 iu
3120 3942 3262 3996 omni
3289 3942 3579 4012 colloquio,

1991 4037 2125 4091 adeo
2157 4045 2213 4090 ut
2254 4038 2390 4093 inter
2432 4037 2574 4091 mille
2604 4039 2937 4107 negotiorum
2991 4036 3338 4091 necessitates
3360 4035 3581 4090 ulterius

1992 4130 2237 4199 progredi
2268 4145 2370 4184 neu
2399 4131 2715 4185 sustineant.

2060 4222 2399 4277 2.Ca-terum
2430 4223 2549 4292 quia
2594 4239 2698 4276 nou
2730 4221 2925 4277 sufficit
2976 4221 3040 4275 ad
3070 4221 3313 4284 salutem,
3346 4221 3389 4274 si
3418 4238 3578 4275 unum

1991 4326 2312 4383 prteceptum
2353 4315 2719 4377 observemus,
2768 4329 2865 4383 age
2916 4329 3011 4366 vos
3054 4312 3213 4365 hodie
3257 4312 3322 4365 ad
3352 4312 3577 4366 alterum

1990 4406 2327 4459 traducamus
2374 4407 2521 4460 :etsi
2568 4405 2710 4459 enim
2762 4421 2867 4459 non
2917 4420 3102 4458 omnes
3145 4404 3478 4473 profecerunt
3528 4404 3578 4456 in

1988 4498 2167 4567 priore
2216 4498 2368 4567 lege,
2419 4508 2653 4550 attamen
2708 4496 2962 4566 temporis
3000 4510 3286 4565 progressu
3316 4495 3404 4563 qui
3434 4503 3579 4547 retro

1990 4598 2298 4643 manserunt
2345 4605 2460 4656 eos,
2510 4590 2599 4657 qui
2651 4587 2979 4658 praecedunt,
3028 4598 3401 4654 assequentur.
3471 4582 3571 4637 De-

1989 4684 2247 4752 prehendi
2294 4688 2437 4738 enim
2490 4693 2688 4737 lautam
2737 4697 2860 4737 esse
2890 4682 3046 4749 hujus
3090 4680 3165 4733 rei
3215 4693 3418 4742 curam,
3450 4686 3575 4731 utet

1986 4774 2129 4827 domi
2156 4783 2207 4828 et
2240 4774 2291 4827 in
2330 4790 2510 4827 mensa
2548 4771 2645 4826 viri
2698 4787 2820 4827 cum
2874 4769 3214 4831 mulieribus,
3264 4767 3402 4820 servi
3452 4782 3559 4819 cun

1986 4865 2230 4935 ingenuis
2281 4877 2551 4920 certamen
2600 4863 2667 4917 de
2713 4862 2871 4931 hujus
2903 4858 3151 4930 prteccpti
3196 4857 3569 4913 observationi.

1986 4957 2330 5017 Contendant,
2382 4965 2436 5009 et
2480 4956 2660 5008 beatos
2691 4952 2842 5017 dixi,
2895 4952 2982 5021 qui
3041 4949 3108 5004 ad
3159 4948 3316 5004 istum
3358 4950 3580 5006 modum

1984 5049 2229 5103 convivia
2257 5048 2609 5101 celebrarent.
2652 5044 2786 5112 Quid
2829 5044 2970 5097 enim
3010 5054 3070 5097 ea
3110 5054 3291 5095 mensa
3319 5040 3573 5107 sanctius,

1984 5139 2123 5193 unde
2150 5137 2461 5193 etehrietas
2507 5149 2561 5192 et
2589 5136 2852 5190 voracitas
2904 5134 3184 5202 omnisque
3231 5133 3577 5203 prodigalitas

1983 5240 2197 5285 extrusa
2247 5240 2348 5295 ρει,
2404 5239 2457 5283 et
2498 5229 2614 5281 loco
2662 5227 2868 5279 illarum
2923 5224 3248 5278 admirabilis
3275 5222 3573 5277 introducta

1985 5320 2269 5391 pnestandi
2314 5319 2475 5373 divini
2523 5317 2772 5388 praecepti
2801 5316 3166 5370 concertatio?
3206 5312 3339 5369 Dum
3370 5314 3453 5367 vir
3480 5312 3573 5367 ob-

1983 5419 2161 5465 servat
2208 5425 2454 5473 uxorem,
2485 5422 2620 5462 uxor
2659 5410 2851 5474 virum,
2892 5422 2957 5462 ne
2979 5407 3030 5460 in
3054 5404 3341 5477 praecipitia
3390 5402 3571 5474 per-ju-

1986 5503 2050 5557 rii
2100 5510 2240 5568 ruat,
2292 5511 2342 5556 et
2370 5501 2565 5556 mulcta
2594 5499 2910 5570 gravissima
2948 5499 3231 5552 constituta
3260 5505 3343 5552 est
3372 5508 3571 5566 prava-

1981 5596 2089 5650 rica
2102 5593 2224 5657 lori,
2278 5607 2383 5647 non
2411 5592 2597 5661 pudori
2625 5600 2707 5644 est
2732 5588 3006 5643 dominum
3032 5605 3058 5642 a
3086 5588 3253 5644 servis
3285 5587 3529 5657 redargui
3553 5624 3571 5650 ,

1984 5693 2075 5740 aut
2128 5696 2313 5740 servos
2367 5696 2395 5736 a
2437 5681 2673 5739 dominis
2728 5679 3015 5751 castigari?
3062 5679 3223 5735 licere
3258 5678 3421 5750 igitur
3449 5675 3569 5753 quis
