4010 6342
393 392 457 445 ω
1132 381 1189 435 S.
1231 375 1508 435 JOANNIS
1542 366 2023 430 CllRYSOSTOlll
2059 365 2377 421 Allililllil’.
2419 364 2961 423 CONSTANTlNOP.
3611 374 3683 429 go

386 501 681 560 istiusmodi
704 500 920 554 domum
953 495 1043 551 Dei
1090 493 1383 550 Erclcsiam
1424 486 1678 559 appellet.
1712 483 1813 541 Ubi
1836 480 1980 537 enim

386 608 532 653 tanta
586 593 845 649 modestia
869 632 886 657 ,
932 600 990 645 ut
1044 587 1322 657 epularum
1355 594 1597 652 tempore
1626 575 1842 634 solliciti
1874 574 1983 628 sint

382 690 627 745 conviva:
656 687 723 741 de
749 684 948 740 divinis
980 682 1185 752 legibus
1204 722 1219 746 ,
1269 678 1512 746 aliusque
1537 688 1658 730 cum
1689 671 1794 727 alio
1820 683 1980 738 super

388 784 491 838 hoc
532 779 824 836 contendat
857 796 869 830 :
902 784 1109 830 certum
1140 782 1221 828 est
1245 770 1546 826 dzemonem
1574 764 1697 821 inde
1723 772 1983 831 etquam-

385 874 512 927 libet
536 873 729 927 malam
760 869 1049 940 potentiam
1089 864 1575 923 eliminatamessc,
1600 856 1982 921 Christumque

381 965 596 1031 adesse,
621 964 802 1019 laetum
832 976 894 1015 ac
922 958 1148 1013 hilarem
1174 955 1240 1010 de
1270 954 1357 1009 illa
1386 950 1606 1022 pulchra
1632 950 1770 1002 inter
1791 961 1980 1001 servos

382 1071 511 1111 silos
562 1055 923 1118 :emulatinne,
971 1062 1292 1118 omnemque
1336 1046 1440 1101 illis
1482 1043 1697 1113 elargiri
1756 1039 1972 1096 benedi-

381 1149 638 1201 ctionem.
661 1145 999 1215 Quapropter
1023 1142 1224 1197 ontisso
1251 1140 1361 1209 jam
1392 1135 1493 1193 hoc
1520 1143 1786 1206 praecepto
1816 1134 1834 1205 (
1857 1132 1979 1187 novi

383 1239 529 1292 enim
561 1237 653 1292 Dei
678 1238 848 1308 gratia
876 1235 927 1290 id
957 1250 1052 1304 per
1077 1234 1378 1288 universam
1409 1233 1593 1284 urbem
1630 1234 1979 1298 propagatum

386 1331 471 1396 iri,
504 1346 627 1386 cum
657 1330 791 1385 adeo
838 1329 1103 1383 ferventes
1138 1327 1191 1380 in
1243 1323 1537 1393 principiis,
1586 1322 1826 1388 adeoque
1849 1333 1981 1373 con-

386 1435 592 1479 stantes
629 1441 722 1477 vos
764 1422 1102 1492 exhibeatis),
1148 1419 1215 1473 ad
1262 1416 1406 1474 aliud
1433 1424 1755 1486 prmceptum
1801 1424 1975 1466 trans-

387 1518 497 1579 ibo,
526 1516 667 1587 quod
697 1525 779 1570 est
817 1514 886 1569 de
914 1521 1220 1581 contemptu
1259 1511 1374 1565 iraa.
1412 1508 1482 1565 Ut
1519 1507 1661 1562 enim
1693 1507 1747 1561 in
1772 1505 1975 1559 cithara

394 1625 500 1663 non
532 1610 661 1663 satis
706 1617 789 1663 est
838 1607 993 1661 unico
1024 1621 1191 1661 nervo
1221 1602 1485 1659 conficere
1512 1600 1797 1656 melodiam
1823 1640 1837 1662 ,
1882 1598 1977 1652 sed

382 1714 573 1754 omnes
624 1698 968 1769 percurrendi
1008 1708 1171 1761 sunt,
1215 1695 1575 1751 concinnitate
1619 1691 1975 1763 congruenti:

382 1789 454 1843 ita
499 1804 712 1859 quoque
761 1787 814 1842 in
861 1787 1023 1842 animi
1075 1787 1295 1849 virtute,
1344 1801 1451 1838 non
1500 1798 1605 1838 una
1644 1782 1729 1837 lex
1780 1778 1980 1837 sufficit

384 1878 540 1933 nobis
567 1879 634 1935 ad
675 1880 924 1946 salutem,
975 1888 1031 1933 ut
1061 1881 1205 1948 prius
1249 1877 1384 1943 dixi,
1416 1874 1512 1931 sed
1556 1890 1746 1930 omnes
1791 1884 1978 1930 exacte

382 1970 699 2039 praestanda:
727 1980 872 2037 sunt,
905 1970 951 2025 si
977 1968 1192 2040 quidem
1235 1967 1460 2023 velimus
1503 1967 1650 2021 omni
1697 1964 1975 2020 harmonia

380 2062 649 2119 dulciores
701 2071 757 2118 et
787 2062 1031 2117 utiliores
1077 2059 1325 2115 modulos
1373 2060 1659 2115 coniicere.
1690 2057 1881 2112 Didicit
1916 2074 1977 2112 os

383 2166 531 2209 tuum
562 2170 670 2209 non
698 2154 926 2225 jurare?
952 2151 1139 2208 edocta
1169 2160 1253 2207 cst
1300 2160 1390 2207 tua
1418 2150 1617 2221 lingua,
1646 2148 1817 2215 lta,et
1836 2147 1973 2211 Non,

381 2247 576 2317 ubique
604 2246 833 2301 sonare?
864 2247 1044 2302 Discat
1080 2244 1241 2301 etiam
1272 2242 1573 2299 convicium
1615 2257 1775 2297 omne
1820 2257 1976 2295 aver-

379 2337 508 2403 sari,
561 2337 926 2408 majoremque
970 2352 1152 2396 curam
1188 2334 1253 2392 ad
1301 2335 1403 2395 hoc
1446 2349 1774 2411 pmeptum
1818 2335 1973 2391 adlu-

381 2429 529 2499 bere,
575 2430 1004 2504 quandoquidem
1035 2443 1090 2489 et
1111 2432 1312 2502 majore
1332 2430 1517 2486 labore
1543 2445 1678 2500 opus
1706 2437 1808 2483 est.
1843 2428 1976 2483 Nam

382 2525 492 2581 illic
555 2526 887 2582 consuetudo
940 2526 1053 2582 sola
1102 2524 1361 2581 vincenda
1410 2524 1509 2578 fuit
1550 2542 1562 2577 :
1610 2525 1663 2579 in
1715 2526 1791 2577 ira
1846 2538 1976 2576 vero

384 2621 691 2675 nervosiore
740 2618 999 2674 industria
1042 2635 1178 2690 opus
1205 2629 1314 2683 est;
1349 2618 1614 2673 violentus
1650 2617 1791 2670 enim
1840 2614 1974 2670 ail‘e-

382 2720 499 2760 rtus
518 2718 620 2774 est,
653 2719 707 2765 et
732 2710 1061 2780 tyrannicus,
1084 2718 1138 2765 et
1166 2707 1393 2764 subinde
1431 2707 1628 2776 abripit
1655 2707 1737 2760 vel
1763 2722 1858 2761 eos
1884 2705 1975 2775 qui

382 2799 600 2869 vigilant
630 2801 672 2866 ⁸,
720 2809 774 2856 et
797 2800 865 2856 ad
892 2800 1204 2856 barathrum
1234 2802 1406 2870 ipsum
1456 2798 1769 2870 perditionis
1802 2796 1973 2852 dedu-

378 2891 472 2946 cit.
520 2890 676 2948 Ferte
723 2893 883 2964 igitur
926 2886 1283 2964 prolixitatem
1336 2892 1622 2947 scrmonis.
1668 2890 1975 2947 Absurdum

378 2983 576 3061 quippe
600 2994 683 3041 est
726 3001 847 3041 cum
893 2986 1129 3057 quotidie
1154 2986 1451 3040 vulnereris
1478 2985 1532 3039 in
1564 2982 1719 3053 foro,
1754 2984 1809 3039 in
1833 2983 1967 3039 tedi-

383 3078 502 3145 bus,
540 3077 610 3134 ab
652 3078 859 3144 amicis,
894 3095 923 3133 a
961 3079 1220 3147 cognatis,
1253 3078 1321 3133 ab
1350 3077 1601 3139 inimicis.
1640 3093 1671 3131 a
1711 3077 1920 3139 vicinis,
1944 3090 1974 3130 a

380 3168 572 3231 servis,
626 3168 696 3223 ab
743 3183 929 3235 uxore,
961 3184 992 3223 a
1025 3168 1156 3233 filio,
1188 3184 1218 3223 a
1270 3168 1499 3238 prapriis
1540 3167 1972 3237 cogitationibus,

382 3275 455 3314 ne
478 3259 646 3315 semel
671 3259 890 3329 quidem
919 3260 970 3313 in
999 3260 1247 3315 universa
1282 3258 1614 3314 hebdomada
1641 3257 1709 3313 de
1736 3257 1976 3313 remedio

382 3352 594 3407 illorum
646 3354 922 3408 vulnerum
948 3368 1129 3408 curam
1170 3353 1451 3407 admittere
1481 3371 1494 3406 :
1528 3355 1825 3423 praesertim
1853 3368 1973 3407 cum

381 3443 614 3498 sciamus
637 3444 794 3499 istum
823 3444 1045 3499 curandi
1090 3444 1305 3499 modum
1346 3459 1445 3499 nec
1486 3454 1720 3513 sumptu,
1752 3459 1849 3499 nec
1880 3444 1976 3498 do-

385 3535 499 3591 lore
543 3545 813 3591 constare.
859 3535 974 3592 Non
1014 3538 1157 3592 enim
1195 3553 1335 3591 nunc
1387 3536 1585 3591 ferrum
1631 3538 1685 3591 in
1732 3537 1977 3591 manibus

388 3626 557 3682 habeo
580 3645 594 3681 :
623 3626 715 3683 sed
746 3627 964 3683 verbum
984 3643 1082 3698 pro
1104 3627 1264 3694 ferro,
1289 3628 1475 3699 quovis
1494 3637 1669 3683 tamen
1688 3627 1831 3683 ferro
1850 3644 1975 3682 acn-

387 3722 511 3783 tius.
530 3731 585 3776 et
630 3721 866 3791 cujusvis
894 3721 1095 3791 peccati
1116 3721 1451 3791 putredinem
1475 3720 1829 3787 exscindens;
1860 3721 1977 3775 sine

386 3812 573 3869 dolore
602 3824 781 3868 tamen
821 3813 956 3883 ejus,
990 3813 1073 3867 cui
1103 3813 1203 3868 ista
1245 3812 1432 3868 incisio
1463 3812 1540 3869 fit.
1572 3811 1690 3866 Non
1719 3812 1891 3882 ignem
1924 3812 1975 3866 in

385 3902 569 3956 dextra
622 3901 814 3968 habeo,
865 3902 958 3958 scd
985 3902 1281 3958 doctrinam
1342 3902 1464 3972 igne
1498 3902 1974 3967 vehementiorem,

384 4008 614 4064 eamque
641 4010 745 4048 non
784 3994 1127 4050 adhibentem
1154 3994 1470 4057 cauterium,
1502 3994 1597 4049 sed
1627 4004 1802 4049 tamen
1823 3994 1974 4049 cohi-

388 4085 600 4140 bentem
632 4087 846 4141 malitiae
874 4094 1275 4156 proserpentem
1294 4087 1619 4151 erosionem,
1650 4097 1705 4142 et
1733 4102 1831 4157 pro
1858 4102 1981 4142 cru-

385 4177 523 4230 ciatu
556 4176 839 4247 plurimam
857 4178 925 4243 ei,
948 4178 1039 4249 qui
1070 4178 1328 4234 liberatur
1348 4194 1377 4232 a
1402 4178 1599 4233 malitia
1622 4220 1636 4242 ,
1666 4177 1976 4234 afferentem

386 4267 735 4337 voluptatem.

470 4358 608 4414 Velle
634 4363 756 4415 satis
777 4371 871 4426 est;
906 4363 1179 4417 auctoritas
1194 4362 1420 4434 jubentis
1446 4365 1665 4418 excitare
1682 4364 1855 4432 debet;
1882 4363 1980 4418 Pe-

388 4452 453 4505 tri
473 4454 523 4505 in
544 4469 744 4506 scenam
761 4455 1020 4526 paulisper
1040 4455 1231 4509 inducti
1260 4456 1507 4526 primatus
1533 4464 1579 4509 et
1609 4456 1834 4509 studium
1860 4472 1979 4529 erga

389 4546 673 4599 doctrinam
721 4546 909 4602 Christi
963 4548 1395 4618 prazdicantur.——
1421 4547 1535 4602 Non
1566 4547 1652 4603 hic
1698 4564 1833 4618 opus
1899 4560 1982 4604 est

391 4646 651 4706 tempore,
688 4652 793 4691 non
824 4628 1095 4693 laboribus
1118 4680 1132 4703 ,
1167 4654 1273 4693 non
1322 4639 1561 4709 pecuniis
1594 4656 1608 4692 :
1637 4638 1810 4694 solum
1846 4641 1983 4696 velle

390 4732 519 4782 satis
546 4738 649 4792 est,
686 4740 740 4784 et
767 4729 943 4783 statim
972 4728 1227 4799 quidquid
1260 4730 1417 4798 hujus
1462 4730 1671 4785 virtutis
1700 4740 1783 4786 est
1839 4746 1979 4801 pra:-

392 4820 706 4876 stiterimus.
735 4821 888 4889 Quod
923 4822 968 4876 si
1008 4824 1323 4892 cogitemus,
1373 4832 1570 4893 quanta
1595 4823 1666 4877 sit
1698 4824 1984 4878 auctoritas

399 4911 494 4965 Dei
518 4910 756 4980 jnbentis
775 4953 791 4978 ,
823 4920 879 4967 et
897 4911 1190 4966 conditoris
1220 4914 1372 4968 istius
1414 4913 1569 4984 legis,
1601 4915 1730 4969 satis
1757 4930 1823 4969 ex
1845 4930 1911 4969 eo
1934 4924 1988 4969 et

391 5000 602 5056 abunde
651 5002 895 5057 instructi
922 5011 975 5058 et
1001 5002 1259 5058 admoniti
1289 5004 1582 5070 fuerimus;
1636 5019 1810 5075 neque
1840 5007 1981 5061 enim

394 5108 422 5144 a
452 5092 606 5146 nobis
634 5092 764 5162 ipsis
793 5094 993 5148 monita
1016 5094 1169 5149 vobis
1189 5093 1501 5160 adferimus,
1531 5094 1625 5150 sed
1668 5095 1734 5150 ad
1776 5096 1989 5167 legisla-

395 5192 564 5238 torem
590 5197 688 5238 vos
715 5198 906 5239 omnes
951 5184 1285 5241 adducimus.
1325 5185 1620 5255 Sequimini
1672 5186 1867 5257 igitur,
1931 5198 1988 5244 et

393 5274 602 5331 divinas
640 5274 784 5345 leges
808 5276 1008 5333 audite.
1044 5277 1142 5334 Ubi
1165 5294 1292 5333 vero
1321 5277 1388 5334 de
1411 5278 1485 5333 ira
1510 5289 1564 5333 et
1588 5278 1856 5335 simultate
1878 5278 1989 5335 dis-

397 5379 638 5441 putatum
683 5371 801 5426 est?
852 5370 1186 5425 Multifariam
1216 5371 1431 5442 quidem
1480 5372 1533 5427 in
1582 5371 1765 5427 multis
1812 5372 1983 5439 locis,

396 5462 627 5518 Inarime
667 5470 845 5517 autem
886 5462 938 5517 in
984 5463 1234 5533 parabola
1281 5463 1368 5518 illa
1392 5505 1409 5531 ,
1449 5479 1607 5534 quam
1647 5464 1714 5519 ad
1753 5463 1989 5535 discipu-

397 5553 476 5607 los
507 5554 728 5624 loquene
773 5552 843 5607 ad
888 5551 1046 5607 istum
1102 5552 1272 5609 ferme
1323 5554 1538 5609 modum
1579 5570 1801 5611 exorsus
1855 5564 1981 5611 est:

400 5644 526 5699 Ideo
565 5645 899 5702 assintilatum
933 5656 1006 5701 est
1052 5662 1261 5718 regnum
1320 5648 1562 5702 ctelorum
1612 5649 1805 5703 homini
1857 5650 1985 5721 regi,

392 5858 423 5896 ω
460 5784 473 5813 ¹
504 5792 650 5896 Ειςζη
678 5783 852 5849 abripit
878 5798 956 5837 cos
980 5798 1059 5849 qui
1080 5796 1170 5836 non
1195 5783 1406 5849 rigilant,
1428 5799 1537 5850 qua:
1562 5786 1709 5839 lectio
1725 5800 1821 5838 non
1846 5802 1983 5851 sper-

426 5860 505 5896 em
559 5884 570 5896 .

426 5860 570 5897 604R.

2091 481 2179 550 qui
2225 481 2383 536 voluit
2421 482 2669 537 rationem
2698 499 2885 553 ponere
2929 500 3045 538 cum
3090 486 3246 540 servis
3291 503 3414 542 suis.
3451 486 3517 542 Et
3565 507 3682 543 cum

2094 572 2323 645 coepisset
2357 573 2603 627 rationem
2634 591 2837 643 ponere,
2866 574 3067 630 oblatus
3086 586 3158 632 est
3187 577 3235 631 ei
3274 594 3406 633 unus
3424 581 3511 651 qui
3532 580 3681 636 debe-

2090 659 2174 711 bat
2202 661 2245 712 ei
2286 657 2456 713 decem
2486 658 2647 713 millia
2686 660 2875 714 talenta
2905 676 2925 714 :
2951 677 3065 714 cum
3103 670 3273 716 autem
3314 680 3416 718 non
3454 662 3678 730 haberet,

2088 749 2222 804 unde
2252 750 2503 817 redderet,
2541 753 2698 823 jussit
2729 762 2777 807 et
2819 754 2988 825 ipsum
3028 755 3345 824 venumdari,
3397 766 3443 813 et
3470 774 3682 816 mrem

2087 843 2215 912 ejus,
2249 852 2294 896 et
2335 842 2536 907 liberos,
2570 855 2616 899 et
2642 846 2813 901 omnia
2846 863 2959 913 quia
2988 848 3232 918 habebat,
3273 861 3321 907 et
3357 852 3522 909 reddi.
3547 851 3682 910 Pro-

2088 934 2263 1003 lapsus
2301 934 2454 1004 igitur
2490 952 2661 991 servus
2698 937 2785 992 ille
2811 938 2880 991 ad
2910 940 3060 1007 pedes
3088 942 3229 1012 ejus,
3258 945 3436 998 orabat
3463 961 3576 1000 eum
3600 947 3681 1002 his

2088 1025 2287 1079 verbis:
2320 1024 2552 1094 Domine,
2578 1030 2872 1098 patientiam
2903 1030 3030 1089 habe
3069 1032 3123 1087 in
3147 1049 3247 1101 me,
3293 1043 3339 1091 et
3368 1039 3539 1091 omnia
3557 1042 3680 1095 red-

2086 1117 2206 1172 dam
2239 1119 2346 1172 tibi.
2376 1120 2615 1176 Misertus
2641 1133 2809 1178 autem
2850 1125 3084 1182 dominus
3121 1129 3249 1183 servi
3287 1130 3457 1198 illius,
3489 1133 3685 1187 dimisit

2086 1226 2219 1274 eum,
2251 1221 2299 1264 et
2341 1212 2561 1266 debitum
2586 1216 2774 1269 dimisit
2802 1217 2867 1270 ei.
2918 1216 3168 1289 Egressus
3199 1224 3474 1279 autauille
3491 1224 3687 1284 invenit

2086 1318 2243 1357 unum
2274 1303 2337 1357 de
2365 1306 2620 1360 conservis
2642 1309 2768 1372 suis,
2807 1312 2893 1379 qui
2920 1311 3019 1380 ipsi
3061 1311 3266 1367 debebat
3288 1326 3489 1369 centum
3515 1318 3676 1372 dena-

2084 1395 2221 1460 rios,
2265 1405 2311 1449 et
2342 1405 2513 1451 tenens
2551 1397 2831 1466 suﬂ'ocabat
2876 1419 3014 1467 eum,
3067 1403 3238 1459 dicens
3261 1449 3275 1473 ,
3326 1406 3503 1463 Redde
3540 1412 3678 1479 quod

2083 1484 2264 1550 debes;
2316 1488 2647 1559 procumbens
2686 1508 2805 1563 ergo
2849 1510 3114 1550 conservus
3162 1497 3250 1551 ille
3291 1497 3361 1551 ad
3390 1498 3541 1570 pedes
3568 1501 3679 1572 ejus

2083 1580 2293 1650 rogabat
2318 1581 2510 1649 dicens,
2540 1582 2848 1639 Patientiam
2868 1587 2994 1642 habe
3013 1590 3067 1643 in
3092 1606 3190 1655 me,
3221 1602 3269 1645 et
3288 1595 3458 1648 omnia
3486 1595 3689 1651 soleam-

2083 1669 2170 1723 tibi
2202 1687 2220 1723 :
2249 1672 2335 1727 ille
2361 1682 2526 1727 autem
2546 1677 2740 1743 noluit,
2769 1683 2857 1732 sed
2876 1696 2989 1733 eum
3011 1681 3131 1737 inde
3155 1683 3425 1739 abductum
3467 1687 3679 1758 conjecit

2081 1761 2133 1815 in
2161 1779 2411 1818 carcerem
2436 1806 2451 1832 ,
2501 1768 2660 1822 donec
2688 1768 2909 1823 debitum
2953 1772 3227 1829 redderet:
3265 1776 3484 1832 videntes
3510 1788 3680 1835 autem

2081 1856 2304 1909 conservi
2336 1857 2496 1927 ipsius
2521 1858 2773 1930 indignati
2802 1872 2939 1927 sunt,
2977 1874 3025 1918 et
3072 1867 3320 1922 venientes
3349 1884 3679 1926 narraueram

2081 1944 2286 2001 domino
2335 1964 2446 2001 suo.
2484 1948 2624 2004 Tunc
2650 1954 2839 2006 vocavit
2884 1953 3031 2009 illum
3072 1958 3308 2013 dominus
3336 1976 3476 2026 suus,
3516 1972 3564 2016 et
3604 1966 3691 2017 ait

2085 2039 2163 2091 illi
2189 2056 2207 2093 :
2241 2039 2397 2095 Serve
2420 2059 2654 2112 nequam,
2683 2062 2830 2101 onme
2852 2046 3075 2102 debitum
3104 2049 3274 2105 dimisi
3304 2052 3413 2117 tibi,
3436 2055 3677 2125 quoniam

2081 2139 2270 2201 rogasti
2296 2149 2373 2187 me
2396 2150 2414 2185 :
2445 2150 2612 2189 nonne
2636 2152 2755 2207 ergo
2775 2139 2998 2207 oportuit
3024 2148 3070 2193 et
3120 2150 3168 2194 te
3206 2142 3434 2197 misereri
3454 2147 3679 2199 conservi

2080 2226 2171 2287 tui,
2200 2227 2327 2280 sicut
2360 2238 2407 2282 et
2433 2245 2522 2300 ego
2569 2230 2643 2284 tui
2690 2232 2923 2287 misertus
2950 2250 3063 2288 sum
3082 2236 3107 2288 ?
3151 2234 3295 2290 Tunc
3330 2240 3540 2293 tradidit
3561 2256 3679 2295 eum

2082 2318 2374 2385 tortoribus,
2397 2321 2721 2393 quoadusque
2735 2322 2966 2377 redderet
2994 2326 3284 2382 universum
3309 2328 3550 2384 debitum.
3587 2333 3681 2389 Sic

2080 2426 2127 2469 et
2160 2414 2316 2471 Pater
2352 2433 2491 2472 naeus
2518 2416 2731 2473 catlestis
2760 2418 2913 2487 faciet
2948 2419 3085 2473 vobis
3109 2462 3124 2485 ,
3173 2420 3215 2473 si
3256 2437 3357 2475 non
3386 2426 3693 2478 remiseritis.

2081 2510 2422 2581 unusquisque
2449 2514 2598 2583 fratri
2643 2528 2736 2567 suo
2775 2510 2837 2568 de
2883 2511 3117 2571 cardibtts
3141 2514 3315 2572 vestris
3341 2512 3555 2590 (Matth.
3589 2515 3676 2576 18.

2079 2600 2292 2671 23-35).

2152 2692 2206 2748 3.
2261 2694 2404 2750 Talis
2462 2696 2680 2766 quidem
2735 2699 2985 2770 parabola
3058 2703 3178 2757 ista.
3242 2703 3534 2761 Dicendum
3596 2718 3683 2763 est

2082 2798 2243 2852 porro
2280 2826 2295 2851 ,
2348 2801 2513 2856 quare
2590 2804 2711 2844 cum
2785 2790 3084 2862 adjectione
3152 2810 3327 2853 causa:
3380 2794 3526 2855 illam
3581 2816 3679 2871 pa-

2080 2876 2317 2932 rabolam
2384 2882 2658 2950 proposuit
2709 2900 2722 2935 :
2772 2898 2879 2940 non
2960 2887 3106 2942 enim
3158 2890 3474 2960 simpliciter
3522 2893 3679 2958 dixit.

2080 2969 2429 3025 assimilatum
2482 2980 2568 3027 est
2609 2988 2831 3045 regnum
2860 2977 3115 3034 czelorum
3148 3022 3165 3048 ,
3195 2981 3329 3051 sed,
3386 2983 3514 3041 Ideo
3546 2990 3681 3043 assio

2080 3062 2310 3117 milalum
2356 3074 2429 3119 est
2483 3082 2693 3137 regnum
2730 3069 2991 3124 calorum.
3047 3072 3157 3128 Cur
3206 3090 3336 3147 ergo
3373 3092 3534 3134 causa
3579 3081 3679 3134 ad-

2074 3156 2262 3223 juncta
2290 3157 2409 3211 est?
2450 3157 2524 3213 De
2553 3159 2833 3217 tolerantia
2857 3162 3136 3234 discipulis
3174 3181 3478 3225 sermonem
3521 3171 3684 3229 facies

2082 3247 2173 3302 bat
2196 3290 2210 3313 ,
2243 3247 2443 3306 docens
2468 3293 2481 3316 ,
2515 3253 2784 3322 quomodo
2810 3255 2891 3309 ira
2921 3255 3243 3315 refrenanda
3267 3271 3412 3317 esset
3435 3272 3682 3324 contem-

2081 3342 2377 3413 ncnquue
2404 3344 2611 3414 injuria:
2642 3348 2794 3403 nobis
2816 3350 2994 3417 illatas,
3048 3350 3204 3422 idque
3232 3352 3316 3410 his
3342 3355 3520 3413 verbis
3553 3376 3568 3413 :
3618 3357 3689 3414 Si

2084 3436 2367 3502 peccaverit
2397 3436 2450 3489 in
2483 3446 2529 3489 te
2557 3440 2715 3509 frater
2739 3450 2856 3495 tuus
2877 3483 2893 3508 ,
2934 3443 3090 3510 vade,
3137 3455 3184 3498 et
3222 3448 3531 3517 reprehende
3568 3466 3684 3505 nm

2082 3527 2213 3581 inter
2239 3538 2287 3582 te
2309 3538 2355 3582 et
2384 3530 2553 3599 ipsum
2579 3531 2761 3587 solum.
2813 3532 2874 3588 Si
2908 3537 3265 3592 auscultaverit
3300 3538 3423 3607 tibi,
3456 3540 3699 3599 lucrata;

2080 3636 2133 3673 es
2163 3619 2372 3689 fratrem
2406 3630 2550 3676 tuum
2587 3623 2809 3696 (Matth.
2852 3626 2938 3682 l8.
2971 3627 3099 3699 15).
3141 3628 3267 3686 Haec
3286 3640 3343 3687 et
3385 3630 3487 3686 alia
3531 3631 3680 3703 ejus-

2084 3715 2224 3769 modi
2247 3715 2462 3771 Christo
2491 3717 2743 3788 loquente
2782 3718 2847 3775 ad
2882 3720 3172 3791 discipulos
3209 3738 3373 3791 suos,
3417 3724 3685 3797 istamque

2086 3804 2477 3877 philosophiam
2544 3809 2770 3865 docente
2798 3853 2812 3876 ,
2880 3811 3072 3867 Petrus
3117 3813 3269 3868 chori
3317 3815 3684 3884 apostolorum

2089 3899 2336 3969 princeps
2357 3942 2371 3964 ,
2403 3916 2466 3955 os
2494 3900 2921 3971 discipulorum,
2968 3905 3218 3960 columna
3256 3904 3548 3974 Ecclesiae,
3591 3909 3687 3963 llr-

2090 4001 2415 4047 mamentum
2467 3992 2626 4061 ﬁdei,
2674 3996 3027 4050 confessionis
3057 3996 3491 4065 fundamentum,
3534 3999 3687 4055 orbis

2089 4093 2350 4139 terrarum
2394 4084 2647 4154 piscator,
2689 4086 2777 4156 qui
2818 4102 2987 4156 genus
3033 4097 3274 4143 nostrum
3308 4104 3377 4145 ex
3408 4090 3685 4161 profundis

2087 4190 2330 4229 errorum
2372 4175 2424 4229 in
2471 4176 2659 4231 cwlutu
2698 4176 2955 4242 adduxit,
3001 4178 3091 4248 qui
3135 4179 3332 4251 ubique
3371 4179 3602 4237 fervidus
3628 4192 3689 4236 et

2089 4265 2335 4321 libertate
2369 4266 2587 4336 plenus,
2618 4267 2725 4322 imo
2753 4269 2931 4338 potius
2974 4270 3196 4325 caritate
3222 4286 3383 4341 quam
3409 4270 3686 4338 libertate.

2090 4358 2386 4413 tacentibus
2421 4358 2668 4413 omnibus
2696 4401 2713 4423 ,
2757 4360 3017 4415 accedens
3044 4360 3111 4417 ad
3141 4363 3455 4433 magistrum
3499 4362 3633 4419 dixit
3668 4384 3683 4417 :

2093 4451 2299 4518 Quoties
2328 4452 2548 4522 peccabit
2584 4453 2637 4505 in
2669 4469 2745 4505 me.
2791 4457 2948 4522 frater
2975 4470 3114 4508 meus
3135 4496 3150 4517 ,
3200 4466 3247 4509 et
3292 4456 3543 4510 remittam
3566 4455 3642 4510 illi
3661 4459 3691 4509 .’

2090 4558 2247 4612 usque
2295 4543 2476 4612 septies
2521 4541 2700 4614 (Ibid,
2752 4561 2800 4597 v.
2854 4544 2917 4599 21
2946 4546 3007 4614 )‘l
3037 4546 3194 4599 simul
3225 4555 3280 4601 et
3309 4546 3602 4618 interrogat
3630 4560 3689 4603 et

2095 4635 2395 4705 pollicetur,
2429 4644 2484 4692 et
2516 4638 2821 4708 priusquam
2851 4637 3058 4703 discat,
3105 4654 3354 4710 magnum
3396 4638 3497 4695 hac
3530 4641 3581 4694 in
3626 4656 3692 4695 rc

2092 4729 2324 4784 studium
2366 4744 2476 4800 prce
2518 4745 2579 4785 se
2633 4729 2755 4785 fert.
2803 4730 2940 4785 Cum
2978 4731 3119 4787 enim
3166 4740 3400 4787 mentem
3446 4731 3689 4803 magistri

2094 4822 2261 4891 probe
2290 4821 2553 4891 cognitam
2586 4821 2843 4887 haberet,
2885 4838 3042 4891 quam
3071 4822 3159 4876 illa
3197 4821 3264 4877 ad
3303 4822 3689 4878 humanitatem

2095 4929 2263 4982 prona
2295 4923 2439 4969 esset
2461 4952 2479 4979 ,
2506 4923 2563 4969 et
2590 4914 2733 4985 quod
2763 4913 2851 4969 ille
2879 4914 3145 4985 pnecipue
3171 4915 3396 4985 gratiam
3422 4930 3543 4971 cum
3572 4914 3696 4986 ipso

2095 5008 2271 5072 iniret,
2316 5009 2405 5078 qui
2450 5005 2503 5061 in
2540 5007 2907 5063 condonandis
2945 5006 3165 5064 oll'cnsis
3199 5009 3496 5079 promptior
3520 5019 3693 5074 esset,

2096 5115 2268 5170 neque
2306 5100 2357 5154 in
2390 5099 2684 5154 istiusmodi
2721 5100 2883 5154 rebus
2925 5099 3179 5155 acerbum
3220 5115 3281 5156 se
3300 5109 3355 5157 et
3382 5114 3561 5156 acrem
3588 5098 3701 5154 (ξι-ἑ

2098 5193 2306 5249 biberet
2323 5236 2338 5259 ,
2366 5193 2553 5249 volens
2576 5194 2791 5266 placere
2812 5193 3103 5263 legislatori
3131 5192 3477 5264 interrogavit
3503 5233 3518 5261 ,
3559 5208 3695 5249 num

2096 5302 2264 5359 usque
2290 5288 2487 5358 septies
2521 5288 2671 5342 venia
2702 5286 2943 5342 iteranda
2968 5294 3130 5342 esset.
3174 5286 3377 5342 Deinde
3413 5294 3474 5341 ut
3514 5284 3701 5343 discas

2096 5381 2270 5451 qualis
2296 5380 2458 5435 homo
2476 5420 2493 5447 ,
2519 5380 2691 5450 qualis
2720 5395 2849 5435 vero
2877 5378 3017 5435 Dens
3041 5381 3131 5444 sit.
3164 5379 3443 5450 qualisque
3471 5378 3588 5449 ejus
3610 5377 3702 5433 in-

2098 5472 2392 5542 dulgentia,
2424 5480 2478 5527 et
2498 5470 2767 5541 quomodo
2792 5470 3021 5526 humana
3048 5470 3367 5541 benignitas,
3385 5470 3430 5525 si
3458 5468 3526 5526 ad
3547 5469 3703 5528 illius

2098 5565 2356 5636 largitatis
2382 5564 2705 5635 opulentiam
2749 5565 2938 5621 collata
2971 5565 3084 5630 sit,
3132 5564 3320 5635 quavis
3372 5572 3697 5635 paupertate

2097 5657 2455 5726 contemptior
2479 5656 2793 5726 reperiatur,
2825 5664 2879 5711 et
2903 5655 3153 5725 quantula
3177 5655 3321 5711 stilla
3362 5654 3432 5709 sit
3451 5653 3518 5709 ad
3543 5670 3704 5712 mare

2101 5749 2444 5817 immensum,
2472 5756 2672 5803 tantam
2704 5756 2939 5805 nostram
2968 5746 3260 5804 bonitatem
3287 5744 3355 5802 ad
3381 5746 3524 5813 illius
3549 5745 3669 5800 inet
3671 5777 3700 5787 -

2103 5841 2314 5898 l‘abilcm
2359 5840 2742 5898 humanitatem
2795 5838 3161 5898 testimandam
3212 5857 3225 5895 :
3278 5837 3473 5897 dicenti
3530 5837 3699 5894 Petro
