4010 6342
263 366 340 419 ἥ
1031 357 1121 412 DE
1160 357 1389 416 DECEM
1428 358 1718 414 MILLIUM
1757 357 2055 416 TALE-NT.
2099 358 2446 414 DL‘BITORE
2488 358 2793 415 IIOMILISL
3450 357 3526 414 2'9

256 481 409 537 σθαι.
442 476 564 531 οὐδὲ
591 476 716 538 τοὺς
750 476 962 538 οίκέτας
991 474 1154 528 αὐτοῦ
1181 473 1275 528 ἐπὶ
1319 473 1526 540 τούτοις
1558 475 1833 546 διορθοῦνς

258 564 378 616 Οὐκ
417 563 482 617 ἀν
511 576 595 624 τις
641 560 874 631 ἁμάρτοι
907 559 1003 630 τὴν
1055 561 1308 632 τοιαύτην
1344 560 1520 614 οἰκίαν
1550 560 1846 628 ἐκκλησίαν

257 645 402 699 θεοῦ
459 643 794 714 προσειπών.
837 645 1011 698 Ὅπου
1054 643 1160 714 γάρ
1211 645 1532 714 σωφροσύνη
1585 643 1842 714 τοσαύτη,

254 729 340 792 ὡς
366 729 425 780 ἐν
445 727 623 798 καιρῷ
642 727 854 798 τρυφῆς
878 728 1148 798 μεριμνᾷν
1167 726 1308 798 ὑπὲρ
1333 727 1441 780 τῶν
1465 727 1623 781 θείων
1644 728 1843 798 νόμων,

257 811 360 864 καὶ
383 811 509 873 τοὺς
542 811 814 880 παρόντας
841 809 1088 872 ἃπαντας
1119 809 1260 880 ὑπὲρ
1279 808 1471 862 τούτου
1501 808 1637 880 πρὸς
1679 809 1845 879 ἀλλή-

255 893 386 957 λους
418 894 779 962 ἀγωνίζεσθαι
809 894 901 947 καὶ
933 893 1287 962 φιλονεικεῖν,
1329 892 1550 962 εὔδηλον
1574 931 1590 956 ,
1623 895 1704 947 ὅτι
1733 893 1848 946 δαί-

260 995 383 1046 μων
411 977 509 1047 μὲν
538 979 683 1041 ἄπας
711 978 805 1031 καὶ
838 977 1048 1048 πονηρά
1076 976 1305 1046 δύναμις
1340 977 1692 1048 ἀπελήλαται,
1722 980 1764 1031 Χ
1775 997 1850 1050 ριο

257 1059 388 1122 στδς
414 1059 470 1112 δὲ
500 1061 729 1131 πάρεστι
755 1060 960 1131 χαίρων
994 1061 1088 1113 ἐπὶ
1117 1062 1182 1130 τῇ
1205 1060 1340 1130 καλῇ
1369 1058 1476 1113 τῶν
1521 1059 1720 1114 δούλων
1757 1080 1846 1130 φι-

257 1141 504 1214 λονεικία
535 1183 550 1207 ,
586 1145 766 1196 πᾶσαν
814 1144 995 1208 αὐτοῖς
1030 1143 1541 1214 ἐπιδαψιλευόμενος
1574 1145 1844 1214 εὐλογίαν.

257 1225 362 1280 Διά
387 1225 452 1296 δὴ
478 1226 650 1280 ταῦτα
681 1226 881 1298 ταύτην
903 1227 1060 1296 ἀφεὶς
1091 1226 1274 1280 λοιπὸν
1322 1226 1420 1298 τὴν
1448 1227 1666 1299 ἐντολὴν
1693 1225 1848 1299 (οἰδα

258 1309 374 1380 γάρ
405 1309 486 1362 δτι
521 1309 656 1362 Θεοῦ
710 1311 892 1381 χάριτι
929 1311 1108 1364 πᾶσαν
1139 1311 1523 1381 ἐπιδραμεῖται
1559 1311 1656 1382 τὴν
1695 1312 1848 1366 πόλιν

260 1392 394 1462 ὑμῖν
420 1392 600 1464 θερμά
622 1394 887 1464 προοίμια
911 1392 1239 1447 ἀναλαϐοῦσι
1262 1394 1355 1446 καὶ
1377 1393 1552 1465 ἀρχὴν
1576 1396 1846 1467 ίσχυράν),

259 1477 350 1544 ἐφ’
381 1476 576 1547 ἑτέραν
607 1477 1008 1549 μεταδήσομαι“
1041 1477 1141 1547 τὴν
1171 1477 1270 1546 τῆς
1311 1477 1480 1548 ὀργῆς
1525 1479 1845 1550 ὑπεροψίαν.

261 1559 482 1629 Ὠσπερ
531 1559 641 1630 γὰρ
673 1561 766 1613 ἐπὶ
804 1561 904 1628 τῆς
933 1560 1163 1632 κιθάρας
1193 1563 1294 1615 οὐκ
1341 1563 1502 1632 ἀρκεῖ
1545 1563 1704 1634 μόνον
1740 1564 1851 1617 ἀπὸ

261 1643 399 1711 μιᾶς
429 1645 630 1714 νευρᾶς
656 1643 756 1714 τὴν
789 1644 1056 1714 μελῳδίαν
1090 1645 1426 1714 ἐργάσασθαι
1451 1687 1465 1711 ,
1501 1647 1637 1702 ἀλλά
1671 1648 1850 1711 πάσας

258 1724 483 1779 ἐπιέναι
511 1725 593 1779 δεῖ
627 1725 766 1796 μετά
793 1727 999 1798 ῥυθμοῦ
1037 1728 1131 1781 τοῦ
1163 1731 1529 1800 προσήκοντος
1548 1748 1562 1762 ·
1588 1731 1730 1785 οὕτω
1759 1734 1851 1786 καὶ

259 1809 361 1861 ἐπὶ
390 1807 492 1878 τῆς
531 1809 671 1863 κατά
699 1809 878 1882 ψυχὴν
898 1812 1099 1883 ἀρετῆς
1125 1813 1224 1866 οὐκ
1253 1814 1412 1884 ἀρκεῖ
1439 1815 1598 1884 μόνος
1617 1817 1748 1885 ἡμῖν
1772 1817 1851 1879 εἰς

262 1891 546 1964 σωτηρίαν
568 1887 650 1956 εἷς
679 1894 840 1964 νόμος
863 1934 878 1954 ,
904 1895 1154 1965 καθάπερ
1179 1896 1346 1967 ἔφθην
1379 1896 1568 1963 εἰπὼν,
1601 1897 1736 1952 ἀλλὰ
1775 1899 1853 1952 δεῖ

262 1975 480 2037 πάντας
502 1975 700 2040 αὐτοὺς
726 1977 866 2046 μετὰ
901 1979 1185 2049 ἀκριϐείας
1213 1980 1517 2048 φυλάττειν,
1553 1984 1600 2035 εί
1625 1981 1690 2054 δὴ
1720 1982 1851 2053 μέλ-

258 2056 455 2129 λοιμεν
475 2059 572 2128 τὴν
610 2060 829 2131 ἀπάσης
857 2061 1121 2132 ἁρμονίας
1154 2062 1284 2132 ἡδίω
1305 2065 1397 2116 καὶ
1429 2065 1852 2136 χρησιμωτέραν

263 2141 539 2211 μελῳδίαν
600 2143 951 2214 ἐργάζεσθαι.
1011 2146 1222 2216 Ἐμαθέ
1284 2162 1376 2199 σου
1428 2149 1490 2200 τὸ
1548 2149 1722 2220 στόμα
1776 2149 1852 2220 μὴ

260 2223 502 2295 ὀμνύναι
523 2242 538 2289 ;
567 2227 860 2298 ἐπαιδεύθη
890 2232 922 2300 ἠ
951 2229 1168 2297 γλῶττα
1189 2230 1294 2284 Ναὶ
1317 2232 1410 2284 καί
1432 2231 1506 2284 υῦ
1531 2231 1707 2301 λέγειν
1725 2251 1856 2288 παν-

258 2307 470 2380 ταχοῦ;
492 2310 728 2364 Μαθέτω
747 2311 839 2364 καὶ
861 2312 1128 2385 λοιδορίαν
1154 2315 1589 2386 ἀποστρέφεσθαι
1611 2317 1850 2382 ἀπασαν,

265 2393 367 2446 καὶ
410 2393 632 2447 πλείονα
683 2397 812 2468 περί⁸
857 2397 955 2467 τὴν
989 2411 1015 2437 ιι
1052 2398 1270 2468 ἐντολὴν
1319 2399 1525 2471 ταύτην
1579 2402 1854 2473 εἰσφέρειν

262 2478 532 2549 σπουδὴν.
563 2479 751 2551 ἐπειδὴ
780 2482 872 2535 καὶ
902 2481 1145 2546 πλείονος
1182 2485 1312 2554 ἡμῖν
1331 2483 1499 2539 δεῖται
1539 2487 1631 2539 καὶ
1666 2487 1851 2541 πόνου.

277 2564 434 2620 Ἐκεῖ
466 2565 564 2636 μὲν
605 2563 714 2634 γὰρ
762 2565 1048 2636 συνηθείας
1083 2567 1462 2638 περιγενέσθαι
1514 2572 1675 2640 μόνον
1726 2571 1854 2636 ἔδει,

265 2650 364 2703 ἐπὶ
391 2648 450 2702 δὲ
491 2649 590 2718 τῆς
619 2649 790 2722 ὀργῆς
821 2649 1184 2722 εὐτονωτέρας
1220 2650 1301 2704 δεῖ
1332 2651 1428 2722 τῆς
1469 2653 1738 2723 σπουδῆς⁹
1763 2671 1859 2707 τυ-

268 2732 528 2799 ραννικὸν
580 2733 690 2804 γὰρ
731 2732 791 2788 τδ
849 2733 1055 2798 πάθος,
1110 2735 1203 2787 καὶ
1247 2733 1508 2801 πολλάκις
1550 2736 1856 2810 παρασύρει

265 2817 401 2880 τούς
424 2817 696 2887 νήφοντας
717 2818 768 2880 ιι,
795 2818 888 2870 καὶ
918 2817 1053 2888 πρὸς
1078 2817 1138 2870 τὸ
1169 2817 1440 2890 βάραθρον
1469 2819 1600 2872 αὐτὸ
1628 2819 1860 2888 κατάγει

266 2899 375 2968 τῆς
420 2899 718 2962 ἀπωλείας.
769 2901 1091 2970 ’Λνάσχεσθε
1124 2901 1302 2954 τοίνυν
1344 2900 1437 2954 τοῦ
1495 2904 1703 2972 μήκους
1748 2902 1861 2955 τῶν

267 2982 470 3050 λόγων.
505 2982 612 3036 Καὶ
652 2985 760 3052 γὰρ
790 2983 988 3037 ἄτοπον
1017 2982 1139 3037 καθ’
1178 2984 1417 3055 ἐκάστην
1450 2986 1662 3056 ἡμέραν
1693 3002 1861 3057 τραυ-

272 3066 672 3138 ματιζομένους
709 3067 767 3120 ἐν
823 3068 1086 3138 ἀγοραῖς,
1123 3069 1181 3119 ἐν
1230 3068 1466 3134 οἰκίαις,
1522 3069 1626 3122 ὑπὸ
1668 3068 1858 3138 φίλων,

271 3151 384 3207 ὑπὸ
409 3149 706 3220 συγγενῶν,
737 3152 842 3205 ὑπὸ
867 3151 1097 3222 ἐχθρῶν,
1135 3152 1241 3206 ὐπὸ
1273 3152 1550 3222 γειτόνων.
1579 3155 1683 3209 ὑπὸ
1715 3158 1860 3209 οἰκε-

269 3238 386 3291 τῶν
408 3277 424 3299 ,
465 3238 570 3292 ὐπὸ
595 3235 852 3306 γυναικὸς
873 3278 888 3299 ,
911 3236 1015 3290 ὐπὸ
1049 3236 1259 3289 παιδίου
1283 3279 1297 3299 ,
1327 3237 1432 3291 ὑπὸ
1462 3238 1680 3292 οίκείων
1716 3240 1864 3308 λογι-

274 3321 466 3391 σμῶν,
509 3322 646 3393 μηδέ
699 3318 846 3385 ἀπαξ
894 3320 993 3390 τῆς
1033 3320 1324 3391 ἑϐδομάδος
1357 3322 1575 3393 ἀπάσης
1599 3324 1737 3396 ὑπὲρ
1761 3324 1864 3395 τῆς

273 3404 572 3476 αεραπείας
602 3403 712 3457 τῶν
759 3404 1090 3477 τραυμάτων
1131 3405 1353 3460 ἐκείνων
1388 3408 1692 3478 φροντίζειν
1715 3450 1726 3464 .
1771 3411 1864 3463 καὶ

273 3487 454 3549 ταῦτα
483 3488 692 3548 εἰδότας
736 3487 810 3551 ὡς
839 3488 1108 3551 ἀδάπανός
1155 3505 1214 3542 τε
1271 3489 1365 3543 καὶ
1417 3489 1684 3554 άνώδυνος
1709 3485 1864 3556 οὗτος

272 3572 376 3642 τῆς
408 3571 705 3651 θεραπείας
727 3572 756 3625 ὁ
787 3571 1004 3643 τρόπος.
1041 3572 1174 3627 Οὐδέ
1205 3572 1316 3644 γάρ
1353 3572 1414 3626 τὸ
1441 3575 1678 3646 σιδήριον
1707 3578 1766 3629 ἐν
1794 3579 1860 3648 τῇ

275 3655 424 3725 χειρὶ
455 3654 670 3724 κατέχω
697 3653 814 3717 νῦν,
856 3654 991 3709 ἀλλά
1013 3655 1169 3724 λόγον
1197 3657 1317 3710 ἀντὶ
1341 3657 1578 3729 σιδηρίου
1611 3675 1866 3730 μεταχει-

278 3738 502 3810 ρίζομαι
525 3775 541 3800 ,
579 3737 821 3807 σιδηρίου
873 3737 972 3808 μὲν
1001 3738 1199 3802 παντὸς
1233 3739 1360 3792 ὄντα
1387 3740 1698 3811 τομώτερον
1718 3781 1732 3804 ,
1772 3743 1866 3796 καὶ

276 3824 464 3876 πᾶσαν
497 3821 598 3890 τῆς
645 3822 920 3892 ἁμαρτίας
948 3821 1283 3876 ἐκκύπτοντα
1325 3823 1423 3893 τὴν
1453 3824 1722 3895 σηπεδόνα
1745 3864 1762 3886 ,
1801 3825 1862 3878 οὐ

276 3905 587 3976 παρέχοντα
609 3904 666 3957 δὲ
685 3904 882 3974 ὀδύνην
905 3903 982 3974 τῷ
1008 3905 1344 3976 τεμνομένῳ.
1379 3905 1495 3960 Οὐκ
1532 3907 1640 3978 ἔχω
1665 3908 1774 3979 πῦρ
1807 3911 1864 3961 ἐν

273 3991 347 4060 τῇ
383 3988 536 4060 δεξιᾷ
556 4030 572 4055 ,
603 3988 718 4045 ἀλλ’
760 3987 868 4058 ἔχω
896 3987 1246 4042 διδασκαλίαν
1276 3990 1447 4059 πυρὸς
1475 3991 1862 4063 σφοδροτέραν,

277 4073 342 4126 01'.
366 4073 619 4142 καυτῆρα
642 4071 953 4140 ἐπάγουσαν
971 4111 986 4134 ,
1018 4071 1131 4124 ἀλλ’
1164 4073 1594 4128 ἀναστέλλουσαν
1643 4076 1741 4145 μὲν
1769 4076 1866 4146 τὴν

277 4158 456 4230 νομὴν
479 4158 581 4227 τῆς
629 4156 856 4220 κακίας,
887 4158 1008 4211 ἀντὶ
1039 4157 1095 4210 δὲ
1123 4155 1203 4230 [4]
1239 4156 1527 4228 ἀλγηδόνος
1565 4158 1765 4231 πολλὴν
1789 4160 1866 4230 τῷ

277 4241 382 4312 τῆς
441 4241 640 4303 κακίας
691 4239 1150 4312 ἀπαλλαττομένῳ
1197 4241 1546 4312 παρέχουσαν
1589 4241 1688 4320 τὴν
1744 4243 1863 4313 ἡδο·

277 4326 402 4396 τήν.

355 4408 434 4460 Οὐ
463 4407 622 4478 χρεία
668 4406 876 4480 χρόνων
923 4407 1192 4471 ἐνταῦθα,
1236 4407 1298 4460 οὐ
1331 4408 1491 4480 χρεία
1543 4409 1720 4466 πόνων
1742 4451 1758 4476 ,
1804 4411 1864 4468 οὐ

278 4489 444 4560 χρεία
467 4479 768 4561 χρημάτων
792 4506 805 4518 ⁸
838 4491 1000 4566 ἀρκεῖ
1046 4491 1267 4562 θελῆσαι
1303 4479 1463 4561 μόνον
1487 4534 1502 4558 ,
1537 4493 1631 4546 καὶ
1690 4495 1866 4554 πάντα

277 4573 352 4626 τὰ
385 4575 486 4643 τῆς
520 4575 721 4644 ἀρετῆς
762 4575 896 4644 ἡμῖν
934 4573 1324 4646 κατώρθωται·
1375 4575 1482 4629 κᾶν
1525 4577 1868 4648 ἐννοήσωμεν

278 4658 348 4711 τὸ
371 4657 592 4727 ἀξίωμα
629 4657 724 4710 τοῦ
750 4656 1062 4719 κελεύοντος
1106 4656 1243 4710 Θεοῦ
1294 4658 1388 4712 καὶ
1429 4659 1868 4728 νομοθετοῦντος,

282 4741 479 4811 ἱκανὴν
509 4740 792 4812 ληψόμεθα
825 4739 1170 4795 διδασκαλίαν
1217 4743 1310 4795 καὶ
1360 4743 1680 4813 παραίνεσιν
1705 4761 1719 4776 ’
1747 4744 1868 4797 οὐδέ

279 4825 396 4895 γὰρ
448 4823 660 4877 οἴκοθεν
693 4822 1081 4893 φθεγγόμεθα,
1115 4823 1231 4877 ἀλλ’
1282 4825 1376 4878 ἐπὶ
1431 4825 1522 4878 τὸν
1571 4826 1869 4897 νομοθέτην

280 4907 534 4971 ἅπαντας
583 4909 728 4977 ὑμᾶς
763 4906 987 4977 ἄγομεν.
1024 4905 1260 4960 Ἔπεσθε
1314 4908 1491 4962 τοίνυν
1515 4949 1530 4973 ,
1569 4909 1678 4962 τῶν
1711 4909 1868 4964 θείων

282 4991 518 5050 ἀκούετε
545 4992 747 5062 νόμων.
780 4989 890 5044 Ποῦ
925 4991 1105 5044 τοίνυν
1139 4992 1268 5062 περ)⁸
1293 4993 1464 5062 ὀργῆς
1493 4995 1586 5046 καὶ
1607 4993 1700 5047 τοῦ
1735 5011 1871 5065 μνη-

283 5077 540 5134 σικακεῖν
573 5073 853 5145 διελέχθης
890 5073 1165 5144 Πολλαχοῦ
1203 5073 1305 5146 μὲν
1334 5076 1427 5128 καὶ
1458 5075 1693 5147 ἀλλαχοῦ
1715 5117 1730 5138 .
1762 5077 1871 5148 μά-

281 5159 444 5218 λιστα
478 5158 536 5212 δέ
567 5158 655 5212 διά
696 5160 796 5231 τῆς
841 5159 1156 5232 παραϐολῆς
1186 5160 1401 5231 ἐκείνης
1425 5201 1440 5225 ,
1472 5163 1538 5232 ἢν
1579 5161 1714 5233 πρὸς
1746 5163 1872 5228 τοὺς

286 5242 542 5315 μαθητὰς
569 5243 756 5312 ἔλεγεν
778 5283 794 5307 ,
820 5243 1019 5298 οὐτωσί
1053 5261 1170 5309 πως
1195 5243 1500 5316 ἀρξάμενος
1524 5263 1538 5277 ⁸
1561 5249 1666 5300 Διά
1697 5246 1872 5300 τοῦτο

281 5318 552 5395 ὡμοιώθη
588 5327 627 5395 ἠ
656 5328 950 5391 βασιλεία
993 5327 1112 5381 τῶν
1139 5327 1410 5397 οὐρανῶν
1442 5328 1730 5398 ἀνθρώπῳ
1752 5331 1871 5396 ,ϐα-

283 5411 449 5464 σιλεῖ
474 5422 523 5468 τι.
552 5411 721 5477 ὅστις
751 5409 1013 5480 ἠθέλησε
1050 5409 1309 5480 συνᾶραι
1345 5412 1533 5482 λόγον
1564 5412 1714 5482 μετὰ
1755 5412 1873 5467 τῶν

355 5623 380 5686 _'
407 5621 532 5686 Bes-
556 5625 674 5686 πρὸς
693 5622 796 5682 τήν.

348 5680 382 5748 ξ
554 5680 663 5748 τοὺς
685 5680 748 5746 μὴ
763 5686 1006 5748 νήφοντας.

352 5744 376 5772 ⁸
402 5744 527 5808 Reg.
555 5744 799 5807 ὐνθρὼπῳ
825 5744 1156 5805 οἰκοδεσπότη,

288 5803 443 5863 δνίὶ.
472 5803 672 5870 βασιλείζ

1198 5751 1344 5808 atque
1388 5743 1451 5796 ita
1480 5747 1598 5808 logit
1637 5745 1868 5798 Nannius.

1951 474 2185 529 δούλων
2221 475 2428 528 αὐτοῦ.
2477 472 2840 544 Ἀρξαμένου
2880 471 2946 524 δὲ
2989 469 3174 526 αὐτοῦ
3213 469 3525 539 armti-ur

1949 557 2340 626 προσηνέχθη
2382 554 2544 622 αὐτῷ
2573 552 2661 622 εἷς
2705 555 3019 626 ὀφειλέτης
3051 554 3280 622 μιφιων
3303 553 3524 608 ταλιίνο

1948 657 2084 694 των.
2110 640 2206 708 Μὴ
2235 640 2486 710 ἔχοντος
2504 638 2574 693 δὲ
2596 638 2784 694 αὑτοῦ
2811 637 3165 700 ἀποδοῦναι,
3195 634 3524 691 ἐκέλευσεν

1947 722 2134 777 αὐτὸν
2164 722 2463 792 πραθῆναι
2495 723 2594 777 καί
2625 723 2740 789 τὴν
2777 721 3032 792 γυναῖκα.
3069 720 3254 775 αὐτοῦ
3275 761 3290 785 ,
3320 721 3416 776 κα)
3454 725 3525 774 τὰ

1948 805 2147 867 τέκνα,
2178 807 2275 861 καί
2304 806 2501 860 πάντα
2528 806 2644 861 ὅσα
2675 802 2821 874 εἶχε.
2863 805 2958 858 καὶ
2990 802 3380 871 ἀποδοθῆναι.
3413 805 3521 858 Πε-

1949 889 2077 944 σὼν
2103 886 2216 944 οὗν
2243 893 2275 944 ὁ
2306 889 2526 954 δοῦλος
2549 888 2780 954 ἐκεῖνος
2806 891 2893 953 εἰς
2926 886 3067 950 τοὺς
3099 886 3290 951 πόδας
3315 886 3524 945 αὑτοῦ.

1949 972 2274 1042 παρεκάλει
2311 973 2527 1036 αὐτὸν,
2561 972 2786 1042 λέγων·
2824 971 3020 1038 Κύριε,
3057 970 3528 1038 μακροθύμησον

1947 1057 2038 1109 ἐπ’
2065 1056 2214 1126 ἐμοὶ,
2241 1058 2337 1111 καὶ
2368 1054 2564 1110 πάντα
2591 1071 2689 1110 σοι
2718 1053 3030 1108 ἀποδώσω.
3052 1053 3528 1122 Σπλαγχνισθτίς

1949 1139 2017 1192 δὲ
2039 1143 2072 1194 ό
2091 1141 2294 1208 κύριος
2315 1139 2422 1193 τοῦ
2449 1139 2672 1194 δούλου
2699 1138 2957 1201 ἐκείνου,
2984 1136 3295 1190 ἀπέλυσεν
3316 1135 3524 1190 αὑτὸν.

1951 1224 2140 1276 καὶτὸ
2178 1222 2420 1277 δάνειον
2449 1221 2686 1292 ἀφῆκεν
2721 1217 2900 1286 αὐτῷ.
2948 1219 3242 1284 Ἐξελθὼν
3266 1219 3336 1272 δὲ
3377 1217 3529 1272 ἐκεῖ·

1949 1322 2057 1372 νος
2079 1302 2259 1368 εὗρεν
2283 1305 2393 1360 ἕνα
2422 1304 2540 1360 τῶν
2565 1305 2928 1361 συνδούλων
2944 1301 3151 1365 αὐτοῦ,
3179 1303 3248 1368 ὃς
3273 1302 3536 1372 ὠφειλεν

1951 1388 2112 1454 αὐτῷ
2157 1387 2380 1444 ἑκατὸν
2431 1387 2684 1456 δηνάρια
2707 1426 2722 1451 ,
2779 1387 2877 1441 καὶ
2929 1385 3238 1455 κρατήσας
3282 1385 3531 1454 ἔπνιγεν

1950 1474 2138 1526 αὑτὸν
2176 1473 2390 1541 λέγων·
2443 1471 2686 1537 Ἀπόδος
2715 1488 2818 1541 μοι
2843 1471 2876 1524 ὅ
2911 1487 2965 1524 τι
3004 1471 3284 1539 ὀφείλεις.
3318 1469 3532 1523 Πεσὼν

1951 1553 2066 1610 οὖν
2114 1559 2147 1609 ὀ
2190 1555 2532 1619 σύνδουλος
2557 1553 2744 1609 αὑτοῦ
2788 1557 2876 1620 είς
2919 1554 3061 1620 τοὺς
3086 1553 3277 1618 πόδας
3318 1553 3530 1612 αὐτοῦ,

1953 1638 2275 1707 παρεκάλει
2307 1639 2494 1693 αὑτὸν
2519 1641 2730 1706 λέγων·
2760 1639 3239 1708 Μακροθύμησον
3265 1636 3357 1690 ἐπ’
3378 1637 3530 1704 ἐμοὶ,

1953 1719 2051 1771 καὶ
2091 1716 2288 1770 πάντα
2317 1734 2415 1772 σοι
2433 1716 2748 1771 ἀποδώσω.
2790 1718 2843 1769 ’0
2863 1716 2933 1770 δὲ
2963 1719 3074 1771 οὐκ
3108 1716 3348 1782 ἢθελεν.
3369 1717 3534 1770 ἀλλα

1951 1795 2232 1850 ἀπελθὼν
2279 1797 2496 1850 ἔϐαλεν
2556 1797 2745 1850 αὑτὸν
2793 1800 2882 1861 είς
2919 1796 3239 1865 φυλακὴν,
3295 1795 3406 1862 ἕως
3456 1791 3532 1850 οὗ

1952 1879 2156 1943 ἀποδῷ
2187 1880 2252 1932 τὸ
2287 1881 2700 1949 ὀφειλόμενον.
2744 1880 2994 1946 Ἰδόντες
3022 1879 3092 1934 δὲ
3121 1882 3176 1934 οἱ
3203 1879 3536 1934 σύνδουλοι

1953 1963 2140 2016 αὐτοῦ
2171 1963 2608 2030 ἠγανάκτησαν
2631 2003 2646 2025 ,
2694 1963 2792 2018 καὶ
2837 1963 3122 2028 ἐλθόντες
3149 1963 3538 2034 διεσάφησαν

1955 2044 2035 2110 τῷ
2073 2047 2258 2113 κιφίῳ
2292 2045 2510 2100 αὐτῶν.
2553 2046 2690 2100 Τότε
2730 2046 2998 2113 καλέσας
3030 2047 3221 2102 αὑτὸν
3246 2051 3280 2101 ό
3329 2047 3534 2114 κύριος

1954 2129 2141 2183 αὐτοῦ
2170 2126 2301 2183 εἶπε
2326 2145 2339 2158 ο
2379 2129 2568 2184 Δοῦλε
2595 2128 2822 2198 πονηρὲ
2841 2169 2860 2192 ,
2903 2127 3112 2184 πᾶσαν
3139 2128 3256 2197 τὴν
3280 2127 3539 2199 ὀφειλὴν

1955 2212 2201 2280 ἐκείνην
2239 2211 2448 2281 ἀφῆκά
2475 2227 2572 2266 σοι
2596 2253 2611 2277 ,
2641 2211 2770 2266 ἐπεί
2809 2211 3228 2280 παρεκάλεσάς
3279 2227 3385 2282 με’
3421 2214 3535 2268 οὐκ

1957 2293 2076 2348 ἔδει
2107 2294 2206 2349 καί
2237 2294 2314 2348 σὲ
2339 2295 2591 2364 ἐλεῆσαι
2617 2295 2724 2349 τὸν
2757 2295 3104 2350 σύνδουλόν
3130 2313 3248 2350 σου
3271 2334 3286 2357 ,
3329 2297 3409 2360 ὠς
3436 2295 3537 2348 και

1955 2378 2072 2448 ἐγώ
2100 2394 2175 2432 σε
2206 2378 2478 2446 ὴλέησα;
2515 2382 2653 2433 Τότε
2674 2379 3015 2446 παρέδωκεν
3044 2379 3231 2434 αὐτὸν
3265 2377 3391 2445 τοῖς
3432 2380 3539 2443 ,ϐυ-

1959 2461 2318 2526 σανισταῖς,
2350 2461 2460 2527 ἕως
2511 2457 2581 2517 οὗ
2627 2459 2831 2526 ἀποδῷ
2862 2459 2986 2514 πᾶν
3034 2460 3098 2515 τὸ
3147 2462 3541 2530 ὀφειλόμενον

1958 2544 2135 2611 αὐτῷ.
2163 2545 2325 2598 Οὕτω
2369 2545 2466 2596 καὶ
2501 2548 2532 2598 ό
2571 2544 2773 2614 Πατήρ
2793 2562 2912 2614 μου
2935 2548 2966 2600 ό
2989 2545 3267 2614 οὐράνιος
3299 2547 3541 2612 ποιήσει

1958 2629 2100 2700 ὑμῖν
2123 2670 2138 2693 .
2169 2629 2280 2682 ἐὰν
2323 2627 2409 2699 μὴ
2442 2628 2634 2697 ἀφῆτε
2683 2629 2940 2695 ἕκαστος
2980 2627 3060 2694 τῷ
3086 2628 3328 2700 ἀδελφῷ
3352 2630 3542 2686 αὑτοῦ

1960 2712 2081 2768 ἀπὸ
2171 2711 2292 2767 τῶν
2374 2712 2636 2780 καρδιῶν
2711 2711 2878 2782 ὑμῶν
2947 2712 3021 2766 τὰ
3099 2711 3545 2785 παραπτώματα

1959 2795 2181 2852 αὐτῶν.

2015 2968 2088 3031 γ’.
2107 2961 2170 3015 Ἦ
2196 2960 2292 3032 μὲν
2321 2958 2606 3032 παραϐολὴ
2623 2959 2780 3030 αῦτη·
2807 2959 2960 3014 δεῖδέ
2977 2962 3173 3024 εἰπεῖν,
3199 2961 3344 3027 τίνος
3359 2962 3546 3016 ἕνεκεν

1968 3046 2106 3117 μετα
2127 3044 2306 3108 αἰτίας
2327 3045 2497 3112 αὐτὴν
2524 3043 2870 3114 προτέθεικεν
2893 3061 2906 3074 ·
2939 3047 3001 3098 οὐ
3024 3045 3133 3118 γὰρ
3161 3045 3348 3110 ἁπλῶς
3367 3041 3544 3108 εἶπεν,

1976 3125 2244 3200 Ὡμοιώθη
2269 3129 2302 3197 ἡ
2343 3125 2586 3196 βασιλεία
2613 3127 2720 3180 τῶν
2748 3127 3021 3198 οὐρανῶν,
3053 3127 3208 3192 ἀλλά,
3234 3129 3338 3184 Διά
3370 3129 3547 3185 τοῦτο

1965 3219 2230 3292 ὡμοιώθη
2259 3219 2299 3287 ὴ
2323 3219 2616 3285 ,βασιλεία
2634 3217 2753 3273 τῶν
2766 3221 3056 3290 οὐρανῶν.
3069 3221 3227 3286 Τίνος
3249 3216 3343 3276 οῦν
3359 3221 3548 3276 Ξνεκεν

1967 3306 2000 3376 ἡ
2029 3305 2179 3358 αἰτία
2213 3303 2570 3373 πρόσκειται;
2595 3303 2732 3376 Περὶ
2757 3303 3108 3370 ἀνεξικακίας
3131 3308 3245 3369 τοῖς
3277 3305 3547 3378 μαθηταῖς

1967 3389 2267 3457 διελέγετο,
2317 3387 2411 3440 καὶ
2445 3389 2667 3458 κρατεῖν
2700 3387 2869 3458 ὀργῆς
2918 3389 3116 3453 αὐτοὺς
3151 3388 3425 3449 ἐπαίδευε.
3453 3390 3550 3444 καὶ

1969 3475 2079 3527 τῶν
2131 3472 2264 3544 παρ’
2301 3472 2507 3541 ἐτέρων
2547 3473 2628 3534 εἰς
2671 3473 2820 3542 ἡμᾶς
2856 3471 3160 3542 γινομένων
3194 3471 3550 3544 ἀδικημάτων

1974 3558 2049 3630 μὴ
2073 3556 2241 3610 πολὺν
2272 3554 2545 3608 ποιεῖσθαι
2576 3554 2756 3622 λόγον.
2780 3553 2925 3608 οὕτω
2953 3554 3156 3623 λέγων’
3201 3555 3344 3610 Ἐὰν
3361 3555 3546 3625 ἀμάρ-

1969 3658 2042 3710 τῃ
2064 3643 2151 3706 είς
2177 3639 2254 3693 σὲ
2274 3643 2306 3692 ό
2325 3638 2588 3708 ἀδελφός
2615 3655 2752 3702 σου,
2770 3638 2963 3708 ὕπαγε
2977 3637 3074 3692 καὶ
3095 3638 3350 3708 ἔλεγξον
3361 3642 3550 3694 αὑτὸν

1965 3721 2192 3793 μεταξὺ
2209 3720 2328 3776 σοῦ
2343 3720 2442 3777 καὶ
2459 3720 2646 3775 αὑτοῦ
2657 3722 2870 3790 μόνου·
2889 3721 2997 3775 ἐὰν
3009 3737 3125 3776 σου
3141 3722 3376 3790 ἀκούσῃ
3389 3722 3550 3789 ἐκέρο

1969 3805 2164 3872 δησας
2208 3807 2317 3858 τὸν
2356 3803 2626 3873 ἀδελφόν
2652 3820 2790 3858 σου.
2821 3803 3008 3858 Ταῦτα
3027 3803 3086 3857 δέ
3115 3805 3209 3858 καὶ
3231 3803 3302 3858 τά
3324 3803 3551 3859 τοιαῦτα

1970 3889 2063 3943 τοῦ
2094 3886 2330 3959 Χριστοῦ
2382 3885 2763 3957 διαλεγομένου
2801 3889 2916 3949 τοῖς
2949 3887 3217 3959 μαθηταῖς
3249 3887 3344 3940 καὶ
3393 3887 3549 3956 φιλοο

1971 3976 2156 4043 σοφεῖν
2189 3971 2553 4037 διδάσκοντος,
2603 3971 2831 4041 Πέτρος,
2867 3971 2896 4023 ὁ
2941 3969 3036 4024 τοῦ
3065 3970 3228 4041 χοροῦ
3265 3969 3373 4024 τῶν
3411 3971 3552 4026 ἀπο-

1975 4057 2176 4111 στόλων
2209 4056 2524 4126 κορυφαῖος,
2563 4052 2624 4106 τδ
2648 4053 2820 4122 στόμα
2861 4052 2968 4106 τῶν
2993 4052 3270 4124 μαθητῶν,
3306 4056 3334 4108 ό
3361 4052 3552 4118 στῦλος

1972 4144 2072 4213 τῆς
2109 4139 2456 4211 Ἐκκλησίας.
2506 4137 2569 4190 τὸ
2617 4136 2907 4209 στερέωμα
2934 4137 3032 4206 τῆς
3061 4136 3332 4203 πίστεως,
3376 4139 3406 4191 ό
3450 4138 3551 4208 τῆς

1973 4224 2263 4296 ὁμολογίας
2296 4221 2568 4293 θεμέλιος,
2595 4222 2623 4273 ό
2657 4221 2756 4290 τῆς
2784 4221 3111 4291 οἰκουμένης
3159 4220 3344 4285 ἁλιεὺς
3365 4262 3382 4286 ,
3425 4223 3455 4274 ό
3489 4222 3552 4274 τὸ

1973 4312 2130 4378 γένος
2183 4307 2338 4378 ἡμῶν
2386 4305 2496 4360 ἀπδ
2537 4303 2634 4357 τοῦ
2693 4303 2857 4373 βυθοῦ
2910 4305 3013 4375 τῆς
3063 4303 3274 4374 πλάνης
3325 4306 3405 4369 είς
3459 4304 3551 4358 τὸν

1972 4391 2198 4463 οὐρανὸν
2227 4387 2549 4458 ἀναγαγὼν,
2591 4389 2621 4440 ό
2655 4389 2930 4458 πανταχοῦ
2959 4387 3160 4459 θερμὸς
3188 4387 3282 4442 καὶ
3329 4390 3550 4461 παρρη-

1975 4477 2093 4540 σίας
2125 4474 2310 4546 γέμων
2337 4515 2352 4538 ,
2414 4471 2610 4544 μᾶλλον
2659 4471 2716 4524 δὲ
2748 4471 2989 4541 ἀγάπης,
3023 4471 3055 4542 ἢ
3097 4469 3428 4550 παρρησίας,
3467 4487 3550 4524 σι..

1972 4559 2194 4628 γώντων
2225 4555 2478 4611 ἁπάντων
2509 4552 2912 4626 προσελθὼντῷ
2937 4553 3241 4624 διδασκάλῳ
3283 4552 3548 4625 [51ςιιησί⁸

1976 4643 2239 4707 Ποσάκις
2268 4635 2598 4708 ἁμαρτήσει
2641 4639 2730 4703 εἰς
2783 4635 2889 4705 ἐμὲ
2917 4640 2950 4691 ό
2977 4635 3240 4705 ἀδελφός
3266 4654 3410 4705 μου,
3451 4638 3551 4691 καί

1974 4723 2190 4794 ἀφήσω
2217 4721 2411 4786 animi);
2452 4720 2563 4785 ἕως
2606 4719 2889 4786 ἐπτάκις;
2921 4719 3058 4791 ὁμοῦ
3090 4720 3182 4772 καὶ
3230 4721 3410 4792 ἐρωτᾷ
3457 4722 3552 4774 καὶ

1977 4809 2338 4877 ὑπισχνεῖται,
2372 4805 2466 4858 καὶ
2496 4805 2626 4876 πρὶν
2655 4803 2824 4877 μάθῃ,
2864 4803 3249 4874 φιλοτιμεῖται.
3293 4802 3404 4875 Τὴν
3440 4803 3551 4874 γάρ

1975 4890 2200 4960 γνώμην
2255 4888 2348 4942 τοῦ
2402 4887 2720 4941 διδασκάλου
2787 4885 2974 4954 σαφῶς
3029 4884 3220 4950 είδὼς,
3279 4885 3363 4939 ὅτι
3414 4886 3551 4958 πρὸς

1979 4973 2386 5046 φιλανθρωπίαν
2434 4971 2624 5042 ῥέπει,
2681 4970 2776 5023 καὶ
2816 4967 2978 5022 πλέον
3041 4971 3246 5034 ἐκεῖνος
3314 4968 3551 5040 μάλιστα

1977 5059 2195 5112 πάντων
2215 5053 2363 5125 αὐτῷ
2397 5054 2676 5125 χαρίζεται
2709 5055 2736 5106 ό
2762 5051 2997 5122 μάλιστα
3027 5052 3243 5108 πάντων
3270 5053 3338 5108 τά
3366 5053 3552 5126 ἀμαρ-

1977 5143 2200 5211 τήματα
2247 5138 2356 5192 τῶν
2406 5137 2632 5208 πλησίον
2671 5135 3030 5206 παρατρέχων
3082 5136 3175 5188 καὶ
3228 5135 3303 5210 μὴ
3337 5137 3551 5210 πικρῶς

1979 5220 2270 5289 ἐξετάζων,
2303 5219 2626 5291 βουλόμενος
2671 5217 2866 5290 ἀρέσαι
2912 5216 2990 5288 τῷ
3040 5217 3326 5291 νομοθέτῃ,
3361 5220 3548 5292 φησίνο

1980 5307 2130 5373 Ἕως
2166 5303 2446 5373 ἐπτάκις;
2492 5299 2624 5356 Είτα
2658 5302 2744 5355 ἴνα
2775 5299 2982 5372 μάθῃς,
3016 5299 3070 5355 τί
3110 5301 3208 5373 μὲν
3243 5301 3546 5374 ἄνθρωπος,

1979 5391 2030 5445 τί
2075 5391 2133 5444 δέ
2170 5390 2331 5454 Θεδς,
2381 5387 2477 5441 καὶ
2507 5386 2625 5450 πῶς
2657 5386 2690 5458 ἠ
2733 5385 2923 5440 τούτου
2957 5385 3268 5456 φιλοτιμία,
3307 5388 3551 5460 ὅπουπερ

1981 5475 2047 5528 ἂν
2069 5474 2351 5544 ἀφίκηται,
2390 5471 2525 5542 πρὸς
2550 5469 2649 5541 τὴν
2678 5468 2939 5541 εὐπορίαν
2961 5469 3058 5542 τὴν
3091 5470 3299 5524 ἐκείνου
3331 5487 3553 5542 συγκρι-

1981 5555 2203 5628 νομένη,
2260 5556 2450 5618 πενίας
2495 5555 2640 5608 ἐστὶν
2670 5553 2890 5625 ἀπάσης
2943 5552 3322 5625 εὐτελεστέρα,
3349 5555 3442 5607 καὶ
3471 5555 3554 5608 δτι

1979 5641 2101 5692 ὅσον
2134 5637 2346 5708 σταγὼν
2380 5637 2514 5710 πρὸς
2543 5636 2778 5706 πέλαγος
2797 5636 3044 5708 ἄπειρον,
3071 5635 3322 5690 τοσοῦτον
3343 5636 3498 5707 ἡμῶν
3519 5638 3553 5706 ἡ

1982 5721 2255 5793 άγαθότης
2279 5721 2413 5793 πρὸς
2444 5721 2543 5792 τὴν
2579 5720 2786 5790 ἄφατον
2818 5719 2984 5775 αὐτοῦ
3018 5719 3452 5790 φιλανθρωπίαν,
3486 5722 3554 5770 εἰς

1998 5807 2178 5870 πόντος
2213 5805 2403 5872 αὐτοῦ,
2437 5805 2583 5871 Ἕως
2613 5805 2892 5872 ἑπτάκις
2920 5807 3012 5860 »αἱ
3044 5802 3358 5874 νομίσα-ιτος
3392 5802 3551 5859 αὑτοῦ
