4010 6342
188 345 256 401 21
990 345 1082 403 DE
1115 346 1349 404 DECEM
1392 347 1675 403 MILLIUM
1717 346 2013 406 TALENT.
2060 353 2400 411 DEBITOllE
2442 354 2741 411 llOMlLlA.
3421 345 3492 401 93

194 460 607 531 septempliccm
636 462 803 517 veniae
831 462 1165 517 iterationem
1188 472 1242 517 et
1264 463 1587 518 existimanti
1609 478 1666 518 se
1689 480 1802 519 ma-

196 552 395 624 gniﬁce
416 561 470 607 et
502 551 719 622 largiter
739 552 959 617 diliaSt‘,
987 553 1108 606 audi
1127 553 1253 623 quid
1278 553 1599 624 reSpondcat
1621 572 1634 610 :
1657 554 1799 623 Non,

202 645 377 716 inquit
399 686 418 712 ,
443 663 599 717 usque
626 648 810 717 septies
834 686 849 713 ,
890 648 978 700 sed
1004 664 1159 718 usque
1183 648 1471 718 septuagies
1494 647 1697 718 septies.
1729 646 1800 701 ll-

198 737 290 791 lud
323 747 505 792 autem
530 739 830 809 septuagies
848 741 1045 809 septies
1064 740 1277 807 quidam
1305 750 1508 808 septem
1527 751 1580 794 et
1599 750 1802 809 septua-

197 832 347 898 ginta
376 830 707 885 arbitrantur
739 848 752 883 :
786 840 1037 885 cattcrum
1072 832 1140 885 ita
1172 847 1276 885 nou
1318 842 1401 886 est
1430 848 1442 884 :
1481 831 1640 886 habet
1659 832 1800 886 enim

201 923 289 976 hic
316 939 575 977 numerus
612 922 787 978 ferme
829 923 1116 993 quingenta
1143 936 1158 977 ε
1192 923 1389 992 septies
1414 922 1554 976 enim
1584 930 1768 992 septua
1788 953 1801 961 -

202 1015 348 1083 ginta
380 1015 767 1085 nuadringenta
800 1027 854 1070 et
906 1016 1191 1085 nonaginta
1222 1015 1531 1071 conficiunt.
1568 1016 1646 1070 Ne
1686 1017 1801 1070 exi-

201 1108 393 1163 Stimes
418 1107 636 1162 difficile
681 1123 801 1162 esse
844 1107 947 1161 hoc
990 1119 1345 1177 praeceptum,
1400 1109 1717 1163 carissime:
1759 1107 1802 1161 si

201 1198 350 1254 enim
379 1200 550 1255 semel
576 1243 589 1266 ,
626 1201 856 1264 iterum,
900 1215 965 1255 ac
1003 1201 1194 1265 tertio,
1234 1200 1371 1255 intra
1392 1200 1531 1256 diem
1565 1201 1801 1271 peccanti

201 1294 421 1348 veniam
461 1293 817 1363 impartieris,
856 1295 1015 1348 etiam
1043 1295 1088 1350 si
1110 1294 1396 1349 admodum
1429 1295 1670 1365 lapideus
1696 1296 1802 1362 sit,

202 1386 368 1438 etiam
412 1386 456 1438 si
500 1385 631 1454 ipsis
673 1385 1009 1441 dte-monibus
1044 1384 1315 1441 efferatior
1356 1388 1425 1442 sit
1451 1388 1573 1452 ille,
1625 1388 1714 1457 qui
1754 1396 1807 1441 te

204 1476 370 1542 lusit,
399 1490 506 1530 non
537 1478 639 1531 erit
666 1476 738 1531 ita
766 1492 956 1532 sensus
972 1486 1197 1547 expers,
1215 1488 1272 1533 ut
1297 1477 1474 1534 denuo
1495 1480 1561 1533 ad
1586 1478 1805 1534 easdem

203 1565 443 1621 offensas
471 1566 674 1622 recidat
707 1586 719 1621 :
750 1568 845 1623 sed
874 1569 1167 1639 frequentia
1198 1570 1419 1624 indulta:
1444 1572 1613 1626 venia:
1642 1571 1807 1626 casti-

206 1670 402 1726 gatus,
452 1660 644 1715 melior
687 1663 828 1727 erit,
883 1671 937 1716 et
977 1665 1196 1732 probior
1229 1680 1241 1716 :
1278 1673 1439 1734 tuque
1463 1664 1506 1719 si
1538 1662 1701 1718 fueris
1729 1665 1808 1719 in-

204 1761 451 1807 structus
471 1752 541 1808 ad
564 1755 720 1809 toties
736 1757 1180 1812 contemnendam
1206 1757 1452 1826 injuriam
1473 1758 1565 1811 tibi
1584 1756 1805 1825 illatam,

205 1857 316 1895 una
345 1854 509 1915 atque
535 1846 702 1900 altera
724 1888 739 1911 ,
768 1856 823 1900 et
851 1847 1006 1903 tertia
1037 1848 1430 1903 condonatione
1459 1850 1628 1918 culpa:
1654 1864 1811 1904 exei-

203 1937 437 2001 citatus,
483 1936 616 1990 nihil
643 1936 973 1992 difficultatis
1018 1940 1219 1994 senties
1247 1940 1297 1993 in
1326 1948 1597 2009 posterum
1632 1940 1682 1993 in
1708 1939 1809 1993 hoc

204 2042 411 2098 genere
440 2028 791 2100 philosophiae
817 2047 830 2082 :
865 2031 1061 2100 quippe
1091 2031 1178 2099 qui
1212 2031 1451 2085 iteranda
1474 2032 1632 2086 toties
1652 2031 1808 2085 venia

205 2135 332 2174 eum
349 2120 460 2189 jam
485 2136 636 2174 usum
658 2122 940 2191 collegeris
962 2164 977 2188 ,
1005 2132 1061 2176 ut
1088 2122 1217 2176 nihil
1243 2131 1292 2176 te
1320 2124 1611 2192 percellant
1630 2125 1809 2193 proxi-

205 2225 422 2265 morum
452 2211 679 2281 injuriae.
724 2213 927 2281 Quibus
973 2214 1171 2269 auditis
1210 2215 1399 2270 Petrus
1427 2256 1442 2281 ,
1493 2231 1587 2270 ore
1629 2215 1810 2269 hiante

206 2311 435 2370 stupens
459 2304 699 2357 constitit
733 2322 745 2357 :
774 2320 878 2358 non
906 2305 974 2360 de
1010 2320 1069 2359 se
1111 2307 1482 2361 tantummodo
1517 2306 1806 2370 sollicitus,

207 2392 307 2449 sed
339 2402 396 2446 et
428 2393 496 2448 de
517 2394 656 2461 illis,
688 2396 776 2465 qui
799 2396 914 2465 ejus
946 2396 1065 2451 fidei
1100 2396 1466 2453 committendi
1513 2408 1687 2453 erant.
1731 2397 1811 2452 Ne

210 2485 378 2556 igitur
421 2485 559 2541 idem
590 2486 829 2554 faceret,
861 2489 1002 2559 quod
1034 2490 1085 2544 in
1109 2489 1230 2544 aliis
1274 2491 1538 2545 mandatis
1571 2489 1807 2555 fecerat,

208 2578 594 2648 anticipatione
614 2581 841 2635 exclusit
860 2581 910 2635 ei
935 2596 1149 2635 omnem
1176 2584 1651 2651 percontationem.
1670 2583 1806 2651 Quid

208 2682 393 2725 autem
422 2671 474 2724 in
501 2670 622 2725 aliis
674 2673 939 2726 mandatis
994 2673 1161 2726 fecit?
1206 2674 1260 2729 Si
1304 2674 1518 2754 quando
1570 2675 1811 2731 Christus

211 2761 516 2816 istiusmodi
553 2764 752 2833 aliquid
794 2766 1116 2833 imperaret,
1145 2766 1285 2836 quod
1315 2767 1682 2822 difficultatem
1706 2768 1806 2822 ali-

210 2868 372 2923 quam
415 2854 613 2911 habere
663 2856 968 2921 videretur,
1020 2861 1301 2928 prosiliens
1332 2871 1455 2915 ante
1483 2860 1616 2916 alios
1647 2863 1811 2918 inter-

209 2947 439 3018 rogabat
486 2958 541 3003 et
594 2950 964 3005 sciscitabatur
1016 2952 1084 3007 de
1131 2963 1416 3021 praerepto.
1487 2956 1619 3008 Cum
1667 2958 1809 3011 enim

211 3038 504 3108 prodiisset
529 3039 698 3106 dives,
725 3041 791 3095 de
814 3053 1015 3097 :eterna
1043 3045 1145 3096 vita
1174 3044 1441 3097 (,ln'istum
1468 3057 1809 3115 percontans,

212 3139 267 3183 ct
303 3130 535 3199 cognitis
563 3131 704 3197 illis,
736 3148 855 3201 qua:
884 3134 1097 3203 pariunt
1133 3134 1515 3191 beatitudinem
1541 3179 1555 3203 ,
1592 3149 1812 3193 mmstus

212 3220 285 3272 ob
307 3222 566 3290 pecunias
595 3221 834 3287 abiisset,
882 3223 1094 3279 dicente
1131 3225 1381 3293 Christo,
1428 3228 1569 3298 quod
1609 3229 1814 3284 facilius

213 3322 360 3367 esset
382 3314 645 3369 camclum
675 3318 902 3371 transire
926 3333 1021 3387 per
1044 3318 1282 3375 futainen
1310 3336 1459 3389 acus,
1492 3339 1648 3392 quam
1676 3325 1813 3378 divi-

214 3413 324 3459 tem
358 3404 562 3460 intrare
592 3407 642 3460 in
667 3424 887 3477 regnum
912 3411 1161 3465 ctelorum
1196 3412 1383 3483 (Marc.
1418 3414 1503 3470 i0.
1534 3416 1641 3484 ‘23)
1677 3435 1689 3470 :
1720 3417 1815 3471 Pe-

216 3506 335 3551 trus
360 3498 577 3553 tametsi
622 3515 681 3554 se
722 3502 970 3555 omnibus
999 3503 1305 3558 nutlavisset
1330 3548 1345 3573 ,
1396 3523 1570 3576 neque
1593 3509 1701 3578 jam
1732 3511 1813 3564 vel

215 3588 437 3643 hamum
464 3590 758 3655 retineret,
786 3593 983 3664 quippe
1011 3596 1101 3662 qui
1140 3605 1193 3649 ct
1240 3608 1404 3651 totum
1436 3608 1697 3668 quaestum
1738 3601 1815 3668 pi-

215 3679 528 3747 scatorium,
549 3690 604 3738 et
619 3698 805 3738 navem
836 3694 1252 3755 contempserat,
1281 3688 1547 3744 accedens
1571 3690 1636 3745 ad
1659 3691 1813 3745 Chri-

217 3781 361 3825 stum
408 3772 482 3827 ita
529 3773 783 3842 loquutus
807 3785 922 3830 est:
953 3774 1021 3830 Et
1050 3779 1162 3846 quis
1191 3789 1350 3850 potest
1375 3783 1543 3835 salvus
1568 3782 1677 3850 ﬁeri
1708 3782 1812 3853 (Ib.

218 3880 265 3918 υ.
292 3864 451 3937 26)?
482 3866 615 3923 Vide
662 3869 978 3935 probitatem
1010 3879 1065 3926 et
1099 3872 1360 3928 fervorem
1388 3874 1632 3944 discipuli
1664 3895 1676 3931 :
1710 3892 1814 3931 non

217 3958 368 4013 enim
396 3960 608 4031 inquit,
651 3960 1002 4031 impossibilia
1044 3967 1308 4037 injungis,
1348 3984 1511 4039 grave
1538 3970 1638 4024 hoc
1665 3986 1817 4024 mau-

217 4054 405 4105 datum
432 4094 449 4117 ,
480 4053 713 4109 difficilis
740 4056 839 4110 ista
868 4057 951 4111 lex
979 4075 991 4110 ε
1022 4074 1195 4128 neque
1222 4060 1273 4113 in
1302 4060 1513 4115 silentio
1543 4064 1772 4131 perstitit
1800 4080 1814 4118 :

222 4145 317 4199 sed
345 4161 531 4200 curam
558 4162 709 4201 suam
737 4189 752 4214 ,
788 4163 947 4219 quam
978 4149 1047 4205 de
1074 4152 1321 4207 omnibus
1344 4151 1605 4219 habebat,
1633 4166 1817 4210 osten-

218 4237 329 4299 dit,
376 4246 435 4292 et
477 4240 792 4309 prteceptori
820 4256 849 4293 a
880 4240 1141 4314 discipulo
1181 4242 1413 4298 denitam
1460 4248 1817 4301 reverentiam

222 4328 541 4398 impertivit,
564 4330 752 4384 dicens
781 4347 794 4384 :
818 4327 888 4385 Et
905 4333 1017 4402 quis
1043 4342 1203 4404 potest
1222 4336 1387 4388 salvus
1410 4336 1521 4403 ﬁeri
1540 4337 1563 4388 Ρ
1584 4336 1819 4391 nondum

223 4421 397 4477 factus
422 4431 627 4493 pastor,
661 4425 890 4495 pastoris
910 4428 1147 4480 animum
1187 4427 1452 4483 habebat:
1484 4429 1718 4484 nondum
1770 4431 1820 4485 in

225 4517 461 4588 imperio
489 4526 545 4573 et
570 4519 869 4588 principatu
895 4519 1215 4575 constitutus
1235 4562 1249 4586 ,
1279 4521 1504 4591 principi
1527 4536 1825 4591 congruen-

227 4619 336 4665 tem
358 4623 546 4663 cnram
574 4610 822 4664 servabat
846 4652 863 4677 ,
895 4610 962 4664 de
989 4610 1240 4665 universo
1268 4612 1399 4665 orbe
1439 4612 1719 4666 sollicitus.
1767 4612 1820 4666 Si

227 4705 374 4758 enim
416 4703 575 4758 dives
614 4702 802 4759 fuisset
826 4745 841 4770 ,
893 4712 948 4758 et
971 4704 1154 4758 multis
1174 4705 1412 4775 pecuniis
1433 4704 1788 4759 circumfusus
1809 4748 1822 4769 ,

227 4799 439 4851 diceret
477 4793 705 4850 fortasse
745 4796 1009 4866 quispiam
1032 4837 1047 4862 ,
1079 4799 1201 4850 eum
1231 4810 1336 4850 non
1361 4794 1431 4850 de
1459 4795 1700 4866 reliquis,
1732 4797 1825 4851 sed

227 4892 296 4943 de
320 4890 504 4957 seipso
526 4890 742 4959 suisque
763 4891 925 4945 rebus
944 4890 1160 4944 anxium
1178 4888 1333 4943 istam
1360 4888 1826 4957 interrogationem

231 4982 569 5049 protulisse:
600 4997 742 5037 nunc
769 4990 949 5037 autem
990 4993 1277 5053 paupertas
1319 4982 1490 5051 ipsum
1532 4982 1723 5037 liberat
1763 4985 1831 5037 ab

233 5076 338 5131 hac
367 5076 707 5143 suspicione.
740 5076 1079 5146 ostenditque
1114 5092 1237 5131 eum
1280 5075 1347 5131 de
1393 5077 1618 5130 aliorum
1662 5076 1831 5132 salute

232 5166 461 5222 anxium
481 5209 497 5233 ,
529 5166 944 5223 sollicitudinem
976 5168 1132 5222 istam
1160 5181 1208 5223 ct
1239 5184 1421 5223 curam
1444 5169 1695 5240 gessisse,
1727 5180 1777 5224 et
1802 5185 1831 5224 a

236 5258 499 5331 magistro
513 5273 840 5331 cognoscere
861 5261 1001 5314 viam
1018 5260 1204 5314 salutis
1230 5260 1479 5315 voluisse.
1501 5260 1836 5331 Quapropter

236 5362 293 5407 et
311 5350 563 5409 Christus
588 5352 637 5406 ei
662 5350 909 5407 fiduciam
942 5351 1130 5407 indens
1161 5353 1294 5406 dixit
1318 5394 1333 5418 ,
1364 5351 1493 5419 ρυω
1511 5352 1650 5420 apud
1676 5352 1836 5406 homi-

235 5459 328 5496 nes
367 5441 704 5512 impossibilia
747 5452 900 5506 sunt,
948 5458 1008 5495 ea
1052 5443 1190 5512 apud
1230 5437 1393 5494 Deum
1420 5440 1679 5511 possibilia
1721 5452 1839 5496 sunt

238 5536 369 5601 Ub.
404 5552 454 5590 υ.
500 5533 630 5604 21).
689 5534 757 5589 Et
801 5550 868 5589 ne
926 5544 1121 5605 putes,
1194 5535 1397 5604 inquit,
1448 5551 1543 5590 vos
1596 5535 1839 5591 desertos

237 5627 473 5696 relinqui
499 5669 513 5691 ,
545 5640 645 5695 ego
692 5627 747 5681 in
793 5625 892 5679 hoc
920 5626 1133 5694 negotio
1160 5625 1321 5680 etiam
1353 5641 1500 5681 meas
1527 5641 1715 5680 manus
1740 5626 1837 5679 ad-

236 5718 476 5773 movebo
499 5761 514 5783 ,
543 5727 599 5771 et
626 5716 791 5772 ardua
818 5716 990 5771 facilia
1020 5729 1073 5771 ct
1100 5716 1344 5786 expedita
1376 5715 1583 5771 faciam.
1634 5715 1840 5771 Rursus

239 5814 312 5866 de
364 5809 705 5865 mtrimonio
751 5818 802 5865 et
847 5820 1012 5870 uxore
1060 5807 1362 5879 disputante
1387 5807 1599 5868 Christo
1642 5824 1702 5863 ac
1750 5793 1855 5864 dir

1913 476 2070 523 conte
2092 510 2108 533 ,
2143 469 2204 522 Si
2228 470 2341 540 quis
2365 470 2646 539 repudiarit
2673 483 2883 523 uxorem
2907 509 2919 530 ,
2969 474 3175 534 excepta
3207 458 3501 533 fornicatio-

1909 560 1988 612 m's
2013 576 2185 623 causa,
2212 561 2335 629 facit
2357 576 2466 613 eam
2498 560 2736 613 marchari
2759 555 3041 627 (Matth.5.
3059 552 3152 619 '52)
3182 560 3499 607 :etomncm

1912 650 2168 704 malitiam
2215 651 2397 705 uxoris
2442 652 2715 707 ferendam
2757 664 2878 705 esse
2907 648 3264 711 admonente,
3308 650 3504 713 prtcter

1910 742 2112 797 crimen
2141 742 2523 807 fornicationis,
2560 746 2749 799 Petrus
2773 743 2889 797 aliis
2915 740 3161 795 omnibus
3182 735 3500 797 tacentibus,

1910 835 2180 889 Christum
2213 836 2536 904 alloquitur:
2564 837 2625 891 Si
2654 834 2933 889 istiusmodi
2954 828 3173 886 conditio
3195 839 3263 884 est
3287 825 3506 881 hominis

1912 943 2025 979 eum
2041 943 2213 992 uxore,
2233 944 2334 981 non
2353 927 2943 998 expedttmatrimonium
2972 925 3099 977 inire
3129 920 3242 990 (Id.
3274 919 3361 974 i9.
3390 916 3501 1001 10)-

1986 1018 2168 1075 Petrus
2193 1021 2254 1074 de
2279 1022 2496 1075 aliorum
2517 1023 2681 1074 salute
2707 1020 2973 1075 sollicitus.
3001 1017 3204 1086 Accepti
3228 1024 3275 1069 et
3299 1014 3505 1079 expensi

1912 1111 2041 1164 ratio
2094 1110 2201 1165 Deo
2240 1112 2517 1165 reddenda.
2544 1141 2611 1151 -—
2638 1113 2704 1167 Et
2732 1111 2818 1165 hic
2848 1124 3060 1179 quoque
3089 1106 3210 1160 vide
3238 1102 3507 1176 quomodo

1912 1205 2190 1260 decentem
2215 1207 2469 1275 magistro
2499 1206 2849 1261 reverentiam
2879 1201 3251 1264 conservavit,
3290 1206 3345 1251 et
3382 1196 3508 1250 reli-

1913 1312 2138 1365 quorum
2166 1298 2354 1352 salutis
2378 1313 2559 1351 curam
2612 1310 2659 1365 gi
2677 1297 2743 1350 sit
2766 1338 2778 1358 ,
2822 1309 2889 1347 ne
2928 1294 3047 1346 istic
3088 1291 3300 1360 quidem
3332 1288 3397 1341 de
3421 1301 3504 1339 re-

1914 1388 2014 1443 bus
2039 1391 2149 1444 suis
2178 1390 2457 1444 sollicitus.
2484 1389 2561 1444 Ne
2586 1400 2763 1443 autem
2794 1388 2880 1439 hic
2910 1382 3205 1439 istiusmodi
3234 1379 3501 1450 quidpiam

1913 1482 2091 1547 dicat,
2125 1483 2421 1549 anticipans
2457 1499 2551 1551 per
2581 1480 2883 1551 parabolam
2911 1520 2924 1539 ,
2962 1478 3077 1546 ejus
3124 1472 3503 1530 contradictio-

1917 1590 2036 1629 nem
2057 1576 2359 1629 antevertit.
2388 1574 2499 1628 Hac
2536 1574 2603 1627 de
2629 1587 2785 1627 causa
2810 1568 3132 1639 evangelista
3163 1565 3332 1628 dixit,
3379 1560 3507 1615 Ideo

1914 1666 2250 1721 assimilatum
2275 1676 2345 1719 est
2370 1683 2577 1736 regnum
2608 1667 2845 1718 cwlorum
2872 1660 3058 1715 homini
3089 1659 3213 1728 regi,
3246 1658 3330 1727 qui
3356 1653 3510 1709 voluit

1915 1777 2098 1831 ponere
2122 1763 2368 1814 rationem
2405 1776 2519 1813 cum
2557 1758 2709 1811 servis
2734 1757 2835 1810 suis
2863 1770 2881 1808 :
2911 1751 3236 1813 ostendens,
3284 1764 3342 1803 se
3388 1746 3508 1801 ideo

1919 1855 2224 1925 parabolam
2251 1854 2390 1907 hanc
2418 1854 2596 1907 dicere
2618 1894 2632 1916 ,
2678 1860 2735 1904 ut
2759 1849 2935 1903 discas
2959 1857 3012 1901 te
3032 1887 3046 1911 ,
3078 1844 3177 1899 etsi
3205 1840 3509 1912 septuagies

1916 1947 2114 2017 septies
2145 1947 2195 2001 in
2221 1947 2310 2000 die
2336 1944 2486 2000 fratri
2518 1953 2733 2015 peccata
2760 1937 3069 2002 remiseris,
3104 1935 3232 1990 nihil
3264 1930 3511 2003 magnifi'o

1915 2058 2035 2096 cum
2064 2042 2281 2108 fecisse,
2329 2041 2424 2096 sed
2456 2040 2679 2094 multum
2722 2036 2896 2091 adhuc
2921 2043 2975 2088 et
3002 2034 3319 2086 immensum
3349 2042 3376 2079 a
3409 2027 3511 2078 lto-

1918 2135 2048 2188 mini
2077 2134 2360 2189 clementia
2387 2134 2599 2198 abesse,
2632 2146 2695 2184 ac
2716 2144 2820 2183 non
2852 2135 3055 2180 tantum
3082 2122 3320 2185 dedisse,
3344 2134 3511 2190 quan-

1918 2234 2026 2279 tum
2055 2226 2340 2294 receperis.

1988 2318 2041 2372 4.
2066 2316 2359 2371 Audiamus
2382 2314 2544 2385 igitur
2571 2309 2879 2384 parabolam
2900 2351 2914 2373 ,
2947 2321 3067 2377 quae
3111 2300 3320 2358 tametsi
3365 2299 3508 2353 clara

1916 2410 2176 2472 videatur,
2201 2407 2361 2462 habet
2381 2419 2557 2461 tamen
2586 2404 2853 2459 occultum
2880 2398 3161 2470 quemdam
3190 2404 3243 2449 et
3270 2390 3512 2447 ineffabi-

1918 2502 2020 2556 lem
2048 2499 2431 2555 sentcntiarum
2474 2496 2803 2551 thesaurum.
2829 2489 3175 2546 Assimilatum
3205 2493 3275 2539 est
3304 2497 3512 2553 regnum

1918 2601 2160 2647 ca’torum
2191 2591 2383 2645 homini
2412 2589 2552 2660 regi,
2599 2587 2687 2658 qui
2733 2586 2890 2640 voluit
2919 2583 3163 2636 rationem
3191 2593 3374 2647 ponere
3395 2591 3511 2628 cum

1916 2687 2069 2739 servis
2094 2686 2215 2738 suis.
2257 2682 2334 2737 Ne
2360 2680 2488 2736 mihi
2527 2688 2904 2753 praetercurras
2929 2672 3243 2740 simpliciter
3283 2669 3380 2722 has
3417 2682 3511 2719 vo-

1917 2792 2026 2843 ces,
2057 2777 2151 2830 sed
2175 2775 2359 2830 evolve
2388 2782 2442 2828 et
2468 2773 2673 2840 explica
2704 2776 2946 2823 naturam
2968 2766 3084 2833 ejus
3108 2761 3312 2834 jndicit,
3341 2768 3513 2813 tuam-

1918 2884 2020 2937 que
2045 2867 2423 2922 conscientiam
2466 2865 2771 2933 ingressus,
2817 2866 3065 2928 computa
3109 2852 3362 2925 quidquid
3402 2858 3511 2904 ate

1920 2958 2115 3013 factum
2146 2968 2229 3012 est
2255 2973 2349 3026 per
2382 2970 2595 3009 omnem
2622 2940 2820 3018 vitam,
2864 2958 2912 3004 et
2937 2965 3056 3003 cum
3084 2944 3315 3000 audieris
3343 2943 3508 2996 ratio-

1919 3069 2040 3107 nem
2067 3051 2341 3106 dominum
2372 3048 2617 3102 Conferre
2645 3061 2764 3100 cum
2791 3043 2960 3098 servis
2985 3041 3117 3105 suis,
3147 3039 3320 3108 cogita
3345 3036 3395 3089 in
3426 3034 3510 3089 his

1920 3143 2095 3199 verbis
2136 3156 2289 3211 reges
2330 3146 2385 3194 et
2414 3139 2576 3195 duces
2600 3180 2615 3204 ,
2654 3145 2709 3191 et
2752 3133 3002 3206 praesides
3029 3172 3043 3195 ,
3100 3141 3155 3184 et
3190 3128 3415 3190 divites,
3455 3131 3513 3178 et

1920 3249 2181 3307 pauperes
2201 3276 2215 3299 ,
2247 3242 2301 3287 ct
2330 3247 2514 3286 servos
2536 3273 2550 3294 ,
2583 3238 2637 3284 et
2667 3229 2862 3282 liberos
2881 3267 2897 3291 ,
2942 3233 2995 3279 et
3023 3220 3273 3292 quidquid
3299 3230 3380 3274 est
3413 3219 3511 3299 lto-

1921 3330 2122 3382 tninum
2141 3368 2156 3393 ,
2205 3326 2421 3394 intelligi
2449 3344 2461 3378 :
2495 3322 2682 3377 Omnes
2707 3321 2837 3373 enim
2864 3336 2954 3372 nos
2979 3315 3293 3386 manifestari
3318 3320 3514 3393 oportet

1919 3428 2037 3471 ante
2064 3416 2283 3469 tribunal
2309 3415 2496 3471 Christi
2525 3413 2611 3487 (Ξ.
2636 3410 2755 3467 Cor.
2786 3411 2978 3482 5.10).
3005 3408 3155 3477 Quod
3182 3408 3224 3461 si
3246 3406 3396 3459 dives
3416 3403 3512 3485 sis.

1921 3512 2091 3580 cogita
2119 3507 2257 3578 quod
2279 3509 2540 3561 rationem
2569 3504 2721 3559 dabis
2740 3545 2756 3569 ,
2784 3513 2961 3556 utrum
2995 3500 3049 3554 in
3076 3498 3416 3555 meretrices,
3445 3508 3515 3577 an

1924 3607 1975 3657 in
2010 3618 2289 3674 pauperes,
2325 3602 2574 3670 pecunias
2604 3597 2954 3666 insumpseris
2983 3612 2996 3648 :
3022 3603 3197 3648 utrum
3230 3594 3280 3646 iu
3310 3588 3514 3661 parasi—

1925 3706 2007 3749 tos
2032 3703 2085 3749 et
2108 3702 2471 3750 assentatores
2491 3734 2507 3757 ,
2554 3706 2620 3745 an
2654 3689 2707 3744 in
2737 3697 2954 3759 egentes
2985 3704 2998 3741 :
3034 3695 3207 3739 utrum
3239 3684 3290 3741 in
3334 3680 3512 3735 libidi-

1925 3802 2046 3841 nem
2069 3828 2083 3851 ,
2114 3802 2180 3839 an
2211 3786 2262 3839 in
2294 3784 2678 3839 immanitatem
2705 3798 2718 3835 :
2752 3790 2929 3834 utrum
2959 3777 3012 3831 in
3042 3775 3292 3835 delicias,
3330 3771 3513 3843 prndi—

1923 3881 2193 3947 galitatem
2216 3919 2231 3940 ,
2262 3876 2614 3939 ebrietatem,
2653 3889 2720 3926 an
2752 3872 2804 3926 in
2835 3871 3151 3925 afflictarum
3191 3864 3513 3921 subsidium.

1924 3970 2040 4025 Non
2089 3970 2157 4023 de
2195 3968 2445 4038 expensis
2492 3962 2863 4026 solummodo,
2906 3961 2999 4015 sed
3048 3960 3112 4013 de
3153 3954 3518 4028 acquisitionis

1927 4062 2087 4115 modo
2113 4061 2373 4114 rationem
2405 4057 2763 4128 postulaberis
2793 4073 2806 4109 :
2837 4065 3012 4107 utrum
3038 4050 3196 4121 justis
3224 4047 3517 4110 laboribus,

1925 4169 1993 4207 an
2027 4153 2224 4222 rapinis
2249 4160 2303 4204 et
2332 4150 2554 4203 avaritia
2578 4148 2855 4217 pecuniam
2900 4144 3180 4213 eollegeris
3207 4159 3218 4193 :
3248 4150 3421 4194 utrum
3450 4138 3521 4191 sit

1928 4244 2230 4315 patrimonii
2258 4242 2545 4306 hereditas,
2573 4255 2638 4293 an
2666 4239 2715 4292 id
2745 4246 2985 4291 coactum
3009 4236 3077 4289 sit
3103 4249 3167 4287 ex
3202 4230 3518 4302 pupillorum

1928 4338 2131 4393 eversis
2167 4334 2434 4397 domibus,
2460 4343 2513 4388 et
2554 4328 2958 4401 Spoliatiouibus
2997 4326 3294 4379 viduarmn.
3324 4321 3523 4387 Quem-

1930 4431 2215 4486 admodqu
2259 4443 2358 4482 nos
2392 4442 2497 4480 non
2549 4426 2720 4480 solum
2762 4438 2791 4476 a
2837 4421 3006 4476 servis
3037 4420 3233 4473 nostris
3261 4415 3528 4469 rationein

1930 4523 2082 4577 elata:
2112 4519 2351 4589 pecunia:
2373 4560 2388 4584 ,
2431 4516 2524 4571 sed
2554 4516 2715 4571 etiam
2750 4514 2912 4569 illatae
2943 4511 3316 4581 exposcimus,
3358 4520 3521 4559 excu—

1932 4619 2126 4671 tientes
2170 4613 2311 4669 unde
2351 4608 2634 4682 pecunias,
2689 4626 2716 4660 a
2757 4608 2987 4677 quibus,
3036 4613 3089 4661 et
3125 4598 3428 4673 quomodo,
3468 4604 3524 4649 et

1931 4720 2155 4781 quantas
2182 4706 2488 4776 acceperint
2515 4722 2531 4758 :
2563 4704 2633 4757 ita
2677 4713 2729 4756 ct
2758 4704 2898 4757 Deus
2928 4715 3030 4753 non
3061 4697 3232 4752 solum
3264 4690 3481 4761 expensi
3503 4729 3519 4750 ,

1933 4780 2027 4856 sed
2055 4800 2214 4855 etiam
2246 4797 2449 4867 accepti
2497 4803 2553 4850 et
2590 4793 2833 4862 acquisiti
2875 4791 3106 4845 rationes
3130 4785 3378 4856 postulat.
3407 4780 3535 4861 Non

1934 4896 2106 4950 stilum
2134 4906 2261 4946 vero
2287 4890 2471 4956 dives,
2516 4887 2609 4943 sed
2637 4897 2692 4941 et
2735 4900 2935 4959 pauper
2968 4881 3201 4937 rationes
3239 4877 3321 4933 vel
3361 4875 3527 4945 ipsius

1936 4984 2263 5057 paupertatis
2303 4983 2446 5037 subit
2478 5000 2491 5035 :
2522 4996 2589 5035 an
2616 4993 2878 5051 generoso
2906 4983 2962 5037 et
2984 4983 3137 5048 grato
3174 4971 3353 5025 animo
3390 4982 3526 5039 pau-

1941 5086 2199 5148 pertatem
2222 5075 2402 5129 tulerit
2425 5116 2439 5141 ,
2475 5090 2541 5127 an
2588 5088 2692 5126 non
2723 5085 2864 5139 mgre
2895 5066 3108 5129 tulerit,
3153 5079 3219 5118 an
3248 5078 3354 5118 non
3387 5059 3527 5114 indi-

1938 5183 2131 5244 gnatus
2160 5170 2348 5236 fuerit,
2378 5185 2445 5222 an
2489 5182 2594 5222 non
2623 5161 2941 5220 incusaverit
2971 5159 3061 5215 Dei
3098 5153 3487 5229 providentiam
3512 5193 3526 5216 ,

1940 5284 2060 5323 cum
2089 5265 2295 5319 videret
2339 5263 2502 5316 alium
2543 5260 2597 5313 in
2638 5254 2999 5326 voluptatibus
3043 5251 3383 5307 deliciantem
3408 5287 3423 5311 ,
3469 5260 3530 5297 se

1943 5362 2161 5417 autem'
2204 5359 2257 5414 in
2304 5364 2541 5426 egestate
2574 5352 2800 5407 versari.
2832 5348 2902 5405 Ut
2926 5347 3068 5401 enim
3106 5361 3136 5401 a
3180 5344 3343 5398 divite
3388 5340 3532 5395 elee-

1945 5466 2204 5524 mosyute,
2236 5451 2306 5504 ita
2342 5464 2370 5501 a
2405 5460 2640 5518 paupere
2689 5441 2988 5498 tolerantia:
3032 5437 3321 5507 requiritur
3349 5433 3483 5487 ratio
3512 5431 3549 5481 :‘

1947 5546 2054 5599 imo
2082 5557 2187 5597 non
2214 5542 2383 5595 solum
2412 5537 2707 5593 tolerantia:
2729 5575 2745 5600 ,
2772 5532 2865 5588 sed
2892 5532 3051 5586 etiam
3097 5529 3261 5603 ipsius
3300 5525 3535 5579 eluentu-

1947 5654 2094 5709 syna:
2124 5656 2135 5688 :
2170 5651 2274 5689 non
2304 5633 2445 5688 enim
2472 5631 2632 5687 habet
2660 5627 3093 5717 impedimentm‘n
3136 5620 3201 5674 ad
3232 5620 3530 5686 elcemosy—

2013 5756 2028 5784 ⁸
2068 5760 2206 5815 Reg,
2227 5746 2531 5800 deficiantem
2562 5758 2649 5799 nec
2681 5751 2836 5795 tamen
2878 5736 3555 5807 dititirtsimminuentmn5;.

1950 5822 2123 5865 autent.
