4010 6342
504 346 574 404 23
1257 347 1316 402 S.
1351 346 1629 403 JO.\.\'.‘ilS
1669 345 2094 404 CilBYSOS'l'US

2201 345 2493 403 tRClilEP.
2533 346 3074 404 CONSTANTINOP.
3718 342 3789 397 υ

505 476 623 515 nam
651 469 965 531 paupertas.
1002 456 1174 513 Testis
1205 468 1285 513 cst
1312 458 1467 518 vidua
1503 474 1621 531 qua:
1667 459 1775 514 duo
1804 458 2007 515 minuta
2033 459 2086 513 in

508 551 937 631 gazophylacium
961 550 1155 621 dejecit
1177 593 1191 614 ,
1225 563 1274 606 et
1304 567 1400 610 eos
1425 554 1513 623 qui
1543 554 1767 624 plurima
1792 551 2091 619 dederant,

512 655 701 713 magno
734 640 1009 698 intervallo
1036 644 1338 714 superavit,
1371 642 1529 715 idque
1572 658 1678 699 tam
1718 646 1917 701 mitmta
1940 645 2089 701 obla-

504 736 737 790 tiuucula
766 734 971 808 (Marc.
998 734 1082 790 12.
1114 735 1240 805 42).
1270 736 1387 793 Non
1427 737 1600 792 solum
1626 748 1803 793 autem
1830 737 2021 792 divites
2041 746 2096 792 et

508 842 772 898 pauperes
793 869 806 888 .
834 825 928 881 sed
958 826 1215 897 praesides
1236 827 1509 893 etjudices
1533 844 1653 883 cum
1679 830 1843 882 multa
1865 828 2093 899 diligen-

505 924 575 976 tia
605 921 977 976 examinantur
1002 937 1068 975 an
1101 936 1209 975 non
1242 922 1335 990 jus
1359 923 1735 991 corruperint,
1782 939 1847 977 an
1877 937 1983 977 non
2027 921 2093 976 ad

503 1013 726 1083 gratiam
758 1012 838 1066 vel
876 1012 1056 1066 odium
1088 1012 1325 1067 calculos
1346 1014 1398 1068 in
1424 1011 1611 1069 litibus
1637 1008 2092 1083 deprompserint,

504 1117 572 1158 an
615 1119 719 1157 non
772 1104 961 1158 molliti
1002 1100 1350 1170 adulatione,
1411 1114 1599 1158 contra
1646 1119 1806 1173 quam
1857 1119 1952 1174 par
1980 1111 2097 1158 erat

506 1194 827 1249 sententiam
854 1194 1120 1259 dederint,
1149 1211 1215 1249 an
1241 1211 1344 1249 non
1370 1210 1635 1250 memores
1655 1194 1975 1251 offensarum
2002 1210 2097 1251 eos

507 1288 812 1343 vexat-crint
837 1329 851 1352 ,
884 1287 975 1359 qui
1000 1284 1130 1342 nihil
1160 1296 1468 1357 peccarant.

583 1378 711 1443 Qua:
744 1379 874 1432 ratio
905 1379 1162 1432 reddenda
1201 1390 1270 1433 est
1307 1380 1650 1433 ecclesiasticis
1679 1380 1997 1449 praesulibus.
2026 1408 2098 1420 ~—

504 1466 622 1523 Non
656 1470 828 1525 solum
858 1481 1038 1525 autem
1080 1472 1363 1526 saaculares
1407 1472 1747 1542 magistratus
1771 1514 1788 1537 ,
1828 1474 1920 1529 sed
1946 1482 2000 1528 ct
2025 1472 2095 1527 illi

504 1562 594 1629 qui
627 1561 877 1617 Ecclesiis
909 1572 1173 1632 praesunt,
1224 1578 1334 1617 suae
1381 1564 1711 1633 praefectura:
1734 1567 1968 1620 rationes
2006 1564 2099 1620 da-

506 1653 675 1718 bunt,
706 1662 759 1708 et
785 1654 1052 1726 praecipue
1089 1655 1172 1710 isti
1200 1664 1358 1719 sunt,
1403 1655 1494 1727 qui
1532 1656 1762 1727 majores
1786 1699 1803 1724 ,
1852 1657 2098 1713 acerbio-

510 1763 599 1803 res
627 1789 644 1814 ,
676 1758 728 1802 et
749 1749 1027 1818 graviores
1059 1764 1244 1817 pmuas
1271 1750 1631 1804 sustinebunt.
1661 1750 1754 1805 Cui
1786 1751 1926 1805 enim
1952 1751 2096 1806 verbi

506 1838 898 1893 administratio
924 1841 1208 1894 commissa
1240 1849 1323 1894 est
1347 1881 1361 1904 ,
1410 1841 1693 1911 diligenter
1724 1843 1791 1895 ibi
1822 1843 2096 1897 examina-

505 1930 669 1996 hitur,
700 1946 765 1985 an
816 1947 918 1984 non
968 1932 1210 2002 segnitie,
1249 1940 1333 1986 aut
1380 1933 1576 1988 invidia
1622 1934 1820 2004 aliquid
1859 1935 2100 1990 omiserit

506 2035 694 2076 eorum
721 2062 737 2087 ,
769 2038 887 2091 quze
915 2021 1136 2076 dicenda
1161 2033 1343 2085 erant,
1371 2032 1426 2077 et
1454 2038 1549 2093 per
1587 2040 1747 2093 opera
1774 2024 2096 2092 exhibuerit,

507 2129 575 2166 an
607 2113 783 2167 omnia
815 2114 1156 2183 explicuerit,
1187 2114 1427 2185 nihilque
1447 2117 1514 2169 ab
1541 2115 1631 2171 illo
1660 2117 1978 2172 occul:atum
2005 2119 2095 2186 sit,

505 2205 651 2275 quod
681 2206 823 2260 dictu
851 2221 1030 2276 opera:
1062 2208 1289 2277 pretium
1314 2216 1448 2261 erat.
1480 2207 1688 2264 Rursus
1714 2209 1801 2279 qui
1824 2211 2100 2281 episcopa-

508 2305 620 2351 tum
648 2295 871 2367 adeptus
896 2306 998 2361 est,
1028 2308 1229 2368 quanto
1251 2298 1316 2352 ad
1344 2298 1605 2368 majorem
1631 2300 1884 2354 verticem
1913 2315 2101 2356 ascen-

510 2389 628 2455 dit,
675 2398 823 2443 tanto
861 2390 1152 2460 majoribus
1190 2390 1452 2446 obnoxius
1481 2392 1583 2447 erit
1611 2392 1906 2447 rationibus
1929 2433 1944 2456 ,
1993 2408 2097 2448 non

510 2481 686 2536 solum
712 2480 778 2536 de
806 2480 1050 2536 doctrina
1078 2491 1132 2536 et
1159 2496 1450 2551 pauperum
1478 2484 1796 2553 patrocinio,
1824 2483 1917 2538 sed
1938 2484 2098 2539 etiam

512 2573 580 2628 dc
625 2575 1019 2629 examinatione
1058 2574 1474 2630 ordinandorum
1500 2616 1516 2643 ,
1560 2574 1783 2645 aliisque
1811 2576 2097 2632 sexcentis.

512 2665 580 2719 Et
624 2664 737 2720 inec
784 2665 1065 2720 declarans
1110 2666 1309 2720 Paulus
1354 2664 1421 2720 ad
1466 2665 1805 2721 Timotheum
1842 2667 2097 2736 scripsit:

516 2756 702 2812 Manus
735 2760 834 2811 cito
860 2759 1047 2812 nemini
1074 2759 1405 2829 imposueris,
1449 2775 1606 2829 neque
1633 2760 1966 2814 communices
1987 2776 2102 2828 pec-

511 2851 636 2903 catis
676 2851 854 2905 alienis
885 2851 934 2921 (l
971 2849 1105 2906 Tim.
1136 2852 1190 2906 5.
1214 2850 1323 2920 22)
1351 2869 1365 2906 :
1394 2860 1449 2906 et
1476 2851 1543 2906 ad
1581 2851 1836 2907 Hebrmos
1863 2852 2103 2909 scribens

509 2942 578 2997 de
605 2942 790 2998 iisdem
830 2943 1118 3015 prtefectis,
1150 2944 1250 2998 alia
1284 2945 1490 3000 ratione
1533 2944 1821 3000 terrefacit.
1858 2943 2099 3010 Obedite,

508 3036 713 3103 inquit,
763 3035 1049 3105 praepositis
1086 3037 1294 3102 vestris,
1326 3045 1373 3089 et
1403 3036 1654 3106 subjacete
1694 3039 1766 3091 eis
1795 3052 1814 3091 .'
1843 3037 1942 3107 ipsi
1969 3037 2102 3091 enim

506 3129 715 3195 vigilant
756 3145 909 3197 super
947 3128 1210 3185 animabus
1266 3132 1439 3185 uestris
1468 3171 1486 3197 ,
1535 3140 1590 3183 ut
1637 3131 1883 3185 rationem
1930 3132 2103 3185 daturi

510 3220 704 3286 (Hebr.
735 3222 821 3276 t3.
852 3222 976 3292 17).
1006 3222 1138 3281 Tum
1157 3237 1285 3277 vero
1307 3236 1410 3277 non
1435 3224 1692 3278 factorum
1712 3225 1907 3291 solum,
1926 3224 2018 3279 sed
2047 3234 2102 3279 et

518 3313 803 3368 verborum
831 3313 1069 3369 rationes
1093 3303 1409 3373 sttbibimus.
1452 3315 1913 3380 Quemadmodum
1956 3316 2098 3371 enim

509 3419 609 3459 nos
628 3420 748 3460 cum
790 3409 1044 3474 pecunias
1092 3405 1262 3463 servis
1291 3405 1664 3461 concredimus
1687 3448 1703 3471 ,
1743 3407 1981 3462 omnium
2012 3425 2100 3465 re-

510 3494 779 3564 poscimus
807 3494 1042 3550 rationes
1066 3537 1080 3560 ,
1116 3497 1183 3549 ita
1216 3512 1428 3568 quoque
1474 3497 1614 3552 Deus
1640 3498 1707 3553 de
1745 3499 1921 3553 verbis
1948 3501 2102 3556 nobis

507 3584 836 3641 concreditis
867 3587 1103 3657 requiret
1127 3588 1397 3658 quomodo
1425 3588 1511 3643 illa
1539 3590 1971 3660 expenderimus.
1998 3592 2102 3649 Re-

509 3676 783 3746 poscimur
817 3677 960 3731 enim
1008 3686 1061 3732 et
1103 3679 1470 3734 examinamur
1500 3696 1753 3752 perquam
1795 3682 2097 3754 diligenter,

506 3784 634 3824 num
681 3775 917 3832 temere,
972 3785 1096 3823 num
1124 3769 1318 3825 frustra
1344 3787 1405 3825 ea
1449 3772 1890 3843 insumpserimus
1932 3793 1945 3828 :
1992 3793 2097 3831 non

505 3862 648 3915 ettim
678 3878 925 3918 nummus
953 3873 1154 3920 temere
1178 3865 1451 3936 expositus
1482 3867 1552 3922 ita
1579 3867 1723 3922 laedit
1747 3877 1803 3922 ut
1826 3870 1985 3924 verba
2018 3881 2096 3925 te-

506 3967 656 4007 mere
697 3964 750 4008 et
792 3954 986 4009 frustra
1013 3954 1151 4011 elata
1170 3995 1187 4023 ,
1216 3971 1338 4011 cum
1361 3957 1489 4011 nihil
1516 3972 1648 4027 opus
1678 3967 1813 4013 erat.
1840 3958 2098 4016 Nummus

505 4046 651 4100 enim
678 4045 870 4101 frustra
903 4049 1200 4119 insumptus
1229 4049 1469 4119 pecuniae
1512 4049 1798 4120 aliquando
1842 4051 2096 4107 damnum

506 4137 680 4201 :ttl‘ert,
712 4154 890 4193 sermo
919 4150 1095 4195 autem
1137 4140 1501 4211 imprudenter
1526 4143 1834 4199 enuntiatus
1862 4144 2097 4216 integras

505 4229 696 4283 domos
720 4231 952 4297 evertit,
998 4240 1053 4286 et
1093 4233 1325 4287 animam
1358 4235 1531 4304 perdit
1560 4254 1572 4287 :
1608 4236 1951 4304 pecuniarum
1978 4241 2095 4310 qui-

503 4323 625 4375 dem
656 4322 907 4378 damnum
936 4327 1193 4381 resarcire
1216 4326 1361 4393 licet,
1393 4329 1613 4384 verbum
1636 4344 1764 4385 vero
1789 4329 1929 4401 quod
1955 4332 2096 4386 exsi-

504 4414 644 4467 lierit
670 4414 866 4482 semel,
899 4430 1148 4473 revocare
1177 4434 1282 4473 non
1311 4418 1452 4474 licet.

586 4503 859 4560 Verborum
883 4507 1033 4561 etiam
1054 4509 1237 4563 luenda
1271 4528 1438 4580 pana.
1468 4510 1616 4565 Ratio
1638 4512 1841 4567 delendi
1866 4524 2091 4583 peccata.

504 4597 837 4667 Imputantur
869 4599 938 4652 ad
988 4601 1181 4655 veniam
1221 4613 1543 4673 peccatorum
1574 4605 1795 4659 actiones
1824 4604 1987 4659 bonae.
2022 4634 2094 4645 —-

500 4692 767 4744 (latterum
814 4699 872 4745 ut
917 4691 1095 4747 discas
1126 4694 1410 4748 verborum
1453 4710 1638 4765 pmnas
1679 4696 1903 4751 luituros
1935 4712 2090 4763 esse,

500 4780 623 4853 audi
667 4780 792 4852 quid
835 4781 1081 4837 Christus
1109 4782 1252 4838 dicat
1282 4800 1295 4836 :
1324 4783 1453 4839 Dico
1490 4796 1656 4839 autem
1695 4788 1853 4855 vobis,
1877 4790 2011 4859 quod
2031 4791 2094 4843 de

500 4870 640 4924 muni
665 4872 812 4926 verba
834 4873 1016 4941 otioso,
1044 4875 1389 4940 quodcumque
1417 4874 1610 4949 loquuti
1642 4878 1829 4947 fuerint
1863 4880 2091 4937 homines

497 4964 551 5014 in
581 4972 732 5027 terra,
757 4965 967 5019 reddent
992 4967 1236 5020 rationem
1258 4967 1320 5021 de
1339 4985 1396 5021 eo
1421 4969 1473 5022 iu
1499 4970 1581 5023 die
1594 4970 1781 5040 judicii
1802 4987 1821 5025 :
1846 4989 1909 5026 ea:
1931 4975 2088 5027 verbis

497 5072 631 5109 enim
659 5058 757 5111 tuis
793 5059 1191 5128 jttsti/icaberis,
1234 5072 1280 5116 et
1315 5078 1376 5117 ea:
1403 5062 1563 5117 verbis
1593 5065 1692 5119 tuis
1720 5068 2086 5121 condemnabe-

492 5149 567 5203 οἰδ
596 5153 612 5217 (
637 5148 820 5203 Matth.
848 5151 933 5206 12.
967 5152 1059 5207 56.
1084 5153 1151 5208 '57
1174 5154 1215 5226 ).
1261 5151 1378 5208 Non
1407 5155 1579 5208 solum
1610 5164 1784 5210 autem
1822 5155 2083 5211 dictorum

496 5241 758 5294 tationem
785 5241 1090 5311 reddemus,
1114 5245 1206 5299 sed
1239 5256 1289 5299 et
1319 5246 1622 5300 auditorum
1648 5262 1861 5318 quoque
1886 5264 1900 5313 ;
1922 5248 2085 5303 veluti

494 5332 541 5385 si
572 5331 852 5388 adnnseris
882 5333 1069 5389 falsam
1091 5337 1517 5393 criminationem
1538 5349 1725 5394 contra
1749 5338 1963 5395 fratrem
1993 5355 2084 5395 ca-

492 5426 759 5483 lumniose
802 5427 1092 5484 institutam
1127 5447 1141 5484 :
1177 5431 1493 5486 Auditionem
1541 5435 1683 5488 enim
1735 5449 1949 5498 vanam,
2005 5433 2085 5488 in-

491 5518 607 5586 quit
650 5517 942 5588 Scriptura,
988 5536 1053 5575 ne
1098 5521 1343 5590 receperis
1371 5523 1389 5595 (
1414 5522 1579 5577 Exod.
1609 5522 1700 5578 25.
1734 5524 1758 5578 1
1787 5523 1827 5594 ).
1856 5522 2006 5591 Quod
2036 5524 2081 5579 si

495 5610 594 5673 illi,
623 5610 711 5680 qui
738 5612 1003 5682 recipiunt
1030 5628 1219 5668 vanam
1246 5615 1597 5683 auditionem,
1622 5619 1833 5672 veniam
1862 5633 1965 5672 non
1989 5617 2081 5672 Ita-

490 5702 640 5766 bent,
667 5706 758 5773 qui
784 5706 1179 5763 calumniantur
1207 5719 1260 5767 et
1286 5710 1658 5781 criminantur,
1678 5726 1960 5785 quamnam
1988 5712 2080 5769 ha-

490 5798 690 5854 bebunt
720 5798 1158 5859 excusationem!

2271 458 2325 513 5.
2368 459 2435 513 At
2462 456 2589 529 quid
2618 456 2739 513 dico
2761 458 2833 514 de
2862 458 3035 514 verbis
3065 465 3121 512 ct
3145 456 3368 521 auditu,
3397 456 3483 511 ubi
3513 457 3673 514 etiam
3700 475 3794 513 eo.

2192 550 2512 623 gitationum
2540 566 2725 621 ptenas
2751 550 3117 607 sustinemus?
3145 551 3211 605 Et
3249 548 3353 605 hoc
3386 551 3557 621 ipsum
3596 550 3794 607 Paulus

2200 640 2645 707 declarans,dixit
2676 660 2690 696 :
2724 641 3058 707 Quamobrem
3081 658 3142 695 ne
3170 650 3287 695 ante
3312 650 3508 709 tempus
3527 642 3790 708 iudicetis,

2201 733 2359 788 donec
2386 734 2549 787 veniat
2578 732 2826 787 Dominus
2851 735 2937 803 qui
2978 732 3282 787 illuminabit
3317 734 3515 787 occulta
3556 735 3787 789 tenebra-

2200 844 2334 892 rum,
2371 835 2417 880 et
2443 827 2778 896 mnifestabit
2819 827 3032 881 consilia
3073 825 3301 880 cordium
3327 826 3421 897 (1.
3453 825 3573 881 Cor.
3603 826 3658 881 ι.
3690 827 3793 889 5).

2203 916 2294 972 Ille
2330 932 2541 988 quoque
2569 918 2892 988 psalmorum
2931 926 3116 969 cautor
3146 915 3252 976 ait.
3290 914 3536 987 Cogitatio
3572 915 3795 969 homines

2201 1009 2519 1077 conﬁtebitur
2544 1010 2633 1062 tibi
2659 1011 2675 1079 (
2700 1008 2847 1064 Psal.
2871 1010 2959 1065 75.
2992 1009 3049 1063 11
3078 1008 3119 1077 ).
3146 1007 3280 1075 Quid
3302 1017 3479 1062 autem
3508 1006 3637 1062 illud
3666 1016 3750 1062 est
3775 1049 3792 1069 .

2200 1099 2451 1169 Cogitatio
2490 1102 2705 1155 Itominis
2734 1100 3052 1170 confitebitur
3081 1100 3168 1153 tibi
3190 1101 3216 1153 Ρ
3249 1097 3419 1154 Veluti
3448 1098 3491 1152 si
3516 1112 3637 1153 cum
3666 1097 3797 1152 dolo

2200 1204 2254 1247 et
2274 1194 2411 1247 mala
2439 1203 2616 1249 mente
2646 1192 2865 1248 fratrem
2892 1193 3181 1263 alloquaris
3207 1209 3220 1244 :
3244 1191 3287 1245 si
3309 1205 3403 1245 ore
3432 1189 3583 1245 illum
3611 1198 3667 1243 et
3691 1189 3797 1244 lin—

2200 1301 2299 1349 gua
2330 1287 2600 1351 celebres,
2629 1294 2805 1343 mente
2831 1296 3009 1341 autem
3039 1285 3176 1339 mala
3207 1285 3409 1354 cogites
3428 1323 3442 1345 ,
3469 1283 3625 1353 eique
3648 1281 3794 1337 invi-

2201 1379 2348 1433 deas.
2380 1377 2510 1434 Illud
2530 1378 2673 1433 enim
2700 1380 2872 1448 ipsum
2891 1376 3137 1433 Christus
3161 1375 3502 1431 suliindicans
3519 1417 3534 1442 ,
3565 1388 3663 1429 nus
3685 1387 3795 1429 non

2202 1470 2373 1525 Solum
2415 1470 2717 1536 factorum,
2763 1469 2855 1525 sed
2895 1477 2950 1525 et
2985 1468 3365 1540 cogitationum
3396 1482 3609 1539 penam
3640 1465 3793 1521 luere

2202 1562 2336 1617 dixit
2358 1580 2371 1618 :
2400 1563 2499 1628 Qui
2519 1563 2791 1632 inspexerit
2817 1562 3075 1616 mulierem
3097 1562 3165 1615 ad
3182 1562 3635 1629 concupiscenaum
3655 1576 3796 1625 um,

2194 1654 2307 1725 jam
2337 1656 2609 1710 mtechatus
2632 1665 2706 1710 est
2727 1671 2839 1708 eam
2857 1654 2911 1709 in
2932 1654 3084 1708 corde
3103 1670 3196 1708 suo
3218 1654 3236 1723 (
3261 1652 3449 1707 Matth.
3478 1654 3531 1709 5.
3556 1652 3680 1724 28).
3698 1655 3797 1708 Αι-

2203 1747 2290 1816 qui
2319 1761 2423 1800 non
2453 1746 2627 1816 erupit
2652 1746 2706 1801 in
2731 1761 2867 1816 opus
2894 1746 3065 1817 ipsum
3095 1755 3391 1816 peceatum,
3414 1745 3507 1800 sed
3537 1745 3799 1800 hactenus

2205 1837 2258 1892 in
2281 1838 2397 1892 solo
2415 1838 2594 1893 animo
2613 1839 2858 1894 consistit
2886 1857 2898 1893 :
2925 1854 3106 1894 verum
3135 1853 3203 1893 ne
3227 1839 3295 1893 ita
3317 1838 3529 1909 quidem
3553 1838 3800 1908 inculpa-

2204 1938 2286 1983 tus
2317 1944 2530 1984 manere
2556 1938 2749 1999 potest,
2778 1931 2867 2000 qui
2898 1929 3017 1984 ideo
3043 1929 3435 2000 contemplatur
3461 1928 3660 1984 formas
3685 1945 3800 1983 mu-

2205 2021 2392 2076 lierum
2423 2063 2438 2087 ,
2485 2030 2541 2075 ut
2582 2021 2828 2076 incendat
2870 2019 3241 2076 fornicationis
3281 2021 3797 2091 concupiscentiam.

2203 2111 2334 2165 Cum
2368 2112 2524 2183 igitur
2553 2112 2820 2167 audiveris
2860 2127 2984 2168 eum
3015 2112 3277 2167 rationem
3320 2126 3442 2166 cum
3485 2112 3655 2166 servis
3685 2112 3798 2166 suis

2203 2202 2449 2258 conferre
2473 2244 2488 2268 ,
2520 2219 2587 2258 ne
2614 2202 2741 2258 mihi
2771 2204 3099 2274 negligenter
3125 2211 3411 2273 praetereas
3441 2202 3583 2257 illam
3609 2202 3804 2258 dictis-

2206 2311 2324 2348 nem
2357 2312 2370 2347 :
2405 2296 2497 2350 sed
2528 2296 2629 2351 hoc
2654 2296 2889 2367 intelligo
2916 2296 2984 2352 de
3004 2296 3149 2351 onmi
3176 2295 3399 2361 ordine,
3428 2296 3572 2350 omni
3601 2303 3792 2362 actate,

2204 2398 2436 2461 utroque
2461 2404 2612 2452 sexu,
2638 2400 2693 2445 et
2721 2390 2954 2444 virorum
2980 2398 3036 2445 et
3060 2388 3374 2445 feminarum
3402 2406 3416 2442 :
3443 2388 3617 2458 cogita
3640 2388 3794 2456 quale

2206 2479 2334 2535 illud
2360 2481 2618 2550 judicium
2648 2482 2736 2545 sit,
2769 2482 2984 2536 revolve
3006 2490 3263 2551 perpetuo
3285 2490 3369 2534 tua
3398 2488 3631 2549 peccata.
3664 2477 3798 2532 Nam

2205 2573 2304 2628 etsi
2355 2573 2470 2641 ipse
2518 2572 2717 2627 oblitus
2767 2573 2928 2628 fueris
2983 2582 3191 2626 tuorum
3243 2572 3605 2636 delictorum,
3654 2568 3801 2625 Deus

2205 2680 2493 2735 numquam
2522 2664 2866 2719 obliviscetur
2888 2705 2903 2729 ,
2946 2674 2997 2719 et
3027 2664 3205 2719 omnia
3236 2673 3360 2719 ante
3386 2663 3570 2718 oculos
3598 2662 3802 2717 constio

2206 2769 2339 2826 tuet,
2371 2760 2472 2815 nisi
2496 2761 2607 2830 jam
2634 2771 2841 2817 mature
2868 2775 2929 2815 ea
2959 2760 3376 2816 exstinxerimus
3406 2772 3500 2828 per
3528 2756 3800 2825 paeniten-

2207 2853 2331 2907 tiam
2360 2862 2413 2908 et
2442 2851 2832 2909 confessionem
2854 2894 2869 2917 ,
2898 2860 2955 2906 et
2984 2867 3079 2921 per
3102 2850 3423 2905 oblivionem
3450 2848 3800 2903 olfensarum.

2205 2942 2318 3009 Qua
2346 2958 2476 2999 vero
2513 2944 2583 2999 de
2619 2958 2776 2998 causa
2804 2944 3063 2999 rationem
3095 2942 3331 3012 repetit?
3360 2940 3474 2996 Non
3500 2939 3715 3010 quidem
3742 2948 3802 2993 ut

2206 3036 2406 3089 inscius
2429 3034 2716 3107 (quomodo
2732 3036 2872 3089 enim
2894 3035 3111 3099 inscius,
3136 3032 3221 3089 cui
3238 3032 3416 3087 omnia
3435 3031 3645 3101 cognita
3673 3038 3801 3083 sunt

2205 3136 2488 3195 antequam
2521 3126 2710 3190 ﬂant?(
2724 3126 2861 3182 Dan.
2888 3127 2971 3181 l5.
2997 3126 3066 3180 42
3102 3124 3144 3195 ),
3174 3124 3268 3180 sed
3297 3133 3352 3179 ut
3376 3123 3469 3178 tibi
3496 3137 3653 3178 servo
3680 3138 3803 3193 per-

2204 3220 2459 3286 suadeat,
2483 3218 2606 3289 jure
2636 3228 2687 3273 te
2710 3217 2907 3273 debere
2934 3217 3310 3289 quodcumque
3335 3215 3500 3271 debes
3525 3233 3539 3268 :
3568 3214 3676 3269 imo
3702 3228 3803 3283 po-

2206 3311 2329 3375 tius,
2362 3320 2418 3365 ut
2443 3326 2554 3365 non
2580 3310 2752 3365 solum
2781 3310 2977 3372 discas,
3007 3308 3101 3364 sed
3128 3316 3187 3363 ut
3212 3307 3485 3378 abstergas
3515 3324 3529 3361 :
3559 3304 3803 3377 quando-

2204 3400 2417 3470 quidem
2444 3412 2497 3455 et
2527 3401 2801 3472 propheta:
2848 3416 2909 3455 ea
2953 3400 3023 3456 de
3065 3414 3225 3455 causa
3265 3398 3534 3453 mandavit
3578 3403 3801 3467 peccata

2204 3492 2512 3547 .ludreorum
2542 3508 2812 3548 enarrare.
2845 3493 2938 3546 Dic
2964 3534 2980 3558 ,
3010 3492 3212 3562 inquit,
3237 3491 3525 3561 iniquitates
3550 3504 3671 3544 suas
3698 3489 3801 3542 ds-

2206 3588 2307 3638 mui
2329 3584 2509 3652 Iacob,
2532 3598 2578 3641 et
2605 3597 2806 3656 peccata
2830 3602 2924 3641 sua
2945 3585 3116 3639 domui
3145 3582 3310 3639 Israel
3340 3583 3359 3655 (
3387 3581 3515 3637 Isai.
3546 3582 3635 3638 58.
3668 3582 3689 3635 1
3727 3582 3744 3650 )
3781 3598 3799 3633 :

2205 3692 2310 3733 non
2334 3688 2389 3732 ut
2409 3680 2627 3734 audiant
2645 3681 2838 3744 solum,
2861 3680 2954 3735 sed
2980 3679 3400 3747 utcorrigantur.
3419 3675 3802 3730 Exorsoautem

2202 3787 2261 3825 eo
2291 3772 2518 3841 conferre
2544 3776 2761 3825 rationes
2777 3813 2792 3831 .
2822 3771 3071 3825 adductus
3096 3780 3168 3824 est
3192 3770 3239 3823 ei
3259 3769 3449 3823 debitor
3473 3784 3606 3821 unus
3630 3766 3801 3819 decies

2203 3863 2342 3916 mille
2368 3864 2669 3917 talentorum
2699 3862 2924 3933 (Matth.
2955 3862 3042 3919 18.
3069 3862 3141 3917 24
3162 3862 3200 3933 ).
3232 3858 3495 3930 Quidquid
3535 3858 3678 3913 enim
3720 3857 3800 3911 illi

2202 3957 2465 4011 creditum
2494 3966 2644 4023 erat,
2692 3956 2743 4011 id
2775 3970 2939 4011 omne
2981 3955 3397 4024 absumpserat:
3440 3965 3627 4022 magna
3670 3950 3803 4003 teris

2202 4050 2361 4104 alieni
2394 4050 2560 4104 moles
2585 4068 2597 4102 :
2623 4058 2678 4105 et
2708 4066 2813 4104 non
2840 4049 3012 4103 solum
3046 4048 3099 4104 in
3125 4047 3225 4102 hac
3253 4062 3310 4101 re
3338 4045 3627 4117 periculum
3652 4054 3797 4106 erat,

2201 4141 2294 4193 sed
2324 4140 2374 4193 in
2402 4155 2468 4195 eo
2496 4156 2707 4210 quoque
2732 4140 2874 4209 quod
2902 4139 3107 4208 primus
3132 4137 3340 4192 oblatus
3362 4144 3444 4191 est
3463 4134 3703 4189 domino.
3736 4132 3798 4187 Si

2200 4234 2340 4286 enim
2372 4241 2492 4302 post
2532 4231 2729 4286 multos
2758 4233 2811 4286 in
2852 4229 3109 4285 solvendo
3148 4227 3418 4283 studiosos
3452 4225 3553 4281 iste
3581 4224 3803 4279 oblatus

2202 4325 2406 4392 fuisset,
2429 4338 2533 4379 non
2554 4324 2623 4378 ita
2646 4324 2841 4378 mirum
2869 4322 3076 4389 fuisset,
3108 4321 3151 4375 si
3172 4319 3419 4374 dominus
3442 4317 3574 4372 nihil
3597 4315 3803 4371 adver-

2198 4431 2290 4471 sus
2317 4432 2439 4471 eum
2468 4415 2817 4471 exacerbatus
2846 4414 3031 4469 fuisset
3064 4431 3077 4465 :
3113 4414 3348 4482 priorum
3379 4410 3521 4465 enim
3552 4408 3801 4479 probitas

2199 4507 2453 4577 improbis
2469 4507 2722 4576 deinceps
2737 4505 2983 4560 omnibus
2997 4503 3339 4575 placatiorem
3361 4517 3483 4556 eum
3501 4499 3795 4554 effecisset.

2196 4598 2460 4654 therum
2506 4601 2733 4669 primum
2775 4612 2895 4652 cum
2950 4597 3039 4667 qui
3088 4595 3380 4666 productus
3427 4595 3631 4657 fuerat,
3678 4601 3801 4648 tam

2197 4695 2482 4765 malignum
2536 4694 2589 4747 in
2636 4691 2892 4748 solvendo
2938 4705 3217 4761 apparere,
3260 4698 3315 4743 ct
3359 4696 3630 4758 postquam
3678 4694 3803 4739 tam

2198 4788 2459 4857 tualignus
2506 4786 2878 4857 apparuisset,
2933 4782 3208 4837 dominttm
3250 4789 3584 4834 mansuetum
3624 4776 3795 4832 inve-

2197 4880 2311 4933 nire
2337 4921 2351 4943 ,
2381 4877 2432 4933 id
2463 4878 2727 4947 pnecipue
2767 4876 3187 4944 inexspectatum
3227 4881 3281 4927 et
3309 4869 3639 4926 admirabile.
3674 4868 3787 4923 lio-

2195 4973 2365 5027 mincs
2385 4972 2526 5025 enim
2555 4970 2639 5025 ubi
2662 4969 2931 5025 debitores
2957 4967 3132 5036 adepti
3155 4976 3297 5029 sunt,
3325 4980 3433 5021 non
3448 4964 3604 5019 aliter
3621 4977 3801 5032 quam

2193 5065 2237 5119 si
2281 5063 2561 5129 venando,
2600 5068 2693 5116 aut
2719 5059 3034 5129 aucupaudo
3074 5057 3343 5128 quidpiam
3374 5056 3674 5126 cepissent,
3709 5054 3805 5110 ita

2192 5156 2499 5219 exsultant,
2530 5162 2584 5208 et
2609 5154 2785 5207 omnia
2826 5151 3061 5215 faciunt,
3094 5158 3151 5204 ut
3192 5150 3498 5204 universum
3522 5147 3743 5215 exigant.
3774 5170 3792 5203 :

2191 5247 2331 5317 qttod
2363 5248 2407 5301 si
2435 5246 2485 5301 id
2517 5261 2619 5299 non
2648 5243 2855 5315 possint
2882 5242 2955 5298 ob
2981 5252 3273 5313 egestatem
3302 5239 3619 5303 debitorum,
3645 5238 3813 5293 iram,

2190 5338 2595 5393 defraudatione
2625 5334 2967 5406 pecuniarum
3013 5333 3293 5388 collectam
3329 5333 3382 5387 in
3421 5343 3817 5397 a-rumuosum

2190 5433 2507 5485 miserorum
2534 5443 2730 5497 corpus
2755 5426 3034 5483 effundunt
3054 5467 3071 5492 ,
3102 5424 3344 5481 vexando
3361 5463 3379 5489 ,
3405 5419 3755 5478 verberando
3781 5464 3806 5491 ,

2188 5536 2348 5594 atque
2400 5525 2500 5578 alia
2554 5533 2801 5579 sexcenta
2854 5521 2994 5576 mala
3045 5517 3354 5589 inﬂigendo.
3407 5518 3545 5571 Deus
3590 5524 3805 5569 contra

2188 5619 2365 5672 Omnia
2412 5625 2628 5681 movet,
2675 5615 2727 5668 in
2775 5614 3022 5669 omnibus
3066 5612 3295 5682 satagit,
3339 5618 3397 5663 ut
3425 5622 3543 5662 eum
3584 5602 3809 5663 liberes

2188 5724 2295 5762 :cre
2324 5708 2517 5762 alieno.
2552 5706 2606 5761 In
2639 5705 2793 5761 nobis
2831 5705 2973 5760 enim
3009 5703 3305 5758 debitorum
3336 5698 3543 5754 exactio
3568 5695 3806 5752 divitias

2192 5803 2314 5858 facit
2340 5818 2353 5855 :
2384 5801 2523 5858 Deus
2545 5812 2721 5856 autem
2748 5799 2798 5853 in
2828 5795 3161 5853 remittendis
3186 5792 3419 5866 peccatis
3443 5788 3681 5845 maxime
3712 5788 3805 5846 di.-
