4010 6342
306 356 375 421 23
967 378 972 383 '
1067 360 1163 415 ‘DE
1208 360 1439 418 DECEM
1483 355 1775 419 MILLIUM
1816 354 1877 408 Τί

1980 349 2114 407 ΕΝΤ.
2158 351 2502 412 DLBITORE
2544 355 2846 412 ΙΙΟῊΠᾸΑ.
3491 365 3562 420 ’21

309 480 348 552 ἢ
371 474 553 530 πενία.
585 478 695 531 Καὶ
732 477 941 548 μάρτυς
981 490 1014 548 η
1039 481 1185 553 χήρα
1215 482 1249 552 ή
1282 480 1353 532 τά
1383 481 1479 534 δύο
1509 477 1892 533 καταϐαλοῦσα

309 568 505 632 λεπτὰ,
534 569 629 622 καὶ
653 570 783 634 τούς
811 568 982 624 πολλά
1027 571 1369 636 καταθέντας
1417 569 1894 642 ὐπερακοντίσασα

308 661 398 715 διὰ
437 659 539 730 τῆς
567 661 772 732 μικρᾶς
799 661 1017 734 ἐκείνης
1048 663 1377 735 καταϐολῆς.
1427 665 1504 717 υύ
1556 662 1804 716 πλούσιοι
1837 662 1893 715 δὲ

306 751 406 806 καὶ
430 750 665 821 πένητες
702 751 884 822 μόνον,
934 753 1071 807 ἀλλά
1101 755 1196 808 καὶ
1227 755 1490 826 ἄρχοντες
1519 753 1616 808 καὶ
1640 752 1894 807 δικασταὶ

313 841 454 910 μετά
485 840 690 912 πολλῆς
742 841 1088 908 ἐξετάζονται
1125 845 1229 916 τῆς
1261 844 1568 914 ἀκριϐείας,
1613 846 1663 897 εί
1705 845 1780 916 μὴ
1815 845 1894 899 δι-

307 931 571 1002 έφθειραν
602 933 665 987 τὸ
699 933 928 1001 δίκαιον,
978 936 1028 989 εί
1072 935 1147 1008 μὴ
1191 936 1328 1006 πρὸς
1353 937 1536 1009 χάριν,
1564 939 1612 990 εί
1648 938 1722 1008 μη
1754 937 1892 1007 πρὸς

301 1019 610 1092 ἀπέχθειαν
638 1020 980 1092 ἐψηφίσαντο
1011 1026 1124 1087 τοῖς
1168 1023 1566 1094 δικαζομένοις,
1614 1025 1662 1076 εί
1694 1023 1767 1093 μὴ
1801 1039 1892 1074 κο-

304 1109 670 1174 λακευθέντες
717 1109 927 1164 ἔδωκαν
973 1112 1128 1183 παρὰ
1172 1111 1236 1166 τὸ
1272 1111 1393 1165 δέον
1437 1111 1534 1182 τὴν
1581 1110 1786 1181 ψῆφον,
1840 1111 1888 1162 εί

307 1201 384 1271 μὴ
448 1200 917 1272 μνησικακοῦντες
965 1202 1282 1272 ἐπηρέασαν
1333 1205 1448 1258 τοῖς
1499 1201 1650 1256 οὐδὲν
1700 1201 1890 1275 ήδικη-

300 1291 458 1348 κόσιν

291 1435 296 1438 _
374 1387 486 1456 υύχ
515 1388 564 1439 οί
587 1385 788 1453 ἔξωθεν
815 1386 872 1441 δὲ
906 1386 1065 1459 μόνον
1100 1387 1381 1458 ἄρχοντες,
1414 1390 1550 1448 ἀλλά
1574 1392 1669 1446 καλ⁵
1691 1391 1740 1445 οἱ
1780 1384 1886 1439 τῶν

316 1475 656 1548 Ἐκκλησιῶν
678 1479 1025 1550 προεστῶτες
1050 1478 1150 1550 τῆς
1180 1480 1389 1545 οἰκείας
1415 1479 1592 1552 ἀρχῆς
1629 1479 1886 1548 ὑφέξουσι

300 1569 396 1622 τὸν
427 1567 589 1638 λόγον
613 1585 628 1601 ο
661 1573 756 1626 καὶ
780 1571 1016 1642 μάλιστα
1037 1567 1184 1627 οὗτοί
1211 1575 1346 1626 είσιν
1387 1575 1436 1626 οἱ
1466 1574 1559 1626 ἐπὶ
1595 1572 1758 1625 πλέον
1791 1572 1889 1634 τὰς

302 1659 506 1732 πικράς
528 1661 623 1714 καὶ
640 1659 862 1732 βαρείας
888 1661 1122 1727 εὐθύνας
1143 1663 1455 1735 ὑπέχοντες.
1486 1663 1594 1717 Καὶ
1622 1661 1732 1735 γάρ
1750 1664 1780 1716 6
1796 1662 1886 1716 τοῦ

299 1750 459 1821 λόγου
496 1753 598 1824 τὴν
633 1753 911 1809 διακονίαν
951 1756 1427 1828 ἐγκεχειρισμένος
1465 1755 1886 1828 ἐξετασθήσεται

292 1842 444 1912 μετά
475 1842 765 1914 ἀκριϐείας
817 1846 954 1910 ἐκεί,
1013 1847 1062 1899 εί
1120 1846 1257 1917 μήτε
1307 1845 1472 1917 ὄκνῳ,
1511 1849 1651 1918 μήτε
1705 1847 1886 1918 φθόνῳ

301 1934 527 2007 παρεῖδέ
559 1952 612 1990 τι
644 1935 754 1989 τῶν
786 1935 1016 1991 δεόντων
1043 1939 1242 2005 είπεῖν,
1276 1939 1372 1992 καὶ
1419 1937 1507 1990 διὰ
1559 1937 1670 1993 τῶν
1706 1937 1885 2009 ἔργων

297 2028 596 2098 ἐπέδειξεν,
629 2031 712 2083 ὅτι
745 2029 922 2084 πάντα
961 2029 1311 2096 διεστείλατο,
1342 2031 1440 2084 καὶ
1483 2030 1636 2084 οὐδὲν
1678 2030 1883 2102 ἔκρυψε

295 2117 407 2169 τῶν
458 2118 872 2190 συμφερόντων.
920 2119 1094 2174 Πάλιν
1125 2122 1154 2174 6
1204 2120 1303 2190 τὴν
1341 2119 1648 2192 ἐπισκοπὴν
1678 2119 1881 2192 λαχὼν,

295 2209 408 2280 ὅσῳ
437 2209 573 2280 πρὸς
596 2209 820 2281 μείζονα
836 2210 1001 2278 δγκον
1029 2210 1360 2282 ἀναϐέϐηκε,
1389 2210 1630 2284 τοσούτῳ
1661 2211 1883 2266 πλείονα

287 2298 736 2372 ἀπαιτηθήσεται
789 2301 967 2370 λόγον,
1021 2302 1144 2372 οὐχὶ
1202 2301 1554 2367 διδασκαλίας
1597 2303 1757 2375 μόνον
1790 2305 1882 2358 καὶ

296 2392 552 2463 πενήτων
580 2394 940 2464 προστασίας,
967 2394 1106 2449 ἀλλά
1135 2395 1230 2448 καὶ
1264 2394 1613 2466 χειροτονιῶν
1650 2396 1877 2468 δοκιμα-

295 2481 417 2546 σίας
443 2480 540 2538 καὶ
571 2484 783 2556 μυρίων
818 2481 1044 2558 ἐτέρων.
1076 2488 1184 2542 Καὶ
1213 2487 1386 2541 ταῦτα
1407 2487 1583 2560 δηλῶν
1612 2487 1638 2542 6
1672 2488 1882 2553 Παῦλος

290 2573 373 2644 τῷ
405 2575 658 2647 Τιμοθέῳ
688 2577 896 2650 ἔγραφε
917 2597 930 2609 ·
984 2579 1198 2647 Χεῖρας
1231 2579 1460 2648 ταχέως
1484 2581 1701 2650 μηδενὶ
1753 2581 1880 2634 ἐπι-

291 2667 461 2733 τίθει,
507 2667 666 2738 μηδὲ
691 2669 967 2724 κοινώνει
996 2671 1313 2740 ἁμαρτίαις
1363 2673 1716 2742 ἀλλοτρίαις
1741 2689 1754 2705 ’
1787 2674 1881 2726 καὶ

303 2757 585 2830 Ἑϐραίοις
619 2759 676 2814 δὲ
704 2763 834 2834 περὶ
863 2762 972 2818 τῶν
1015 2762 1195 2818 αὐτῶν
1248 2765 1528 2836 ἀρχόντων
1568 2765 1876 2837 παραινῶν,

286 2850 495 2922 ἑτέρως
527 2853 719 2922 ἐφόϐει
750 2853 894 2909 οὕτω
925 2855 1100 2926 λέγων
1119 2873 1132 2886 ·
1160 2859 1445 2912 Πείθεσθε
1482 2858 1608 2924 τοῖς
1633 2859 1880 2928 ἡγουμέ-

290 2960 424 3010 νοις
458 2943 627 3013 ὑμῶν
646 2946 744 3001 καί
772 2948 1078 3002 ὑπείκετε·
1117 2948 1289 3002 αὐτοὶ
1315 2949 1427 3020 γὰρ
1459 2950 1880 3022 ἀγρυπνοῦσιν

290 3034 447 3106 ὑπὲρ
472 3035 593 3091 τῶν
621 3038 838 3108 ψυχῶν
867 3040 1055 3110 ὑμῶν,
1078 3043 1160 3109 ὠς
1183 3041 1373 3113 λόγον
1423 3043 1872 3113 ἀποδώσοντες.

285 3126 429 3183 ’Τότε
467 3130 590 3202 οὐχὶ
622 3134 966 3203 πραγμάτων
993 3134 1051 3188 δὲ
1087 3136 1288 3205 μόνων,
1321 3136 1456 3191 ἀλλά
1481 3138 1576 3191 καὶ
1616 3140 1878 3211 ῥημάτων

279 3221 604 3294 ,παρέξομεν
627 3225 877 3289 εὐθύνας.
901 3225 1172 3300 Καθάπερ
1204 3229 1312 3300 γάρ
1335 3231 1427 3284 καὶ
1451 3233 1614 3302 ἡμεῖς
1639 3233 1879 3304 ἀργύρια

289 3317 405 3380 τοῖς
429 3316 668 3379 οἰκέταις
705 3318 1197 3389 ἐμπιστεύσαντες,
1234 3322 1489 3376 ἁπάντων
1535 3325 1878 3399 ἀπαιτοῦμεν

285 3409 489 3472 αὐτοὺς
517 3408 697 3478 λόγον,
735 3409 880 3464 οὕτω
905 3413 999 3466 καὶ
1026 3414 1054 3466 6
1077 3413 1232 3478 Θεὸς,
1273 3415 1496 3487 ῥήματα
1524 3417 1660 3488 ήμῖν
1705 3421 1875 3489 ἐμπι-

287 3498 546 3566 στεύσας,
578 3500 804 3573 ζητήσει
837 3503 937 3574 τῆς
996 3503 1244 3575 δαπάνης
1277 3507 1458 3560 αὐτῶν
1509 3508 1602 3562 τὸν
1653 3511 1873 3582 τρόπον.

303 3592 713 3664 ’Λπαιτούμεθα
740 3593 797 3648 δέ
836 3598 930 3650 καὶ
961 3596 1330 3668 ἐξεταζόμεθα
1384 3599 1524 3670 μετά
1553 3600 1838 3672 ἀκριϐείας
1857 3643 1874 3667 ,

281 3689 340 3741 εί
369 3683 444 3755 μὴ
477 3684 603 3755 εἰκῆ
636 3685 772 3756 μηδὲ
817 3687 1006 3759 ,μάτην
1039 3690 1178 3744 αὐτά
1207 3690 1566 3763 ἀναλώσαμεν
1586 3710 1600 3723 ο
1649 3694 1711 3748 οὐ
1769 3695 1875 3768 γάρ

289 3775 464 3842 οὔτως
499 3778 764 3852 ἀργύριον
812 3781 1002 3846 ἁπλῶς
1059 3784 1338 3840 ἀναλωθὲν
1383 3785 1469 3860 [8]
1509 3788 1761 3860 ἔϐλαψεν,
1797 3791 1874 3855 ὡς

282 3872 512 3941 ῥήματα
549 3873 670 3944 είκῆ
730 3875 825 3927 καὶ
861 3876 1039 3948 μάτην
1065 3878 1416 3950 ἐξενεχθέντα
1460 3881 1555 3936 καὶ
1607 3885 1690 3948 είς
1722 3885 1872 3939 οὐδὲν

285 3959 427 4019 δέον.
470 3962 759 4035 Ἀργύριον
785 3966 885 4036 μὲν
933 3968 1043 4040 γάρ
1092 3971 1272 4043 μάτην
1299 3971 1606 4045 δαπανηθὲν
1638 3977 1696 4029 ἐν
1734 3977 1870 4048 χρή-

289 4069 430 4118 μασι
457 4054 718 4120 πολλάκις
745 4055 842 4128 τὴν
887 4059 1090 4131 ζημίαν
1144 4064 1367 4134 ἦνετκε,
1403 4065 1562 4134 λόγος
1597 4066 1653 4120 δέ
1685 4069 1872 4132 άπλῶς

287 4145 646 4216 προενεχθεὶς
668 4148 996 4222 ὁλοκλήρους
1030 4152 1328 4225 ἀνέτρεψεν
1354 4155 1552 4220 οίκίας,
1577 4158 1670 4210 καὶ
1693 4148 1872 4228 ψυχὰς

288 4235 542 4291 ἀπώλεσε
572 4240 668 4293 καὶ
710 4241 1008 4296 κατέλυσεο
1051 4245 1146 4298 καὶ
1179 4245 1285 4300 τῶν
1312 4247 1411 4317 μὲν
1442 4250 1738 4320 χρημάτων
1772 4252 1870 4322 τήν

275 4326 494 4396 ζημίαν
529 4329 820 4400 διορθῶσαι
859 4334 1022 4388 πάλιν
1060 4335 1162 4402 ενι,
1199 4336 1356 4408 λόγον
1387 4340 1445 4393 δὲ
1487 4341 1870 4415 ἐκπηδήσαντα

281 4420 544 4487 καθάπαξ
569 4422 980 4493 ἀνακτήσασθαι
1005 4427 1168 4483 πάλιν
1194 4431 1295 4485 οὐκ
1329 4431 1427 4485 ἔνι.

361 4513 472 4566 Καὶ
492 4513 576 4566 ὅτι
597 4503 771 4582 λόγων
801 4515 1018 4589 δίδομεν
1049 4519 1225 4585 δίκας,
1254 4523 1489 4577 ἄκουσον
1537 4526 1592 4578 τί
1633 4544 1801 4597 φησιν
1842 4533 1870 4584 6

283 4601 556 4671 Χριστός·
587 4603 750 4674 Λέγω
782 4604 851 4659 δὲ
889 4607 1052 4678 ὑμῖν,
1108 4610 1198 4664 ὅτι
1231 4610 1356 4667 πᾶν·
1374 4612 1543 4684 ῥῆμα
1593 4615 1802 4686 ἀργὸν,
1837 4619 1868 4672 ὃ

274 4693 396 4746 ἐὰν
427 4697 793 4766 λαλήσωσιν
816 4704 870 4755 οὶ
897 4695 1196 4771 ἄνθρωποὶ
1228 4705 1326 4758 ἐπὶ
1375 4705 1488 4776 τῆς
1536 4707 1671 4778 τῆς,
1721 4712 1870 4766 ἀπο-

269 4785 556 4843 δώσουσι
582 4790 771 4861 λόγον
799 4794 932 4862 περὶ
962 4795 1147 4850 αὐτοῦ
1181 4797 1252 4851 ὲν
1276 4797 1464 4867 ἡμέρᾳ
1488 4802 1773 4870 κρίσεως·
1799 4805 1868 4859 ἐκ

265 4877 550 4948 λεφντῶν
585 4884 786 4952 λόγων
829 4901 947 4939 σου
1005 4885 1411 4957 δικαιωθήσῃ,
1463 4891 1562 4944 καὶ
1621 4893 1689 4945 ἐκ
1749 4891 1869 4947 τῶν

269 4971 484 5039 ,λόγων
529 4988 647 5026 σου
689 4977 1121 5046 κατακριθήσῃ.
1172 4981 1248 5033 Οὐ
1295 4983 1555 5053 ῥημάτων
1600 4985 1657 5040 δὲ
1705 4989 1867 5057 μόνον

271 5059 502 5132 δίδομεν
526 5063 779 5133 εὐθύνας,
809 5068 943 5122 ἀλλά
967 5071 1061 5124 καὶ
1084 5073 1468 5144 ἀκουσμάτων·
1503 5073 1615 5130 οἷον
1647 5080 1697 5130 εἰ
1726 5097 1866 5152 παρ-

274 5152 454 5219 εδὲξω
483 5160 825 5232 κατηγορίαν
855 5162 998 5217 κατά
1035 5165 1131 5218 τοῦ
1170 5166 1398 5237 πλησίον
1429 5169 1598 5241 ψευδῆ
1638 5170 1865 5243 λεγομὲο

275 5265 416 5317 νην·
460 5249 676 5320 Ἄκοὴν
694 5252 826 5326 γὰρ,
861 5257 1015 5326 φησὶ,
1039 5260 1302 5328 ματαίαν
1319 5262 1406 5330 μὴ
1438 5262 1770 5332 παραδέξῃ.
1801 5265 1865 5319 Εἰ

273 5343 340 5397 δέ
366 5341 420 5394 οί
464 5340 748 5414 δεχόμενοι
779 5347 1020 5416 ματαίαν
1052 5349 1221 5423 ἀκοὴν
1259 5351 1361 5406 οὐκ
1387 5353 1454 5406 ἂν
1484 5353 1698 5425 τύχοιεν
1731 5372 1862 5425 συγ-

277 5430 541 5504 γνώμης.
599 5437 650 5489 οί
681 5435 1060 5502 διαϐάλλοντες
1097 5443 1193 5497 καὶ
1225 5445 1658 5521 κατηγοροῦντες
1706 5448 1864 5504 ποίαν

271 5522 494 5588 ἐξουσιν
512 5526 808 5598 ἀπολογίαν
830 5548 845 5596 ;

346 5680 412 5731 ε’.
439 5675 547 5730 Καὶ
564 5677 617 5731 τί
637 5679 781 5748 λέγω
801 5683 1024 5755 ῥήματα
1041 5688 1132 5740 καὶ
1152 5688 1343 5762 ἀκοὴν,
1369 5694 1502 5747 ὅπου
1516 5711 1577 5764 γε
1595 5695 1689 5750 καὶ
1703 5693 1855 5750 ἐνθυ-

279 5769 550 5837 μημάτων
578 5770 808 5841 εὐθύνας
833 5775 1139 5846 ὐπέγομενς
1172 5782 1279 5837 Καὶ
1303 5785 1460 5849 τοῦτο
1490 5783 1619 5838 αὐτὸ
1650 5787 1677 5838 6
1703 5785 1848 5842 Παύο

1998 474 2088 540 λος
2113 476 2289 546 δηλῶν
2309 478 2492 549 ἔλεγεν
2512 498 2526 510 ·
2563 479 2742 534 Ὥστε
2765 499 2807 548 μ
2819 480 2848 547 ἡ
2871 478 2980 548 πρέ)
3011 478 3216 546 καιροῦ
3243 493 3293 531 τι
3319 476 3574 548 κρίνετε.

1993 559 2106 625 ἕως
2139 561 2216 615 ἂν
2235 563 2385 631 ἔλθῃ
2419 568 2450 618 ό
2471 564 2706 632 Κύριος,
2729 562 2798 629 ὃς
2825 562 2922 615 καί
2950 563 3194 631 φωτίσει
3231 562 3301 615 τὰ
3339 567 3574 630 κρυπτά

1995 644 2103 697 τοῦ
2146 647 2447 713 σκότους,
2499 647 2598 700 καὶ
2643 645 2975 716 φανερώσει
3027 645 3133 710 τὰς
3170 644 3409 711 ,ϐουλὰς
3453 642 3576 698 τῶν

1995 727 2271 797 καρδιῶν.
2306 731 2415 784 Καὶ
2446 733 2474 784 6
2502 730 2807 801 Ψαλμῳδὸς
2832 730 2889 782 δέ
2921 745 3110 799 φησιν,
3141 729 3224 781 ὅτι
3263 729 3575 799 Ἐνθύμιον

1987 811 2308 880 ’ἀνθρώπου
2351 814 2859 884 ἑξομολογήσεταί
2899 829 3016 867 σοι.
3050 813 3115 866 Τί
3149 815 3318 876 ἐστιν,
3363 814 3573 869 ἐνθύο

1990 913 2133 962 μιον
2151 896 2466 964 ἀνθρώπου
2493 897 3003 967 ἐξομολογήσεταί
3020 913 3150 959 σοι,
3178 893 3324 959 υἷον,
3354 900 3401 951 εί
3434 900 3570 969 μετὰ

1991 977 2145 1030 δόλου
2186 979 2280 1031 καὶ
2319 981 2562 1050 πονηρᾶς
2595 978 2819 1051 γνώμης
2852 981 2987 1050 πρὸς
3023 979 3114 1032 τὸν
3147 980 3373 1050 ἀδελφὸν
3405 981 3571 1036 διελέ-

1992 1061 2157 1131 χθης,
2188 1064 2236 1115 εί
2285 1063 2372 1118 διὰ
2409 1063 2502 1116 τοῦ
2535 1063 2800 1135 στόματος
2849 1064 3011 1118 αὑτὸν
3049 1064 3288 1118 ἐπαινῶν
3333 1064 3429 1119 καὶ
3471 1066 3570 1137 τῆς

1984 1142 2266 1216 γλώττης,
2319 1146 2458 1200 κατά
2508 1146 2746 1200 διάνοιαν
2803 1148 3087 1211 ἐκάκωσας
3132 1147 3226 1200 καὶ
3268 1147 3571 1220 ἐφθόνησας

1992 1227 2160 1298 αὐτῷ.
2191 1229 2362 1284 Πάλιν
2383 1231 2491 1302 γὰρ
2520 1229 2677 1284 τοῦτο
2703 1230 2834 1283 αὐτὸ
2861 1233 2889 1284 ὀ
2917 1230 3150 1302 Χριστὸς
3184 1231 3568 1302 αἰνιττόμενος,

1993 1310 2073 1364 ὅτι
2101 1312 2222 1382 οὐχὶ
2255 1313 2432 1385 ἔργων
2478 1314 2672 1385 μόνον,
2705 1313 2841 1368 ἀλλά
2882 1314 2976 1367 καὶ
3010 1313 3407 1384 ἐνθυμημάτων
3436 1315 3573 1368 δίδο-

1989 1411 2094 1464 μεν
2119 1396 2306 1466 δίκην,
2345 1397 2562 1466 ἔλεγενο
2595 1399 2674 1451 .'0
2706 1397 3014 1468 ἐμϐλέψας
3052 1397 3286 1467 γυναικί
3329 1397 3479 1467 πρὸς
3503 1398 3571 1452 τὸ

1990 1477 2361 1548 ἐπιθυμῆσαι
2386 1480 2604 1549 αὐτῆς,
2630 1480 2748 1550 ἤδη
2771 1482 3134 1550 ἐμοίχευσεν
3167 1479 3364 1546 αὐτὴν
3398 1481 3469 1533 ἐν
3495 1479 3572 1548 τῇ

1989 1560 2204 1630 καρδίᾳ
2252 1564 2462 1621 αὐτοῦ.
2514 1565 2710 1619 Καίτοι
2757 1567 2818 1618 οὐ
2873 1565 3143 1636 προῆλθεν
3198 1568 3277 1628 εἰς
3323 1565 3482 1634 ἔργον
3536 1567 3570 1634 ἡ

1989 1643 2255 1715 ἁμαρτία,
2295 1647 2408 1699 ἀλλ’
2439 1648 2499 1699 ἐν
2529 1647 2740 1719 διανοίᾳ.
2783 1649 2925 1712 τέως
2955 1649 3130 1701 ἐστίν·
3169 1649 3283 1702 ἀλλ’
3312 1649 3432 1702 οὐδέ
3477 1647 3570 1702 οὐ·

1986 1743 2095 1791 τως
2147 1729 2478 1799 ἀνέγκλητος
2515 1730 2738 1785 δύναται
2787 1735 2968 1802 μεῖναι
3001 1735 3031 1785 6
3071 1731 3159 1785 διὰ
3203 1732 3360 1784 τοῦτο
3412 1747 3568 1802 περι-

1991 1813 2209 1865 σκοπῶν
2237 1813 2408 1885 κάλλη
2434 1816 2730 1883 γυναικῶν.
2759 1817 2847 1870 ἵνα
2881 1817 3062 1889 ἀνάψει
3097 1815 3354 1887 πορνείας
3383 1814 3567 1868 ἐπιθυη

1993 1895 2138 1964 μίαν.
2178 1897 2348 1950 Ὅταν
2387 1893 2480 1951 οὖν
2517 1899 2777 1973 ἀκούσῃς,
2814 1900 2894 1954 ὅτι
2930 1899 3176 1970 συναίρει
3226 1898 3382 1966 λόγον
3433 1900 3570 1968 μετὰ

1985 1979 2097 2031 τῶν
2123 1979 2324 2033 δούλων
2365 1980 2562 2047 αὐτοῦ,
2598 1983 2672 2054 μὴ
2707 1982 2982 2056 παρέλθῃς
3025 1981 3211 2046 ἀπλῶς
3247 1983 3345 2053 τὴν
3374 1983 3566 2053 ῥῆσιν,

1987 2063 2102 2116 ἀλλ’
2133 2065 2386 2136 ἐννόησον
2415 2069 2594 2121 πᾶσαν
2617 2067 2794 2132 ἀξίαν,
2826 2069 3008 2120 πᾶσαν
3032 2066 3266 2138 ἡλικίαν,
3298 2066 3568 2137 ἑκατέραν

1983 2149 2084 2221 τὴν
2113 2149 2308 2219 φύσιν,
2356 2152 2462 2205 τῶν
2498 2168 2556 2205 τε
2603 2151 2812 2222 ἀνδρῶν
2834 2193 2848 2216 ,
2891 2151 3001 2204 τῶν
3042 2169 3100 2204 τε
3130 2150 3441 2219 γυναικῶν·
3484 2152 3568 2203 ἐν-

1984 2234 2177 2304 νόησον
2217 2231 2328 2288 οἷον
2375 2236 2528 2289 ἔσται
2569 2235 2690 2288 τότε
2741 2235 2802 2288 τὸ
2832 2235 3213 2306 δικαστήριον,
3249 2233 3565 2302 ἀναλόγισαι

1981 2318 2054 2371 τά
2099 2319 2464 2390 ἡμαρτημένα
2501 2336 2584 2374 σοι
2615 2319 2814 2374 πάντα.
2847 2319 2966 2373 Κᾶν
2991 2320 3100 2390 γὰρ
3136 2319 3298 2382 αὐτὸς
3332 2317 3564 2388 ἐπιλάθη

1982 2402 2090 2454 τῶν
2129 2403 2716 2474 πεπλημμελημένων,
2760 2403 2895 2468 Θεὸς
2926 2403 3184 2457 οὐδέποτε
3215 2401 3566 2475 ἐπιλήσεται,

1982 2485 2119 2539 ἀλλά
2158 2487 2335 2541 πάντα
2379 2487 2487 2558 πρὸ
2531 2486 2638 2540 τῶν
2693 2487 2992 2557 ὀφθαλμῶν
3051 2488 3242 2558 στήσει
3269 2486 3379 2541 τῶν
3427 2489 3572 2558 ήμε-

1980 2570 2176 2642 τέρων.
2227 2571 2293 2625 ἀν
2328 2571 2404 2645 μή
2451 2573 2814 2644 προλαϐόντες
2853 2573 2992 2627 αὐτά
3043 2571 3439 2642 καταλύσωμεν
3471 2571 3566 2624 νῦν

1981 2653 2067 2708 διά
2098 2657 2384 2726 μετανοίας
2426 2660 2520 2712 καὶ
2549 2658 3009 2730 ἐξομολογήσεως.
3047 2659 3143 2712 καὶ
3169 2656 3264 2711 τοῦ
3299 2657 3566 2728 μηδέποτε

1982 2743 2346 2809 μνησικακεῖν
2397 2743 2508 2804 τοῖς
2548 2741 2798 2811 πλησίον.
2835 2742 2993 2806 Τίνος
3023 2741 3080 2794 δὲ
3109 2741 3296 2795 ἕνεκεν
3339 2741 3567 2794 ποιείτὸ

1981 2820 2319 2889 λογοθὲσιον;
2367 2824 2479 2894 Οὐχ
2521 2821 2601 2885 ὡς
2621 2820 2780 2883 αὐτὸς
2802 2822 3030 2892 ἀγνοῶν,
3065 2823 3216 2892 (πῶς
3247 2824 3357 2896 γὰρ
3379 2865 3394 2888 ,
3432 2825 3460 2878 6
3489 2826 3568 2876 εί-

1979 2903 2086 2968 δὼς
2123 2905 2190 2958 τά
2240 2909 2418 2960 πάντα
2465 2907 2594 2978 πρὶν
2641 2907 2911 2976 γενέσεως
2937 2905 3181 2972 αὐτῶν;)
3239 2907 3354 2960 ἀλλ’
3387 2907 3476 2960 ἵνα
3503 2923 3563 2960 σε

1982 2987 2144 3059 πείσῃ
2190 2988 2283 3042 τὸν
2327 2989 2578 3060 οἰκέτην,
2614 2991 2695 3044 ὅτι
2733 2991 2958 3053 δικαίως
3005 2989 3272 3060 ὀφείλεις,
3325 2989 3465 3061 ὅπερ
3491 2990 3569 3042 ειν

1978 3071 2234 3144 όφείλῃς’
2276 3072 2475 3142 μᾶλλον
2526 3074 2582 3126 δὲ
2625 3074 2724 3145 οὐχ
2756 3075 2844 3128 ἵνα
2888 3073 3067 3146 μάθῃς
3123 3074 3301 3146 μόνον,
3329 3073 3444 3126 ἀλλ’
3476 3073 3565 3125 ἵνα

1980 3154 2074 3208 καὶ
2114 3155 2352 3228 ἀπονίψῃ
2375 3174 2388 3186 ·
2422 3158 2543 3210 ἐπεὶ
2589 3158 2682 3211 καὶ
2715 3156 2793 3227 τῷ
2837 3159 3093 3230 προφήτῃ
3137 3157 3226 3211 διά
3255 3155 3417 3210 τοῦτο
3445 3155 3566 3210 ἐκέκ

1978 3237 2137 3292 λευσε
2170 3239 2239 3293 τά
2286 3240 2664 3312 ἁμαρτήματα
2706 3241 2885 3309 λέγειν
2917 3241 3027 3294 τῶν
3085 3240 3375 3295 Ἰουδαίων.
3418 3239 3566 3310 Λέγε

1977 3320 2111 3393 γὰρ,
2145 3324 2310 3392 φησὶ,
2352 3323 2460 3391 τὰς
2503 3325 2755 3394 ἀνομίας
2802 3323 3002 3378 αὐτῶν
3028 3323 3108 3390 τῷ
3153 3324 3297 3388 οίκφ
3334 3323 3562 3385 Ἰακὼϐ.

1979 3405 2077 3460 καί
2123 3408 2231 3473 τὰς
2262 3407 2552 3475 ἁμαρτίας
2588 3405 2789 3461 αὐτῶν
2829 3407 2912 3474 τῷ
2957 3409 3104 3473 οἴκῳ
3145 3407 3426 3476 Ἰσραήλ·
3465 3408 3566 3479 οὐχ

1980 3489 2066 3542 ἵνα
2099 3489 2374 3543 ἀκούσωσι
2405 3491 2598 3561 μόνον,
2627 3490 2740 3544 ἀλλ’
2778 3491 2865 3545 ἴνα
2897 3488 3322 3562 διορθώσωνται.
3367 3491 3564 3560 Ἀρξαο

1971 3573 2160 3642 μένου
2193 3573 2260 3626 δὲ
2286 3575 2472 3628 αὐτοῦ
2501 3575 2835 3644 συναίρειν,
2868 3575 3254 3644 προσηνέχθη
3285 3572 3446 3641 αὑτῷ
3475 3571 3565 3641 εἷς

1977 3656 2290 3726 ὀφειλέτης
2330 3657 2410 3729 [9]
2447 3660 2680 3728 μυρίων
2719 3658 3054 3714 ταλάντων.
3109 3655 3256 3730 τΑρα
3289 3659 3432 3713 πόσα
3477 3659 3564 3712 ἐν-

1976 3736 2308 3809 επιστεύθη,
2361 3738 2444 3791 ὃτι
2488 3736 2726 3793 τοσαῦτα
2779 3739 3092 3807 κατέφαγες
3139 3739 3330 3808 Μέγας
3374 3739 3403 3790 6
3453 3737 3566 3792 τῶν

1976 3819 2307 3891 ὀφλημάτων
2340 3821 2504 3890 ὄγκος
2529 3837 2543 3852 °
2591 3823 2686 3875 καὶ
2711 3822 2833 3892 οὐχὶ
2880 3822 3038 3893 μόνον
3075 3822 3235 3876 τοῦτο
3264 3817 3333 3893 ἦν
3375 3821 3434 3875 τὸ
3463 3838 3564 3892 χα-

1977 3903 2159 3970 λεπὸν,
2185 3906 2301 3958 ἀλλ’
2331 3906 2414 3959 ὅτι
2444 3906 2538 3960 καὶ
2564 3906 2780 3977 πρῶτος
2807 3905 3154 3977 προσηνέχθη
3187 3906 3266 3977 τῷ
3302 3905 3558 3979 δεσπότῃ.

1977 3988 2040 4041 El
2074 3988 2174 4057 μὲν
2203 3989 2313 4061 γὰρ
2346 3989 2483 4059 μετά
2514 3989 2742 4054 πολλοὺς
2781 3991 3002 4061 ἐτέρους
3038 3992 3562 4061 εὐγνωμονήσαντας

1976 4068 2132 4136 οὗτος
2180 4072 2558 4145 προσηνέχθη,
2593 4074 2692 4144 οὐχ
2738 4071 2881 4127 οὕτω
2915 4072 3230 4142 θαυμαστὸν
3270 4068 3339 4144 ἦν
3388 4073 3450 4126 τὸ
3485 4071 3561 4143 μὴ

1976 4155 2381 4227 παροξυνθῆναι
2411 4157 2502 4210 τὸν
2532 4157 2802 4228 δεσπότην
2822 4175 2835 4189 ο
2886 4158 2920 4228 ή
2949 4157 3060 4228 γὰρ
3093 4157 3219 4210 τῶν
3238 4156 3561 4228 φθασάντων

1972 4240 2362 4311 εὐγνωμοσύνη
2403 4243 2515 4306 τοῖς
2569 4240 2708 4311 μετά
2739 4239 2914 4295 ταῦτα
2943 4242 3396 4312 ήγνωμονηκόσιν
3425 4241 3561 4312 ἠμε-

1975 4325 2210 4396 ρώτερον
2243 4325 2405 4378 αὐτὸν
2447 4323 2640 4397 ἔμελλε
2675 4329 2866 4381 ποιεῖν.
2909 4325 2983 4378 Τὺ
3011 4325 3066 4379 δὲ
3114 4326 3331 4398 πρῶτον
3369 4328 3560 4397 εἰσαχ-

1974 4407 2136 4462 θέντα
2167 4407 2459 4480 ἀγνώμονα
2488 4409 2755 4480 φανῆναι,
2793 4409 2888 4462 καὶ
2929 4408 3102 4472 οὕτως
3140 4409 3435 4481 ἀγνώμονα
3465 4427 3559 4477 γε-

1971 4493 2194 4563 νόμενον
2216 4534 2231 4558 ,
2262 4492 2644 4566 φιλανθρώπου
2679 4497 2862 4564 τυχεῖν
2911 4493 3174 4547 δεσπότου
3193 4535 3209 4559 ,
3242 4495 3401 4548 τοῦτό
3441 4497 3559 4548 ἐστι

1971 4577 2030 4630 τὸ
2081 4577 2314 4647 μάλιστα
2357 4576 2668 4646 θαυμαστὸν
2714 4578 2807 4630 καὶ
2862 4577 3186 4647 παράδοξον.
3248 4577 3556 4648 Ἄνθρωποι

1974 4662 2074 4731 μὲν
2099 4656 2213 4723 οὖν,
2251 4658 2472 4713 ἐπειδάν
2503 4659 2704 4730 εὓρωσι
2733 4662 2858 4723 τοὺς
2879 4660 3210 4731 ὀφείλοντας,
3243 4659 3432 4732 ῶσπερ
3456 4661 3553 4732 θή-

1975 4760 2073 4814 ραν
2116 4745 2213 4798 καὶ
2238 4744 2415 4814 ἄγραν
2447 4745 2728 4814 εὑρόντες,
2762 4743 2906 4798 οὐτω
2937 4744 3224 4814 γεγήθασι,
3256 4745 3350 4798 καὶ
3376 4743 3555 4800 πάντα

1970 4839 2236 4907 ποιοῦσιν,
2258 4840 2408 4905 ὅπως
2434 4841 2496 4894 τὸ
2517 4843 2624 4895 πᾶν
2646 4842 2993 4913 ἀπαιτήσωσι
3013 4857 3028 4872 ο
3055 4839 3156 4894 κᾶν
3184 4839 3258 4912 μὴ
3283 4839 3553 4911 δυνηθῶσι

1971 4935 2060 4991 διὰ
2103 4936 2202 5008 τὴν
2234 4935 2426 4991 πενίαν
2452 4935 2560 4990 τῶν
2589 4937 2945 5006 ὀφειλόντων,
2992 4933 3090 5006 τὴν
3122 4935 3261 5008 ὑπὲρ
3287 4935 3398 4989 τῶν
3425 4953 3556 5008 χρη-

1974 5039 2162 5107 μάτων
2200 5033 2370 5106 ὀργὴν
2402 5037 2480 5097 εἰς
2521 5033 2584 5086 τὸ
2625 5032 2970 5104 ταλαίπωρον
3001 5033 3157 5104 σῶμα
3195 5035 3305 5088 τῶν
3352 5032 3552 5087 ἀθλίων

1972 5129 2274 5200 ἐκχέουσιν,
2311 5128 2614 5193 αἱκίζοντες
2641 5128 2734 5181 καὶ
2756 5126 3050 5192 τύπτοντες
3074 5129 3168 5182 καὶ
3204 5126 3373 5200 μυρία
3402 5127 3552 5197 αὐτῷ

1967 5218 2294 5284 διατιθέντες
2342 5223 2508 5276 κακά.
2577 5222 2635 5274 '0
2687 5221 2742 5274 δέ
2787 5219 2918 5284 Θεὸς
2968 5219 3277 5274 τούναντίον
3336 5219 3553 5274 ἅπαντα

1969 5314 2136 5367 ἐκίνει
2179 5313 2273 5368 καὶ
2317 5314 2801 5385 ἐπραγματεύετο,
2848 5315 2997 5379 ὅπως
3044 5313 3206 5368 αὐτὸν
3265 5312 3551 5387 ἀπαλλάξῃ

1967 5406 2077 5458 τῶν
2127 5406 2480 5478 ὀφλημάτων.
2549 5407 2672 5461 Ἐπὶ
2719 5409 2827 5479 γάρ
2880 5407 3038 5480 ἡμῶν
3093 5405 3158 5459 τὸ
3209 5407 3546 5477 ἀπαιτῆσαι,

1968 5496 2196 5562 πλοῦτος
2216 5515 2229 5527 ·
2260 5499 2352 5552 ἐπὶ
2377 5499 2434 5554 δὲ
2456 5497 2590 5552 Θεοῦ
2618 5499 2677 5552 τὸ
2708 5501 3080 5571 συγχωρῆσαι,
3106 5497 3351 5561 πλοῦτος·
3384 5499 3545 5578 ήμεῖς

1968 5591 2185 5644 ἐπειδὰν
2221 5591 2478 5662 λάϐωμεν
2521 5593 2587 5645 τά
2620 5592 2970 5662 ὀφειλόμενα,
3018 5583 3547 5662 τότεέὐπορώτεροι

1966 5681 2262 5752 γινόμεοα’
2302 5683 2331 5735 6
2371 5682 2427 5735 δέ
2459 5683 2589 5746 Θεὸς
2633 5683 2852 5736 ἐπειδάν
2897 5683 3231 5755 συγχωρήσῃ
3260 5682 3330 5736 τά
3358 5680 3542 5752 πλημ-

1969 5777 2254 5848 μελήματα
2274 5819 2287 5844 ,
2312 5777 2433 5832 τότε
2465 5777 2699 5849 μάλιστα
2731 5777 2987 5833 πλουτεῖ·
3020 5776 3246 5848 πλοῦτος
3269 5774 3378 5848 γὰρ
3397 5774 3543 5855 ,Θεοῦ
