4010 6342
449 346 521 402 23
1190 358 1246 411 S.
1302 355 1589 413 JOANNIS
1628 353 1819 410 CHRY
1831 352 2032 410 SUSTC

2159 354 2476 410 ARCIIIEI’.
2517 354 3065 413 CONSTANTINOP.
3637 343 3708 397 26

447 471 557 526 τῶν
583 469 882 541 ἀνθρώπων
910 471 942 540 ή
975 469 1238 539 σωτηρία,
1261 469 1509 539 καθάπερ
1537 467 1566 522 6
1591 467 1801 530 Παῦλός
1826 484 1986 537 φησιν
2007 482 2020 496 ·

462 553 526 609 ’0
551 553 828 608 πλουτῶν
869 555 950 618 εἰς
1000 553 1252 618 πάντας,
1311 554 1405 605 καὶ
1458 552 1556 604 ἐπὶ
1604 550 1834 616 πάντας
1883 549 2025 614 τοὺς

448 637 962 706 ἐπικαλουμένους
1006 637 1212 691 αὐτόν.
1277 636 1414 693 Ἀλλ’
1461 638 1596 696 ἴσως
1625 636 1767 689 εἴποι
1805 652 1891 697 τις
1925 634 2020 686 ἄν·

453 722 562 775 Καὶ
602 721 712 785 πῶς
752 723 780 774 6
808 721 1130 792 βουλόμενος
1178 721 1392 789 ἀφεῖναι
1438 723 1532 774 καὶ
1573 719 1924 790 συγχωρῆσαι
1958 717 2026 770 τά

450 804 806 874 ἐγκλήματα,
857 805 1144 857 ἐκέλευσεν
1189 805 1349 857 αὐτὸν
1399 803 1703 872 πραθῆναις
1740 803 1879 854 Αὐτὸ
1926 802 2025 871 μὲν

447 885 543 940 οῦν
570 888 730 942 τοῦτο
780 888 1012 958 μάλιστα
1040 886 1204 940 αὐτοῦ
1235 887 1334 959 τὴν
1372 887 1778 957 φιλανθρωπίαν
1807 886 2021 938 δείκνυ-

453 988 559 1026 σιν.
611 971 773 1025 Ἀλλά
807 971 882 1042 μὴ
930 970 1308 1039 ἐπειγώμεθα,
1352 970 1489 1022 ἀλλά
1531 970 1680 1033 τάξει
1718 969 2024 1040 προϐαίνω-

455 1073 553 1124 μεν
587 1057 681 1108 ἐπὶ
727 1056 825 1124 τὴν
856 1057 954 1123 τῆς
997 1055 1305 1125 παροϐολῆς
1347 1054 1617 1123 διήγησιν.
1652 1053 1746 1116 Μὴ
1779 1053 2026 1120 ἄκοντος

451 1133 520 1186 δὲ
549 1134 740 1188 αὐτοῦ
779 1133 1143 1196 ἀποδοῦναι,
1190 1135 1344 1204 φησί.
1376 1135 1452 1189 »Τί
1479 1137 1615 1197 ἐστι,
1649 1133 1742 1198 Μὴ
1776 1133 2026 1200 ἔχοντος

451 1216 638 1271 αὐτοῦ
683 1217 1047 1279 ἀποδοῦναι;
1103 1217 1271 1270 Πάλιν
1314 1216 1560 1280 ἐπίτασις
1603 1213 2020 1284 ἀγνωμοσύνης·

453 1299 580 1354 ὃταν
613 1299 722 1369 γὰρ
747 1300 872 1370 είπῃ
895 1345 908 1360 .
935 1299 1029 1366 Μὴ
1057 1300 1304 1367 ἔχοντος
1333 1299 1520 1354 αὑτοῦ
1551 1297 1902 1357 ἀποδοῦναι,
1933 1297 2027 1350 οὐ-

452 1380 542 1435 δέν
571 1380 700 1434 ἀλλο
726 1379 894 1449 λέγει,
922 1382 1035 1437 ἀλλ’
1063 1383 1096 1453 ἢ
1123 1384 1203 1436 ὅτι
1232 1382 1672 1452 κατορθωμάτων
1703 1380 1908 1452 ἔρημος
1935 1374 2024 1449 ἦν,

454 1465 550 1520 καὶ
602 1465 754 1520 οὐδὲν
809 1461 952 1535 εἶχεν
1003 1466 1162 1536 ἔργον
1222 1466 1460 1535 ἀγαθὸν,
1519 1465 1660 1519 ὥστε
1712 1463 2026 1532 λογισθῆναι

454 1547 604 1618 αὐτῷ
644 1549 723 1611 είς
768 1548 865 1619 τήν
914 1547 1024 1601 τῶν
1069 1550 1482 1619 ἁμαρτημάτων
1533 1548 1888 1614 ἀπαλλαγήν·
1941 1546 2028 1598 λο-

454 1631 664 1694 γίζεται
689 1630 825 1700 γὰρ,
868 1629 1142 1697 λογίζεται
1172 1632 1388 1694 πάντως
1409 1634 1542 1700 ἡμῖν
1569 1632 1660 1682 ἐπὶ
1693 1629 2026 1700 ἁμαρτημά-

451 1730 562 1768 των
595 1716 881 1785 ἀπαλλαγῇ
917 1714 1348 1786 κατορθώματα,
1396 1715 1646 1784 καθάπερ
1683 1712 1776 1766 οὖν
1811 1713 1905 1766 καὶ
1934 1711 1994 1763 πί
2008 1739 2026 1750 -

457 1815 572 1861 στις
617 1800 696 1861 εἰς
731 1798 1095 1869 δικαιοσύνην.
1139 1799 1222 1863 Τῷ
1258 1798 1367 1866 τὰρ
1393 1798 1478 1866 μὴ
1507 1795 1900 1866 ἐργαζομένῳ,
1933 1807 2028 1847 ,πι-

453 1881 729 1934 στεύοντι
766 1881 834 1934 δὲ
860 1881 958 1934 ἐ·πί
998 1879 1106 1934 τὸν
1143 1880 1490 1935 δικαιοῦντα
1521 1881 1628 1933 τὸν
1662 1877 1849 1946 ἀσεϐῆ
1873 1919 1886 1937 ,
1921 1883 2027 1931 λο-

455 1960 668 2030 γίζεται
707 1962 746 2029 ἡ
779 1965 981 2028 πίστις
1015 1961 1200 2017 αὐτοῦ
1234 1967 1319 2028 εἰς
1361 1962 1776 2029 δικαιοσύνην.
1827 1960 1936 2014 Καὶ
1977 1958 2028 2012 τί

454 2043 599 2113 λέγω
629 2046 809 2100 πίστιν
843 2048 936 2100 καὶ
971 2045 1375 2116 κατορθώματα
1394 2090 1408 2110 ,
1439 2047 1574 2100 ὅπου
1606 2063 1670 2114 γε
1697 2046 1792 2099 καὶ
1820 2043 2028 2113 θλίψεις

455 2125 758 2195 λογίζονται
819 2131 948 2200 ήμῖν
996 2131 1074 2192 εἰς
1123 2130 1534 2200 ἁμαρτημάτων
1586 2129 1874 2192 ἀνάλυσιν;
1920 2127 2030 2180 Καὶ

455 2210 613 2265 τοῦτο
637 2212 789 2281 δηλοῖ
815 2212 912 2283 μέν
955 2213 994 2265 6.
1012 2212 1244 2282 Χριστὸς
1270 2214 1358 2266 διὰ
1378 2214 1476 2284 τῆς
1508 2211 1601 2265 τοῦ
1627 2211 1880 2283 Λαζάρου
1920 2227 2028 2264 πα-

461 2294 728 2366 ραϐολῆς,
777 2297 1011 2364 εἰσάγων
1054 2295 1145 2350 τὸν
1200 2296 1450 2368 Ἀϐραὰμ
1502 2297 1728 2363 λέγοντα
1761 2296 1897 2366 πρὸς
1939 2295 2029 2346 τὸν

458 2378 710 2434 πλούσιον
730 2420 745 2442 ,
781 2382 860 2434 ὅτι
889 2381 1136 2453 Λάζαρος
1161 2381 1428 2436 ἀπέλαϐεν
1458 2384 1515 2434 ἐν
1542 2385 1607 2452 τῇ
1637 2382 1747 2451 ζωῇ
1778 2378 1941 2435 αὑτοῦ
1963 2378 2031 2431 τὰ

458 2464 623 2524 κακὰ,
658 2463 751 2516 καὶ
773 2463 862 2517 διὰ
887 2463 1044 2518 τοῦτο
1075 2459 1178 2517 ὦδε
1211 2463 1624 2534 παρακαλεῖται.
1663 2464 1821 2534 Δηλοῖ
1848 2463 1905 2516 δέ
1939 2461 2030 2514 καὶ

455 2546 486 2595 6
513 2543 722 2608 Παῦλος
744 2545 1049 2618 Κορινθίοις
1070 2547 1399 2600 ἐπιστέλλων
1449 2549 1578 2618 περὶ
1603 2546 1697 2599 τοῦ
1731 2563 2030 2616 πεπορνευο

457 2629 633 2692 κότος,
672 2630 765 2683 καὶ
795 2630 968 2698 λέγων
999 2630 1168 2684 οὕτω·
1195 2630 1498 2699 Παράδοτε
1522 2632 1628 2684 τὸν
1656 2631 1925 2684 τοιοῦτον
1957 2628 2032 2693 τῷ

457 2717 694 2784 Σατανᾷ
737 2721 822 2784 είς
865 2719 1114 2786 ὀλεθρον
1149 2718 1259 2788 τῆς
1290 2719 1536 2788 σαρκὸς,
1570 2719 1668 2772 ἵνα
1701 2719 1767 2772 τὸ
1797 2717 2032 2785 ,πνεῦμα

455 2803 642 2873 σωθῇ.
663 2806 771 2860 Καὶ
799 2806 1018 2876 ἐτέρους
1043 2806 1100 2860 δὲ
1125 2806 1514 2876 ἡμαρτηκότας
1544 2805 2032 2875 παραμυθούμενος

455 2891 629 2958 οὕτως
671 2895 846 2963 ἔλεγε·
877 2895 979 2949 Διά
1015 2895 1190 2949 τοῦτο
1219 2896 1290 2948 ἐν
1317 2895 1461 2964 ὑμῖν
1492 2896 1710 2948 πολ.ίοί
1756 2894 2032 2960 ἀσθενεῖς

456 2980 557 3035 καί
590 2981 907 3050 ἄρρωστοι,
939 2982 1038 3036 καί
1075 2981 1388 3051 κοιμῶνται
1415 2983 1627 3036 ἱκανοί.
1655 2984 1724 3035 El
1754 2980 1863 3050 γὰρ
1891 2982 2029 3034 ἑαυσ

455 3068 599 3135 τοὺς
624 3069 970 3139 ὲκρίνομεν,
1013 3071 1124 3124 οὐκ
1161 3069 1238 3123 ἂν
1282 3071 1661 3137 ἐκρινόμεθα·
1703 3070 2032 3138 κρινόμενοι

456 3156 526 3210 δὲ
555 3159 672 3213 ὑπὸ
718 3161 971 3226 Κυρίου,
1017 3159 1443 3228 παιδευόμεθα,
1501 3162 1600 3213 ἵνα
1640 3159 1726 3228 μὴ
1780 3159 1902 3212 σὺν
1951 3158 2032 3220 τῷ

457 3243 664 3312 ιιώσμφ
697 3245 1158 3314 κατακριθῶμεν.
1185 3246 1247 3298 Εἰ
1275 3246 1333 3298 δὲ
1363 3247 1687 3317 πειρασμὸς,
1718 3247 1814 3298 καὶ
1843 3247 2028 3310 νόσος,

457 3325 554 3381 καὶ
577 3327 827 3381 ἀσθένεια
847 3370 861 3390 ,
895 3329 988 3381 καὶ
1031 3330 1232 3400 σαρκὸς
1268 3329 1508 3402 ὄλεθρος,
1543 3333 1686 3402 άπερ
1718 3330 2032 3400 ἀϐουλήτως

459 3415 834 3485 ὑπομένομεν,
867 3417 968 3468 οὐκ
1010 3417 1163 3470 αὐτοὶ
1195 3415 1726 3484 κατασκευάζοντες,
1758 3416 2032 3484 λογίζεται

460 3503 591 3573 ήμῖν
619 3505 698 3566 εἰς
728 3504 1004 3574 ἁμαρτίας
1031 3503 1292 3568 διάλυσιν,
1321 3503 1500 3575 πολλῷ
1530 3503 1729 3574 μᾶλλον
1756 3504 2034 3573 κατορθώ-

463 3605 610 3660 ματα
629 3629 644 3648 ,
673 3590 816 3661 άπερ
851 3592 1066 3654 ἑκόντες
1098 3592 1191 3644 καὶ
1217 3591 1606 3655 σπουδάζοντες
1637 3591 2030 3663 μετερχόμεθα.

472 3676 612 3730 Ἀλλ’
640 3673 794 3741 οὗτος
822 3677 1025 3750 ἔρημος
1053 3678 1166 3752 [10]
1203 3680 1301 3751 μὲν
1330 3679 1537 3749 ἀγαθοῦ
1567 3680 1765 3744 παντὸς
1786 3675 1874 3751 ἦν,
1901 3699 2034 3753 φορ-

461 3765 574 3819 τίον
599 3763 656 3818 δὲ
677 3766 1088 3837 ἁμαρτημάτων
1115 3768 1385 3838 ἀφόρητον
1409 3763 1518 3838 εἶχε
1539 3783 1550 3795 ·
1579 3767 1667 3821 διὰ
1691 3767 1848 3820 τοῦτό
1878 3786 2032 3840 φησι·

462 3852 560 3920 Μὴ
593 3853 842 3923 ἔχοντος
868 3855 1052 3909 αὑτοῦ
1085 3855 1450 3920 ἀποδοῦναι,
1484 3853 1815 3910 ἐκέλευσεν
1849 3857 2037 3911 αὐτὸν

463 3939 796 4009 πραθῆναι·
844 3941 966 3994 ὅθεν
1014 3941 1247 4012 μάλιστα
1303 3942 1418 3996 ἐστι
1473 3941 1564 3999 τοῦ
1609 3944 1874 3998 Δεσπότου
1936 3943 2036 4016 τὴν

465 4031 872 4102 φιλανθρωπίαν
925 4032 1292 4103 καταμαθεῖν,
1345 4033 1426 4085 ὅτι
1466 4033 1560 4087 καὶ
1612 4034 1674 4086 τὸ
1729 4034 2037 4102 λογοθὲσιον

464 4119 722 4190 ἐποίησε.
768 4121 862 4172 καὶ
913 4118 1184 4192 πραθῆναι
1219 4119 1535 4173 ἐκέλευσεν·
1586 4121 1872 4192 ἀμφότερα
1929 4122 2037 4193 γάρ

465 4207 636 4261 ταῦτα
670 4207 997 4278 εἰργάσατο,
1042 4206 1182 4260 ὥστε
1213 4207 1374 4260 αὐτὸν
1403 4207 1479 4278 μὴ
1522 4208 1816 4278 πραθῆναι.
1867 4209 2037 4265 Πόθεν

465 4293 623 4348 τοῦτο
671 4293 862 4364 δῆλονς
919 4294 1051 4347 Ἀπὸ
1098 4293 1192 4348 τοῦ
1237 4295 1425 4358 τέλους
1452 4315 1464 4325 ·
1519 4295 1568 4346 εἰ
1602 4293 1710 4367 γὰρ
1764 4296 2038 4366 πραθῆναι

467 4379 629 4434 αὑτὸν
654 4379 905 4434 ἐϐούλετο
924 4418 938 4444 ,
969 4380 1052 4444 τίς
1077 4382 1104 4433 ὁ
1127 4380 1350 4434 κωλύων
1376 4375 1479 4451 ἦν;
1512 4381 1595 4444 τίς
1626 4384 1655 4439 ὁ
1697 4382 2034 4449 ἐμποδίζωνς

539 4475 602 4535 ς’.
633 4469 788 4532 Τίνος
805 4465 897 4523 οὖν
918 4470 1101 4523 ἕνεκεν
1126 4470 1375 4523 ἐκέλευσε
1403 4509 1418 4534 ,
1471 4471 1546 4542 μὴ
1579 4471 1786 4541 μέλλων
1827 4476 2035 4538 ποιεῖνς

468 4558 586 4611 Ἵνα
612 4555 822 4628 αὐξήσῃ
859 4555 950 4609 τὸν
981 4556 1143 4625 φόϐον
1160 4572 1174 4586 ·
1201 4556 1291 4610 τὸν
1317 4557 1375 4610 δὲ
1413 4557 1574 4626 φόϐον
1596 4557 1799 4628 ηὔξησε
1825 4559 1911 4613 διὰ
1943 4562 2040 4632 τῆς

466 4646 733 4716 ἀπειλῆς,
775 4645 859 4699 ἵνα
894 4645 1055 4698 αὐτὸν
1087 4646 1168 4708 εἰς
1205 4645 1486 4716 ἱκετηρίαν
1536 4647 1776 4720 ἐμϐάλῃ·
1809 4649 1890 4712 εἰς
1931 4651 2039 4702 ἱκε-

467 4735 661 4806 τηρίαν
705 4733 764 4788 δέ
795 4733 958 4788 αὐτὸν
990 4731 1274 4798 ἐνέϐαλεν,
1322 4733 1408 4786 ἵνα
1441 4733 1696 4805 ἀφορμὴν
1726 4734 1864 4806 λάϐῃ
1910 4753 2039 4804 συγα

468 4822 778 4893 γωρήσεως.
845 4819 1103 4875 Ἦδύνατο
1151 4819 1250 4890 μέν
1301 4819 1411 4892 γάρ
1459 4822 1552 4874 καὶ
1585 4822 1691 4892 πρὸ
1725 4822 1823 4891 τῆς
1862 4840 2041 4894 παραυ

469 4914 716 4982 κλήσεως
758 4912 918 4969 αὐτὸν
952 4913 1168 4982 ἀφεῖναι
1188 4952 1202 4976 ,
1253 4911 1370 4966 ἀλλ’
1401 4912 1486 4964 ἵνα
1519 4911 1594 4983 μή
1631 4913 1850 4984 χείρονα
1879 4915 2042 4984 ἐργα-

473 5015 669 5070 σηται,
703 4997 861 5052 τοῦτο
901 5001 1000 5054 οὐκ
1052 4998 1328 5070 ἐποίησεν.
1389 5000 1651 5055 Ἦδύνατο
1688 5001 1782 5055 καὶ
1817 5002 1922 5070 πρὸ
1946 5001 2041 5056 τοῦ

471 5085 781 5154 λεγοθεσίου
833 5089 1054 5156 ποιῆσαι
1088 5087 1188 5158 τὴν
1245 5086 1622 5159 συγχώρησιν,
1668 5087 1782 5142 ἀλλ’
1827 5088 1913 5141 ἕνα
1968 5089 2043 5159 μὴ

471 5173 570 5232 τὸν
593 5173 758 5242 δτκον
797 5174 1008 5244 ἀγνοῶν
1045 5174 1153 5230 τῶν
1195 5176 1642 5248 ἁμαρτημάτων,
1683 5176 2044 5248 ἀπανθρωπό-

471 5276 629 5332 napo;
651 5259 877 5331 γένηται
911 5259 1007 5314 καὶ
1045 5260 1318 5334 ὠμότερος
1363 5262 1491 5334 περὶ
1515 5263 1640 5327 τοὺς
1673 5263 1898 5333 πλησίον
1916 5305 1930 5330 ,
1958 5263 2046 5318 διά

473 5346 633 5404 τοῦτο
651 5345 816 5401 αὐτὸν
841 5347 1108 5419 πρότερον
1133 5349 1341 5412 ἐδίδαξε
1358 5349 1421 5403 τὸ
1449 5349 1678 5420 μέγεθος
1708 5349 1802 5403 τοῦ
1829 5350 2041 5422 χρέους,

473 5435 572 5490 καὶ
600 5435 721 5489 τότε
761 5435 973 5506 ἀφῆκεν
1003 5434 1168 5490 ἁπαν.
1220 5435 1285 5490 Εἰ
1308 5436 1418 5508 γὰρ
1460 5436 1555 5493 τοῦ
1602 5437 1913 5506 λογοθεσίου
1955 5455 2046 5506 γε-

474 5523 700 5594 νομένου
721 5563 736 5589 ,
763 5525 860 5580 καὶ
901 5523 997 5581 τοῦ
1035 5525 1400 5596 ὸιρειλήματος
1443 5525 1778 5597 δειχθέντος,
1826 5527 1922 5580 καὶ
1948 5527 2046 5596 τῆς

473 5611 706 5681 ἀπειλῆς
724 5609 1108 5682 ἐπενεχθείσης
1128 5650 1143 5676 ,
1165 5613 1258 5664 καὶ
1283 5611 1383 5682 τῆς
1409 5613 1706 5682 καταδίκης
1748 5612 2046 5683 γενομένης

474 5697 639 5767 ἰήλης
659 5737 674 5758 ,
706 5697 774 5768 ἢν
803 5699 1094 5768 ὑπομεῖναι
1139 5697 1344 5761 δίκαιος
1389 5694 1478 5771 ἦν,
1516 5697 1690 5762 οὕτως
1720 5699 1911 5771 ἄγριος
1952 5701 2046 5752 καὶ

470 5783 623 5854 ὠμὸς
662 5785 790 5857 περὶ
837 5785 926 5839 τὸν
968 5784 1248 5840 σύνδουλον
1291 5785 1536 5855 ἐγένετο·
1575 5788 1623 5838 εἰ
1650 5786 1814 5858 μηδὲν
1844 5785 2044 5840 τούτων

2129 468 2321 541 ἐξέϐη,
2365 471 2467 524 ποῦ
2492 471 2594 525 οὐκ
2621 470 2686 524 ἂν
2715 469 3006 536 ἐξώλισθεν
3046 466 3366 537 ἀγριότητος
3390 480 3403 530 ;
3435 464 3532 518 Διά
3556 464 3717 522 τοῦτο

2129 560 2302 614 ταῦτα
2349 563 2528 615 πάντα
2579 564 2608 615 6
2658 562 2793 624 Θεὸς
2843 561 3016 614 ἐποίει
3071 559 3164 612 καὶ
3225 555 3712 629 ἐπραγματεύετο,

2132 655 2580 720 προαναστέλλων
2625 654 2789 710 αὐτοῦ
2841 653 2940 724 τὴν
2987 653 3254 723 ἀπήνειαν
3294 649 3528 718 ἐκείνην.
3562 649 3625 703 Et
3656 648 3718 702 δὲ

2136 744 2324 815 μηδενὶ
2348 746 2632 818 διωρθώθη
2661 746 2898 807 τούτων,
2944 745 3004 798 οὗ
3042 742 3195 815 παρὰ
3227 743 3320 795 τὸν
3355 742 3678 796 διδάσκαλον
3699 779 3714 798 ς

2131 836 2268 889 ἀλλά
2291 839 2422 906 παρ’
2456 838 2668 891 ἐκεῖνον
2693 837 2784 889 τὸν
2814 835 2888 906 μὴ
2911 835 3204 904 δεξάμενον
3232 831 3334 902 τὴν
3356 830 3643 901 διόρθωσιν
3683 831 3716 898 ἠ

2133 925 2299 979 αἰτία.
2322 927 2467 998 Πλὴν
2485 928 2601 980 ἀλλ’
2622 928 2824 997 ἴδωμεν
2848 926 2960 990 πῶς
2993 924 3142 995 αὐτῷ
3170 922 3445 992 μεθοδεύει
3459 921 3521 974 τὸ
3535 920 3714 982 ἕλκος.

2135 1018 2345 1072 Πεσὼν
2374 1014 2507 1080 οὖν,
2538 1019 2692 1089 φησὶ,
2723 1017 2884 1086 παρὰ
2913 1017 3055 1081 τοὺς
3095 1015 3286 1080 πόδας
3324 1013 3530 1076 αὑτοῦ,
3562 1026 3716 1081 παρ-

2132 1109 2335 1164 εκάλει
2368 1110 2556 1164 αὐτόν
2580 1114 2792 1180 λέγων·
2820 1109 3303 1177 Μακροθύμησον
3324 1107 3415 1158 ἐπ’
3436 1105 3588 1175 ἐμοί,
3615 1104 3716 1158 καὶ

2134 1203 2330 1256 πάντα
2370 1219 2467 1256 σοι
2519 1202 2830 1257 ἀποδώσω.
2875 1203 2987 1256 Καὶ
3031 1199 3104 1270 μὴ
3147 1199 3254 1270 μὴν
3288 1194 3441 1250 εἶπεν
3464 1239 3477 1258 ,
3504 1197 3589 1249 ὅτι
3613 1196 3719 1250 οὐκ

2135 1292 2278 1365 εἶχεν
2320 1294 2644 1348 ἀποδοῦναι·
2681 1291 2819 1345 ἀλλά
2859 1289 3102 1345 τοιοῦτον
3141 1289 3249 1342 τῶν
3293 1287 3615 1355 ὀφειλόντων
3653 1284 3718 1336 τὸ

2134 1387 2275 1448 ἔθος,
2321 1385 2422 1438 κᾶν
2463 1385 2629 1456 μηδὲν
2659 1384 2854 1454 ἔχωσιν
2898 1379 3225 1444 ἀποδοῦναι,
3258 1377 3716 1446 ἐπαγγέλλονται,

2133 1477 2272 1530 ὥστε
2299 1477 2404 1529 τῶν
2429 1476 2712 1546 παρόντων
2737 1474 3113 1544 ἀπαλλαγῆναι
3135 1472 3342 1527 δεινῶν.

2218 1601 2566 1672 Ἀκούσωμεν
2617 1601 2731 1653 ὅσοι
2776 1597 3124 1672 ῥᾳθυμοῦμεν
3171 1596 3367 1665 εὐχῆς,
3421 1593 3561 1660 πόση
3607 1591 3721 1644 τῶν

2134 1693 2371 1764 δεήσεων
2415 1694 2448 1763 ή
2489 1691 2734 1761 δύναμις.
2780 1691 2854 1743 Οὐ
2895 1689 3146 1760 νηστείαν
3190 1686 3503 1749 ἐπεδείξατο
3529 1677 3718 1746 οὗτος,

2135 1785 2236 1837 οὐκ
2293 1781 2714 1854 ἀκτήμοσύνην,
2760 1782 2861 1834 οὐκ
2905 1781 3032 1834 ἄλλο
3073 1780 3181 1832 τῶν
3229 1778 3488 1831 τοιούτων
3539 1775 3718 1837 οὐδὲν,

2136 1877 2248 1931 ἀλλ’
2302 1877 2508 1947 ἕρημος
2553 1874 2628 1928 ὢν
2670 1875 2762 1928 καὶ
2799 1874 3007 1944 γυμνὸς
3039 1874 3219 1943 πάσης
3260 1872 3496 1941 ἀρετῆς,
3527 1867 3722 1948 ἐπειδὴ

2136 1966 2479 2040 παρεκάλεσε
2547 1965 2640 2018 τὸν
2701 1964 2968 2035 δεσπότην
3034 1963 3226 2034 μόνον,
3275 1961 3492 2030 ἴσχυσεν
3554 1955 3723 2009 αὑτὸν

2137 2055 2549 2112 ἐπισπάσασθαι
2578 2054 2713 2123 πρὸς
2743 2053 2911 2106 ἔλεον.
2949 2051 3040 2123 Μὴ
3069 2051 3250 2104 τοίνυν
3279 2047 3723 2119 ἀπαγορεύωμεν

2137 2151 2195 2202 ἐν
2230 2151 2350 2212 ταῖς
2375 2149 2611 2219 δεήσεσι.
2641 2147 2738 2209 Τίς
2761 2146 2871 2217 γὰρ
2899 2144 3092 2198 τούτου
3127 2141 3323 2212 γένοιτ’
3360 2141 3425 2194 ἂν
3458 2142 3724 2210 ἁμαρτω-

2136 2241 2352 2313 λότερος
2371 2281 2385 2306 ,
2411 2240 2471 2303 ὃς
2494 2239 2769 2301 τοσούτοις
2805 2238 2903 2307 μὲν
2925 2237 3266 2307 ἐγκλήμασιν
3295 2232 3597 2294 ὑπεύθυνος
3623 2226 3720 2300 ἦν,

2137 2333 2470 2408 κατόρθωμα
2500 2332 2555 2385 δέ
2595 2334 2655 2385 ού
2691 2331 2916 2403 μικρὸν,
2949 2329 3010 2382 ού
3047 2329 3192 2399 μέγα
3229 2327 3528 2395 ἐκέκτητο;
3574 2323 3721 2377 Ἀλλ’

2137 2427 2288 2497 ὅμως
2329 2426 2430 2479 οὐκ
2469 2422 2592 2478 εἷπε
2632 2424 2767 2495 πρὸς
2794 2423 3004 2476 ἑαυτόν·
3057 2418 3534 2493 Ἀπαρρησίαστός
3565 2417 3721 2485 εἰμι,

2138 2515 2402 2590 αἰσχύνης
2429 2515 2622 2586 γέμω,
2661 2515 2776 2577 πῶς
2815 2513 3048 2582 δύναμαι
3094 2509 3449 2583 προσελθεῖν;
3487 2506 3600 2570 πῶς
3624 2504 3724 2558 δύο

2138 2627 2309 2684 ναμαι
2337 2608 2753 2680 παρακαλέσαι;
2785 2607 2814 2660 ὃ
2842 2605 3030 2659 πολλοὶ
3057 2603 3166 2656 τῶν
3197 2601 3616 2674 ἁμαρτανόντων
3637 2597 3724 2650 λέο

2138 2716 2322 2768 γουσι,
2371 2697 2684 2769 διαϐολικήν
2731 2694 3012 2757 νοσοῦντες
3065 2692 3373 2746 εὐλάϐειαν.
3437 2690 3722 2760 Ἀπαῤῥη-

2141 2793 2359 2856 σίαστος
2392 2787 2473 2855 ei;
2519 2790 2616 2842 Διά
2643 2787 2800 2842 τοῦτο
2828 2785 3123 2860 πρόσελθε,
3157 2785 3243 2838 ἵνα
3285 2785 3463 2855 κτήσῃ
3504 2781 3726 2852 παρρη-

2140 2883 2262 2934 σίαν
2294 2881 2511 2950 πολλήν.
2551 2879 2643 2950 Μὴ
2682 2877 2792 2948 γὰρ
2834 2877 3118 2948 ἄνθρωπός
3163 2879 3309 2930 ἐστιν
3340 2877 3367 2928 6
3401 2873 3610 2945 μέλλων
3640 2889 3724 2925 σοι

2139 2972 2643 3032 καταλλάττεσθαι,
2700 2971 2788 3026 ἵνα
2853 2970 3148 3041 αἰσχυνθῇς
3210 2969 3305 3023 καὶ
3353 2967 3721 3040 ἐρυθριάσῃς;

2138 3067 2270 3130 Θεός
2301 3068 2479 3122 ἐστιν,
2524 3065 2552 3116 6
2599 3063 2693 3116 σοῦ
2728 3063 2928 3133 μᾶλλον
2964 3061 3284 3132 βουλόμενος
3326 3057 3629 3124 ἀπαλλάξαι
3662 3075 3725 3111 σε

2137 3157 2247 3210 τῶν
2289 3153 2686 3224 ἐγκλημάτων·
2720 3153 2817 3223 οὐχ
2864 3152 3008 3207 οὕτω
3042 3154 3108 3206 σὺ
3143 3152 3243 3222 τῆς
3272 3149 3499 3204 σεαυτοῦ
3540 3152 3722 3218 ἀσφαο

2137 3245 2286 3308 λείας
2324 3243 2645 3314 ἐπιθυμεῖς,
2674 3243 2750 3306 ώς
2781 3243 2989 3308 ἐκεῖνος
3029 3242 3240 3313 ἐφίεταί
3289 3259 3382 3295 σου
3413 3241 3512 3312 τῆς
3545 3258 3725 3309 σωτηο

2144 3333 2264 3403 ρίας
2286 3348 2299 3362 ·
2330 3333 2426 3384 καὶ
2453 3331 2610 3384 τοῦτο
2645 3331 2711 3385 δι’
2738 3332 2916 3386 αὐτῶν
2945 3332 3054 3385 τῶν
3089 3332 3267 3404 ἔργων
3293 3334 3440 3403 ἡμᾶς
3472 3330 3726 3384 ἐπαίδευ-

2143 3440 2255 3476 σεν.
2294 3421 2410 3478 Οὐκ
2443 3421 2586 3492 ἔχεις
2616 3423 2966 3494 παρῤησίαν;
2999 3424 3096 3477 Διά
3124 3423 3282 3477 τοῦτο
3323 3423 3526 3494 δυνήσῃ
3576 3426 3724 3494 παῤ-

2144 3515 2338 3585 ρησίαν
2367 3514 2511 3584 ἔχειν
2531 3554 2546 3578 ,
2581 3515 2662 3568 ὅτι
2694 3513 2810 3587 [Η]
2841 3513 2984 3568 οὔτω
3010 3515 3317 3570 διάκεισαι·
3353 3515 3582 3586 μεγίστη
3612 3513 3726 3584 γὰρ

2143 3609 2448 3680 παρρησία,
2477 3607 2539 3661 τὸ
2577 3607 2650 3678 μὴ
2688 3608 2932 3678 νομίζειν
2965 3609 3108 3679 ἔχειν
3151 3608 3465 3681 παρρησίαν
3488 3626 3502 3640 ·
3533 3607 3726 3676 ὥσπερ

2141 3693 2234 3750 οὖν
2283 3696 2512 3767 αἰσχύνη
2550 3697 2818 3768 μεγίστη,
2861 3698 2922 3750 τὸ
2967 3699 3210 3752 δικαιοῦν
3261 3698 3452 3752 ἐαυτὸν
3493 3697 3726 3752 ἐνώπιον

2142 3790 2373 3860 Κυρίου.
2431 3789 2668 3852 Ἐκεῖνος
2732 3789 3044 3860 άκάθαρτός
3099 3793 3240 3852 ἐστι,
3303 3788 3406 3843 κᾶν
3465 3789 3728 3843 ἁπάντων

2143 3873 2446 3945 ἀνθρώπων
2478 3872 2776 3942 ἁγιώτερος
2923 3872 3114 3944 ὥσπερ
3150 3869 3244 3926 οὖν
3276 3873 3484 3936 δίκαιος
3511 3873 3726 3940 γίνεται

2143 3958 2171 4008 6
2211 3956 2404 4018 πείσας
2451 3955 2642 4008 ἑαυτὸν
2678 3955 2896 4009 πάντων
2941 3955 3164 4026 ἔσχατον
3199 3951 3360 4009 εἶναι.
3419 3955 3530 4010 Καὶ
3578 3955 3727 4027 μάρ-

2143 4056 2305 4110 τυρες
2337 4038 2446 4092 τῶν
2496 4037 2807 4108 λεγομένων
2860 4041 2890 4092 6
2941 4040 3230 4112 Φαρισαῖος
3265 4039 3360 4094 καὶ
3401 4040 3432 4094 6
3459 4038 3724 4109 τελώνης.

2143 4123 2236 4193 Μὴ
2261 4122 2441 4174 τοίνυν
2466 4119 2933 4193 ἀπογινώσκωμεν
2957 4125 3015 4174 ἐν
3034 4125 3145 4186 τοῖς
3176 4124 3395 4193 ἀμαρτή
3406 4137 3559 4188 μασι,
3588 4122 3730 4193 μηδὲ

2145 4203 2601 4274 ἀπαγορεύωμεν,
2629 4203 2764 4257 ἀλλά
2808 4205 3243 4278 προσερχώμεθα
3264 4205 3341 4276 τῷ
3368 4203 3490 4276 Θεῷ
3509 4245 3524 4270 ,
3557 4221 3732 4274 προσο

2147 4300 2458 4371 πίπτωμεν,
2495 4299 2904 4370 παρακαλῶμεν
2924 4340 2939 4360 ,
2971 4303 3107 4372 ὅπερ
3155 4295 3309 4365 οὗτος
3331 4301 3585 4369 ἐποίησε,
3627 4301 3730 4370 μέ-

2145 4403 2238 4454 χρι
2277 4383 2466 4436 τούτου
2511 4381 2650 4452 καλῇ
2686 4384 2749 4454 τῇ
2793 4381 2984 4455 γνώμῃ
3033 4384 3400 4454 χρησάμενος.
3443 4385 3516 4437 Τό
3545 4401 3604 4436 τε
3649 4384 3729 4455 μὴ

2148 4465 2556 4537 ἀπαγορεῦσαι,
2595 4465 2655 4516 τό
2683 4481 2741 4517 τε
2779 4465 2854 4536 μὴ
2909 4467 3253 4534 ἀπογνῶναι,
3309 4468 3370 4520 τό
3421 4485 3481 4520 τε
3527 4468 3728 4538 ὁμολο-

2148 4551 2314 4619 γῆσαι
2351 4549 2419 4603 τά
2450 4548 2846 4618 ἡμαρτημένα,
2877 4549 2938 4600 τό
2966 4566 3024 4602 τε
3053 4551 3275 4620 αἰτῆσαι
3308 4549 3575 4620 ἀναϐολήν
3604 4567 3732 4604 τινα

2149 4635 2242 4686 καὶ
2292 4631 2583 4703 μέλλησιν,
2635 4630 2809 4684 ταῦτα
2864 4635 3041 4685 πάντα
3104 4633 3278 4693 καλά,
3337 4633 3431 4686 καὶ
3487 4632 3732 4696 διανοίας

2150 4713 2615 4784 συντετριμμένης
2635 4753 2646 4772 .
2681 4713 2772 4766 καὶ
2801 4716 3280 4785 τεταπεινωμένης
3307 4715 3508 4786 ψυχῆς.
3545 4715 3626 4769 τά
3669 4716 3733 4771 δὲ

2150 4798 2396 4853 ἐντεῦθεν
2416 4799 2517 4851 οὐκ
2541 4797 2620 4850 ἔτι
2644 4799 2804 4862 ὃμοια
2833 4800 2959 4860 τοῖς
2982 4800 3270 4870 προτέροις
3289 4815 3304 4830 ·
3335 4799 3479 4871 άπερ
3506 4801 3616 4869 γάρ
3639 4799 3734 4854 διὰ

2149 4883 2248 4953 τῆς
2267 4880 2546 4951 ίκετηρίας
2563 4882 2858 4950 συνήγαγε,
2873 4880 3047 4934 ταῦτα
3066 4881 3262 4952 ἀθρόον
3277 4881 3492 4954 ἐξέχεεν
3510 4883 3733 4938 ἅπαντα

2149 4965 2239 5018 διά
2260 4965 2356 5035 τῆς
2395 4966 2473 5026 εἰς
2520 4962 2612 5017 τὸν
2660 4963 2886 5032 πλησίον
2929 4961 3120 5033 ὀργῆς.
3165 4965 3326 5018 Ἀλλά
3348 4965 3486 5030 τέως
3509 4967 3603 5019 ἐπὶ
3631 4967 3734 5019 τὸν

2150 5048 2348 5116 τρόπον
2375 5047 2474 5116 τῆς
2517 5047 2916 5116 συγχωρήσειν(
2944 5045 3217 5116 ἔλθωμεν·
3256 5048 3457 5117 ἴδωμεν
3481 5048 3597 5111 πῶς
3628 5050 3736 5102 αὺ-

2150 5131 2241 5182 τὸν
2273 5130 2452 5198 ἀφῆκε.
2472 5167 2488 5190 ,
2523 5128 2619 5181 καὶ
2657 5128 2820 5183 πόθεν
2861 5131 2956 5183 ἐπὶ
2994 5129 3151 5184 τοῦτο
3179 5126 3342 5201 ἦλθεν
3371 5133 3404 5188 6
3437 5131 3735 5202 δεσπότης.

2153 5209 2631 5280 Σπλαγχνισθείς
2655 5213 2686 5263 ὀ
2724 5213 2928 5280 κύριος
2957 5212 3164 5275 αὐτοῦ,
3199 5215 3387 5284 φησιν,
3419 5213 3739 5271 ἀπέλυσεν

2152 5296 2354 5348 αὑτὸν,
2384 5293 2482 5346 καί
2509 5290 2574 5344 τὸ
2604 5291 2845 5371 δάνειον
2869 5293 3108 5364 ἀφῆκεν
3137 5295 3317 5362 αὐτῷ.
3345 5297 3580 5361 Ἐκεῖνος
3607 5298 3742 5371 μέλ-

2152 5378 2218 5448 λη
2228 5391 2309 5430 σιν
2332 5376 2433 5448 ᾔτη
2443 5393 2552 5437 σεν,
2575 5369 2731 5439 οὗτος
2761 5377 3109 5449 συγχώρησιν
3131 5378 3334 5436 ἔδωκεν
3351 5396 3366 5410 ·
3393 5379 3536 5434 ὥστε
3565 5369 3742 5439 πλέον

2152 5456 2214 5514 οὗ
2247 5460 2479 5530 ᾔτησεν,
2511 5457 2701 5517 ἔλαϐεν
2739 5461 2965 5525 ἐκεῖνος.
2989 5461 3081 5515 Διὸ
3105 5453 3435 5527 καῖ’Παῦλός
3461 5479 3616 5534 φησι·
3650 5466 3742 5531 Τῷ

2153 5541 2467 5606 δυναμένῳ
2496 5539 2693 5594 πάντα
2723 5542 2972 5612 ποιῆσαι
3004 5543 3158 5612 ὑπὲρ
3199 5544 3270 5598 ἐκ
3310 5547 3606 5614 περισσοῦ
3642 5543 3742 5602 ὧν

2155 5625 2472 5692 αἰτούμεθα
2518 5622 2557 5691 ἦ
2605 5625 2881 5696 νοοῦμεν.
2923 5628 3056 5682 Οὐδὲ
3095 5627 3206 5699 γάρ
3243 5629 3448 5700 ἰσχύεις
3477 5631 3739 5701 ἐννοῆσαι

2155 5707 2390 5761 τοσαῦτα
2407 5748 2421 5772 ,
2443 5705 2542 5758 ὃσα
2576 5709 2779 5772 ἐκεῖνός
2804 5727 2884 5763 σοι
2913 5710 3368 5781 παρεσκεύασταί
3385 5712 3588 5768 δοῦναι.
3636 5716 3742 5788 Μὴ

2163 5791 2333 5844 τοίνυν
2364 5790 2690 5862 αἰσχυνθῇς,
2726 5793 2858 5863 μηδὲ
2893 5794 3254 5867 ἐρυθριάσῃς·
3292 5795 3492 5867 μᾶλλον
3529 5796 3585 5850 δὲ
3610 5800 3740 5853 αισ-
