4010 6342
298 335 369 391 23
1085 338 1176 395 DE
1217 340 1451 399 DECEM
1487 342 1774 401 MILLIUH
1811 345 2106 403 TALENT.
2146 347 2493 407 DEBITORE
2523 351 2824 409 llOMllJA.
3503 362 3575 416 ‘25

288 453 444 510 tescit
462 471 478 510 :
495 468 618 510 nam
641 452 916 509 hominum
939 453 1083 510 salus
1102 456 1372 525 opulentia
1394 457 1486 513 Dei
1508 467 1610 525 est,
1628 460 1876 530 quemad-

288 546 506 602 modum
528 545 727 602 Paulus
747 546 874 601 dicit
897 565 908 601 :
938 546 1084 602 Dives
1111 548 1160 601 in
1188 549 1416 603 omnibus
1432 559 1477 603 et
1496 564 1587 618 per
1603 567 1775 606 eomes
1795 553 1881 622 qui

284 640 522 696 invocant
548 658 665 696 eum
691 638 872 711 (Rom.
902 640 989 696 lit}.
1021 640 1146 711 l2).
1170 640 1280 697 Sed
1303 641 1498 696 dixerit
1525 643 1716 712 aliquis
1740 685 1756 709 ,
1780 659 1880 697 cur

285 750 457 806 ergo,
490 733 535 790 si
557 733 851 790 destinarat
888 735 1160 790 remittere
1196 743 1253 790 et
1284 735 1589 790 condonare
1614 737 1834 791 crimina
1860 778 1877 803 ,

287 827 428 881 hunc
453 825 766 882 venumdari
788 826 987 896 jussit?
1008 826 1138 881 Illud
1154 837 1303 881 certe
1322 828 1584 895 imprimis
1602 828 1748 882 illius
1776 828 1880 881 hu-

288 919 600 973 manitatem
636 919 908 983 declarat;
940 918 1032 973 sed
1064 934 1132 973 ne
1161 917 1473 972 festinemus
1493 959 1510 984 ,
1540 929 1595 972 at
1619 934 1717 988 per
1740 920 1881 973 ordi-

287 1028 409 1066 netu
440 1012 793 1082 procedamus
818 1011 883 1065 ad
908 1011 1175 1080 parabolae
1200 1012 1608 1066 enarrationem.
1639 1011 1758 1065 Non
1787 1012 1881 1064 ha-

286 1104 429 1158 bente
444 1115 619 1157 autem
639 1120 696 1157 eo
710 1107 846 1173 quod
858 1104 1104 1157 redderet.
1124 1103 1260 1169 Quid
1282 1113 1459 1158 autem
1484 1113 1567 1159 est
1586 1104 1716 1159 illud
1738 1104 1881 1174 quod

288 1196 437 1259 dicit,
457 1193 577 1248 Non
594 1194 803 1249 habente
817 1211 874 1248 eo
887 1196 1023 1266 quod
1034 1195 1288 1250 redderet?
1309 1196 1511 1251 Rursus
1528 1196 1674 1251 vides
1692 1198 1886 1267 impro-

289 1288 471 1342 bitatis
501 1289 863 1343 accessionem
892 1305 1048 1345 :cum
1079 1289 1220 1343 enim
1250 1290 1414 1355 dicit,
1447 1289 1568 1344 Non
1594 1290 1801 1343 habente
1828 1308 1886 1346 eo

288 1382 422 1451 quod
437 1380 669 1442 saltaret,
690 1380 981 1435 nihilaliud
1002 1381 1129 1435 dicit
1148 1398 1304 1451 quam
1326 1398 1448 1436 eum
1465 1383 1703 1438 omnium
1726 1384 1888 1437 virtu-

292 1483 405 1527 tum
433 1473 651 1542 inopem
668 1471 857 1537 fuisse,
882 1488 985 1527 nec
1003 1473 1165 1526 ullum
1186 1473 1382 1527 bonum
1408 1489 1542 1543 (ψυε
1564 1474 1885 1543 possedisse,

284 1566 432 1637 quod
474 1567 727 1635 imputari
761 1579 939 1636 possm
976 1567 1045 1622 ad
1086 1568 1456 1623 remissionem
1500 1576 1837 1638 peccatorum
1870 1586 1883 1619 :

293 1660 781 1730 imputanturenim
798 1660 1018 1715 omnino
1045 1661 1200 1716 nobis
1228 1660 1293 1715 ad
1314 1672 1651 1731 peccatorum
1681 1663 1888 1716 veniam

286 1765 440 1809 reete
469 1752 606 1807 facta
629 1791 651 1817 .
682 1752 1129 1823 quemadmodum
1158 1762 1213 1807 et
1254 1754 1388 1808 iides
1418 1753 1484 1808 ad
1509 1753 1791 1824 justitiam.
1823 1753 1888 1808 Ei

282 1847 425 1899 enim
444 1885 458 1909 ,
482 1846 569 1914 qui
595 1861 698 1899 non
726 1855 986 1916 operatur,
1017 1845 1171 1899 credit
1194 1856 1362 1899 autem
1386 1847 1439 1900 in
1469 1862 1581 1900 eum
1609 1847 1695 1915 qui
1727 1847 1890 1917 justi-

292 1939 413 2007 ﬁcat
438 1939 653 2008 impium
673 1980 689 2004 ,
718 1939 1003 2008 imputatur
1030 1939 1157 2008 ﬁdes
1185 1940 1295 2007 ejus
1320 1939 1387 1991 ad
1406 1940 1659 2009 justitiam
1690 1940 1707 2008 (
1735 1938 1888 1993 Rom.

292 2031 346 2087 4.
374 2031 413 2086 5
427 2031 470 2102 ).
501 2029 767 2086 Caeterum
796 2030 922 2101 quid
948 2031 1122 2101 allego
1148 2031 1303 2085 ﬁdem
1330 2040 1388 2086 et
1415 2042 1560 2087 recte
1587 2031 1741 2098 facta,
1769 2047 1890 2087 cum

287 2122 668 2178 tribulationes
692 2136 906 2193 «(eoque
935 2124 1263 2192 impuleotur
1284 2122 1444 2178 nobis
1465 2123 1530 2177 ad
1556 2132 1889 2193 peccatorum

294 2214 747 2269 condonationem
771 2216 794 2269 ?
835 2215 904 2269 Et
946 2215 1051 2271 hoc
1074 2215 1311 2270 declarat
1337 2214 1583 2270 Christus
1613 2231 1710 2285 per
1732 2231 1890 2285 para-

296 2308 475 2363 bolam
508 2307 717 2374 Lazari,
746 2307 1091 2362 introducens
1118 2307 1383 2361 Abraham
1414 2308 1678 2362 dicentem
1712 2308 1777 2362 ad
1808 2307 1892 2362 di-

296 2400 485 2465 vitem,
512 2397 769 2452 Lazarum
792 2399 1034 2467 accipere
1060 2398 1484 2453 consolationem
1511 2442 1525 2464 ,
1554 2399 1675 2469 quia
1706 2397 1758 2453 in
1789 2399 1895 2452 vita

292 2507 393 2548 sua
424 2493 565 2546 mala
586 2502 869 2563 acceperat
895 2492 915 2563 (
930 2491 1056 2546 Luc.
1081 2493 1167 2547 16.
1190 2493 1262 2548 25
1284 2494 1322 2562 ).
1350 2493 1595 2548 Declarat
1618 2501 1675 2548 et
1700 2492 1895 2547 Paulus

301 2584 368 2639 ad
412 2584 721 2639 Corinthios
756 2584 824 2639 de
864 2583 1186 2639 fornicatore
1220 2585 1503 2639 scribens:
1532 2582 1740 2637 Tradite
1764 2586 1897 2635 hunc

302 2677 557 2731 honinem
585 2688 779 2730 satana:
804 2677 856 2729 in
881 2678 1093 2730 exitium
1117 2677 1282 2729 euntis
1304 2716 1318 2739 ,
1349 2685 1406 2727 ut
1434 2675 1641 2744 spiritus
1676 2682 1898 2727 servetur

298 2769 393 2837 (1.
423 2768 548 2823 Cor.
579 2769 633 2823 5.
663 2768 697 2824 5
723 2770 764 2838 ).
800 2767 868 2823 Et
897 2770 1030 2822 alios
1058 2769 1147 2837 qui
1174 2777 1533 2839 peccweraut
1573 2767 1857 2822 consolans
1880 2806 1895 2829 ,

302 2862 369 2916 ad
402 2861 546 2916 hunc
576 2860 792 2914 modum
819 2861 983 2915 verba
1012 2858 1140 2915 facit
1172 2878 1183 2910 :
1218 2859 1345 2912 Ideo
1378 2859 1435 2913 in
1472 2856 1607 2912 vobis
1642 2857 1788 2910 multi
1815 2857 1898 2911 in-

306 2954 443 3022 ﬁrmi
468 2964 517 3007 et
546 2953 725 3023 (egroti
748 2994 765 3019 ,
796 2962 841 3006 et
871 2953 1128 3006 dormiunt
1164 2952 1313 3005 mulli
1340 2968 1360 3005 :
1397 2951 1441 3004 si
1466 2953 1596 3004 enim
1636 2966 1729 3003 nos
1765 2951 1901 3021 ipsos

300 3045 671 3119 iudicaremus,
699 3062 804 3099 non
832 3046 1002 3116 utique
1017 3044 1387 3116 judicaremur.
1414 3042 1541 3097 Cum
1567 3053 1732 3096 autem
1749 3042 1900 3112 judi-

307 3152 485 3191 camur
508 3153 543 3189 α
579 3134 802 3190 Domino
825 3177 842 3203 ,
882 3137 1204 3207 castigamur,
1231 3144 1288 3189 ut
1322 3151 1425 3188 non
1451 3150 1566 3187 cum
1592 3134 1686 3187 hoc
1714 3132 1903 3186 niundo

304 3230 613 3284 (attinemur
633 3231 649 3298 (
671 3229 723 3283 l.
749 3230 869 3283 Cor.
895 3229 953 3283 ll
970 3268 984 3282 .
1011 3228 1193 3283 50-52
1212 3226 1254 3299 ).
1276 3225 1333 3282 Si
1360 3237 1538 3281 autem
1561 3227 1901 3292 tentationes,

306 3325 507 3389 morbi,
538 3322 905 3388 inﬁrmitates,
939 3332 993 3377 et
1016 3323 1193 3376 carnis
1221 3322 1440 3376 exitium
1462 3362 1477 3387 ,
1506 3336 1627 3391 qua:
1662 3335 1761 3374 nec
1788 3328 1902 3374 stn-

302 3415 422 3483 dio,
443 3430 546 3471 nec
573 3415 843 3469 voluntate
873 3416 1120 3483 patimur,
1150 3414 1476 3483 imputantur
1502 3412 1655 3467 nobis
1683 3411 1750 3465 ad
1778 3425 1905 3480 pec-

310 3518 555 3564 catorum
595 3508 941 3563 abolitionem
961 3548 976 3571 ,
1012 3506 1179 3561 multo
1209 3506 1376 3575 magis
1401 3514 1547 3560 recte
1576 3502 1714 3559 facta
1740 3546 1755 3568 ,
1787 3519 1907 3573 quzc

309 3600 666 3655 voluntateet
691 3598 869 3654 studio
890 3598 1278 3668 persequimur.
1302 3595 1438 3651 Huic
1463 3605 1641 3651 autem
1669 3596 1906 3649 omnium

308 3692 579 3748 bonorum
608 3690 784 3759 inopia
810 3698 926 3745 erat
943 3729 959 3755 ,
992 3703 1129 3744 onus
1153 3697 1340 3744 contra
1365 3698 1704 3758 peccatorum
1734 3686 1908 3740 maxi-

312 3800 463 3839 mum
493 3825 509 3847 ,
528 3793 588 3838 et
608 3783 819 3839 sarcina
842 3781 1212 3852 importahilis.
1242 3779 1444 3835 Idcirco
1469 3781 1598 3834 dicit
1617 3822 1635 3847 ,
1672 3777 1793 3833 Non
1812 3778 1912 3833 ha-

316 3878 460 3931 bente
480 3875 576 3929 illo
594 3875 730 3928 unde
750 3874 979 3928 redderet
996 3915 1010 3936 ,
1032 3874 1190 3944 jussit
1216 3888 1331 3927 eum
1356 3871 1654 3926 venumdari
1677 3872 1697 3941 (
1720 3870 1907 3925 Matth.

317 3969 407 4025 18.
438 3967 575 4041 25).
624 3968 699 4023 Ex
749 3965 854 4021 hoc
894 3966 1225 4036 potissimum
1268 3962 1394 4018 licet
1420 3962 1622 4018 domini
1664 3960 1911 4016 humani-

310 4069 481 4116 tatem
524 4061 826 4129 perdiscere
848 4100 865 4126 ,
911 4057 1054 4128 quod
1084 4069 1136 4111 et
1162 4057 1423 4111 rationem
1454 4055 1678 4110 instituit
1697 4098 1713 4123 ,
1742 4062 1797 4110 et
1823 4070 1913 4109 ve~

318 4152 565 4206 numdari
590 4152 751 4220 jussit
783 4169 796 4205 :
829 4150 988 4204 ambo
1028 4151 1171 4203 enim
1213 4149 1310 4202 ista
1358 4147 1494 4201 facta
1534 4155 1660 4200 sunt
1698 4145 1751 4200 in
1791 4160 1913 4200 eum

314 4242 484 4299 linem
504 4283 521 4306 ,
568 4251 626 4295 ut
658 4256 764 4295 non
800 4239 1149 4296 venderctur.
1180 4237 1332 4295 Unde
1360 4238 1413 4291 id
1445 4237 1650 4308 liquet?
1674 4251 1705 4291 a
1734 4251 1915 4290 rerum

321 4338 468 4391 esito
496 4352 511 4390 :
541 4335 586 4389 si
618 4333 764 4388 enim
793 4333 1051 4389 voluisset
1069 4373 1085 4398 ,
1112 4332 1236 4403 quis
1264 4330 1470 4386 obicem
1494 4371 1508 4396 ,
1536 4330 1657 4401 quis
1686 4327 1915 4399 impedi-

318 4438 565 4485 mentum
594 4427 862 4482 attulisset
876 4424 907 4479 ?

392 4519 451 4575 Β.
485 4518 757 4588 Quorsum
786 4517 946 4589 igitur
970 4516 1333 4573 venditionem
1354 4513 1657 4586 imperavit,
1683 4528 1806 4568 cum
1832 4511 1917 4566 ni-

321 4611 401 4667 hil
424 4612 538 4668 tale
562 4608 742 4667 facere
766 4612 1039 4666 statuisset
1054 4609 1082 4664 ἲ
1104 4608 1179 4664 lJt
1205 4614 1427 4680 augeret
1452 4617 1685 4672 metum;
1717 4615 1919 4661 metum

325 4717 463 4759 vero
484 4704 634 4758 ausit
659 4715 754 4772 per
777 4700 970 4767 minas,
992 4710 1054 4755 ut
1073 4713 1196 4756 eum
1220 4700 1286 4754 ad
1304 4698 1747 4770 supplicationem
1772 4710 1921 4752 com-

322 4795 597 4866 pclleret;
628 4792 696 4848 ad
712 4792 1154 4863 supplicationem
1178 4789 1436 4860 compulit
1455 4831 1471 4856 ,
1503 4798 1562 4844 ut
1584 4790 1920 4844 occasionem

324 4884 595 4942 donandus
616 4884 791 4938 veniae
822 4882 1067 4938 haberet.
1098 4881 1317 4937 Poterat
1350 4889 1405 4936 et
1432 4888 1558 4935 ante
1585 4877 1923 4949 deprecatio-

326 4990 453 5031 nem
470 4989 599 5030 eum
618 4975 848 5029 liberum
874 4973 943 5028 ab
960 4988 1071 5028 tere
1095 4972 1271 5027 alieno
1290 4970 1581 5034 dimittere,
1601 4970 1778 5026 sedne
1802 4969 1924 5023 inde

322 5069 478 5124 illum
513 5066 836 5121 deteriorem
865 5063 1101 5131 laceret,
1134 5065 1210 5119 ita
1250 5078 1309 5119 se
1336 5064 1522 5134 gessit.
1556 5063 1773 5117 Poterat
1800 5071 1925 5116 ante

326 5159 595 5214 rationem
625 5157 813 5211 iui-tam
838 5156 1047 5210 veniam
1075 5154 1375 5211 concedere
1394 5196 1409 5219 ,
1440 5154 1534 5208 sed
1566 5168 1633 5208 ne
1676 5155 1925 5223 ignorans

327 5250 529 5305 molem
575 5249 840 5303 scelerum
883 5262 1141 5312 suorum,
1182 5246 1523 5301 inhumanior
1563 5255 1619 5301 et
1659 5245 1926 5300 crudelior

326 5358 458 5414 erga
486 5344 763 5413 proximos
792 5352 956 5407 esset,
984 5340 1106 5395 ideo
1130 5342 1206 5396 illi
1236 5342 1381 5410 prius
1409 5340 1702 5395 declaravit
1723 5340 1803 5394 sui
1833 5340 1928 5394 de-

329 5436 430 5490 triti
458 5433 880 5505 magnitudinem
904 5474 919 5498 ,
951 5447 1015 5489 ac
1038 5442 1150 5488 tum
1177 5432 1392 5488 demum
1418 5434 1466 5488 ei
1493 5432 1701 5494 remisit
1724 5433 1925 5488 omnia.

328 5528 467 5583 Nam
493 5529 541 5582 si
570 5526 751 5582 habita
790 5527 1001 5581 ratione
1029 5540 1092 5581 ac
1125 5540 1234 5580 aere
1256 5525 1431 5580 alieno
1459 5535 1879 5580 commonstrato
1908 5569 1923 5590 ,

329 5620 603 5691 minisque
635 5620 794 5675 illatis
817 5662 833 5687 ,
864 5629 919 5675 et
945 5618 1393 5675 condemnatione
1424 5623 1693 5690 preposita
1718 5661 1734 5683 ,
1766 5634 1926 5690 quam

331 5710 617 5766 susﬁnere
631 5709 961 5776 merebatur,
991 5709 1127 5765 adeo
1153 5709 1296 5766 ferus
1332 5719 1388 5765 et
1430 5709 1662 5765 crudelis
1702 5708 1799 5764 fuit
1827 5708 1895 5763 ad

332 5816 707 5861 vet'sussuum
734 5814 1083 5865 conservum;
1116 5801 1160 5854 si
1198 5800 1328 5856 nihil
1370 5801 1592 5858 istorum
1629 5801 1927 5859 adhibitum

666 5913 940 5975 Pnaoc.
978 5906 1097 5971 Gn.
1143 5903 1243 5967 LI.

1990 462 2211 531 fuisset,
2249 480 2358 535 quo
2398 482 2506 521 non
2553 468 2893 524 immanitatis
2938 473 3306 543 prorupisset?
3350 472 3462 532 llac
3503 474 3575 529 du

1986 570 2145 610 causa
2176 555 2292 612 hzcc
2317 559 2491 613 omnia
2524 558 2661 616 Deus
2701 561 2824 616 fecit
2859 571 2913 617 et
2951 564 3214 633 instituit,
3240 577 3295 622 ut
3341 569 3574 626 hominis

1988 648 2373 704 immanitatem
2407 649 2549 705 illam
2584 654 2945 722 praemuniret.
2988 657 3043 710 Si
3088 657 3221 713 nihil
3264 660 3377 715 istis
3416 660 3576 717 rebus

1988 741 2300 796 emendatus
2324 742 2423 796 fuit
2447 783 2464 809 ,
2495 759 2599 797 non
2632 760 2795 815 penes
2822 749 3128 816 magistrum
3151 791 3164 813 ,
3193 749 3285 804 sed
3316 766 3480 820 penes
3509 754 3575 805 il-

1989 830 2097 883 lum
2130 832 2219 900 qui
2244 832 2671 890 emendationem
2712 852 2816 891 non
2849 840 3074 907 recipit,
3107 841 3259 909 culpa
3296 844 3575 898 statuenda

1989 930 2089 976 est.
2115 921 2495 980 Verumtamen
2522 925 2797 982 videamus
2817 944 2922 997 quo
2952 939 3104 998 pacto
3130 933 3244 999 ejus
3276 932 3426 987 ulcus
3450 934 3578 986 abs-

1990 1023 2179 1083 tergat.
2233 1015 2431 1071 Cadens
2452 1019 2607 1089 igitur
2627 1022 2694 1073 ad
2720 1021 2870 1089 pedes
2895 1023 3024 1091 ejus,
3049 1022 3335 1076 obsecrabat
3366 1026 3537 1079 dicens
3557 1041 3576 1079 :

1989 1105 2298 1160 Patientiam
2328 1108 2454 1163 habe
2481 1110 2534 1162 in
2562 1126 2674 1175 me,
2707 1122 2751 1163 et
2780 1113 2951 1164 omnia
2978 1114 3186 1164 reddam
3218 1114 3305 1166 tibi
3334 1114 3353 1182 (
3387 1113 3576 1169 Matth.

1992 1199 2076 1253 l8.
2106 1199 2233 1269 26).
2265 1199 2380 1253 Non
2421 1200 2592 1255 fassus
2622 1213 2699 1256 est
2735 1217 2793 1256 se
2825 1203 2953 1257 nihil
2987 1205 3183 1258 habere
3210 1205 3351 1275 quod
3385 1206 3580 1260 redde—

1991 1301 2073 1344 ret
2102 1309 2115 1343 :
2143 1292 2237 1345 sed
2270 1291 2357 1345 hic
2384 1307 2501 1345 mos
2523 1302 2601 1347 est
2633 1293 2934 1348 debitorum
2960 1337 2974 1358 ,
3006 1304 3061 1347 ut
3088 1295 3139 1347 in
3172 1310 3377 1353 suumia
3405 1297 3580 1365 inopia

1993 1384 2305 1453 promittant
2359 1393 2534 1439 tamen
2567 1428 2580 1450 ,
2633 1401 2741 1456 quo
2796 1402 3031 1456 pra-sons
3076 1388 3369 1457 periculum
3416 1390 3584 1443 vitare

1992 1478 2219 1545 possint.

2045 1568 2360 1624 Precationis
2373 1571 2465 1624 vis.
2485 1570 2712 1625 Maxima
2725 1572 2912 1640 fiducia
2923 1588 3170 1642 quaenam.
3191 1570 3359 1625 Venice
3373 1571 3576 1625 donata:

1995 1665 2192 1718 modus.
2216 1696 2285 1708 -ρ-
2300 1665 2592 1719 Audiamus
2611 1675 2866 1736 quotquot
2889 1667 3058 1737 ignavi
3076 1682 3260 1720 sumus
3276 1667 3340 1720 ad
3362 1682 3585 1737 precan-

1994 1757 2144 1825 dum,
2195 1768 2390 1828 quanta
2439 1760 2509 1813 sit
2549 1759 2976 1813 obsecrationum
3008 1759 3108 1813 vis.
3160 1759 3275 1813 Non
3322 1758 3587 1828 jejunium

1996 1852 2303 1917 ostentavit,
2350 1866 2456 1905 non
2487 1852 2779 1905 ultroneam
2830 1861 3195 1920 paupertatem
3218 1893 3234 1916 ,
3269 1863 3358 1905 aut
3378 1850 3582 1920 aliquid

1996 1942 2317 2007 istiusmodi,
2352 1941 2447 1997 sed
2482 1942 2747 2007 desertus,
2777 1944 2869 1997 sed
2897 1943 3068 1997 nudus
3093 1944 3236 1998 omni
3254 1944 3468 2007 virtute,
3497 1942 3587 1996 ubi

1997 2051 2055 2090 se
2078 2035 2141 2089 ad
2156 2035 2543 2090 obsecrandunt
2570 2036 2856 2101 convertit,
2881 2050 2949 2089 eo
2964 2036 3080 2090 solo
3118 2036 3284 2104 potuit
3313 2035 3587 2089 doniinum

1998 2128 2062 2181 ad
2090 2128 2510 2182 miscricordiam
2538 2128 2866 2198 pertrahere.
2905 2126 2983 2182 Ne
3012 2128 3167 2198 igitur
3196 2128 3503 2182 deﬁciamus
3536 2129 3588 2181 in

1997 2219 2279 2275 tondendis
2307 2220 2572 2288 precibus.
2601 2220 2732 2287 Quis
2762 2222 2903 2274 enim
2933 2220 3035 2275 hoc
3063 2220 3392 2284 sceleratior,
3421 2219 3508 2289 qui
3532 2229 3592 2273 et

2001 2319 2080 2366 tot
2108 2312 2420 2366 criminibus
2446 2312 2710 2365 obnoxius
2732 2321 2872 2376 erat,
2906 2320 2961 2366 et
2987 2311 3189 2365 nullum
3221 2322 3365 2365 recte
3393 2310 3589 2365 factum

2002 2403 2349 2474 possidebat?
2377 2403 2492 2459 Non
2520 2414 2699 2459 tamen
2744 2418 2926 2459 secum
2957 2403 3022 2457 ad
3068 2404 3227 2458 istum
3264 2403 3479 2457 modum
3511 2402 3591 2454 lo-

1999 2505 2195 2567 quutus
2221 2505 2322 2560 est,
2350 2494 2465 2550 Non
2496 2495 2667 2550 audeo
2694 2495 2856 2565 loqui,
2888 2495 3091 2565 pudore
3119 2496 3306 2564 plenus
3330 2510 3471 2560 sum,
3500 2494 3591 2563 qui

2001 2597 2188 2659 potero
2210 2586 2500 2643 accedere?
2517 2588 2605 2656 qui
2634 2598 2821 2656 pclero
2842 2601 2995 2641 orare
3012 2586 3035 2638 ?
3051 2586 3191 2653 quod
3216 2587 3451 2657 plerique
3474 2601 3596 2653 pec-

1998 2686 2239 2732 catorum
2263 2677 2482 2744 dicunt,
2511 2677 2768 2731 diabolica
2800 2676 3105 2731 laborantes
3135 2676 3436 2731 timiditate.
3468 2675 3585 2729 Non

2003 2769 2153 2824 adest
2185 2769 2273 2823 tibi
2304 2770 2493 2824 ﬁducia
2522 2767 2816 2839 loquendi?
2839 2768 3126 2838 Propterea
3147 2768 3361 2831 accede.
3397 2777 3454 2821 ut
3480 2782 3594 2821 ma-

1998 2861 2172 2931 jorem
2204 2861 2447 2915 ﬁduciam
2467 2875 2642 2929 pares.
2670 2859 2806 2914 Num
2826 2860 2969 2914 enim
2993 2859 3155 2914 homo
3177 2870 3276 2923 est,
3306 2874 3463 2930 quem
3490 2857 3597 2927 pla-

2004 2968 2126 3007 care
2152 2954 2301 3021 cupis
2319 2991 2336 3015 ,
2366 2961 2424 3005 ut
2453 2950 2655 3021 pudore
2684 2961 2738 3005 et
2763 2950 3080 3005 verecundia
3108 2949 3457 3005 laborandum
3483 2949 3596 3003 sit?

2006 3044 2145 3098 Deus
2168 3053 2253 3098 est
2278 3043 2365 3111 qui
2407 3044 2574 3113 magis
2597 3085 2613 3109 ,
2641 3057 2799 3112 quam
2842 3051 2895 3096 tu
2929 3044 3041 3112 ipse
3066 3085 3079 3106 ,
3111 3050 3327 3112 exoptat
3353 3050 3403 3095 te
3426 3056 3460 3095 a
3487 3042 3596 3095 (τῆς

2007 3138 2241 3193 minibus
2266 3137 2486 3193 liberari
2510 3153 2525 3201 ;
2558 3152 2663 3192 non
2690 3146 2746 3191 tu
2775 3147 3052 3207 tantopere
3081 3144 3225 3189 tuam
3255 3136 3594 3188 securitatem

2006 3231 2341 3300 concupiscis
2370 3271 2384 3294 ,
2426 3239 2756 3300 quanwpere
2798 3227 2889 3282 ille
2926 3238 3069 3283 tuam
3100 3227 3322 3282 salutem
3349 3226 3551 3295 expetit
3580 3244 3595 3278 :

2009 3324 2168 3394 idque
2208 3323 2367 3377 rebus
2415 3322 2544 3391 ipsis
2584 3321 2786 3376 docuit.
2835 3318 2950 3375 Non
2991 3318 3157 3374 habes
3204 3316 3496 3372 ﬁduciam?
3523 3314 3600 3370 Eo

2010 3416 2128 3485 ipso
2160 3410 2312 3485 potes
2359 3413 2605 3468 ﬁduciam
2646 3412 2878 3478 habere,
2911 3410 3051 3481 quod
3101 3412 3171 3465 ita
3213 3409 3434 3465 aliectus
3478 3409 3598 3462 sis:

2011 3508 2239 3562 maxima
2263 3507 2405 3561 enim
2438 3506 2627 3559 ﬁducia
2643 3513 2745 3571 est,
2770 3520 2891 3559 cum
2917 3505 3035 3573 quis
3061 3518 3121 3557 se
3146 3502 3415 3557 existimat
3435 3499 3603 3555 ﬁdere

2012 3615 2118 3655 non
2147 3600 2364 3655 debere.
2389 3599 2520 3653 Nam
2551 3609 2609 3653 ut
2638 3614 2980 3667 suianpcrc
3009 3596 3251 3667 punienda
3279 3611 3367 3652 res
3382 3605 3490 3659 est,
3511 3595 3601 3665 ju-

2012 3691 2244 3746 stilicare
2265 3692 2508 3761 ‘seipsum
2538 3705 2718 3745 coram
2748 3689 2974 3744 Domino
3007 3707 3021 3742 :
3054 3689 3142 3742 ille
3175 3688 3321 3742 enim
3363 3688 3606 3757 impurus

2013 3789 2097 3837 est
2123 3783 2441 3852 quicumque
2486 3780 2542 3836 id
2592 3780 2716 3836 facit
2738 3821 2752 3845 ,
2778 3781 2991 3836 etiamsi
3024 3779 3271 3835 omnibus
3302 3777 3606 3833 hominibus

2015 3875 2252 3929 sanctior
2290 3871 2450 3929 fuerit
2482 3891 2495 3927 :
2530 3876 2599 3928 ita
2638 3888 2848 3944 quoque
2885 3872 3060 3942 justus
3090 3871 3147 3927 iit
3170 3913 3185 3937 ,
3219 3875 3307 3941 qui
3351 3887 3409 3927 se
3434 3871 3608 3926 credit

2016 3967 2255 4019 omnium
2302 3965 2577 4021 hominum
2622 3975 2919 4019 extremum
2961 3978 3100 4019 esse.
3133 3962 3295 4032 Cujus
3333 3964 3411 4017 rei
3443 3972 3607 4017 testes

2016 4065 2141 4111 sunt
2171 4055 2470 4110 Pharismus
2496 4064 2549 4110 et
2577 4055 2911 4125 publicanus.
2954 4054 3032 4110 Ne
3072 4055 3230 4125 igitur
3269 4053 3604 4124 despondea-

2015 4162 2138 4203 mns
2178 4148 2412 4203 animum
2454 4148 2525 4203 ob
2558 4157 2775 4219 peccata
2800 4190 2817 4216 ,
2859 4163 3033 4217 neque
3076 4148 3421 4217 desperemus
3446 4188 3462 4211 ,
3512 4146 3607 4199 sed

2019 4239 2274 4296 adeamus
2296 4238 2482 4305 Deum,
2504 4240 2863 4309 procidamus.
2885 4238 3251 4306 obsecramus,
3269 4236 3611 4309 quemadmo—
3668 4252 3671 4255 ’

2020 4332 2147 4387 dum
2178 4333 2278 4387 iste
2308 4329 2433 4387 fecit
2455 4377 2470 4394 ,
2498 4329 2758 4387 hactenus
2785 4331 2925 4386 bona
2963 4326 3146 4386 mente
3174 4345 3330 4385 .usus.
3370 4328 3485 4386 Non
3510 4329 3609 4384 de-

2022 4424 2289 4494 spondere
2313 4424 2549 4478 animum
2566 4466 2582 4487 ,
2609 4438 2718 4478 non
2747 4422 3057 4493 desperare,
3083 4420 3327 4478 conﬁterl
3354 4428 3566 4491 peccata
3590 4460 3609 4484 ,

2020 4516 2294 4589 postulare
2334 4514 2643 4569 dilationem
2684 4513 2919 4585 aliquam
2960 4521 3016 4568 et
3054 4528 3259 4567 moram
3284 4552 3300 4578 ,
3341 4520 3396 4567 et
3435 4510 3613 4565 omnia

2024 4608 2122 4660 ista
2150 4607 2287 4660 bona
2315 4614 2439 4659 sunt
2463 4614 2520 4660 et
2548 4604 2742 4660 mentis
2778 4604 3023 4659 contritae
3046 4644 3063 4665 ,
3102 4610 3158 4656 et
3193 4601 3386 4654 anima:
3432 4600 3611 4653 humi-

2025 4696 2185 4750 liata.
2214 4696 2344 4763 Qum
2368 4695 2479 4765 jam
2524 4701 2839 4763 sequuntur,
2876 4707 3210 4763 nequaquam
3251 4690 3443 4745 similia
3488 4702 3615 4743 sunt

2024 4789 2389 4860 superioribus
2417 4806 2430 4842 :
2459 4801 2579 4858 qua:
2615 4786 2757 4841 enim
2784 4799 2879 4855 per
2915 4780 3354 4855 supplicationem
3384 4795 3612 4851 congre-

2025 4888 2244 4950 gaverat
2269 4918 2285 4943 ,
2326 4877 2441 4932 hzcc
2469 4877 2647 4930 omnia
2685 4876 2736 4929 in
2764 4876 3070 4928 universum
3100 4870 3284 4926 effudit
3310 4886 3408 4941 per
3434 4870 3567 4924 iram
3589 4913 3607 4936 ,

2026 4985 2185 5041 quam
2218 4970 2269 5023 in
2303 4970 2602 5040 proximum
2632 4966 2889 5022 exercuit.
2920 4964 3024 5019 Sed
3045 4964 3155 5034 jam
3182 4964 3247 5017 ad
3272 4962 3488 5018 modum
3519 4962 3617 5016 do-

2028 5071 2168 5116 natae
2191 5061 2361 5115 venia:
2392 5058 2759 5129 procedamus.
2791 5057 3077 5110 Videamus
3119 5054 3425 5125 qualitatem
3464 5054 3616 5107 istius

2030 5152 2362 5208 remissionis
2388 5193 2401 5216 ,
2430 5161 2484 5205 et
2503 5150 2694 5220 quibus
2720 5148 2878 5202 rebus
2903 5148 2969 5200 ad
2997 5147 3048 5201 id
3080 5145 3328 5200 dominus
3353 5144 3614 5198 adductus

2030 5244 2213 5301 fuerit.
2265 5244 2502 5299 Misertus
2542 5244 2678 5297 illius
2722 5241 2993 5306 dominus,
3042 5239 3211 5309 inquit
3248 5236 3571 5306 evangelista
3598 5277 3614 5298 ,

2030 5338 2239 5391 absolvit
2267 5353 2381 5390 eum
2401 5376 2415 5397 ,
2438 5346 2484 5390 et
2508 5335 2731 5388 debitum
2754 5333 2942 5387 remisit
2964 5330 3189 5404 (Matth.
3224 5330 3311 5385 l8.
3347 5329 3415 5381 27
3438 5326 3479 5397 ).
3524 5327 3618 5381 Ille

2032 5430 2341 5484 dilationem
2370 5427 2541 5497 petiit,
2573 5428 2672 5482 iste
2696 5426 2905 5481 veniam
2928 5425 3226 5489 concessit,
3258 5422 3392 5477 adeo
3413 5431 3470 5475 ut
3502 5421 3620 5490 plus

2031 5524 2273 5592 ceperit,
2304 5538 2459 5593 quam
2495 5521 2793 5592 postularit.
2822 5520 3156 5590 QuaprOpter
3184 5516 3378 5572 Paulus
3409 5515 3618 5585 inquit,

2036 5616 2102 5670 Ei
2118 5658 2131 5679 .
2158 5617 2245 5683 qui
2268 5625 2425 5686 potest
2450 5615 2619 5668 omnia
2644 5617 2809 5684 facere
2835 5608 3325 5681 superabundantius
3348 5623 3499 5679 quam
3526 5623 3619 5675 pe—

2029 5706 2188 5761 timus
2210 5748 2225 5772 ,
2253 5716 2339 5760 aut
2364 5707 2641 5775 cogitamus
2667 5702 2882 5775 (Ephcs.
2912 5701 2965 5755 5.
2993 5698 3109 5771 20).
3141 5698 3256 5754 Non
3299 5700 3438 5754 enim
3472 5706 3624 5767 putes

2035 5799 2268 5873 cogitare
2298 5808 2441 5854 tanta
2468 5841 2480 5866 ,
2511 5807 2709 5868 quanta
2745 5795 2832 5851 ille
2876 5793 3104 5849 instituit
3141 5789 3346 5846 donare
3386 5789 3501 5845 tibi.
3541 5786 3620 5839 he

3199 5898 3241 5957 2
