4010 6342
426 343 495 400 27
1129 349 1184 406 S.
1209 348 1498 408 JGANNIS
1533 350 2004 409 CIiRYSOSTOMl
2039 352 2358 410 ARCHIEI’.
2380 345 2927 411 'CONSTANTINUP.
3615 342 3685 398 23

429 463 592 529 igitur
619 462 856 533 pudeﬁas
873 504 890 528 ,
919 478 1051 520 neve
1080 466 1386 532 erubescas,
1417 467 1524 520 imo
1551 468 1722 538 potius
1747 469 2004 539 pudorem

429 551 754 621 de'peccatis
774 553 963 623 collige
984 594 999 619 ,
1022 568 1090 609 ne
1114 554 1394 625 deSperes,
1422 571 1555 611 neve
1579 557 1808 612 absistas
1831 572 1860 611 a
1885 572 2010 627 pre-

431 645 660 710 catione,
687 643 780 698 sed
805 645 998 700 accede
1016 688 1031 711 ,
1057 645 1182 702 licet
1207 656 1452 717 peccator
1476 650 1550 703 sis
1571 691 1587 716 ,
1621 659 1674 702 ut
1699 650 2012 704 reconcilies

433 734 528 789 tibi
566 735 845 791 Dominum
870 778 884 802 ,
912 746 969 791 ut
997 737 1092 795 des
1120 738 1192 792 illi
1234 739 1406 793 locum
1445 756 1592 796 suam
1633 740 2012 795 humanitatem

435 825 488 878 in
517 825 905 881 condonatioae
935 835 1143 883 tuorum
1183 829 1462 883 criminum
1493 829 1778 884 exhibendi
1807 847 1818 882 :
1851 830 1971 899 quia
1993 870 2007 893 ,

434 916 478 970 si
506 917 695 972 timeas
731 917 986 973 accedere
1008 958 1026 986 ,
1060 919 1286 988 impedis
1315 920 1453 974 illius
1489 921 1798 986 bonitatem,
1833 935 2010 974 remo-

435 1009 571 1062 raris
617 1007 757 1063 illius
799 1010 1139 1080 benignitatis
1184 1011 1482 1082 largitatem
1510 1053 1525 1078 ,
1575 1022 1828 1083 quantum
1866 1013 1931 1066 ad
1963 1023 2014 1067 te

439 1099 649 1153 attinet.

512 1189 635 1244 Non
661 1191 786 1246 solas
815 1208 985 1264 preces
1020 1195 1215 1248 veniam
1256 1195 1546 1266 impetrant,
1576 1196 1664 1251 sed
1691 1211 1805 1249 cum
1849 1196 2014 1265 gratia

436 1281 556 1337 Dei.
587 1283 888 1338 Recordatio
915 1296 1229 1356 peccatorum
1269 1289 1427 1344 utilis.
1456 1286 1653 1341 Paulus
1701 1296 2014 1356 peccatorum

439 1387 650 1426 suorum
676 1375 984 1430 recordatur.
1017 1407 1086 1416 —-
1111 1376 1187 1432 Ne
1237 1375 1392 1448 igitur
1419 1379 1652 1432 animum
1679 1376 2012 1446 despondea-

441 1478 583 1532 mus,
608 1479 742 1519 neve
779 1479 880 1519 nos
923 1480 1115 1536 segnes
1166 1468 1480 1536 timidosque
1524 1468 1592 1522 ad
1642 1481 1827 1538 preces
1866 1465 2018 1520 exhi-

439 1553 682 1609 beamus.
710 1555 932 1610 Etiamsi
969 1555 1171 1616 detrusi
1198 1557 1364 1611 simus
1398 1558 1464 1612 ad
1508 1557 1818 1613 barathrum
1857 1555 2012 1609 mali-

442 1643 551 1712 tiae,
583 1643 736 1700 facile
757 1646 883 1701 inde
914 1661 1012 1702 nos
1039 1647 1317 1703 extrahere
1355 1652 1566 1718 poterit.
1613 1649 1782 1704 Nemo
1812 1657 2013 1702 tantum

439 1735 678 1805 peccavit
702 1745 955 1808 quantum
982 1739 1084 1795 iste
1109 1757 1122 1794 :
1149 1757 1269 1795 nam
1297 1745 1348 1796 in
1372 1757 1529 1797 omne
1564 1757 1732 1812 genus
1753 1741 2015 1796 scelerum

441 1839 755 1898 proruperat
787 1847 800 1883 :
831 1831 883 1885 id
909 1832 1052 1886 enim
1079 1833 1375 1903 signiﬁcant
1421 1835 1556 1889 dena
1604 1834 1767 1888 millia
1794 1833 2017 1888 talento-

431 1929 559 1972 ‘rum
593 1936 605 1970 :
663 1934 820 1976 nemo
867 1922 938 1976 ita
986 1923 1140 1992 inops
1168 1923 1377 1977 virtutis
1414 1932 1516 1987 est,
1545 1931 1603 1978 ut
1631 1924 1730 1978 istc
1757 1923 1851 1978 fttit
1881 1921 2019 1976 :hoc

429 2007 584 2063 'enim
622 2010 932 2082 intelligitur
985 2029 1052 2068 ex
1092 2028 1189 2079 eo,
1238 2014 1379 2084 quod
1427 2015 1559 2069 nihil
1611 2015 1830 2070 haberet
1876 2014 2017 2086 quod

431 2100 782 2169 ‘rependeret.
830 2103 1079 2159 Attamen
1122 2105 1490 2176 undecumque
1527 2107 1794 2163 desertum
1832 2117 1887 2161 et
1932 2107 2017 2160 in-

431 2205 602 2260 '0pem
627 2194 796 2263 potuit
826 2196 906 2249 vis
934 2210 1146 2264 precum
1175 2197 1420 2251 liberare.
1441 2197 1688 2258 Tantum,
1721 2198 1907 2268 inquit,
1931 2213 2020 2251 va-

445 2285 518 2337 let
559 2287 824 2354 precatio,
855 2296 910 2340 ttt
943 2303 1064 2343 eum
1096 2289 1185 2358 qui
1224 2290 1516 2344 innumeris
1556 2290 1714 2345 rebus
1759 2299 1813 2345 et
1863 2290 2020 2344 factis

447 2375 724 2429 Dominum
777 2376 1090 2445 offenderit,
1124 2394 1152 2431 a
1196 2394 1350 2450 pmna
1405 2387 1460 2433 et
1509 2381 1765 2450 supplicio
1814 2382 2021 2451 eripere

449 2466 614 2534 possit
633 2466 657 2518 ?
675 2467 855 2522 Potest
876 2467 1012 2524 haud
1041 2471 1218 2525 dubie.
1244 2471 1358 2526 Non
1373 2471 1520 2526 enim
1545 2472 1631 2526 illa
1657 2473 1767 2527 sola
1797 2485 1879 2528 cst
1903 2488 2022 2543 quae

447 2555 623 2609 omnia
677 2556 920 2623 conﬁcit,
959 2559 1049 2613 sed
1093 2559 1252 2615 habet
1291 2565 1492 2616 sociam
1543 2571 1597 2616 et
1638 2563 2020 2617 auxiliatricom

446 2647 728 2702 maximam
759 2647 1136 2706 humanitatem
1166 2653 1295 2718 Dei,
1318 2655 1408 2724 qui
1431 2669 1615 2725 preces
1635 2654 1846 2724 accipit,
1863 2654 2022 2724 cujus

434 2736 648 2793 'viribus
669 2740 845 2795 omnia
877 2741 1028 2810 ﬁunt,
1054 2753 1106 2797 et
1132 2759 1250 2814 quae
1271 2746 1563 2800 orationem
1598 2746 1869 2800 efﬁcacem
1895 2741 2022 2800 red-

434 2825 606 2884 'didit.
638 2828 693 2886 ld
739 2831 897 2902 igitur
939 2834 1280 2892 subindicans
1304 2875 1321 2903 ,
1349 2837 1498 2902 dixit,
1525 2832 1763 2892 Misertus
1789 2837 2024 2891 dominus

446 2919 555 2988 ejus
573 2921 782 2977 absolvit
802 2941 937 2994 eum,
966 2939 1012 2980 et
1031 2943 1097 2981 ovs
1123 2927 1340 2982 alienum
1362 2929 1548 2982 remisit
1567 2926 1611 2982 ei
1635 2945 1653 2983 :
1675 2938 1730 2984 ut
1757 2929 1953 2995 discas,
1970 2934 2024 2984 et

448 3020 570 3078 post
607 3027 809 3080 preces,
842 3023 897 3071 et
941 3027 1063 3071 ante
1107 3031 1294 3086 preces
1344 3017 1543 3073 domini
1597 3019 1800 3074 viscera
1855 3029 2022 3074 totum

433 3108 574 3164 ’illud
629 3110 894 3180 negotium
940 3109 1143 3164 fecisse.
1199 3108 1445 3181 Egressus
1489 3119 1653 3164 autent
1701 3112 1790 3167 ille
1839 3113 2025 3166 invenit

451 3219 607 3256 unum
647 3219 994 3256 conservorum
1038 3219 1265 3268 suorum,
1311 3204 1398 3273 qui
1441 3205 1541 3275 ipsi
1575 3205 1777 3259 debebat
1827 3217 2025 3260 centum

449 3295 680 3348 denarios
699 3335 713 3358 ,
741 3305 786 3347 et
824 3305 993 3348 tenens
1019 3294 1295 3360 sulfocabat
1319 3313 1431 3350 eum
1457 3297 1628 3351 dicens
1653 3315 1672 3351 .'
1698 3297 1872 3353 Redde
1892 3301 2027 3370 quod

451 3384 596 3438 debes
623 3384 836 3454 (Matth.
865 3385 948 3439 18.
977 3383 1091 3456 28).
1123 3385 1261 3452 Quid
1317 3386 1590 3441 scelestius
1645 3387 1757 3443 ﬁeri
1813 3390 2026 3458 potest?

452 3475 641 3531 Adhuc
667 3477 810 3532 enim
834 3476 1076 3532 beneﬁcii
1105 3493 1292 3533 vocem
1322 3478 1376 3533 in
1403 3479 1620 3535 auribus
1648 3495 1862 3550 gerens,
1887 3481 2024 3536 obli-

439 3575 534 3623 ‘tus
563 3578 644 3624 est
683 3569 863 3625 herilis
888 3569 1155 3625 bonitatis.

519 3665 574 3717 τι.
617 3663 695 3718 En
731 3671 985 3733 quantum
1038 3664 1232 3718 bonum
1286 3672 1369 3719 est
1414 3675 1752 3734 peccatorum
1807 3680 2024 3722 suorum

445 3750 763 3811 'memin'isse
786 3769 810 3810 7:
842 3756 885 3810 si
914 3757 1053 3811 enim
1101 3757 1186 3812 hic
1224 3767 1480 3828 perpetuo
1507 3775 1690 3815 eorum
1715 3760 2026 3814 memoriam

448 3847 1047 3914 Tetinn‘isset,'non‘tam
1073 3848 1214 3905 ferus
1261 3860 1317 3905 et
1339 3851 1588 3906 immanis
1624 3853 1793 3907 factus
1818 3851 2022 3908 fuisset.

455 3938 743 4009 Propterea
762 3939 973 3995 assidue
993 3939 1140 4007 dico,
1160 3955 1260 3996 nec
1283 3943 1518 3998 omittam
1542 3943 1741 4011 dicere,
1771 3945 1923 4000 valde
1945 3951 2028 4000 est

457 4025 587 4085 utile
616 4040 669 4085 et
708 4033 1066 4087 necessarium
1114 4044 1370 4104 perpetuo
1407 4036 1674 4091 recordari
1714 4036 2025 4092 delictorum

451 4124 691 4178 omnium
721 4141 734 4177 ε
767 4122 895 4178 nihil
921 4125 1061 4179 enim
1086 4126 1156 4180 ita
1185 4138 1328 4182 recte
1357 4127 1671 4196 institutam,
1700 4129 2026 4185 tractabilem

457 4223 513 4269 et
534 4216 712 4270 mitem
729 4217 958 4271 animam
981 4216 1154 4272 facere
1173 4229 1524 4290 potest,quam
1543 4230 1794 4291 perpetua
1806 4221 2025 4277 delicto-

458 4321 576 4361 rum
597 4306 912 4361 recordatio.
930 4306 1052 4363 Ideo
1076 4313 1130 4362 et
1155 4308 1349 4364 Pau!us
1371 4327 1476 4366 non
1497 4313 1667 4367 solum
1692 4321 2025 4381 peccatorum

455 4415 658 4464 eorum,
684 4411 800 4471 qua:
827 4406 948 4457 ante
988 4401 1277 4469 lavacrum,
1309 4405 1401 4459 sed
1443 4399 1600 4460 etiam
1630 4421 1747 4475 qua:
1786 4414 1906 4474 post
1931 4405 2025 4459 ha-

455 4493 705 4563 ptismum
727 4494 1014 4549 commissa
1035 4503 1206 4562 erant,
1229 4511 1434 4552 memor
1461 4497 1576 4560 fuit,
1592 4499 1831 4568 quamvis
1860 4499 2025 4553 semel

455 4586 634 4666 omnia
681 4596 742 4666 et.
785 4585 956 4642 deleta
997 4596 1053 4642 et
1097 4590 1354 4660 exstincta
1395 4600 1592 4645 essent.
1621 4589 1674 4647 Si
1720 4601 1894 4647 autem
1939 4591 2028 4647 ille

456 4661 642 4731 eorum
669 4717 688 4753 ,_
716 4663 835 4751 quae
861 4687 983 4734 ante
1009 4677 1327 4749 baptismum
1353 4690 1625 4751 gesserat,
1664 4697 1868 4737 memor
1907 4683 2023 4748 fuit,

458 4769 626 4850 multo
652 4765 820 4840 magis
849 4786 963 4834 nos,
993 4785 1112 4838 quae
1151 4780 1271 4840 post
1310 4772 1626 4842 baptismum
1653 4783 1768 4828 acta
1795 4783 1948 4842 sunt,
1973 4775 2025 4829 itt

459 4861 715 4940 memoria
767 4864 1000 4916 retinere
1046 4861 1468 4927 debetnus;non
1516 4864 1657 4918 enim
1719 4866 1889 4919 solum
1939 4865 2026 4920 illa

459 4948 758 5005 istiusmodi
807 4951 1175 5007 recordatione
1225 4952 1640 5024 exstinguimus,
1669 4954 1762 5011 sed
1815 4965 1870 5010 et
1907 4957 2029 5012 inde

461 5055 585 5110 erga
615 5054 802 5096 omnes
825 5040 1068 5098 homines
1096 5043 1336 5099 mitiores
1355 5043 1665 5109 efﬁciemur,
1687 5054 1743 5102 et
1770 5041 1882 5101 Deo
1907 5062 2026 5101 cum

459 5129 649 5198 majori
694 5129 1061 5187 benevolentia
1113 5133 1459 5188 inserviemus
1485 5175 1500 5201 ,
1550 5134 1865 5190 ineffabilem
1913 5136 2025 5206 ejus

460 5220 841 5274 humanitatem
872 5235 937 5275 ex
981 5222 1280 5278 istiusmodi
1325 5225 1580 5279 memoria
1625 5227 2022 5295 perspicientes.

463 5307 614 5378 Quod
643 5310 744 5366 iste
772 5326 875 5365 non
898 5312 1052 5378 fecit,
1081 5312 1172 5368 sed
1202 5311 1397 5369 oblitus
1425 5317 1799 5385 magnitudinis
1821 5317 2027 5372 debito-

461 5417 578 5458 rum
611 5417 851 5469 suorum,
878 5404 1036 5459 etiam
1063 5405 1305 5461 beneﬁcii
1333 5406 1532 5462 domini
1573 5421 1678 5462 non
1723 5407 2028 5463 recordatus

465 5504 586 5559 est;
617 5494 889 5550 oblivione
937 5511 1096 5565 porro
1140 5496 1380 5552 beneﬁcii
1423 5496 1614 5554 factum
1639 5507 1739 5563 est,
1765 5507 1824 5554 ut
1863 5500 2027 5555 scele-

423 5604 428 5612 ·
462 5595 576 5640 rate
597 5601 656 5641 se
684 5587 908 5655 gesserit
948 5586 1202 5643 adversus
1229 5603 1566 5653 conservum,
1592 5599 1646 5645 et
1673 5589 1928 5646 scelerate
1969 5607 2028 5646 se

463 5676 699 5744 gerendo
727 5677 902 5732 omnia
931 5678 1236 5748 perdiderit,
1255 5695 1371 5751 qua:
1399 5696 1430 5736 a
1460 5681 1552 5736 Dei
1580 5681 1813 5737 bonitate
1843 5698 2030 5738 consc-

460 5776 654 5838 quutus
697 5778 855 5837 erat,
900 5767 1097 5825 Tenetis
1145 5772 1276 5826 enim
1316 5771 1597 5839 suﬂ'ocabat
1638 5791 1782 5842 eum,
1819 5774 1986 5831 dicens
2010 5818 2025 5846 ,

2119 469 2294 524 Redde
2315 471 2359 524 si
2379 470 2501 538 quid
2521 470 2666 523 debes
2696 486 2714 523 :
2743 485 2848 525 non
2876 469 3040 534 dixit,
3072 466 3494 522 Beddc‘centunt
3520 462 3685 516 dena-

2118 561 2230 615 rios
2263 576 2277 614 :
2312 561 2586 629 puduisset
2615 562 2758 615 enim
2785 575 2908 616 eum
2935 559 3208 614 nominare
3253 557 3482 611 tantillas
3507 554 3687 608 minu-

2117 652 2237 715 tias,
2259 650 2352 705 sed
2384 650 2555 715 Redde
2578 651 2619 704 si
2640 652 2761 720 quid
2787 651 2950 704 debes.
2986 649 3085 703 Ille
3107 658 3272 702 autem
3292 648 3473 701 cadens
3499 647 3570 697 ad
3601 661 3688 712 pe-

2118 742 2204 794 des
2223 744 2332 813 ejus
2353 744 2649 796 obsecrabat
2691 742 2860 796 dicens
2889 756 2906 794 :
2935 739 3239 794 Patientiam
3265 738 3390 791 habe
3414 738 3466 790 in
3496 752 3573 788 me
3590 775 3606 800 ,
3643 743 3688 787 et

2116 833 2286 885 omnia
2329 833 2537 885 reddam
2586 833 2674 885 tibi
2715 831 2924 895 (Matth.
2979 831 3064 886 18.
3101 829 3218 899 29).
3251 827 3466 883 Eisdem
3512 825 3692 881 verbis

2115 935 2268 974 suam
2299 922 2522 974 salutem
2553 931 2689 985 orat,
2710 921 2904 991 quibus
2930 922 3019 976 ille
3046 920 3252 975 veniam
3279 933 3308 971 a
3334 917 3552 971 domino
3587 917 3689 966 im-

2117 1018 2435 1078 petraverat.
2486 1011 2533 1065 Is
2575 1021 2754 1066 autem
2781 1027 2889 1080 pra:
2921 1012 3077 1064 nimia
3126 1009 3437 1064 crudelitate
3468 1023 3533 1059 ne
3577 1006 3696 1058 istis

2115 1099 2328 1168 quidem
2370 1102 2546 1156 verbis
2596 1100 2928 1164 ﬂectebatur,
2958 1116 3128 1170 neque
3174 1099 3443 1168 cogitavit,
3482 1110 3541 1149 se
3597 1110 3694 1163 per

2116 1189 2232 1244 Itzec
2273 1191 2410 1245 dicta
2459 1191 2684 1246 salutem
2734 1193 3018 1248 invenisse.
3074 1191 3324 1258 Quinimo
3376 1189 3419 1243 si
3457 1187 3692 1242 debitum

2118 1282 2430 1347 remisisset,
2465 1299 2532 1338 ne
2588 1285 2658 1338 ita
2702 1285 2914 1354 quidem
2973 1299 3071 1354 pro
3123 1283 3448 1337 humanitate
3495 1279 3692 1334 factum

2116 1373 2248 1427 illud
2301 1374 2662 1443 imputandum
2693 1374 2909 1436 fuisset.
2959 1375 3052 1430 sed
3094 1390 3190 1444 pro
3217 1374 3416 1428 debito.
3444 1372 3500 1428 Si
3539 1371 3684 1426 enim

2117 1477 2241 1519 ante
2281 1472 2539 1520 rationem
2577 1467 2788 1531 initam,
2823 1476 2878 1522 et
2907 1467 3219 1520 beneﬁcium
3245 1477 3522 1534 acceptum
3546 1504 3560 1527 ,
3592 1465 3692 1517 hoc

2119 1555 2355 1625 fecisset,
2386 1559 2550 1628 ipsius
2588 1560 3010 1630 magnanimitati
3063 1559 3166 1613 tale
3217 1556 3411 1611 factum
3459 1555 3693 1610 adscribi

2119 1649 2422 1717 potuisset:
2449 1649 2560 1718 jam
2613 1665 2740 1706 vero
2777 1659 2884 1704 tam
2933 1651 3226 1704 clementer
3277 1648 3489 1702 habitus
3531 1655 3584 1700 et
3618 1655 3697 1699 tot

2119 1749 2464 1807 peccatorum
2519 1741 2835 1796 remissione
2884 1741 3146 1808 donatus,
3201 1739 3267 1794 ad
3335 1754 3515 1810 parem
3569 1754 3693 1808 erga

2121 1843 2440 1884 conservum
2495 1830 2832 1885 clementiam
2889 1831 3152 1901 obligatus
3199 1838 3332 1884 erat.
3380 1830 3470 1884 ille
3521 1838 3695 1882 tamen

2121 1921 2252 1975 nihil
2280 1922 2574 1977 istiusmodi
2599 1921 2766 1989 fecit,
2793 1931 2883 1978 aut
2908 1924 2960 1977 in
2985 1929 3220 1977 mentem
3250 1921 3493 1983 admisit,
3523 1929 3580 1973 ut
3599 1934 3696 1973 co-

2121 2013 2328 2083 gitaret,
2361 2022 2613 2083 quantum
2643 2015 2923 2070 interesset
2953 2015 3088 2069 inter
3111 2014 3696 2080 condonaliouem,qutn

2121 2105 2220 2175 ipsi
2245 2119 2275 2158 a
2301 2104 2517 2159 domino
2535 2106 2845 2176 contigerat,
2866 2116 2920 2160 et
2945 2121 3061 2160 eam
3085 2121 3206 2174 qua:
3227 2121 3355 2174 erga
3381 2119 3697 2158 conservum

2121 2194 2420 2249 exhibenda
2450 2203 2566 2251 erat
2599 2214 2612 2250 :
2640 2212 2745 2250 non
2772 2197 2912 2252 enim
2950 2197 3118 2251 solum
3147 2196 3511 2265 magnitudine
3547 2193 3698 2248 debi-

2124 2293 2295 2339 torum
2320 2295 2414 2339 aut
2442 2285 2694 2356 dignitate
2719 2302 3086 2357 personarum,
3111 2287 3205 2342 sed
3252 2302 3318 2341 eo
3359 2289 3474 2355 ipso
3513 2286 3694 2347 modo,

2122 2392 2229 2446 quo
2267 2393 2355 2431 res
2383 2389 2497 2432 acta
2527 2386 2642 2441 est,
2673 2393 2920 2449 magnum
2950 2381 3088 2435 inter
3117 2388 3396 2447 utrumque
3415 2378 3704 2432 discrimen

2123 2468 2442 2537 conspicias.
2471 2467 2602 2523 Illud
2633 2471 2774 2524 enim
2800 2469 3032 2526 dcbitunt
3063 2469 3246 2526 decem
3281 2469 3502 2523 millium
3530 2469 3702 2523 talen-

2124 2568 2296 2615 torum
2318 2573 2452 2629 erat,
2481 2560 2582 2618 hoc
2621 2573 2834 2618 centum
2871 2563 3211 2619 denariorum
3241 2580 3255 2616 :
3285 2570 3340 2618 et
3368 2563 3456 2617 ille
3489 2560 3706 2632 quidem

2119 2653 2178 2706 -in
2228 2653 2502 2709 dominum
2549 2655 2931 2711 contumeliose
2984 2664 3312 2726 peccaverat,
3339 2653 3423 2708 hic
3467 2662 3705 2707 tantum-

2126 2745 2285 2800 modo
2314 2762 2572 2802 conservo
2593 2749 2856 2819 obligatus
2885 2758 3000 2804 erat
3025 2766 3037 2802 :
3063 2749 3152 2804 ille
3179 2747 3448 2804 beneﬁciis
3470 2747 3706 2816 acceptis

2125 2837 2263 2893 bene
2309 2839 2504 2896 mereri
2554 2839 2785 2896 vicissim
2832 2841 3079 2905 debebat,
3108 2839 3392 2903 dominus,
3420 2839 3510 2908 qui
3569 2836 3705 2891 nihil

2126 2928 2250 2984 boni
2286 2939 2377 2985 aut
2412 2932 2588 3001 magni
2617 2940 2707 2986 aut
2748 2932 2900 3002 parvi
2939 2932 3006 2987 ab
3048 2931 3166 3002 ipso
3212 2931 3406 2986 factum
3454 2929 3705 2992 videbat,

2125 3021 2303 3076 omnia
2347 3023 2572 3076 remisit.
2605 3024 2853 3077 Attamen
2905 3023 3032 3076 nihil
3073 3022 3263 3077 horum
3287 3020 3577 3092 cogitavit;
3607 3019 3708 3074 sed

2127 3113 2292 3166 semel
2319 3111 2389 3166 ab
2411 3113 2486 3166 ira
2516 3126 2818 3168 excaecatus
2836 3156 2851 3178 ,
2879 3113 3171 3168 suti'ocabat
3197 3127 3338 3176 cum,
3358 3121 3418 3166 et
3445 3110 3497 3165 in
3521 3124 3708 3165 carce-

2131 3218 2243 3257 rem
2276 3202 2504 3272 conjecit
2533 3203 2690 3272 (Ibid.
2708 3219 2761 3257 -υ.
2795 3202 2906 3274 50).
2941 3203 3194 3260 Videntes
3241 3211 3418 3256 autem
3457 3199 3708 3255 conservi

2127 3295 2242 3366 ejus
2287 3295 2540 3365 indignati
2585 3305 2706 3349 sunt
2737 3293 2895 3366 (Ibid.
2919 3312 2967 3349 υ.
3011 3296 3138 3364 51),
3179 3304 3236 3348 ut
3275 3294 3349 3348 ait
3382 3293 3706 3361 Scriptura,

2128 3395 2182 3440 et
2210 3395 2335 3442 ante
2367 3386 2640 3440 dominum
2702 3388 2948 3441 conservi
3002 3400 3122 3440 eum
3173 3385 3560 3440 damnaverunt
3602 3423 3615 3447 ,
3647 3391 3712 3437 ut

2128 3478 2303 3533 discas
2341 3478 2539 3533 domini
2584 3478 3064 3533 mansuetudinem.
3093 3476 3226 3532 Cum
3269 3476 3506 3532 audisset
3532 3475 3584 3530 id
3610 3473 3713 3528 do-

2129 3570 2326 3636 minus,
2358 3584 2544 3624 rursus
2570 3568 2828 3624 adversus
2853 3585 2972 3623 eum
3002 3569 3227 3623 accitum
3261 3567 3517 3638 judicium
3551 3565 3710 3619 insti-

2131 3663 2425 3733 tuit,neque
2445 3663 2528 3716 vel
2550 3669 2658 3716 tum
2677 3661 2986 3731 simpliciter
3012 3659 3505 3716 condemnationem
3527 3657 3708 3723 effert,

2128 3753 2223 3810 sed
2249 3755 2400 3825 prius
2427 3763 2691 3824 tamquam
2719 3753 2786 3808 de
2811 3753 2935 3821 jure
2963 3767 3082 3807 cum
3117 3751 3206 3805 illo
3230 3751 3506 3819 disceptat.
3529 3749 3711 3804 Caste-

2131 3861 2250 3900 rum
2281 3845 2474 3916 quibus
2501 3845 2552 3900 id
2582 3844 2758 3899 verbis
2779 3843 2946 3898 facit?
2969 3843 3120 3898 Serve
3135 3857 3372 3910 nequam,
3399 3855 3543 3916 omne
3568 3839 3714 3892 debi-

2131 3948 2236 3992 tum
2264 3937 2394 3991 illud
2420 3937 2587 3991 remisi
2614 3936 2701 3989 tibi
2725 3933 2892 4005 (Ibid.
2921 3952 2968 3989 υ.
3001 3932 3116 4004 52).

2201 4027 2429 4082 Facilius
2457 4029 2550 4082 sibi
2573 4044 2725 4097 quant
2749 4027 2866 4081 aliis
2895 4025 3062 4080 debita
3085 4024 3291 4080 remittit
3319 4023 3552 4078 Deus.—
3569 4021 3714 4090 Quid

2130 4119 2319 4173 melius
2347 4133 2412 4175 eo
2440 4118 2675 4183 domino,
2707 4118 2793 4172 cui
2821 4132 2943 4172 cum
2971 4116 3294 4172 deberentur
3326 4114 3515 4170 decem
3542 4113 3714 4168 millia.

2130 4213 2472 4277 talentorum,
2502 4226 2569 4264 ne
2593 4209 2759 4265 verbo
2806 4209 3019 4280 quidem
3065 4206 3432 4264 stomachatus
3455 4214 3570 4271 est,
3619 4213 3716 4258 aut

2130 4305 2409 4360 scelestum
2434 4302 2762 4374 appellavit?
2788 4302 2881 4357 sed
2925 4316 3048 4356 eum
3094 4299 3459 4355 tantummodo
3486 4312 3714 4352 venum-

2131 4396 2246 4450 dari
2271 4394 2430 4465 jussit
2461 4411 2476 4448 :
2506 4395 2664 4464 idque
2713 4409 2778 4449 eo
2820 4394 2946 4457 ﬁne,
2979 4403 3037 4446 ut
3073 4407 3104 4446 a
3132 4391 3327 4447 debitis
3372 4390 3710 4444 liberaretur.

2132 4474 2319 4544 Eidem
2368 4503 2494 4543 cum
2540 4487 2794 4542 adversus
2838 4501 3154 4542 conservum
3199 4483 3440 4552 improbe
3489 4485 3710 4553 egisset,

2130 4580 2492 4636 stomachatur
2524 4596 2537 4632 :
2569 4587 2627 4634 ut
2671 4579 2845 4634 discas
2886 4578 3061 4647 ipsum
3107 4574 3311 4632 facilius
3357 4574 3498 4646 quod
3547 4575 3600 4629 itt
3653 4589 3715 4629 se

2131 4682 2381 4743 peccetur
2400 4713 2414 4739 ,
2447 4686 2602 4740 quam
2629 4671 2771 4741 quod
2809 4669 3065 4725 adversus
3089 4667 3241 4733 alios,
3272 4667 3544 4721 remittere
3573 4665 3716 4727 sole-

2131 4781 2212 4822 re.
2245 4768 2322 4820 Ac
2365 4781 2471 4820 nun
2492 4763 2630 4819 istud
2649 4769 2701 4817 in
2729 4763 2830 4817 hoc
2844 4762 2958 4816 solo
2975 4762 3092 4816 loco
3108 4759 3253 4824 facit,
3267 4774 3452 4813 verum
3481 4766 3538 4812 et
3557 4757 3704 4811 alibi.
3731 4829 3735 4832 λ

2133 4860 2196 4914 Si
2220 4860 2374 4925 ettim,
2405 4857 2596 4928 inquit,
2619 4856 2770 4925 offers
2797 4871 2978 4910 manus
3014 4864 3153 4908 tuum
3187 4852 3256 4905 ad
3295 4853 3485 4913 altare,
3510 4860 3557 4904 et
3605 4850 3714 4903 illic

2131 4949 2422 5005 recordatus
2453 4951 2629 5021 fueris,
2657 4949 2791 5019 quod
2818 4947 2975 5017 frater
3004 4956 3119 4998 tuus
3147 4944 3292 4999 habet
3315 4943 3507 5012 aliquid
3529 4943 3715 4996 adver—

2129 5055 2244 5095 sum
2264 5049 2311 5094 te
2329 5080 2344 5106 ,
2374 5039 2456 5092 abi
2478 5041 2716 5108 primum,
2749 5048 2802 5091 ut
2830 5036 3162 5092 reconcilieris
3183 5037 3330 5106 fratri
3355 5044 3471 5099 tuo,
3501 5049 3561 5087 ac
3605 5045 3716 5087 tum

2131 5131 2340 5185 veniens
2373 5129 2502 5195 offer
2548 5146 2732 5183 manus
2777 5139 2916 5182 tuum
2943 5127 3154 5198 (Matth.
3181 5128 3235 5184 5.
3265 5127 3355 5182 25.
3387 5125 3504 5201 ει).
3551 5125 3716 5181 Vides

2132 5236 2290 5286 quam
2339 5221 2534 5291 ubique
2593 5220 2704 5274 suis
2753 5228 2934 5273 nostra
2979 5225 3302 5288 anteponat,
3332 5231 3627 5286 pacemque
3664 5227 3716 5271 et

2131 5315 2407 5368 caritatem
2451 5311 2812 5382 proximorum
2863 5325 3071 5366 summo
3119 5311 3236 5366 loco
3286 5309 3622 5364 constituat?
3649 5309 3714 5365 Et

2134 5421 2316 5460 rursus
2335 5405 2494 5460 alibi:
2521 5402 2832 5470 Quicumque
2857 5401 3091 5470 repudiat
3125 5417 3332 5455 uxorem
3373 5416 3549 5464 suam,
3581 5416 3711 5468 pras-

2133 5505 2354 5568 terquam
2379 5500 2571 5556 ratione
2594 5493 2852 5559 adulterii,
2881 5509 2993 5547 eam
3018 5493 3298 5548 adulterari
3319 5493 3442 5563 facit
3469 5492 3487 5549 f
3492 5489 3634 5544 Ibid.
3662 5509 3704 5546 υ.

2133 5589 2245 5660 52).
2270 5589 2372 5644 Per
2402 5589 2620 5643 Paulum
2649 5596 2822 5640 autem
2851 5585 2988 5641 hanc
3013 5585 3182 5656 legem
3208 5586 3398 5650 sancit,
3420 5583 3480 5640 Si
3499 5585 3614 5655 quis
3642 5587 3711 5637 vir

2133 5698 2338 5737 uxorem
2361 5681 2505 5735 habet
2521 5679 2794 5749 inﬁdelem,
2814 5681 2951 5748 eique
2969 5681 3165 5750 placeat
3189 5695 3300 5732 cum
3324 5680 3434 5748 ipso
3459 5679 3705 5742 habitare,

2137 5790 2198 5830 ne
2219 5773 2434 5828 dimittat
2479 5789 2586 5829 eam
2612 5771 2686 5844 (1.
2711 5771 2827 5855 Cor_.
2947 5771 3051 5843 12).
3078 5770 3230 5839 Quod
3256 5771 3299 5827 si
3329 5770 3565 5828 adultera
3595 5769 3702 5838 sit,
