4010 6342
332 320 400 375 27
1089 318 1178 373 DE
1213 319 1445 374 DECEM
1473 317 1764 375 MILLIUM
1803 318 2102 377 TALENT.
2134 320 2480 378 DEBITORE
2519 321 2826 381 HOMILIA.
3509 319 3579 373 28

323 439 485 512 χύνου
519 439 616 510 μὲν
640 438 732 492 ἐπὶ
759 440 871 502 τοῖς
912 438 1130 509 ἀμαρτή
1141 456 1301 508 μασι,
1333 441 1407 512 μὴ
1435 442 1779 510 ἁπογίνωσκε
1808 440 1898 504 δὲ,

327 527 462 599 μηδὲ
490 526 758 595 ἀφίστασο
783 523 884 593 τῆς
910 523 1106 594 εὐχῆς,
1138 524 1273 578 ἀλλά
1306 527 1568 598 πρόσελθε
1602 527 1699 579 καὶ
1723 527 1904 596 ἀμαρ-

325 611 495 673 τωλδς
540 608 652 674 ῶν,
699 608 786 662 ἵνα
826 607 1169 681 καταλλάξῃς
1220 626 1316 662 σου
1357 609 1448 663 τὸν
1482 610 1788 680 Δεσπότην,
1813 611 1906 663 ἵνα

325 695 434 766 δῷς
479 693 630 764 αὐτῷ
669 692 768 762 τὴν
811 691 1018 744 οἰκείαν
1057 692 1468 762 φιλανθρωπίαν
1506 695 1563 746 ἐν
1596 697 1663 765 τῇ
1696 711 1906 764 συγχω-

334 780 496 849 ρήσει
525 777 634 829 τῶν
663 775 945 847 ἁμαρτιῶν
979 774 1088 828 τῶν
1118 775 1228 828 σῶν
1269 777 1668 842 ἐπιδείξασθαι·
1703 777 1778 840 ὡς
1811 777 1906 829 ἐάν

330 861 573 931 φοϐηθῇς
597 858 913 932 προσελθεῖν
942 858 1258 922 ἐνεπόδισας
1289 859 1452 914 αὐτοῦ
1477 864 1542 932 τῇ
1576 859 1870 931 ἀγαθότητι
1891 902 1905 925 ,

328 945 665 1006 διεκώλυσας
706 939 871 995 αὐτοῦ
911 942 1014 1012 τῆς
1051 943 1420 1014 χρηστότητος
1454 942 1553 1016 τὴν
1589 944 1906 1014 δαψίλειαν,

329 1032 475 1097 τόγε
504 1029 585 1090 εἰς
613 1025 672 1079 σὲ
699 1020 856 1097 ἧκον.

404 1113 496 1182 Μὴ
539 1110 723 1164 τοίνυν
764 1108 1178 1180 ἀναπίπτωμεν,
1226 1110 1359 1182 μηδέ
1401 1111 1650 1182 ὀκνῶμεν
1687 1114 1746 1164 ἐν
1790 1114 1911 1174 ταῖς

330 1195 538 1266 εὐχαῖς.
559 1193 680 1247 Κᾶν
701 1191 810 1263 γάρ
834 1192 972 1264 πρὸς
997 1192 1129 1246 αὐτὸ
1152 1193 1252 1264 τῆς
1271 1194 1472 1257 κακίας
1499 1195 1912 1266 κατενεχθῶμεν

327 1279 396 1332 τὸ
425 1276 720 1348 βάραθρον,
745 1275 958 1344 ταχέως
999 1275 1205 1329 ἐκεῖθεν
1231 1277 1382 1346 ἡμᾶς
1412 1278 1728 1332 ἀνασπάσαι
1760 1278 1914 1349 δυνή-

335 1378 512 1416 σεται.
546 1360 732 1422 Οὐδεὶς
763 1359 1004 1412 τοσαῦτα
1039 1360 1306 1430 ἥμαρτεν,
1338 1361 1439 1414 ὅσα
1469 1353 1657 1425 οὗτος·
1690 1360 1914 1430 καὶγὰρ

335 1447 484 1500 ἅπαν
523 1439 662 1506 εἶδος
710 1442 977 1512 πονηρίας
1025 1443 1262 1514 ἐπῆλθε·
1316 1445 1412 1497 καὶ
1451 1443 1608 1497 τοῦτο
1654 1444 1804 1516 δηλοῖ
1847 1444 1916 1497 τά

338 1530 512 1604 μύρια
537 1527 775 1581 τάλαντα
797 1543 812 1556 ·
844 1526 1020 1590 οὐδεὶς
1048 1526 1251 1597 ἕρημος
1284 1526 1456 1590 οὕτως
1483 1523 1551 1598 ἦν
1563 1539 1611 1593 ει,
1637 1528 1713 1592 ὼς
1736 1521 1909 1591 οὗτος·

333 1615 495 1667 τοῦτο
530 1613 641 1684 γὰρ
668 1613 816 1681 δηλοῖ
843 1611 903 1664 τὺ
940 1611 1012 1682 μὴ
1059 1611 1202 1681 ἔχειν
1248 1611 1409 1663 αὐτὸν
1452 1611 1727 1665 ἀποτῖσαι.
1774 1612 1913 1665 Ἀλλ’

331 1696 488 1769 ’ὅμως
528 1696 621 1749 τὸν
650 1694 913 1750 πάντοθεν
944 1693 1274 1765 προδοθέντα
1306 1695 1526 1765 ἴσχυσεν
1558 1695 1724 1766 εὐχῆς
1758 1695 1918 1766 ἐξαρ-

337 1780 514 1834 πάσαι
552 1778 801 1849 δύναμις.
833 1778 944 1831 Καὶ
967 1775 1218 1830 τοσοῦτον
1243 1775 1498 1843 δύναται,
1534 1780 1716 1847 φησὶν,
1751 1780 1912 1851 εὐχὴ,

335 1865 416 1926 ὡς
438 1863 528 1916 τὶν
557 1863 624 1917 δι’
663 1862 838 1932 ἔργων
867 1861 961 1914 καὶ
1001 1861 1207 1932 μυρίων
1238 1862 1577 1932 πραγμάτων
1613 1863 1917 1934 προσκρού-

342 1965 514 2000 σαντα
559 1947 639 2017 τῷ
683 1946 929 2018 Δεσπότῃ
969 1943 1275 2010 ἀπαλλάξαι
1311 1946 1588 2010 κολάσεως
1629 1949 1723 2000 καὶ
1755 1965 1920 2018 τιμω-

340 2033 500 2103 ρίας;
537 2032 678 2092 Ναὶ,
727 2029 980 2083 τοσοῦτον
1012 2029 1272 2093 δύναται,
1307 2029 1584 2100 ἄνθρωπε.
1627 2030 1762 2084 Οὐδέ
1810 2031 1919 2104 γὰρ

340 2115 484 2185 αὕτη
517 2115 650 2186 μόνη
677 2116 825 2168 ἐστὶν
849 2117 882 2186 ὴ
915 2115 975 2168 τὺ
995 2117 1104 2168 πᾶν
1130 2115 1390 2177 ἁνύουσα,
1418 2115 1534 2168 ἀλλ’
1562 2114 1676 2186 ἔχει
1701 2115 1922 2186 σύμμα-

334 2216 438 2271 χον
471 2201 566 2252 καὶ
596 2197 788 2268 βοηθὸν
834 2198 1090 2268 μέγιστον
1115 2197 1215 2268 τὴν
1244 2197 1656 2269 φιλανθρωπίαν
1702 2199 1795 2252 τοῦ
1839 2198 1924 2251 δεο

340 2281 575 2356 χομένου
605 2282 706 2354 τὴν
733 2281 898 2353 εὐχὴν
926 2280 1083 2343 Θεοῦ,
1113 2281 1235 2351 ἥτις
1262 2280 1496 2334 ἐνταῦθα
1515 2281 1575 2334 τὸ
1605 2283 1714 2335 πᾶν
1737 2281 1926 2351 εἰργά-

344 2386 516 2430 σατο,
557 2371 654 2422 καὶ¹
687 2368 787 2438 τὴν
829 2365 996 2438 εὐχὴν
1043 2364 1266 2428 ἐποίησε
1299 2364 1550 2436 δυνατήν.
1583 2363 1755 2418 Τοῦτο
1793 2364 1924 2434 γοῦν

341 2454 439 2508 καὶ
478 2451 846 2521 αἰνιττόμενος
883 2449 1036 2518 ἔλεγε
1059 2466 1070 2478 ·
1121 2448 1606 2517 Σπλαγχνισθείς
1643 2452 1676 2503 ό
1719 2449 1924 2516 κύριος

342 2534 563 2599 αὐτοῦ,
599 2534 912 2590 ἀπέλυσεν
933 2530 1156 2593 αὐτόν,
1187 2532 1284 2584 καὶ
1317 2530 1387 2584 τό
1416 2529 1657 2584 δάνειον
1689 2530 1926 2601 ἀφῆκεν

343 2617 536 2684 αὐτῷ·
568 2619 654 2670 ἵνα
686 2616 862 2688 μάθῃς
894 2616 975 2668 ὅτι
1015 2614 1153 2685 μετὰ
1196 2614 1297 2684 τῆς
1335 2613 1534 2684 εὐχῆς,
1566 2613 1662 2667 καὶ
1692 2614 1796 2685 πρὸ
1827 2615 1927 2684 τῆς

344 2703 548 2772 εὐχῆς,
585 2699 679 2755 τοῦ
705 2699 963 2753 δεσπότου
994 2698 1061 2751 τὰ
1101 2696 1386 2767 σπλάγχνα
1418 2697 1479 2750 τὸ
1502 2699 1610 2751 πᾶν
1649 2699 1922 2769 ἐποίησεν.

359 2783 655 2849 Ἑξελθὼν
688 2782 756 2836 δὲ
787 2780 1017 2846 ἐκεῖνος
1054 2775 1233 2848 εὗρεν
1268 2780 1376 2834 ἕνα
1408 2779 1526 2834 τῶν
1569 2781 1929 2836 συνδούλων

346 2867 558 2933 αὑτοῦ,
613 2866 680 2933 ὃς
733 2866 988 2934 ὤφειλεν
1030 2864 1192 2930 αὐτῷ
1236 2863 1455 2918 ἑκατόν
1494 2863 1785 2933 δηνάρια·
1830 2865 1930 2921 καί

346 2951 661 3021 κρατήσας
681 2951 866 3004 αὑτὸν
895 2947 1008 3020 [12]
1030 2950 1257 3019 ἐπνιγε,
1287 2947 1508 3018 λέγων·
1545 2949 1786 3016 Ἀπόδος
1803 2967 1927 3020 μοι,

347 3035 408 3089 ει
431 3051 490 3089 τι
528 3034 806 3103 ὀφείλεις.
833 3029 983 3103 ’Ἄρα
1007 3034 1061 3086 τί
1102 3033 1293 3085 τούτου
1327 3032 1524 3100 γένοιτ’
1569 3031 1636 3085 ἂν
1665 3033 1932 3106 μιαρώτε-

354 3135 485 3190 ρον;
517 3117 778 3171 Ἔναυλον
819 3117 959 3186 ἔχων
1002 3115 1102 3186 τὴν
1138 3113 1478 3186 εὐεργεσίαν,
1522 3115 1797 3187 ἐπελήσθη
1832 3119 1933 3188 τῆς

351 3201 449 3257 τοῦ
475 3201 740 3254 δεσπότου
772 3199 964 3269 φιλανθ
973 3199 1204 3271 ρωπίας.

425 3284 472 3348 ζ’
524 3285 687 3356 Ὁρᾷς
707 3283 829 3336 ὅσον
849 3283 999 3336 ἐστὶν
1020 3282 1225 3351 ἀγαθὸν
1251 3283 1662 3355 ἁμαρτημάτων
1687 3301 1753 3354 με
1762 3285 1933 3354 μνῆσ-

351 3370 444 3424 θαι
461 3387 477 3434 ;
495 3370 607 3422 Καὶ
631 3367 739 3437 γὰρ
765 3359 940 3432 οὗτος,
958 3370 1006 3422 εἰ
1025 3368 1288 3439 διηνεκῶς
1302 3367 1506 3422 τούτων
1519 3368 1815 3440 ἐμέμνητο,
1835 3371 1935 3422 οὐκ

353 3454 424 3506 ἂν
451 3452 624 3515 οῦτως
649 3453 839 3522 ἄγριος
869 3450 1086 3520 ἐγένετο
1115 3453 1208 3506 καὶ
1238 3450 1624 3522 ἀπάνθρωπος.
1654 3451 1752 3504 Διά
1778 3450 1938 3504 τοῦτο

359 3536 602 3606 συνεχῶς
621 3535 786 3602 λέγω,
815 3533 911 3588 καὶ
934 3534 1107 3604 λέγων
1130 3535 1191 3588 οὐ
1219 3533 1520 3604 παύσομαι,
1554 3533 1636 3586 ὅτι
1666 3534 1938 3605 χρήσιμον

361 3621 567 3692 σφόδρα
596 3621 691 3672 καὶ¹
719 3620 1015 3687 ἀναγκαῖον
1039 3618 1100 3671 τὸ
1121 3617 1385 3689 διηνεκῶς
1411 3617 1771 3689 μνημονεύειν
1792 3618 1940 3689 ἡμᾶς

360 3705 473 3758 τῶν
507 3702 1067 3774 πεπλημμελημένων
1118 3703 1250 3772 ἡμῖν
1299 3702 1588 3768 ἀπάντων·
1631 3701 1784 3754 οὐδὲν
1832 3700 1940 3769 γάρ

361 3788 508 3842 οὕτω
539 3787 831 3857 φιλόσοφον
874 3788 969 3840 καὶ
1009 3785 1228 3855 ἐπιεικῆ
1271 3786 1366 3838 καὶ
1409 3787 1582 3857 πρᾶον
1633 3787 1732 3857 τὴν
1763 3785 1942 3856 ψυχὴν

363 3871 710 3945 ἐργάσασθαι
735 3870 982 3934 δύναται,
1007 3869 1084 3932 ὡς
1119 3871 1152 3940 ή
1193 3869 1445 3940 διηνεκὴς
1473 3869 1582 3922 τῶν
1611 3869 1943 3940 ἁμαρτημά-

363 3973 474 4010 των
509 3957 724 4026 μνήμη.
770 3954 876 4010 Διά
897 3954 1058 4007 τοῦτο
1093 3955 1184 4007 καὶ
1226 3956 1256 4007 ό
1299 3953 1510 4017 Παῦλος
1537 3954 1598 4007 οὐ
1646 3955 1805 4024 μόνον
1835 3954 1944 4007 τῶν

342 4041 508 4112 ,μετά
530 4041 594 4094 τὸ
627 4037 870 4108 λουτρὸν,
903 4036 1042 4091 ἀλλά
1071 4037 1292 4091 καὶτῶν
1317 4036 1424 4108 πρὸ
1441 4036 1538 4090 τοῦ
1569 4036 1944 4107 βαπτίσματος

364 4123 783 4196 ἁμαρτημάτων
834 4120 1133 4191 ἐμέμνητο,
1194 4120 1374 4174 καίτοι
1427 4135 1492 4188 γε
1541 4119 1945 4188 ἀφανισθέντων

367 4207 643 4273 καθάπαξ.
691 4208 756 4260 Εί
803 4204 859 4259 δὲ
899 4205 1106 4268 ἐκεῖνος
1143 4203 1253 4257 τῶν
1293 4204 1399 4275 πρὸ
1441 4202 1536 4257 τοῦ
1577 4202 1946 4274 βαπτίσματος

368 4295 666 4367 ἐμέμνητο,
687 4289 866 4360 πολλῷ
895 4287 1093 4360 μᾶλλον
1116 4289 1266 4359 ἡμᾶς
1283 4287 1391 4340 τῶν
1415 4286 1554 4356 μετά
1576 4287 1638 4340 τὸ
1663 4287 1946 4358 βάπτισμα

373 4377 684 4452 μεμνῆσθαι
717 4375 828 4429 δεῖ·
867 4373 927 4427 οὐ
954 4373 1063 4444 γὰρ
1091 4371 1156 4444 δὴ
1190 4372 1349 4442 μόνον
1384 4369 1525 4425 αὐτά
1556 4370 1844 4441 διαλύομεν
1879 4375 1944 4442 τῇ

373 4464 587 4534 μνήμῃ,
616 4457 754 4512 ἀλλά
781 4457 874 4511 καὶ
912 4455 1047 4526 πρὸς
1073 4455 1319 4515 ἅπαντας
1352 4452 1674 4524 ἀνθρώπους
1703 4454 1948 4507 ἐπιεικέ-

370 4563 566 4617 στερον
621 4539 1044 4612 διακεισόμεθα,
1091 4538 1188 4591 καὶ
1233 4537 1312 4608 τῷ
1357 4536 1478 4607 Θεῷ
1527 4537 1664 4607 μετὰ
1707 4536 1949 4602 πλείονος

369 4626 736 4696 δουλεύσομεν
769 4624 868 4694 τῆς
909 4621 1120 4684 εὐνοίας
1143 4661 1159 4685 ,
1188 4621 1288 4692 τὴν
1332 4621 1538 4689 ἄφατον
1565 4619 1730 4673 αὐτοῦ
1762 4619 1949 4688 φιλαν-

373 4711 624 4782 θρωπίαν
673 4709 736 4761 ἐκ
775 4705 876 4775 τῆς
915 4705 1121 4758 τούτων
1159 4707 1379 4773 μνήμης
1420 4701 1946 4772 καταμανθάνοντες.

375 4796 559 4864 Ὅπερ
604 4785 758 4854 οὗτος
803 4789 906 4843 οὐκ
948 4787 1238 4852 ἐποίησεν,
1283 4785 1398 4839 ἀλλ’
1439 4784 1829 4855 ἐπιλαθόμενος
1855 4785 1950 4838 τοῦ

378 4875 644 4946 μεγέθους
669 4872 777 4927 τῶν
793 4871 1146 4941 ὀφλημάτων,
1168 4867 1386 4938 καὶτῆς
1407 4867 1730 4939 εὐεργεσίας
1765 4868 1954 4922 ἐπελά-

377 4960 532 5012 θετο·
557 4958 656 5028 τῆς
687 4955 744 5009 δὲ
775 4952 1094 5025 εὐεργεσίας
1123 4951 1533 5021 ἐπιλαθόμενος,
1562 4951 1797 5021 πονηρὸς
1826 4952 1955 5022 περὶ

377 5042 466 5094 τὸν
502 5038 786 5093 σύνδουλον
828 5037 1066 5104 ἐγένετο,
1097 5035 1192 5088 καὶ
1215 5033 1302 5087 διὰ
1328 5035 1429 5104 τῆς
1451 5035 1528 5096 εἰς
1554 5034 1761 5087 ἐκεῖνον
1796 5050 1956 5103 πονη-

384 5127 502 5197 ρίας
535 5124 772 5184 ἅπαντα,
808 5121 952 5191 άπερ
977 5119 1262 5190 ἐκέρδανεν
1290 5117 1398 5172 ἀπὸ
1426 5118 1525 5188 τῆς
1549 5117 1644 5170 τοῦ
1679 5116 1813 5169 Θεοῦ
1845 5117 1957 5185 φιλ-

381 5208 719 5281 ανθρωπίας,
750 5203 1019 5258 ἀπώλεσε.
1051 5200 1368 5271 Κρατήσας
1396 5201 1506 5270 γὰρ
1536 5199 1723 5254 αὐτὸν
1749 5199 1958 5281 ἔπνιγεν

383 5279 575 5362 λέγων
601 5309 616 5323 ·
653 5287 895 5354 Ἀπόδος
919 5303 1058 5354 μοι,
1106 5284 1164 5339 εί
1208 5302 1264 5338 τι
1305 5284 1586 5353 ὀφείλεις.
1636 5285 1750 5338 Οὐκ
1783 5279 1955 5349 εἶπεν,

397 5375 618 5438 Ἀπόδος
660 5389 752 5443 μοι
779 5371 847 5425 τὰ
875 5367 1070 5423 ἑκατὸν
1111 5369 1372 5438 δηνάρια·
1409 5365 1674 5438 ᾐσχύνετο
1708 5366 1819 5438 γὰρ
1862 5367 1957 5420 τοῦ

386 5460 580 5531 χρέους
608 5460 709 5532 τὴν
722 5457 1012 5511 εὐτέλειαν·
1030 5449 1180 5515 ἀλλ’,
1214 5451 1476 5515 Ἀπόδος,
1507 5450 1564 5502 εἴ
1590 5466 1645 5502 τι
1673 5450 1956 5518 ὀφείλεις.

400 5549 465 5604 '0
493 5548 567 5603 δὲ
598 5545 808 5602 πεσὼν
844 5543 943 5598 ἐπί
988 5541 1133 5608 τοὺς
1177 5540 1368 5608 πόδας
1395 5539 1602 5608 αὐτοῦ,
1635 5541 1961 5609 παρεκάλει

456 5701 481 5731 ¹
500 5702 654 5752 Savil.
676 5703 803 5751 utin
827 5706 968 5750 textu
992 5699 1158 5749 habet.
1183 5698 1312 5762 Reg.
1337 5710 1454 5747 vero
1476 5681 1629 5755 οὐδεὶς
1653 5698 1823 5762 ἔρημος
1851 5699 1960 5762 ἀρι-

395 5771 476 5824 τῆς
501 5765 578 5829 ἧν,
602 5771 658 5816 ει
678 5766 752 5816 sic
771 5765 954 5828 legisse
978 5762 1195 5812 Nannius
1219 5760 1430 5811 videtur.
1664 5768 1666 5770 '

2005 442 2213 510 αὐτόν,
2237 443 2453 513 λέγων·
2468 446 2956 515 Μακροθύμησον
2973 445 3064 499 ἐπ’
3094 445 3248 514 ἐμεῦ,
3266 447 3361 498 καί
3383 445 3581 507 πάντα,

2001 540 2106 578 σοι
2141 525 2456 582 ἀποδώσω.
2493 529 2592 581 Διά
2618 527 2728 582 τῶν
2756 528 3042 599 ῥημάτων,
3066 527 3133 581 δι’
3157 523 3230 585 ὧν
3255 529 3461 593 ἐκεῖνος
3489 528 3580 581 εὖ·-

2002 625 2131 680 ·ρετο
2177 609 2277 680 τὴν
2323 609 2690 682 συγχώρησιν,
2739 610 2828 663 διὰ
2877 610 3081 663 τούτων
3121 610 3217 663 καὶ
3255 603 3408 674 οὗτος
3439 611 3583 678 ἀξιοῖ

2006 691 2264 762 σωθῆναι.
2305 693 2363 746 Ὀ
2394 693 2452 746 δὲ
2491 693 2595 746 ὑπὸ
2621 694 2720 762 τῆς
2750 695 2889 763 ἄγαν
2915 693 3196 764 ὠμότητος
3219 693 3341 747 οὐδέ
3370 693 3582 756 τούτοις

2007 777 2120 838 τοῖς
2154 775 2334 844 λόγοις
2374 779 2821 848 κατεκάμπτετο,
2862 777 2982 830 οὐδέ
3019 779 3320 848 ἐνενόησεν,
3365 779 3448 832 ὅτι
3494 777 3584 831 διὰ

2007 857 2216 911 τούτων
2260 858 2437 930 ἐσώθη
2467 860 2576 911 τῶν
2605 861 2886 932 ῥημάτων.
2919 861 3114 914 Καίτοι
3153 878 3216 929 γε
3248 863 3342 915 καὶ
3377 864 3425 914 εί
3455 879 3583 914 συν-

2010 942 2321 1012 εχώρησεν,
2363 942 2485 996 οὐδέ
2516 942 2658 996 οῦτω
2691 942 3073 1014 φιλανθρωπία
3114 944 3174 996 τὸ
3213 946 3445 1015 πρᾶγμα
3483 944 3586 996 λοιο

2012 1022 2110 1078 πδν
2145 1021 2248 1096 ἦν,
2279 1025 2393 1078 ἀλλ’
2429 1025 2620 1097 ὀφειλὴ
2660 1026 2754 1080 καὶ
2791 1027 2970 1098 χρέος.
3006 1027 3068 1078 El
3104 1026 3202 1097 μὲν
3233 1027 3360 1099 γὰρ,
3391 1028 3519 1098 πρὶν
3551 1029 3584 1098 ἢ

2011 1108 2265 1175 γενέσθαι
2306 1109 2366 1162 τὸ
2416 1107 2746 1178 λογοθέσιον,
2777 1109 2871 1162 καὶ
2901 1111 3003 1179 τὴν
3033 1109 3215 1178 ψῆφον
3244 1109 3590 1180 ἐξενεχθῆναι

2014 1190 2233 1262 ἐκείνην
2255 1234 2270 1258 ,
2308 1192 2401 1244 καὶ
2426 1191 2695 1261 τοσαύτης
2725 1191 3033 1245 ἀπολαῦσαι
3061 1191 3401 1261 εὐεργεσίας,
3435 1190 3590 1244 τοῦτο

2014 1273 2298 1343 ἐποίησεν,
2354 1275 2561 1338 οίκείας
2606 1276 3007 1346 μεγαλοψυχίας
3055 1272 3123 1347 ἦν
3164 1276 3226 1329 τὸ
3269 1275 3585 1345 γινόμενον·

2015 1368 2132 1421 νυνὶ
2157 1369 2214 1422 δὲ
2249 1369 2386 1440 μετά
2412 1369 2680 1442 τοσαύτην
2715 1369 2924 1442 δωρεάν
2971 1371 3062 1424 καὶ
3104 1371 3374 1425 τοσούτων
3412 1372 3596 1441 ἁμαρ-

2015 1453 2274 1522 τημάτων
2302 1455 2515 1522 ἄφεσιν,
2557 1453 2746 1526 ῶσπερ
2775 1455 3076 1524 ἀναγκαίου
3106 1455 3248 1518 τινὸς
3283 1455 3596 1525 ὀφλήματος

2016 1534 2201 1589 λοιπὸν
2241 1537 2540 1600 ὑπεύθυνος
2570 1535 2640 1610 ἦν
2669 1539 2773 1609 τῆς
2802 1541 2932 1610 περὶ
2968 1539 3061 1591 τὸν
3109 1538 3391 1592 σύνδουλον
3419 1537 3592 1602 ἀνεξι-

2017 1618 2235 1682 κακίας.
2268 1619 2406 1674 ‘AD.’
2433 1621 2582 1691 ὅμως
2610 1621 2729 1674 οὐδέ
2751 1622 2912 1674 τοῦτο
2947 1622 3226 1692 ἐποίησεν,
3248 1621 3369 1674 οὐδέ
3393 1619 3599 1687 ἐνενόη-

2019 1718 2112 1754 σεν
2143 1703 2266 1757 ὅσον
2291 1704 2352 1757 τὸ
2379 1704 2542 1774 μέσον
2567 1699 2636 1773 ἦν
2666 1705 2765 1775 τῆς
2796 1706 3073 1775 ἀφέσεως,
3119 1700 3188 1777 ἧς
3211 1721 3268 1757 τε
3309 1703 3472 1767 αὐτὸς
3501 1704 3601 1756 ἀπ-

2019 1785 2244 1855 ήλαυσε,
2295 1787 2390 1839 καὶ
2431 1787 2501 1857 ἣν
2549 1787 2679 1855 περὶ
2721 1787 2813 1841 τὸν
2870 1786 3156 1840 σύνδουλόν
3199 1783 3600 1839 ἐπιδείκνυσθαι

2019 1868 2274 1938 ἔμελλεν·
2325 1871 2386 1922 οὐ
2437 1870 2545 1940 γὰρ
2587 1869 2650 1940 δὴ
2686 1873 2750 1940 τῇ
2807 1871 3063 1940 ποσότητι
3101 1870 3209 1923 τῶν
3247 1869 3598 1939 ὀφλημάτων,

2019 1951 2142 2004 οὐδέ
2171 1950 2248 2023 τῷ
2288 1951 2560 2023 ἀξιώματι
2605 1953 2712 2006 τῶν
2751 1950 3062 2024 προσώπων
3111 1953 3304 2021 μόνον,
3340 1951 3479 2006 ἀλλά
3509 1950 3602 2003 καὶ

2021 2034 2169 2104 αὐτῷ
2197 2034 2275 2106 τῷ
2307 2037 2494 2106 τρόπῳ
2545 2036 2746 2107 πολλὴν
2793 2036 2891 2106 τὴν
2932 2036 3197 2106 διαφορὰν
3232 2036 3331 2089 ἴδοι
3379 2051 3466 2097 τις
3513 2035 3598 2088 ἄν.

2035 2119 2247 2172 Ἐκεῖνα
2279 2118 2379 2188 μὲν
2403 2119 2512 2187 γάρ
2543 2118 2714 2189 μύρια
2741 2118 2982 2172 τάλαντα
3009 2113 3096 2189 ἦν,
3122 2118 3296 2172 ταῦτα
3324 2117 3381 2170 δέ
3410 2117 3604 2170 ἑκατὸν

2021 2201 2279 2274 δηνάρια·
2311 2203 2406 2256 καὶ
2434 2195 2590 2262 οὗτος
2625 2203 2722 2272 μὲν
2752 2204 2832 2267 είς
2859 2201 2950 2254 τὸν
2983 2201 3252 2270 δεσπότην
3306 2200 3549 2272 ὕϐρισεν,
3574 2201 3606 2252 ό

2021 2285 2080 2337 δὲ
2103 2285 2334 2354 ὀφείλων
2365 2284 2514 2354 αὐτῷ
2543 2287 2623 2347 είς
2649 2286 2742 2338 τὸν
2772 2283 3082 2338 σύνδουλόν·
3113 2286 3208 2338 καὶ
3238 2279 3391 2348 οὗτος
3420 2284 3519 2353 μὲν
3543 2279 3604 2335 εὖ

2025 2367 2213 2422 παθὼν
2276 2368 2468 2439 ἔμελλε
2531 2367 2875 2439 χαριεῖσθαι,
2945 2367 3214 2438 δεσπότης
3273 2367 3330 2420 δὲ
3391 2367 3454 2419 οὐ
3519 2383 3608 2436 μι-

2025 2453 2177 2523 κρὸν,
2219 2449 2333 2523 [Ιὸ]
2359 2452 2422 2504 οὐ
2452 2452 2596 2520 μέγα
2624 2450 2832 2519 ἀγαθὸν
2860 2447 2984 2503 ἰδὼν
3011 2453 3141 2520 παρ’
3175 2448 3344 2503 αὐτοῦ
3385 2450 3611 2519 γενόμε-

2025 2555 2137 2604 νον,
2167 2537 2345 2589 πάντα
2378 2536 2609 2606 ἀφῆκεν.
2631 2534 2769 2587 Ἀλλ’
2799 2535 2950 2604 ὅμως
2978 2533 3133 2587 οὐδὲν
3165 2533 3371 2586 τούτων
3399 2532 3609 2603 ἐνενόηο

2028 2636 2141 2683 σεν,
2171 2619 2306 2673 ἀλλά
2339 2619 2592 2685 καθάπαξ
2633 2618 2739 2672 ὐπὸ
2777 2621 2878 2689 τῆς
2921 2617 3092 2689 ὀργῆς
3135 2615 3411 2688 πηρωθεὶς
3437 2611 3611 2687 ἦγχεν

2029 2704 2222 2767 αὐτὸν,
2248 2703 2342 2756 καὶ
2374 2706 2454 2766 εἰς
2479 2703 2540 2756 τὸ
2567 2703 2948 2774 δεσμωτήριον
2986 2700 3259 2756 ἐνέϐαλεν.
3307 2700 3526 2760 Ἰδόντες
3553 2697 3610 2750 δὲ

2027 2790 2076 2840 οἱ
2121 2786 2396 2840 σύνδουλοι
2443 2786 2608 2839 αὐτοῦ
2629 2829 2643 2851 ,
2685 2786 2883 2856 φησὶν,
2912 2785 3304 2855 ἠγανάκτησαν
3323 2815 3340 2843 ,
3371 2788 3475 2837 καὶ.¹
3503 2779 3611 2850 πρὸ

2030 2871 2124 2924 τοῦ
2153 2870 2414 2924 δεσπότου
2445 2871 2494 2923 οί
2525 2869 2798 2924 σύνδουλοι
2833 2866 3324 2936 καταψηφίζονται.
3379 2864 3473 2918 ἶνα·
3505 2864 3611 2934 μά-

2034 2956 2134 3027 θῃς
2167 2953 2261 3007 τοῦ
2288 2954 2548 3008 δεσπότου
2582 2954 2643 3006 τὸ
2669 2954 2900 3024 ἥμερον.
2917 2951 3183 3012 Ἀκούσας
3206 2949 3263 3001 δὲ
3291 2951 3319 3001 ὀ
3344 2947 3612 3016 δεσπότης

2032 3038 2195 3092 αὐτοῦ
2216 3077 2230 3102 ,
2259 3037 2352 3090 καὶ
2383 3037 2619 3099 καλέσας
2652 3036 2834 3098 αὐτὸν,
2871 3034 3034 3088 πάλιν
3059 3033 3306 3103 κρίνεται
3344 3031 3481 3102 πρὸς
3513 3031 3610 3082 αὐ-

2033 3123 2146 3184 τὸν,
2187 3123 2282 3175 καὶ
2309 3121 2430 3174 οὐδέ
2460 3120 2632 3183 οὕτως
2673 3119 2860 3183 άπλῶς
2905 3119 3128 3188 ἐκφέρει
3165 3115 3264 3188 τὴν
3293 3114 3610 3185 καταδίκην,

2034 3205 2172 3260 ἀλλὰ
2208 3205 2472 3275 πρότερον
2499 3202 2940 3270 δικαιολογεῖται.
2995 3199 3105 3253 Καὶ
3141 3198 3192 3252 τί
3234 3214 3395 3268 φησι;
3428 3197 3616 3250 Δοῦλε
3730 3212 3735 3218 ·

2035 3287 2298 3355 πονηρὲ,
2361 3283 2569 3342 πᾶσαν
2632 3283 2749 3353 τὴν
2797 3281 3056 3352 ὀφειλὴν
3101 3281 3348 3349 ἐκείνην
3410 3278 3618 3350 ἀφῆκα

2035 3388 2155 3427 σοι.

2110 3505 2176 3557 Τί
2221 3503 2411 3558 τούτου
2455 3505 2654 3572 γένοιτ’
2701 3503 2768 3557 ἂν
2805 3501 3154 3574 ἀγαθώτερον
3183 3503 3276 3557 τοῦ
3319 3504 3612 3574 δεσπόταις

2040 3596 2172 3649 Ὅτε
2205 3596 2302 3666 μέν
2341 3594 2491 3666 αὐτῷ
2521 3594 2722 3664 ὤφειλε
2754 3595 2822 3647 τά
2869 3593 3038 3665 μύρια
3064 3594 3322 3657 τάλαντα,
3355 3595 3479 3649 οὐδὲ
3520 3579 3619 3667 μέλ

2041 3710 2134 3764 χρι
2173 3693 2239 3764 ρή
2250 3709 2416 3762 ματος
2431 3669 2613 3744 ἀὐτὸν
2641 3689 2912 3761 ἐλύπησεν
2924 3689 2974 3755 δ,
3003 3690 3123 3743 οὐδὲ
3159 3691 3397 3762 πονηρὸν
3424 3693 3616 3747 ἐκάλε-

2046 3792 2158 3831 σεν.
2191 3774 2326 3828 ἀλλά
2356 3774 2630 3845 πραθῆναι
2678 3775 2840 3846 μόνον
2868 3773 3126 3827 ἐκέλευσε
3145 3791 3160 3804 ·
3187 3775 3284 3827 καὶ
3323 3774 3498 3837 τοῦτο,
3533 3776 3620 3828 ἵνα

2044 3866 2329 3940 ἀπαλλάξῃ
2366 3867 2473 3921 τῶν
2502 3867 2851 3939 ὀφλημάτων.
2891 3867 3110 3939 Ἐπειδὴ
3149 3867 3206 3942 δέ
3249 3869 3329 3931 είς
3373 3869 3465 3922 τὸν
3496 3869 3622 3921 σύν-

2045 3951 2230 4005 δουλον
2259 3951 2495 4022 πονηρὸς
2527 3951 2761 4018 ἐγένετο.
2797 3949 2919 4004 τότε
2947 3950 3228 4022 ὀργίζεται
3264 3951 3360 4004 καὶ
3387 3950 3621 4022 παροξύ·

2045 4051 2215 4097 νεται,
2242 4034 2329 4088 ἴνα
2357 4033 2534 4104 μάθῃς
2553 4035 2636 4086 ὅτι
2670 4031 3036 4103 εὐκολώτερον
3070 4035 3139 4087 τά
3166 4035 3248 4098 είς
3271 4033 3435 4087 αὐτὸν
3455 4033 3622 4104 ἀφίη-

2048 4136 2166 4183 σιν,
2206 4118 2239 4190 ῆ
2277 4122 2346 4172 τά
2381 4119 2463 4180 είς
2505 4118 2634 4181 τοὺς
2673 4117 2901 4188 πλησίον
2940 4119 3344 4188 ἁμαρτήματα..
3377 4119 3486 4172 Καὶ
3521 4119 3623 4172 οὐκ

2047 4204 2280 4258 ἐνταῦθα
2327 4204 2485 4274 μόνον
2521 4203 2684 4257 τοῦτο
2714 4205 2876 4264 ποιεῖ,
2908 4201 3044 4255 ἀλλά
3071 4203 3168 4255 καὶ
3196 4203 3450 4273 ἀλλαχοῦ.
3489 4204 3624 4258 Ἐὰν

2047 4291 2157 4358 γὰρ
2197 4289 2542 4355 προσφέρῃς
2569 4286 2638 4340 τὸ
2673 4284 2866 4354 δῶρόν
2889 4299 3035 4349 σου,
3066 4286 3250 4356 φησὶν,
3279 4287 3379 4339 ἐπὶ
3410 4287 3476 4340 τὸ
3518 4291 3622 4342 θυ-

2048 4369 2424 4437 σιαστήριον,
2464 4368 2641 4423 κάκεῖ
2671 4367 2952 4437 μνησθῇς
2997 4368 3088 4422 ὅτι
3130 4372 3163 4422 ό
3195 4370 3462 4439 ἀδελφός
3505 4386 3624 4425 σου

2049 4455 2172 4521 ἕχει
2206 4468 2262 4505 τι
2291 4451 2441 4504 κατά
2466 4451 2604 4513 σοῦ,
2642 4451 2858 4520 ὕπαγε,
2893 4449 3129 4518 πρῶτον
3163 4451 3516 4520 διαλλάγηθι
3543 4451 3625 4517 τῷ

2049 4533 2289 4603 ἀδελφῷ
2321 4550 2459 4597 σου,
2494 4533 2590 4587 καί
2620 4535 2753 4587 τότε
2778 4534 2972 4588 ἐλθὼν
2992 4535 3296 4608 ’πρόσφερε
3334 4533 3400 4586 τὸ
3435 4533 3626 4602 δῶρόν

2051 4637 2187 4674 σου.
2227 4618 2390 4689 Ὁρᾷς
2434 4617 2551 4681 πῶς
2589 4619 2873 4688 πανταχοῦ,
2911 4616 3020 4671 τῶν
3061 4617 3224 4671 αὐτοῦ
3267 4616 3336 4669 τά
3384 4617 3626 4688 ἡμέτερα

2051 4703 2315 4772 προτιμᾷ,
2352 4703 2446 4755 καὶ
2491 4702 2590 4772 τῆς
2634 4703 2858 4772 εἰρήνης
2899 4702 2990 4754 καὶ
3029 4701 3128 4768 τῆς
3161 4701 3381 4768 ἀγάπης
3415 4700 3516 4768 τῆς
3545 4703 3626 4763 εἰς

2051 4785 2145 4838 τὸν
2201 4784 2426 4854 πλησίον
2470 4785 2623 4837 οὐδὲν
2677 4783 2948 4854 ἀνώτερον
2992 4782 3240 4852 τίθησιν;
3300 4782 3410 4836 Καὶ
3463 4783 3626 4836 πάλιν

2053 4867 2288 4938 ἀλλαχοῦ
2311 4883 2327 4898 ·
2367 4870 2418 4919 Ὀ
2444 4868 2731 4920 ἀπολύων
2760 4867 2874 4933 τὴν
2897 4865 3152 4935 γυναῖκα
3181 4865 3368 4920 αὐτοῦ
3408 4882 3628 4932 παρεκ-

2054 4952 2156 5018 τὸς
2193 4953 2377 5020 λόγου
2413 4951 2729 5018 πορνείας,
2776 4949 2937 5004 ποιεῖ
2978 4947 3173 5016 αὐτὴν
3213 4946 3622 5018 μοιχευθῆναι.

2055 5036 2155 5089 Διά
2177 5036 2235 5088 δὲ
2261 5034 2474 5088 Παύλου
2504 5031 2678 5096 οὕτως
2713 5031 3064 5101 ἐνομοθέτει·
3096 5032 3170 5084 ΕΖ
3206 5047 3298 5097 τις
3336 5031 3492 5100 ἀνὴρ
3517 5051 3622 5102 γυ-

2054 5119 2233 5174 ναῖκα
2265 5118 2391 5188 ἔχει
2423 5118 2700 5179 ἄπιστον,
2738 5115 2836 5168 καί
2864 5113 3018 5182 αὐτὴ
3045 5113 3401 5168 συνευδοκεῖ
3441 5114 3629 5169 οἰκεῖν

2052 5205 2182 5274 μετ’
2213 5203 2432 5266 αὐτοῦ,
2461 5201 2549 5270 μὴ
2591 5201 2812 5268 ἀφιέτω
2847 5197 3060 5265 αὐτήν.
3093 5200 3191 5251 Ἂν
3226 5200 3324 5270 μὲν
3353 5200 3459 5270 γὰρ
3490 5216 3627 5270 πορ-

2058 5287 2244 5359 νεύσῃ,
2269 5287 2453 5356 φησιν,
2483 5283 2708 5338 ἔκϐαλε·
2741 5281 2806 5336 ἂν
2824 5281 2880 5334 δὲ
2907 5280 3134 5344 ἄπιστος
3213 5321 3228 5346 ,
3262 5283 3336 5354 μὴ
3369 5281 3627 5352 ἐκϐάλῃς·

2061 5371 2156 5424 ἐὰν
2194 5372 2273 5432 εἰς
2304 5369 2363 5422 σὲ
2397 5366 2638 5438 ἁμάρτῃ,
2669 5365 2850 5436 φησὶν,
2884 5363 3185 5432 ἀπόκαψον·
3219 5365 3314 5419 ἐὰν
3343 5365 3401 5418 δὲ
3427 5367 3506 5427 είς
3529 5363 3630 5433 ἐμὲ

2061 5456 2303 5527 ἁμάρτῃ,
2336 5453 2551 5522 κάτεχε.
2583 5449 2738 5503 Οὕτω
2768 5449 2862 5502 καὶ
2885 5447 3136 5513 ἐνταῦθα,
3165 5449 3254 5501 ὅτε
3295 5449 3394 5518 μέν
3418 5449 3499 5510 είς
3535 5447 3632 5499 αὐ-

2121 5569 2152 5610 b
2171 5568 2376 5618 Savil.in
2398 5571 2537 5614 lexlu
2563 5564 2802 5621 ἐκάλεσεν,
2824 5563 2872 5611 in
2907 5575 3058 5622 marg.
3082 5562 3330 5619 ἐλύπησεν,
3352 5573 3462 5621 (μιν
3485 5561 3633 5609 lecﬂo

2098 5635 2278 5680 restat.
2302 5628 2483 5676 Verum
2509 5627 2655 5674 etiam
2694 5628 2765 5673 sic
2795 5626 3044 5672 senlenlia
3077 5636 3242 5672 manca
3273 5631 3366 5683 est,
3389 5634 3532 5682 quam
3567 5634 3627 5669 ex

2062 5648 2220 5744 genio
2243 5691 2411 5738 codice
2443 5688 2773 5735 emendamus.
2803 5685 3019 5737 Nannius
3045 5687 3117 5734 sic
3147 5684 3360 5744 legerat,
3383 5689 3439 5731 ιιι
3461 5683 3510 5734 in
3533 5682 3627 5732 Re-

2109 5694 2220 5754 egio
2243 5691 2411 5754 godiqe
2443 5688 2773 5735 emendamus.
2803 5685 3019 5737 Nannius
3045 5687 3117 5734 sic
3147 5682 3360 5745 legerat;
3383 5689 3439 5731 ιιι
3461 5683 3510 5734 in
3533 5682 3632 5732 Re-

2066 5749 2336 5820 gio—codice
2358 5749 2529 5799 fertur.
