4010 6342
356 262 439 319 £9.
785 264 853 320 ΙΝ
892 264 1123 331 lLLUD,
1163 263 1412 333 PATER,
1454 263 1516 322 SI
1551 264 1903 323 POSSIBILE
1944 267 2098 335 EST,
2140 267 2536 338 TRANSEAT,
2577 270 2728 327 ETC.
2760 306 2827 317 —-
2852 274 3190 332 MONlTUM.
3534 281 3607 337 7.0

355 376 551 447 inquit,
582 378 859 448 ejiciatur;
888 382 931 435 si
972 390 1150 437 autem
1202 382 1431 439 infidelis
1466 384 1567 450 sit,
1608 400 1678 440 ne
1704 386 1938 456 expella-

350 479 441 524 tur
470 488 485 525 :
516 471 586 536 si,
616 472 806 543 inquit,
833 475 887 529 in
913 486 964 531 te
992 477 1334 547 peccaverit,
1357 478 1646 544 abscinde;
1676 479 1722 535 si
1750 480 1802 535 in
1828 495 1936 546 me,

348 560 610 622 detineas.
643 563 715 619 Ita
756 574 810 620 et
840 566 947 632 hic,
974 582 1096 622 cum
1128 578 1274 624 tanta
1308 581 1526 640 peccata
1570 571 1853 627 adversum
1878 587 1939 629 se

346 656 634 712 commissa
664 667 848 724 erant,
881 661 1089 716 veniam
1118 661 1294 727 dedit,
1325 678 1445 717 cum
1475 673 1652 720 autem
1682 664 1937 721 adversus

344 761 705 817 conservum,
754 752 879 807 licet
926 754 1131 808 minora
1184 755 1567 827 paucioraque,
1601 772 1934 829 nequaquam

342 840 573 907 remisit,
604 843 697 898 sed
731 844 993 905 ultionem
1016 856 1368 916 persequutus
1388 857 1471 903 est
1498 867 1511 903 :
1535 860 1587 904 et
1611 850 1697 905 hic
1719 851 1933 921 quidem

346 946 467 987 eum
495 933 782 991 scelestum
811 938 1117 1007 appellavit,
1143 938 1250 995 illic
1281 955 1347 995 ne
1375 941 1540 996 verbo
1565 942 1779 1012 quidem
1802 958 1932 999 con—

339 1022 597 1080 tristavit.
626 1025 696 1085 Et
736 1026 859 1082 ideo
904 1027 993 1083 hic
1034 1029 1165 1083 illud
1217 1045 1431 1101 quoque
1475 1032 1783 1103 adjunctum
1828 1043 1930 1101 est,

337 1114 485 1184 quod
512 1114 761 1177 dominus
790 1118 957 1175 iratus
980 1119 1261 1176 tradiderit
1289 1137 1412 1177 eum
1443 1123 1735 1180 tortoribus
1766 1143 1778 1179 :
1809 1139 1929 1181 cum

333 1216 520 1265 autem
548 1208 621 1265 ah.
640 1210 730 1265 illo
758 1212 1075 1282 reposcebat
1094 1213 1356 1269 rationem
1382 1214 1562 1272 decies
1593 1217 1739 1273 mille
1764 1218 1933 1273 talen-

334 1310 485 1367 tum,
508 1301 636 1356 nihil
665 1302 965 1359 istiusmodi
993 1303 1232 1361 additum
1261 1305 1359 1361 fuit
1400 1325 1413 1361 :
1446 1316 1505 1361 ut
1531 1307 1795 1379 intelligas
1820 1310 1929 1365 illic

331 1394 552 1463 quidem
573 1394 836 1450 calculum
865 1396 1185 1453 subductum
1216 1397 1404 1467 fuisse,
1444 1414 1549 1455 non
1579 1401 1809 1469 irarum,
1834 1403 1929 1459 sed

332 1486 733 1555 sollicitudinis,
756 1504 877 1558 quae
906 1490 1075 1546 venia:
1103 1490 1281 1545 locum
1326 1502 1553 1562 pararet.
1597 1493 1710 1550 lloc
1748 1504 1925 1551 autem

328 1587 614 1647 peccatum
638 1577 914 1634 dominum
937 1581 1097 1651 plane
1126 1582 1481 1638 exacerbavit.
1503 1583 1641 1653 Quid
1664 1584 1823 1656 igitur
1845 1597 1929 1643 est

329 1669 487 1739 pejus
509 1669 716 1741 injuria:
737 1671 1131 1740 recordatione,
1147 1690 1269 1730 cum
1298 1674 1678 1747 benignitatem
1702 1677 1794 1733 Dei
1814 1678 1925 1749 jam

324 1760 702 1832 depromptam
734 1773 977 1830 revocet,
1008 1773 1065 1819 et
1096 1780 1216 1836 qua:
1255 1780 1359 1822 non
1401 1776 1689 1837 potuerunt
1712 1767 1926 1826 efficere

322 1852 431 1907 alia
477 1863 693 1922 peccata
722 1896 735 1920 ,
769 1853 887 1910 haec
922 1854 1124 1911 efﬁciat
1166 1857 1242 1912 ira
1272 1858 1529 1913 adversus
1574 1860 1873 1928 proximum
1902 1862 1925 1914 ?

324 1945 510 2013 Atque
538 1945 798 2015 scriptum
828 1956 931 2014 est,
966 1947 1061 2003 Dei
1107 1948 1246 2004 dona
1291 1965 1411 2007 esse
1448 1952 1564 2008 sine
1610 1954 1921 2022 pcenltentia

322 2036 508 2105 (Rom.
541 2038 631 2093 11.
655 2038 773 2108 29).
802 2037 913 2095 Cur
940 2039 1101 2111 igitur
1126 2041 1212 2097 hic
1258 2055 1375 2113 post
1408 2042 1659 2100 eductum
1686 2060 1881 2101 munus
1902 2088 1918 2113 ,

320 2137 446 2196 post
462 2144 798 2201 progressam
821 2132 1199 2203 benignitatem
1222 2177 1237 2202 ,
1263 2135 1518 2192 reductus
1543 2146 1622 2192 est
1643 2139 1880 2195 calculus
1898 2142 1923 2193 ?

320 2217 554 2288 Pr0pter
580 2221 789 2292 injuria:
827 2226 1141 2280 memoriam
1176 2243 1189 2279 :
1220 2228 1568 2297 quamobrem
1617 2244 1721 2285 non
1768 2245 1919 2287 erra-

320 2312 462 2366 verit
509 2312 650 2383 quis,
678 2313 721 2368 si
774 2313 879 2371 hoc
923 2326 1203 2386 peccatum
1247 2321 1393 2375 omni
1446 2330 1665 2391 peccato
1706 2324 1921 2394 gravius

319 2406 638 2471 pronuntiet
669 2425 684 2461 :
711 2407 817 2463 alia
843 2409 987 2464 enim
1016 2411 1197 2466 omnia
1235 2411 1447 2467 veniam
1491 2413 1779 2482 impetrare
1812 2430 1913 2485 po-

317 2506 573 2567 tuerunt,
598 2498 739 2557 istud
770 2502 945 2557 solum
986 2502 1123 2558 adeo
1168 2519 1278 2560 non
1332 2505 1504 2575 potuit
1545 2508 1752 2563 veniam
1796 2507 1913 2562 adi-

318 2591 489 2660 pisci,
522 2600 584 2648 ut
605 2592 716 2664 jam
761 2594 957 2663 deleta,
986 2605 1040 2651 et
1076 2595 1187 2666 jam
1213 2598 1475 2654 exstincta
1522 2599 1714 2654 iterum
1756 2616 1915 2655 reno-

317 2684 479 2738 varit.

388 2773 545 2830 Nihil
572 2776 647 2831 ita
677 2776 813 2833 Deus
839 2779 947 2834 odit
970 2787 1026 2834 ut
1054 2790 1269 2836 mentem
1295 2798 1565 2837 mensorem
1594 2784 1817 2854 injuria.
1843 2814 1914 2825 —-

316 2868 528 2940 Duplex
573 2872 734 2941 igitur
779 2874 979 2928 malum
1024 2874 1267 2944 pertinax
1298 2874 1505 2945 injuria:
1536 2878 1793 2934 memoria
1815 2920 1829 2943 ,
1859 2889 1915 2934 et

312 2961 458 3031 quod
504 2964 705 3019 nullam
746 2966 1146 3022 excusasionem
1183 2967 1324 3038 apud
1377 2967 1543 3024 Deum
1592 2969 1823 3035 habent,
1858 2980 1913 3027 et

312 3051 459 3120 quod
491 3054 693 3125 reliqua
722 3064 946 3127 peccata
966 3056 1076 3127 jam
1105 3060 1329 3114 remissa
1360 3060 1552 3115 iterum
1583 3070 1826 3124 revocet,
1856 3071 1912 3118 et

312 3156 506 3203 contra
536 3163 636 3204 nos
662 3151 1130 3219 constituat.Quod
1159 3153 1332 3224 ipsum
1361 3162 1416 3209 et
1445 3152 1533 3209 hic
1562 3154 1756 3208 factum
1787 3163 1906 3211 est:

311 3237 451 3293 nihil
483 3241 653 3307 enim,
683 3241 818 3297 nihil
845 3244 1065 3298 omnino
1093 3244 1164 3297 ita
1199 3244 1342 3300 Deus
1363 3243 1494 3310 odit,
1520 3254 1573 3299 et
1594 3254 1905 3311 aversatur,

312 3339 371 3385 ut
391 3330 667 3387 hominem
695 3333 1020 3390 olfensarum
1044 3350 1366 3402 memorem,
1394 3344 1451 3392 et
1479 3337 1682 3391 tenacis
1709 3337 1822 3391 ira.
1844 3336 1910 3391 Et

312 3422 443 3478 illud
474 3424 694 3494 quidem
721 3428 988 3498 praecipue
1014 3443 1084 3484 ex
1111 3426 1212 3482 hoc
1241 3428 1362 3482 loco
1395 3427 1727 3494 declaravit,
1758 3436 1813 3481 et
1840 3442 1907 3482 ex

309 3515 558 3571 oratione
581 3557 598 3583 ,
624 3517 677 3572 in
707 3532 809 3589 qua
836 3519 997 3588 jussit
1034 3533 1132 3573 nos
1159 3518 1230 3573 ita
1256 3518 1437 3574 dicere
1470 3535 1484 3575 :
1519 3517 1723 3573 Dimitte
1765 3518 1908 3572 nobis

310 3606 482 3663 debita
508 3618 680 3663 nostra
699 3652 713 3671 ,
745 3611 873 3664 sicut
898 3621 942 3665 et
963 3627 1053 3665 nos
1074 3611 1373 3667 dimittimus
1399 3611 1703 3666 debitoribus
1722 3611 1906 3666 nostris

312 3697 530 3761 (Matth.
560 3700 614 3755 6.
645 3699 755 3769 12).
783 3701 907 3756 llaec
947 3702 1107 3772 igitur
1134 3703 1314 3760 omnia
1363 3703 1528 3770 docti,
1569 3711 1624 3758 et
1654 3704 1904 3773 parabola

312 3794 414 3847 ista
457 3794 510 3848 in
550 3794 801 3851 cordibus
844 3795 1118 3867 inscripta,
1163 3812 1285 3850 cum
1332 3797 1740 3868 cogitaverimus
1786 3812 1903 3867 qua:

310 3883 455 3953 passi
481 3899 666 3941 sumus
709 3901 739 3940 a
767 3888 1066 3953 conservis,
1098 3888 1405 3959 cogitemus
1430 3902 1550 3959 quae
1577 3887 1802 3951 facimus
1847 3888 1916 3947 in.

310 3972 485 4043 ipsum
512 3976 815 4045 Dominum,
837 3988 892 4033 et
919 3988 1061 4033 metu
1089 3981 1424 4050 propriorum
1454 3980 1736 4035 criminum
1769 3980 1898 4035 iram

616 4296 1866 4327 W

339 4293 777 4321 βεεν-’ἆ

2045 386 2115 444 de
2129 389 2316 445 alienis
2344 388 2555 445 delictis
2582 388 2861 444 collectam
2895 389 3145 445 facillime
3172 392 3467 461 poterimus
3485 411 3633 450 sum-

2046 495 2264 537 movere
2296 499 2310 535 :
2336 482 2381 535 si
2412 480 2554 536 enim
2573 480 2880 536 meminisse
2903 491 3114 553 oportet
3141 482 3479 549 delictorum,
3507 500 3627 555 pro.

2046 571 2282 640 priorum
2312 580 2511 627 tantum
2542 570 2849 627 meminisse
2876 581 3120 641 Oportet;
3145 573 3286 643 quod
3318 574 3363 630 si
3395 576 3624 646 proprio

2043 678 2162 718 rum
2214 679 2481 719 memores
2538 663 2817 728 fuerimus,
2863 679 3151 736 numquam
3204 666 3378 722 aliena
3434 666 3635 723 delicta

2042 757 2450 826 supputahimus
2478 775 2491 811 :
2521 766 2709 812 contra
2748 757 2792 812 si
2838 758 3051 812 illorum
3083 759 3485 823 obliviscamur,
3524 759 3636 815 ista

2040 846 2249 900 facilius
2279 848 2711 902 obversabantur
2739 848 2938 902 nostris
2958 848 3386 919 cogitationibus.
3413 849 3545 906 Nam
3573 858 3623 905 et

2039 935 2127 992 hic
2147 938 2190 991 si
2217 938 2396 992 decies
2419 938 2565 993 mille
2592 939 2910 994 talentorum
2956 954 3163 994 memor
3204 939 3432 1009 fuisset,
3467 958 3622 996 num-

2038 1044 2197 1097 quam
2218 1037 2433 1084 centum
2466 1030 2802 1085 denariorum
2832 1030 3255 1087 recordationem
3296 1032 3622 1089 retinuisset.

2038 1118 2163 1175 Ideo
2190 1130 2468 1191 postquam
2512 1121 2724 1177 illorum
2769 1121 2968 1176 oblitus
3008 1132 3162 1190 erat,
3198 1124 3393 1178 factum
3423 1133 3538 1189 est,
3569 1136 3623 1180 ut

2035 1226 2355 1269 conservum
2377 1212 2681 1279 snifocaret,
2704 1222 2760 1271 et
2780 1230 2947 1284 pauca
2972 1215 3159 1271 volens
3187 1216 3420 1287 exigere,
3453 1233 3624 1289 neque

2036 1304 2125 1358 illa
2182 1304 2395 1375 quidem
2441 1314 2757 1375 assequutus
2810 1318 2931 1373 est;
2991 1307 3087 1362 sed
3134 1317 3189 1363 et
3242 1307 3426 1365 decies
3477 1310 3624 1367 mille

2034 1397 2358 1453 talentorum
2404 1398 2601 1453 molem
2650 1399 2703 1452 in
2756 1414 2913 1455 suum
2954 1400 3121 1470 ipsius
3172 1410 3333 1471 caput
3375 1402 3619 1457 retraxit.

2032 1489 2291 1558 Quocirca
2319 1490 2573 1545 audacter
2601 1490 2789 1547 dixero
2814 1532 2829 1556 ,
2871 1492 3018 1546 omni
3064 1502 3284 1561 peccato
3319 1492 3460 1548 istud
3498 1509 3623 1565 gra-

2032 1582 2150 1637 vius
2178 1597 2299 1638 esse
2327 1600 2341 1637 :
2371 1584 2612 1653 quinimo
2639 1599 2747 1639 non
2777 1599 2877 1655 ego
2916 1584 3019 1639 hoc
3046 1583 3192 1650 dico,
3239 1585 3335 1644 sed
3378 1586 3623 1645 Christus

2032 1688 2130 1743 per
2156 1674 2461 1743 parabolam
2511 1674 2666 1731 istam
2716 1676 2859 1732 istud
2900 1675 3210 1731 declaravit.
3240 1676 3297 1732 Si
3322 1678 3465 1733 enim
3512 1693 3619 1735 non

2028 1763 2217 1820 decem
2246 1764 2482 1820 millibus
2504 1765 2790 1834 talentum,
2813 1765 2918 1825 hoc
2944 1775 3067 1833 est,
3096 1765 3449 1824 inell‘abilibus
3492 1783 3618 1840 pec-

2028 1856 2164 1912 catis
2189 1855 2331 1913 istud
2351 1856 2569 1927 gravius
2596 1864 2762 1923 essct,
2793 1872 3129 1937 nequaquam
3155 1857 3313 1927 hujus
3338 1873 3499 1914 causa
3524 1858 3614 1914 illa

2027 1947 2208 2003 omnia
2228 1948 2338 2018 jam
2364 1948 2558 2004 donata
2591 1958 2837 2005 revocata
2868 1948 3115 2006 fuissent.
3152 1948 3294 2005 Nihil
3341 1951 3500 2025 igitur
3543 1951 3616 2007 ita

2026 2038 2360 2106 studeamus,
2391 2056 2550 2111 quam
2593 2050 2651 2097 ut
2691 2041 2790 2112 ipsi
2834 2041 2910 2096 ira
2940 2055 3228 2110 vacemus,
3256 2050 3311 2097 et
3340 2042 3494 2097 nobis
3532 2043 3615 2098 inc

2026 2133 2208 2190 fensos
2257 2134 2667 2191 reconciliemus
2699 2152 2713 2187 :
2744 2151 2867 2191 cum
2919 2134 3051 2191 illud
3095 2136 3350 2202 sciamus,
3409 2134 3609 2189 nullam

2025 2242 2126 2282 nec
2148 2227 2471 2295 orationem,
2500 2242 2599 2284 nec
2642 2229 3059 2301 eleemosynam,
3088 2244 3185 2284 nec
3208 2229 3492 2300 jejunium,
3513 2245 3615 2285 nec

2027 2320 2492 2392 participationem
2520 2325 2899 2394 mysteriorum
2918 2363 2936 2391 ,
2964 2332 3057 2378 aut
3079 2323 3225 2379 aliud
3249 2323 3544 2397 quidpiam,
3566 2326 3611 2379 si

2027 2426 2294 2468 memores
2324 2411 2649 2468 offensarum
2694 2413 2880 2478 simus,
2912 2413 3069 2470 nobis
3102 2415 3424 2484 patrocinari
3456 2428 3613 2487 posse

2026 2504 2081 2559 in
2111 2504 2200 2559 illa
2223 2505 2310 2560 die
2339 2523 2353 2559 :
2382 2516 2442 2562 ut
2486 2515 2674 2561 contra
2715 2506 2759 2562 si
2803 2505 2905 2561 hoc
2945 2516 3225 2576 peccatum
3273 2522 3611 2579 superemusII

2024 2596 2241 2651 etiamsi
2288 2597 2436 2653 mille
2486 2596 2696 2653 delictis
2748 2597 3011 2667 inquinati
3037 2599 3241 2665 simus,
3276 2599 3486 2653 veniam
3513 2598 3609 2653 ali-

2023 2704 2181 2761 quam
2212 2689 2469 2759 consequi
2504 2704 2605 2745 nos
2631 2704 2808 2759 posse.
2838 2688 2948 2745 Nec
2976 2705 3125 2744 mcus
3154 2704 3334 2745 sermo
3362 2700 3445 2746 est
3470 2690 3572 2746 iste
3592 2732 3608 2759 ,

2022 2780 2117 2837 sed
2147 2781 2290 2836 illius
2314 2780 2403 2851 qui
2436 2789 2564 2835 tunc
2589 2796 2689 2835 nos
2708 2780 3045 2849 judicaturus
3068 2788 3152 2839 est
3192 2780 3308 2836 Dei.
3337 2780 3608 2849 Quemad-

2021 2872 2238 2928 modum
2273 2871 2377 2928 hoc
2405 2872 2459 2928 in
2486 2872 2605 2930 loco
2632 2872 3029 2942 pronuntiavit:
3054 2871 3143 2928 Ita
3165 2913 3181 2938 ,
3213 2874 3457 2945 inquiens
3477 2916 3493 2941 ,
3521 2876 3608 2948 fa-

2021 2966 2115 3021 ciet
2133 2968 2282 3025 Pater
2304 2982 2445 3022 meus
2461 3006 2477 3028 .
2503 2968 2551 3021 si
2594 2982 2695 3022 non
2730 2966 3021 3021 remiseritis
3048 2966 3387 3038 unusquisque
3409 2982 3473 3021 ex
3491 2982 3606 3025 cor-

2019 3056 2164 3120 dibus
2204 3058 2397 3112 uestris.
2428 3055 2499 3112 Et
2536 3071 2746 3113 rursum
2800 3056 2970 3111 alibi:
3004 3057 3065 3113 Si
3112 3057 3403 3112 remiseritis
3440 3055 3604 3110 Ιιοηιί-

2018 3147 2164 3203 nibus
2191 3147 2374 3202 delicta
2396 3164 2490 3203 sua
2507 3191 2523 3213 ,
2554 3149 2767 3203 remittet
2797 3158 2842 3202 et
2881 3146 3016 3202 vobis
3039 3152 3186 3208 Pater
3213 3157 3370 3205 vester
3396 3146 3606 3205 celestis

2018 3238 2232 3310 (Matth.
2266 3241 2355 3299 18.
2377 3241 2448 3297 55
2476 3252 2521 3295 et
2551 3240 2604 3295 6.
2637 3241 2753 3311 14).
2783 3239 2852 3296 Ut
2888 3240 3045 3310 igitur
3076 3248 3131 3294 et
3159 3238 3245 3294 hic
3275 3246 3602 3296 mansuetam

2015 3340 2071 3388 et
2091 3333 2273 3389 mitem
2299 3348 2520 3403 agamus
2560 3334 2743 3398 vitam,
2766 3340 2821 3386 et
2856 3332 2964 3386 illic
2990 3332 3195 3386 veniam
3234 3340 3289 3386 et
3326 3333 3602 3394 remissio-

2016 3440 2140 3481 nem
2164 3423 2505 3481 obtineamus
2534 3442 2547 3478 :
2575 3424 2897 3481 studendum
2923 3439 2987 3482 ac
3015 3424 3361 3497 satagendum
3388 3435 3504 3493 est,
3546 3437 3603 3482 ut

2012 3525 2274 3588 quotquot
2300 3516 2558 3573 habemus
2579 3517 2844 3583 Inimicos,
2866 3530 2961 3573 eos
2982 3516 3134 3573 nobis
3155 3519 3559 3576 reconciliemus
3584 3534 3599 3571 :

2012 3609 2086 3664 ita
2101 3610 2243 3666 enim
2267 3618 2322 3664 et
2343 3609 2624 3665 Dominum
2645 3616 2906 3673 nostrum,
2927 3608 3133 3664 etiamsi
3159 3610 3458 3666 sexcenties
3478 3622 3601 3679 pec-

2011 3703 2349 3769 caverimus,
2405 3702 2561 3757 nobis
2601 3699 3097 3765 reconciliabimus,
3143 3711 3199 3757 et
3237 3700 3413 3757 futura
3461 3700 3596 3755 bona

2011 3793 2387 3864 adipiscemur,
2410 3793 2602 3863 quibus
2648 3806 2747 3850 nos
2785 3790 2975 3862 dignos
3007 3800 3134 3862 opto
3158 3790 3308 3859 fieri,
3335 3791 3503 3864 gratia
3544 3800 3601 3849 et

2010 3885 2344 3945 humanitate
2372 3884 2580 3939 Domini
2608 3886 2775 3941 nostri
2804 3882 2931 3940 Jesu
2960 3883 3191 3949 Christi,
3219 3885 3305 3940 cui
3349 3883 3516 3956 gloria
3545 3893 3601 3941 et

2008 3977 2292 4049 imperium
2321 3979 2375 4034 in
2420 3978 2618 4041 saecula
2658 3977 2996 4033 seculorum.
3025 3978 3213 4033 Amen.

1858 4298 2160 4320 _gc-_____:-~-
2156 4299 2461 4321 1:22-44."
2454 4300 2711 4321 *δ’-...ῥ’
2602 4301 2613 4307 ·
2661 4301 2711 4311 ’⁷

552 4574 636 4638 IN
677 4578 940 4653 ILLUD,
986 4580 1228 4640 PATER
1260 4627 1277 4653 ,
1320 4583 1399 4643 δι
1434 4582 1808 4644 POSSIBILE
1852 4583 2029 4657 EST,
2070 4586 2469 4647 TRANSEAT
2511 4586 2555 4647 Α
2600 4586 2704 4647 ME
2748 4586 2968 4655 CALIX
3008 4587 3197 4661 ISTE,
3239 4607 3372 4650 ETC.

330 4787 429 4841 bus
457 4788 816 4857 supplantare.
870 4788 1023 4845 Unde
1055 4791 1224 4860 liquet
1261 4793 1545 4850 haereticos
1581 4794 1703 4850 illos
1727 4835 1743 4860 ,
1781 4797 1875 4866 qui
1915 4797 2112 4853 Filium
2147 4798 2306 4853 Patre
2344 4800 2606 4855 minorem
2634 4843 2648 4866 ,
2691 4800 2901 4871 ipsique
2939 4801 3256 4856 dissimilem
3293 4799 3566 4865 dicebant,

326 4916 527 4971 nempe
554 4901 870 4970 Anommos,
911 4903 1287 4976 Chrysostomi
1319 4909 1677 4964 concionibus
1706 4911 2035 4969 interfuisse.
2070 4911 2205 4967 Illud
2248 4923 2429 4970 autem
2478 4913 2789 4985 frequenter
2835 4914 3135 4970 Antiochia:
3177 4915 3467 4981 accidisse,
3512 4922 3567 4970 et

325 5021 625 5083 przcsentes
647 5011 931 5071 haereticos
953 5014 1403 5087 Chrysostomum
1434 5020 1772 5087 confutasse,
1797 5024 1913 5093 ipse
1939 5026 2141 5082 diserte
2166 5026 2265 5091 ait,
2293 5025 2464 5082 Τοωο
2498 5028 2513 5083 l
2548 5028 2613 5083 de
2638 5028 3180 5098 lncomprchensibili
3216 5038 3406 5084 contra
3455 5031 3565 5085 An-

322 5140 539 5181 ommos
574 5142 628 5196 p.
660 5126 786 5193 450,
817 5127 1167 5201 idipsumque
1195 5143 1378 5203 postea
1405 5134 1778 5206 subindicatp.
1805 5138 1930 5205 525,
1955 5150 2010 5194 ct
2031 5156 2084 5211 p.
2114 5140 2239 5207 509,
2270 5142 2322 5197 in
2356 5142 2468 5203 hinc
2508 5144 2671 5199 verba
2695 5142 2851 5213 queis
2882 5140 3131 5199 Christus
3155 5141 3371 5199 Petrum
3401 5157 3561 5213 repu-

320 5243 407 5311 lit,
449 5244 597 5300 Vade
626 5257 743 5316 post
777 5264 878 5314 me,
897 5250 1121 5315 Satmta,
1148 5260 1280 5317 etc.,
1306 5253 1494 5309 eadem
1526 5269 1665 5325 pene
1692 5256 1813 5327 ipsa
1832 5276 1953 5328 quae
1977 5260 2066 5317 hic
2096 5262 2258 5331 paulo
2288 5272 2411 5332 post
2442 5262 2656 5318 initium
2678 5263 2868 5331 habes,
2894 5264 3195 5336 iisdemque
3227 5265 3340 5323 fere
3381 5264 3560 5321 verbis

320 5376 742 5420 commemorat.
777 5367 1145 5437 Quamobrem
1179 5372 1483 5443 putaverim
1509 5372 1651 5431 hanc
1677 5374 1957 5429 homiliam
1988 5375 2291 5434 Antiochia:
2323 5377 2563 5433 habitam
2596 5378 2800 5447 fuisse,
2836 5396 2937 5438 nec
2965 5382 3057 5439 diu
3100 5392 3242 5461 post.
3264 5383 3397 5447 illas,
3418 5397 3554 5443 con-

320 5488 402 5533 tra
438 5478 739 5537 Anomaos
767 5480 1067 5550 Homilias;
1104 5485 1250 5555 quod
1285 5494 1463 5543 tamen
1494 5488 1828 5559 conjectura:
1859 5497 2087 5547 tantum.
2106 5491 2225 5549 loco
2254 5492 2456 5551 dictum
2480 5492 2572 5553 sit.

392 5615 769 5690 interpretatio
794 5618 993 5680 Latina
1016 5630 1100 5680 est
1133 5621 1425 5687 Erontonis
1455 5623 1657 5689 Ductci,
