4010 6342
389 319 450 368 3|
1080 315 1136 369 S.
1172 315 1458 373 JOANNIS
1493 314 1984 375 CHRYSOSTOMI
2039 313 2358 372 ARCHl-EP.
2397 311 2938 372 CONSTANTINOP.
3551 317 3624 370 5%

1743 723 1847 806 IN
1926 725 2280 812 ILLUD.

361 1024 587 1079 rarus,
633 1024 691 1068 st
749 1021 1062 1065 rossxnue
1107 1020 1247 1076 EST,
1287 1020 1614 1066 mensum
1655 1023 1692 1062 Α
1760 1020 1849 1061 me
1893 1019 2077 1061 CALIX
2124 1003 2323 1061 tsrn‘:

2375 1017 2814 1061 VERUMTAMEN
2861 1017 2984 1060 NON
3027 1017 3208 1060 SICUT
3267 1017 3390 1060 EGO
3448 1016 3633 1073 vet-.0,

439 1125 558 1167 san
600 1123 779 1166 sncu'r
819 1123 903 1165 'ru
950 1103 969 1182 (
1013 1101 1249 1164 Matth.
1295 1101 1396 1160 26.
1441 1100 1568 1182 39)
1607 1121 1621 1160 :
1660 1120 1740 1160 ET
1782 1118 1937 1161 com

2074 1117 2557 1172 MARCIONISTAS,
2605 1119 2686 1160 ΕΤ
2729 1116 3128 1169 MANICHEOS,
3177 1118 3258 1160 ΕΤ
3300 1117 3474 1171 QUOD
3526 1121 3634 1163 IN-

438 1226 692 1270 GEBERE
757 1226 830 1267 SE
898 1222 1223 1269 PERICULIS
1293 1221 1422 1266 NON
1485 1221 1836 1277 OPOBIEAT,

439 1327 647 1370 ηιιιιε
693 1307 804 1388 (ο).

1909 1221 2026 1270 SED
2092 1221 2251 1264 OMNI
2339 1222 2694 1266 VOLUNTATI
2757 1223 2864 1264 DEI
2939 1221 3363 1268 VOLUNTATEM
3431 1225 3632 1269 ANTE-

1807 1476 1954 1528 $18”:
1963 1471 2174 1529 manu

430 1623 482 1676 1.
525 1619 847 1675 Profundam
891 1620 1181 1674 sectionem
1227 1633 1396 1687 nuper
1425 1617 1710 1671 infliximus
1739 1618 1802 1671 iis
1841 1615 1931 1686 qui

357 1712 663 1783 praedantur
683 1720 738 1766 et
765 1710 898 1765 alios
942 1725 1038 1780 per
1061 1709 1336 1763 avaritiam
1373 1708 1619 1762 fraudare
1647 1715 1936 1773 conantur;

357 1820 466 1859 non
501 1813 559 1858 ut
588 1818 681 1858 eos
705 1803 1126 1868 vulneraremus,
1169 1801 1262 1856 sed
1293 1809 1352 1854 ιιι
1387 1815 1480 1855 eos
1505 1800 1894 1870 corrigeremus
1921 1816 1934 1852 :

357 1913 462 1952 non
500 1896 640 1968 quod
668 1896 910 1950 homines
947 1894 1072 1950 odio
1101 1907 1504 1964 prosequamur,
1545 1894 1638 1948 sed
1665 1891 1804 1962 quod
1837 1893 1939 1946 im-

356 1992 672 2061 probitatem
699 2005 1028 2046 aversemur.
1053 1987 1486 2058 Quandoquidem
1519 1986 1756 2041 medicus
1779 1986 1939 2041 etiam

357 2093 505 2140 secat
544 2085 717 2150 ulcus,
759 2100 862 2138 non
903 2082 1044 2154 quod
1088 2097 1231 2152 aegro
1273 2082 1342 2136 sit
1379 2081 1623 2146 infestus,
1665 2079 1758 2136 sed
1797 2080 1947 2151 quod-

358 2176 605 2230 morbum
646 2185 702 2230 et
729 2175 919 2230 vulnus
958 2182 1248 2244 oppugnet.
1292 2173 1404 2242 Age
1442 2173 1709 2242 paululum
1746 2173 1940 2242 quietis

355 2267 516 2321 hodie
552 2267 741 2322 demus
789 2265 940 2334 ipsis,
987 2274 1048 2319 ut
1098 2279 1128 2318 a
1177 2263 1361 2317 dolore
1401 2263 1605 2334 possint
1651 2265 1936 2332 respirare,

353 2374 529 2428 neque
557 2359 860 2427 frequenter
887 2357 1035 2412 icti‘a
1068 2355 1326 2410 medicina
1351 2355 1608 2410 resiliant.
1636 2353 1708 2408 Ita
1741 2355 1941 2410 faciunt

355 2462 412 2507 et
453 2451 686 2507 medici:
720 2452 1003 2520 emplastra
1048 2457 1169 2518 post
1209 2450 1475 2502 sectiones
1524 2448 1832 2516 imponunt,
1875 2462 1940 2502 ac

354 2542 767 2608 medicamenta,
797 2552 906 2596 tum
945 2541 1144 2610 aliquot
1171 2539 1286 2595 dies
1311 2538 1449 2593 elabi
1479 2538 1679 2604 sinunt,
1709 2537 1835 2592 dum
1873 2553 1937 2593 ea

357 2635 688 2705 excogitant,
705 2648 821 2702 quae
843 2631 1081 2686 dolorem
1111 2630 1316 2699 possint
1341 2629 1601 2698 mitigare.
1627 2628 1733 2683 Hos
1758 2628 1939 2698 utique

354 2741 453 2779 nos
479 2727 637 2780 etiam
684 2723 843 2779 hodie
870 2723 1158 2787 imitemur,
1200 2736 1264 2776 ac
1299 2720 1664 2791 indulgeamus
1706 2720 1854 2789 ipsis,
1882 2729 1940 2774 ut

351 2831 417 2871 ex
445 2829 692 2871 sermone
720 2824 904 2870 nostro
926 2814 1202 2868 utilitatem
1227 2812 1504 2881 percipere
1531 2809 1765 2876 valeant,
1788 2823 1852 2864 ac
1870 2808 1939 2864 de

349 2905 686 2976 dogmatibus
734 2904 968 2959 instituta
1013 2901 1371 2973 disputatione
1411 2915 1715 2956 sermonem
1759 2898 1826 2953 ad
1872 2915 1938 2954 ea

351 3013 470 3065 quae
500 2996 633 3052 lecta
661 3003 787 3050 sunt
828 2994 1188 3049 traducamus.
1214 2991 1347 3046 Nam
1377 3000 1430 3046 et
1473 2990 1668 3045 multos
1695 3005 1938 3060 quaarere

349 3089 601 3155 arbitror,
647 3104 751 3158 qua
779 3089 848 3144 de
883 3101 1043 3142 causa
1069 3086 1208 3140 dicta
1238 3085 1353 3139 haec
1379 3085 1484 3139 sint
1517 3099 1549 3138 a
1576 3084 1794 3139 Christo
1829 3103 1841 3137 :
1875 3099 1938 3138 ac

349 3180 642 3238 Verisimile
683 3189 766 3235 est
813 3194 908 3234 eos
929 3180 1016 3248 qui
1055 3178 1250 3231 adsunt
1289 3176 1570 3231 haereticos
1616 3175 1733 3230 haec
1774 3175 1944 3230 verba.

355 3273 615 3341 arripere,
651 3271 958 3340 multosque
986 3285 1052 3324 ex
1080 3267 1331 3323 fratribus
1373 3267 1787 3338 simplicioribus
1813 3282 1939 3338 sup-

351 3363 610 3433 plantare.
935 3382 939 3385 ·

424 3453 596 3509 Lectio
629 3455 735 3508 sine
756 3453 1087 3522 intelligentia
1124 3469 1224 3506 non
1255 3451 1476 3521 prodest.
1503 3480 1572 3490 -—
1597 3449 1668 3506 Ut
1708 3450 1864 3519 igitur
1883 3457 1941 3505 et

353 3547 566 3601 illorum
598 3545 966 3615 pr0pulsemus
1010 3544 1257 3609 insultus,
1287 3552 1340 3596 et
1368 3557 1462 3598 eos
1490 3543 1578 3611 qui
1614 3542 1937 3611 quaestiones

354 3645 679 3707 proponunt,
703 3637 969 3690 anxietate
1004 3650 1068 3690 ac
1099 3634 1494 3705 perturbatione
1521 3634 1829 3699 liberemus,
1859 3633 1942 3688 lo—

355 3741 477 3782 eum
533 3727 689 3782 istum
750 3734 1133 3797 pertractantes
1187 3725 1378 3780 horum
1428 3723 1712 3780 verborum
1764 3739 1940 3792 expo—

358 3821 536 3875 sitioni
567 3821 646 3874 sic
672 3821 1040 3883 immorentur,
1068 3829 1126 3873 ut
1158 3819 1462 3874 reconditos
1486 3833 1725 3888 quosque
1747 3832 1938 3880 sensus

356 3913 696 3983 attingamus.
723 3911 838 3966 Non
868 3912 1011 3966 enim
1047 3911 1242 3966 sufficit
1280 3911 1462 3974 lectio,
1505 3911 1606 3964 nisi
1636 3909 1855 3965 accedat
1883 3919 1938 3965 et

355 4003 589 4074 cognitio
630 4021 643 4056 :
682 4018 802 4057 nam
849 4013 907 4057 et
949 4001 1220 4057 Candaces
1260 4001 1534 4057 eunuchus
1573 4000 1800 4071 legebat,
1842 4001 1944 4055 sed

356 4109 633 4165 quousque
663 4103 855 4164 praesto
895 4093 994 4148 fuit
1018 4095 1107 4164 qui
1135 4094 1352 4149 doceret
1374 4108 1519 4158 eum,
1549 4093 1673 4162 quid
1701 4091 1829 4146 illud
1852 4106 1939 4147 es-

353 4197 439 4244 set
463 4186 602 4258 quod
631 4185 858 4256 legebat,
887 4199 992 4240 non
1023 4200 1266 4255 magnam
1294 4184 1416 4239 inde
1443 4185 1721 4238 utilitatem
1750 4198 1936 4252 perce-

365 4276 443 4343 pit
467 4275 602 4343 (Act.
627 4274 680 4327 8.
702 4274 794 4327 27.
817 4276 974 4344 sqq.).
996 4272 1077 4328 Ne
1100 4273 1266 4342 igitur
1289 4269 1426 4324 idem
1457 4267 1607 4321 vobis
1627 4266 1937 4336 contingat,

361 4382 424 4419 ea
447 4381 567 4436 qua:
589 4365 849 4420 dicuntur
866 4366 1158 4421 advertite:
1175 4361 1438 4416 attendite
1460 4360 1789 4423 auituum,et
1808 4367 1927 4412 stu-

362 4460 574 4514 diosam
597 4458 728 4512 mihi
751 4465 984 4512 mentem
1013 4455 1279 4527 praebete:
1306 4451 1415 4507 acri
1439 4451 1509 4506 sit
1534 4449 1650 4504 acie
1669 4449 1932 4519 praeditus

350 4547 558 4614 oculus,
585 4554 819 4605 attentus
855 4546 1176 4608 intellectus,
1210 4545 1385 4605 anima
1409 4545 1551 4599 curis
1590 4543 1935 4605 Stecularihus

351 4641 617 4709 expedita,
667 4654 736 4694 ne
783 4640 835 4694 in
864 4639 1064 4708 Spittas,
1111 4651 1210 4692 nec
1256 4638 1308 4692 in
1337 4645 1532 4706 petras,
1567 4652 1738 4706 neque
1779 4651 1935 4691 secus

350 4730 489 4783 viam
519 4731 676 4785 verba
703 4742 1011 4801 spargamus
1041 4727 1189 4799 (Luc.
1221 4726 1274 4782 8.
1304 4728 1338 4783 5
1358 4727 1493 4798 -8);
1531 4727 1624 4781 sed
1653 4725 1934 4781 fecundum

349 4834 413 4873 ac
441 4821 632 4889 pingue
654 4820 918 4889 quoddam
945 4833 1132 4872 arvum
1162 4817 1421 4882 colentes,
1454 4816 1671 4871 uberem
1699 4825 1932 4886 segetem

349 4911 698 4964 demetamus.
729 4911 785 4965 Si
814 4912 955 4966 enim
985 4911 1086 4964 hoc
1118 4919 1271 4978 pacto
1311 4908 1546 4962 sermoni
1576 4915 1802 4963 attentas
1841 4923 1936 4968 au-

347 5016 438 5054 res
466 4999 820 5069 prtebueritis,
846 5017 967 5061 cum
1011 5000 1267 5055 leviorem
1295 4997 1448 5052 uobis
1471 4997 1707 5052 laborent
1736 4997 1931 5052 redde-

351 5092 441 5155 tis,
472 5101 582 5144 tum
608 5090 869 5154 efllcietis,
899 5103 956 5145 ut
984 5091 1189 5146 facilius
1218 5089 1292 5154 id,
1315 5088 1456 5160 quod
1479 5089 1756 5158 quaeritur,
1783 5104 1935 5158 repe—

350 5183 460 5237 rire
504 5181 739 5250 possitis.
769 5182 905 5248 Quid
943 5183 1100 5251 igitur
1128 5183 1320 5236 lectum
1344 5180 1468 5236 ρειῖ
1494 5179 1672 5246 Pater,
1704 5182 1747 5234 si
1773 5183 1937 5251 possi-

347 5273 448 5326 bile
465 5283 558 5338 est,
585 5282 806 5327 transeat
833 5289 866 5327 a
891 5290 968 5326 me
993 5275 1129 5328 calin:
1156 5274 1253 5328 iste
1281 5273 1490 5344 (Matth.
1525 5271 1618 5328 26.
1657 5272 1772 5343 59).
1799 5273 1934 5342 Quid

347 5363 560 5418 tandem
593 5363 735 5418 istud
779 5373 862 5418 est
899 5363 1040 5433 quod
1066 5364 1233 5419 dicit?
1260 5363 1368 5423 Nos
1395 5365 1538 5420 enim
1581 5374 1814 5435 oportet,
1847 5365 1936 5422 ubi

354 5456 504 5524 prius
550 5454 833 5509 verborum
885 5469 1101 5509 sensum
1143 5457 1574 5526 exposuerimus,
1617 5455 1936 5509 solutionem

346 5543 541 5599 deinde
563 5544 905 5617 subiungere.
941 5544 1077 5611 Quid
1107 5545 1265 5615 igitur
1289 5543 1457 5600 dicit?
1484 5544 1661 5611 Pater,
1702 5545 1746 5600 si
1775 5546 1934 5615 possi-

407 5700 481 5759 (α)
505 5700 691 5766 _Collata_
709 5713 821 5752 cum
839 5707 920 5751 Ms.
943 5701 1090 5764 Regio
1117 5696 1258 5760 I958,
1279 5701 1361 5764 qui
1378 5713 1526 5766 pauca
1547 5698 1752 5751 exhibet
1771 5698 1936 5748 lectio-

351 5774 466 5815 num
487 5763 776 5815 discrimina.

2050 1612 2156 1668 bile
2193 1623 2300 1682 est,
2342 1617 2567 1671 transfer
2601 1631 2630 1670 a
2684 1632 2770 1672 me
2814 1632 3048 1673 crucem.
3098 1617 3237 1685 Quid
3274 1619 3390 1674 ais?
3429 1620 3636 1690 ignorat

2046 1704 2186 1758 sitne
2210 1703 2312 1760 hoc
2339 1706 2611 1776 possibile,
2641 1721 2709 1761 an
2734 1721 2843 1762 non
2868 1708 3162 1778 possibile?
3183 1709 3314 1778 Quis
3335 1710 3437 1765 hoc
3457 1710 3634 1766 dicat?

2047 1797 2163 1852 Etsi
2193 1799 2354 1853 verba
2383 1799 2678 1867 ignorantis
2697 1801 2805 1855 sint
2837 1819 2851 1855 :
2883 1816 3006 1856 nam
3037 1801 3151 1857 haec
3175 1801 3395 1868 additio,
3425 1801 3506 1869 Si,
3533 1803 3635 1858 du-

2045 1887 2264 1944 bitantis
2324 1900 2440 1955 est;
2483 1906 2699 1958 verum,
2743 1901 2806 1947 ut
2851 1892 2984 1959 dixi,
3031 1907 3138 1948 non
3195 1903 3409 1963 oportet
3456 1896 3632 1950 verbis

2047 1979 2342 2048 adhaerere,
2373 1983 2469 2038 sed
2512 1982 2579 2037 ad
2623 1997 2780 2038 sensa
2828 1985 3086 2048 converti,
3117 1993 3173 2040 et
3212 1999 3432 2054 scopum
3471 2000 3633 2042 nosse

2046 2072 2295 2142 dicentis,
2326 2085 2381 2130 et
2416 2090 2631 2131 causam
2671 2086 2726 2132 et
2753 2077 3109 2143 occasionem,
3141 2077 3492 2148 omnibusque
3517 2079 3632 2134 col-

2046 2165 2198 2220 lectis
2237 2181 2451 2222 sensum
2499 2168 2551 2222 in
2591 2168 2670 2223 eis
2717 2167 2968 2224 latentem
3022 2168 3293 2238 indagare.
3343 2169 3631 2226 luell'abilis

2046 2273 2172 2329 ergo
2210 2259 2489 2328 sapientia,
2522 2261 2610 2316 ille
2639 2262 2727 2331 qui
2765 2261 2976 2317 Patrem
3023 2263 3094 2317 ita
3137 2265 3302 2327 novit,
3335 2273 3391 2318 ut
3435 2263 3629 2319 Filium

2045 2351 2194 2405 novit
2221 2351 2398 2416 Pater,
2444 2352 2538 2423 qui
2579 2354 2753 2423 potuit
2790 2353 2894 2408 hoc
2936 2355 3219 2426 ignorare?
3261 2355 3443 2426 Neque
3484 2359 3628 2412 enim

2045 2441 2216 2511 major
2267 2452 2351 2498 est
2397 2445 2630 2514 cognitio
2681 2445 2981 2516 passionis,
3033 2461 3196 2516 quam
3243 2447 3329 2500 illa
3385 2457 3628 2516 naturze,

2044 2549 2204 2602 quam
2234 2535 2386 2589 solus
2427 2536 2540 2604 ipse
2588 2537 2739 2591 novit
2774 2547 2981 2592 exacte.
3023 2536 3172 2593 Sicut
3215 2539 3350 2593 enim
3389 2541 3526 2593 novit
3550 2557 3630 2594 me

2043 2625 2220 2690 Pater,
2254 2627 2444 2698 inquit,
2472 2639 2522 2682 et
2547 2645 2639 2700 ego
2675 2646 2896 2701 agnosco
2924 2629 3134 2686 Patrem
3173 2631 3362 2702 (Joan.
3387 2632 3472 2689 10.
3509 2633 3626 2703 15).

2043 2717 2112 2772 Et
2133 2718 2262 2788 quid
2313 2719 2434 2774 dico
2475 2719 2543 2775 de
2594 2722 2866 2790 unigenilo
2904 2722 2997 2776 Dei
3038 2721 3219 2777 Filio?
3269 2723 3401 2778 Nam
3455 2739 3630 2794 neque

2045 2810 2320 2880 pr0phct:e
2360 2811 2607 2868 videntur
2643 2813 2697 2868 id
2731 2814 3028 2883 ignorasse,
3070 2815 3164 2870 sed
3209 2815 3487 2871 manifeste
3533 2831 3632 2871 no-

2042 2901 2206 2966 visse,
2238 2901 2509 2972 multaque
2530 2919 2650 2957 cum
2678 2904 3076 2960 asseveratione
3101 2905 3432 2974 praedixisse,
3459 2921 3624 2977 opor-

2045 3003 2158 3050 tere
2182 3005 2240 3050 ut
2271 2996 2372 3050 hoc
2397 2995 2566 3063 fleret,
2597 3006 2759 3068 atque
2788 2996 2840 3052 id
2865 2999 3086 3053 omnino
3115 2997 3371 3054 futurum.
3415 3061 3421 3066 η

2117 3085 2301 3140 Maria:
2339 3087 2598 3158 integritas
2649 3103 2708 3141 ac
2760 3090 2974 3158 puritas.
3044 3087 3297 3144 Hiracula
3345 3090 3531 3146 Christi
3573 3093 3630 3146 in

2044 3186 2222 3230 morte.
2279 3176 2422 3232 Mors
2466 3180 2828 3248 prophetarum
2891 3183 3067 3252 futura
3117 3183 3516 3250 prazdicentium.
3557 3214 3631 3224 —

2044 3265 2182 3320 Audi
2225 3282 2357 3322 sane
2382 3283 2486 3339 quo
2525 3279 2680 3338 pacto
2720 3269 2926 3326 diversa
2961 3272 3168 3328 ratione
3210 3289 3394 3330 omnes
3415 3290 3631 3330 crucem

2043 3359 2419 3426 praenuntient.
2450 3359 2659 3414 Primus
2690 3370 2772 3416 est
2805 3360 2970 3416 Jacob
2993 3363 3295 3433 patriarcha
3321 3383 3334 3418 :
3363 3365 3626 3436 siquidem

2042 3446 2110 3500 ad
2137 3448 2306 3517 ipsum
2333 3464 2638 3505 sermonem
2665 3450 2902 3521 dirigens
2925 3454 3000 3507 ait
3025 3470 3038 3506 :
3066 3452 3151 3508 Ex
3166 3457 3408 3524 germine,
3431 3458 3508 3526 ﬁli
3536 3459 3626 3523 mi,

2042 3539 2309 3596 ascendisti
2336 3539 2490 3607 (Gen.
2521 3541 2611 3597 49.
2644 3541 2722 3612 9),
2769 3558 2988 3612 germen
3015 3544 3219 3600 scilicet
3247 3547 3506 3617 virginem
3529 3563 3626 3603 vo-

2041 3645 2171 3686 cans
2194 3674 2210 3697 ,
2262 3643 2318 3687 et
2355 3633 2534 3687 Maria:
2564 3634 2922 3705 integritatem
2952 3650 3015 3695 ac
3042 3637 3326 3705 puritatem
3357 3640 3456 3693 hac
3499 3654 3628 3698 voce

2043 3725 2372 3795 significans.
2397 3726 2534 3784 Tum
2564 3742 2778 3782 crucem
2809 3727 3098 3799 designans
3126 3729 3337 3786 dicebat
3365 3749 3377 3785 :
3403 3730 3625 3791 Recum-

2043 3818 2168 3872 bens,
2187 3816 2431 3873 dormiisti
2458 3828 2512 3875 ut
2543 3819 2641 3884 lea,
2669 3828 2714 3873 et
2737 3820 2883 3890 quasi
2908 3823 3106 3876 catulus
3126 3821 3306 3888 leonis,
3329 3823 3442 3892 quis
3461 3824 3622 3884 susci-

2043 3907 2163 3960 tabit
2189 3922 2301 3961 eum
2329 3905 2496 3978 (1b.)?
2524 3909 2748 3965 Mortem
2770 3910 2966 3980 quippe
2993 3910 3368 3968 dormitionem
3405 3913 3544 3968 illius
3569 3926 3627 3970 et

2039 4013 2284 4056 somnum
2311 3999 2615 4067 appellavit,
2638 4009 2692 4054 et
2717 4010 2943 4055 mortem
2963 4016 3084 4056 cum
3121 4005 3511 4059 resurrectione
3535 4019 3630 4060 co-

2039 4089 2258 4159 pulavit,
2299 4089 2482 4144 dicens
2530 4107 2543 4143 :
2592 4089 2719 4156 Quis
2757 4091 3196 4146 suscitabiteum?
3221 4093 3373 4148 Alius
3408 4094 3626 4165 quidem

2040 4197 2219 4247 nemo,
2263 4182 2356 4236 sed
2401 4182 2517 4251 ipse
2565 4183 2818 4252 seipsum.
2852 4182 3186 4254 Quapropter
3222 4185 3433 4240 dicebat
3469 4187 3630 4242 etiam

2039 4272 2282 4328 Christus
2313 4272 2654 4329 :Potestatem
2681 4275 2837 4329 habeo
2890 4277 3110 4344 ponendi
3140 4277 3364 4330 animam
3384 4293 3565 4344 meant,
3582 4288 3632 4332 et

2039 4376 2331 4437 potestatem
2341 4368 2497 4422 habeo
2512 4368 2739 4422 sumendi
2754 4385 2863 4422 eam
2883 4367 3058 4434 (Joan.
3079 4368 3166 4423 10.
3194 4368 3282 4439 18)
3307 4385 3321 4422 :
3343 4377 3398 4423 et
3423 4385 3629 4433 rursus,

2040 4461 2234 4515 Solvite
2272 4462 2510 4530 templum
2535 4463 2650 4527 hoc,
2677 4471 2724 4515 et
2754 4462 2806 4515 in
2835 4462 2994 4516 tribus
3036 4461 3209 4516 diebus
3250 4461 3476 4516 excitabo
3498 4462 3634 4515 illud

2041 4553 2167 4626 (Id.
2205 4553 2395 4624 2.19).
2425 4554 2562 4621 Quid
2581 4569 2738 4625 porro
2754 4555 2996 4621 estillud,
3014 4554 3279 4610 Recubans
3308 4556 3556 4611 dormiisti
3577 4568 3632 4610 ut

2041 4644 2145 4697 leo?
2155 4643 2302 4700 Sicut
2317 4646 2399 4699 leo
2415 4645 2664 4699 nimirum
2678 4659 2784 4700 non
2802 4646 2972 4700 solum
2989 4645 3115 4700 dum
3135 4645 3338 4716 vigilat,
3359 4645 3452 4701 sed
3467 4647 3628 4701 etiam

2038 4737 2163 4791 dum
2181 4737 2393 4802 dormit,
2408 4737 2758 4793 formidabilis
2778 4746 2860 4794 est
2882 4756 2895 4791 :
2924 4738 3000 4792 sic
3019 4747 3074 4793 et
3097 4736 3344 4793 Christus
3373 4753 3477 4793 non
3502 4748 3630 4792 ante

2038 4842 2249 4882 crucem
2267 4838 2488 4894 tantum,
2504 4828 2597 4884 sed
2613 4839 2668 4884 et
2683 4828 2734 4882 iu
2753 4828 3062 4899 ipsacruce,
3081 4837 3241 4897 atque
3262 4829 3314 4882 in
3329 4829 3440 4894 ipsa
3457 4839 3631 4885 monte

2039 4920 2387 4974 formidabilis
2410 4919 2534 4986 fuit,
2546 4934 2840 4990 magnaque
2861 4929 2972 4973 tum
3000 4918 3257 4982 miracula
3286 4919 3473 4983 edidit,
3498 4918 3627 4972 dum

2037 5013 2166 5072 solis
2218 5028 2432 5069 cursum
2477 5022 2620 5068 retro
2666 5011 2957 5078 convertit,
2989 5020 3167 5081 petras
3211 5010 3384 5076 scidit,
3435 5019 3630 5065 terram

2041 5108 2351 5172 tremefecit,
2373 5108 2546 5162 velum
2571 5107 2749 5177 templi
2770 5104 3049 5172 conscidit,
3074 5104 3226 5158 uxori
3246 5103 3400 5158 Pilati
3426 5113 3627 5156 metunt

2039 5200 2238 5269 injecit,
2269 5199 2457 5254 Iudam
2499 5200 2757 5269 coarguit.
2796 5197 2931 5252 Tum
2971 5196 3116 5252 enim
3163 5195 3298 5250 dixit
3354 5213 3368 5248 τ
3414 5190 3630 5248 Peccavi

2055 5298 2266 5352 tradens
2290 5297 2596 5365 sanguinem
2632 5294 2954 5345 innocentem
2980 5284 3055 5357 (Μ
3065 5287 3198 5338 attlt.
3223 5285 3309 5336 27.
3337 5284 3412 5348 4).
3451 5284 3629 5348 Atque

2056 5393 2157 5452 hoc
2172 5389 2330 5444 Pilati
2352 5402 2491 5442 uxor
2515 5379 2969 5446 indicabanNihil
2985 5380 3151 5447 tibi,_et
3163 5377 3307 5448 justo
3325 5376 3443 5428 isti:
3459 5375 3629 5428 multa

2057 5483 2194 5546 enim
2216 5495 2377 5557 passa
2409 5492 2525 5531 sum
2566 5490 2658 5540 per
2693 5474 2860 5527 visum
2903 5479 3118 5541 propter
3144 5484 3262 5522 eum
3291 5464 3400 5536 (Ib.
3429 5483 3477 5520 υ.
3512 5465 3630 5557 13).

2039 5563 2175 5618 Tum
2220 5552 2404 5616 orbem
2431 5571 2691 5615 terrarum
2723 5557 2958 5613 tenebrae
2985 5563 3334 5626 occuparunt,
3364 5563 3420 5608 et
3448 5552 3627 5607 medio

2042 5662 2129 5711 die
2156 5670 2262 5710 nox
2286 5651 2548 5724 apparuit,
2573 5661 2681 5706 tum
2710 5665 2855 5706 mors
2882 5649 3176 5711 contabuit,
3204 5647 3426 5718 ejusque
3458 5643 3538 5701 vis
3560 5659 3628 5700 ac

2044 5753 2278 5820 potestas
2302 5744 2566 5802 destructa
2583 5752 2664 5800 est
2682 5758 2696 5798 :
2717 5741 2882 5799 multa
2907 5750 3053 5798 certe
3072 5752 3305 5813 corpora
3320 5750 3630 5795 sanctumst
