4010 6342
389 269 448 322 5|
1021 260 1090 318 ΙΝ
1129 259 1660 328 ΚΛΜΜΡΑΤΕΒ,
1706 259 1768 314 SI
1803 257 1959 315 POSE

2063 256 2158 312 ιε
2197 254 2345 319 EST,
2389 248 2776 317 TKANSEAT,
2817 248 2971 306 BTC.
3563 244 3631 298 33

1792 788 1963 874 ΕΙΣ
2034 789 2230 880 ΤΟ.

389 1034 505 1114 [l5]
548 1036 747 1109 Πάτερ,
781 1038 831 1089 εἰ
860 1035 1084 1090 δυνατόν
1114 1038 1249 1099 ἐστι,
1284 1036 1721 1109 παρελθέτωάτέ
1754 1038 1886 1108 ἐμοῦ
1926 1039 1986 1093 τὸ
2016 1039 2276 1110 ποτήριον
2306 1037 2463 1092 τοῦτο
2485 1053 2497 1066 ο
2533 1036 2670 1106 πλὴν
2703 1035 2801 1106 οὐχ
2839 1035 2916 1096 ὡς
2944 1001 3243 1100 ἐγὼ,θέλω,
3273 1032 3386 1088 ἀλλ’
3415 1033 3488 1099 ὡς
3520 1033 3584 1087 σύ
3609 1048 3624 1064 °

457 1127 556 1180 καί
587 1129 737 1181 κατά
772 1127 1238 1196 Μαρκιωνιστῶν
1267 1130 1366 1184 καὶ
1395 1132 1744 1200 Μανιχαίων
1775 1149 1786 1160 ·
1833 1131 1933 1185 καὶ
1963 1130 2052 1186 ὅτι
2081 1134 2154 1185 οὐ
2185 1131 2304 1201 χρὴ
2335 1126 2636 1196 ἑπιπηδᾷν
2672 1126 2796 1194 τοῖς
2839 1123 3178 1191 κινδύνοις,
3213 1123 3373 1178 ἀλλὰ
3400 1124 3626 1190 παντὸς

455 1223 789 1292 θελήματος
818 1221 1112 1294 προτιμᾶν
1141 1222 1204 1278 τό
1236 1223 1340 1279 τοῦ
1372 1224 1520 1280 Θεοῦ
1549 1223 1794 1294 θέλημα

385 1879 389 1882 -
457 1845 528 1896 α’.
566 1846 794 1901 Βαθεῖαν
840 1846 1012 1918 τομὴν
1037 1850 1154 1914 τοῖς
1173 1848 1477 1921 ἁρπάζουσι
1500 1851 1591 1904 καὶ
1615 1851 1962 1907 πλεονεκτεῖν

381 1925 735 1999 βουλομένοις
770 1931 958 2002 πρώην
987 1930 1304 2004 ἐδώκαμεν·
1359 1935 1460 2006 οὐχ
1509 1934 1597 1988 ῖνα
1643 1935 1960 2006 πλήξωμεν,

379 2010 501 2064 ἀλλ’
531 2011 618 2064 ἵνα
645 2012 1087 2086 διορθωσώμεθα·
1127 2016 1186 2068 οὐ
1221 2018 1348 2080 τοὺς
1385 2015 1705 2089 ἀνθρώπους
1739 2015 1962 2088 μισοῦν-

379 2110 492 2157 τες,
532 2095 668 2150 ἀλλά
696 2096 795 2167 τὴν
835 2096 1104 2170 πονηρίαν
1147 2099 1638 2170 ἀποστρεφόμενοι.
1686 2098 1838 2152 Ἐπεὶ
1869 2099 1963 2152 καὶ

385 2177 572 2248 ἰατρὸς
597 2179 782 2250 τέμνει
808 2181 869 2233 τὸ
896 2180 1072 2249 έλκος,
1099 2181 1160 2236 οὐ
1184 2181 1263 2253 τῷ
1289 2182 1532 2235 νοσοῦντι
1555 2181 1770 2252 σώματι
1803 2181 1964 2234 πολε-

383 2261 526 2330 μῶν,
559 2261 698 2315 ἀλλά
723 2266 788 2334 τῇ
833 2263 976 2334 νόσῳ
1020 2264 1117 2318 καὶ
1169 2263 1246 2335 τῷ
1298 2265 1576 2336 τραύματι
1629 2263 1958 2336 μαχόμενος.

379 2343 518 2415 Φέρε
550 2344 636 2415 δὴ,
669 2346 910 2418 σήμερον
957 2345 1154 2419 μικρὸν
1189 2346 1428 2417 ἐνδῶμεν
1457 2349 1658 2410 αὐτοῖς,
1688 2347 1830 2400 ὥστε
1860 2349 1962 2402 αὑ-

379 2429 510 2491 τοὺς
549 2429 658 2482 ἀπὸ
699 2430 802 2500 τῆς
832 2429 1027 2502 ὀδύνης
1068 2428 1428 2494 ἀναπνεῦσαι,
1465 2430 1560 2483 καὶ¹
1612 2430 1686 2501 μὴ
1723 2430 1963 2501 συνεχῶς

379 2511 786 2581 πληττομένους
838 2511 1247 2584 ἀποσκιρτῆσαι
1291 2513 1392 2582 τῆς
1439 2513 1754 2585 θεραπείας.
1803 2512 1962 2567 Οὕτω

381 2594 478 2646 καὶ
509 2593 686 2665 ἰατροί⁸
729 2594 980 2648 ποιοῦσιο
1037 2595 1178 2667 μετά
1224 2594 1324 2658 τάς
1372 2596 1548 2666 τομάς
1577 2595 1962 2668 ἐμπλάστρους

378 2676 686 2732 ἐπιτιθέασι
710 2678 807 2732 καὶ
830 2678 1118 2750 φάρμακα,
1139 2678 1235 2732 καὶ
1254 2677 1703 2748 διαλιμπάνουσιν
1728 2678 1959 2751 ἡμέρας,

377 2759 450 2814 τά
473 2760 951 2833 παραμυθούμενα
974 2761 1074 2833 τὴν
1101 2761 1294 2832 ὀδύνην
1333 2760 1696 2825 ἐπινοοῦντες.
1727 2761 1962 2825 Τούτους

376 2844 442 2916 δὴ
475 2844 572 2899 καὶ
605 2846 767 2916 ἡμεῖς
797 2846 1125 2916 μιμούμενοι
1166 2847 1405 2916 σήμερον
1433 2843 1794 2909 ἐπινοοῦντες,
1820 2843 1959 2896 ὥστε

378 2925 778 2998 καρπώσασθαι
805 2928 903 2998 τὴν
933 2927 1042 2981 ἀπὸ
1073 2929 1175 2998 τῆς
1206 2927 1483 3000 ἡμετέρας
1504 2927 1788 2992 διαλέξεως
1819 2926 1961 2996 ὠφέ-

376 3009 548 3075 λειαν,
568 3010 688 3090 ’καὶ
724 3011 818 3064 τὸν
847 3011 975 3081 περὶ
1004 3011 1292 3083 δογμάτων
1325 3011 1636 3082 κινήσωμεν
1664 3011 1846 3090 λόγον,
1881 3012 1961 3074 εἰς

375 3094 444 3148 τά
474 3089 864 3164 ἀνεγνωσμένα
898 3094 990 3148 τὸν
1013 3093 1172 3163 λόγον
1206 3093 1481 3162 ἀφιέντες.
1526 3095 1636 3147 Καὶ
1667 3093 1777 3166 γὰρ
1805 3089 1959 3163 οἶμαι

377 3177 610 3240 πολλοὺς
637 3177 937 3247 διαπορεῖν,
970 3176 1114 3241 τίνος
1146 3176 1332 3232 ἕνεκεν
1358 3177 1530 3230 ταῦτα
1565 3176 1780 3248 εἴρηται
1809 3177 1962 3249 παρά

374 3260 471 3314 τοῦ
499 3254 739 3331 Χριστοῦ
761 3277 774 3290 ο
811 3260 960 3323 εἰκὸς
985 3260 1042 3313 δέ
1073 3261 1167 3314 καὶ
1199 3261 1508 3331 αἰρετικοὺς
1543 3261 1818 3332 παρόντας
1841 3262 1962 3312 ἐπι-

376 3345 619 3416 πηδῆσαι
649 3346 762 3407 τοῖς
797 3344 1135 3414 εἰρημένοις,
1169 3347 1264 3399 καὶ
1288 3344 1518 3408 πολλοὺς
1543 3345 1651 3398 τῶν
1675 3343 1962 3413 ἀφελεστέ-

379 3447 489 3498 ρων
523 3427 771 3498 ἀδελφῶν
799 3427 1050 3483 ἐντεῦθεν
1079 3428 1481 3494 ὑποσκελίζειν.

449 3507 656 3568 ’³1νἻοῦν
675 3511 770 3566 καὶ
790 3511 890 3582 τὴν
912 3509 1026 3584 [16]
1045 3511 1270 3566 ἐκείνων
1291 3511 1480 3581 ἔφοδον
1499 3509 1958 3581 ἀποτειχίσωμεν,

377 3598 469 3652 καὶ
499 3598 628 3660 τοῦς
656 3595 1050 3667 διαποροῦντας
1089 3595 1320 3668 θορύϐου
1371 3597 1464 3648 καὶ
1510 3595 1755 3665 ταραχῆς
1783 3593 1960 3646 ἀπαλ-

376 3679 648 3751 λάξωμεν,
679 3679 1158 3751 μεταχειρίσαντες
1181 3680 1240 3732 τὸ
1269 3678 1577 3750 εἰρημένον,
1607 3676 1959 3748 ἐνδιατρίψω-

379 3783 478 3835 μεν
524 3766 591 3834 τῇ
638 3762 802 3827 λέξει,
856 3762 952 3815 καὶ
1005 3762 1138 3833 πρὸς
1184 3763 1244 3815 τὸ
1291 3761 1451 3831 βάθος
1495 3759 1824 3830 καταϐῶμεν
1851 3759 1960 3812 τῶν

375 3849 685 3918 νοημάτων.
724 3846 860 3901 Οὐδὲ
908 3844 1016 3918 γάρ
1065 3848 1224 3915 ἀρκεῖ
1267 3848 1299 3916 ή
1347 3846 1683 3913 ἀνάγνωσις,
1738 3843 1834 3896 ἐάν
1885 3843 1960 3914 μὴ

375 3935 556 4004 προσῇ
585 3932 679 3984 καὶ
700 3932 734 4000 ή
765 3930 987 3998 γνῶσις.
1027 3927 1180 3982 Ἐπεὶ
1209 3930 1302 3982 καὶ
1327 3929 1355 3979 ὁ
1381 3927 1634 3997 εὐνοῦχος
1667 3925 1959 3996 Κανδάκης

375 4015 776 4082 ἀνεγίνωσκεν,
820 4010 937 4066 ἀλλ’
969 4010 1076 4075 ἕως
1117 4011 1206 4064 ὅτε
1251 4011 1586 4082 παρεγένετο
1630 4011 1659 4063 6
1693 4009 1959 4065 διδάσκων

375 4098 540 4156 αὐτὸν
568 4097 619 4149 τί
658 4113 788 4150 ποτε
821 4091 890 4167 ἦν
939 4095 968 4149 6
1016 4095 1404 4164 ἀνεγίνωσκεν,
1451 4095 1603 4148 οὐδὲν
1651 4092 1964 4164 ἐκαρποῦτο

380 4183 544 4252 μέγα.
571 4183 668 4234 Ἵν’
703 4176 796 4234 οῦν
829 4180 905 4252 μὴ
942 4180 1036 4233 καὶ
1078 4180 1235 4249 ὑμεῖς
1273 4179 1334 4232 τὸ
1360 4179 1493 4233 αὐτὸ
1521 4177 1755 4248 πάθητε,
1786 4194 1959 4249 προσ-

377 4269 528 4336 έχετε
560 4269 674 4330 τοῖς
707 4262 1390 4336 λεγομένοις,,συντείνατε
1423 4264 1523 4334 τὴν
1549 4263 1814 4325 διάνοιαν,
1843 4279 1960 4331 σχο-

375 4349 648 4414 λάζουσάν
679 4365 770 4420 μοι
802 4349 903 4418 τὴν
930 4347 1112 4418 ψυχὴν
1147 4347 1485 4419 παράσχετε,
1509 4344 1796 4416 ὀξυδερκὲς
1818 4344 1958 4398 έστω

374 4435 438 4488 τὸ
495 4436 650 4505 ὄμμα
675 4473 691 4498 ,
750 4431 1119 4503 συντεταμένη
1172 4433 1206 4503 ή
1253 4431 1447 4502 γνώμη
1483 4447 1496 4461 ο
1565 4429 1956 4500 ἀπηλλαγμένη

378 4517 676 4590 φροντίδων
707 4516 978 4586 βιωτικῶν
1019 4517 1052 4585 ἡ
1091 4514 1261 4587 ψυχὴ,
1309 4517 1408 4569 ἰπνα⁴
1441 4513 1517 4584 μὴ
1562 4513 1959 4582 καταϐάλωμεν

376 4606 456 4666 εἰς
496 4602 594 4666 τὰς
626 4600 889 4664 ἀκάνθας,
921 4600 1056 4671 μηδὲ
1104 4601 1184 4662 εἰς
1226 4599 1325 4662 τὰς
1356 4598 1560 4669 πέτρας
1580 4638 1594 4661 ,
1641 4596 1775 4667 μηδέ
1808 4599 1960 4667 παρὰ

376 4689 474 4759 τὴν
505 4687 622 4742 ὁδὸν
644 4685 714 4740 τά
751 4685 1053 4754 λεγόμενα.’
1096 4683 1233 4738 ἀλλά
1263 4683 1550 4753 βαθύγειον
1598 4682 1692 4736 καὶ
1722 4678 1966 4751 λιπαρὰν.

377 4769 754 4843 γεωργοῦντες,
773 4769 1033 4841 ἄρουραν,
1067 4767 1323 4839 κομῶντα
1346 4767 1436 4820 τδν
1465 4768 1703 4837 ἄσταχυν
1733 4765 1960 4836 ἀμήσω-

381 4874 500 4928 μεν.
544 4855 670 4908 Ἐὰν
693 4853 814 4924 γάρ.
840 4851 982 4906 οὕτω
1024 4852 1328 4922 προσέχητε
1361 4852 1472 4913 τοῖς
1498 4849 1834 4919 λεγομένοις,
1865 4848 1959 4901 καὶ

378 4943 508 5010 ἡμῖν
538 4936 866 5005 κουφότερον
907 4935 999 4988 τὸν
1029 4935 1192 4988 πόνον
1217 4934 1539 5003 ἐργάσεσθε,
1581 4933 1676 4985 καὶ
1710 4932 1838 5001 ὑμῖν
1869 4932 1958 4984 εὑ-

376 5020 686 5090 κολωτέραν
721 5019 820 5089 τὴν
855 5017 1076 5090 εὕρεσιν
1109 5017 1572 5071 κατασκευάσετε.
1623 5015 1689 5067 Τί
1718 5011 1810 5067 οῦν
1843 5017 1958 5066 ἐστι

376 5105 436 5158 τὸ
463 5102 911 5170 ἀνεγνωσμένον;
959 5100 1170 5169 Πάτερ,
1218 5102 1270 5153 εὶ
1303 5099 1586 5162 δυνατὸν,
1618 5097 1959 5166 παρελθέτω

375 5187 440 5240 τὸ
464 5186 761 5256 ποτήριον
793 5183 970 5239 τοῦτο
991 5184 1092 5237 ἀπ’
1111 5183 1279 5253 ἐμοῦ.
1316 5183 1382 5236 Τί
1408 5182 1539 5234 ποτέ
1559 5184 1706 5235 ἐστιν
1733 5183 1760 5235 δ
1789 5198 1920 5251 φησι
1942 5197 1956 5244 ;

376 5269 468 5320 Δεῖ
511 5285 620 5338 γαρ
663 5267 725 5319 τὸ
771 5267 1062 5338 εἰρημένον
1109 5267 1444 5338 σαφέστερον
1493 5263 1956 5336 ἑρμηνεύσαντας,

374 5351 548 5414 οὕτως
600 5352 902 5420 ἐπαγαγεῖν
947 5352 1047 5423 τὴν
1079 5350 1254 5406 λύσιν.
1308 5352 1373 5404 Τί
1406 5346 1498 5404 οῦν
1536 5353 1682 5404 ἐστιν
1727 5349 1756 5403 ὃ
1785 5365 1956 5419 φησι;

377 5435 582 5505 Πάτερ.
617 5435 669 5487 εἰ
699 5434 944 5498 δυνατὸν,
992 5436 1285 5508 παράγαγε
1329 5436 1422 5488 τὸν
1468 5435 1720 5505 σταυρόν.
1768 5434 1832 5486 Τί
1871 5431 1958 5485 λέ-

377 5533 526 5586 Tag;
557 5517 745 5584 ἀγνοεῖ
765 5517 876 5571 εἴτε
905 5518 1152 5583 δυνατὸν,
1179 5519 1290 5572 εἴτε
1321 5517 1601 5584 ἀδύνατον,
1629 5515 1820 5583 τοῦτο;
1850 5516 1960 5569 Καὶ

376 5599 737 5671 τίς-ἆνποῦτο
777 5602 956 5666 arma;
1004 5603 1198 5656 Καίτοι
1244 5601 1313 5654 τά
1363 5602 1585 5677 ῥήματα
1636 5597 1956 5669 ἀγνοοῦντός

381 5684 529 5741 ἐστιν
561 5703 574 5716 ·
632 5684 673 5757 ἡ
715 5684 822 5759 γάρ
863 5685 981 5754 τοῦ,
1027 5688 1115 5756 Εἰ,
1168 5685 1473 5762 προσθήκη,
1527 5683 1958 5758 ἁμφιϐάλλονττός

2065 1853 2233 1919 ἐστιν,
2273 1853 2408 1919 ἀλλ’,
2457 1853 2595 1923 ὅπερ
2627 1852 2786 1922 έφην,
2835 1852 2897 1904 οὺ
2944 1853 3032 1906 δεῖ-
3073 1852 3181 1912 τοῖς
3219 1850 3426 1921 ῥήμασι
3476 1862 3647 1918 προσ-

2065 1935 2230 2006 έχειν,
2261 1935 2398 1991 ἀλλά
2422 1936 2557 2007 πρὸς
2582 1935 2650 1989 τὰ
2674 1937 2920 2006 νοήματα
2947 1931 3267 2005 τρέπεσθαι,
3292 1931 3387 1984 καὶ
3411 1931 3502 1984 τὸν
3527 1945 3650 1982 σκο-

2067 2019 2169 2073 πὸν
2212 2017 2307 2073 τοῦ
2353 2019 2603 2089 λέγοντος
2647 2018 2878 2083 εἰδέναι,
2931 2018 3044 2071 καὶ.
3069 2015 3167 2087 τὴν
3198 2013 3393 2078 αἰτίαν,
3429 2013 3523 2067 καὶ
3555 2012 3646 2066 τὸν

2063 2107 2276 2180 καιρὸν,
2323 2111 2414 2163 καὶ
2445 2109 2624 2164 πάντα
2671 2109 3086 2176 συναγαγόντα,
3132 2106 3292 2160 οὕτω.
3323 2105 3496 2176 θηρᾷν
3547 2104 3646 2174 τὴν

2064 2194 2495 2265 ἐναποκειμένην
2526 2194 2785 2248 διάνοιαν.
2840 2194 2912 2249 Ἡ
2932 2188 3026 2248 οῦν
3059 2191 3220 2260 σοφία
3251 2192 3284 2260 ή
3315 2190 3643 2260 ἀπόρρητος,

2063 2287 2091 2337 6
2139 2284 2231 2338 τὸν
2282 2285 2505 2356 Πατέρα
2535 2284 2708 2348 οὕτως
2755 2283 2928 2349 εἰδὼς,
2984 2283 3058 2345 ὡς
3102 2281 3131 2333 ὁ
3169 2279 3358 2350 Πατὴρ
3402 2275 3508 2332 οἶδε
3552 2278 3646 2332 τὸν

2067 2375 2214 2440 Υίὸν,
2243 2376 2359 2439 πῶς
2387 2376 2452 2430 ἂν
2480 2375 2640 2430 τοῦτο
2669 2375 2966 2446 ἠγνόησεν;
3002 2373 3136 2428 Ούδέ
3164 2371 3272 2444 γάρ
3309 2369 3508 2443 μείζων
3544 2369 3644 2423 αὖε-

2062 2477 2131 2530 τη
2179 2463 2212 2530 ἡ
2261 2460 2462 2529 γνῶσις
2507 2462 2540 2531 ή
2579 2460 2706 2529 περὶ
2751 2458 2848 2512 τοῦ
2897 2458 3101 2521 πάθους
3133 2457 3232 2526 τῆς
3260 2453 3514 2524 γνώσεως
3544 2455 3646 2523 τῆς

2065 2543 2193 2616 περὶ
2235 2543 2338 2614 τῆς
2380 2543 2597 2608 οὐσίας,
2655 2544 2723 2614 ἢν
2773 2541 3016 2614 ἀκριϐῶς
3065 2541 3224 2611 μόνος
3270 2535 3412 2592 οἶδεν
3457 2537 3644 2602 αὑτός.

2061 2633 2267 2701 Καθὼς
2289 2634 2418 2706 γάρ,
2451 2635 2604 2705 φησὶ,
2637 2633 2914 2703 γινώσκει
2937 2649 3016 2702 με
3044 2634 3076 2685 ὁ
3102 2631 3326 2698 Πατὴρ,
3356 2627 3519 2698 κάγὼ
3553 2645 3644 2698 γι-

2061 2726 2275 2781 νώσκω
2307 2727 2416 2780 τὸν
2455 2727 2704 2794 Πατέρα.
2754 2725 2865 2779 Καὶ
2910 2724 2964 2776 τί
3004 2723 3148 2792 λέγω
3172 2722 3316 2792 περὶ
3345 2719 3441 2774 τοῦ
3488 2735 3646 2791 μονο-

2062 2817 2253 2885 γενοῦς
2281 2817 2407 2870 Υἰοῦ
2436 2817 2528 2870 τοῦ
2552 2815 2720 2880 Θεοῦ;
2755 2816 2888 2869 Ούδέ
2913 2815 3022 2886 γάρ
3051 2817 3098 2867 οί
3127 2814 3401 2884 προφῆται
3436 2809 3646 2880 φαίνον-

2061 2927 2152 2964 ται
2190 2909 2348 2962 τοῦτο
2393 2908 2742 2979 ἠγνοηκότες,
2776 2906 2913 2962 ἀλλὰ
2939 2907 3035 2960 καὶ
3074 2904 3276 2967 εἰδότες
3310 2901 3499 2971 σαφῶς
3550 2903 3648 2956 καὶ

2064 3002 2581 3075 προαναφωνοῦντες
2614 2999 2752 3073 μετά
2780 2999 2981 3070 πολλῆς
3006 2998 3108 3070 τῆς
3139 2997 3536 3070 πληροφορίας,
3563 2997 3646 3050 ὅτι

2061 3093 2143 3148 δεῖ
2177 3094 2332 3149 τοῦτο
2353 3094 2629 3163 γενέσθαι,
2665 3093 2760 3147 καὶ
2790 3094 2872 3147 ὅτι
2901 3091 3119 3155 πάντως
3147 3089 3318 3146 ἔσται.

2136 3189 2332 3241 Ἀκουε
2376 3187 2506 3257 γοῦν
2536 3186 2655 3250 πῶς
2698 3186 2972 3257 διαφόρως
3003 3186 3241 3248 ἅπαντες
3271 3185 3363 3238 τδν
3405 3183 3642 3255 σταυρὸν

2060 3278 2487 3349 ἀπαγγέλλουσι.
2528 3278 2750 3349 Πρῶτος
2783 3280 2813 3332 6
2839 3278 3185 3349 πατριάρχης
3227 3273 3455 3329 Ἰακώϐ·
3509 3274 3649 3346 πρὸς

2061 3369 2170 3440 γὰρ
2191 3369 2353 3422 αὐτὸν
2378 3368 2676 3422 ἀποτείνων
2703 3367 2794 3421 τὸν
2819 3367 2976 3436 λόγον
3003 3366 3188 3438 φησίνο
3227 3366 3321 3418 Ἐκ
3340 3364 3643 3430 βλαστοῦ,

2059 3463 2153 3518 υἱέ
2195 3481 2336 3532 μου,
2383 3461 2637 3529 ἀνέϐηςο
2691 3461 2917 3532 βλαστὸν
2963 3460 3063 3530 τὴν
3105 3455 3396 3529 Παρτένον,
3456 3456 3550 3510 καὶ
3586 3455 3649 3510 τὸ

2061 3557 2328 3628 ἄχραντον
2366 3555 2467 3626 τῆς
2513 3553 2733 3626 Μαρίας
2763 3553 3064 3625 ἐμφαίνων.
3118 3551 3252 3606 Εἶτα
3283 3551 3374 3606 τὸν
3411 3549 3648 3622 σταυρὸν

2060 3649 2235 3721 δηλῶν
2263 3649 2449 3718 ἔλεγεν
2468 3666 2481 3679 ·
2525 3648 2866 3703 Ἀναπεσὼν
2891 3647 3215 3718 ἐκοιμήθης
3241 3648 3319 3714 ὡς
3345 3645 3524 3709 λέων,
3545 3644 3645 3700 καὶ

2060 3745 2142 3809 ὠς
2165 3745 2437 3814 σκύμνος
2462 3741 2729 3808 λέοντος,
2765 3743 2856 3808 τίς
2883 3740 3078 3811 ἐγερεῖ
3113 3741 3338 3804 αὐτόν;
3387 3738 3491 3792 Τδν
3537 3737 3647 3808 γὰρ

2062 3836 2290 3891 θάνατον
2318 3835 2483 3890 αὐτοῦ
2524 3834 2780 3905 κοίμησιν
2826 3833 3052 3888 ἐκάλεσε
3083 3833 3177 3886 καὶ
3218 3831 3405 3894 ὕπνον,
3439 3828 3536 3883 καὶ
3568 3827 3647 3898 τῷ

2061 3929 2278 3999 θανάτῳ
2325 3927 2531 3998 συνῆψε
2570 3928 2669 3998 τὴν
2701 3927 3015 3989 ἀνάστασιν,
3070 3925 3269 3993 λέγων’
3322 3922 3418 3987 Τίς
3462 3923 3648 3994 ἐγερεῖ

2062 4020 2259 4086 αὑτόν;
2295 4020 2488 4084 Ἄλλος
2521 4020 2618 4090 μὲν
2643 4019 2837 4082 οὐδεὶς,
2872 4017 3030 4080 αὐτὸς
3058 4016 3112 4069 δὲ
3142 4015 3352 4070 ἑαυτόν.
3381 4015 3460 4068 Δι’
3493 4014 3522 4068 6
3551 4015 3648 4068 καὶ

2060 4113 2088 4165 6
2128 4111 2367 4182 Χριστὸς
2410 4111 2615 4179 ἐλεγενο
2649 4109 2968 4171 Ἑξουσίαν
2999 4107 3116 4177 ἔχω
3156 4107 3344 4162 θεῖναι
3375 4105 3492 4174 τὴν
3522 4110 3644 4176 ψυ-

2058 4202 2181 4274 χήν
2211 4221 2360 4274 μου,
2397 4203 2496 4258 καὶ
2539 4203 2833 4266 ἐξουσίαν
2870 4201 2988 4271 ἔχω
3027 4199 3236 4254 λαϐεῖν
3280 4199 3508 4266 αὑτήν·
3552 4200 3647 4254 καὶ

2061 4295 2224 4348 πάλιν
2248 4311 2262 4325 ·
2317 4293 2555 4348 Λύσατε
2597 4291 2704 4344 τὸν
2742 4289 2895 4342 ναὸν
2939 4287 3155 4342 τοῦτον
3196 4286 3294 4340 καὶ
3347 4287 3417 4340 ἐν
3447 4287 3649 4355 τρισίν

2061 4387 2310 4457 ’ἡμέραις
2348 4383 2531 4453 ἐγερῶ
2583 4384 2788 4436 αὐτόν.
2839 4381 2904 4433 Τί
2947 4379 3004 4433 δέ
3056 4382 3234 4443 ἐστιν,
3296 4379 3648 4432 Ἀναπεσωνν

2061 4476 2383 4545 ἐκοιμήθης
2404 4475 2483 4540 ὡς
2502 4473 2692 4536 .ἰέων;
2743 4473 2953 4542 Ὥσπερ
2978 4470 3088 4542 γάρ
3122 4472 3150 4524 6
3180 4468 3317 4523 λέων
3349 4469 3450 4522 οὐκ
3478 4470 3646 4539 ἐγρητ

2061 4569 2239 4641 γορὼς
2273 4569 2451 4638 μόνον,
2480 4566 2618 4620 ἀλλὰ
2650 4567 2746 4618 καὶ
2775 4564 3050 4618 καθεύδων
3083 4564 3201 4616 ἐστὶ
3226 4562 3476 4633 φοϐερόςο
3505 4561 3656 4619 οὕτω·

2061 4666 2156 4720 καὶ
2201 4663 2230 4715 6
2258 4660 2491 4734 Χριστὸς
2522 4659 2582 4713 οὐ
2609 4660 2714 4730 πρὸ
2756 4659 2850 4712 τοῦ
2900 4658 3136 4730 σταυροῦ
3169 4657 3351 4728 μόνον,
3382 4655 3520 4710 ἀλλὰ
3552 4657 3648 4715 καὶ

2061 4757 2120 4809 ἐν
2145 4753 2292 4824 αὐτῷ
2315 4754 2392 4824 τῷ
2421 4751 2658 4823 σταυρῷ,
2693 4752 2787 4804 καὶ
2814 4753 2872 4804 ἐν
2901 4751 3037 4821 αὐτῇ
3069 4752 3134 4821 τῇ
3163 4748 3647 4825 τελευτῇ-φοϐερὸς

2060 4844 2149 4921 ἦν,
2195 4847 2290 4901 καὶ
2323 4846 2390 4900 τά
2422 4845 2632 4916 μεγάλα
2665 4844 2791 4896 τότε
2841 4841 3128 4914 εἰργάζετο
3159 4839 3450 4912 θαύματα,
3495 4841 3652 4911 ἥλιον

2061 4938 2441 5012 ἀποστρέφων,
2481 4937 2690 5009 πέτρας
2719 4933 2954 5004 τέμνων,
2993 4931 3105 5005 [ιη
3140 4932 3240 5003 τὴν
3274 4933 3377 5004 γῆν
3412 4932 3644 4995 κλονῶν,

2060 5033 2121 5086 τὸ
2151 5029 2550 5099 καταπέτασμα
2601 5025 2820 5097 σχίζων,
2853 5023 2952 5096 τὴν
2997 5025 3233 5093 ⁴γυναῖκα
3275 5023 3371 5080 τοῦ
3412 5024 3645 5077 Πιλάτου

2061 5124 2451 5192 δεδιττόμενος,
2484 5121 2573 5174 τὸν
2615 5118 2812 5173 Ἰούδαν
2838 5116 3096 5185 ἐλέγχων.
3137 5116 3275 5168 Τότε
3301 5114 3412 5186 γάρ
3434 5114 3642 5183 ἔλεγενο

2062 5215 2379 5284 ’Ἥμαρτον¹
2419 5209 2725 5280 παραδοὺς
2772 5204 2914 5278 αἷμα
2961 5206 3175 5262 ἀθῶον.
3232 5206 3343 5260 Καὶ
3407 5207 3441 5275 ή
3505 5206 3643 5276 γυνὴ

2059 5306 2152 5361 τοῦ
2199 5305 2434 5360 Πιλάτου
2481 5303 2708 5373 ἐδήλου·
2755 5299 2962 5368 Μηδὲν
3006 5299 3124 5358 σοι,
3157 5298 3257 5352 καὶ
3306 5297 3387 5363 τῷ
3437 5295 3647 5364 δικαίῳ

2060 5399 2278 5465 τούτῳ·
2326 5395 2530 5450 πολλὰ
2566 5392 2676 5463 γὰρ
2705 5393 2931 5447 ἔπαθον
2963 5390 3091 5445 κατ’
3137 5389 3283 5458 ὄναρ
3317 5388 3393 5442 δι’
3433 5389 3640 5443 αὐτόν.

2060 5480 2294 5544 Τότεκτδ
2338 5485 2530 5550 σκότος
2571 5483 2675 5556 τὴν
2705 5482 3035 5554 οἰκουμένην
3072 5479 3458 5550 κατελάμϐανε
3485 5520 3501 5546 ,
3551 5479 3646 5532 καί⁸

2063 5584 2158 5648 νὺξ
2206 5583 2264 5635 ἐν
2313 5580 2499 5652 ἡμέρα
2542 5578 2682 5652 μέσῃ
2713 5577 2994 5648 ἐφαίνετο·
3043 5574 3165 5628 τότε
3193 5575 3224 5627 6
3253 5573 3482 5636 θάνατος
3515 5572 3643 5642 ἐτή-

2068 5690 2212 5741 κετο,
2242 5673 2334 5730 καὶ
2380 5674 2414 5745 ή
2448 5671 2700 5744 τυραννὶς
2720 5668 2904 5733 ,αὐτοῦ
2936 5665 3257 5729 κατελύετο·
3313 5663 3483 5724 πολλά
