4010 6342
254 280 330 337 εδ
902 271 967 336 ΙΝ
1005 278 1231 345 ILLUD,
1274 277 1522 346 PATER,
1562 280 1625 338 SI
1661 278 2007 338 POSSIBIIJC
2046 282 2193 349 EST,
2235 284 2622 353 TRANSBAT,
2666 291 2817 348 ETC.
3482 300 3585 352 33"

251 416 348 468 ψη
369 397 719 460 dormierunt,
748 406 1115 452 surrexerunt.
1142 395 1267 451 litec
1294 396 1422 451 olim
1444 396 1737 466 praedicens
1760 412 1851 465 pa-

258 490 514 552 triarcha,
537 497 595 543 et
626 488 917 544 ostendens
960 488 1107 543 illum
1140 490 1300 543 etiam
1321 488 1639 545 cruciﬁxum
1669 488 1852 543 formi-

250 580 491 636 dabilem
521 581 654 642 fore,
682 579 931 634 dicebat:
972 579 1238 634 Hecubam
1268 581 1515 635 dormiisti
1537 592 1591 634 ut
1614 580 1692 634 leo
1713 596 1732 634 :
1754 595 1851 634 nec

253 672 424 736 dixit,
454 671 718 736 Dormit-3,
757 671 852 725 sed
882 670 1164 734 Dormiisti,
1215 682 1495 740 propterea
1538 671 1681 741 quod
1721 672 1846 726 illud

247 764 479 818 omnino
506 775 621 818 erat
646 763 904 818 luiturum.
936 764 1047 818 Mos
1064 764 1205 818 enim
1233 764 1318 818 hic
1338 775 1420 818 est
1443 765 1847 834 prephetarum,

250 864 311 908 ut
346 856 531 908 tnnltis
575 855 628 909 in
675 855 806 909 locis
841 866 1110 925 tamquam
1142 858 1409 925 przeterita
1438 856 1610 909 futura
1653 857 1846 926 prauli-

247 956 397 999 cant.
443 945 576 1000 Nam
619 947 1069 1016 quemadmodum
1114 947 1226 1000 ﬁeri
1255 948 1477 1017 nequit,
1511 958 1568 1000 ut
1595 965 1711 1017 quae
1738 948 1847 1018 jam

248 1048 570 1102 evenerunt,
613 1055 716 1094 non
761 1041 1011 1094 eveniant
1038 1057 1051 1091 :
1084 1040 1153 1094 ita
1177 1055 1347 1109 neque
1378 1048 1433 1093 ut
1461 1039 1562 1094 hoc
1590 1081 1603 1101 ,
1638 1042 1848 1095 tametsi

247 1127 488 1182 futurum
543 1138 646 1192 est,
701 1144 809 1183 non
846 1129 1076 1189 eveniat.
1121 1130 1409 1199 Propterea
1462 1132 1712 1185 nimirum
1755 1148 1848 1201 per

245 1222 491 1291 speciem
521 1224 776 1291 temporis
816 1222 922 1292 jam
957 1224 1208 1291 prmteriti
1244 1224 1439 1279 l'utura
1469 1227 1844 1294 ρι’ίῐειιυηιίειιιι,

246 1323 311 1371 ιιι
339 1313 443 1368 lue
464 1316 673 1369 ratione
696 1315 807 1369 lieri
839 1332 941 1369 non
971 1329 1127 1385 posse
1144 1316 1465 1385 signiﬁcent,
1493 1318 1622 1387 quin
1646 1320 1844 1372 exitum

247 1403 487 1458 habeant
512 1420 576 1460 ac
598 1420 819 1473 prorsus
838 1408 1108 1461 eveniant.
1138 1408 1227 1461 Sic
1248 1409 1407 1461 etiam
1439 1408 1605 1462 David
1630 1424 1843 1463 erucem

245 1496 540 1565 designans
568 1497 744 1552 aiebat
768 1513 785 1549 :
810 1496 1071 1551 Foderunt
1099 1514 1279 1551 manus
1294 1508 1513 1561 meas,et
1536 1498 1684 1567 pedes
1710 1515 1846 1553 meos

246 1589 427 1659 (Paul.
454 1589 543 1644 2i.
572 1590 685 1659 17).
709 1591 823 1644 Non
846 1591 998 1656 dixit,
1029 1591 1273 1657 Fodient,
1304 1590 1399 1645 sed
1431 1589 1711 1645 Fodernnt.
1740 1590 1843 1645 Di-

242 1692 639 1739 numeraverunt
682 1683 853 1735 omnia
879 1698 995 1735 ossa
1022 1699 1133 1736 mea
1161 1681 1267 1754 (Ib.
1297 1698 1346 1735 υ.
1379 1681 1493 1754 l8).
1522 1682 1632 1737 Nec
1669 1683 1841 1737 solum

245 1772 365 1826 lucc
412 1773 569 1837 dixit,
613 1774 708 1827 sed
747 1774 906 1828 etiam
932 1790 1016 1840 ea,
1046 1790 1164 1844 qua:
1188 1790 1218 1828 a
1250 1774 1505 1829 militibus
1531 1775 1664 1829 facta
1697 1784 1841 1830 sunt.

244 1861 541 1917 Diviserunt
567 1866 661 1918 sibi
701 1866 991 1919 uestimenta
1021 1883 1153 1931 mea,
1195 1875 1245 1921 et
1268 1884 1422 1937 super
1448 1878 1632 1921 vestem
1677 1884 1843 1921 meam

241 1956 495 2010 miserunt
533 1966 717 2010 sortem
757 1955 863 2028 (Ib.
890 1972 938 2010 υ.
986 1958 1097 2028 19).
1141 1957 1323 2028 Neque
1370 1957 1471 2011 hoc
1498 1958 1695 2025 solum,
1747 1957 1841 2013 sed

238 2046 413 2101 etiam
450 2047 593 2116 quod
644 2064 766 2103 eum
816 2047 940 2103 felle
991 2050 1257 2116 cibarunt,
1285 2058 1340 2104 et
1364 2060 1517 2104 aceto
1544 2061 1838 2119 putarunt:

239 2136 508 2195 Dederunt
550 2140 714 2203 enim,
765 2139 956 2210 inquit,
985 2141 1038 2192 in
1066 2157 1231 2194 escam
1271 2157 1435 2193 meam
1466 2141 1556 2212 fel,
1589 2149 1638 2194 et
1670 2142 1725 2194 in
1752 2140 1839 2195 siti

238 2247 356 2287 mea
398 2242 695 2300 putaverunt
735 2248 813 2285 nte
838 2243 977 2287 aceto
1017 2232 1186 2302 (Psal.
1212 2233 1302 2288 68.
1332 2234 1450 2306 22).
1477 2234 1629 2289 Alius
1656 2251 1841 2290 rursus

237 2336 367 2376 eum
418 2323 597 2376 lancea
626 2338 940 2393 percussum
986 2324 1055 2377 ab
1082 2325 1189 2379 illis
1220 2324 1382 2380 fuisse
1418 2335 1598 2379 narrat
1633 2344 1645 2378 :
1693 2326 1841 2381 Vide~

239 2414 365 2466 bunt
387 2414 550 2478 enim,
577 2415 766 2485 inquit,
790 2416 841 2468 in
854 2430 1006 2482 quem
1021 2418 1382 2485 transﬁxerunt
1405 2415 1586 2486 (Zaclt.
1614 2416 1698 2471 l2.
1724 2418 1838 2488 10).

236 2504 408 2560 Isaias
446 2514 623 2561 autem
675 2522 861 2562 rursus
899 2509 1056 2563 aliter
1078 2524 1291 2562 crucem
1341 2510 1702 2577 praenuntiatus
1752 2510 1836 2563 di-

235 2598 443 2655 cebat:
493 2598 641 2654 Sicut
685 2602 791 2654 ovis
827 2600 896 2653 ad
939 2602 1240 2655 occisionem
1293 2603 1473 2656 ductus
1501 2616 1591 2667 est,
1621 2612 1668 2655 et
1710 2604 1840 2656 sicut

235 2706 404 2759 agnus
460 2706 633 2743 coram
679 2692 912 2745 tondente
952 2709 1007 2746 se
1052 2701 1221 2747 mutus
1247 2733 1264 2758 ,
1315 2694 1387 2746 sic
1428 2710 1527 2747 non
1560 2696 1757 2763 aperuit
1781 2711 1839 2749 os

236 2796 412 2833 suum.
440 2780 509 2833 In
545 2782 831 2836 humilitate
865 2786 973 2854 ejus
1007 2784 1262 2855 judicium
1290 2786 1448 2853 ipsius
1477 2786 1732 2841 sublatum
1762 2797 1838 2842 est

235 2871 394 2939 (150i.
422 2874 512 2929 55.
544 2875 594 2927 '7.
619 2874 698 2944 8).

310 2966 367 3020 2.
411 2966 630 3021 Mortem
675 2967 902 3022 Christus
932 2968 1098 3023 subire
1139 2986 1240 3022 non
1280 2971 1543 3023 recusavit.
1575 2968 1837 3023 Mirabilia

232 3061 401 3120 crucis
438 3077 617 3129 opera.
669 3090 743 3101 --—
775 3061 855 3114 Tu
906 3077 1033 3116 vero
1078 3062 1207 3115 milii
1240 3062 1487 3126 observa,
1515 3079 1623 3133 quo
1674 3072 1828 3132 pacto

232 3154 603 3222 unusquisque
649 3154 871 3207 istorum
925 3162 1196 3224 tamquam
1230 3156 1298 3209 de
1337 3155 1498 3210 rebus
1544 3155 1829 3224 prmeritis

234 3248 402 3301 verba
448 3245 629 3309 faciat,
673 3259 730 3302 ut
763 3265 826 3303 ea
872 3249 1030 3318 plane
1054 3248 1269 3314 futura,
1310 3257 1365 3303 et
1404 3250 1521 3304 sine
1550 3249 1822 3304 contradi-

231 3340 415 3392 ctione
440 3351 695 3393 eventura
726 3356 819 3408 per
842 3339 945 3399 hoc
973 3351 1184 3410 tempus
1218 3343 1483 3399 ostendat.
1515 3342 1589 3395 lla
1613 3358 1827 3412 quoque

232 3428 403 3482 David
459 3429 561 3483 hoc
600 3429 855 3498 judicium
896 3431 1207 3486 describens
1244 3432 1463 3486 aiebat:
1500 3433 1669 3498 Quare
1719 3434 1829 3503 fre-

229 3532 469 3583 muerunt
497 3533 665 3592 gentes
683 3563 699 3585 ,
729 3532 776 3575 et
803 3524 980 3593 populi
1010 3524 1237 3577 meditati
1259 3533 1375 3577 sunt
1405 3525 1580 3577 inania
1602 3526 1627 3578 ?
1653 3525 1829 3578 Adsti-

229 3624 400 3671 terunt
436 3631 579 3685 reges
622 3626 787 3681 terr-te,
819 3627 866 3668 et
907 3616 1160 3686 principes
1209 3630 1544 3674 convenerunt
1579 3619 1632 3673 in
1661 3635 1821 3673 unum

227 3707 471 3760 adversus
523 3706 817 3773 Dominum,
849 3718 893 3762 et
936 3708 1176 3763 adversus
1206 3708 1462 3764 Christum
1507 3711 1618 3783 ejus
1648 3710 1823 3782 (Psal.

227 3798 284 3857 ει
315 3800 364 3853 l.
395 3798 476 3872 2).
528 3798 712 3869 Neque
758 3815 886 3854 vero
914 3800 1171 3867 judicium
1225 3809 1429 3859 tantum
1471 3810 1527 3856 et
1576 3818 1819 3870 crucem,

227 3910 458 3964 qumque
490 3894 540 3947 in
561 3910 720 3951 cruce
755 3896 1114 3964 contigerunt,
1142 3906 1549 3962 commemorat,
1579 3897 1674 3952 sed
1702 3913 1823 3950 cum

228 4000 443 4064 quoque
466 3984 560 4055 qui
588 3984 806 4046 tradidit
834 4026 853 4050 ,
875 3986 1016 4055 quod
1048 3988 1299 4041 nimirum
1324 3989 1740 4054 contubernalis,
1773 3998 1827 4043 ct

228 4076 475 4146 ejusdem
507 4078 771 4146 particeps
794 4094 996 4134 mensa:
1021 4081 1196 4141 fuerit.
1228 4081 1328 4147 Qui
1355 4081 1497 4136 enim
1529 4081 1703 4135 edebat
1733 4100 1826 4152 pa-

228 4188 319 4225 nes
342 4188 503 4236 meos,
530 4172 872 4240 magni/ienuit
896 4189 1050 4242 super
1074 4173 1626 4243 mesupplantationem
1646 4174 1820 4246 (Psal.

227 4264 319 4319 40.
367 4264 482 4335 10).
516 4263 713 4319 Vocem
749 4280 964 4334 quoque
1005 4266 1084 4319 sic
1118 4265 1291 4331 cll‘ert,
1322 4283 1479 4337 quam
1526 4268 1826 4322 emissurus

227 4364 344 4410 erat
387 4356 442 4411 in
482 4371 685 4411 cruce:
728 4356 888 4419 Deus,
939 4356 1076 4411 Deus
1124 4374 1284 4425 meus,
1315 4375 1479 4426 quare.
1511 4376 1589 4413 me
1638 4360 1823 4413 (tereti.

227 4448 380 4520 quisti
399 4447 579 4518 (Psal.
605 4448 701 4509 2i.
720 4449 778 4520 2)
805 4449 836 4503 Ἰν
872 4449 1006 4503 Tum
1035 4451 1336 4517 sepulcrum
1365 4465 1547 4507 rursus
1580 4470 1599 4515 εκ
1630 4451 1825 4505 Posue-

227 4552 345 4596 runt
376 4558 461 4595 me
484 4542 538 4595 in
565 4542 682 4595 lacu
720 4544 919 4611 inﬁmo,
951 4544 1005 4596 in
1035 4543 1306 4596 tenebrosis
1326 4553 1373 4597 et
1399 4545 1451 4597 in
1477 4546 1654 4598 umbra
1687 4562 1822 4599 mors

228 4635 291 4687 tis
339 4632 516 4702 (Psal.
575 4633 665 4691 87.
717 4633 793 4703 6).
837 4635 903 4689 Et
944 4636 1388 4689 resurrectionem
1440 4657 1453 4691 :
1505 4636 1627 4690 Non
1678 4638 1819 4692 enim

227 4726 547 4793 derelinques
571 4727 794 4781 animum
830 4745 990 4781 nteant
1015 4730 1069 4781 in
1099 4729 1320 4797 inferno,
1348 4746 1505 4804 neque
1528 4731 1671 4785 dabis
1697 4748 1789 4784 san
1805 4762 1820 4772 -

224 4831 364 4876 ctum
411 4831 567 4874 tuum
602 4820 769 4879 uidere
808 4823 1181 4891 corruptionem
1230 4820 1249 4893 ί
1280 4821 1423 4874 Psal.
1456 4824 1541 4878 lii.
1574 4824 1646 4879 l0.
1670 4823 1711 4895 ).
1759 4825 1824 4879 Et

224 4914 599 4968 ascensionem
626 4914 895 4973 :Ascendit
917 4914 1053 4974 Deus
1084 4918 1136 4968 in
1154 4915 1473 4985 jubilatione,
1498 4915 1743 4970 Dominus
1768 4919 1822 4970 in

223 5022 341 5065 rore
372 5008 513 5071 tubae
534 5004 707 5076 (Psal.
743 5006 833 5060 46.
859 5006 939 5075 6).
985 5006 1112 5061 Item
1152 5008 1335 5061 sedem
1357 5022 1386 5058 a
1415 5007 1652 5061 dextris:
1678 5008 1821 5062 Ducit

228 5096 489 5161 Dominus
514 5096 730 5150 Domino
760 5115 889 5162 meo,
921 5097 1055 5152 Sede
1083 5115 1116 5151 a
1142 5099 1331 5152 dextris
1362 5100 1507 5163 meis,
1537 5098 1696 5152 donec
1724 5117 1819 5167 po-

224 5212 344 5247 nam
373 5193 609 5260 inimicos
629 5203 741 5257 tuos
761 5193 1033 5247 scabellum
1058 5192 1240 5262 pedum
1272 5203 1473 5246 tuorum
1493 5191 1662 5263 (Psal.
1695 5194 1816 5251 109.

228 5287 303 5353 l).
360 5283 526 5338 Isaias
562 5299 689 5338 vero
744 5300 958 5338 causam
1015 5285 1173 5338 etiam
1227 5285 1491 5351 expressit
1567 5284 1751 5338 dicens
1803 5302 1815 5337 :

228 5379 490 5444 Quoniam
516 5377 581 5430 ab
605 5376 950 5446 iniquitatibus
979 5377 1155 5445 papuli
1184 5378 1281 5429 mei
1301 5377 1483 5429 ductus
1509 5387 1580 5430 est
1597 5377 1663 5430 ad
1679 5393 1816 5429 mor-

225 5484 326 5533 tem
352 5471 370 5539 l
399 5468 530 5526 lsai.
561 5469 643 5524 55
671 5469 705 5523 8
723 5467 765 5535 ),
793 5478 848 5521 et
874 5469 1033 5536 quod,
1070 5469 1323 5535 Quoniam
1356 5484 1526 5522 omnes
1551 5470 1679 5522 sicut
1705 5486 1818 5522 oves

222 5571 542 5627 erraverunt,
590 5560 781 5619 idcirco
823 5569 1075 5613 mactatur
1104 5559 1268 5630 (Ibid.
1296 5573 1343 5614 tt.
1376 5558 1431 5618 6.
1463 5557 1541 5632 7).
1569 5559 1704 5613 Tum
1725 5561 1818 5615 ad-

225 5643 368 5713 jicit,
392 5646 515 5710 quid
546 5659 608 5694 ex
646 5657 713 5695 eo
738 5644 859 5695 boni
883 5653 1270 5712 etmsequutum
1296 5645 1385 5706 sit,
1408 5645 1613 5706 dicens,
1646 5640 1824 5695 Livore

230 5732 647 5801 ejusmmnes
675 5743 840 5788 sanati
864 5734 1077 5805 suntutl
1103 5731 1184 5789 Ib.
1211 5752 1256 5790 ιν.
1287 5736 1359 5807 5)
1384 5775 1399 5802 ,
1428 5746 1480 5791 et
1501 5734 1658 5807 quod,
1690 5732 1821 5805 lfac-

1962 410 2074 451 cota
2101 399 2375 455 multarunt
2416 406 2528 458 tulit
2564 409 2585 477 (
2602 404 2729 462 lsai.
2759 408 2847 464 53.
2881 409 2945 465 l2
2968 410 3013 482 ).
3046 413 3253 483 Ergone
3285 419 3556 483 propheta

1959 493 2172 561 quidem
2190 510 2401 550 crucem
2421 510 2753 561 noverant,et
2768 502 2942 559 crucis
2957 518 3529 582 causam,qu:equepro
3548 543 3554 554 -

1960 591 2078 650 pter
2088 599 2299 640 crucem
2318 589 2593 644 commoda
2611 591 2960 660 obvenerunt,
2980 604 3033 650 et
3049 600 3371 667 sepulcrum,
3391 612 3445 657 et
3464 618 3553 659 re-

1957 677 2364 743 surrectionem,
2392 688 2446 733 et
2470 683 2861 749 ascensionem,
2900 696 2952 740 et
2981 688 3357 756 proditionem.
3387 702 3441 749 et
3465 696 3551 763 ju-

1956 763 2173 831 dicium,
2205 778 2259 823 et
2287 771 2462 823 omnia
2490 784 2677 828 exacte
2700 773 3098 845 descripserunt
3131 801 3144 836 :
3174 783 3263 851 qui
3302 798 3428 837 vero
3447 787 3548 838 mi-

1956 856 2024 909 sit
2046 872 2161 921 eos,
2203 868 2258 913 et
2286 859 2401 914 haec
2433 863 2536 917 illis
2570 863 2791 919 dicenda
2823 867 3115 936 mandavit,
3156 874 3267 941 ipse
3298 874 3550 943 ignorat?

1955 946 2085 1012 Quis
2119 964 2369 1020 umquam
2402 954 2635 1021 prudens
2667 955 2766 1010 hoc
2810 956 3005 1013 dixerit
3032 959 3057 1013 ?
3086 961 3243 1017 Vides
3275 981 3377 1018 non
3420 982 3542 1023 esse

1957 1038 2116 1093 verba
2142 1050 2343 1094 tantum
2364 1050 2564 1098 temere
2581 1047 2868 1113 spectanda
2893 1048 2916 1102 ?
2942 1066 3046 1103 tum
3071 1053 3212 1106 enim
3241 1053 3342 1109 huc
3368 1056 3543 1112 solum

1954 1315 2190 1381 possibile
2212 1326 2304 1381 est,
2348 1327 2570 1373 lrattseut
2594 1339 2625 1373 a
2652 1339 2733 1376 me
2751 1325 2887 1379 calix
2909 1326 3020 1380 iste.
3050 1327 3166 1382 Non
3198 1330 3342 1385 enim
3368 1332 3553 1391 solum

1953 1403 2226 1472 ignorasse
2270 1410 2583 1477 reperietur,
2628 1413 2721 1467 Sed
2769 1417 2928 1470 etiam
2973 1433 3189 1473 crucem
3236 1437 3538 1479 recusasse.

1953 1494 2078 1553 llznc
2105 1512 2336 1568 namque
2361 1502 2645 1557 verborum
2674 1506 2897 1561 istorum
2924 1519 3005 1562 est
3038 1512 3299 1567 sententia
3331 1531 3344 1567 :
3380 1514 3436 1569 Si
3466 1515 3533 1569 li-

1950 1596 2057 1653 cet,
2080 1589 2271 1659 inquit,
2301 1606 2369 1646 ne
2408 1594 2627 1649 subeam
2656 1611 2892 1664 crucem,
2926 1616 3062 1657 neve
3103 1603 3430 1663 interliciar:
3466 1617 3545 1661 ta-

1950 1681 2103 1735 metsi
2128 1681 2341 1737 Petrum
2371 1687 2735 1754 apostolorum
2774 1691 3067 1761 principem
3100 1693 3203 1749 hoc
3234 1696 3330 1765 ipsi
3354 1697 3541 1753 dicen-

1950 1779 2078 1833 tem,
2112 1771 2378 1842 PrOpitius
2426 1778 2515 1830 tibi
2553 1788 2678 1844 esto,
2719 1778 2938 1836 Domine
2969 1800 2989 1837 :
3026 1801 3127 1839 non
3174 1788 3266 1840 erit
3296 1789 3385 1842 tibi
3424 1790 3537 1856 hoc,

1946 1860 2084 1917 adeo
2108 1863 2454 1921 vehementer
2500 1868 2809 1939 increpavit,
2845 1881 2901 1926 ut
2943 1873 3147 1931 diceret
3178 1893 3193 1931 :
3244 1877 3384 1934 Vade
3422 1893 3535 1952 post

1947 1970 2047 2020 me,
2078 1965 2258 2011 satana
2289 2000 2304 2024 ,
2332 1960 2632 2014 scandalum
2663 1964 2785 2018 mihi
2813 1983 2865 2020 es
2909 1982 2930 2021 .'
2967 1969 3087 2036 quia
3127 1987 3228 2024 non
3269 1974 3409 2042 sapis
3452 1993 3535 2042 ea,

1945 2061 2059 2115 qum
2084 2045 2183 2100 Dei
2218 2059 2336 2104 sunt
2360 2093 2375 2116 ,
2418 2052 2508 2105 sed
2534 2070 2593 2107 ea
2630 2071 2746 2123 qua:
2789 2059 3051 2113 hominum
3079 2060 3294 2129 (Matth.
3328 2066 3413 2121 l6.
3445 2066 3537 2123 22.

1944 2137 2059 2209 25):
2087 2139 2245 2209 idque
2274 2157 2394 2197 cum
2427 2144 2638 2200 beatum
2664 2149 2809 2204 illum
2839 2152 2995 2220 paulo
3015 2164 3138 2209 ante
3164 2158 3533 2225 praedicasset.

1946 2227 2144 2285 Verum
2178 2233 2315 2288 adeo
2345 2235 2625 2292 videbatur
2650 2240 2941 2297 absurdum
2982 2260 3108 2300 esse
3134 2262 3239 2301 non
3265 2250 3527 2322 cruciﬁgi,

1946 2330 2003 2373 ut
2045 2322 2210 2389 illum,
2244 2327 2332 2396 qui
2385 2342 2415 2380 a
2468 2328 2625 2385 Patre
2665 2333 3047 2390 revelationem
3097 2352 3398 2409 acceperat,
3447 2344 3539 2414 qui

1945 2412 2132 2468 beatus
2153 2417 2326 2476 dictus
2351 2418 2541 2484 fuerat,
2573 2426 2656 2478 cui
2689 2426 2942 2480 crelorum
2969 2430 3151 2485 claves
3185 2432 3391 2488 tradita:
3423 2412 3541 2491 ideo

1943 2517 2084 2572 rant,
2117 2524 2362 2565 satanam
2388 2516 2705 2584 appellaret,
2728 2528 2782 2575 et
2808 2522 3143 2589 scandalum,
3172 2540 3234 2580 ac
3267 2538 3533 2599 tamquam

1943 2612 2004 2651 ea
2037 2614 2156 2668 qua:
2187 2602 2276 2656 Dei
2306 2613 2449 2664 sunt.
2495 2608 2714 2664 minime
2743 2612 3037 2680 sapientem
3082 2630 3377 2685 accusaret,
3412 2636 3538 2691 pro-

1942 2698 2123 2757 pterea
2145 2693 2285 2762 quod
2315 2695 2543 2763 dixerat,
2576 2698 2839 2770 Propitius
2865 2705 2953 2757 tibi
2980 2716 3106 2777 esto,
3140 2707 3355 2764 Domine
3383 2727 3403 2765 :
3434 2729 3534 2770 non

1944 2782 2037 2835 erit
2064 2784 2152 2837 tibi
2179 2785 2293 2853 hoc,
2324 2798 2383 2842 ιιι
2408 2790 2758 2861 cruciﬁgaris.
2784 2794 2923 2864 Ergo
2950 2798 3038 2866 qui
3060 2798 3380 2869 discipulum
3404 2819 3535 2859 con-

1941 2877 2174 2931 tumeliis
2211 2879 2408 2945 all'ecit,
2456 2881 2698 2951 adeoque
2741 2890 2979 2955 graviter
3004 2890 3056 2942 in
3097 2891 3246 2945 illum
3291 2893 3533 2951 invectus

1939 2976 2044 3033 est,
2078 2979 2135 3023 ut
2160 2980 2214 3024 et
2238 2982 2478 3026 satanam
2508 2986 2629 3044 post
2660 2984 2834 3032 tantas
2863 2980 3047 3036 laudes
3073 2983 3389 3052 appellaret,
3408 2988 3532 3057 quia

1937 3060 2164 3127 dixerat,
2197 3062 2274 3118 Ne
2302 3066 2630 3137 cruciﬁgaris
2662 3087 2676 3123 :
2704 3085 2808 3138 quo
2838 3081 2993 3141 pacto
3018 3074 3232 3130 nolebat
3261 3077 3373 3145 ipse
3393 3094 3525 3133 cru-

1937 3154 2075 3224 ciligi
2099 3156 2121 3209 ?
2146 3155 2429 3222 Quomodo
2455 3176 2584 3214 vero
2623 3173 2807 3231 postea
2851 3164 2974 3220 boni
3010 3169 3205 3234 pastori
3236 3169 3529 3243 depingens

1938 3244 2222 3314 imaginem
2247 3289 2262 3310 ,
2293 3248 2394 3303 hoc
2436 3252 2702 3321 przeeipue
2743 3258 2950 3309 virtutis
2978 3257 3094 3327 ejus
3125 3259 3375 3317 indicium
3407 3278 3528 3320 esse

1935 3335 2088 3401 dixit,
2109 3348 2168 3392 ut
2192 3354 2287 3407 pro
2306 3341 2419 3395 suis
2439 3343 2628 3397 ovibus
2642 3345 2933 3401 occidatur.
2956 3348 3023 3404 ita
3039 3350 3224 3405 dicens
3247 3370 3258 3403 :
3284 3351 3393 3423 Ego
3416 3370 3531 3408 sum

1935 3440 2110 3496 pastor
2137 3432 2294 3484 bonus
2321 3451 2341 3486 :
2389 3432 2551 3487 bonus
2599 3446 2774 3505 pastor
2820 3444 3044 3492 animum
3092 3459 3238 3495 suam
3271 3445 3411 3515 ponit
3436 3462 3531 3517 pro

1934 3522 2109 3577 ovibus
2150 3523 2329 3594 (Joan.
2364 3527 2449 3580 l0.
2483 3528 2602 3598 ll)?
2642 3528 2826 3599 Neque
2854 3547 2982 3585 vero
3014 3532 3101 3587 ltie
3146 3535 3400 3602 substitit,
3434 3538 3530 3593 sed

1933 3616 2126 3686 adjecit
2151 3634 2163 3670 :
2197 3617 2542 3674 Mercenarius
2571 3632 2764 3688 autem,
2791 3633 2838 3676 et
2868 3626 2953 3694 qui
2978 3641 3078 3679 non
3106 3636 3180 3679 est
3218 3638 3412 3697 pastor,
3447 3630 3529 3683 υἰ-

1934 3709 2015 3763 det
2040 3710 2219 3779 lupum
2246 3712 2521 3765 venientem
2548 3754 2561 3775 ,
2591 3722 2636 3766 et
2667 3714 2872 3768 dimittit
2903 3733 3018 3770 oves
3040 3757 3054 3783 ,
3098 3727 3145 3770 et
3169 3720 3300 3788 fugit
3330 3718 3434 3791 (Ib.
3476 3737 3526 3782 tv.

1933 3802 2045 3874 l2).
2079 3803 2133 3859 Si
2159 3819 2290 3874 ergo
2313 3804 2436 3858 boni
2467 3807 2695 3874 pastoris
2725 3816 2807 3861 est
2832 3808 3025 3873 occidi,
3062 3812 3378 3865 mercenarii
3402 3828 3537 3879 vero,

1932 3896 2073 3950 nolle
2115 3895 2216 3949 hoc
2264 3897 2394 3965 pati,
2444 3898 2715 3967 quomodo
2760 3899 2870 3963 ille,
2914 3900 3001 3969 qui
3035 3915 3094 3955 se
3124 3901 3318 3955 bomnn
3350 3912 3538 3972 pastor.

1931 4001 2043 4039 rem
2093 3987 2389 4055 proﬁtetur,
2439 3988 2610 4042 occidi
2641 3990 2894 4043 recusat?
2938 3991 3207 4060 quomodo
3233 4004 3412 4048 autem
3443 3994 3526 4056 di,-

1929 4078 2103 4141 cebat,
2136 4077 2246 4149 Ego
2277 4095 2409 4149 pono
2435 4081 2659 4133 animam
2681 4097 2843 4134 meum
2868 4099 2900 4135 a
2939 4099 3018 4135 me
3048 4084 3159 4150 ipso
3191 4082 3295 4156 (Ib.
3332 4101 3377 4138 υ.
3408 4086 3541 4157 18)?.

1929 4169 2061 4224 Nam
2086 4174 2129 4224 si
2158 4186 2188 4224 a
2221 4172 2392 4240 teipso
2437 4172 2625 4240 ponis,
2659 4172 2748 4241 qui
2782 4172 2870 4238 ﬁt,
2902 4183 2960 4227 ut
2985 4173 3212 4228 alterum
3245 4190 3423 4245 roges,
3460 4192 3527 4232 ne

1931 4264 2135 4333 ponas?
2160 4263 2431 4333 quomodo
2454 4263 2578 4317 item
2610 4263 2708 4316 bac
2735 4266 3023 4319 occasione
3052 4266 3230 4320 laudat
3251 4282 3371 4322 eum
3396 4268 3528 4322 Pau-

1929 4356 2027 4418 lus,
2062 4358 2111 4409 in
2140 4355 2257 4409 lure
2275 4357 2432 4410 verba
2459 4377 2471 4407 :
2498 4356 2597 4422 Qui
2622 4374 2733 4409 cum
2756 4358 2808 4410 in
2837 4362 3002 4427 forma
3024 4356 3123 4410 Dci
3143 4369 3291 4422 esset,
3316 4377 3415 4413 non
3438 4378 3527 4412 ru-

1931 4449 2103 4517 pinam
2132 4448 2411 4501 arbitratus
2443 4458 2513 4501 est
2557 4465 2662 4501 esse
2686 4466 2741 4501 se
2770 4449 3016 4518 (aqualem
3049 4449 3154 4503 Deo
3178 4491 3194 4516 ,
3224 4453 3312 4503 sed
3340 4454 3529 4505 exitur-

1928 4541 2047 4593 nivit
2073 4542 2393 4615 semetipsum
2415 4546 2632 4610 formam
2649 4544 2778 4595 servi
2795 4543 3071 4613 arripiens,
3103 4544 3155 4597 in
3184 4544 3534 4598 similitudine.

1928 4634 2188 4688 hominum
2216 4640 2402 4705 factus,
2427 4646 2473 4687 et
2523 4634 2695 4689 habitu
2725 4637 2955 4690 inventus
2985 4648 3037 4688 ut
3069 4637 3241 4701 homo,
3278 4637 3522 4690 humilia-

1926 4728 1992 4780 vit
2020 4728 2341 4797 semetipsum
2385 4729 2551 4796 factus
2588 4726 2823 4779 obedicns
2846 4743 3002 4795 usque
3034 4727 3102 4779 ad
3127 4737 3355 4785 mortem.
3387 4744 3522 4780 mor-

1927 4827 2025 4869 tem
2067 4828 2232 4873 autem
2260 4818 2422 4871 crucis
2450 4816 2702 4887 (Philipp.
2734 4816 2787 4869 2.
2818 4817 2850 4871 6
2874 4847 2896 4857 -
2930 4818 3017 4886 8)?
3043 4816 3157 4885 ipse
3184 4832 3309 4870 veru
3339 4833 3536 4888 rursug

1926 4910 2005 4963 sic
2029 4908 2158 4964 dicit
2186 4925 2198 4938 '
2234 4907 2515 4975 Promerea
2564 4925 2641 4961 me
2688 4909 2855 4977 diligit
2890 4906 3043 4963 Pater
3065 4949 3079 4969 ,
3118 4909 3236 4977 quia
3265 4925 3358 4978 ego
3386 4926 3533 4978 pono,

1925 5004 2148 5054 animam
2200 5018 2382 5065 meum,
2412 5012 2465 5054 ut
2491 5003 2669 5054 iterum
2699 5017 2894 5053 sumam
2922 5016 3032 5054 eam
3063 4999 3241 5070 (Joan.
3286 5002 3376 5056 10.
3407 5001 3514 5070 l7)-

1925 5096 1979 5149 Si
2003 5095 2143 5148 enim
2195 5110 2299 5147 non
2328 5093 2460 5157 \ult,
2495 5092 2594 5151 sed
2620 5100 2848 5151 recusm.
2878 5102 2932 5144 et
2968 5091 3179 5147 Patren:
3206 5101 3343 5159 orat,
3372 5108 3523 5162 quo...

1927 5186 2087 5239 modo
2142 5194 2420 5254 propterea
2467 5182 2700 5252 diligitur
2737 5197 2765 5235 a
2793 5182 2993 5236 Patre?
3036 5182 3241 5236 Caritas
3267 5184 3408 5237 enitn
3431 5194 3514 5237 est

1925 5292 2134 5341 eorum,
2178 5292 2297 5346 qua:
2327 5291 2392 5328 ex
2419 5273 2582 5327 animi
2626 5274 2890 5326 sententia
2934 5273 3086 5326 ﬁunt.
3120 5272 3398 5339 Quomodo
3423 5290 3525 5327 au-_

1927 5380 2033 5425 tem
2066 5384 2249 5423 rursus
2266 5369 2338 5421 ait
2368 5367 2561 5421 Paulus
2587 5382 2601 5419 :
2627 5363 2838 5436 Diligite
2867 5366 3100 5431 invicem,
3129 5367 3255 5418 sicut
3276 5376 3323 5419 et
3371 5366 3535 5427 Clario,

1931 5478 2038 5517 stus
2065 5463 2242 5516 dilexit
2264 5478 2374 5525 nos,
2405 5473 2450 5514 et
2477 5460 2685 5514 tradidit
2708 5460 3030 5531 semetipsum
3062 5476 3154 5529 pro
3184 5460 3324 5513 nobis
3350 5456 3514 5528 (Eph.

1927 5557 1978 5610 5.
2010 5555 2096 5623 2)?
2120 5554 2367 5608 Clu-istas
2394 5552 2506 5622 ipse
2536 5566 2741 5616 rursus,
2769 5567 2891 5606 cum
2922 5561 3066 5605 esset
3091 5551 3511 5621 cruciﬁgondm,

1925 5646 2170 5709 dicebat,
2218 5642 2416 5703 Pater,
2465 5643 2597 5695 venit
2640 5642 2808 5707 hora;
2850 5641 3083 5713 gloriﬁra
3127 5639 3323 5694 Filium
3368 5644 3519 5693 tuum

1929 5737 2111 5825 (toan.
2144 5740 2227 5795 l7.
2261 5738 2311 5808 l)
2340 5756 2353 5791 :
2384 5736 2608 5819 gloriam
2644 5749 2843 5799 vocans
2893 5748 3127 5801 crucmu.
3162 5732 3229 5791 Et
3247 5739 3532 5815 quonion
