4010 6342
415 301 488 357 3'5
1164 297 1220 352 S.
1261 292 1540 352 JOANNIS
1576 283 2054 348 CHRYSOSTOMI
2093 282 2408 341 ARCHIL'P.
2450 281 2982 340 CONSTANTINOP‘.
3643 294 3720 346 5t;

421 417 508 471 hic
547 423 778 476 recusat,
808 412 916 469 illic
951 411 1144 483 urget?
1175 410 1412 466 Cloriam
1442 408 1586 464 enim
1615 420 1737 461 esse
1765 416 2006 466 crucem,

419 509 541 564 andi
579 508 849 578 quomodo
877 518 1100 562 testetur
1122 503 1468 574 evangelista,
1501 501 1684 556 dicens
1717 515 1730 554 :
1765 498 2012 552 Nondum

421 599 555 652 enim
594 608 700 651 erat
741 599 890 651 datus
920 597 1146 668 Spiritus
1197 605 1400 650 sanctus
1419 633 1436 658 ,
1466 593 1583 662 quia
1609 590 1761 645 Iesus
1787 589 2010 644 nondum

422 699 528 742 erat
557 689 874 760 glori/icatus
904 687 923 760 (
957 687 1042 741 Id.
1075 689 1128 742 7.
1179 687 1248 743 39
1277 685 1318 756 ).
1366 685 1567 739 [lorum
1613 693 1790 738 autem
1821 681 2014 736 verbo-

427 795 546 833 rum
605 779 719 832 ha-c
767 788 850 833 est
894 779 1159 834 sententia
1193 793 1212 831 :
1239 776 1483 831 Nondum
1526 783 1643 830 erat
1671 773 1791 828 data
1818 772 2009 842 gratia,

421 872 543 942 quia
570 871 805 926 nendum
829 871 1138 925 restinctum
1155 880 1263 925 eral
1283 871 1378 924 Dei
1399 885 1520 938 erga
1545 868 1788 922 homines
1807 866 2008 929 odium;

423 961 567 1032 quod
599 963 834 1016 nondum
863 961 1110 1016 Christus
1138 961 1206 1015 ad
1227 975 1440 1015 crucem
1474 960 1842 1027 processisset.
1866 957 2010 1010 Crux

423 1055 567 1109 enim
599 1055 689 1108 Dei
714 1053 766 1108 in
791 1053 1035 1109 homines
1065 1053 1248 1107 odium
1269 1052 1534 1115 restinxit,
1574 1051 1738 1105 Deum
1769 1065 1890 1103 cum
1910 1049 2011 1102 bo-

425 1145 661 1198 minibus
689 1145 1073 1208 reconciliavit,
1103 1153 1302 1199 terram
1325 1143 1513 1197 cadum
1541 1141 1739 1206 effecit,
1770 1140 2013 1195 homines

424 1252 549 1290 cum
579 1236 780 1304 angelis
810 1236 1042 1300 miscuit,
1075 1235 1265 1289 mortis
1291 1251 1468 1289 arcem
1501 1234 1910 1288 munitissimam
1935 1233 2015 1286 di-

426 1328 555 1392 ruit,
589 1326 785 1381 diaboli
825 1326 968 1381 vires
1007 1326 1304 1391 enervavit,
1337 1327 1543 1395 peccati
1581 1325 1832 1378 virtutem
1864 1323 2013 1378 dele-

426 1419 524 1484 vit,
567 1426 764 1472 terram
810 1418 878 1472 ab
921 1433 1104 1473 errore
1149 1418 1413 1480 liberavit,
1449 1418 1730 1472 veritatem
1775 1417 2011 1484 reduxit,

427 1510 699 1564 (temones
725 1511 946 1578 expulit,
980 1511 1174 1579 templa
1201 1509 1485 1572 destruxit,
1517 1510 1704 1563 altaria
1732 1510 2012 1576 subvertit,

429 1600 670 1655 nidorem
732 1600 946 1654 sustulit
998 1599 1424 1666 sacriﬁciorum,
1465 1601 1714 1656 virtutem
1769 1601 2013 1666 inseruit,

430 1689 699 1746 Ecclesias
727 1690 983 1745 fundavit.
1016 1690 1156 1746 Crux
1185 1691 1360 1746 Patris
1385 1692 1654 1755 voluntas,
1679 1691 1798 1746 Filii
1826 1693 2012 1762 gloria,

429 1781 659 1852 Spiritus
693 1781 860 1836 sancti
883 1783 1190 1847 exsultatio,
1227 1783 1380 1837 Pauli
1403 1783 1647 1853 gloriatio
1677 1800 1690 1836 :
1724 1782 1852 1837 Mihi
1873 1785 2016 1840 enim

428 1873 578 1938 absit,
612 1873 801 1942 inquit,
842 1873 1071 1943 gloriari,
1104 1875 1202 1928 nisi
1228 1874 1280 1928 in
1306 1891 1452 1928 cruce
1479 1874 1687 1928 Domini
1709 1879 1868 1930 nostri
1896 1878 2022 1934 Iesu

433 1957 622 2011 Christi
645 1956 788 2026 (Cal.
823 1957 876 2011 6.
912 1957 1024 2026 H).
1057 1956 1195 2012 Crux
1225 1960 1338 2013 sole
1355 1959 1570 2026 clarior,
1601 1961 1762 2016 radiis
1787 1963 2023 2030 splendi-

431 2047 553 2103 dior
580 2065 593 2101 :
621 2061 742 2101 cum
770 2047 912 2101 enim
940 2047 1027 2103 ille
1053 2047 1388 2113 obscuratur,
1415 2058 1523 2104 tum
1557 2051 1654 2105 ista
1679 2051 1842 2121 fulget
1871 2070 1886 2117 ;
1912 2064 2022 2108 tum

435 2155 566 2194 vero
608 2139 689 2194 sol
715 2139 1053 2204 obscuratur,
1083 2154 1189 2194 non
1223 2140 1365 2210 quod
1393 2158 1423 2196 e
1453 2141 1631 2196 medio
1657 2143 1892 2210 tollatur,
1929 2145 2024 2200 sed

435 2230 579 2301 quod
604 2231 778 2285 crucis
807 2230 1094 2299 splendore
1141 2242 1444 2301 superetur.
1469 2233 1611 2287 Crux
1638 2243 1881 2288 nostrum
1907 2234 2026 2288 chi-

438 2320 763 2392 rographum
805 2321 1078 2388 laceravit,
1111 2323 1297 2376 mortis
1325 2338 1597 2378 carcerem
1630 2325 1868 2379 inutilem
1907 2329 2029 2380 red-

441 2412 596 2476 didit,
623 2427 754 2465 crux
782 2412 974 2465 divina:
1009 2412 1246 2468 caritatis
1296 2414 1571 2469 indicium.
1605 2414 1696 2470 Sic
1719 2417 1852 2470 enim
1892 2416 2030 2471 Deus

442 2503 620 2556 dilexit
657 2502 923 2567 mundum,
953 2513 1007 2555 ut
1039 2501 1232 2557 Filium
1266 2520 1415 2558 suum
1440 2505 1754 2576 unigenitum
1779 2507 1942 2573 daret,
1975 2519 2032 2563 ut

443 2593 605 2646 omnis
633 2592 720 2663 qui
745 2593 902 2645 credit
930 2594 983 2646 in
1009 2593 1173 2663 ipsum
1199 2609 1301 2647 non
1330 2604 1497 2663 pereat
1529 2594 1710 2668 (Joan.
1735 2597 1788 2652 5.
1825 2598 1937 2668 16).
1969 2599 2033 2654 Et

444 2702 630 2741 rursus
660 2686 878 2754 Paulus,
915 2687 975 2742 Si
1005 2687 1157 2751 enim,
1189 2705 1307 2741 cum
1329 2688 1522 2743 inimici
1545 2706 1782 2755 essemus,
1806 2692 2034 2745 reconci-

446 2778 556 2831 liati
596 2795 770 2833 sumus
812 2778 922 2833 Deo
954 2796 1042 2848 per
1084 2791 1292 2834 mortem
1324 2779 1450 2836 Filii
1488 2784 1598 2853 ejus
1626 2782 1801 2854 (Rom.
1831 2786 1882 2841 5.
1916 2785 2030 2858 10).

443 2871 588 2926 Crux
627 2887 811 2926 murus
856 2872 1301 2942 ineXpugnabilis,
1328 2883 1536 2928 scutum
1569 2875 1841 2941 invictum,
1877 2891 2035 2932 secu-

446 2961 578 3015 ritas
604 2961 846 3026 divitum,
880 2977 1172 3032 pauperum
1198 2964 1491 3032 opulentia,
1523 2979 1706 3020 eorum
1737 2967 1928 3036 quibus
1953 2969 2036 3022 in-

445 3051 597 3106 sidize
625 3061 876 3121 parantur
900 3055 1377 3124 propugnaculum,
1403 3071 1612 3121 eorum,
1645 3058 1734 3128 qui
1767 3059 1912 3114 bello
1937 3075 2031 3113 ve-

450 3150 666 3208 xantur,
694 3151 986 3210 armatura,
1017 3144 1474 3212 perturbationum
1492 3146 1807 3214 destructio,
1827 3152 2038 3206 virtutis

449 3233 712 3300 l'undatio,
740 3235 950 3305 signmn
965 3235 1281 3292 admirabile
1311 3253 1374 3292 ac
1390 3239 1735 3310 stupendum.
1766 3239 2036 3297 Generatio

448 3326 595 3380 enim
621 3326 728 3380 hazc
751 3327 950 3397 signum
967 3329 1167 3399 quaerit,
1196 3339 1243 3382 et
1268 3330 1470 3400 signum
1497 3348 1598 3386 non
1624 3332 1827 3386 dabitur
1851 3335 1915 3400 ei,
1941 3336 2040 3390 nisi

449 3416 819 3487 signumJonce
843 3416 1057 3487 (Matth.
1088 3419 1174 3473 12.
1206 3421 1320 3491 59).
1352 3423 1591 3492 Itemque
1614 3424 1826 3490 Paulus,
1861 3427 2041 3493 Quan-

452 3507 722 3565 doquidem
740 3506 912 3562 Judtei
933 3509 1078 3580 signa
1105 3521 1301 3580 petunt,
1330 3523 1376 3566 et
1391 3512 1556 3567 Graeci
1578 3516 1879 3585 sapientiam
1899 3535 2040 3589 qua:-

453 3606 594 3664 runt,
639 3614 727 3651 nos
742 3608 912 3651 autem
951 3601 1289 3668 praedicamus
1328 3601 1587 3658 Christum
1629 3608 1935 3676 cruciﬁxum
1963 3610 2039 3682 (1.

453 3689 572 3744 Cor.
609 3691 662 3746 1.
696 3690 811 3760 22).
833 3691 973 3745 Crux
1007 3695 1311 3761 paradisum
1355 3702 1613 3752 reseravit
1644 3699 1744 3771 (a),
1777 3701 2036 3758 latronem

453 3781 768 3849 introduxit,
795 3798 964 3851 genus
993 3785 1302 3850 humanum,
1331 3791 1471 3858 quod
1500 3791 1792 3860 periturum
1817 3803 1951 3860 erat,
1979 3812 2044 3852 ac

455 3886 526 3926 ne
580 3881 717 3926 terra
764 3872 979 3942 quidem
1024 3873 1259 3945 dignum,
1288 3878 1341 3932 in
1391 3895 1612 3950 regnum
1651 3883 1904 3938 caelorum
1949 3886 2042 3940 de-

458 3964 630 4018 duxit.
661 3963 827 4019 Tanta
858 3964 1012 4022 nobis
1040 3966 1301 4023 beneﬁcio
1326 3973 1500 4026 crucis
1517 3973 1653 4027 bona
1684 3975 2040 4045 obvenerunt,

456 4064 512 4109 et
536 4055 842 4121 obveniunt,
870 4065 926 4112 et
950 4072 1055 4113 non
1077 4060 1186 4114 vult
1215 4062 1497 4134 crucifigi?
1526 4065 1658 4133 Quis
1689 4065 1812 4134 hoc,
1839 4085 2041 4138 quaeso,

457 4145 691 4199 dixerit?
739 4144 832 4200 Sin
861 4157 1038 4202 autem
1071 4151 1306 4220 nolebat,
1330 4153 1446 4222 quis
1479 4170 1602 4209 eum
1630 4158 1857 4227 cogebat
1879 4159 1903 4211 ?
1925 4161 2046 4228 quis

461 4237 512 4291 ei
539 4237 643 4291 vim
671 4237 970 4294 inferebat?
993 4240 1058 4296 Ut
1085 4243 1210 4312 quid
1225 4255 1402 4298 autem
1434 4254 1488 4300 et
1507 4247 1798 4318 prepbetas
1827 4254 2044 4321 prtemi-

458 4329 528 4382 sit
553 4330 931 4385 annuntiantes
957 4331 1089 4398 fore,
1123 4344 1178 4388 ut
1203 4337 1622 4407 crucifigeretur,
1651 4341 1696 4395 si
1725 4343 2045 4414 crucifigen-

459 4422 560 4477 dus
599 4437 704 4476 non
735 4431 872 4490 erat,
901 4439 1073 4495 neque
1099 4425 1202 4481 hoc
1229 4429 1333 4496 pati
1363 4429 1613 4485 volebat?
1641 4434 1842 4503 utquid
1870 4445 2045 4489 autem

459 4522 515 4568 et
539 4513 758 4568 calicem
785 4528 1000 4569 crucem
1032 4527 1205 4583 vocat,
1246 4519 1290 4573 si
1322 4521 1504 4590 utique
1525 4524 1762 4596 erucifigi
1792 4526 2047 4582 nolebat?

463 4605 568 4661 hoc
593 4605 738 4660 enim
769 4614 854 4660 est
881 4609 1214 4663 ostendentis
1232 4651 1246 4675 ,
1270 4624 1468 4680 quanto
1498 4613 1653 4681 hujus
1680 4618 1755 4670 rei
1783 4618 2049 4676 desiderio

463 4706 752 4752 teneretur.
777 4697 1240 4765 Quemadmodum
1279 4703 1421 4756 enim
1449 4704 1749 4761 sitientibus
1776 4709 1912 4764 calix
1928 4725 2050 4765 sua-

460 4791 543 4844 vis
577 4801 677 4855 est,
707 4792 784 4845 sic
813 4803 865 4847 et
896 4793 994 4862 ipsi
1024 4793 1260 4865 crueiligi
1287 4811 1302 4860 ;
1335 4812 1496 4866 quam
1523 4799 1592 4854 ob
1632 4816 1744 4856 rem
1777 4803 1934 4859 etiam
1966 4805 2049 4860 di-

463 4883 616 4936 cebat
636 4925 651 4948 ,
681 4880 945 4941 Desiderio
975 4885 1255 4940 desideravi
1280 4890 1373 4942 hoc
1413 4893 1598 4960 pascha
1627 4895 1934 4951 manducare
1959 4914 2051 4952 vo-

464 4971 652 5026 biscum
680 4974 830 5043 (Luc.
872 4977 960 5029 22.
996 4979 1123 5048 45):
1160 4995 1263 5032 non
1293 4981 1432 5049 quod
1463 4981 1564 5036 hoc
1598 4992 1799 5041 temere
1826 4987 2048 5056 diceret,

465 5063 559 5118 sed
585 5064 652 5118 ob
678 5064 816 5121 hanc
854 5084 1091 5139 causam,
1123 5087 1188 5126 eo
1211 5073 1350 5142 quod
1388 5083 1507 5143 post
1535 5091 1812 5146 vesperam
1853 5081 2055 5135 subitu-

468 5170 560 5209 l'US
579 5169 792 5209 crucem
820 5167 982 5212 esset.

537 5248 590 5301 3.
621 5247 805 5301 Contra
825 5249 1089 5306 Auomaeos
1107 5263 1152 5307 et
1173 5253 1386 5311 Arianos
1413 5257 1539 5328 agit.
1559 5256 1674 5313 Una
1698 5261 1926 5315 voluntas
1947 5259 2054 5314 Pa-

465 5337 556 5393 tris
581 5347 626 5390 et
656 5336 801 5391 Filii.
821 5338 1064 5395 Doctrina
1089 5343 1151 5397 de
1165 5342 1522 5402 Incarnatione
1546 5349 1752 5404 Christi.
1772 5382 1841 5392 —
1855 5353 1905 5407 Is
1928 5367 2056 5423 ergo

469 5431 560 5498 qui
584 5429 744 5484 etiam
771 5431 995 5501 gloriam
1029 5449 1140 5489 rem
1171 5435 1324 5492 istam
1348 5442 1617 5510 appellat,
1645 5453 1700 5498 et
1736 5443 2054 5514 discipulum

469 5531 713 5590 increpat
735 5564 750 5590 ,
774 5537 840 5578 eo
864 5525 1006 5594 quod
1033 5527 1204 5597 ipsum
1232 5531 1544 5601 prohibeat,
1575 5545 1629 5590 et
1657 5535 1851 5592 bonum
1880 5549 2058 5608 pasto-

473 5627 586 5669 rem
608 5629 674 5670 ex
705 5615 808 5671 hoc
832 5631 892 5673 se
919 5619 1187 5690 ostendit,
1214 5623 1356 5693 quod
1383 5642 1479 5696 pro
1497 5628 1685 5684 ovibus
1713 5631 1824 5687 suis
1847 5631 2058 5688 occida-

533 5723 608 5787 (a)
642 5725 725 5794 ilic
747 5725 880 5780 locus
902 5731 1076 5785 citatur
1098 5733 1147 5785 in
1165 5734 1372 5790 concilio
1394 5744 1539 5791 sexto
1560 5745 1877 5801 acumeuico.

2123 407 2228 461 tnr,
2251 411 2414 465 seque
2443 395 2711 453 desiderio
2733 396 3039 452 desiderare
3067 395 3203 451 hanc
3232 411 3343 452 rem
3372 397 3534 466 dicit,
3565 411 3620 456 et
3642 407 3715 456 ad

2121 490 2224 545 hoc
2261 499 2452 560 Sponte
2501 490 2667 552 venit,
2714 489 2984 560 quomodo
3026 497 3206 560 rogat,
3232 499 3289 544 ut
3312 489 3414 547 hoc
3434 507 3541 547 non
3571 495 3659 548 tiat
3691 494 3718 546 ?

2120 579 2272 647 Quod
2309 581 2353 633 si
2383 580 2631 646 nolebat,
2661 595 2788 635 num
2815 579 3030 635 difticile
3073 579 3172 636 fuit
3198 580 3396 637 adhoc
3437 585 3720 640 venientes

2121 671 2630 743 probibere?Nunc
2681 681 2869 726 autem
2901 671 3082 735 vides,
3129 687 3252 726 eum
3291 671 3356 727 ad
3406 673 3546 730 hanc
3597 692 3716 730 rem

2121 763 2280 816 etiam
2308 777 2610 818 accurrere.
2642 762 2796 817 Certe
2822 777 2942 816 cum
2975 763 3028 817 in
3050 763 3224 833 ipsum
3251 763 3518 819 irruerent
3540 765 3714 831 dixit,

2125 853 2285 918 Quem
2329 854 2554 922 queritis
2584 854 2609 907 ?
2637 854 2706 907 At
2737 854 2806 907 illi
2837 853 3057 921 dicunt,
3089 853 3288 908 Iesum.
3335 856 3400 911 Et
3451 857 3526 911 ait
3571 858 3715 924 illis,

2123 943 2256 998 Ecce
2280 961 2371 1015 ego
2399 962 2512 998 sum
2529 961 2546 1009 ;
2581 956 2626 998 et
2654 946 2883 999 abierunt
2913 955 3214 1013 retrorsum,
3247 963 3308 1000 ac
3339 949 3622 1003 ceciderunt
3661 952 3720 1004 iu

2122 1047 2309 1090 terram
2338 1035 2518 1105 (Joau.
2549 1036 2634 1092 18.
2659 1035 2736 1104 6).
2768 1037 2905 1092 Cum
2946 1037 3103 1107 igitur
3130 1053 3226 1092 eos
3265 1039 3409 1108 prius
3443 1056 3718 1096 exczecas-

2123 1140 2241 1194 set,
2292 1145 2456 1200 seque
2499 1129 2752 1200 aufugere
2809 1130 3044 1200 potuisse
3097 1132 3455 1199 ostendisset,
3493 1143 3604 1190 tum
3631 1150 3722 1192 se-

2124 1224 2296 1293 ipsutu
2324 1222 2574 1290 tradidit,
2599 1233 2660 1278 ut
2681 1225 2943 1295 intelligas
2963 1240 3086 1280 eum
3115 1241 3221 1280 non
3252 1228 3597 1295 necessitate,
3625 1246 3723 1286 ue-

2124 1333 2232 1386 qne
2257 1317 2342 1382 vi,
2375 1332 2548 1386 neque
2581 1332 2674 1385 per
2704 1317 3034 1388 tyrannidem
3081 1319 3397 1382 irruentiym
3424 1319 3527 1377 hoc
3551 1326 3720 1379 susti-

2126 1409 2306 1464 nuisse
2337 1409 2628 1474 nolentem,
2649 1410 2742 1464 sed
2767 1409 2904 1463 ultro
2930 1426 2994 1464 ac
3023 1411 3290 1466 volentem
3317 1421 3372 1466 et
3400 1413 3714 1483 eligentem,

2124 1519 2189 1557 ac
2229 1503 2397 1556 multo
2443 1511 2568 1556 ante
2609 1502 2688 1557 sic
2741 1500 3162 1573 dispensantem.
3210 1502 3413 1560 Idcirco
3442 1507 3722 1578 propheta:

2127 1593 2607 1666 prtemittebantur,
2635 1601 2689 1648 et
2731 1593 3047 1662 patriarcha:
3079 1594 3439 1663 prmdicebant
3460 1638 3475 1663 ,
3504 1608 3559 1652 et
3588 1614 3720 1654 crux

2128 1687 2305 1742 verbis
2322 1685 2476 1740 simul
2501 1700 2565 1740 ac
2585 1685 2746 1740 rebus
2767 1686 3223 1756 praefigurabatur.
3249 1687 3520 1757 Siquidem
3553 1689 3718 1748 lsaaci

2128 1777 2378 1832 mactatio
2409 1790 2622 1831 crucem
2658 1775 2812 1829 nobis
2837 1774 3185 1846 designabat,
3217 1779 3361 1834 unde
3387 1789 3440 1834 et
3462 1781 3670 1838 dicebat
3702 1805 3718 1838 :

2132 1869 2386 1923 Abraham
2420 1879 2562 1938 pater
2589 1878 2747 1923 vester
2765 1869 3033 1922 exsultavit
3061 1879 3115 1922 ut
3143 1869 3327 1925 videret
3355 1873 3488 1926 diem
3512 1890 3675 1928 meum
3700 1919 3719 1942 ,

2130 1973 2179 2016 et
2206 1963 2364 2027 ridit,
2413 1973 2459 2016 et
2502 1962 2700 2033 gavisus
2741 1972 2816 2016 est
2863 1963 2884 2032 (
2916 1961 2999 2016 Id.
3025 1962 3077 2018 8.
3125 1961 3262 2035 56).
3305 1965 3449 2036 Ergo
3499 1971 3726 2037 patriar-

2131 2057 2229 2110 cha
2256 2055 2470 2126 quidem
2511 2055 2722 2123 gavisus
2749 2063 2863 2119 est,
2894 2070 3015 2109 cum
3057 2055 3339 2125 imaginem
3371 2061 3545 2114 crucis
3574 2060 3728 2116 vide—

2135 2156 2235 2210 ret,
2271 2147 2383 2217 ipse
2409 2159 2538 2201 vero
2565 2161 2678 2200 rem
2701 2145 2869 2214 ipsam
2898 2155 3109 2201 recusat
3131 2148 3154 2200 ?
3177 2147 3241 2201 Et
3260 2164 3389 2203 vero
3418 2149 3626 2220 Moyses
3646 2153 3729 2206 sic

2137 2240 2356 2296 Amalec
2381 2238 2680 2308 superavit,
2729 2238 2852 2306 quia
2899 2238 3121 2308 figuram
3165 2240 3342 2294 erucis
3370 2242 3602 2297 ostendit
3631 2261 3644 2299 :
3672 2254 3731 2298 et

2136 2338 2383 2386 sescenta
2405 2326 2665 2397 ejusmodi
2693 2327 2746 2380 in
2766 2328 2933 2382 veteri
2955 2327 3300 2386 Testamento
3324 2331 3569 2401 leguntur
3585 2335 3732 2388 acci-

2137 2423 2300 2483 disse,
2333 2435 2452 2491 quae
2478 2434 2690 2473 crucem
2739 2419 3172 2490 prznfigurabant.
3209 2421 3277 2478 Ut
3299 2423 3426 2493 quid
3458 2424 3617 2492 igitur
3655 2427 3730 2480 ita

2141 2515 2359 2576 fiebant,
2394 2512 2436 2566 si
2462 2513 2506 2565 is
2527 2511 2614 2581 qui
2645 2527 2858 2566 crucem
2881 2521 2998 2566 erat
3022 2513 3315 2580 subiturus,
3345 2515 3447 2570 hoc
3468 2516 3580 2571 ﬁeri
3625 2534 3729 2572 no-

2141 2608 2277 2663 lebat
2307 2606 2330 2658 ?
2361 2605 2417 2660 ld
2439 2619 2568 2658 vero
2593 2603 2733 2672 quod
2761 2604 3023 2674 sequitur,
3050 2604 3225 2659 adhuc.
3241 2615 3323 2661 est
3340 2608 3608 2678 explicatu
3630 2608 3733 2663 dif-

2141 2700 2350 2755 ficilius.
2377 2701 2509 2757 Cum
2541 2705 2682 2758 enim
2711 2703 2972 2770 dixisset,
3000 2703 3244 2759 Transeat
3271 2723 3302 2758 α
3327 2723 3406 2760 me
3429 2706 3563 2760 ralia:
3598 2708 3691 2761 iste
3713 2747 3734 2772 ,

2142 2795 2381 2850 addidit:
2416 2793 2769 2851 Verumtamen
2811 2814 2911 2851 non
2957 2800 3085 2852 sicut
3111 2814 3201 2870 ego
3227 2798 3368 2863 uolo,
3402 2799 3491 2853 sed
3515 2802 3646 2853 sicut
3676 2810 3735 2855 tu

2143 2885 2355 2959 (Matth.
2381 2886 2472 2941 26.
2497 2887 2698 2957 '59).Ex
2724 2887 2825 2943 hoc
2849 2890 3012 2950 enim,
3030 2897 3186 2958 prout
3201 2892 3359 2945 verba
3384 2900 3595 2957 sonant,
3614 2891 3735 2946 dua:

2144 2979 2453 3032 voluntates
2499 2978 2600 3032 sibi
2649 2979 2875 3034 invicem
2921 2981 3205 3034 contraria:
3253 2981 3731 3036 demonstrantur:

2145 3073 2406 3142 siquidem
2451 3073 2606 3127 Pater
2633 3089 2754 3127 eum
2782 3073 2894 3127 vult
2921 3073 3157 3143 crucifigi
3176 3115 3190 3139 ,
3223 3082 3276 3127 at
3305 3075 3418 3142 ipse
3444 3089 3548 3129 non
3579 3075 3691 3130 vult
3715 3093 3750 3129 :-

2149 3166 2357 3220 tametsi
2377 3165 2572 3235 ubique
2588 3165 2828 3219 videmus
2848 3164 3036 3219 eadem
3069 3168 3239 3234 ipsum
3262 3182 3384 3220 cum
3404 3166 3561 3222 Patre
3574 3167 3735 3233 velle,

2146 3268 2306 3328 atque
2325 3257 2510 3313 eadem
2539 3258 2758 3327 eligere.
2803 3257 3030 3325 Quando
3055 3259 3198 3313 enim
3221 3259 3384 3325 dicit,
3414 3259 3496 3313 Da
3526 3261 3599 3314 eis
3621 3302 3638 3327 ,
3682 3270 3755 3313 αρν

2147 3349 2570 3421 quemadmodum
2596 3366 2687 3421 ego
2714 3360 2762 3404 et
2783 3360 2836 3404 tu
2865 3367 3021 3404 unum
3051 3367 3251 3417 sumus,
3277 3361 3329 3422 et
3351 3352 3453 3422 ipsi
3491 3353 3542 3406 in
3593 3352 3737 3406 nobis

2148 3457 2308 3494 unum
2331 3442 2428 3494 sint
2464 3439 2642 3511 (Joan.
2669 3442 2756 3495 17.
2787 3442 2897 3509 11),
2940 3441 3071 3496 nihil
3096 3441 3235 3496 aliud
3267 3442 3417 3509 dicit,
3438 3443 3538 3497 nisi
3572 3459 3733 3502 uuam

2149 3548 2270 3588 esse
2316 3531 2489 3587 Patris
2527 3540 2581 3586 et
2629 3532 2749 3587 Filii
2803 3533 3155 3587 voluntatem.
3204 3531 3274 3586 Et
3313 3533 3526 3602 quando
3577 3535 3738 3601 dicit,

2161 3626 2320 3680 Verba
2348 3642 2463 3695 qua:
2483 3643 2572 3696 ego
2601 3625 2796 3696 loquor,
2827 3643 2925 3678 non
2946 3643 3036 3696 ego
3062 3627 3241 3696 loquor
3269 3642 3286 3678 :
3315 3625 3473 3679 I’ater
3493 3637 3663 3683 autem
3687 3629 3754 3682 iu-

2149 3733 2227 3770 me
2248 3733 2454 3770 araneus
2483 3717 2589 3784 ipse
2614 3716 2735 3785 facit
2766 3716 2872 3769 haec
2906 3733 3058 3785 opera
3111 3715 3129 3786 (
3155 3714 3242 3770 Id.
3277 3717 3364 3772 14.
3396 3720 3462 3772 10
3492 3715 3542 3788 ),
3600 3720 3742 3774 istud

2151 3807 2323 3875 ipsum
2363 3807 2683 3861 ostenditur.
2729 3807 2861 3861 Cum
2892 3821 3020 3877 ergo
3045 3807 3206 3873 dicit,
3231 3807 3273 3860 Α
3295 3825 3372 3862 me
3399 3809 3511 3878 ipso
3547 3826 3648 3864 non
3676 3811 3746 3865 ιο.

2151 3916 2297 3968 quor,
2324 3909 2369 3952 et
2391 3916 2422 3951 a
2444 3916 2521 3951 me
2539 3901 2648 3969 ipso
2668 3915 2767 3951 non
2790 3899 2898 3952 veni
2943 3898 2961 3968 (
2992 3895 3078 3952 Id.
3108 3898 3250 3954 7.28
3282 3899 3322 3969 ),
3347 3908 3420 3968 et,
3455 3901 3500 3954 Α
3520 3917 3598 3955 me
3629 3902 3744 3971 ipso

2152 4009 2252 4045 non
2289 4009 2494 4062 possum
2533 3991 2805 4062 quidquam
2843 3995 3008 4062 facere
3059 3990 3077 4063 (
3110 3990 3194 4044 Id.
3225 3993 3277 4048 5.
3308 3991 3445 4062 50),
3503 4010 3609 4048 non
3641 3996 3745 4051 hoc

2153 4085 2316 4148 dicit,
2346 4092 2403 4137 ut
2430 4083 2678 4139 ostendat
2724 4099 2784 4138 se
2821 4086 2902 4138 vel
2946 4085 3196 4152 loquendi
3242 4085 3328 4139 vel
3372 4086 3596 4140 faciendi
3623 4102 3745 4143 esse

2154 4185 2416 4244 potestate
2455 4176 2718 4246 privatum
2747 4217 2762 4241 ,
2809 4176 2982 4241 absit;
3028 4177 3122 4231 sed
3145 4188 3333 4233 exacte
3353 4179 3535 4234 volens
3563 4189 3746 4236 osten-

2153 4266 2282 4322 dere
2310 4267 2626 4323 concordem
2657 4283 2806 4322 suam
2834 4283 2956 4323 esse
2980 4284 3099 4322 cum
3121 4269 3278 4324 Patre
3299 4270 3616 4325 sententiam
3635 4282 3745 4327 tam

2156 4361 2208 4414 in
2239 4361 2436 4424 verbis,
2459 4377 2616 4432 quam
2644 4361 2699 4414 in
2733 4361 2925 4425 rebus;
2948 4370 3004 4416 et
3027 4362 3077 4415 in
3110 4363 3356 4417 omnibus
3384 4362 3747 4432 dispensatio-
3833 4367 3838 4371 ’

2155 4453 2314 4506 nibus
2345 4469 2503 4506 unam
2532 4452 2884 4522 eamdemque
2901 4467 3041 4519 esse,
3065 4453 3203 4508 sicut
3218 4453 3329 4524 jam
3350 4469 3494 4527 saepe
3523 4453 3748 4511 demon—

2157 4544 2461 4598 stravimus.
2492 4543 2620 4597 lllnd
2645 4543 2886 4610 enim,A
2934 4561 3012 4599 me
3061 4545 3172 4618 ipso
3221 4563 3323 4601 non
3369 4547 3548 4618 loquor
3601 4548 3745 4620 (Id.

2159 4636 2245 4689 14.
2297 4634 2424 4704 10),
2458 4650 2565 4690 non
2619 4636 2899 4706 potestatis
2930 4637 3192 4707 privatio,
3224 4639 3317 4693 sed
3347 4653 3640 4695 consensus
3664 4651 3752 4696 est

2157 4725 2423 4798 probatio.
2473 4727 2573 4795 Qui
2627 4729 2684 4782 tit
2730 4729 2908 4797 igitur,
2944 4739 2999 4783 nt
3041 4727 3128 4784 hic
3177 4729 3348 4792 dicat,
3390 4729 3751 4786 Verumtamen

2159 4837 2259 4873 non
2284 4822 2411 4874 sicut
2437 4837 2526 4890 ego
2549 4822 2679 4885 volo,
2704 4822 2792 4875 sed
2813 4823 2941 4875 sicut
2969 4831 3022 4874 tu
3065 4821 3275 4891 (Matth.
3299 4821 3390 4878 26.
3415 4824 3506 4895 39)
3525 4824 3548 4875 ?
3569 4824 3750 4879 Forsi—

2160 4921 2246 4965 tan
2277 4913 2328 4966 in
2355 4911 2572 4967 multam
2600 4914 2919 4968 anxietatem
2947 4930 3042 4969 vos
3062 4914 3389 4980 conjecimus
3410 4957 3425 4981 ,
3457 4915 3550 4970 sed
3570 4925 3749 4970 atten-

2159 5005 2269 5058 dite
2295 5004 2529 5057 animmn
2560 5021 2572 5055 :
2607 5003 2732 5058 licet
2772 5005 2913 5058 enim
2943 5006 3198 5074 prolixior
3241 5005 3402 5060 fuerit
3444 5019 3624 5061 sermo
3654 5022 3753 5062 no-

2159 5104 2292 5159 ster,
2321 5094 2500 5164 vigere
2519 5103 2696 5148 tamen
2726 5104 2884 5163 atque
2905 5095 3214 5149 adolescere
3240 5106 3536 5150 vestrorum
3560 5096 3754 5150 alacri-

2163 5196 2321 5240 tatem
2350 5187 2646 5240 animorum
2680 5186 2843 5255 probe
2872 5186 2994 5241 novi
3026 5203 3178 5240 :nam
3207 5187 3272 5240 ad
3304 5187 3472 5256 ipsam
3493 5191 3756 5258 quiestio-

2163 5279 2245 5333 nis
2272 5278 2593 5333 solutionem
2626 5289 2806 5332 nOStra
2837 5277 3088 5346 deinceps
3118 5277 3334 5332 festinat
3360 5279 3550 5332 oratio.
3578 5277 3756 5343 Quam

2162 5373 2320 5439 igitur
2339 5373 2408 5427 ob
2429 5387 2641 5426 causam
2669 5372 2738 5425 ita
2765 5371 2964 5428 dictum
2983 5382 3068 5427 est
3094 5372 3118 5425 ?
3149 5371 3439 5441 Diligenter
3465 5370 3755 5427 advertite.

2163 5464 2459 5519 Difﬁculter
2482 5462 2768 5518 admodum
2815 5463 3196 5520 admittebatur
3222 5478 3401 5519 sermo
3428 5463 3760 5517 incarnatio-

2164 5557 2265 5610 nis.
2295 5554 2568 5624 Siquidem
2591 5554 2860 5610 excellens
2885 5555 3000 5625 ejus
3027 5555 3114 5609 illa
3145 5554 3428 5609 clementia
3459 5563 3511 5608 et
3552 5563 3756 5608 attem-

2163 5645 2454 5715 perationis
2481 5646 2598 5716 ejus
2631 5645 2940 5717 magnitudo
2971 5663 3058 5702 res
3084 5656 3239 5700 erant
3268 5644 3622 5700 admiratione
3665 5645 3758 5699 di-

2165 5737 2436 5809 gnissimas
2457 5779 2472 5808 ,
2505 5738 2776 5810 multaque
2806 5737 3191 5812 prmparatione
3210 5777 3233 5808 ,,
3254 5747 3312 5794 ut
3354 5737 3728 5809 reciperentur.
