4010 6342
267 291 346 350 55
917 298 982 354 ΙΝ
1015 297 1240 368 ILLUD,
1283 299 1533 368 PATER,
1579 301 1636 357 SI
1678 299 1851 357 P055

1966 300 2038 357 LE
2087 302 2244 370 EST,
2288 302 2688 373 τιιΑΝεεΑτ,
2734 281 2887 362 E'rc.
3476 287 3547 365 τις

265 413 508 482 σταυρὸν
533 411 746 464 καλῶν·
793 412 888 464 καὶ
931 412 1049 476 πῶς
1093 413 1328 469 ἐνταῦθα
1364 416 1867 488 μέν“παραιτεῖται,

266 497 392 547 ἐκεῖ
417 494 476 547 δὲ
525 495 620 548 καὶ
650 496 1004 564 κατεπείγεις
1058 499 1180 551 Ὅτι
1208 499 1318 570 γὰρ
1361 499 1489 564 δόξα
1532 501 1561 553 6
1613 499 1870 569 σταυρὸς,

1979 416 2046 468 16
2076 417 2336 487 πρᾶγμα,
2367 419 2460 472 καὶ
2493 419 2635 474 ἐκὼν
2666 421 2757 474 ἐπὶ
2790 421 2946 476 τοῦτο
2979 421 3290 494 ἐρχόμενος,
3319 421 3433 486 πῶς
3465 439 3564 480 πα-

1987 508 2217 578 ρακαλεῖ
2243 509 2318 580 μὴ
2359 511 2608 579 γενέσθαι
2649 512 2841 574 τοῦτος
2894 513 2958 565 Εἰ
2998 512 3054 566 δὲ
3097 513 3171 586 μὴ
3213 513 3480 578 ἐϐούλετο,
3513 515 3564 568 τί

263 579 505 676 im?”
535 577 588 673 τξ
625 595 806 676 φησιν’
835 580 864 631 ὁ
888 579 1284 676 ξξαγγξλιστῄς
1309 598 1323 612 ⁸
1369 580 1620 676 Εὐξέξτθί
1981 577 2256 656 δύσκολον-
2279 577 2349 673 ἦν
2373 577 2712 656 διακωλῦσαι
2745 605 2869 668 τοὺς
2902 577 3226 676 ἐρχομένους
3252 606 3342 659 ἐπὶ
3377 577 3564 672 τοῦτοί

264 657 518 730 Πνεῦμα
545 659 738 728 ἅγιον,
772 660 864 715 ὅτι
905 662 1138 730 Ἰησοῦς
1165 665 1330 718 οὔπω
1357 662 1682 732 ἐδοξάσθη.
1721 665 1786 717 Ὃ
1813 663 1871 716 δὲ

264 741 444 810 λέγει,
475 742 634 797 τοῦτό
658 745 825 797 ἐστιν·
865 745 1091 800 Οὐδέπω
1115 742 1184 818 ἦν
1211 747 1428 800 δοθεῖσα
1452 749 1486 818 ἡ
1516 748 1695 818 χάρις,
1718 749 1869 800 ἐπειο

264 836 335 908 δὴ
360 839 396 907 ή
427 836 596 910 ἔχθρα
627 841 661 905 ἡ
692 839 830 910 πρὸς
857 841 983 904 τοὺς
1012 841 1336 912 ἀνθρώπους
1357 843 1572 896 οὐδέπω
1602 838 1670 912 ἦν
1693 858 1870 895 κατα-

265 918 514 984 λυθεῖσα,
573 921 651 992 τῷ
698 923 922 994 μηδέπω
952 924 1045 977 τὸν
1079 926 1313 996 σταυρὸν
1361 925 1865 997 προκεχωρηκέναι.

279 1003 343 1056 Ὅ
382 1003 494 1074 γὰρ
532 1006 763 1076 σταυρὸς
795 1005 892 1077 τὴν
927 1006 1126 1077 ἔχθραν
1158 1009 1252 1062 τοῦ
1291 1008 1426 1062 Θεοῦ
1477 1009 1740 1062 κατέλυσε
1771 1006 1868 1078 τὴν

268 1085 417 1155 πρὸς
448 1088 576 1150 τοὺς
611 1088 951 1159 ἀνθρώπους,
983 1090 1084 1155 τάς
1115 1091 1462 1160 καταλλαγάς
1485 1091 1733 1162 ἐκόμισε,
1768 1091 1867 1162 τὴν

263 1168 376 1237 γῆν
405 1169 632 1239 οὐρανὸν
666 1172 910 1241 ἐποίησε,
953 1175 1080 1237 τοὺς
1113 1173 1436 1245 ἀνθρώπους
1467 1176 1580 1237 τοῖς
1610 1172 1868 1242 ἀγγέλοις

263 1252 516 1322 ἀνέμιξε,
560 1253 656 1306 τοῦ
698 1253 929 1309 θανάτου
960 1257 1061 1328 τὴν
1090 1258 1385 1328 ἀκρόπολιν
1419 1259 1721 1329 κατήγαγε,
1770 1256 1866 1309 τοῦ

261 1333 518 1387 διαϐόλου
561 1335 663 1406 τὴν
703 1339 856 1408 ἰσχὺν
889 1338 1256 1411 ἐξενεύρωσε,
1301 1341 1404 1411 τῆς
1449 1339 1730 1410 ἁμαρτίας
1763 1339 1866 1409 τὴν

261 1415 500 1488 δύναμιν
527 1419 781 1488 ἠφάνισε,
816 1420 915 1492 τὴν
944 1424 1048 1492 γῆν
1076 1423 1176 1494 τῆς
1205 1423 1415 1494 πλάνης
1444 1421 1744 1493 ἀπήλλαξε,
1765 1420 1864 1492 τὴν

263 1499 534 1570 ἀλήθειαν
555 1505 872 1574 ἐπανήγαγε
889 1545 905 1568 ,
931 1508 1058 1569 τοὺς
1085 1506 1343 1577 δαίμονας
1369 1507 1618 1576 ἀπήλασε
1639 1545 1654 1567 ,
1702 1505 1866 1568 ναοὺς

260 1582 512 1649 καθεῖλε,
543 1585 763 1656 βωμοὺς
784 1588 1068 1661 ἀνέτρεψε,
1093 1591 1322 1644 κνίσσαν
1337 1590 1591 1659 ἠφάνισε,
1613 1588 1712 1660 τὴν
1735 1588 1864 1660 ἀρε-

259 1666 364 1736 τὴν
401 1669 794 1736 κατεφύτευσε,
841 1672 941 1735 τὰς
987 1672 1314 1744 Ἐκκλησίας
1361 1671 1652 1746 ἐρρίζωσε.
1700 1671 1866 1724 Σταυο

261 1749 382 1819 ρδς,
413 1750 472 1803 16
499 1751 594 1804 τοῦ
637 1753 854 1824 Πατρὸς
887 1753 1119 1826 θέλημα,
1157 1757 1190 1826 ή
1217 1755 1309 1809 τοῦ
1341 1756 1472 1810 Υἰοῦ
1499 1755 1646 1822 δόξα,
1678 1755 1740 1809 τὸ
1765 1753 1860 1808 τοῦ

259 1830 584 1903 Πνεύματος
606 1835 940 1907 ἀγαλλίαμα,
959 1837 1018 1890 16
1040 1836 1133 1890 τοῦ
1147 1837 1362 1891 Παύλου
1382 1837 1643 1909 καύχημα
1660 1856 1673 1869 ·
1703 1836 1858 1905 Ἐμοὶ

258 1913 397 1986 γάρν
441 1917 597 1987 φησὶν
635 1917 722 1988 μὴ
756 1918 988 1989 γένοιτο
1022 1921 1399 1991 καυχᾶσθαι,
1455 1924 1509 1975 εί
1551 1920 1634 1989 μὴ
1681 1916 1752 1972 ἐν
1783 1916 1860 1984 τῷ

258 1999 510 2067 σταυρῷ
539 1999 649 2055 τοῦ
678 2003 902 2070 Κυρίου
929 2001 1099 2072 ἡμῶν
1140 2003 1336 2070 Ἰησοῦ
1369 2002 1650 2072 Χριστοῦ.
1689 2002 1861 2053 Σταυ-

260 2081 361 2151 ρὸς
396 2084 426 2136 6
453 2081 551 2136 τοῦ
575 2083 730 2154 ήλίου
764 2086 1080 2158 φανότερος,
1121 2087 1150 2140 6
1189 2085 1292 2156 τῆς
1321 2087 1538 2148 ἀκτῖνος
1571 2083 1859 2154 φαιδρότε-

261 2180 360 2233 ρος
381 2181 396 2195 ⁶
426 2165 552 2219 ὅταν
573 2166 684 2238 γὰρ
709 2171 914 2232 ἐκεῖνος
938 2167 1272 2240 σκοτίζηται,
1295 2169 1416 2221 τότε
1442 2163 1595 2231 οὗτος
1615 2167 1820 2237 λάμπει
1840 2183 1854 2196 ·

262 2247 576 2312 σκοτίζεται
612 2251 670 2304 δὲ
701 2253 729 2304 6
769 2252 923 2323 ἥλιος
951 2252 1071 2304 τότε
1113 2253 1213 2306 οὐκ
1246 2250 1672 2322 ἀφανιζόμενος,
1723 2249 1858 2304 ἀλλά

259 2329 568 2402 νικώμενος
597 2337 666 2405 τῇ
697 2335 793 2388 τοῦ
830 2335 1067 2405 σταυροῦ
1118 2334 1454 2407 φαιδρότητι.
1512 2335 1752 2406 Σταυρὸς
1796 2335 1860 2388 16

260 2416 634 2488 χειρόγραφον
661 2419 820 2489 ήμῶν
855 2419 1126 2491 διέρρηξε,
1157 2419 1254 2472 τοῦ
1291 2419 1523 2473 θανάτου
1552 2418 1614 2471 16
1640 2417 1855 2487 δεσμω-

257 2499 454 2568 τήριον
484 2500 755 2569 ἄχρηστον
781 2501 1029 2572 ἐποίησε,
1055 2502 1288 2572 σταυρὸς
1309 2503 1407 2572 τῆς
1435 2501 1531 2554 τοῦ
1554 2500 1692 2554 Θεοῦ
1719 2502 1853 2568 ἁγά-

258 2597 373 2651 πης
405 2583 438 2653 ή
482 2583 774 2648 ἀπόδειξις.
819 2585 985 2638 Οὕτω
1023 2585 1134 2655 τὰρ
1159 2584 1480 2655 ἠγάπησεν
1508 2587 1540 2638 ό
1573 2584 1718 2650 Θεὸς
1747 2583 1856 2637 τὸν

259 2667 524 2733 κόσμον,
549 2666 640 2720 ὅτι
668 2668 776 2721 τὸν
793 2669 932 2723 Υίὸν
949 2669 1135 2723 αὑτοῦ
1155 2669 1261 2723 τὸν
1280 2667 1582 2738 μονογενῆ
1608 2667 1852 2734 ἔδωκεν,

256 2747 362 2800 Ira
391 2746 513 2814 πᾶς
551 2754 584 2804 ὀ
612 2754 913 2806 πιστεύων
945 2755 1032 2819 εἰς
1059 2754 1247 2807 αὑτὸν
1272 2751 1358 2822 μὴ
1390 2753 1706 2820 ἀπόληται.
1744 2753 1854 2806 Καὶ

258 2831 427 2884 πάλιν
467 2834 497 2886 6
526 2833 736 2895 Παῦλος
760 2851 773 2864 ·
799 2837 871 2888 El
900 2837 1010 2904 γὰρ
1042 2835 1241 2904 ἐχθροὶ
1276 2835 1446 2900 ὄντες
1472 2833 1854 2905 κατηλλάγη-

257 2931 374 2981 μεν
420 2915 504 2981 τῷ
555 2913 678 2986 Θεῷ
704 2916 801 2972 διὰ
848 2919 955 2972 τοῦ
1002 2918 1263 2973 θανάτου
1305 2919 1413 2973 τοῦ
1465 2921 1602 2972 Υίοῦ
1641 2919 1849 2973 αὑτοῦ.

260 2999 505 3070 Στουρδς
528 3001 590 3054 16
607 3004 784 3072 τεῖχος
807 3002 869 3055 16
887 3002 1152 3075 άῤῥαγές,
1171 3002 1231 3055 16
1256 3002 1418 3055 ὅπλον
1449 3003 1511 3054 16
1532 3001 1850 3073 ἀχείρωτον,

257 3083 372 3137 τῶν
401 3085 779 3138 πλουτούντων
809 3087 841 3157 ή
877 3086 1168 3155 ἀσφάλεια,
1211 3085 1322 3138 τῶν
1355 3086 1604 3156 πενήτων
1629 3087 1662 3154 ὴ
1690 3086 1856 3138 εὐπο-

141 3194 147 3199 -
263 3167 376 3238 ρία.
419 3167 532 3222 τῶν
564 3169 1063 3240 ἐπιϐουλευομένων
1114 3169 1177 3221 16
1218 3171 1419 3239 τεῖχος,
1447 3169 1558 3222 τῶν
1582 3169 1850 3239 πολεμου-

263 3249 446 3319 μένων
472 3251 536 3302 16
560 3251 744 3314 ὅπλον,
775 3253 885 3305 τῶν
919 3251 1111 3307 παθῶν
1135 3253 1169 3322 ὴ
1194 3251 1491 3320 ἀναίρεσις,
1522 3251 1623 3322 τῆς
1652 3251 1853 3322 ἀρετῆς

261 3335 296 3404 ἡ
325 3335 552 3406 κτῆσις,
601 3337 664 3389 16
695 3339 922 3407 σημεῖον
968 3337 1032 3389 τὸ
1063 3335 1376 3408 θαυμαστὸν
1405 3337 1497 3389 καὶ
1525 3335 1847 3406 παράδοξον.

263 3418 522 3486 Σημεῖωρ
547 3419 658 3490 γὰρ
693 3417 957 3488 ἐπιζητεῖ
984 3421 1017 3489 η
1050 3418 1225 3489 γενεὰ
1251 3417 1401 3486 αὕτη
1425 3434 1440 3449 ·
1472 3418 1573 3472 καὶ
1600 3418 1852 3486 σημεῖον

259 3503 331 3554 οὐ
364 3501 694 3566 δοθήσεται
723 3502 899 3572 αὐτῇ,
933 3505 986 3555 εὶ
1017 3500 1104 3571 μὴ
1131 3502 1196 3554 τὸ
1230 3501 1484 3570 σημεῖον
1525 3501 1704 3555 Ἰωνᾶ.
1740 3501 1851 3554 Kal

259 3583 425 3638 πάλιν
453 3587 482 3638 6
511 3585 750 3648 Παῦλος·
783 3585 1021 3654 Ἐπειδὴ
1056 3584 1157 3638 καὶ
1183 3583 1450 3639 Ἰουδαῖοι
1478 3583 1730 3652 σημεῖον
1759 3587 1849 3636 al-

259 3669 435 3721 τοῦσι
455 3707 472 3732 ,
510 3666 610 3722 καὶ
631 3669 934 3737 Ἕλληνες
969 3669 1196 3736 σοφίαν
1222 3666 1504 3736 ζητοῦσιν
1525 3685 1538 3695 ·
1579 3667 1749 3735 ἡμεῖς
1783 3666 1852 3720 δὲ

260 3752 657 3819 κηρύσσομεν
685 3750 946 3820 Χριστὸν
976 3751 1455 3820 ἐσταυρωμένον.
1487 3749 1724 3820 Σταυρὸς
1747 3766 1850 3802 πα-

263 3834 511 3904 ράδεισον
539 3834 766 3904 ήνέῳξε,
786 3834 991 3905 λῃστὴν
1019 3834 1304 3904 εἰσήγαγε,
1331 3833 1392 3886 τὸ
1414 3833 1523 3886 τῶν
1548 3831 1851 3904 ἀνθρώπων

258 3917 418 3983 γένος
439 3916 774 3970 ἀπόλλυσθαι
808 3915 997 3983 μέλλον
1023 3916 1117 3969 καὶ
1137 3916 1257 3970 οὐδέ
1285 3917 1385 3986 τῆς
1404 3916 1506 3985 γῆς
1533 3915 1682 3981 ἄξιον
1713 3915 1852 3985 πρὸς

258 4000 360 4070 τὴν
390 3999 500 4052 τῶν
541 3999 784 4070 οὐρανῶν
810 4000 1089 4070 βασιλείαν
1114 3999 1544 4070 ἐχειραγώγησε.
1599 3999 1850 4051 Τοσαῦτα

261 4095 447 4164 ἀγαθά
494 4096 603 4150 ἀπὸ
639 4096 736 4150 τοῦ
765 4095 1000 4169 σταυροῦ
1025 4097 1121 4150 καὶ
1153 4097 1346 4165 γέγονε
1378 4095 1473 4149 καὶ
1503 4093 1732 4163 γίνεται,
1757 4093 1850 4146 καὶ

261 4194 323 4246 οὐ
351 4193 1030 4278 βούλεταιισταυρωθῆναι,
1061 4194 1180 4248 εἰπέ
1211 4211 1333 4263 μοις
1364 4194 1473 4247 Kal
1494 4192 1575 4256 τίς
1608 4191 1673 4245 ἂν
1695 4191 1852 4245 τοῦτο

263 4290 444 4354 εῖποι;
491 4290 553 4343 Εἰ
587 4290 644 4343 δέ
681 4292 756 4360 μὴ
790 4289 1060 4352 ἐϐούλετο,
1095 4290 1178 4352 τίς
1212 4290 1374 4343 αὐτὸν
1401 4289 1717 4359 ήνάγκασε;
1767 4286 1852 4350 τίς

264 4373 560 4439 ἐϐιάσατο;
608 4375 742 4427 τίδὲ
773 4375 867 4427 καὶ
904 4374 1225 4446 προέπεμψε
1263 4373 1546 4444 προφήτας
1576 4371 1853 4439 ἀπαγγέλ-

264 4455 477 4520 λοντας,
507 4458 592 4509 ὅτι
618 4457 1084 4529 σταυρωθήσεται,
1119 4456 1196 4526 μὴ
1229 4456 1437 4526 μέλλων
1464 4452 1848 4525 σταυροῦσθαι,

268 4554 406 4624 μηδὲ
443 4553 765 4624 βουλόμενος
806 4554 968 4607 τοῦτο
1007 4555 1332 4624 ὑπομεῖναις
1375 4551 1532 4613 Τίνος
1562 4549 1620 4602 δὲ
1665 4550 1852 4602 ἕνεκεν

265 4637 364 4691 καὶ
403 4638 663 4707 ποτήριον
694 4636 850 4690 καλεῖ
899 4636 989 4689 τὸν
1024 4635 1278 4705 σταυρὸν,
1320 4634 1376 4687 εἴ
1407 4650 1472 4702 γε
1503 4633 1575 4704 μὴ
1604 4633 1853 4686 ἐϐούλετο

268 4719 677 4790 παυρωθῆναι;
707 4719 878 4772 Τοῦτο
898 4719 1012 4788 γὰρ
1031 4717 1438 4788 ἐνδεικνυμένου
1469 4713 1592 4768 ἐστὶ
1611 4717 1708 4788 τὴν
1731 4718 1852 4768 ἐπι-

265 4816 492 4887 θυμίαν,
543 4815 611 4884 ἣν
653 4815 764 4886 έχει
812 4817 940 4886 περὶ
976 4815 1038 4868 16
1068 4816 1321 4886 πρᾶγμα.
1373 4814 1585 4883 Ὥσπερ
1609 4813 1718 4882 γὰρ
1741 4814 1853 4875 τοῖς

263 4911 465 4982 διψῶσι
493 4911 555 4965 16
584 4914 842 4984 ποτήριον
881 4912 1000 4983 ἡδὺ,
1032 4910 1178 4964 οὓτω
1206 4912 1302 4964 καὶ
1329 4909 1480 4980 αύτῷ
1511 4914 1571 4961 τὸ
1616 4925 1855 4980 σταυρω-

265 5009 458 5077 θῆναι·
499 5009 567 5061 δι’
594 5007 623 5060 6
644 5009 740 5061 καὶ
779 5007 993 5076 ἔλεγεν·
1021 5006 1134 5080 [20]
1163 5007 1479 5074 Ἐπιθυμίᾳ
1515 5005 1854 5074 ἐπεθύμουν

264 5101 446 5156 τοῦτο
477 5103 546 5155 τὸ
569 5102 1024 5173 Πάσχαςεατεῐν
1042 5102 1173 5171 μεθ’
1207 5102 1394 5172 ὑμῶν,
1428 5101 1526 5170 οὐχ
1551 5101 1738 5164 ἀπλῶς
1770 5103 1851 5153 ει-

264 5201 384 5253 πὼν
411 5199 590 5265 τοῦτο,
622 5199 757 5252 ἀλλά
785 5199 876 5252 διὰ
902 5197 1000 5271 τὴν
1022 5197 1202 5252 αἰτίαν
1237 5199 1462 5267 ταύτην,
1491 5197 1676 5268 ἐπειδὴ
1715 5196 1853 5268 μετά

263 5284 366 5353 τὴν
391 5282 632 5353 ἑσπέραν
661 5285 692 5335 6
721 5267 1149 5352 σταυρὺς”αύτὸν
1177 5280 1461 5351 διεδέχετο.

335 5405 407 5470 γ’.
444 5405 505 5460 Ὀ
535 5405 712 5469 τοίνυν
741 5405 1008 5483 καὶδόξαν
1033 5407 1098 5466 ,τὸ
1127 5407 1360 5479 πρᾶγμα
1397 5407 1576 5462 καλῶν
1598 5448 1610 5471 ,
1649 5407 1741 5460 καὶ
1773 5404 1852 5478 τῷ

271 5501 490 5573 μαθητῇ
525 5501 817 5574 ἐπιτιμῶν,
846 5504 927 5558 ὅτι
953 5503 1246 5562 διεκώλυεν
1280 5505 1465 5568 αὐτὸν,
1499 5505 1594 5558 καὶ
1624 5503 1715 5558 τὸν
1748 5521 1851 5557 κατ

266 5597 358 5650 λδν
395 5598 632 5670 ποιμένα
669 5599 919 5654 ἐντεῦθεν
958 5600 1172 5664 δεικνὺς
1220 5601 1328 5654 ἀπὸ
1379 5600 1471 5654 τοῦ
1523 5599 1851 5670 σφάττεσθαι

267 5693 407 5766 ὑπὲρ
437 5695 545 5749 τῶν
587 5695 895 5767 προϐάτων,
929 5696 1024 5751 καὶ¹
1055 5696 1317 5769 ἐπιθυμίᾳ
1359 5697 1649 5767 ἐπιθυμεῖν
1676 5695 1850 5766 λέγων

1983 698 2096 751 Νῦν
2137 699 2194 752 δέ
2236 699 2330 752 καὶ
2367 700 2500 770 ὁρᾷς
2542 698 2702 753 αὑτὸν
2746 699 3100 771 ἐπιτρέχοντα
3139 700 3218 771 τῷ
3258 702 3564 773 πράγματι.

1983 793 2110 845 Ὅτε
2144 788 2278 859 γοῦν
2324 791 2558 861 ἐπῆλθον
2605 791 2775 862 αὐτῷ,
2803 791 2976 860 λέγει·
3019 794 3157 846 Τίνα
3197 790 3454 860 (meite;
3502 793 3563 845 Οἱ

1978 879 2036 932 δὲ
2064 879 2314 948 λέγουσιν
2338 893 2352 907 ⁸
2384 879 2638 947 Ἰησοῦν.
2676 881 2786 933 Kal
2813 880 2959 948 λέγει
2991 882 3195 944 αὐτοῖς·
3255 879 3421 944 Ἰδοὺ,
3451 881 3564 950 ἐγώ

1978 969 2123 1036 εἰμι·
2157 965 2554 1035 καὶάπῆλθον
2572 971 2659 1034 εἰς
2679 970 2750 1022 τὰ
2777 971 2968 1023 ὀπίσω
2985 969 3082 1022 καὶ
3108 970 3333 1024 ἔπεσον
3357 969 3564 1038 χαμαί.

1979 1053 2137 1108 Οῦτω
2167 1055 2432 1127 πηρώσεις
2466 1055 2663 1119 αὐτοὺς
2688 1057 2951 1129 πρότερον
2976 1057 3070 1111 καὶ
3097 1057 3298 1124 δείξας,
3329 1058 3412 1110 ὅτι
3436 1057 3562 1127 ἡδύ-

1977 1163 2106 1200 νατο
2133 1145 2436 1216 διαφυγεῖν,
2464 1146 2586 1199 τότε
2618 1147 2878 1214 ἐξέδωκεν
2908 1147 3119 1212 ἐαυτὸν,
3146 1148 3232 1201 ἵνα
3271 1147 3448 1220 μάθῃς
3481 1148 3562 1200 ὅτι

1974 1234 2076 1286 οὐκ
2111 1233 2346 1305 ἀνάγκῃ,
2381 1233 2503 1288 οὐδὲ
2544 1233 2655 1306 βίᾳ,
2697 1235 2817 1288 οὐδέ
2851 1239 2918 1308 τῇ
2952 1236 3225 1307 τυραννίδι
3256 1234 3366 1288 τῶν
3399 1233 3562 1288 ἐπελ-

1977 1320 2178 1374 θόντων
2223 1321 2373 1376 ἄκων
2412 1322 2571 1376 τοῦτο
2607 1323 2918 1393 ὑπέμεινεν,
2957 1324 3074 1377 ἀλλ’
3118 1323 3280 1386 ἐκὼν,
3313 1325 3407 1377 καὶ
3431 1340 3564 1394 προ-

1975 1410 2297 1481 αιρούμενος
2327 1412 2418 1464 καὶ
2441 1410 2779 1482 βουλόμενος,
2802 1413 2896 1465 καὶ
2918 1414 2982 1466 ἐκ
3012 1397 3206 1465 πολλοῦ
3228 1411 3399 1466 ταῦτα
3419 1413 3564 1464 οἰκο-

1974 1498 2175 1567 νομῶν,
2216 1500 2315 1552 Διά
2347 1499 2505 1552 τοῦτο
2537 1499 2633 1552 καὶ
2668 1502 2946 1571 προφῆται
2987 1498 3428 1571 προεπέμποντο,
3465 1499 3562 1553 καὶ

1975 1586 2310 1658 πατριάρχαι
2333 1587 2653 1659 προῦλεγον,
2679 1587 2774 1640 καὶ
2797 1587 2884 1641 διὰ
2908 1586 3168 1658 ῥημάτων
3193 1587 3284 1640 καὶ
3305 1585 3395 1639 διὰ
3419 1603 3562 1657 πρα-

1972 1675 2199 1744 γμάτων
2224 1679 2252 1729 6
2281 1676 2511 1748 σταυρὸς
2531 1675 2978 1746 προδιετυποῦτο.
3001 1677 3110 1729 Kal
3129 1676 3238 1749 γάρ
3265 1675 3561 1730 τοῦῚσαάκ

1969 1771 2003 1840 ή
2039 1767 2221 1837 σφαγὴ
2255 1765 2346 1820 τὸν
2378 1767 2610 1838 σταυρὸν
2639 1766 2826 1836 ἐδήλου
2857 1769 2990 1838 ἡμῖν
3011 1783 3025 1798 ·
3072 1765 3137 1820 δι’
3177 1767 3206 1820 ὂ
3235 1768 3328 1822 καὶ
3351 1767 3560 1836 ἔλεγεν·

1983 1858 2264 1926 Ἀϐραὰμ,
2293 1860 2326 1911 ὀ
2369 1857 2566 1926 πατὴρ
2608 1857 3290 1926 ὑμῶν,οήγαλλιάσατο,
3330 1861 3431 1914 ἵνα
3461 1859 3560 1928 ιδῃ

1968 1952 2084 2020 τὴν
2115 1951 2304 2013 δόξαν
2335 1950 2450 2018 τὴν
2471 1951 2644 2020 ἐμὴν,
2675 1949 2775 2003 καὶ
2804 1946 2955 2013 εἶδε,
2987 1950 3084 2004 καὶ
3114 1949 3326 2020 ἐχάρη.
3379 1948 3512 2006 Εἶτα
3531 1955 3562 2008 6

1971 2043 2070 2115 μὲν
2096 2045 2441 2114 πατριάρχης
2481 2043 2652 2114 ἐχάρη
2700 2042 2911 2112 βλέπων
2936 2043 3035 2114 τὴν
3064 2043 3246 2099 εἰκόνα
3274 2045 3369 2099 τοῦ
3401 2065 3562 2101 σταυ-

1971 2134 2089 2206 ροῦ,
2122 2134 2284 2198 αὐτὸς
2319 2135 2376 2188 δὲ
2402 2137 2756 2206 παραιτεῖται
2785 2135 2846 2188 τὸ
2880 2137 3149 2207 πρᾶγμα;
3179 2138 3288 2190 Kal
3315 2139 3557 2211 Μωῦσῆς

1965 2235 2022 2289 δὲ
2065 2235 2208 2289 οὕτω
2239 2234 2334 2289 τοῦ
2370 2235 2618 2306 Ἀμαλὴκ
2647 2235 3016 2306 περιεγένετο,
3045 2236 3233 2308 ἐπειδὴ
3264 2237 3356 2291 16v
3389 2237 3559 2292 τύπον

1965 2325 2312 2380 ἐπεδείκνυτο
2341 2325 2434 2379 τοῦ
2466 2326 2700 2397 σταυροῦ
2719 2343 2732 2356 ·
2760 2327 2854 2378 καὶ
2883 2326 3054 2396 μυρία
3080 2328 3146 2380 ἂν
3175 2326 3274 2380 ἴδοι
3299 2345 3385 2392 τις
3410 2329 3468 2382 ἐν
3488 2333 3556 2400 τῇ

1965 2415 2178 2486 Παλαιᾷ
2209 2415 2491 2487 γινόμενα,
2525 2415 2616 2469 τὸν
2651 2417 2888 2488 σταυρὸν
2926 2417 3430 2488 προδιαγράφοντα.
3462 2421 3557 2473 Τί-

1964 2521 2052 2566 νος
2080 2499 2174 2556 οῦν
2205 2502 2392 2556 ἐνεκεν
2434 2502 2608 2566 οὕτως
2637 2502 2876 2571 ἐγένετο,
2927 2504 2981 2557 εί
3017 2522 3081 2573 γε
3128 2507 3158 2559 6
3187 2506 3556 2578 σταυροῦσθαι

1967 2590 2174 2661 μέλλων
2206 2591 2308 2643 οὐκ
2351 2589 2598 2644 ἐϐούλετο
2636 2589 2795 2643 τοῦτο
2835 2589 3112 2659 γίνεσθαις
3172 2595 3284 2647 Kal
3321 2594 3381 2648 16
3417 2595 3558 2664 μετά

1961 2677 2121 2731 τοῦτο
2149 2677 2207 2731 δὲ
2232 2678 2312 2731 ἐτι
2344 2677 2711 2749 ἀπορώτερον.
2736 2678 2921 2731 Εἰπὼν
2942 2679 3072 2750 γὰρ,
3091 2680 3435 2750 Παρελθέτω
3454 2683 3558 2738 ἀπ’

1961 2765 2108 2834 ἐμοῦ
2150 2765 2219 2820 τὸ
2249 2764 2538 2834 ποτήριον
2579 2766 2776 2831 τοῦτο,
2813 2768 3086 2837 ἐπήγαγε,
3122 2769 3298 2838 Πλὴν
3331 2772 3445 2839 οὐχ
3474 2772 3558 2838 ὡς

1961 2870 2077 2939 ἐγὼ
2107 2872 2280 2934 θέλω,
2325 2871 2462 2924 ἀλλ’
2510 2870 2588 2935 ὡς
2627 2869 2730 2924 σύ.
2791 2869 3072 2924 Ἐντεῦθεν
3097 2870 3227 2944 γὰρ,
3259 2873 3381 2926 ὅσον
3412 2874 3557 2927 κατά

1960 2963 2063 3033 τῆν
2098 2963 2254 3033 ῥῆσιν
2274 3005 2288 3027 ,
2318 2961 2412 3016 δύο
2452 2961 2734 3031 θελήματα
2766 2960 2984 3015 ἐναντία
3010 2960 3260 3033 ἀλλήλοις
3301 2962 3556 3034 εύρίιεικο⁴

1967 3070 2088 3124 μεν,
2135 3051 2190 3105 εἴ
2215 3069 2279 3121 γε
2301 3064 2326 3092 η
2366 3053 2394 3104 6
2424 3053 2523 3122 μὲν
2553 3051 2742 3124 Πατὴρ
2770 3051 3017 3122 βούλεται
3043 3052 3204 3107 αὑτὸν
3235 3053 3554 3124 σταυρωθῆ-

1963 3163 2072 3207 ναι,
2105 3144 2266 3208 αὐτὸς
2297 3144 2354 3198 δὲ
2383 3145 2443 3196 οὐ
2489 3143 2756 3214 βούλεται.
2791 3145 2985 3198 Καίτοι
3010 3161 3074 3214 γε
3105 3144 3378 3214 πανταχοῦ
3411 3146 3553 3216 ὁρῶ-

1966 3248 2065 3302 μεν
2093 3232 2253 3284 αὑτὸν
2295 3231 2362 3284 τὰ
2403 3231 2542 3285 αὐτά
2579 3230 2658 3302 τῷ
2683 3233 2860 3304 Πατρὶ
2901 3231 3244 3303 βουλόμενον,
3299 3234 3368 3288 τά
3411 3235 3552 3290 αὐτὰ

1963 3324 2224 3395 προαιρού
2235 3341 2412 3396 μενον.
2446 3325 2557 3377 Kal
2579 3324 2686 3396 γάρ
2710 3325 2838 3378 ὅταν
2865 3323 3021 3396 λέγῃ,
3052 3323 3164 3391 Δὸς
3177 3325 3403 3393 αὐτοῖς,
3442 3344 3550 3382 κα-

1962 3415 2080 3482 θὼς
2102 3414 2218 3486 ἐγὼ
2245 3417 2340 3470 καὶ
2362 3416 2444 3469 σὺ
2459 3415 2530 3470 ἐν
2549 3415 2756 3486 ἐσμεν,
2783 3416 2886 3469 ἶνα
2909 3416 3005 3470 καὶ
3031 3417 3201 3471 αὐτοὶ
3221 3418 3292 3472 ἐν
3315 3417 3463 3488 ἡμῖν
3480 3418 3554 3474 ἐν

1960 3500 2135 3567 ὦσιν,
2177 3506 2332 3558 οὐδὲν
2360 3505 2489 3559 ἀλλο
2515 3505 2684 3573 λέγει,
2712 3507 2762 3558 εἰ
2797 3504 2871 3577 μὴ
2902 3507 2964 3559 16
2997 3507 3125 3576 μίαν
3158 3502 3298 3561 εἷναι
3323 3508 3552 3582 γνώμην

1962 3597 2175 3667 Πατρὸς
2204 3596 2298 3650 καὶ
2323 3595 2473 3650 Υἱοῦ.
2509 3597 2619 3649 Kal
2639 3597 2766 3650 ὅταν
2795 3595 2950 3670 λέγῃ,
2985 3596 3060 3650 Τὰ
3083 3597 3342 3666 ῥήματα,
3367 3598 3406 3653 ἁ
3433 3598 3553 3670 ἐγὼ

1959 3685 2148 3752 λαλῶ,
2183 3690 2254 3741 οὐ
2284 3685 2454 3741 λαλῶ
2480 3687 2614 3756 ἐγὼ,
2655 3687 2791 3741 ἀλλ’
2823 3689 2856 3742 ό
2896 3686 3096 3756 Πατὴρ
3129 3691 3162 3743 ό
3193 3689 3265 3741 ἐν
3289 3689 3418 3758 ἐμοὶ
3443 3690 3552 3759 μέ-

1959 3796 2102 3840 νων,
2135 3778 2317 3844 αὐτὸς
2334 3778 2494 3832 ποιεῖ
2511 3777 2584 3830 τὰ
2605 3780 2748 3847 ἔργα
2771 3778 2978 3841 ταῦτα,
3001 3779 3159 3832 τοῦτο
3189 3780 3544 3837 ἐνδείκνυται.

1961 3869 2066 3923 Kal
2107 3870 2235 3922 ὅταν
2285 3869 2451 3942 λέγῃ,
2508 3871 2622 3924 Ἀπ’
2667 3869 2926 3938 ἐμαυτοῦ
2976 3867 3085 3919 οὐκ
3109 3866 3397 3935 ἐλήλυθα,
3429 3872 3544 3925 καὶ.

1955 3963 2037 4014 Οὐ
2067 3960 2324 4029 δύναμαι
2370 3961 2471 4015 ἀπ’
2516 3961 2776 4030 ἐμαυτοῦ
2816 3960 3011 4014 ποιεῖν
3047 3959 3258 4037 οὺδέν,
3297 3960 3359 4012 οὐ
3389 3959 3546 4012 τοῦτο

1959 4053 2134 4125 δηλῶν
2167 4053 2334 4121 λέγει,
2375 4054 2457 4107 ὅτι
2488 4051 2737 4118 ἐξουσίας
2766 4052 3136 4123 ἀπεστέρηται
3169 4051 3200 4122 ἦ
3232 4051 3325 4105 τοῦ
3361 4051 3545 4105 λαλεῖν

1959 4147 1994 4218 ἢ
2036 4147 2128 4200 τοῦ
2163 4148 2360 4210 ποιεῖν,
2395 4143 2653 4215 (ἅπαγεῐ)
2701 4145 2837 4198 ἀλλά
2872 4147 3011 4216 μετά
3055 4145 3337 4216 ἀκριϐείας
3375 4143 3546 4210 δεῖξαι

1963 4238 2287 4310 βουλόμενος
2315 4237 2602 4308 σύμφωνον
2631 4235 2794 4291 αὐτοῦ
2822 4237 2920 4305 τὴν
2955 4234 3208 4307 γνώμην,
3242 4235 3336 4288 καὶ
3364 4235 3462 4305 τὴν
3484 4237 3544 4288 ἐν

1962 4331 2192 4401 ῥήμασι,
2223 4330 2318 4382 καὶ
2343 4329 2442 4400 τὴν
2466 4331 2524 4382 ἐν
2563 4328 2874 4398 πράγμασι,
2900 4328 2994 4380 καὶ
3021 4327 3118 4396 τὴν
3148 4329 3206 4379 ἐν
3240 4327 3442 4391 πάσαις
3469 4328 3547 4380 οξ-

1962 4421 2241 4491 κονομίαις
2285 4420 2420 4491 πρὸς
2447 4419 2539 4470 τὸν
2567 4419 2788 4490 Πατέρα
2833 4419 2963 4487 μίαν
2997 4419 3089 4472 καὶ
3125 4417 3222 4490 τὴν
3249 4417 3416 4489 αὐτὴν
3449 4415 3544 4472 οῦ-

1963 4529 2082 4578 σαν,
2125 4511 2308 4574 καθὼς
2345 4512 2438 4563 καὶ
2473 4509 2574 4580 ήδη
2615 4509 2871 4573 πολλάκις
2895 4508 3276 4580 ἀπεδείξαμεν.
3309 4511 3382 4563 Τὸ
3411 4511 3542 4582 γάρ,

1973 4605 2091 4658 Ἀπ’
2117 4605 2376 4673 ἐμαυτοῦ
2393 4605 2464 4657 οὐ
2483 4603 2671 4666 λαλῶ,
2693 4605 2792 4658 οὐκ
2813 4603 3057 4668 ἐξουσίας
3081 4604 3376 4673 ἀναίρεσις,
3409 4603 3544 4659 ἀλλά

1963 4695 2282 4765 συμφωνίας
2307 4695 2455 4748 ἐστὶν
2498 4695 2789 4760 ἀπόδειξις.
2823 4697 2948 4760 Πῶς
2989 4691 3082 4748 οὖν
3114 4694 3348 4749 ἐνταῦθά
3383 4713 3538 4766 φησι,

1961 4786 2138 4854 Πλὴν
2161 4788 2274 4854 οὐχ
2321 4787 2402 4851 ὡς
2433 4785 2549 4856 ἐγὼ
2591 4786 2764 4850 θέλω,
2807 4787 2946 4840 ἀλλ’
2986 4785 3066 4850 ὡς
3105 4786 3185 4838 σύ
3206 4801 3227 4848 ;
3278 4785 3431 4856 Τάχα
3461 4789 3543 4850 εἰς

1964 4877 2132 4930 πολὺν
2163 4878 2306 4948 ὑμᾶς
2329 4877 2515 4946 ἀγῶνα
2543 4877 2886 4946 ἐνεϐάλομεν,
2917 4875 3050 4930 ἀλλά
3087 4875 3406 4946 διανάστητε
3425 4892 3442 4907 ·
3491 4879 3540 4931 ει

1961 4969 2070 5040 γὰρ
2099 4970 2193 5022 καὶ¹
2225 4968 2393 5022 πολλά
2433 4969 2502 5022 τὰ
2553 4968 2847 5040 εἰρημένα,
2900 4967 3010 5039 [21]
3053 4967 3169 5021 ἀλλ’
3211 4964 3271 5021 εὖ
3317 4964 3433 5022 οἶδα
3459 4969 3542 5023 δτι

1962 5061 2142 5124 νεάζει
2165 5062 2318 5132 ὑμῶν
2352 5063 2385 5132 ἡ
2416 5060 2688 5132 προθυμία
2707 5075 2720 5089 ·
2752 5060 2887 5130 πρὸς
2908 5059 3016 5131 γάρ
3041 5061 3211 5130 αὐτὴν
3233 5059 3417 5113 λοιπὸν
3439 5060 3542 5129 τὴν

1962 5151 2114 5206 λύσιν
2147 5156 2174 5206 6
2197 5153 2350 5223 λόγος
2373 5153 2672 5221 ἐπείγεται.
2699 5151 2855 5215 Τίνος
2877 5148 2969 5205 οὖν
2999 5151 3182 5205 ἕνεκεν
3205 5151 3375 5214 οὕτως
3399 5151 3541 5222 εἴρη-

1961 5262 2084 5310 ται;
2115 5245 2416 5316 Προσέχετε
2445 5245 2579 5314 μετὰ
2605 5243 2908 5314 ἀκριϐείας.
2939 5244 3078 5298 Πολὺ
3107 5242 3542 5313 δυσπαράδεκτος

1935 5333 2028 5408 λῆν
2060 5338 2088 5389 6
2134 5337 2233 5406 τῆς
2287 5335 2616 5407 σαρκώσεως
2661 5336 2835 5405 λόγος.
2875 5338 2939 5390 Ἥ
2981 5337 3090 5408 γὰρ
3141 5335 3408 5408 ὑπερϐολὴ
3440 5335 3543 5405 τῆς

1964 5427 2374 5498 φιλανθρωπίας
2407 5426 2603 5492 αὑτοῦ,
2637 5428 2730 5482 καὶ
2768 5429 2831 5482 16
2870 5428 3098 5498 μέγεθος
3129 5428 3230 5497 τῆς
3262 5443 3540 5494 συγκατα-

1965 5521 2174 5583 ϐἁσεως
2198 5519 2354 5572 τοῦτο
2383 5520 2582 5592 φρίκης
2610 5521 2796 5590 ἔγεμε,
2820 5521 2914 5574 καὶ
2945 5519 3143 5592 πολλῆς
3167 5519 3344 5574 ἐδέετο
3371 5533 3544 5576 καταρ

2029 5692 2054 5722 ⁸
2077 5690 2200 5753 Reg.
2224 5689 2442 5748 ἀλλήλοις
2462 5691 2737 5754 δείκνυνται,
2762 5693 2805 5744 εἰ
2827 5707 2894 5754 γε.
