4010 6342
286 270 361 327 '57
998 264 1063 322 IN
1105 263 1331 331 ILLUD,
1374 264 1626 332 PATER,
1668 264 1727 320 Si
1766 262 2115 321 POSSlBlLE
2155 263 2311 334 EST,
2354 265 2747 333 TRANSEAT,
2792 267 2948 324 ETC.
3532 280 3601 336 πε

282 382 619 454 indigebant.
666 381 855 454 Cogita
883 389 1114 450 namque
1137 380 1295 451 quale
1343 380 1471 435 illud
1521 378 1678 434 fuerit
1714 378 1900 435 audire

286 487 356 531 ac
393 474 607 532 discere
654 474 824 531 Deum
874 472 1201 529 inelfabilem
1222 514 1237 540 ,
1271 471 1736 542 incorruptibilem
1757 513 1772 537 ,
1804 472 1898 541 qui

281 578 464 636 neque
532 566 734 637 percipi
807 573 991 621 mente
1035 572 1267 634 potest,
1323 576 1422 618 nec
1463 562 1633 617 oculis
1705 564 1893 627 cerni,

279 666 386 712 nec
426 656 536 712 ullo
574 657 736 712 modo
784 654 1168 725 comprehendi
1202 694 1218 720 ,
1263 652 1423 723 Cujus
1473 654 1524 707 in
1567 670 1722 706 manu
1778 663 1895 706 sunt

278 752 416 819 ﬁnes
471 760 619 805 terra
685 749 879 821 (Psal.
937 750 1026 805 94.
1078 748 1197 818 4),
1248 748 1348 815 Qui
1395 750 1598 819 respicit
1653 759 1843 802 terram
1874 790 1889 810 ,

278 851 330 896 et
396 856 509 897 eam
553 843 833 912 tremefecit
866 883 882 909 ,
938 842 1024 911 qui
1064 842 1225 912 tangit
1271 852 1463 894 utentes
1495 881 1511 906 ,
1542 851 1587 894 et
1635 841 1889 911 [instigant

281 930 477 1005 (Psal.
516 934 642 989 l05.
692 932 822 1005 52),
870 933 1024 1003 cujus
1065 933 1527 1002 attemperationis
1557 941 1887 985 momentum

276 1041 387 1085 nec
408 1029 523 1098 ipsa
542 1025 831 1083 Gherubim
862 1027 1004 1080 lerre
1035 1033 1341 1094 potuerunt,
1380 1024 1475 1079 sed
1506 1023 1759 1093 oppansis
1786 1023 1888 1076 alis

277 1122 450 1178 {acies
465 1122 839 1187 occultarum;
870 1120 1013 1175 hunc
1037 1120 1128 1190 qui
1159 1129 1395 1173 mentem
1417 1133 1633 1171 omnem
1659 1131 1888 1185 exsupe-

274 1224 401 1281 rat,
454 1226 781 1284 omnemque
826 1213 993 1268 vincit
1038 1211 1448 1282 cogitationem,
1510 1208 1889 1278 praetermissis

270 1306 491 1377 angelis
508 1347 526 1373 ,
557 1304 895 1376 archangelis
923 1303 1280 1373 omnibusque
1305 1299 1610 1355 caelestibus
1632 1314 1697 1354 ac
1723 1299 1886 1367 spiri-

268 1398 521 1453 ‘tualibus
544 1397 653 1452 illis
682 1397 990 1463 virtutibus,
1010 1394 1282 1449 hominem
1310 1392 1423 1447 ﬁeri
1446 1392 1719 1460 dignatum
1740 1406 1881 1456 esse,

267 1500 607 1559 carnemque
646 1487 715 1543 de
745 1498 887 1543 terra
922 1495 977 1543 et
1014 1484 1127 1541 luto
1171 1483 1456 1539 formatam
1485 1482 1839 1551 assumpsisse
1863 1522 1880 1544 ,

274 1591 444 1653 atque
471 1583 523 1636 in
548 1580 848 1651 virgineum
878 1578 1093 1635 venisse
1122 1588 1329 1633 uterum
1354 1618 1367 1639 ,
1409 1585 1465 1631 et
1503 1590 1694 1629 novem
1723 1589 1881 1628 men-

272 1672 420 1727 sium
445 1671 621 1742 spatio
645 1672 698 1726 in
726 1681 916 1726 ventre
938 1669 1099 1725 luisse
1122 1676 1410 1738 gestatum,
1430 1667 1566 1720 lacte
1595 1664 1877 1728 nutritum,

263 1772 333 1820 tt
356 1765 591 1819 humana
613 1772 804 1819 cuncta
832 1764 1111 1819 tolerasse.
1140 1760 1400 1829 Quoniam
1433 1759 1594 1828 igitur
1622 1757 1758 1813 adeo
1779 1754 1880 1810 fuit

270 1856 529 1914 mirabile
554 1857 700 1929 quod
732 1857 968 1912 futurum
1008 1863 1156 1935 erat,
1206 1864 1264 1909 ut
1312 1853 1473 1909 etiam
1502 1852 1629 1905 dum
1671 1850 1821 1905 ﬁeret
1847 1862 1877 1901 a

269 1954 463 2009 multis
488 1952 711 2008 minime
739 1950 1072 2013 crederetur,
1095 1949 1327 2019 primum
1348 1946 1562 2017 quidem
1592 1945 1878 2013 pr0phetas

269 2045 343 2101 ad
397 2047 503 2101 hoc
547 2045 722 2116 ipsum
768 2042 1188 2098 annuntiandum
1235 2038 1527 2109 praemisit,
1577 2046 1738 2105 atque
1774 2034 1878 2089 hoc

270 2134 451 2208 ipsum
498 2134 804 2206 patriarcha
843 2133 1169 2205 praedicebat
1206 2131 1290 2185 his
1334 2129 1512 2183 verbis
1559 2136 1716 2181 utens
1750 2143 1763 2178 :
1800 2123 1878 2179 De

270 2231 501 2300 germine
542 2224 845 2291 ascendisti,
900 2224 979 2294 ﬁli
1024 2223 1126 2286 mi;
1156 2222 1400 2276 recubans
1426 2218 1660 2272 dormisti
1704 2227 1759 2269 ut
1798 2216 1875 2269 lco

270 2319 435 2389 (Gen.
464 2318 556 2375 l9.
585 2319 665 2388 9).
695 2315 915 2373 llesaias
946 2324 1125 2370 autem
1153 2331 1167 2367 :
1198 2313 1331 2367 Ecce
1356 2312 1499 2382 virgo
1539 2311 1589 2362 in
1616 2318 1754 2361 utero
1783 2307 1878 2360 Ita-

268 2411 425 2473 bebit,
449 2418 499 2465 et
516 2411 678 2478 pariet
697 2409 882 2476 ﬁlium,
904 2415 949 2460 et
972 2404 1219 2460 uocabunt
1235 2418 1418 2457 nomen
1440 2402 1549 2472 ejus
1571 2397 1876 2452 Emmanuel

268 2500 481 2569 (uestri.
508 2499 563 2556 7.
594 2500 708 2570 14).
736 2500 801 2553 Et
820 2498 943 2552 alibi
963 2511 1150 2551 rursus
1173 2512 1186 2547 :
1211 2493 1443 2548 Vidimus
1466 2508 1582 2546 eum
1601 2492 1869 2562 infantem,

267 2602 525 2662 tamquam
548 2591 771 2645 radicem
793 2593 847 2643 in
876 2597 1012 2642 terra
1050 2586 1239 2641 sitienti
1282 2583 1485 2654 (Hesai.
1509 2583 1598 2638 55.
1626 2581 1708 2653 2).
1735 2580 1874 2634 Ter-

262 2696 384 2739 ram
410 2696 541 2738 vero
566 2682 837 2736 sitientem
863 2689 1075 2734 uterum
1116 2678 1246 2732 dicit
1266 2676 1564 2746 virgineum
1590 2716 1605 2740 ,
1634 2688 1700 2727 eo
1730 2670 1873 2741 quod

264 2774 505 2831 hominis
532 2788 716 2830 semen
746 2786 852 2828 non
874 2770 1202 2841 susceperit,
1232 2784 1407 2839 neque
1446 2768 1648 2824 coitum
1674 2766 1746 2821 sit
1773 2780 1871 2819 ex-

263 2876 483 2937 pertus,
511 2865 607 2921 sed
638 2866 839 2936 absque
869 2863 1121 2932 coniugio
1150 2861 1301 2915 illum
1335 2858 1625 2930 pepererit.
1652 2857 1718 2910 Et
1748 2871 1868 2910 rur-

256 2973 393 3022 sus,
444 2956 587 3011 Puer
635 2970 783 3010 natus
830 2964 902 3009 est
946 2954 1119 3018 nobis,
1174 2951 1314 3021 ﬁlius
1346 2960 1394 3003 et
1438 2950 1588 3002 datus
1618 2959 1689 3002 est
1728 2949 1870 3001 nobis

264 3049 472 3120 (Hemi.
505 3048 560 3104 9.
587 3048 670 3120 6),
724 3056 781 3103 et
800 3088 815 3113 ,
849 3047 1147 3118 Egredietur
1166 3044 1308 3115 uirga
1334 3043 1396 3098 de
1422 3042 1594 3095 radice
1620 3040 1765 3095 Iesse
1783 3080 1796 3103 ,
1822 3051 1870 3094 et

261 3142 359 3212 ﬂos
390 3141 457 3194 de
493 3140 665 3195 radice
693 3140 807 3205 eius
849 3139 1083 3193 ascendet
1111 3136 1261 3209 (Hes.
1294 3137 1381 3191 ll.
1419 3134 1485 3202 l).
1539 3134 1605 3188 Et
1657 3131 1865 3187 Bartsch

261 3234 402 3305 apud
418 3233 709 3290 Jeremiam
733 3251 747 3287 :
776 3231 874 3285 Hic
896 3230 1033 3285 Deus
1052 3239 1243 3295 noster,
1260 3245 1364 3281 non
1378 3226 1713 3281 testimabitur
1730 3226 1865 3278 alius

260 3336 447 3396 preter
478 3341 612 3381 eum.
643 3324 847 3379 Invenit
883 3338 1082 3379 onmem
1108 3323 1244 3377 viam
1270 3320 1591 3390 discipline,
1641 3328 1686 3372 et
1730 3317 1867 3371 dedit

258 3433 374 3472 eam
393 3417 562 3472 Iacob
585 3429 742 3488 puero
762 3431 880 3482 suo,
908 3424 957 3469 et
976 3412 1143 3470 Israel
1163 3413 1346 3467 dilecto
1371 3427 1483 3464 suo.
1511 3409 1637 3464 Post
1677 3408 1784 3463 lucc
1811 3410 1863 3462 in

260 3512 409 3564 terris
432 3511 570 3565 risus
592 3518 697 3576 est,
723 3518 774 3564 et
798 3522 914 3562 eum
940 3505 1225 3561 hominibus
1246 3512 1568 3558 conversatus
1599 3510 1673 3555 est
1712 3500 1859 3574 (Bar.

256 3603 316 3659 3.
348 3600 569 3674 36-38).
618 3602 781 3657 David
804 3603 973 3657 etiam
996 3600 1285 3655 adventum
1314 3594 1430 3666 eju's
1453 3598 1505 3650 in
1536 3610 1698 3651 carne
1720 3609 1862 3665 pra:-

257 3697 447 3751 dicans
471 3697 548 3750 ait
578 3713 593 3750 :
620 3694 902 3749 Descendet
940 3693 1070 3747 sicut
1117 3691 1289 3762 pluvia
1328 3690 1382 3743 in
1422 3688 1601 3751 vellus,
1646 3695 1691 3740 et
1732 3687 1861 3740 sicut

257 3786 581 3841 stillicidium
613 3785 815 3840 stillans
844 3799 996 3852 super
1035 3792 1220 3835 terram
1261 3779 1436 3851 (Psal.
1483 3780 1571 3832 71.
1610 3776 1700 3847 6),
1728 3792 1862 3847 quo-

255 3883 402 3937 niam
429 3880 632 3951 absque
652 3877 877 3948 strepitu
906 3880 957 3932 in
990 3876 1283 3946 virgineum
1314 3884 1521 3927 uterum
1553 3870 1725 3926 venit.

329 3996 383 4051 ι.
418 3991 675 4058 Marcion,
703 3989 1021 4053 Valentinus,
1064 3997 1111 4042 et
1144 3986 1457 4040 Manicheam
1484 3981 1858 4037 Incarnationis

255 4098 630 4159 oppugnatores
643 4083 982 4155 refelluntur;
1019 4080 1180 4133 altera
1216 4077 1348 4131 ratio
1386 4091 1476 4130 cur
1523 4074 1779 4145 passiones
1811 4080 1858 4125 et

256 4179 469 4246 allectus
495 4177 725 4233 Christus
751 4176 802 4229 in
832 4189 885 4228 se
913 4169 1370 4242 sust.eperit.—At
1397 4182 1502 4221 non
1534 4165 1858 4220 suﬁ'ecerunt

256 4272 376 4328 lucc
402 4268 741 4327 solummodo
772 4266 852 4341 (a)
871 4309 886 4333 ,
923 4266 1015 4320 sed
1044 4273 1099 4319 et
1125 4279 1244 4318 cum
1273 4261 1599 4322 advenisset,
1635 4270 1701 4313 ne
1749 4274 1851 4329 pu-

254 4373 462 4420 taretur
488 4376 609 4417 esse
635 4359 949 4430 phantasma
975 4354 1117 4427 quod
1142 4350 1322 4420 ﬁebat,
1352 4367 1461 4406 non
1492 4359 1712 4420 aspectu
1738 4348 1854 4402 solo

253 4470 369 4511 rem
396 4448 709 4509 credibilem
742 4448 953 4515 reddit,
986 4434 1349 4502 verumetiam'
1373 4442 1542 4497 multo
1573 4450 1813 4511 tempore
1833 4481 1848 4503 ,

252 4545 507 4616 quodque
543 4560 640 4616 per
662 4543 895 4598 humana
925 4548 1114 4596 cuncta
1143 4537 1471 4592 transiverit.
1500 4534 1683 4605 Neque
1704 4533 1846 4589 enim

251 4650 473 4708 quoquo
497 4633 657 4690 modo
696 4634 747 4688 in
776 4632 1049 4688 hominem
1079 4629 1372 4700 perlectum
1401 4638 1562 4696 atque
1605 4624 1847 4696 comple-

252 4737 368 4782 tum
398 4726 565 4788 venit.
595 4724 689 4781 sed
718 4725 771 4779 in
799 4732 1010 4778 uterum
1057 4719 1276 4791 virginis
1305 4719 1420 4772 :sic
1472 4724 1530 4769 ut
1577 4718 1735 4770 etiam
1795 4716 1846 4769 in

248 4820 407 4872 vulva
435 4826 761 4888 gestaretur,
808 4824 862 4869 et
892 4823 1104 4883 parturn
1145 4811 1453 4872 sustineret,
1486 4816 1542 4862 et
1570 4808 1721 4861 lactis
1746 4807 1847 4859 ali-

249 4922 518 4974 mentum,
552 4919 606 4964 et
633 4909 1044 4972 incrementum,
1074 4920 1139 4961 ac
1168 4919 1264 4975 per
1292 4903 1547 4973 temporis
1572 4901 1845 4969 prolixita-

248 5013 382 5069 tem,
404 5001 753 5069 omniumque
779 4998 1143 5053 diversitatem
1173 5005 1412 5059 aetatum,
1453 4992 1595 5063 quod
1620 4990 1846 5061 gereba-

247 5106 336 5152 tur
356 5092 617 5151 credibile
639 5092 904 5147 redderet.
930 5089 1067 5158 Quin
1090 5104 1157 5143 ne
1179 5087 1280 5143 hac
1299 5086 1511 5157 quidem
1534 5084 1847 5152 probatione

245 5195 537 5244 contentus
568 5184 689 5247 fuit,
716 5182 812 5237 sed
839 5192 893 5237 et
932 5195 1150 5235 carnem
1175 5177 1577 5239 circumferens,
1606 5191 1723 5230 eam
1752 5190 1848 5228 na-

243 5290 381 5334 tura:
410 5276 619 5347 perpeti
642 5273 959 5329 detrimenta
991 5272 1274 5342 permittit,
1299 5278 1352 5324 et
1381 5269 1586 5323 esurire
1612 5276 1667 5322 et
1694 5267 1846 5321 sitire

241 5380 297 5425 et
323 5369 565 5424 dormire
604 5374 662 5422 et
699 5365 903 5436 fatigari
935 5381 949 5419 :
976 5375 1246 5435 postremo
1302 5363 1461 5417 etiam
1507 5360 1573 5415 ad
1629 5375 1844 5415 crucem

243 5462 475 5519 veniens
510 5458 639 5515 sinit
680 5473 800 5513 eam
827 5469 951 5528 quas
986 5456 1168 5511 carnis
1222 5462 1347 5508 sunt
1395 5452 1523 5521 pati.
1556 5452 1844 5521 Pr0pterea

242 5567 482 5623 namque
511 5560 565 5606 et
587 5559 749 5621 guttai
771 5547 982 5603 sudoris
1006 5562 1069 5601 ex
1102 5545 1191 5600 illa
1221 5543 1502 5610 cadebant,
1534 5550 1591 5599 et
1621 5541 1845 5612 angelus

304 5733 382 5798 (a)
429 5730 637 5783 Affertur
659 5731 740 5783 hic
762 5729 903 5783 locus
922 5731 969 5780 in
994 5728 1172 5780 eodem
1193 5726 1403 5778 concilio
1434 5732 1489 5775 γι
1522 5726 1841 5779 (ccumeoico.

2009 391 2127 436 eam
2157 378 2491 437 eonfortasse
2517 382 2803 451 reperitur,
2850 393 2906 439 et
2953 384 3211 451 tristatur,
3265 398 3322 445 et
3378 400 3602 447 maestus

2005 480 2107 527 est.
2132 471 2286 527 Prius
2309 473 2475 539 enim,
2506 489 2667 545 quam
2705 476 2820 532 lucc
2867 476 3092 546 diceret,
3120 481 3195 537 ait
3224 497 3237 535 :
3276 484 3463 538 Anima
3487 502 3601 540 mea

2004 562 2206 618 turbata
2225 574 2317 631 est,
2349 575 2396 620 et
2423 566 2580 621 tristis
2604 576 2677 621 est
2708 584 2869 639 usque
2899 572 2969 625 ad
2997 585 3208 628 mortem
3236 577 3256 643 (
3284 575 3469 631 Matth.
3501 576 3599 636 26.

2003 655 2131 726 38).
2180 657 2234 711 Si
2264 658 2406 713 enim
2436 657 2522 713 his
2547 661 2797 717 omnibus
2835 665 3021 733 gestis,
3068 668 3357 736 malignum
3387 684 3449 723 os
3475 669 3597 724 dia-

2003 746 2108 802 boli
2161 764 2257 818 per
2306 749 2630 806 Marcionem
2668 752 2969 820 Ponticum,
3023 764 3079 810 et
3125 755 3485 824 Valentinum,
3540 768 3598 816 et

2001 837 2350 894 Manichaeum
2370 842 2608 909 Persam,
2633 851 2687 897 et
2706 844 2838 899 alios
2852 846 3028 915 plures
3058 846 3322 903 htcresum
3344 861 3595 907 auctores

1999 944 2301 986 sermonem
2316 932 2384 988 de
2404 932 2801 1004 diSpensatione
2818 935 2893 1009 (a)
2909 939 3097 1006 potuit,
3115 949 3371 1009 quantum
3392 943 3443 996 in
3463 944 3593 1014 ipsis

2000 1029 2136 1087 erat,
2156 1022 2489 1089 subvertere,
2508 1036 2562 1080 et
2579 1027 2868 1082 satanicam
2889 1042 3070 1084 vocem
3082 1032 3278 1099 emisit,
3297 1043 3354 1087 ut
3368 1033 3590 1102 diceret,

1998 1126 2122 1166 eum
2156 1130 2330 1185 neque
2355 1118 2683 1173 incarnatum
2714 1135 2854 1188 esse,
2885 1137 3057 1193 neque
3083 1138 3298 1180 carnem
3326 1127 3587 1197 induisse,

1994 1204 2092 1259 sed
2123 1209 2354 1276 speciem
2388 1210 2438 1264 id
2467 1213 2751 1281 quamdam
2781 1213 2966 1281 fuisse,
2997 1214 3334 1287 phantasma,
3365 1221 3591 1277 simula-

1996 1297 2193 1353 tionem
2239 1315 2303 1355 ac
2332 1302 2552 1357 mimum
2585 1322 2598 1359 :
2630 1307 2839 1360 tametsi
2884 1308 3182 1376 paSSioncs,
3228 1319 3285 1365 et
3330 1322 3498 1377 mors,
3532 1324 3588 1369 ct

1993 1392 2317 1461 sepulcrmn,
2353 1404 2407 1450 et
2455 1396 2623 1453 fames
2664 1401 3023 1457 reclamarent
3067 1420 3084 1459 :
3136 1406 3179 1459 si
3233 1406 3366 1461 nihil
3398 1410 3589 1463 horum

1990 1484 2322 1554 contigisset,
2345 1503 2522 1544 nonne
2545 1491 2713 1547 multo
2738 1494 2968 1564 amplius
2987 1496 3231 1552 diabolus
3260 1499 3374 1553 haec
3400 1500 3588 1571 impie-

1992 1578 2114 1627 tatis
2165 1577 2392 1643 pessima
2441 1580 2688 1650 dogmata
2735 1583 3177 1644 disseminasset?
3224 1587 3586 1657 Quamobrem

1989 1667 2127 1720 sicut
2146 1670 2387 1735 esurivit,
2410 1673 2550 1727 sicut
2579 1673 2826 1744 fatigatus
2853 1686 2954 1743 est,
2988 1680 3127 1734 sicut
3152 1680 3423 1750 dormivit,
3448 1683 3586 1739 sicut

1987 1759 2348 1827 manducavit,
2382 1765 2518 1819 sicut
2560 1766 2709 1831 bibit,
2741 1768 2819 1824 sic
2866 1779 2919 1824 et
2963 1782 3190 1827 mortem
3244 1784 3474 1843 recusat,
3529 1776 3583 1832 id

1985 1850 2134 1918 quod
2170 1861 2252 1906 est
2305 1854 2592 1911 humanum
2644 1861 2953 1926 ostendens,
2998 1872 3053 1918 et
3095 1864 3452 1922 infirmitatem
3483 1883 3583 1922 na-

1986 1948 2140 2006 turae,
2165 1960 2283 2012 quae
2312 1948 2466 2000 avelli
2497 1962 2555 2002 se
2590 1963 2619 2002 a
2651 1954 2897 2018 pnnsenti
2930 1954 3033 2007 vita
3082 1956 3199 2011 sine
3248 1957 3434 2014 dolore
3473 1974 3580 2016 non

1986 2034 2208 2102 patitur.
2236 2036 2368 2092 Nam
2395 2034 2438 2092 si
2462 2041 2592 2096 nihil
2612 2042 2800 2096 horum
2821 2044 3067 2111 dixisset,
3089 2049 3579 2117 potuissetdicere:

1984 2124 2038 2179 Si
2071 2126 2233 2181 homo
2257 2139 2390 2194 erat,
2422 2134 2705 2201 Oportebat
2726 2150 2849 2189 eum
2879 2137 2988 2206 pati
3018 2155 3136 2208 quae
3163 2139 3393 2196 hominis
3432 2156 3576 2198 sunt.

1982 2215 2239 2283 Quzenam
2264 2231 2440 2275 autem
2473 2223 2558 2277 illa
2587 2226 2748 2279 sunt?
2782 2225 2850 2281 Ut
2876 2229 3124 2283 nimirum
3147 2230 3237 2300 qui
3263 2232 3579 2303 crucifigen-

1981 2306 2083 2361 dus
2109 2316 2249 2371 erat,
2280 2308 2597 2368 formidaret
2626 2324 2679 2369 et
2699 2318 2891 2370 attxius
2916 2327 3090 2385 esset,
3121 2336 3220 2376 nec
3249 2323 3364 2378 sine
3391 2324 3579 2381 dolore

1981 2411 2011 2449 a
2041 2401 2292 2467 prmsenti
2328 2403 2434 2457 vita
2475 2405 2823 2473 avelleretur;
2855 2409 3115 2479 siquidem
3158 2412 3348 2468 insitus
3374 2426 3456 2470 est
3474 2426 3573 2470 na.

1983 2497 2115 2544 tura:
2145 2508 2299 2547 amor
2346 2499 2687 2565 pra-sentiam
2717 2515 2734 2553 :
2767 2511 3045 2570 propterea
3072 2518 3192 2559 cum
3224 2520 3409 2561 verum
3454 2521 3576 2564 esse

1980 2584 2157 2638 carnis
2208 2584 2576 2642 indumentum
2607 2590 2768 2645 vellet
2800 2594 3102 2661 ostendere,
3132 2611 3195 2651 ac
3213 2596 3572 2669 dispensatio.

1979 2688 2101 2728 nom
2126 2676 2435 2733 credibilem
2470 2681 2715 2746 reddere,
2747 2684 2909 2738 multa
2937 2699 3060 2739 cum
3105 2687 3567 2745 demonstratione

1979 2766 2259 2834 passiones
2302 2769 2442 2838 ipsas
2471 2771 2641 2827 nudas
2665 2777 2961 2844 proposuit.
2985 2777 3051 2832 Et
3077 2782 3191 2834 hsce
3228 2781 3441 2851 quidem
3470 2798 3573 2842 una

1976 2867 2059 2911 est
2084 2860 2219 2913 ratio
2247 2878 2261 2913 :
2293 2862 2387 2916 sed
2417 2871 2470 2917 et
2491 2865 2655 2917 altera
2674 2866 2916 2934 quaedam
2944 2879 3026 2922 est
3048 2869 3219 2926 nihilo
3240 2871 3340 2927 ista
3368 2874 3565 2930 minor.

1977 2948 2105 3005 llazc
2130 2966 2371 3021 quamam
2420 2955 2541 3009 est?
2594 2956 2897 3013 Adveniens
2923 2959 3171 3017 Christus
3202 2976 3416 3020 omnem
3456 2969 3569 3022 vir-

1977 3047 2144 3095 tutem
2191 3042 2436 3099 homines
2485 3044 2681 3101 docere
2710 3048 2957 3103 volebat:
2986 3059 3040 3105 at
3060 3052 3106 3106 is
3132 3053 3222 3123 qui
3271 3053 3430 3111 docet
3462 3074 3570 3113 nou

1975 3130 2141 3185 verbo
2170 3132 2341 3187 solum
2395 3135 2490 3189 sed
2518 3138 2678 3191 etiam
2725 3153 2892 3209 opere
2945 3141 3156 3197 instruit
3188 3160 3201 3196 :
3231 3145 3345 3201 hac
3368 3147 3568 3218 quippe

1975 3220 2210 3278 doctoris
2238 3225 2439 3294 optima
2466 3238 2550 3283 est
2584 3229 2849 3285 doctrina.
2902 3232 3342 3306 Quandoquidem
3370 3239 3561 3310 gubero

1974 3326 2129 3369 uator
2172 3332 2386 3387 quoque
2427 3319 2553 3375 dum
2598 3322 2915 3393 discipulum
2952 3327 3197 3393 collocat,
3255 3346 3361 3401 quo
3413 3344 3569 3403 pacto

1972 3408 2178 3463 clavum
2218 3418 2429 3478 tractet,
2468 3417 2724 3481 ostendit,
2778 3427 2832 3472 et
2853 3418 3009 3473 simul
3039 3421 3189 3489 operi
3220 3422 3443 3479 verbum
3469 3427 3554 3479 ad-

1965 3497 2160 3570 juugit,
2199 3511 2253 3556 et
2294 3518 2467 3574 neque
2493 3505 2728 3575 loquitur
2783 3511 3172 3577 tantummodo,
3228 3530 3398 3585 neque
3448 3525 3573 3571 ιλιι-ι

1971 3593 2248 3648 tummodo
2271 3606 2523 3664 operatur
2557 3616 2571 3651 :
2602 3599 2714 3667 pari
2736 3601 2942 3656 ratione
2979 3618 3100 3656 cum
3132 3589 3559 3662 mediutn'addu-

1968 3685 2041 3739 cit
2082 3701 2227 3754 eum,
2257 3704 2413 3757 quem
2445 3690 2511 3745 ad
2541 3693 2921 3749 exstruendutn
2963 3711 3171 3751 mni-nm
3204 3698 3563 3755 instructurus

1968 3786 2053 3831 est
2104 3779 2449 3848 architectus,
2475 3782 2631 3837 docet
2682 3784 2827 3839 illum
2859 3800 3042 3854 Opere,
3076 3788 3233 3842 docet
3271 3799 3323 3843 et
3354 3792 3555 3847 verbo:

1967 3869 2215 3925 similiter
2234 3882 2287 3926 et
2317 3881 2493 3927 textor
2520 3883 2575 3929 et
2604 3876 2829 3947 phrygio
2871 3887 2925 3931 ct
2954 3879 3067 3931 auri
3121 3879 3285 3945 fnsor,
3309 3890 3364 3937 et
3407 3882 3557 3939 faber

1964 3965 2188 4019 aerarius
2216 3972 2270 4019 et
2290 3967 2468 4021 omnis
2491 3967 2704 4029 artifex.
2727 3985 2846 4023 cum
2877 3970 3055 4025 verbis
3078 3970 3255 4039 docet,
3286 3983 3397 4030 tum
3420 3990 3555 4046 ope-4

1964 4056 2135 4112 ribus.
2162 4057 2386 4126 Quando
2416 4060 2576 4130 igitur
2599 4071 2653 4115 et
2682 4061 2797 4131 ipse
2822 4076 2919 4115 nos
2944 4062 3010 4117 ad
3056 4078 3271 4119 omnem
3303 4067 3553 4123 virtutem

1962 4150 2319 4206 instructurus
2344 4152 2584 4219 advenit,
2635 4162 2913 4223 propterea
2939 4165 2993 4209 et
3020 4171 3139 4225 qua:
3166 4155 3404 4213 facienda
3428 4168 3554 4215 sunt

1960 4244 2111 4310 dicit,
2139 4256 2194 4301 et
2220 4247 2332 4315 ipse
2360 4247 2581 4316 peragit.
2614 4246 2714 4310 Qui
2752 4248 2885 4300 enim
2913 4249 3108 4316 fecerit,
3146 4252 3336 4320 inquit,
3382 4262 3435 4306 et
3459 4253 3554 4307 dae

1960 4340 2138 4406 suerit,
2171 4340 2251 4393 hic
2275 4356 2488 4409 magnus
2516 4340 2774 4393 vocabitur
2796 4340 2851 4393 in
2877 4357 3033 4412 regno
3060 4342 3300 4397 ctzloruin
3323 4343 3549 4414 (Matth.

1960 4430 2015 4486 5.
2041 4430 2109 4485 l9
2130 4431 2279 4500 ).Sic
2320 4443 2499 4486 autem
2530 4447 2643 4487 rem
2667 4433 2908 4501 expende
2939 4450 2953 4486 :
2979 4433 3205 4489 humiles
3231 4445 3287 4489 ut
3309 4450 3552 4493 essemus

1960 4536 2023 4576 ac
2052 4524 2209 4577 mites
2239 4526 2511 4593 praecepit,
2544 4533 2601 4579 et
2638 4525 2818 4580 verbis
2842 4524 3023 4579 docuit
3055 4543 3068 4579 :
3106 4526 3225 4581 vide
3266 4543 3373 4597 quo
3394 4540 3554 4595 pacto

1959 4622 2014 4668 et
2039 4613 2200 4668 rebus
2231 4615 2358 4685 ipsis
2385 4615 2471 4670 illa
2519 4615 2780 4670 docuerit.
2808 4615 2945 4669 Cum
2969 4617 3109 4671 enim
3138 4617 3376 4682 uixisset,
3404 4616 3549 4673 Beati

1971 4717 2223 4771 pauperes
2249 4717 2462 4773 spiritu,
2497 4706 2638 4763 beati
2654 4709 2807 4763 mites
2823 4702 3241 4774 (Matt/1.5.5.4).
3264 4727 3370 4780 quo
3393 4723 3550 4780 pacto

1970 4792 2063 4847 ila
2102 4797 2409 4864 praestanda
2454 4799 2584 4862 sint,
2640 4801 2871 4855 indicat.
2912 4798 3160 4865 Quonam
3202 4816 3333 4871 ergo
3387 4816 3548 4872 pacto

1969 4884 2199 4942 docuit?
2230 4889 2366 4942 Cum
2404 4894 2707 4962 accepisset
2755 4894 3008 4954 linteum,
3047 4892 3332 4962 praecinxit
3372 4910 3455 4962 se,
3489 4905 3544 4949 et

1970 4975 2103 5030 lavit
2127 4977 2290 5048 pedes
2321 4980 2715 5051 discipulorum
2740 4981 2925 5049 (Joan.
2946 4981 3033 5035 l5.
3058 4980 3114 5036 4.
3145 4979 3220 5051 5).
3243 4982 3387 5048 Quid
3412 5000 3543 5041 cum

1956 5073 2055 5127 hac
2080 5071 2380 5127 humilitate
2422 5070 2650 5125 conferri
2678 5067 2891 5139 potest?
2916 5066 3031 5121 Non
3058 5067 3199 5122 enim
3220 5067 3332 5137 jam
3366 5068 3543 5125 verbis

1956 5174 2158 5220 tantum
2185 5163 2326 5218 illam
2351 5161 2526 5227 docet,
2548 5173 2732 5215 verum
2763 5159 2921 5213 etiam
2946 5157 3216 5227 operibus.
3238 5157 3555 5214 Mansuetus

1954 5260 2132 5314 dinem
2160 5272 2348 5312 rursus
2371 5263 2425 5309 et
2456 5253 2765 5325 patientiam
2808 5250 2966 5306 docet
2995 5251 3265 5320 cperibus.
3290 5250 3538 5317 Quonam

1954 5351 2147 5423 pacto?
2172 5351 2335 5420 Alapa
2360 5361 2646 5419 percussus
2669 5354 2752 5400 est
2776 5360 2806 5399 a
2836 5359 2993 5399 servo
3035 5342 3325 5414 pontiﬁcis,
3346 5352 3400 5397 et
3425 5345 3533 5396 ait:

1956 5448 2017 5502 Si
2040 5445 2240 5517 quidem
2282 5442 2415 5496 male
2443 5441 2677 5511 loquutus
2706 5455 2837 5503 sum,
2880 5437 3217 5491 testimonium
3247 5435 3449 5507 perhibe
3477 5440 3537 5486 de

1953 5544 2087 5595 mala
2115 5557 2132 5593 :
2161 5540 2204 5594 si
2251 5547 2417 5591 autem
2443 5537 2583 5599 bene,
2609 5533 2731 5604 quid
2766 5547 2844 5585 me
2868 5531 3019 5586 crrdis
3051 5528 3237 5601 (Joan.
3274 5527 3355 5582 l8.
3389 5526 3541 5595 25)?

2017 5656 2090 5718 (a)
2122 5662 2192 5703 De
2213 5648 2599 5718 Dispensatione,
2623 5647 2715 5696 hoc
2731 5650 2825 5718 est,
2844 5645 2908 5718 de
2932 5640 3278 5718 incarnatiptlxe'.‘
3288 5651 3438 5718 fluam
3466 5644 3544 5692 vel

1952 5699 2226 5784 negabant,
2241 5699 2321 5765 vel
2345 5699 2644 5776 ptazpostere
2668 5699 2976 5771 explicabunt
2998 5702 3214 5753 bteretici
3232 5699 3317 5752 illi.
