  <div class='ocr_page' id='page_1' title='image "/cluster/home/n/w/nwhite01/storage/ocr_20150623/51/nnc1.0046978275/039.png"; bbox 0 0 4010 6342; ppageno 0'>
   <div class='ocr_carea' id='block_1_1' title="bbox 414 197 3714 279">
    <p class='ocr_par' dir='ltr' id='par_1_1' title="bbox 414 197 3714 279">
     <span class='ocr_line' id='line_1_1' title="bbox 414 197 3714 279; baseline -0.008 0"><span class='ocrx_word' id='word_1_1' title='bbox 414 223 485 279; x_wconf 70' lang='lat'><strong>39</strong></span> <span class='ocrx_word' id='word_1_2' title='bbox 1131 210 1188 268; x_wconf 93' lang='lat' dir='ltr'><strong>S.</strong></span> <span class='ocrx_word' id='word_1_3' title='bbox 1229 205 1509 267; x_wconf 78' lang='lat' dir='ltr'><strong>JOANNIS</strong></span> <span class='ocrx_word' id='word_1_4' title='bbox 1545 199 2022 261; x_wconf 64' lang='lat' dir='ltr'><strong>CIIRYSOSTOBII</strong></span> <span class='ocrx_word' id='word_1_5' title='bbox 2062 198 2386 256; x_wconf 78' lang='lat' dir='ltr'><strong>ARCHIEP.</strong></span> <span class='ocrx_word' id='word_1_6' title='bbox 2425 198 2963 257; x_wconf 81' lang='lat' dir='ltr'><strong>CONSTANTINOP.</strong></span> <span class='ocrx_word' id='word_1_7' title='bbox 3640 197 3714 251; x_wconf 71' lang='grc' dir='ltr'>ω</span> 
     </span>
    </p>
   </div>
   <div class='ocr_carea' id='block_1_2' title="bbox 415 319 2010 400">
    <p class='ocr_par' dir='ltr' id='par_1_2' title="bbox 415 319 2010 400">
     <span class='ocr_line' id='line_1_2' title="bbox 415 319 2010 400; baseline -0.019 -1"><span class='ocrx_word' id='word_1_8' title='bbox 415 343 523 399; x_wconf 87' lang='lat' dir='ltr'><strong>Pro</strong></span> <span class='ocrx_word' id='word_1_9' title='bbox 563 336 792 394; x_wconf 89' lang='lat' dir='ltr'><strong>inimicis</strong></span> <span class='ocrx_word' id='word_1_10' title='bbox 820 346 975 387; x_wconf 90' lang='lat' dir='ltr'><strong>orare</strong></span> <span class='ocrx_word' id='word_1_11' title='bbox 1020 326 1309 400; x_wconf 74' lang='lat' dir='ltr'><strong>prmeepit:</strong></span> <span class='ocrx_word' id='word_1_12' title='bbox 1343 336 1529 379; x_wconf 84' lang='lat' dir='ltr'><strong>rursus</strong></span> <span class='ocrx_word' id='word_1_13' title='bbox 1555 320 1659 377; x_wconf 88' lang='lat' dir='ltr'><strong>hoc</strong></span> <span class='ocrx_word' id='word_1_14' title='bbox 1684 319 1843 375; x_wconf 89' lang='lat' dir='ltr'><strong>etiam</strong></span> <span class='ocrx_word' id='word_1_15' title='bbox 1881 331 2010 387; x_wconf 84' lang='lat' dir='ltr'><strong>cpe-</strong></span> 
     </span>
    </p>
   </div>
   <div class='ocr_carea' id='block_1_3' title="bbox 415 409 2007 490">
    <p class='ocr_par' dir='ltr' id='par_1_3' title="bbox 415 409 2007 490">
     <span class='ocr_line' id='line_1_3' title="bbox 415 409 2007 490; baseline -0.018 0"><span class='ocrx_word' id='word_1_16' title='bbox 415 435 563 490; x_wconf 88' lang='lat' dir='ltr'><strong>ribus</strong></span> <span class='ocrx_word' id='word_1_17' title='bbox 589 430 746 485; x_wconf 89' lang='lat' dir='ltr'><strong>docet</strong></span> <span class='ocrx_word' id='word_1_18' title='bbox 776 443 791 481; x_wconf 92' lang='lat'><strong>:</strong></span> <span class='ocrx_word' id='word_1_19' title='bbox 818 440 938 480; x_wconf 88' lang='lat' dir='ltr'><strong>cum</strong></span> <span class='ocrx_word' id='word_1_20' title='bbox 968 423 1110 477; x_wconf 91' lang='lat' dir='ltr'><strong>enim</strong></span> <span class='ocrx_word' id='word_1_21' title='bbox 1152 424 1207 474; x_wconf 91' lang='lat' dir='ltr'><strong>in</strong></span> <span class='ocrx_word' id='word_1_22' title='bbox 1232 432 1445 474; x_wconf 91' lang='lat' dir='ltr'><strong>crucem</strong></span> <span class='ocrx_word' id='word_1_23' title='bbox 1476 412 1827 477; x_wconf 79' lang='lat' dir='ltr'><strong>ascendisset,</strong></span> <span class='ocrx_word' id='word_1_24' title='bbox 1850 409 2007 473; x_wconf 78' lang='lat' dir='ltr'><strong>dixit,</strong></span> 
     </span>
    </p>
   </div>
   <div class='ocr_carea' id='block_1_4' title="bbox 418 503 2008 589">
    <p class='ocr_par' dir='ltr' id='par_1_4' title="bbox 418 503 2008 589">
     <span class='ocr_line' id='line_1_4' title="bbox 418 503 2008 589; baseline -0.016 -9"><span class='ocrx_word' id='word_1_25' title='bbox 418 525 595 589; x_wconf 81' lang='lat' dir='ltr'><strong>Pater,</strong></span> <span class='ocrx_word' id='word_1_26' title='bbox 625 520 819 576; x_wconf 89' lang='lat' dir='ltr'><strong>dimitte</strong></span> <span class='ocrx_word' id='word_1_27' title='bbox 838 518 941 572; x_wconf 92' lang='lat' dir='ltr'><strong>illis</strong></span> <span class='ocrx_word' id='word_1_28' title='bbox 965 532 1099 581; x_wconf 89' lang='lat' dir='ltr'><strong>;non</strong></span> <span class='ocrx_word' id='word_1_29' title='bbox 1122 514 1254 567; x_wconf 82' lang='lat' dir='ltr'><strong>enim</strong></span> <span class='ocrx_word' id='word_1_30' title='bbox 1275 512 1441 566; x_wconf 89' lang='lat' dir='ltr'><strong>sciunt</strong></span> <span class='ocrx_word' id='word_1_31' title='bbox 1474 507 1598 580; x_wconf 84' lang='lat' dir='ltr'><strong>quid</strong></span> <span class='ocrx_word' id='word_1_32' title='bbox 1628 504 1863 579; x_wconf 82' lang='lat' dir='ltr'><strong>faciunt(</strong></span> <span class='ocrx_word' id='word_1_33' title='bbox 1879 503 2008 557; x_wconf 87' lang='lat' dir='ltr'><strong>Luc.</strong></span> 
     </span>
    </p>
   </div>
   <div class='ocr_carea' id='block_1_5' title="bbox 413 597 2014 681">
    <p class='ocr_par' dir='ltr' id='par_1_5' title="bbox 413 597 2014 681">
     <span class='ocr_line' id='line_1_5' title="bbox 413 597 2014 681; baseline -0.016 -10"><span class='ocrx_word' id='word_1_34' title='bbox 413 616 504 671; x_wconf 69' lang='lat'><strong>25.</strong></span> <span class='ocrx_word' id='word_1_35' title='bbox 528 615 597 668; x_wconf 71' lang='grc'>54</span> <span class='ocrx_word' id='word_1_36' title='bbox 618 612 656 681; x_wconf 94' lang='grc'><strong>).</strong></span> <span class='ocrx_word' id='word_1_37' title='bbox 681 610 753 667; x_wconf 89' lang='lat' dir='ltr'><strong>Ut</strong></span> <span class='ocrx_word' id='word_1_38' title='bbox 781 609 941 679; x_wconf 90' lang='lat' dir='ltr'><strong>igitur</strong></span> <span class='ocrx_word' id='word_1_39' title='bbox 969 604 1221 676; x_wconf 66' lang='lat' dir='ltr'><strong>praecepit</strong></span> <span class='ocrx_word' id='word_1_40' title='bbox 1258 611 1316 657; x_wconf 94' lang='lat' dir='ltr'><strong>ut</strong></span> <span class='ocrx_word' id='word_1_41' title='bbox 1334 612 1631 663; x_wconf 88' lang='lat' dir='ltr'><strong>oraremus,</strong></span> <span class='ocrx_word' id='word_1_42' title='bbox 1681 597 1760 651; x_wconf 91' lang='lat' dir='ltr'><strong>sic</strong></span> <span class='ocrx_word' id='word_1_43' title='bbox 1795 602 1851 649; x_wconf 89' lang='lat' dir='ltr'><strong>et</strong></span> <span class='ocrx_word' id='word_1_44' title='bbox 1892 599 2014 647; x_wconf 94' lang='lat' dir='ltr'><strong>orat</strong></span> 
     </span>
    </p>
   </div>
   <div class='ocr_carea' id='block_1_6' title="bbox 417 686 2016 775">
    <p class='ocr_par' dir='ltr' id='par_1_6' title="bbox 417 686 2016 775">
     <span class='ocr_line' id='line_1_6' title="bbox 417 686 2016 775; baseline -0.015 -12"><span class='ocrx_word' id='word_1_45' title='bbox 417 710 553 775; x_wconf 84' lang='lat' dir='ltr'><strong>ipse,</strong></span> <span class='ocrx_word' id='word_1_46' title='bbox 595 714 757 772; x_wconf 92' lang='lat' dir='ltr'><strong>teque</strong></span> <span class='ocrx_word' id='word_1_47' title='bbox 784 701 942 755; x_wconf 90' lang='lat' dir='ltr'><strong>docet</strong></span> <span class='ocrx_word' id='word_1_48' title='bbox 966 713 1144 762; x_wconf 91' lang='lat' dir='ltr'><strong>orare,</strong></span> <span class='ocrx_word' id='word_1_49' title='bbox 1183 711 1306 751; x_wconf 91' lang='lat' dir='ltr'><strong>cum</strong></span> <span class='ocrx_word' id='word_1_50' title='bbox 1345 709 1442 747; x_wconf 89' lang='lat' dir='ltr'><strong>nec</strong></span> <span class='ocrx_word' id='word_1_51' title='bbox 1474 692 1587 763; x_wconf 90' lang='lat' dir='ltr'><strong>ipse</strong></span> <span class='ocrx_word' id='word_1_52' title='bbox 1613 686 1914 745; x_wconf 80' lang='lat' dir='ltr'><strong>dimittendi</strong></span> <span class='ocrx_word' id='word_1_53' title='bbox 1944 687 2016 739; x_wconf 87' lang='lat' dir='ltr'><strong>sit</strong></span> 
     </span>
    </p>
   </div>
   <div class='ocr_carea' id='block_1_7' title="bbox 417 780 2014 869">
    <p class='ocr_par' dir='ltr' id='par_1_7' title="bbox 417 780 2014 869">
     <span class='ocr_line' id='line_1_7' title="bbox 417 780 2014 869; baseline -0.014 -15"><span class='ocrx_word' id='word_1_54' title='bbox 417 808 681 869; x_wconf 77' lang='lat' dir='ltr'><strong>pmestate</strong></span> <span class='ocrx_word' id='word_1_55' title='bbox 720 794 1025 849; x_wconf 85' lang='lat' dir='ltr'><strong>destitutus.</strong></span> <span class='ocrx_word' id='word_1_56' title='bbox 1059 789 1322 857; x_wconf 61' lang='lat' dir='ltr'><strong>Praecepit</strong></span> <span class='ocrx_word' id='word_1_57' title='bbox 1362 801 1567 852; x_wconf 86' lang='lat' dir='ltr'><strong>rursus,</strong></span> <span class='ocrx_word' id='word_1_58' title='bbox 1597 794 1654 838; x_wconf 91' lang='lat' dir='ltr'><strong>ut</strong></span> <span class='ocrx_word' id='word_1_59' title='bbox 1691 784 1756 838; x_wconf 89' lang='lat' dir='ltr'><strong>iis</strong></span> <span class='ocrx_word' id='word_1_60' title='bbox 1797 780 1887 852; x_wconf 92' lang='lat' dir='ltr'><strong>qui</strong></span> <span class='ocrx_word' id='word_1_61' title='bbox 1917 793 2014 832; x_wconf 88' lang='lat' dir='ltr'><strong>nos</strong></span> 
     </span>
    </p>
   </div>
   <div class='ocr_carea' id='block_1_8' title="bbox 416 872 2013 947">
    <p class='ocr_par' dir='ltr' id='par_1_8' title="bbox 416 872 2013 947">
     <span class='ocr_line' id='line_1_8' title="bbox 416 872 2013 947; baseline -0.016 0"><span class='ocrx_word' id='word_1_62' title='bbox 416 893 649 947; x_wconf 88' lang='lat' dir='ltr'><strong>oderunt</strong></span> <span class='ocrx_word' id='word_1_63' title='bbox 688 885 1147 947; x_wconf 80' lang='lat' dir='ltr'><strong>benefaceremus,</strong></span> <span class='ocrx_word' id='word_1_64' title='bbox 1199 896 1261 935; x_wconf 90' lang='lat' dir='ltr'><strong>ac</strong></span> <span class='ocrx_word' id='word_1_65' title='bbox 1299 880 1368 934; x_wconf 89' lang='lat' dir='ltr'><strong>de</strong></span> <span class='ocrx_word' id='word_1_66' title='bbox 1417 878 1519 931; x_wconf 87' lang='lat' dir='ltr'><strong>illis</strong></span> <span class='ocrx_word' id='word_1_67' title='bbox 1555 877 1645 946; x_wconf 90' lang='lat' dir='ltr'><strong>qui</strong></span> <span class='ocrx_word' id='word_1_68' title='bbox 1676 891 1772 929; x_wconf 89' lang='lat' dir='ltr'><strong>nos</strong></span> <span class='ocrx_word' id='word_1_69' title='bbox 1809 872 2013 927; x_wconf 86' lang='lat' dir='ltr'><strong>calum-</strong></span> 
     </span>
    </p>
   </div>
   <div class='ocr_carea' id='block_1_9' title="bbox 419 965 2013 1043">
    <p class='ocr_par' dir='ltr' id='par_1_9' title="bbox 419 965 2013 1043">
     <span class='ocr_line' id='line_1_9' title="bbox 419 965 2013 1043; baseline -0.014 -5"><span class='ocrx_word' id='word_1_70' title='bbox 419 984 637 1039; x_wconf 86' lang='lat' dir='ltr'><strong>niantur</strong></span> <span class='ocrx_word' id='word_1_71' title='bbox 671 981 807 1035; x_wconf 89' lang='lat' dir='ltr'><strong>bene</strong></span> <span class='ocrx_word' id='word_1_72' title='bbox 844 988 1176 1031; x_wconf 88' lang='lat' dir='ltr'><strong>mereremur</strong></span> <span class='ocrx_word' id='word_1_73' title='bbox 1209 969 1433 1043; x_wconf 88' lang='lat' dir='ltr'><strong>(Matth.</strong></span> <span class='ocrx_word' id='word_1_74' title='bbox 1454 969 1506 1023; x_wconf 85' lang='lat'><strong>5.</strong></span> <span class='ocrx_word' id='word_1_75' title='bbox 1532 969 1598 1023; x_wconf 73' lang='lat' dir='ltr'><strong>M</strong></span> <span class='ocrx_word' id='word_1_76' title='bbox 1622 968 1638 1036; x_wconf 97' lang='lat'><strong>)</strong></span> <span class='ocrx_word' id='word_1_77' title='bbox 1664 982 1679 1019; x_wconf 92' lang='lat'><strong>:</strong></span> <span class='ocrx_word' id='word_1_78' title='bbox 1710 965 1811 1019; x_wconf 89' lang='lat' dir='ltr'><strong>hoc</strong></span> <span class='ocrx_word' id='word_1_79' title='bbox 1834 970 2013 1017; x_wconf 87' lang='lat' dir='ltr'><strong>autem</strong></span> 
     </span>
    </p>
   </div>
   <div class='ocr_carea' id='block_1_10' title="bbox 419 1058 2015 1143">
    <p class='ocr_par' dir='ltr' id='par_1_10' title="bbox 419 1058 2015 1143">
     <span class='ocr_line' id='line_1_10' title="bbox 419 1058 2015 1143; baseline -0.014 -14"><span class='ocrx_word' id='word_1_80' title='bbox 419 1060 586 1143; x_wconf 89' lang='lat' dir='ltr'><strong>opere</strong></span> <span class='ocrx_word' id='word_1_81' title='bbox 614 1072 729 1142; x_wconf 89' lang='lat' dir='ltr'><strong>ipso</strong></span> <span class='ocrx_word' id='word_1_82' title='bbox 758 1066 1047 1136; x_wconf 79' lang='lat' dir='ltr'><strong>complevit</strong></span> <span class='ocrx_word' id='word_1_83' title='bbox 1074 1082 1087 1116; x_wconf 92' lang='lat'><strong>:</strong></span> <span class='ocrx_word' id='word_1_84' title='bbox 1116 1063 1380 1133; x_wconf 91' lang='lat' dir='ltr'><strong>siquidem</strong></span> <span class='ocrx_word' id='word_1_85' title='bbox 1408 1076 1473 1114; x_wconf 82' lang='lat' dir='ltr'><strong>ex</strong></span> <span class='ocrx_word' id='word_1_86' title='bbox 1496 1058 1695 1113; x_wconf 60' lang='lat' dir='ltr'><strong>Judxis</strong></span> <span class='ocrx_word' id='word_1_87' title='bbox 1740 1058 2015 1110; x_wconf 68' lang='lat' dir='ltr'><strong>daemones</strong></span> 
     </span>
    </p>
   </div>
   <div class='ocr_carea' id='block_1_11' title="bbox 420 1149 2012 1233">
    <p class='ocr_par' dir='ltr' id='par_1_11' title="bbox 420 1149 2012 1233">
     <span class='ocr_line' id='line_1_11' title="bbox 420 1149 2012 1233; baseline -0.012 -14"><span class='ocrx_word' id='word_1_88' title='bbox 420 1163 645 1233; x_wconf 77' lang='lat' dir='ltr'><strong>expulit,</strong></span> <span class='ocrx_word' id='word_1_89' title='bbox 677 1177 705 1215; x_wconf 93' lang='lat' dir='ltr'><strong>a</strong></span> <span class='ocrx_word' id='word_1_90' title='bbox 738 1160 930 1231; x_wconf 85' lang='lat' dir='ltr'><strong>quibus</strong></span> <span class='ocrx_word' id='word_1_91' title='bbox 956 1165 1238 1225; x_wconf 88' lang='lat' dir='ltr'><strong>correptus</strong></span> <span class='ocrx_word' id='word_1_92' title='bbox 1268 1170 1297 1207; x_wconf 94' lang='lat' dir='ltr'><strong>a</strong></span> <span class='ocrx_word' id='word_1_93' title='bbox 1330 1153 1575 1207; x_wconf 69' lang='lat' dir='ltr'><strong>dmmonc</strong></span> <span class='ocrx_word' id='word_1_94' title='bbox 1620 1149 2012 1219; x_wconf 77' lang='lat' dir='ltr'><strong>appellabatur,</strong></span> 
     </span>
    </p>
   </div>
   <div class='ocr_carea' id='block_1_12' title="bbox 424 1239 2017 1323">
    <p class='ocr_par' dir='ltr' id='par_1_12' title="bbox 424 1239 2017 1323">
     <span class='ocr_line' id='line_1_12' title="bbox 424 1239 2017 1323; baseline -0.012 -13"><span class='ocrx_word' id='word_1_95' title='bbox 424 1262 808 1323; x_wconf 76' lang='lat' dir='ltr'><strong>persequentes</strong></span> <span class='ocrx_word' id='word_1_96' title='bbox 854 1265 913 1304; x_wconf 87' lang='lat' dir='ltr'><strong>se</strong></span> <span class='ocrx_word' id='word_1_97' title='bbox 961 1246 1240 1304; x_wconf 87' lang='lat' dir='ltr'><strong>beneficiis</strong></span> <span class='ocrx_word' id='word_1_98' title='bbox 1301 1242 1642 1307; x_wconf 89' lang='lat' dir='ltr'><strong>cumulabat,</strong></span> <span class='ocrx_word' id='word_1_99' title='bbox 1701 1239 2017 1294; x_wconf 85' lang='lat' dir='ltr'><strong>insidiantes</strong></span> 
     </span>
    </p>
   </div>
   <div class='ocr_carea' id='block_1_13' title="bbox 421 1329 2012 1412">
    <p class='ocr_par' dir='ltr' id='par_1_13' title="bbox 421 1329 2012 1412">
     <span class='ocr_line' id='line_1_13' title="bbox 421 1329 2012 1412; baseline -0.011 -13"><span class='ocrx_word' id='word_1_100' title='bbox 421 1346 617 1409; x_wconf 82' lang='lat' dir='ltr'><strong>alebat,</strong></span> <span class='ocrx_word' id='word_1_101' title='bbox 650 1342 962 1412; x_wconf 85' lang='lat' dir='ltr'><strong>crueiligere</strong></span> <span class='ocrx_word' id='word_1_102' title='bbox 990 1340 1232 1394; x_wconf 86' lang='lat' dir='ltr'><strong>volentes</strong></span> <span class='ocrx_word' id='word_1_103' title='bbox 1273 1335 1341 1391; x_wconf 89' lang='lat' dir='ltr'><strong>ad</strong></span> <span class='ocrx_word' id='word_1_104' title='bbox 1394 1348 1616 1404; x_wconf 91' lang='lat' dir='ltr'><strong>regnum</strong></span> <span class='ocrx_word' id='word_1_105' title='bbox 1649 1346 1811 1385; x_wconf 90' lang='lat' dir='ltr'><strong>manu</strong></span> <span class='ocrx_word' id='word_1_106' title='bbox 1849 1329 2012 1383; x_wconf 82' lang='lat' dir='ltr'><strong>duce-</strong></span> 
     </span>
    </p>
   </div>
   <div class='ocr_carea' id='block_1_14' title="bbox 423 1422 2020 1503">
    <p class='ocr_par' dir='ltr' id='par_1_14' title="bbox 423 1422 2020 1503">
     <span class='ocr_line' id='line_1_14' title="bbox 423 1422 2020 1503; baseline -0.014 -8"><span class='ocrx_word' id='word_1_107' title='bbox 423 1440 533 1495; x_wconf 96' lang='lat' dir='ltr'><strong>bat.</strong></span> <span class='ocrx_word' id='word_1_108' title='bbox 572 1439 778 1494; x_wconf 79' lang='lat' dir='ltr'><strong>Rursus</strong></span> <span class='ocrx_word' id='word_1_109' title='bbox 822 1436 887 1489; x_wconf 91' lang='lat' dir='ltr'><strong>ad</strong></span> <span class='ocrx_word' id='word_1_110' title='bbox 934 1433 1228 1503; x_wconf 91' lang='lat' dir='ltr'><strong>discipulos</strong></span> <span class='ocrx_word' id='word_1_111' title='bbox 1266 1430 1518 1484; x_wconf 88' lang='lat' dir='ltr'><strong>dicebat:</strong></span> <span class='ocrx_word' id='word_1_112' title='bbox 1552 1424 1728 1479; x_wconf 78' lang='lat' dir='ltr'><strong>Nolite</strong></span> <span class='ocrx_word' id='word_1_113' title='bbox 1765 1422 2020 1491; x_wconf 85' lang='lat' dir='ltr'><strong>possidere</strong></span> 
     </span>
    </p>
   </div>
   <div class='ocr_carea' id='block_1_15' title="bbox 422 1513 2018 1597">
    <p class='ocr_par' dir='ltr' id='par_1_15' title="bbox 422 1513 2018 1597">
     <span class='ocr_line' id='line_1_15' title="bbox 422 1513 2018 1597; baseline -0.013 -11"><span class='ocrx_word' id='word_1_114' title='bbox 422 1546 628 1595; x_wconf 83' lang='lat' dir='ltr'><strong>aurum,</strong></span> <span class='ocrx_word' id='word_1_115' title='bbox 684 1544 842 1597; x_wconf 85' lang='lat' dir='ltr'><strong>neque</strong></span> <span class='ocrx_word' id='word_1_116' title='bbox 896 1533 1179 1596; x_wconf 74' lang='lat' dir='ltr'><strong>argentum,</strong></span> <span class='ocrx_word' id='word_1_117' title='bbox 1246 1536 1406 1593; x_wconf 87' lang='lat' dir='ltr'><strong>neque</strong></span> <span class='ocrx_word' id='word_1_118' title='bbox 1458 1518 1723 1591; x_wconf 81' lang='lat' dir='ltr'><strong>pecuniam</strong></span> <span class='ocrx_word' id='word_1_119' title='bbox 1770 1516 1826 1568; x_wconf 87' lang='lat' dir='ltr'><strong>in</strong></span> <span class='ocrx_word' id='word_1_120' title='bbox 1875 1513 2018 1566; x_wconf 74' lang='lat' dir='ltr'><strong>zonis</strong></span> 
     </span>
    </p>
   </div>
   <div class='ocr_carea' id='block_1_16' title="bbox 424 1608 2016 1693">
    <p class='ocr_par' dir='ltr' id='par_1_16' title="bbox 424 1608 2016 1693">
     <span class='ocr_line' id='line_1_16' title="bbox 424 1608 2016 1693; baseline -0.01 -16"><span class='ocrx_word' id='word_1_121' title='bbox 424 1623 600 1677; x_wconf 76' lang='lat' dir='ltr'><strong>vestris</strong></span> <span class='ocrx_word' id='word_1_122' title='bbox 620 1619 842 1693; x_wconf 87' lang='lat' dir='ltr'><strong>(Matth.</strong></span> <span class='ocrx_word' id='word_1_123' title='bbox 869 1618 956 1673; x_wconf 88' lang='lat' dir='ltr'><strong>lO.</strong></span> <span class='ocrx_word' id='word_1_124' title='bbox 986 1618 1057 1687; x_wconf 89' lang='lat'><strong>9)</strong></span> <span class='ocrx_word' id='word_1_125' title='bbox 1082 1657 1099 1681; x_wconf 90' lang='lat'><strong>,</strong></span> <span class='ocrx_word' id='word_1_126' title='bbox 1130 1625 1189 1669; x_wconf 90' lang='lat' dir='ltr'><strong>ut</strong></span> <span class='ocrx_word' id='word_1_127' title='bbox 1229 1614 1295 1667; x_wconf 86' lang='lat' dir='ltr'><strong>ad</strong></span> <span class='ocrx_word' id='word_1_128' title='bbox 1325 1620 1694 1684; x_wconf 83' lang='lat' dir='ltr'><strong>paupertatem</strong></span> <span class='ocrx_word' id='word_1_129' title='bbox 1729 1608 1974 1663; x_wconf 89' lang='lat' dir='ltr'><strong>incitaret</strong></span> <span class='ocrx_word' id='word_1_130' title='bbox 2002 1623 2016 1661; x_wconf 90' lang='lat'><strong>:</strong></span> 
     </span>
    </p>
   </div>
   <div class='ocr_carea' id='block_1_17' title="bbox 424 1701 2020 1782">
    <p class='ocr_par' dir='ltr' id='par_1_17' title="bbox 424 1701 2020 1782">
     <span class='ocr_line' id='line_1_17' title="bbox 424 1701 2020 1782; baseline -0.011 -13"><span class='ocrx_word' id='word_1_131' title='bbox 424 1715 530 1769; x_wconf 83' lang='lat' dir='ltr'><strong>hoc</strong></span> <span class='ocrx_word' id='word_1_132' title='bbox 578 1728 763 1768; x_wconf 88' lang='lat' dir='ltr'><strong>rursus</strong></span> <span class='ocrx_word' id='word_1_133' title='bbox 808 1710 1058 1782; x_wconf 87' lang='lat' dir='ltr'><strong>operibus</strong></span> <span class='ocrx_word' id='word_1_134' title='bbox 1107 1706 1352 1771; x_wconf 87' lang='lat' dir='ltr'><strong>docebat,</strong></span> <span class='ocrx_word' id='word_1_135' title='bbox 1403 1718 1525 1758; x_wconf 91' lang='lat' dir='ltr'><strong>cum</strong></span> <span class='ocrx_word' id='word_1_136' title='bbox 1567 1702 1637 1756; x_wconf 91' lang='lat' dir='ltr'><strong>ita</strong></span> <span class='ocrx_word' id='word_1_137' title='bbox 1669 1701 2020 1770; x_wconf 85' lang='lat' dir='ltr'><strong>loqueretur:</strong></span> 
     </span>
    </p>
   </div>
   <div class='ocr_carea' id='block_1_18' title="bbox 438 1788 2022 1879">
    <p class='ocr_par' dir='ltr' id='par_1_18' title="bbox 438 1788 2022 1879">
     <span class='ocr_line' id='line_1_18' title="bbox 438 1788 2022 1879; baseline -0.013 -15"><span class='ocrx_word' id='word_1_138' title='bbox 438 1808 623 1879; x_wconf 83' lang='lat' dir='ltr'><strong>Vulpes</strong></span> <span class='ocrx_word' id='word_1_139' title='bbox 654 1811 822 1879; x_wconf 82' lang='lat' dir='ltr'><strong>foveas</strong></span> <span class='ocrx_word' id='word_1_140' title='bbox 861 1804 1084 1868; x_wconf 88' lang='lat' dir='ltr'><strong>habent,</strong></span> <span class='ocrx_word' id='word_1_141' title='bbox 1118 1813 1170 1854; x_wconf 90' lang='lat' dir='ltr'><strong>et</strong></span> <span class='ocrx_word' id='word_1_142' title='bbox 1204 1799 1429 1853; x_wconf 73' lang='lat' dir='ltr'><strong>volucres</strong></span> <span class='ocrx_word' id='word_1_143' title='bbox 1471 1794 1584 1849; x_wconf 78' lang='lat' dir='ltr'><strong>cteli</strong></span> <span class='ocrx_word' id='word_1_144' title='bbox 1633 1794 1779 1847; x_wconf 86' lang='lat' dir='ltr'><strong>nia‘os</strong></span> <span class='ocrx_word' id='word_1_145' title='bbox 1806 1806 1824 1845; x_wconf 94' lang='lat'><strong>:</strong></span> <span class='ocrx_word' id='word_1_146' title='bbox 1854 1788 2022 1844; x_wconf 87' lang='lat' dir='ltr'><strong>Filius</strong></span> 
     </span>
    </p>
   </div>
   <div class='ocr_carea' id='block_1_19' title="bbox 424 1881 2020 1957">
    <p class='ocr_par' dir='ltr' id='par_1_19' title="bbox 424 1881 2020 1957">
     <span class='ocr_line' id='line_1_19' title="bbox 424 1881 2020 1957; baseline -0.016 0"><span class='ocrx_word' id='word_1_147' title='bbox 424 1913 593 1957; x_wconf 77' lang='lat' dir='ltr'><strong>autem</strong></span> <span class='ocrx_word' id='word_1_148' title='bbox 632 1898 851 1953; x_wconf 75' lang='lat' dir='ltr'><strong>hominis</strong></span> <span class='ocrx_word' id='word_1_149' title='bbox 878 1912 980 1949; x_wconf 88' lang='lat' dir='ltr'><strong>non</strong></span> <span class='ocrx_word' id='word_1_150' title='bbox 1030 1892 1176 1946; x_wconf 81' lang='lat' dir='ltr'><strong>habet</strong></span> <span class='ocrx_word' id='word_1_151' title='bbox 1214 1890 1299 1944; x_wconf 89' lang='lat' dir='ltr'><strong>ubi</strong></span> <span class='ocrx_word' id='word_1_152' title='bbox 1341 1896 1492 1957; x_wconf 85' lang='lat' dir='ltr'><strong>caput</strong></span> <span class='ocrx_word' id='word_1_153' title='bbox 1542 1885 1748 1939; x_wconf 79' lang='lat' dir='ltr'><strong>reclinet</strong></span> <span class='ocrx_word' id='word_1_154' title='bbox 1794 1881 2020 1953; x_wconf 82' lang='lat' dir='ltr'><strong>(Matth.</strong></span> 
     </span>
    </p>
   </div>
   <div class='ocr_carea' id='block_1_20' title="bbox 425 1970 2022 2061">
    <p class='ocr_par' dir='ltr' id='par_1_20' title="bbox 425 1970 2022 2061">
     <span class='ocr_line' id='line_1_20' title="bbox 425 1970 2022 2061; baseline -0.016 -12"><span class='ocrx_word' id='word_1_155' title='bbox 425 1994 480 2049; x_wconf 88' lang='lat'><strong>8.</strong></span> <span class='ocrx_word' id='word_1_156' title='bbox 508 1993 619 2061; x_wconf 74' lang='lat'><strong>&#39;20)</strong></span> <span class='ocrx_word' id='word_1_157' title='bbox 654 2007 667 2044; x_wconf 92' lang='lat'><strong>:</strong></span> <span class='ocrx_word' id='word_1_158' title='bbox 693 2004 866 2058; x_wconf 88' lang='lat' dir='ltr'><strong>neque</strong></span> <span class='ocrx_word' id='word_1_159' title='bbox 888 2000 1073 2041; x_wconf 89' lang='lat' dir='ltr'><strong>mensa</strong></span> <span class='ocrx_word' id='word_1_160' title='bbox 1101 1983 1176 2039; x_wconf 69' lang='lat' dir='ltr'><strong>illi</strong></span> <span class='ocrx_word' id='word_1_161' title='bbox 1198 1991 1336 2047; x_wconf 88' lang='lat' dir='ltr'><strong>crat,</strong></span> <span class='ocrx_word' id='word_1_162' title='bbox 1367 1994 1473 2033; x_wconf 93' lang='lat' dir='ltr'><strong>non</strong></span> <span class='ocrx_word' id='word_1_163' title='bbox 1495 1976 1708 2040; x_wconf 87' lang='lat' dir='ltr'><strong>domus,</strong></span> <span class='ocrx_word' id='word_1_164' title='bbox 1742 1990 1847 2028; x_wconf 92' lang='lat' dir='ltr'><strong>non</strong></span> <span class='ocrx_word' id='word_1_165' title='bbox 1878 1970 2022 2026; x_wconf 88' lang='lat' dir='ltr'><strong>aliud</strong></span> 
     </span>
    </p>
   </div>
   <div class='ocr_carea' id='block_1_21' title="bbox 427 2063 2025 2157">
    <p class='ocr_par' dir='ltr' id='par_1_21' title="bbox 427 2063 2025 2157">
     <span class='ocr_line' id='line_1_21' title="bbox 427 2063 2025 2157; baseline -0.014 -17"><span class='ocrx_word' id='word_1_166' title='bbox 427 2084 718 2157; x_wconf 83' lang='lat' dir='ltr'><strong>quidquam</strong></span> <span class='ocrx_word' id='word_1_167' title='bbox 761 2077 1074 2149; x_wconf 76' lang='lat' dir='ltr'><strong>ejusmodi:</strong></span> <span class='ocrx_word' id='word_1_168' title='bbox 1120 2088 1226 2129; x_wconf 86' lang='lat' dir='ltr'><strong>non</strong></span> <span class='ocrx_word' id='word_1_169' title='bbox 1281 2069 1423 2143; x_wconf 91' lang='lat' dir='ltr'><strong>quod</strong></span> <span class='ocrx_word' id='word_1_170' title='bbox 1474 2084 1673 2138; x_wconf 84' lang='lat' dir='ltr'><strong>egenus</strong></span> <span class='ocrx_word' id='word_1_171' title='bbox 1725 2076 1889 2130; x_wconf 89' lang='lat' dir='ltr'><strong>esset,</strong></span> <span class='ocrx_word' id='word_1_172' title='bbox 1929 2063 2025 2117; x_wconf 89' lang='lat' dir='ltr'><strong>sed</strong></span> 
     </span>
    </p>
   </div>
   <div class='ocr_carea' id='block_1_22' title="bbox 428 2158 2023 2247">
    <p class='ocr_par' dir='ltr' id='par_1_22' title="bbox 428 2158 2023 2247">
     <span class='ocr_line' id='line_1_22' title="bbox 428 2158 2023 2247; baseline -0.016 -14"><span class='ocrx_word' id='word_1_173' title='bbox 428 2178 571 2247; x_wconf 82' lang='lat' dir='ltr'><strong>quod</strong></span> <span class='ocrx_word' id='word_1_174' title='bbox 620 2176 865 2232; x_wconf 84' lang='lat' dir='ltr'><strong>homines</strong></span> <span class='ocrx_word' id='word_1_175' title='bbox 912 2172 979 2226; x_wconf 89' lang='lat' dir='ltr'><strong>ad</strong></span> <span class='ocrx_word' id='word_1_176' title='bbox 1022 2169 1163 2224; x_wconf 90' lang='lat' dir='ltr'><strong>hanc</strong></span> <span class='ocrx_word' id='word_1_177' title='bbox 1204 2164 1554 2221; x_wconf 74' lang='lat' dir='ltr'><strong>insistendum</strong></span> <span class='ocrx_word' id='word_1_178' title='bbox 1596 2162 1737 2216; x_wconf 89' lang='lat' dir='ltr'><strong>viam</strong></span> <span class='ocrx_word' id='word_1_179' title='bbox 1766 2158 2023 2213; x_wconf 74' lang='lat' dir='ltr'><strong>erudit-et.</strong></span> 
     </span>
    </p>
   </div>
   <div class='ocr_carea' id='block_1_23' title="bbox 430 2250 2030 2328">
    <p class='ocr_par' dir='ltr' id='par_1_23' title="bbox 430 2250 2030 2328">
     <span class='ocr_line' id='line_1_23' title="bbox 430 2250 2030 2328; baseline -0.018 0"><span class='ocrx_word' id='word_1_180' title='bbox 430 2273 543 2328; x_wconf 77' lang='lat' dir='ltr'><strong>llac</strong></span> <span class='ocrx_word' id='word_1_181' title='bbox 595 2269 841 2325; x_wconf 89' lang='lat' dir='ltr'><strong>nimirum</strong></span> <span class='ocrx_word' id='word_1_182' title='bbox 891 2265 1099 2319; x_wconf 89' lang='lat' dir='ltr'><strong>ratione</strong></span> <span class='ocrx_word' id='word_1_183' title='bbox 1141 2259 1369 2315; x_wconf 89' lang='lat' dir='ltr'><strong>docebat</strong></span> <span class='ocrx_word' id='word_1_184' title='bbox 1414 2257 1534 2310; x_wconf 89' lang='lat' dir='ltr'><strong>illos</strong></span> <span class='ocrx_word' id='word_1_185' title='bbox 1562 2268 1738 2309; x_wconf 82' lang='lat' dir='ltr'><strong>orare.</strong></span> <span class='ocrx_word' id='word_1_186' title='bbox 1772 2250 2030 2305; x_wconf 87' lang='lat' dir='ltr'><strong>Dicebant</strong></span> 
     </span>
    </p>
   </div>
   <div class='ocr_carea' id='block_1_24' title="bbox 433 2339 2059 2434">
    <p class='ocr_par' dir='ltr' id='par_1_24' title="bbox 433 2339 2059 2434">
     <span class='ocr_line' id='line_1_24' title="bbox 433 2339 2059 2434; baseline -0.017 -14"><span class='ocrx_word' id='word_1_187' title='bbox 433 2365 598 2434; x_wconf 82' lang='lat' dir='ltr'><strong>igitur</strong></span> <span class='ocrx_word' id='word_1_188' title='bbox 643 2361 763 2415; x_wconf 90' lang='lat' dir='ltr'><strong>illi:</strong></span> <span class='ocrx_word' id='word_1_189' title='bbox 814 2356 955 2412; x_wconf 85' lang='lat' dir='ltr'><strong>Doce</strong></span> <span class='ocrx_word' id='word_1_190' title='bbox 1003 2370 1094 2407; x_wconf 87' lang='lat' dir='ltr'><strong>nos</strong></span> <span class='ocrx_word' id='word_1_191' title='bbox 1143 2366 1290 2405; x_wconf 86' lang='lat' dir='ltr'><strong>orare</strong></span> <span class='ocrx_word' id='word_1_192' title='bbox 1324 2346 1490 2420; x_wconf 85' lang='lat' dir='ltr'><strong>(Luc.</strong></span> <span class='ocrx_word' id='word_1_193' title='bbox 1540 2346 1629 2401; x_wconf 75' lang='grc'><strong>11.</strong></span> <span class='ocrx_word' id='word_1_194' title='bbox 1686 2339 1779 2414; x_wconf 64' lang='grc'>1).</span> <span class='ocrx_word' id='word_1_195' title='bbox 1827 2341 2059 2397; x_wconf 78' lang='lat' dir='ltr'><strong>Idcirco</strong></span> 
     </span>
    </p>
   </div>
   <div class='ocr_carea' id='block_1_25' title="bbox 433 2435 2029 2518">
    <p class='ocr_par' dir='ltr' id='par_1_25' title="bbox 433 2435 2029 2518">
     <span class='ocr_line' id='line_1_25' title="bbox 433 2435 2029 2518; baseline -0.015 -7"><span class='ocrx_word' id='word_1_196' title='bbox 433 2461 595 2511; x_wconf 85' lang='lat' dir='ltr'><strong>etiam</strong></span> <span class='ocrx_word' id='word_1_197' title='bbox 643 2462 781 2518; x_wconf 90' lang='lat' dir='ltr'><strong>orat,</strong></span> <span class='ocrx_word' id='word_1_198' title='bbox 815 2459 871 2504; x_wconf 91' lang='lat' dir='ltr'><strong>ut</strong></span> <span class='ocrx_word' id='word_1_199' title='bbox 895 2456 951 2503; x_wconf 92' lang='lat' dir='ltr'><strong>et</strong></span> <span class='ocrx_word' id='word_1_200' title='bbox 994 2445 1071 2500; x_wconf 91' lang='lat' dir='ltr'><strong>illi</strong></span> <span class='ocrx_word' id='word_1_201' title='bbox 1109 2443 1319 2498; x_wconf 88' lang='lat' dir='ltr'><strong>discant</strong></span> <span class='ocrx_word' id='word_1_202' title='bbox 1342 2455 1516 2495; x_wconf 89' lang='lat' dir='ltr'><strong>orare.</strong></span> <span class='ocrx_word' id='word_1_203' title='bbox 1548 2435 1657 2493; x_wconf 91' lang='lat' dir='ltr'><strong>Sed</strong></span> <span class='ocrx_word' id='word_1_204' title='bbox 1688 2450 1794 2489; x_wconf 93' lang='lat' dir='ltr'><strong>non</strong></span> <span class='ocrx_word' id='word_1_205' title='bbox 1822 2441 2029 2488; x_wconf 88' lang='lat' dir='ltr'><strong>tantum</strong></span> 
     </span>
    </p>
   </div>
   <div class='ocr_carea' id='block_1_26' title="bbox 433 2526 2031 2612">
    <p class='ocr_par' dir='ltr' id='par_1_26' title="bbox 433 2526 2031 2612">
     <span class='ocr_line' id='line_1_26' title="bbox 433 2526 2031 2612; baseline -0.017 -8"><span class='ocrx_word' id='word_1_206' title='bbox 433 2562 613 2612; x_wconf 85' lang='lat' dir='ltr'><strong>orare,</strong></span> <span class='ocrx_word' id='word_1_207' title='bbox 640 2541 1011 2605; x_wconf 85' lang='lat' dir='ltr'><strong>verutnetiam,</strong></span> <span class='ocrx_word' id='word_1_208' title='bbox 1040 2551 1145 2608; x_wconf 90' lang='lat' dir='ltr'><strong>quo</strong></span> <span class='ocrx_word' id='word_1_209' title='bbox 1169 2544 1323 2605; x_wconf 85' lang='lat' dir='ltr'><strong>pacto</strong></span> <span class='ocrx_word' id='word_1_210' title='bbox 1342 2532 1602 2588; x_wconf 88' lang='lat' dir='ltr'><strong>deberent</strong></span> <span class='ocrx_word' id='word_1_211' title='bbox 1621 2543 1798 2590; x_wconf 90' lang='lat' dir='ltr'><strong>orare,</strong></span> <span class='ocrx_word' id='word_1_212' title='bbox 1822 2526 2031 2581; x_wconf 79' lang='lat' dir='ltr'><strong>discere</strong></span> 
     </span>
    </p>
   </div>
   <div class='ocr_carea' id='block_1_27' title="bbox 435 2619 2032 2709">
    <p class='ocr_par' dir='ltr' id='par_1_27' title="bbox 435 2619 2032 2709">
     <span class='ocr_line' id='line_1_27' title="bbox 435 2619 2032 2709; baseline -0.018 -12"><span class='ocrx_word' id='word_1_213' title='bbox 435 2644 555 2698; x_wconf 88' lang='lat' dir='ltr'><strong>illos</strong></span> <span class='ocrx_word' id='word_1_214' title='bbox 587 2636 860 2709; x_wconf 90' lang='lat' dir='ltr'><strong>oportuit:</strong></span> <span class='ocrx_word' id='word_1_215' title='bbox 888 2640 1167 2703; x_wconf 88' lang='lat' dir='ltr'><strong>propterea</strong></span> <span class='ocrx_word' id='word_1_216' title='bbox 1213 2639 1407 2693; x_wconf 87' lang='lat' dir='ltr'><strong>nempe</strong></span> <span class='ocrx_word' id='word_1_217' title='bbox 1435 2621 1651 2677; x_wconf 88' lang='lat' dir='ltr'><strong>tradidit</strong></span> <span class='ocrx_word' id='word_1_218' title='bbox 1673 2630 1728 2674; x_wconf 91' lang='lat' dir='ltr'><strong>et</strong></span> <span class='ocrx_word' id='word_1_219' title='bbox 1779 2619 1885 2673; x_wconf 89' lang='lat' dir='ltr'><strong>illis</strong></span> <span class='ocrx_word' id='word_1_220' title='bbox 1913 2631 2032 2671; x_wconf 88' lang='lat' dir='ltr'><strong>ora-</strong></span> 
     </span>
    </p>
   </div>
   <div class='ocr_carea' id='block_1_28' title="bbox 435 2707 2032 2787">
    <p class='ocr_par' dir='ltr' id='par_1_28' title="bbox 435 2707 2032 2787">
     <span class='ocr_line' id='line_1_28' title="bbox 435 2707 2032 2787; baseline -0.018 0"><span class='ocrx_word' id='word_1_221' title='bbox 435 2707 640 2787; x_wconf 77' lang='lat' dir='ltr'><strong>tionem</strong></span> <span class='ocrx_word' id='word_1_222' title='bbox 666 2727 719 2782; x_wconf 90' lang='lat' dir='ltr'><strong>in</strong></span> <span class='ocrx_word' id='word_1_223' title='bbox 748 2726 862 2779; x_wconf 76' lang='lat' dir='ltr'><strong>lucc</strong></span> <span class='ocrx_word' id='word_1_224' title='bbox 889 2721 1051 2778; x_wconf 87' lang='lat' dir='ltr'><strong>verba</strong></span> <span class='ocrx_word' id='word_1_225' title='bbox 1078 2724 1390 2785; x_wconf 83' lang='lat' dir='ltr'><strong>conceptam</strong></span> <span class='ocrx_word' id='word_1_226' title='bbox 1420 2731 1433 2767; x_wconf 93' lang='lat'><strong>:</strong></span> <span class='ocrx_word' id='word_1_227' title='bbox 1469 2712 1624 2766; x_wconf 82' lang='lat' dir='ltr'><strong>Pater</strong></span> <span class='ocrx_word' id='word_1_228' title='bbox 1648 2719 1836 2774; x_wconf 86' lang='lat' dir='ltr'><strong>noster,</strong></span> <span class='ocrx_word' id='word_1_229' title='bbox 1859 2707 1944 2778; x_wconf 86' lang='lat' dir='ltr'><strong>qui</strong></span> <span class='ocrx_word' id='word_1_230' title='bbox 1980 2722 2032 2759; x_wconf 86' lang='lat' dir='ltr'><strong>es</strong></span> 
     </span>
    </p>
   </div>
   <div class='ocr_carea' id='block_1_29' title="bbox 434 2803 2034 2887">
    <p class='ocr_par' dir='ltr' id='par_1_29' title="bbox 434 2803 2034 2887">
     <span class='ocr_line' id='line_1_29' title="bbox 434 2803 2034 2887; baseline -0.02 -6"><span class='ocrx_word' id='word_1_231' title='bbox 434 2828 490 2881; x_wconf 85' lang='lat' dir='ltr'><strong>in</strong></span> <span class='ocrx_word' id='word_1_232' title='bbox 527 2822 683 2887; x_wconf 75' lang='lat' dir='ltr'><strong>uelis,</strong></span> <span class='ocrx_word' id='word_1_233' title='bbox 733 2817 1073 2886; x_wconf 79' lang='lat' dir='ltr'><strong>sanctiﬁcetur</strong></span> <span class='ocrx_word' id='word_1_234' title='bbox 1114 2826 1298 2865; x_wconf 87' lang='lat' dir='ltr'><strong>nomen</strong></span> <span class='ocrx_word' id='word_1_235' title='bbox 1326 2816 1488 2861; x_wconf 85' lang='lat' dir='ltr'><strong>tuum.</strong></span> <span class='ocrx_word' id='word_1_236' title='bbox 1536 2803 1780 2858; x_wconf 82' lang='lat' dir='ltr'><strong>Adveniat</strong></span> <span class='ocrx_word' id='word_1_237' title='bbox 1821 2814 2034 2870; x_wconf 71' lang='lat' dir='ltr'><strong>regnum</strong></span> 
     </span>
    </p>
   </div>
   <div class='ocr_carea' id='block_1_30' title="bbox 436 2889 2033 2975">
    <p class='ocr_par' dir='ltr' id='par_1_30' title="bbox 436 2889 2033 2975">
     <span class='ocr_line' id='line_1_30' title="bbox 436 2889 2033 2975; baseline -0.021 0"><span class='ocrx_word' id='word_1_238' title='bbox 436 2933 599 2975; x_wconf 82' lang='lat' dir='ltr'><strong>tuum.</strong></span> <span class='ocrx_word' id='word_1_239' title='bbox 629 2915 744 2970; x_wconf 85' lang='lat' dir='ltr'><strong>Fiat</strong></span> <span class='ocrx_word' id='word_1_240' title='bbox 764 2913 994 2968; x_wconf 81' lang='lat' dir='ltr'><strong>uoluntas</strong></span> <span class='ocrx_word' id='word_1_241' title='bbox 1023 2917 1139 2971; x_wconf 91' lang='lat' dir='ltr'><strong>tua,</strong></span> <span class='ocrx_word' id='word_1_242' title='bbox 1164 2904 1293 2958; x_wconf 87' lang='lat' dir='ltr'><strong>sicut</strong></span> <span class='ocrx_word' id='word_1_243' title='bbox 1327 2902 1379 2955; x_wconf 92' lang='lat' dir='ltr'><strong>in</strong></span> <span class='ocrx_word' id='word_1_244' title='bbox 1408 2898 1534 2953; x_wconf 72' lang='lat' dir='ltr'><strong>cwlo</strong></span> <span class='ocrx_word' id='word_1_245' title='bbox 1551 2908 1599 2951; x_wconf 91' lang='lat' dir='ltr'><strong>et</strong></span> <span class='ocrx_word' id='word_1_246' title='bbox 1628 2897 1679 2949; x_wconf 88' lang='lat' dir='ltr'><strong>in</strong></span> <span class='ocrx_word' id='word_1_247' title='bbox 1724 2904 1879 2948; x_wconf 89' lang='lat' dir='ltr'><strong>terra.</strong></span> <span class='ocrx_word' id='word_1_248' title='bbox 1921 2889 2033 2944; x_wconf 84' lang='lat' dir='ltr'><strong>Pa-</strong></span> 
     </span>
    </p>
   </div>
   <div class='ocr_carea' id='block_1_31' title="bbox 436 2983 2035 3075">
    <p class='ocr_par' dir='ltr' id='par_1_31' title="bbox 436 2983 2035 3075">
     <span class='ocr_line' id='line_1_31' title="bbox 436 2983 2035 3075; baseline -0.018 -7"><span class='ocrx_word' id='word_1_249' title='bbox 436 3028 551 3068; x_wconf 78' lang='lat' dir='ltr'><strong>nem</strong></span> <span class='ocrx_word' id='word_1_250' title='bbox 573 3017 802 3064; x_wconf 86' lang='lat' dir='ltr'><strong>nostrum</strong></span> <span class='ocrx_word' id='word_1_251' title='bbox 835 3001 1186 3075; x_wconf 88' lang='lat' dir='ltr'><strong>quotidianum</strong></span> <span class='ocrx_word' id='word_1_252' title='bbox 1230 2995 1296 3049; x_wconf 87' lang='lat' dir='ltr'><strong>da</strong></span> <span class='ocrx_word' id='word_1_253' title='bbox 1332 2992 1475 3047; x_wconf 85' lang='lat' dir='ltr'><strong>nobis</strong></span> <span class='ocrx_word' id='word_1_254' title='bbox 1503 2990 1672 3044; x_wconf 81' lang='lat' dir='ltr'><strong>hodie.</strong></span> <span class='ocrx_word' id='word_1_255' title='bbox 1724 2986 1790 3041; x_wconf 83' lang='lat' dir='ltr'><strong>Et</strong></span> <span class='ocrx_word' id='word_1_256' title='bbox 1840 2983 2035 3040; x_wconf 74' lang='lat' dir='ltr'><strong>dimitte</strong></span> 
     </span>
    </p>
   </div>
   <div class='ocr_carea' id='block_1_32' title="bbox 436 3076 2036 3160">
    <p class='ocr_par' dir='ltr' id='par_1_32' title="bbox 436 3076 2036 3160">
     <span class='ocr_line' id='line_1_32' title="bbox 436 3076 2036 3160; baseline -0.016 0"><span class='ocrx_word' id='word_1_257' title='bbox 436 3104 581 3160; x_wconf 83' lang='lat' dir='ltr'><strong>nobis</strong></span> <span class='ocrx_word' id='word_1_258' title='bbox 619 3100 787 3155; x_wconf 87' lang='lat' dir='ltr'><strong>debita</strong></span> <span class='ocrx_word' id='word_1_259' title='bbox 822 3106 1017 3159; x_wconf 88' lang='lat' dir='ltr'><strong>nostra,</strong></span> <span class='ocrx_word' id='word_1_260' title='bbox 1040 3092 1167 3144; x_wconf 82' lang='lat' dir='ltr'><strong>sicut</strong></span> <span class='ocrx_word' id='word_1_261' title='bbox 1198 3096 1243 3141; x_wconf 83' lang='lat' dir='ltr'><strong>et</strong></span> <span class='ocrx_word' id='word_1_262' title='bbox 1277 3103 1368 3140; x_wconf 88' lang='lat' dir='ltr'><strong>nos</strong></span> <span class='ocrx_word' id='word_1_263' title='bbox 1405 3076 2036 3148; x_wconf 63' lang='lat' dir='ltr'><strong>dimittimusdebitoribus</strong></span> 
     </span>
    </p>
   </div>
   <div class='ocr_carea' id='block_1_33' title="bbox 439 3171 2033 3253">
    <p class='ocr_par' dir='ltr' id='par_1_33' title="bbox 439 3171 2033 3253">
     <span class='ocr_line' id='line_1_33' title="bbox 439 3171 2033 3253; baseline -0.022 0"><span class='ocrx_word' id='word_1_264' title='bbox 439 3195 651 3253; x_wconf 88' lang='lat' dir='ltr'><strong>nostris.</strong></span> <span class='ocrx_word' id='word_1_265' title='bbox 678 3190 745 3245; x_wconf 83' lang='lat' dir='ltr'><strong>Et</strong></span> <span class='ocrx_word' id='word_1_266' title='bbox 770 3205 832 3243; x_wconf 91' lang='lat' dir='ltr'><strong>ne</strong></span> <span class='ocrx_word' id='word_1_267' title='bbox 861 3203 953 3241; x_wconf 89' lang='lat' dir='ltr'><strong>nos</strong></span> <span class='ocrx_word' id='word_1_268' title='bbox 972 3184 1184 3239; x_wconf 78' lang='lat' dir='ltr'><strong>inducas</strong></span> <span class='ocrx_word' id='word_1_269' title='bbox 1209 3182 1261 3234; x_wconf 88' lang='lat' dir='ltr'><strong>in</strong></span> <span class='ocrx_word' id='word_1_270' title='bbox 1284 3176 1649 3244; x_wconf 84' lang='lat' dir='ltr'><strong>tentationem(</strong></span> <span class='ocrx_word' id='word_1_271' title='bbox 1680 3171 1762 3226; x_wconf 83' lang='lat' dir='ltr'><strong>Ib.</strong></span> <span class='ocrx_word' id='word_1_272' title='bbox 1788 3189 1840 3231; x_wconf 72' lang='grc' dir='ltr'><strong>υ,</strong></span> <span class='ocrx_word' id='word_1_273' title='bbox 1870 3172 2033 3243; x_wconf 61' lang='grc'>24),</span> 
     </span>
    </p>
   </div>
   <div class='ocr_carea' id='block_1_34' title="bbox 438 3268 2037 3352">
    <p class='ocr_par' dir='ltr' id='par_1_34' title="bbox 438 3268 2037 3352">
     <span class='ocr_line' id='line_1_34' title="bbox 438 3268 2037 3352; baseline -0.016 -7"><span class='ocrx_word' id='word_1_274' title='bbox 438 3292 544 3345; x_wconf 90' lang='lat' dir='ltr'><strong>hoc</strong></span> <span class='ocrx_word' id='word_1_275' title='bbox 597 3296 719 3350; x_wconf 73' lang='lat' dir='ltr'><strong>est,</strong></span> <span class='ocrx_word' id='word_1_276' title='bbox 772 3286 825 3339; x_wconf 90' lang='lat' dir='ltr'><strong>in</strong></span> <span class='ocrx_word' id='word_1_277' title='bbox 880 3280 1194 3352; x_wconf 90' lang='lat' dir='ltr'><strong>periculum,</strong></span> <span class='ocrx_word' id='word_1_278' title='bbox 1250 3275 1304 3329; x_wconf 92' lang='lat' dir='ltr'><strong>in</strong></span> <span class='ocrx_word' id='word_1_279' title='bbox 1355 3270 1595 3328; x_wconf 86' lang='lat' dir='ltr'><strong>insidias.</strong></span> <span class='ocrx_word' id='word_1_280' title='bbox 1623 3268 1848 3341; x_wconf 86' lang='lat' dir='ltr'><strong>Quando</strong></span> <span class='ocrx_word' id='word_1_281' title='bbox 1878 3268 2037 3338; x_wconf 84' lang='lat' dir='ltr'><strong>igitur</strong></span> 
     </span>
    </p>
   </div>
   <div class='ocr_carea' id='block_1_35' title="bbox 439 3358 2036 3449">
    <p class='ocr_par' dir='ltr' id='par_1_35' title="bbox 439 3358 2036 3449">
     <span class='ocr_line' id='line_1_35' title="bbox 439 3358 2036 3449; baseline -0.016 -12"><span class='ocrx_word' id='word_1_282' title='bbox 439 3396 597 3437; x_wconf 88' lang='lat' dir='ltr'><strong>orare</strong></span> <span class='ocrx_word' id='word_1_283' title='bbox 638 3377 827 3449; x_wconf 82' lang='lat' dir='ltr'><strong>jussit,</strong></span> <span class='ocrx_word' id='word_1_284' title='bbox 872 3372 956 3427; x_wconf 85' lang='lat' dir='ltr'><strong>Ne</strong></span> <span class='ocrx_word' id='word_1_285' title='bbox 999 3387 1089 3424; x_wconf 89' lang='lat' dir='ltr'><strong>nos</strong></span> <span class='ocrx_word' id='word_1_286' title='bbox 1128 3368 1343 3422; x_wconf 86' lang='lat' dir='ltr'><strong>inducas</strong></span> <span class='ocrx_word' id='word_1_287' title='bbox 1391 3364 1444 3417; x_wconf 87' lang='lat' dir='ltr'><strong>in</strong></span> <span class='ocrx_word' id='word_1_288' title='bbox 1501 3364 1846 3427; x_wconf 88' lang='lat' dir='ltr'><strong>tentationem,</strong></span> <span class='ocrx_word' id='word_1_289' title='bbox 1896 3358 2036 3414; x_wconf 86' lang='lat' dir='ltr'><strong>istud</strong></span> 
     </span>
    </p>
   </div>
   <div class='ocr_carea' id='block_1_36' title="bbox 441 3452 2039 3546">
    <p class='ocr_par' dir='ltr' id='par_1_36' title="bbox 441 3452 2039 3546">
     <span class='ocr_line' id='line_1_36' title="bbox 441 3452 2039 3546; baseline -0.017 -15"><span class='ocrx_word' id='word_1_290' title='bbox 441 3475 618 3546; x_wconf 88' lang='lat' dir='ltr'><strong>ipsum</strong></span> <span class='ocrx_word' id='word_1_291' title='bbox 648 3469 824 3539; x_wconf 85' lang='lat' dir='ltr'><strong>reipsa</strong></span> <span class='ocrx_word' id='word_1_292' title='bbox 852 3465 1013 3521; x_wconf 90' lang='lat' dir='ltr'><strong>docet</strong></span> <span class='ocrx_word' id='word_1_293' title='bbox 1050 3462 1171 3517; x_wconf 90' lang='lat' dir='ltr'><strong>illos</strong></span> <span class='ocrx_word' id='word_1_294' title='bbox 1190 3500 1206 3525; x_wconf 94' lang='lat'><strong>,</strong></span> <span class='ocrx_word' id='word_1_295' title='bbox 1236 3459 1363 3513; x_wconf 90' lang='lat' dir='ltr'><strong>dum</strong></span> <span class='ocrx_word' id='word_1_296' title='bbox 1394 3456 1489 3524; x_wconf 86' lang='lat' dir='ltr'><strong>ait,</strong></span> <span class='ocrx_word' id='word_1_297' title='bbox 1519 3456 1697 3522; x_wconf 86' lang='lat' dir='ltr'><strong>Pater,</strong></span> <span class='ocrx_word' id='word_1_298' title='bbox 1735 3454 1777 3508; x_wconf 91' lang='lat' dir='ltr'><strong>si</strong></span> <span class='ocrx_word' id='word_1_299' title='bbox 1803 3452 2039 3525; x_wconf 82' lang='lat' dir='ltr'><strong>possibile</strong></span> 
     </span>
    </p>
   </div>
   <div class='ocr_carea' id='block_1_37' title="bbox 441 3545 2034 3629">
    <p class='ocr_par' dir='ltr' id='par_1_37' title="bbox 441 3545 2034 3629">
     <span class='ocr_line' id='line_1_37' title="bbox 441 3545 2034 3629; baseline -0.014 -10"><span class='ocrx_word' id='word_1_300' title='bbox 441 3545 535 3629; x_wconf 81' lang='lat' dir='ltr'><strong>est,</strong></span> <span class='ocrx_word' id='word_1_301' title='bbox 563 3569 785 3617; x_wconf 83' lang='lat' dir='ltr'><strong>transeat</strong></span> <span class='ocrx_word' id='word_1_302' title='bbox 801 3576 833 3612; x_wconf 91' lang='lat' dir='ltr'><strong>a</strong></span> <span class='ocrx_word' id='word_1_303' title='bbox 860 3574 940 3611; x_wconf 91' lang='lat' dir='ltr'><strong>me</strong></span> <span class='ocrx_word' id='word_1_304' title='bbox 963 3555 1100 3609; x_wconf 67' lang='lat' dir='ltr'><strong>calin:</strong></span> <span class='ocrx_word' id='word_1_305' title='bbox 1125 3553 1238 3616; x_wconf 85' lang='lat' dir='ltr'><strong>iste,</strong></span> <span class='ocrx_word' id='word_1_306' title='bbox 1269 3550 1397 3608; x_wconf 89' lang='lat' dir='ltr'><strong>dum</strong></span> <span class='ocrx_word' id='word_1_307' title='bbox 1420 3564 1607 3605; x_wconf 88' lang='lat' dir='ltr'><strong>omnes</strong></span> <span class='ocrx_word' id='word_1_308' title='bbox 1623 3555 1837 3601; x_wconf 92' lang='lat' dir='ltr'><strong>sanctos</strong></span> <span class='ocrx_word' id='word_1_309' title='bbox 1856 3545 2034 3611; x_wconf 89' lang='lat' dir='ltr'><strong>docet,</strong></span> 
     </span>
    </p>
   </div>
   <div class='ocr_carea' id='block_1_38' title="bbox 443 3638 2033 3726">
    <p class='ocr_par' dir='ltr' id='par_1_38' title="bbox 443 3638 2033 3726">
     <span class='ocr_line' id='line_1_38' title="bbox 443 3638 2033 3726; baseline -0.016 -13"><span class='ocrx_word' id='word_1_310' title='bbox 443 3674 513 3713; x_wconf 90' lang='lat' dir='ltr'><strong>ne</strong></span> <span class='ocrx_word' id='word_1_311' title='bbox 533 3652 785 3726; x_wconf 86' lang='lat' dir='ltr'><strong>periculis</strong></span> <span class='ocrx_word' id='word_1_312' title='bbox 802 3665 921 3704; x_wconf 88' lang='lat' dir='ltr'><strong>sese</strong></span> <span class='ocrx_word' id='word_1_313' title='bbox 945 3646 1217 3716; x_wconf 89' lang='lat' dir='ltr'><strong>objiciant,</strong></span> <span class='ocrx_word' id='word_1_314' title='bbox 1244 3658 1417 3714; x_wconf 89' lang='lat' dir='ltr'><strong>neque</strong></span> <span class='ocrx_word' id='word_1_315' title='bbox 1446 3657 1504 3696; x_wconf 89' lang='lat' dir='ltr'><strong>se</strong></span> <span class='ocrx_word' id='word_1_316' title='bbox 1527 3638 1829 3711; x_wconf 45' lang='lat' dir='ltr'><strong>pra‘cipites</strong></span> <span class='ocrx_word' id='word_1_317' title='bbox 1855 3645 2033 3706; x_wconf 80' lang='lat' dir='ltr'><strong>agant,</strong></span> 
     </span>
    </p>
   </div>
   <div class='ocr_carea' id='block_1_39' title="bbox 443 3740 2040 3804">
    <p class='ocr_par' dir='ltr' id='par_1_39' title="bbox 443 3740 2040 3804">
     <span class='ocr_line' id='line_1_39' title="bbox 443 3740 2040 3804; baseline -0.014 0"><span class='ocrx_word' id='word_1_318' title='bbox 443 3749 538 3804; x_wconf 88' lang='lat' dir='ltr'><strong>sed</strong></span> <span class='ocrx_word' id='word_1_319' title='bbox 566 3744 817 3801; x_wconf 81' lang='lat' dir='ltr'><strong>insultant</strong></span> <span class='ocrx_word' id='word_1_320' title='bbox 857 3740 1284 3796; x_wconf 81' lang='lat' dir='ltr'><strong>adversariorum</strong></span> <span class='ocrx_word' id='word_1_321' title='bbox 1332 3740 1660 3804; x_wconf 78' lang='lat' dir='ltr'><strong>exspectent,</strong></span> <span class='ocrx_word' id='word_1_322' title='bbox 1717 3743 2040 3797; x_wconf 90' lang='lat' dir='ltr'><strong>omnemque</strong></span> 
     </span>
    </p>
   </div>
   <div class='ocr_carea' id='block_1_40' title="bbox 445 3821 2040 3907">
    <p class='ocr_par' dir='ltr' id='par_1_40' title="bbox 445 3821 2040 3907">
     <span class='ocr_line' id='line_1_40' title="bbox 445 3821 2040 3907; baseline -0.015 -10"><span class='ocrx_word' id='word_1_323' title='bbox 445 3838 813 3897; x_wconf 78' lang='lat' dir='ltr'><strong>fortitudinem</strong></span> <span class='ocrx_word' id='word_1_324' title='bbox 843 3848 953 3907; x_wconf 74' lang='lat' dir='ltr'><strong>[me</strong></span> <span class='ocrx_word' id='word_1_325' title='bbox 1003 3848 1061 3888; x_wconf 88' lang='lat' dir='ltr'><strong>se</strong></span> <span class='ocrx_word' id='word_1_326' title='bbox 1114 3831 1286 3886; x_wconf 85' lang='lat' dir='ltr'><strong>ferant</strong></span> <span class='ocrx_word' id='word_1_327' title='bbox 1314 3845 1328 3881; x_wconf 89' lang='lat'><strong>:</strong></span> <span class='ocrx_word' id='word_1_328' title='bbox 1363 3841 1467 3881; x_wconf 91' lang='lat' dir='ltr'><strong>non</strong></span> <span class='ocrx_word' id='word_1_329' title='bbox 1496 3836 1672 3878; x_wconf 90' lang='lat' dir='ltr'><strong>tamen</strong></span> <span class='ocrx_word' id='word_1_330' title='bbox 1703 3832 1758 3876; x_wconf 92' lang='lat' dir='ltr'><strong>ut</strong></span> <span class='ocrx_word' id='word_1_331' title='bbox 1785 3821 1884 3891; x_wconf 92' lang='lat' dir='ltr'><strong>ipsi</strong></span> <span class='ocrx_word' id='word_1_332' title='bbox 1918 3836 2040 3890; x_wconf 79' lang='lat' dir='ltr'><strong>pro-</strong></span> 
     </span>
    </p>
   </div>
   <div class='ocr_carea' id='block_1_41' title="bbox 444 3911 2041 4000">
    <p class='ocr_par' dir='ltr' id='par_1_41' title="bbox 444 3911 2041 4000">
     <span class='ocr_line' id='line_1_41' title="bbox 444 3911 2041 4000; baseline -0.014 -12"><span class='ocrx_word' id='word_1_333' title='bbox 444 3933 646 3997; x_wconf 85' lang='lat' dir='ltr'><strong>siliant,</strong></span> <span class='ocrx_word' id='word_1_334' title='bbox 695 3943 861 4000; x_wconf 79' lang='lat' dir='ltr'><strong>seque</strong></span> <span class='ocrx_word' id='word_1_335' title='bbox 911 3930 1117 3997; x_wconf 88' lang='lat' dir='ltr'><strong>priores</strong></span> <span class='ocrx_word' id='word_1_336' title='bbox 1166 3922 1318 3976; x_wconf 89' lang='lat' dir='ltr'><strong>malis</strong></span> <span class='ocrx_word' id='word_1_337' title='bbox 1363 3918 1635 3986; x_wconf 88' lang='lat' dir='ltr'><strong>objiciant.</strong></span> <span class='ocrx_word' id='word_1_338' title='bbox 1667 3913 1805 3981; x_wconf 87' lang='lat' dir='ltr'><strong>Quid</strong></span> <span class='ocrx_word' id='word_1_339' title='bbox 1836 3912 1940 3968; x_wconf 86' lang='lat' dir='ltr'><strong>ita?</strong></span> <span class='ocrx_word' id='word_1_340' title='bbox 1974 3911 2041 3967; x_wconf 91' lang='lat' dir='ltr'><strong>Ut</strong></span> 
     </span>
    </p>
   </div>
   <div class='ocr_carea' id='block_1_42' title="bbox 446 4007 2042 4081">
    <p class='ocr_par' dir='ltr' id='par_1_42' title="bbox 446 4007 2042 4081">
     <span class='ocr_line' id='line_1_42' title="bbox 446 4007 2042 4081; baseline -0.013 -1"><span class='ocrx_word' id='word_1_341' title='bbox 446 4024 700 4081; x_wconf 87' lang='lat' dir='ltr'><strong>nimirum</strong></span> <span class='ocrx_word' id='word_1_342' title='bbox 723 4021 1074 4077; x_wconf 86' lang='lat' dir='ltr'><strong>humilitatem</strong></span> <span class='ocrx_word' id='word_1_343' title='bbox 1099 4016 1308 4080; x_wconf 83' lang='lat' dir='ltr'><strong>doceat,</strong></span> <span class='ocrx_word' id='word_1_344' title='bbox 1357 4022 1410 4067; x_wconf 90' lang='lat' dir='ltr'><strong>et</strong></span> <span class='ocrx_word' id='word_1_345' title='bbox 1436 4027 1585 4065; x_wconf 78' lang='lat' dir='ltr'><strong>vana:</strong></span> <span class='ocrx_word' id='word_1_346' title='bbox 1608 4010 1791 4080; x_wconf 75' lang='lat' dir='ltr'><strong>gloria:</strong></span> <span class='ocrx_word' id='word_1_347' title='bbox 1817 4007 2042 4063; x_wconf 89' lang='lat' dir='ltr'><strong>crimine</strong></span> 
     </span>
    </p>
   </div>
   <div class='ocr_carea' id='block_1_43' title="bbox 447 4098 2043 4181">
    <p class='ocr_par' dir='ltr' id='par_1_43' title="bbox 447 4098 2043 4181">
     <span class='ocr_line' id='line_1_43' title="bbox 447 4098 2043 4181; baseline -0.013 -8"><span class='ocrx_word' id='word_1_348' title='bbox 447 4116 660 4173; x_wconf 82' lang='lat' dir='ltr'><strong>liberet.</strong></span> <span class='ocrx_word' id='word_1_349' title='bbox 692 4114 861 4181; x_wconf 84' lang='lat' dir='ltr'><strong>Quam</strong></span> <span class='ocrx_word' id='word_1_350' title='bbox 890 4111 1052 4166; x_wconf 75' lang='lat' dir='ltr'><strong>etiam</strong></span> <span class='ocrx_word' id='word_1_351' title='bbox 1078 4108 1147 4162; x_wconf 90' lang='lat' dir='ltr'><strong>ob</strong></span> <span class='ocrx_word' id='word_1_352' title='bbox 1166 4120 1379 4162; x_wconf 84' lang='lat' dir='ltr'><strong>causam</strong></span> <span class='ocrx_word' id='word_1_353' title='bbox 1404 4105 1487 4158; x_wconf 90' lang='lat' dir='ltr'><strong>hic</strong></span> <span class='ocrx_word' id='word_1_354' title='bbox 1511 4117 1743 4173; x_wconf 91' lang='lat' dir='ltr'><strong>quoque,</strong></span> <span class='ocrx_word' id='word_1_355' title='bbox 1770 4100 1896 4155; x_wconf 88' lang='lat' dir='ltr'><strong>dum</strong></span> <span class='ocrx_word' id='word_1_356' title='bbox 1927 4098 2043 4153; x_wconf 62' lang='lat' dir='ltr'><strong>huic</strong></span> 
     </span>
    </p>
   </div>
   <div class='ocr_carea' id='block_1_44' title="bbox 452 4190 2043 4274">
    <p class='ocr_par' dir='ltr' id='par_1_44' title="bbox 452 4190 2043 4274">
     <span class='ocr_line' id='line_1_44' title="bbox 452 4190 2043 4274; baseline -0.013 -10"><span class='ocrx_word' id='word_1_357' title='bbox 452 4210 683 4274; x_wconf 86' lang='lat' dir='ltr'><strong>diceret,</strong></span> <span class='ocrx_word' id='word_1_358' title='bbox 732 4204 937 4269; x_wconf 76' lang='lat' dir='ltr'><strong>Abiens,</strong></span> <span class='ocrx_word' id='word_1_359' title='bbox 991 4198 1346 4270; x_wconf 84' lang='lat' dir='ltr'><strong>inquit,oraoit</strong></span> <span class='ocrx_word' id='word_1_360' title='bbox 1397 4194 1616 4267; x_wconf 83' lang='lat' dir='ltr'><strong>(Matth.</strong></span> <span class='ocrx_word' id='word_1_361' title='bbox 1666 4192 1758 4246; x_wconf 70' lang='lat'><strong>26.</strong></span> <span class='ocrx_word' id='word_1_362' title='bbox 1814 4190 1941 4259; x_wconf 77' lang='lat'><strong>39),</strong></span> <span class='ocrx_word' id='word_1_363' title='bbox 1988 4198 2043 4245; x_wconf 86' lang='lat' dir='ltr'><strong>et</strong></span> 
     </span>
    </p>
   </div>
   <div class='ocr_carea' id='block_1_45' title="bbox 453 4283 2043 4371">
    <p class='ocr_par' dir='ltr' id='par_1_45' title="bbox 453 4283 2043 4371">
     <span class='ocr_line' id='line_1_45' title="bbox 453 4283 2043 4371; baseline -0.009 -20"><span class='ocrx_word' id='word_1_364' title='bbox 453 4308 734 4371; x_wconf 86' lang='lat' dir='ltr'><strong>postquam</strong></span> <span class='ocrx_word' id='word_1_365' title='bbox 783 4305 1008 4358; x_wconf 89' lang='lat' dir='ltr'><strong>orasset,</strong></span> <span class='ocrx_word' id='word_1_366' title='bbox 1039 4294 1111 4348; x_wconf 90' lang='lat' dir='ltr'><strong>ita</strong></span> <span class='ocrx_word' id='word_1_367' title='bbox 1139 4292 1275 4346; x_wconf 81' lang='lat' dir='ltr'><strong>dixit</strong></span> <span class='ocrx_word' id='word_1_368' title='bbox 1322 4287 1614 4358; x_wconf 87' lang='lat' dir='ltr'><strong>discipulis,</strong></span> <span class='ocrx_word' id='word_1_369' title='bbox 1662 4284 1785 4339; x_wconf 87' lang='lat' dir='ltr'><strong>Non</strong></span> <span class='ocrx_word' id='word_1_370' title='bbox 1813 4283 2043 4354; x_wconf 85' lang='lat' dir='ltr'><strong>potuistis</strong></span> 
     </span>
    </p>
   </div>
   <div class='ocr_carea' id='block_1_46' title="bbox 448 4375 2044 4460">
    <p class='ocr_par' dir='ltr' id='par_1_46' title="bbox 448 4375 2044 4460">
     <span class='ocr_line' id='line_1_46' title="bbox 448 4375 2044 4460; baseline -0.012 -13"><span class='ocrx_word' id='word_1_371' title='bbox 448 4410 554 4447; x_wconf 84' lang='lat' dir='ltr'><strong>una</strong></span> <span class='ocrx_word' id='word_1_372' title='bbox 576 4393 700 4445; x_wconf 89' lang='lat' dir='ltr'><strong>hora</strong></span> <span class='ocrx_word' id='word_1_373' title='bbox 720 4390 927 4460; x_wconf 80' lang='lat' dir='ltr'><strong>vigilare</strong></span> <span class='ocrx_word' id='word_1_374' title='bbox 955 4385 1186 4439; x_wconf 80' lang='lat' dir='ltr'><strong>mecum?</strong></span> <span class='ocrx_word' id='word_1_375' title='bbox 1222 4381 1456 4453; x_wconf 81' lang='lat' dir='ltr'><strong>Vigilate,</strong></span> <span class='ocrx_word' id='word_1_376' title='bbox 1488 4391 1533 4434; x_wconf 84' lang='lat' dir='ltr'><strong>et</strong></span> <span class='ocrx_word' id='word_1_377' title='bbox 1561 4389 1718 4443; x_wconf 90' lang='lat' dir='ltr'><strong>orate,</strong></span> <span class='ocrx_word' id='word_1_378' title='bbox 1751 4393 1813 4431; x_wconf 87' lang='lat' dir='ltr'><strong>ne</strong></span> <span class='ocrx_word' id='word_1_379' title='bbox 1845 4375 2044 4431; x_wconf 81' lang='lat' dir='ltr'><strong>intretis</strong></span> 
     </span>
    </p>
   </div>
   <div class='ocr_carea' id='block_1_47' title="bbox 2118 310 3712 384">
    <p class='ocr_par' dir='ltr' id='par_1_47' title="bbox 2118 310 3712 384">
     <span class='ocr_line' id='line_1_47' title="bbox 2118 310 3712 384; baseline -0.001 -17"><span class='ocrx_word' id='word_1_380' title='bbox 2118 315 2171 367; x_wconf 86' lang='lat' dir='ltr'><strong>in</strong></span> <span class='ocrx_word' id='word_1_381' title='bbox 2206 314 2529 367; x_wconf 78' lang='lat' dir='ltr'><strong>tentationem</strong></span> <span class='ocrx_word' id='word_1_382' title='bbox 2558 311 2677 384; x_wconf 72' lang='lat' dir='ltr'><strong>(Ib.</strong></span> <span class='ocrx_word' id='word_1_383' title='bbox 2709 330 2756 368; x_wconf 75' lang='grc' dir='ltr'>υ.</span> <span class='ocrx_word' id='word_1_384' title='bbox 2782 314 2870 367; x_wconf 71' lang='grc'>40.</span> <span class='ocrx_word' id='word_1_385' title='bbox 2912 314 2973 367; x_wconf 75' lang='grc'><strong>41</strong></span> <span class='ocrx_word' id='word_1_386' title='bbox 3001 311 3041 381; x_wconf 93' lang='grc'><strong>).</strong></span> <span class='ocrx_word' id='word_1_387' title='bbox 3076 311 3237 367; x_wconf 82' lang='lat' dir='ltr'><strong>Vides</strong></span> <span class='ocrx_word' id='word_1_388' title='bbox 3272 319 3331 366; x_wconf 83' lang='lat' dir='ltr'><strong>ut</strong></span> <span class='ocrx_word' id='word_1_389' title='bbox 3382 325 3489 365; x_wconf 92' lang='lat' dir='ltr'><strong>non</strong></span> <span class='ocrx_word' id='word_1_390' title='bbox 3530 310 3712 365; x_wconf 84' lang='lat' dir='ltr'><strong>solum</strong></span> 
     </span>
    </p>
   </div>
   <div class='ocr_carea' id='block_1_48' title="bbox 2120 404 3717 474">
    <p class='ocr_par' dir='ltr' id='par_1_48' title="bbox 2120 404 3717 474">
     <span class='ocr_line' id='line_1_48' title="bbox 2120 404 3717 474; baseline -0.001 -14"><span class='ocrx_word' id='word_1_391' title='bbox 2120 416 2258 472; x_wconf 91' lang='lat' dir='ltr'><strong>oret,</strong></span> <span class='ocrx_word' id='word_1_392' title='bbox 2306 405 2398 460; x_wconf 91' lang='lat' dir='ltr'><strong>sed</strong></span> <span class='ocrx_word' id='word_1_393' title='bbox 2426 407 2586 459; x_wconf 90' lang='lat' dir='ltr'><strong>etiam</strong></span> <span class='ocrx_word' id='word_1_394' title='bbox 2639 405 2961 460; x_wconf 81' lang='lat' dir='ltr'><strong>admoneat?</strong></span> <span class='ocrx_word' id='word_1_395' title='bbox 3006 404 3235 474; x_wconf 87' lang='lat' dir='ltr'><strong>Spiritus</strong></span> <span class='ocrx_word' id='word_1_396' title='bbox 3274 405 3410 459; x_wconf 77' lang='lat' dir='ltr'><strong>enim</strong></span> <span class='ocrx_word' id='word_1_397' title='bbox 3448 415 3717 473; x_wconf 87' lang='lat' dir='ltr'><strong>promptus</strong></span> 
     </span>
    </p>
   </div>
   <div class='ocr_carea' id='block_1_49' title="bbox 2120 492 3717 567">
    <p class='ocr_par' dir='ltr' id='par_1_49' title="bbox 2120 492 3717 567">
     <span class='ocr_line' id='line_1_49' title="bbox 2120 492 3717 567; baseline 0.001 -18"><span class='ocrx_word' id='word_1_398' title='bbox 2120 508 2213 562; x_wconf 82' lang='lat' dir='ltr'><strong>est,</strong></span> <span class='ocrx_word' id='word_1_399' title='bbox 2261 498 2449 567; x_wconf 90' lang='lat' dir='ltr'><strong>inquit,</strong></span> <span class='ocrx_word' id='word_1_400' title='bbox 2500 514 2618 551; x_wconf 85' lang='lat' dir='ltr'><strong>caro</strong></span> <span class='ocrx_word' id='word_1_401' title='bbox 2666 506 2833 550; x_wconf 85' lang='lat' dir='ltr'><strong>autem</strong></span> <span class='ocrx_word' id='word_1_402' title='bbox 2869 496 3073 566; x_wconf 72' lang='lat' dir='ltr'><strong>infirma</strong></span> <span class='ocrx_word' id='word_1_403' title='bbox 3103 492 3283 566; x_wconf 84' lang='lat' dir='ltr'><strong>(Ibid.</strong></span> <span class='ocrx_word' id='word_1_404' title='bbox 3344 510 3391 547; x_wconf 70' lang='grc' dir='ltr'>υ.</span> <span class='ocrx_word' id='word_1_405' title='bbox 3450 492 3717 566; x_wconf 68' lang='grc' dir='ltr'><strong>41).ὶΙοε</strong></span> 
     </span>
    </p>
   </div>
   <div class='ocr_carea' id='block_1_50' title="bbox 2117 585 3718 653">
    <p class='ocr_par' dir='ltr' id='par_1_50' title="bbox 2117 585 3718 653">
     <span class='ocr_line' id='line_1_50' title="bbox 2117 585 3718 653; baseline -0.001 -12"><span class='ocrx_word' id='word_1_406' title='bbox 2117 596 2296 641; x_wconf 88' lang='lat' dir='ltr'><strong>autem</strong></span> <span class='ocrx_word' id='word_1_407' title='bbox 2340 586 2570 653; x_wconf 90' lang='lat' dir='ltr'><strong>diccbat,</strong></span> <span class='ocrx_word' id='word_1_408' title='bbox 2622 596 2678 640; x_wconf 92' lang='lat' dir='ltr'><strong>ut</strong></span> <span class='ocrx_word' id='word_1_409' title='bbox 2707 602 2773 641; x_wconf 82' lang='lat' dir='ltr'><strong>ex</strong></span> <span class='ocrx_word' id='word_1_410' title='bbox 2814 601 2999 640; x_wconf 88' lang='lat' dir='ltr'><strong>eorum</strong></span> <span class='ocrx_word' id='word_1_411' title='bbox 3040 585 3216 639; x_wconf 90' lang='lat' dir='ltr'><strong>anima</strong></span> <span class='ocrx_word' id='word_1_412' title='bbox 3266 585 3456 640; x_wconf 88' lang='lat' dir='ltr'><strong>fastum</strong></span> <span class='ocrx_word' id='word_1_413' title='bbox 3498 601 3718 641; x_wconf 87' lang='lat' dir='ltr'><strong>omnem</strong></span> 
     </span>
    </p>
   </div>
   <div class='ocr_carea' id='block_1_51' title="bbox 2118 678 3722 752">
    <p class='ocr_par' dir='ltr' id='par_1_51' title="bbox 2118 678 3722 752">
     <span class='ocr_line' id='line_1_51' title="bbox 2118 678 3722 752; baseline -0.002 -17"><span class='ocrx_word' id='word_1_414' title='bbox 2118 680 2431 752; x_wconf 88' lang='lat' dir='ltr'><strong>depelleret,</strong></span> <span class='ocrx_word' id='word_1_415' title='bbox 2465 689 2521 735; x_wconf 91' lang='lat' dir='ltr'><strong>ut</strong></span> <span class='ocrx_word' id='word_1_416' title='bbox 2543 696 2637 736; x_wconf 91' lang='lat' dir='ltr'><strong>eos</strong></span> <span class='ocrx_word' id='word_1_417' title='bbox 2666 682 2914 749; x_wconf 89' lang='lat' dir='ltr'><strong>superbia</strong></span> <span class='ocrx_word' id='word_1_418' title='bbox 2947 680 3220 745; x_wconf 84' lang='lat' dir='ltr'><strong>liberaret,</strong></span> <span class='ocrx_word' id='word_1_419' title='bbox 3268 678 3500 734; x_wconf 86' lang='lat' dir='ltr'><strong>humiles</strong></span> <span class='ocrx_word' id='word_1_420' title='bbox 3528 679 3722 733; x_wconf 86' lang='lat' dir='ltr'><strong>redde—</strong></span> 
     </span>
    </p>
   </div>
   <div class='ocr_carea' id='block_1_52' title="bbox 2119 770 3723 841">
    <p class='ocr_par' dir='ltr' id='par_1_52' title="bbox 2119 770 3723 841">
     <span class='ocr_line' id='line_1_52' title="bbox 2119 770 3723 841; baseline -0.002 -14"><span class='ocrx_word' id='word_1_421' title='bbox 2119 784 2223 838; x_wconf 89' lang='lat' dir='ltr'><strong>ret,</strong></span> <span class='ocrx_word' id='word_1_422' title='bbox 2256 788 2318 827; x_wconf 90' lang='lat' dir='ltr'><strong>ac</strong></span> <span class='ocrx_word' id='word_1_423' title='bbox 2365 773 2638 827; x_wconf 87' lang='lat' dir='ltr'><strong>modestos</strong></span> <span class='ocrx_word' id='word_1_424' title='bbox 2675 771 2931 826; x_wconf 85' lang='lat' dir='ltr'><strong>efficeret.</strong></span> <span class='ocrx_word' id='word_1_425' title='bbox 2971 770 3127 839; x_wconf 84' lang='lat' dir='ltr'><strong>Quod</strong></span> <span class='ocrx_word' id='word_1_426' title='bbox 3168 771 3330 841; x_wconf 88' lang='lat' dir='ltr'><strong>igitur</strong></span> <span class='ocrx_word' id='word_1_427' title='bbox 3365 786 3459 826; x_wconf 91' lang='lat' dir='ltr'><strong>eos</strong></span> <span class='ocrx_word' id='word_1_428' title='bbox 3511 770 3723 841; x_wconf 88' lang='lat' dir='ltr'><strong>precari</strong></span> 
     </span>
    </p>
   </div>
   <div class='ocr_carea' id='block_1_53' title="bbox 2119 863 3722 935">
    <p class='ocr_par' dir='ltr' id='par_1_53' title="bbox 2119 863 3722 935">
     <span class='ocr_line' id='line_1_53' title="bbox 2119 863 3722 935; baseline -0.003 -13"><span class='ocrx_word' id='word_1_429' title='bbox 2119 868 2316 923; x_wconf 88' lang='lat' dir='ltr'><strong>docere</strong></span> <span class='ocrx_word' id='word_1_430' title='bbox 2345 867 2577 932; x_wconf 89' lang='lat' dir='ltr'><strong>volebat,</strong></span> <span class='ocrx_word' id='word_1_431' title='bbox 2633 867 2735 921; x_wconf 91' lang='lat' dir='ltr'><strong>hoc</strong></span> <span class='ocrx_word' id='word_1_432' title='bbox 2765 876 2820 921; x_wconf 89' lang='lat' dir='ltr'><strong>et</strong></span> <span class='ocrx_word' id='word_1_433' title='bbox 2867 866 2983 935; x_wconf 89' lang='lat' dir='ltr'><strong>ipse</strong></span> <span class='ocrx_word' id='word_1_434' title='bbox 3031 866 3348 934; x_wconf 88' lang='lat' dir='ltr'><strong>precabatur</strong></span> <span class='ocrx_word' id='word_1_435' title='bbox 3389 863 3722 928; x_wconf 89' lang='lat' dir='ltr'><strong>humanitus,</strong></span> 
     </span>
    </p>
   </div>
   <div class='ocr_carea' id='block_1_54' title="bbox 2121 958 3727 1030">
    <p class='ocr_par' dir='ltr' id='par_1_54' title="bbox 2121 958 3727 1030">
     <span class='ocr_line' id='line_1_54' title="bbox 2121 958 3727 1030; baseline -0.001 -16"><span class='ocrx_word' id='word_1_436' title='bbox 2121 978 2225 1014; x_wconf 91' lang='lat' dir='ltr'><strong>non</strong></span> <span class='ocrx_word' id='word_1_437' title='bbox 2259 959 2551 1015; x_wconf 91' lang='lat' dir='ltr'><strong>secundum</strong></span> <span class='ocrx_word' id='word_1_438' title='bbox 2578 959 2913 1015; x_wconf 87' lang='lat' dir='ltr'><strong>divinitatem</strong></span> <span class='ocrx_word' id='word_1_439' title='bbox 2944 958 3067 1030; x_wconf 88' lang='lat' dir='ltr'><strong>(est</strong></span> <span class='ocrx_word' id='word_1_440' title='bbox 3091 959 3233 1014; x_wconf 90' lang='lat' dir='ltr'><strong>enim</strong></span> <span class='ocrx_word' id='word_1_441' title='bbox 3254 959 3430 1013; x_wconf 92' lang='lat' dir='ltr'><strong>omnis</strong></span> <span class='ocrx_word' id='word_1_442' title='bbox 3454 960 3727 1028; x_wconf 83' lang='lat' dir='ltr'><strong>passionis</strong></span> 
     </span>
    </p>
   </div>
   <div class='ocr_carea' id='block_1_55' title="bbox 2120 1053 3726 1124">
    <p class='ocr_par' dir='ltr' id='par_1_55' title="bbox 2120 1053 3726 1124">
     <span class='ocr_line' id='line_1_55' title="bbox 2120 1053 3726 1124; baseline -0.001 -14"><span class='ocrx_word' id='word_1_443' title='bbox 2120 1071 2312 1123; x_wconf 75' lang='lat' dir='ltr'><strong>expers</strong></span> <span class='ocrx_word' id='word_1_444' title='bbox 2356 1054 2561 1109; x_wconf 89' lang='lat' dir='ltr'><strong>Numen</strong></span> <span class='ocrx_word' id='word_1_445' title='bbox 2585 1057 2623 1124; x_wconf 87' lang='lat'><strong>),</strong></span> <span class='ocrx_word' id='word_1_446' title='bbox 2656 1054 2751 1109; x_wconf 90' lang='lat' dir='ltr'><strong>sed</strong></span> <span class='ocrx_word' id='word_1_447' title='bbox 2782 1053 3070 1109; x_wconf 85' lang='lat' dir='ltr'><strong>secundum</strong></span> <span class='ocrx_word' id='word_1_448' title='bbox 3113 1054 3517 1108; x_wconf 88' lang='lat' dir='ltr'><strong>humanitatem.</strong></span> <span class='ocrx_word' id='word_1_449' title='bbox 3550 1054 3726 1108; x_wconf 90' lang='lat' dir='ltr'><strong>Porro</strong></span> 
     </span>
    </p>
   </div>
   <div class='ocr_carea' id='block_1_56' title="bbox 2123 1147 3727 1217">
    <p class='ocr_par' dir='ltr' id='par_1_56' title="bbox 2123 1147 3727 1217">
     <span class='ocr_line' id='line_1_56' title="bbox 2123 1147 3727 1217; baseline 0.002 -16"><span class='ocrx_word' id='word_1_450' title='bbox 2123 1158 2180 1201; x_wconf 93' lang='lat' dir='ltr'><strong>ut</strong></span> <span class='ocrx_word' id='word_1_451' title='bbox 2202 1163 2300 1201; x_wconf 88' lang='lat' dir='ltr'><strong>nos</strong></span> <span class='ocrx_word' id='word_1_452' title='bbox 2332 1163 2488 1201; x_wconf 87' lang='lat' dir='ltr'><strong>orare</strong></span> <span class='ocrx_word' id='word_1_453' title='bbox 2509 1147 2745 1213; x_wconf 89' lang='lat' dir='ltr'><strong>doceret,</strong></span> <span class='ocrx_word' id='word_1_454' title='bbox 2778 1147 2983 1213; x_wconf 90' lang='lat' dir='ltr'><strong>orabat,</strong></span> <span class='ocrx_word' id='word_1_455' title='bbox 3011 1156 3065 1201; x_wconf 91' lang='lat' dir='ltr'><strong>et</strong></span> <span class='ocrx_word' id='word_1_456' title='bbox 3090 1161 3302 1217; x_wconf 91' lang='lat' dir='ltr'><strong>semper</strong></span> <span class='ocrx_word' id='word_1_457' title='bbox 3317 1162 3558 1217; x_wconf 82' lang='lat' dir='ltr'><strong>qu:erere</strong></span> <span class='ocrx_word' id='word_1_458' title='bbox 3588 1147 3727 1205; x_wconf 82' lang='lat' dir='ltr'><strong>libe-</strong></span> 
     </span>
    </p>
   </div>
   <div class='ocr_carea' id='block_1_57' title="bbox 2122 1236 3728 1309">
    <p class='ocr_par' dir='ltr' id='par_1_57' title="bbox 2122 1236 3728 1309">
     <span class='ocr_line' id='line_1_57' title="bbox 2122 1236 3728 1309; baseline -0.001 -17"><span class='ocrx_word' id='word_1_459' title='bbox 2122 1238 2231 1292; x_wconf 87' lang='lat' dir='ltr'><strong>rari</strong></span> <span class='ocrx_word' id='word_1_460' title='bbox 2285 1253 2315 1292; x_wconf 91' lang='lat' dir='ltr'><strong>a</strong></span> <span class='ocrx_word' id='word_1_461' title='bbox 2362 1239 2512 1293; x_wconf 91' lang='lat' dir='ltr'><strong>malis</strong></span> <span class='ocrx_word' id='word_1_462' title='bbox 2541 1256 2554 1291; x_wconf 89' lang='lat'><strong>:</strong></span> <span class='ocrx_word' id='word_1_463' title='bbox 2584 1241 2724 1309; x_wconf 89' lang='lat' dir='ltr'><strong>quod</strong></span> <span class='ocrx_word' id='word_1_464' title='bbox 2756 1238 2801 1292; x_wconf 89' lang='lat' dir='ltr'><strong>si</strong></span> <span class='ocrx_word' id='word_1_465' title='bbox 2853 1238 2969 1292; x_wconf 83' lang='lat' dir='ltr'><strong>fieri</strong></span> <span class='ocrx_word' id='word_1_466' title='bbox 2999 1247 3264 1307; x_wconf 81' lang='lat' dir='ltr'><strong>nequeat,</strong></span> <span class='ocrx_word' id='word_1_467' title='bbox 3294 1253 3395 1302; x_wconf 92' lang='lat' dir='ltr'><strong>eo,</strong></span> <span class='ocrx_word' id='word_1_468' title='bbox 3426 1236 3565 1306; x_wconf 90' lang='lat' dir='ltr'><strong>quod</strong></span> <span class='ocrx_word' id='word_1_469' title='bbox 3612 1237 3728 1291; x_wconf 89' lang='lat' dir='ltr'><strong>Deo</strong></span> 
     </span>
    </p>
   </div>
   <div class='ocr_carea' id='block_1_58' title="bbox 2123 1329 3725 1399">
    <p class='ocr_par' dir='ltr' id='par_1_58' title="bbox 2123 1329 3725 1399">
     <span class='ocr_line' id='line_1_58' title="bbox 2123 1329 3725 1399; baseline 0.001 -18"><span class='ocrx_word' id='word_1_470' title='bbox 2123 1330 2294 1383; x_wconf 85' lang='lat' dir='ltr'><strong>visum</strong></span> <span class='ocrx_word' id='word_1_471' title='bbox 2368 1330 2547 1396; x_wconf 91' lang='lat' dir='ltr'><strong>fuerit,</strong></span> <span class='ocrx_word' id='word_1_472' title='bbox 2605 1339 2886 1385; x_wconf 90' lang='lat' dir='ltr'><strong>contentos</strong></span> <span class='ocrx_word' id='word_1_473' title='bbox 2938 1346 3078 1384; x_wconf 88' lang='lat' dir='ltr'><strong>esse.</strong></span> <span class='ocrx_word' id='word_1_474' title='bbox 3140 1329 3429 1399; x_wconf 88' lang='lat' dir='ltr'><strong>Propterea</strong></span> <span class='ocrx_word' id='word_1_475' title='bbox 3478 1329 3725 1395; x_wconf 84' lang='lat' dir='ltr'><strong>diccbat,</strong></span> 
     </span>
    </p>
   </div>
   <div class='ocr_carea' id='block_1_59' title="bbox 2138 1420 3725 1493">
    <p class='ocr_par' dir='ltr' id='par_1_59' title="bbox 2138 1420 3725 1493">
     <span class='ocr_line' id='line_1_59' title="bbox 2138 1420 3725 1493; baseline -0.001 -19"><span class='ocrx_word' id='word_1_476' title='bbox 2138 1420 2491 1475; x_wconf 78' lang='lat' dir='ltr'><strong>Verumtamen</strong></span> <span class='ocrx_word' id='word_1_477' title='bbox 2523 1440 2621 1475; x_wconf 91' lang='lat' dir='ltr'><strong>non</strong></span> <span class='ocrx_word' id='word_1_478' title='bbox 2674 1424 2800 1476; x_wconf 88' lang='lat' dir='ltr'><strong>sicut</strong></span> <span class='ocrx_word' id='word_1_479' title='bbox 2838 1438 2929 1493; x_wconf 85' lang='lat' dir='ltr'><strong>ego</strong></span> <span class='ocrx_word' id='word_1_480' title='bbox 2967 1422 3101 1488; x_wconf 81' lang='lat' dir='ltr'><strong>volo,</strong></span> <span class='ocrx_word' id='word_1_481' title='bbox 3142 1421 3230 1474; x_wconf 87' lang='lat' dir='ltr'><strong>sed</strong></span> <span class='ocrx_word' id='word_1_482' title='bbox 3270 1422 3398 1476; x_wconf 88' lang='lat' dir='ltr'><strong>sicut</strong></span> <span class='ocrx_word' id='word_1_483' title='bbox 3423 1430 3475 1475; x_wconf 88' lang='lat' dir='ltr'><strong>tu</strong></span> <span class='ocrx_word' id='word_1_484' title='bbox 3499 1420 3725 1491; x_wconf 83' lang='lat' dir='ltr'><strong>(Matth.</strong></span> 
     </span>
    </p>
   </div>
   <div class='ocr_carea' id='block_1_60' title="bbox 2123 1511 3727 1583">
    <p class='ocr_par' dir='ltr' id='par_1_60' title="bbox 2123 1511 3727 1583">
     <span class='ocr_line' id='line_1_60' title="bbox 2123 1511 3727 1583; baseline -0.001 -15"><span class='ocrx_word' id='word_1_485' title='bbox 2123 1514 2215 1568; x_wconf 72' lang='grc'>26.</span> <span class='ocrx_word' id='word_1_486' title='bbox 2244 1514 2347 1583; x_wconf 79' lang='grc'><strong>59)</strong></span> <span class='ocrx_word' id='word_1_487' title='bbox 2378 1532 2390 1567; x_wconf 95' lang='lat'><strong>:</strong></span> <span class='ocrx_word' id='word_1_488' title='bbox 2422 1529 2527 1566; x_wconf 92' lang='lat' dir='ltr'><strong>non</strong></span> <span class='ocrx_word' id='word_1_489' title='bbox 2551 1512 2693 1583; x_wconf 89' lang='lat' dir='ltr'><strong>quod</strong></span> <span class='ocrx_word' id='word_1_490' title='bbox 2724 1514 2824 1566; x_wconf 88' lang='lat' dir='ltr'><strong>alia</strong></span> <span class='ocrx_word' id='word_1_491' title='bbox 2864 1512 3111 1566; x_wconf 85' lang='lat' dir='ltr'><strong>voluntas</strong></span> <span class='ocrx_word' id='word_1_492' title='bbox 3159 1511 3275 1581; x_wconf 85' lang='lat' dir='ltr'><strong>ejus</strong></span> <span class='ocrx_word' id='word_1_493' title='bbox 3315 1521 3477 1574; x_wconf 89' lang='lat' dir='ltr'><strong>esset,</strong></span> <span class='ocrx_word' id='word_1_494' title='bbox 3523 1522 3579 1565; x_wconf 92' lang='lat' dir='ltr'><strong>et</strong></span> <span class='ocrx_word' id='word_1_495' title='bbox 3618 1511 3727 1567; x_wconf 79' lang='lat' dir='ltr'><strong>alia</strong></span> 
     </span>
    </p>
   </div>
   <div class='ocr_carea' id='block_1_61' title="bbox 2127 1603 3728 1673">
    <p class='ocr_par' dir='ltr' id='par_1_61' title="bbox 2127 1603 3728 1673">
     <span class='ocr_line' id='line_1_61' title="bbox 2127 1603 3728 1673; baseline -0.004 -12"><span class='ocrx_word' id='word_1_496' title='bbox 2127 1606 2333 1671; x_wconf 85' lang='lat' dir='ltr'><strong>Patris;</strong></span> <span class='ocrx_word' id='word_1_497' title='bbox 2365 1605 2458 1661; x_wconf 89' lang='lat' dir='ltr'><strong>sed</strong></span> <span class='ocrx_word' id='word_1_498' title='bbox 2490 1616 2548 1659; x_wconf 93' lang='lat' dir='ltr'><strong>ut</strong></span> <span class='ocrx_word' id='word_1_499' title='bbox 2603 1605 2846 1659; x_wconf 84' lang='lat' dir='ltr'><strong>homines</strong></span> <span class='ocrx_word' id='word_1_500' title='bbox 2894 1603 3135 1670; x_wconf 87' lang='lat' dir='ltr'><strong>doceret,</strong></span> <span class='ocrx_word' id='word_1_501' title='bbox 3177 1604 3422 1673; x_wconf 89' lang='lat' dir='ltr'><strong>quamvis</strong></span> <span class='ocrx_word' id='word_1_502' title='bbox 3476 1613 3728 1667; x_wconf 80' lang='lat' dir='ltr'><strong>a-stuent,</strong></span> 
     </span>
    </p>
   </div>
   <div class='ocr_carea' id='block_1_62' title="bbox 2125 1695 3729 1771">
    <p class='ocr_par' dir='ltr' id='par_1_62' title="bbox 2125 1695 3729 1771">
     <span class='ocr_line' id='line_1_62' title="bbox 2125 1695 3729 1771; baseline -0.003 -18"><span class='ocrx_word' id='word_1_503' title='bbox 2125 1701 2368 1771; x_wconf 84' lang='lat' dir='ltr'><strong>quamvis</strong></span> <span class='ocrx_word' id='word_1_504' title='bbox 2436 1708 2710 1763; x_wconf 90' lang='lat' dir='ltr'><strong>tremant,</strong></span> <span class='ocrx_word' id='word_1_505' title='bbox 2780 1700 3023 1768; x_wconf 89' lang='lat' dir='ltr'><strong>quamvis</strong></span> <span class='ocrx_word' id='word_1_506' title='bbox 3082 1696 3315 1766; x_wconf 89' lang='lat' dir='ltr'><strong>pericula</strong></span> <span class='ocrx_word' id='word_1_507' title='bbox 3370 1695 3729 1759; x_wconf 83' lang='lat' dir='ltr'><strong>immineant,</strong></span> 
     </span>
    </p>
   </div>
   <div class='ocr_carea' id='block_1_63' title="bbox 2128 1788 3730 1862">
    <p class='ocr_par' dir='ltr' id='par_1_63' title="bbox 2128 1788 3730 1862">
     <span class='ocr_line' id='line_1_63' title="bbox 2128 1788 3730 1862; baseline -0.001 -18"><span class='ocrx_word' id='word_1_508' title='bbox 2128 1792 2373 1862; x_wconf 88' lang='lat' dir='ltr'><strong>quamvis</strong></span> <span class='ocrx_word' id='word_1_509' title='bbox 2422 1791 2492 1845; x_wconf 90' lang='lat' dir='ltr'><strong>ab</strong></span> <span class='ocrx_word' id='word_1_510' title='bbox 2538 1792 2637 1846; x_wconf 93' lang='lat' dir='ltr'><strong>hac</strong></span> <span class='ocrx_word' id='word_1_511' title='bbox 2684 1791 2788 1844; x_wconf 88' lang='lat' dir='ltr'><strong>vita</strong></span> <span class='ocrx_word' id='word_1_512' title='bbox 2832 1790 3003 1844; x_wconf 88' lang='lat' dir='ltr'><strong>nolint</strong></span> <span class='ocrx_word' id='word_1_513' title='bbox 3047 1788 3226 1854; x_wconf 89' lang='lat' dir='ltr'><strong>avelli,</strong></span> <span class='ocrx_word' id='word_1_514' title='bbox 3280 1788 3508 1858; x_wconf 79' lang='lat' dir='ltr'><strong>propria:</strong></span> <span class='ocrx_word' id='word_1_515' title='bbox 3549 1796 3730 1842; x_wconf 85' lang='lat' dir='ltr'><strong>tamen</strong></span> 
     </span>
    </p>
   </div>
   <div class='ocr_carea' id='block_1_64' title="bbox 2127 1878 3735 1953">
    <p class='ocr_par' dir='ltr' id='par_1_64' title="bbox 2127 1878 3735 1953">
     <span class='ocr_line' id='line_1_64' title="bbox 2127 1878 3735 1953; baseline -0.001 -15"><span class='ocrx_word' id='word_1_516' title='bbox 2127 1885 2385 1939; x_wconf 81' lang='lat' dir='ltr'><strong>voluntati</strong></span> <span class='ocrx_word' id='word_1_517' title='bbox 2440 1884 2531 1938; x_wconf 89' lang='lat' dir='ltr'><strong>Dei</strong></span> <span class='ocrx_word' id='word_1_518' title='bbox 2602 1884 2855 1953; x_wconf 77' lang='lat' dir='ltr'><strong>pnelerre</strong></span> <span class='ocrx_word' id='word_1_519' title='bbox 2913 1882 3241 1935; x_wconf 83' lang='lat' dir='ltr'><strong>voluntatem</strong></span> <span class='ocrx_word' id='word_1_520' title='bbox 3291 1896 3305 1932; x_wconf 92' lang='lat'><strong>:</strong></span> <span class='ocrx_word' id='word_1_521' title='bbox 3353 1878 3495 1951; x_wconf 90' lang='lat' dir='ltr'><strong>quod</strong></span> <span class='ocrx_word' id='word_1_522' title='bbox 3547 1883 3735 1949; x_wconf 81' lang='lat' dir='ltr'><strong>ntiqua</strong></span> 
     </span>
    </p>
   </div>
   <div class='ocr_carea' id='block_1_65' title="bbox 2130 1974 3731 2045">
    <p class='ocr_par' dir='ltr' id='par_1_65' title="bbox 2130 1974 3731 2045">
     <span class='ocr_line' id='line_1_65' title="bbox 2130 1974 3731 2045; baseline -0.002 -13"><span class='ocrx_word' id='word_1_523' title='bbox 2130 1978 2326 2032; x_wconf 82' lang='lat' dir='ltr'><strong>Paulus</strong></span> <span class='ocrx_word' id='word_1_524' title='bbox 2383 1976 2606 2031; x_wconf 87' lang='lat' dir='ltr'><strong>edoctus</strong></span> <span class='ocrx_word' id='word_1_525' title='bbox 2653 1990 2832 2045; x_wconf 90' lang='lat' dir='ltr'><strong>agere,</strong></span> <span class='ocrx_word' id='word_1_526' title='bbox 2886 1983 3172 2042; x_wconf 87' lang='lat' dir='ltr'><strong>utrumque</strong></span> <span class='ocrx_word' id='word_1_527' title='bbox 3219 1987 3385 2041; x_wconf 89' lang='lat' dir='ltr'><strong>opere</strong></span> <span class='ocrx_word' id='word_1_528' title='bbox 3436 1974 3731 2044; x_wconf 68' lang='lat' dir='ltr'><strong>praestitit:</strong></span> 
     </span>
    </p>
   </div>
   <div class='ocr_carea' id='block_1_66' title="bbox 2132 2065 3734 2135">
    <p class='ocr_par' dir='ltr' id='par_1_66' title="bbox 2132 2065 3734 2135">
     <span class='ocr_line' id='line_1_66' title="bbox 2132 2065 3734 2135; baseline -0.001 -14"><span class='ocrx_word' id='word_1_529' title='bbox 2132 2084 2255 2121; x_wconf 90' lang='lat' dir='ltr'><strong>nam</strong></span> <span class='ocrx_word' id='word_1_530' title='bbox 2285 2076 2340 2122; x_wconf 91' lang='lat' dir='ltr'><strong>et</strong></span> <span class='ocrx_word' id='word_1_531' title='bbox 2387 2068 2705 2121; x_wconf 85' lang='lat' dir='ltr'><strong>tentatinnes</strong></span> <span class='ocrx_word' id='word_1_532' title='bbox 2729 2084 2756 2118; x_wconf 89' lang='lat' dir='ltr'><strong>a</strong></span> <span class='ocrx_word' id='word_1_533' title='bbox 2784 2082 2843 2120; x_wconf 85' lang='lat' dir='ltr'><strong>se</strong></span> <span class='ocrx_word' id='word_1_534' title='bbox 2874 2066 3160 2135; x_wconf 87' lang='lat' dir='ltr'><strong>postulavit</strong></span> <span class='ocrx_word' id='word_1_535' title='bbox 3206 2066 3463 2131; x_wconf 76' lang='lat' dir='ltr'><strong>amoveri,</strong></span> <span class='ocrx_word' id='word_1_536' title='bbox 3493 2081 3613 2119; x_wconf 89' lang='lat' dir='ltr'><strong>cum</strong></span> <span class='ocrx_word' id='word_1_537' title='bbox 3660 2065 3734 2120; x_wconf 87' lang='lat' dir='ltr'><strong>ita</strong></span> 
     </span>
    </p>
   </div>
   <div class='ocr_carea' id='block_1_67' title="bbox 2131 2155 3732 2230">
    <p class='ocr_par' dir='ltr' id='par_1_67' title="bbox 2131 2155 3732 2230">
     <span class='ocr_line' id='line_1_67' title="bbox 2131 2155 3732 2230; baseline -0.001 -19"><span class='ocrx_word' id='word_1_538' title='bbox 2131 2159 2337 2214; x_wconf 88' lang='lat' dir='ltr'><strong>diceret</strong></span> <span class='ocrx_word' id='word_1_539' title='bbox 2369 2178 2379 2211; x_wconf 94' lang='lat'><strong>:</strong></span> <span class='ocrx_word' id='word_1_540' title='bbox 2410 2156 2626 2229; x_wconf 83' lang='lat' dir='ltr'><strong>Propter</strong></span> <span class='ocrx_word' id='word_1_541' title='bbox 2668 2158 2805 2230; x_wconf 85' lang='lat' dir='ltr'><strong>quod</strong></span> <span class='ocrx_word' id='word_1_542' title='bbox 2850 2168 2923 2211; x_wconf 88' lang='lat' dir='ltr'><strong>ter</strong></span> <span class='ocrx_word' id='word_1_543' title='bbox 2952 2155 3233 2212; x_wconf 86' lang='lat' dir='ltr'><strong>Dominum</strong></span> <span class='ocrx_word' id='word_1_544' title='bbox 3258 2159 3434 2229; x_wconf 82' lang='lat' dir='ltr'><strong>ragnvi</strong></span> <span class='ocrx_word' id='word_1_545' title='bbox 3476 2156 3563 2228; x_wconf 63' lang='grc' dir='ltr'>(ἓ.</span> <span class='ocrx_word' id='word_1_546' title='bbox 3610 2157 3732 2211; x_wconf 91' lang='lat' dir='ltr'><strong>Cor.</strong></span> 
     </span>
    </p>
   </div>
   <div class='ocr_carea' id='block_1_68' title="bbox 2134 2234 3737 2319">
    <p class='ocr_par' dir='ltr' id='par_1_68' title="bbox 2134 2234 3737 2319">
     <span class='ocr_line' id='line_1_68' title="bbox 2134 2234 3737 2319; baseline -0.002 -16"><span class='ocrx_word' id='word_1_547' title='bbox 2134 2250 2225 2304; x_wconf 73' lang='grc'><strong>19.</strong></span> <span class='ocrx_word' id='word_1_548' title='bbox 2246 2248 2316 2319; x_wconf 90' lang='lat'><strong>8)</strong></span> <span class='ocrx_word' id='word_1_549' title='bbox 2345 2266 2357 2302; x_wconf 92' lang='lat'><strong>:</strong></span> <span class='ocrx_word' id='word_1_550' title='bbox 2387 2258 2441 2303; x_wconf 92' lang='lat' dir='ltr'><strong>et</strong></span> <span class='ocrx_word' id='word_1_551' title='bbox 2481 2249 2733 2319; x_wconf 87' lang='lat' dir='ltr'><strong>quoniam</strong></span> <span class='ocrx_word' id='word_1_552' title='bbox 2784 2249 2895 2303; x_wconf 92' lang='lat' dir='ltr'><strong>Deo</strong></span> <span class='ocrx_word' id='word_1_553' title='bbox 2924 2234 3096 2305; x_wconf 77' lang='lat' dir='ltr'><strong>visum</strong></span> <span class='ocrx_word' id='word_1_554' title='bbox 3144 2264 3252 2303; x_wconf 90' lang='lat' dir='ltr'><strong>non</strong></span> <span class='ocrx_word' id='word_1_555' title='bbox 3282 2257 3385 2315; x_wconf 88' lang='lat' dir='ltr'><strong>est,</strong></span> <span class='ocrx_word' id='word_1_556' title='bbox 3419 2248 3609 2318; x_wconf 90' lang='lat' dir='ltr'><strong>inquit,</strong></span> <span class='ocrx_word' id='word_1_557' title='bbox 3640 2246 3737 2300; x_wconf 76' lang='lat' dir='ltr'><strong>Id-</strong></span> 
     </span>
    </p>
   </div>
   <div class='ocr_carea' id='block_1_69' title="bbox 2133 2344 3734 2413">
    <p class='ocr_par' dir='ltr' id='par_1_69' title="bbox 2133 2344 3734 2413">
     <span class='ocr_line' id='line_1_69' title="bbox 2133 2344 3734 2413; baseline -0.001 -15"><span class='ocrx_word' id='word_1_558' title='bbox 2133 2348 2267 2399; x_wconf 84' lang='lat' dir='ltr'><strong>circo</strong></span> <span class='ocrx_word' id='word_1_559' title='bbox 2294 2344 2491 2413; x_wconf 86' lang='lat' dir='ltr'><strong>placide</strong></span> <span class='ocrx_word' id='word_1_560' title='bbox 2519 2346 2778 2413; x_wconf 78' lang='lat' dir='ltr'><strong>acquiesco</strong></span> <span class='ocrx_word' id='word_1_561' title='bbox 2805 2344 2858 2401; x_wconf 88' lang='lat' dir='ltr'><strong>in</strong></span> <span class='ocrx_word' id='word_1_562' title='bbox 2883 2345 3289 2413; x_wconf 71' lang='lat' dir='ltr'><strong>inﬁrmitatibus,</strong></span> <span class='ocrx_word' id='word_1_563' title='bbox 3316 2346 3369 2399; x_wconf 89' lang='lat' dir='ltr'><strong>in</strong></span> <span class='ocrx_word' id='word_1_564' title='bbox 3389 2345 3734 2407; x_wconf 87' lang='lat' dir='ltr'><strong>contumeliis,</strong></span> 
     </span>
    </p>
   </div>
   <div class='ocr_carea' id='block_1_70' title="bbox 2133 2434 3738 2509">
    <p class='ocr_par' dir='ltr' id='par_1_70' title="bbox 2133 2434 3738 2509">
     <span class='ocr_line' id='line_1_70' title="bbox 2133 2434 3738 2509; baseline 0.001 -19"><span class='ocrx_word' id='word_1_565' title='bbox 2133 2437 2185 2490; x_wconf 88' lang='lat' dir='ltr'><strong>in</strong></span> <span class='ocrx_word' id='word_1_566' title='bbox 2232 2436 2697 2505; x_wconf 78' lang='lat' dir='ltr'><strong>persequutionibus</strong></span> <span class='ocrx_word' id='word_1_567' title='bbox 2733 2434 2849 2509; x_wconf 83' lang='lat' dir='ltr'><strong>(lb.</strong></span> <span class='ocrx_word' id='word_1_568' title='bbox 2878 2454 2927 2493; x_wconf 82' lang='grc' dir='ltr'>υ.</span> <span class='ocrx_word' id='word_1_569' title='bbox 2958 2437 3081 2508; x_wconf 74' lang='grc'>10).</span> <span class='ocrx_word' id='word_1_570' title='bbox 3115 2435 3276 2491; x_wconf 86' lang='lat' dir='ltr'><strong>Forte</strong></span> <span class='ocrx_word' id='word_1_571' title='bbox 3299 2451 3429 2491; x_wconf 86' lang='lat' dir='ltr'><strong>vero</strong></span> <span class='ocrx_word' id='word_1_572' title='bbox 3468 2450 3576 2490; x_wconf 89' lang='lat' dir='ltr'><strong>non</strong></span> <span class='ocrx_word' id='word_1_573' title='bbox 3600 2437 3738 2491; x_wconf 89' lang='lat' dir='ltr'><strong>satis</strong></span> 
     </span>
    </p>
   </div>
   <div class='ocr_carea' id='block_1_71' title="bbox 2136 2526 3738 2601">
    <p class='ocr_par' dir='ltr' id='par_1_71' title="bbox 2136 2526 3738 2601">
     <span class='ocr_line' id='line_1_71' title="bbox 2136 2526 3738 2601; baseline 0.001 -22"><span class='ocrx_word' id='word_1_574' title='bbox 2136 2537 2377 2595; x_wconf 85' lang='lat' dir='ltr'><strong>apertum</strong></span> <span class='ocrx_word' id='word_1_575' title='bbox 2399 2535 2501 2591; x_wconf 88' lang='lat' dir='ltr'><strong>est,</strong></span> <span class='ocrx_word' id='word_1_576' title='bbox 2529 2529 2676 2601; x_wconf 84' lang='lat' dir='ltr'><strong>quod</strong></span> <span class='ocrx_word' id='word_1_577' title='bbox 2693 2529 2887 2585; x_wconf 92' lang='lat' dir='ltr'><strong>dicitur</strong></span> <span class='ocrx_word' id='word_1_578' title='bbox 2913 2548 2926 2583; x_wconf 93' lang='lat'><strong>:</strong></span> <span class='ocrx_word' id='word_1_579' title='bbox 2960 2529 3137 2598; x_wconf 90' lang='lat' dir='ltr'><strong>itaque</strong></span> <span class='ocrx_word' id='word_1_580' title='bbox 3164 2526 3494 2582; x_wconf 84' lang='lat' dir='ltr'><strong>manifestius</strong></span> <span class='ocrx_word' id='word_1_581' title='bbox 3525 2543 3556 2580; x_wconf 90' lang='lat' dir='ltr'><strong>a</strong></span> <span class='ocrx_word' id='word_1_582' title='bbox 3577 2527 3738 2581; x_wconf 85' lang='lat' dir='ltr'><strong>nobis</strong></span> 
     </span>
    </p>
   </div>
   <div class='ocr_carea' id='block_1_72' title="bbox 2136 2616 3738 2690">
    <p class='ocr_par' dir='ltr' id='par_1_72' title="bbox 2136 2616 3738 2690">
     <span class='ocr_line' id='line_1_72' title="bbox 2136 2616 3738 2690; baseline -0.002 -13"><span class='ocrx_word' id='word_1_583' title='bbox 2136 2616 2411 2672; x_wconf 71' lang='lat' dir='ltr'><strong>reddetur.</strong></span> <span class='ocrx_word' id='word_1_584' title='bbox 2464 2618 2649 2677; x_wconf 68' lang='lat' dir='ltr'><strong>luitis</strong></span> <span class='ocrx_word' id='word_1_585' title='bbox 2698 2620 3043 2676; x_wconf 88' lang='lat' dir='ltr'><strong>obsidebatur</strong></span> <span class='ocrx_word' id='word_1_586' title='bbox 3090 2620 3343 2690; x_wconf 91' lang='lat' dir='ltr'><strong>periculis</strong></span> <span class='ocrx_word' id='word_1_587' title='bbox 3388 2619 3624 2681; x_wconf 86' lang='lat' dir='ltr'><strong>Paulus,</strong></span> <span class='ocrx_word' id='word_1_588' title='bbox 3678 2630 3738 2673; x_wconf 86' lang='lat' dir='ltr'><strong>et</strong></span> 
     </span>
    </p>
   </div>
   <div class='ocr_carea' id='block_1_73' title="bbox 2136 2709 3737 2782">
    <p class='ocr_par' dir='ltr' id='par_1_73' title="bbox 2136 2709 3737 2782">
     <span class='ocr_line' id='line_1_73' title="bbox 2136 2709 3737 2782; baseline 0.001 -21"><span class='ocrx_word' id='word_1_589' title='bbox 2136 2709 2345 2778; x_wconf 86' lang='lat' dir='ltr'><strong>orabat,</strong></span> <span class='ocrx_word' id='word_1_590' title='bbox 2364 2726 2432 2767; x_wconf 82' lang='lat' dir='ltr'><strong>Ite</strong></span> <span class='ocrx_word' id='word_1_591' title='bbox 2450 2712 2699 2782; x_wconf 88' lang='lat' dir='ltr'><strong>periculis</strong></span> <span class='ocrx_word' id='word_1_592' title='bbox 2715 2711 3055 2780; x_wconf 81' lang='lat' dir='ltr'><strong>objiceretur.</strong></span> <span class='ocrx_word' id='word_1_593' title='bbox 3078 2710 3297 2764; x_wconf 86' lang='lat' dir='ltr'><strong>Audivit</strong></span> <span class='ocrx_word' id='word_1_594' title='bbox 3321 2726 3448 2779; x_wconf 88' lang='lat' dir='ltr'><strong>ergo</strong></span> <span class='ocrx_word' id='word_1_595' title='bbox 3463 2709 3737 2764; x_wconf 88' lang='lat' dir='ltr'><strong>Christum</strong></span> 
     </span>
    </p>
   </div>
   <div class='ocr_carea' id='block_1_74' title="bbox 2136 2799 3739 2872">
    <p class='ocr_par' dir='ltr' id='par_1_74' title="bbox 2136 2799 3739 2872">
     <span class='ocr_line' id='line_1_74' title="bbox 2136 2799 3739 2872; baseline 0.001 -21"><span class='ocrx_word' id='word_1_596' title='bbox 2136 2799 2401 2857; x_wconf 82' lang='lat' dir='ltr'><strong>dicentem</strong></span> <span class='ocrx_word' id='word_1_597' title='bbox 2432 2821 2444 2856; x_wconf 91' lang='lat'><strong>:</strong></span> <span class='ocrx_word' id='word_1_598' title='bbox 2479 2802 2672 2872; x_wconf 78' lang='lat' dir='ltr'><strong>Suﬂ&#39;icit</strong></span> <span class='ocrx_word' id='word_1_599' title='bbox 2704 2804 2791 2855; x_wconf 86' lang='lat' dir='ltr'><strong>tibi</strong></span> <span class='ocrx_word' id='word_1_600' title='bbox 2816 2804 2982 2872; x_wconf 76' lang='lat' dir='ltr'><strong>gratia</strong></span> <span class='ocrx_word' id='word_1_601' title='bbox 3001 2818 3113 2855; x_wconf 72' lang='lat' dir='ltr'><strong>tm</strong></span> <span class='ocrx_word' id='word_1_602' title='bbox 3134 2816 3153 2854; x_wconf 91' lang='lat'><em>:</em></span> <span class='ocrx_word' id='word_1_603' title='bbox 3188 2800 3343 2855; x_wconf 79' lang='lat' dir='ltr'><strong>uirtus</strong></span> <span class='ocrx_word' id='word_1_604' title='bbox 3368 2801 3502 2856; x_wconf 78' lang='lat' dir='ltr'><strong>enim</strong></span> <span class='ocrx_word' id='word_1_605' title='bbox 3547 2818 3658 2853; x_wconf 88' lang='lat' dir='ltr'><strong>mea</strong></span> <span class='ocrx_word' id='word_1_606' title='bbox 3682 2802 3739 2853; x_wconf 83' lang='lat' dir='ltr'><strong>in</strong></span> 
     </span>
    </p>
   </div>
   <div class='ocr_carea' id='block_1_75' title="bbox 2139 2890 3737 2964">
    <p class='ocr_par' dir='ltr' id='par_1_75' title="bbox 2139 2890 3737 2964">
     <span class='ocr_line' id='line_1_75' title="bbox 2139 2890 3737 2964; baseline 0.001 -17"><span class='ocrx_word' id='word_1_607' title='bbox 2139 2890 2432 2963; x_wconf 78' lang='lat' dir='ltr'><strong>inﬁmitate</strong></span> <span class='ocrx_word' id='word_1_608' title='bbox 2482 2894 2743 2963; x_wconf 81' lang='lat' dir='ltr'><strong>perficitur</strong></span> <span class='ocrx_word' id='word_1_609' title='bbox 2790 2892 2909 2964; x_wconf 86' lang='lat' dir='ltr'><strong>(Ib.</strong></span> <span class='ocrx_word' id='word_1_610' title='bbox 2959 2909 3005 2946; x_wconf 82' lang='grc' dir='ltr'>υ.</span> <span class='ocrx_word' id='word_1_611' title='bbox 3052 2893 3149 2962; x_wconf 84' lang='grc'>9).</span> <span class='ocrx_word' id='word_1_612' title='bbox 3202 2892 3493 2963; x_wconf 68' lang='lat' dir='ltr'><strong>Postquam</strong></span> <span class='ocrx_word' id='word_1_613' title='bbox 3542 2893 3737 2963; x_wconf 81' lang='lat' dir='ltr'><strong>igitur,</strong></span> 
     </span>
    </p>
   </div>
   <div class='ocr_carea' id='block_1_76' title="bbox 2140 2986 3738 3058">
    <p class='ocr_par' dir='ltr' id='par_1_76' title="bbox 2140 2986 3738 3058">
     <span class='ocr_line' id='line_1_76' title="bbox 2140 2986 3738 3058; baseline 0.002 -18"><span class='ocrx_word' id='word_1_614' title='bbox 2140 3002 2387 3058; x_wconf 79' lang='lat' dir='ltr'><strong>quamam</strong></span> <span class='ocrx_word' id='word_1_615' title='bbox 2418 2995 2562 3042; x_wconf 89' lang='lat' dir='ltr'><strong>esset</strong></span> <span class='ocrx_word' id='word_1_616' title='bbox 2592 2986 2684 3041; x_wconf 92' lang='lat' dir='ltr'><strong>Dei</strong></span> <span class='ocrx_word' id='word_1_617' title='bbox 2715 2988 2976 3051; x_wconf 87' lang='lat' dir='ltr'><strong>voluntas,</strong></span> <span class='ocrx_word' id='word_1_618' title='bbox 3002 2987 3238 3057; x_wconf 86' lang='lat' dir='ltr'><strong>agnovit,</strong></span> <span class='ocrx_word' id='word_1_619' title='bbox 3267 2997 3378 3041; x_wconf 90' lang='lat' dir='ltr'><strong>tum</strong></span> <span class='ocrx_word' id='word_1_620' title='bbox 3402 2987 3738 3043; x_wconf 79' lang='lat' dir='ltr'><strong>voluntatem</strong></span> 
     </span>
    </p>
   </div>
   <div class='ocr_carea' id='block_1_77' title="bbox 2140 3078 3738 3149">
    <p class='ocr_par' dir='ltr' id='par_1_77' title="bbox 2140 3078 3738 3149">
     <span class='ocr_line' id='line_1_77' title="bbox 2140 3078 3738 3149; baseline -0.002 -14"><span class='ocrx_word' id='word_1_621' title='bbox 2140 3095 2291 3135; x_wconf 92' lang='lat' dir='ltr'><strong>suam</strong></span> <span class='ocrx_word' id='word_1_622' title='bbox 2308 3079 2562 3149; x_wconf 88' lang='lat' dir='ltr'><strong>deinceps</strong></span> <span class='ocrx_word' id='word_1_623' title='bbox 2582 3079 2676 3134; x_wconf 92' lang='lat' dir='ltr'><strong>Dei</strong></span> <span class='ocrx_word' id='word_1_624' title='bbox 2696 3078 2954 3133; x_wconf 90' lang='lat' dir='ltr'><strong>voluntati</strong></span> <span class='ocrx_word' id='word_1_625' title='bbox 2971 3079 3217 3148; x_wconf 87' lang='lat' dir='ltr'><strong>subjecit.</strong></span> <span class='ocrx_word' id='word_1_626' title='bbox 3250 3079 3376 3134; x_wconf 65' lang='lat' dir='ltr'><strong>Hmc</strong></span> <span class='ocrx_word' id='word_1_627' title='bbox 3400 3079 3557 3149; x_wconf 83' lang='lat' dir='ltr'><strong>igitur</strong></span> <span class='ocrx_word' id='word_1_628' title='bbox 3586 3089 3738 3133; x_wconf 77' lang='lat' dir='ltr'><strong>utm-</strong></span> 
     </span>
    </p>
   </div>
   <div class='ocr_carea' id='block_1_78' title="bbox 2140 3169 3737 3242">
    <p class='ocr_par' dir='ltr' id='par_1_78' title="bbox 2140 3169 3737 3242">
     <span class='ocr_line' id='line_1_78' title="bbox 2140 3169 3737 3242; baseline 0.003 -21"><span class='ocrx_word' id='word_1_629' title='bbox 2140 3188 2244 3242; x_wconf 84' lang='lat' dir='ltr'><strong>que</strong></span> <span class='ocrx_word' id='word_1_630' title='bbox 2262 3186 2356 3241; x_wconf 89' lang='lat' dir='ltr'><strong>per</strong></span> <span class='ocrx_word' id='word_1_631' title='bbox 2374 3173 2670 3225; x_wconf 77' lang='lat' dir='ltr'><strong>orationem</strong></span> <span class='ocrx_word' id='word_1_632' title='bbox 2697 3170 2851 3225; x_wconf 90' lang='lat' dir='ltr'><strong>istam</strong></span> <span class='ocrx_word' id='word_1_633' title='bbox 2873 3170 3074 3236; x_wconf 90' lang='lat' dir='ltr'><strong>docuit,</strong></span> <span class='ocrx_word' id='word_1_634' title='bbox 3105 3179 3161 3224; x_wconf 90' lang='lat' dir='ltr'><strong>ut</strong></span> <span class='ocrx_word' id='word_1_635' title='bbox 3188 3185 3359 3240; x_wconf 92' lang='lat' dir='ltr'><strong>neque</strong></span> <span class='ocrx_word' id='word_1_636' title='bbox 3373 3169 3620 3240; x_wconf 89' lang='lat' dir='ltr'><strong>periculis</strong></span> <span class='ocrx_word' id='word_1_637' title='bbox 3639 3188 3737 3225; x_wconf 73' lang='lat' dir='ltr'><strong>“(DS</strong></span> 
     </span>
    </p>
   </div>
   <div class='ocr_carea' id='block_1_79' title="bbox 2141 3261 3739 3331">
    <p class='ocr_par' dir='ltr' id='par_1_79' title="bbox 2141 3261 3739 3331">
     <span class='ocr_line' id='line_1_79' title="bbox 2141 3261 3739 3331; baseline -0.001 -15"><span class='ocrx_word' id='word_1_638' title='bbox 2141 3263 2474 3331; x_wconf 83' lang='lat' dir='ltr'><strong>objiciamus,</strong></span> <span class='ocrx_word' id='word_1_639' title='bbox 2500 3262 2595 3317; x_wconf 86' lang='lat' dir='ltr'><strong>sed</strong></span> <span class='ocrx_word' id='word_1_640' title='bbox 2637 3270 2691 3317; x_wconf 91' lang='lat' dir='ltr'><strong>et</strong></span> <span class='ocrx_word' id='word_1_641' title='bbox 2720 3276 2937 3316; x_wconf 90' lang='lat' dir='ltr'><strong>oremus</strong></span> <span class='ocrx_word' id='word_1_642' title='bbox 2964 3277 3030 3316; x_wconf 92' lang='lat' dir='ltr'><strong>ne</strong></span> <span class='ocrx_word' id='word_1_643' title='bbox 3067 3262 3120 3315; x_wconf 92' lang='lat' dir='ltr'><strong>in</strong></span> <span class='ocrx_word' id='word_1_644' title='bbox 3164 3277 3229 3317; x_wconf 86' lang='lat' dir='ltr'><strong>ea</strong></span> <span class='ocrx_word' id='word_1_645' title='bbox 3278 3261 3573 3315; x_wconf 89' lang='lat' dir='ltr'><strong>incidamus</strong></span> <span class='ocrx_word' id='word_1_646' title='bbox 3606 3280 3620 3315; x_wconf 89' lang='lat'><strong>:</strong></span> <span class='ocrx_word' id='word_1_647' title='bbox 3653 3261 3739 3315; x_wconf 88' lang='lat' dir='ltr'><strong>sin</strong></span> 
     </span>
    </p>
   </div>
   <div class='ocr_carea' id='block_1_80' title="bbox 2142 3352 3740 3424">
    <p class='ocr_par' dir='ltr' id='par_1_80' title="bbox 2142 3352 3740 3424">
     <span class='ocr_line' id='line_1_80' title="bbox 2142 3352 3740 3424; baseline -0.001 -19"><span class='ocrx_word' id='word_1_648' title='bbox 2142 3367 2319 3407; x_wconf 88' lang='lat' dir='ltr'><strong>autem</strong></span> <span class='ocrx_word' id='word_1_649' title='bbox 2370 3368 2469 3407; x_wconf 91' lang='lat' dir='ltr'><strong>nos</strong></span> <span class='ocrx_word' id='word_1_650' title='bbox 2496 3352 2809 3417; x_wconf 90' lang='lat' dir='ltr'><strong>invaserint,</strong></span> <span class='ocrx_word' id='word_1_651' title='bbox 2858 3368 2920 3407; x_wconf 89' lang='lat' dir='ltr'><strong>ea</strong></span> <span class='ocrx_word' id='word_1_652' title='bbox 2957 3353 3222 3424; x_wconf 90' lang='lat' dir='ltr'><strong>patienter</strong></span> <span class='ocrx_word' id='word_1_653' title='bbox 3248 3352 3499 3414; x_wconf 89' lang='lat' dir='ltr'><strong>feramus.</strong></span> <span class='ocrx_word' id='word_1_654' title='bbox 3522 3368 3585 3406; x_wconf 91' lang='lat' dir='ltr'><strong>ac</strong></span> <span class='ocrx_word' id='word_1_655' title='bbox 3614 3368 3740 3422; x_wconf 85' lang='lat' dir='ltr'><strong>pro-</strong></span> 
     </span>
    </p>
   </div>
   <div class='ocr_carea' id='block_1_81' title="bbox 2144 3445 3738 3518">
    <p class='ocr_par' dir='ltr' id='par_1_81' title="bbox 2144 3445 3738 3518">
     <span class='ocr_line' id='line_1_81' title="bbox 2144 3445 3738 3518; baseline -0.002 -16"><span class='ocrx_word' id='word_1_656' title='bbox 2144 3449 2275 3518; x_wconf 69' lang='lat' dir='ltr'><strong>priae</strong></span> <span class='ocrx_word' id='word_1_657' title='bbox 2298 3446 2560 3501; x_wconf 89' lang='lat' dir='ltr'><strong>voluntati</strong></span> <span class='ocrx_word' id='word_1_658' title='bbox 2591 3447 2683 3501; x_wconf 92' lang='lat' dir='ltr'><strong>Dei</strong></span> <span class='ocrx_word' id='word_1_659' title='bbox 2707 3447 3032 3501; x_wconf 90' lang='lat' dir='ltr'><strong>voluntatem</strong></span> <span class='ocrx_word' id='word_1_660' title='bbox 3065 3445 3430 3516; x_wconf 65' lang='lat' dir='ltr'><strong>prteferamus.</strong></span> <span class='ocrx_word' id='word_1_661' title='bbox 3462 3445 3592 3513; x_wconf 77' lang='lat' dir='ltr'><strong>Qua:</strong></span> <span class='ocrx_word' id='word_1_662' title='bbox 3612 3461 3738 3500; x_wconf 89' lang='lat' dir='ltr'><strong>cum</strong></span> 
     </span>
    </p>
   </div>
   <div class='ocr_carea' id='block_1_82' title="bbox 2143 3539 3741 3608">
    <p class='ocr_par' dir='ltr' id='par_1_82' title="bbox 2143 3539 3741 3608">
     <span class='ocr_line' id='line_1_82' title="bbox 2143 3539 3741 3608; baseline -0.002 -13"><span class='ocrx_word' id='word_1_663' title='bbox 2143 3542 2212 3595; x_wconf 90' lang='lat' dir='ltr'><strong>ita</strong></span> <span class='ocrx_word' id='word_1_664' title='bbox 2264 3539 2419 3595; x_wconf 87' lang='lat' dir='ltr'><strong>nobis</strong></span> <span class='ocrx_word' id='word_1_665' title='bbox 2467 3539 2739 3608; x_wconf 76' lang='lat' dir='ltr'><strong>explorata</strong></span> <span class='ocrx_word' id='word_1_666' title='bbox 2794 3539 2921 3601; x_wconf 89' lang='lat' dir='ltr'><strong>sint,</strong></span> <span class='ocrx_word' id='word_1_667' title='bbox 2961 3554 3195 3604; x_wconf 90' lang='lat' dir='ltr'><strong>oremus,</strong></span> <span class='ocrx_word' id='word_1_668' title='bbox 3249 3548 3306 3592; x_wconf 94' lang='lat' dir='ltr'><strong>ut</strong></span> <span class='ocrx_word' id='word_1_669' title='bbox 3356 3553 3645 3607; x_wconf 89' lang='lat' dir='ltr'><strong>numquam</strong></span> <span class='ocrx_word' id='word_1_670' title='bbox 3685 3542 3741 3592; x_wconf 87' lang='lat' dir='ltr'><strong>in</strong></span> 
     </span>
    </p>
   </div>
   <div class='ocr_carea' id='block_1_83' title="bbox 2146 3630 3742 3703">
    <p class='ocr_par' dir='ltr' id='par_1_83' title="bbox 2146 3630 3742 3703">
     <span class='ocr_line' id='line_1_83' title="bbox 2146 3630 3742 3703; baseline -0.001 -16"><span class='ocrx_word' id='word_1_671' title='bbox 2146 3634 2493 3689; x_wconf 91' lang='lat' dir='ltr'><strong>tentationem</strong></span> <span class='ocrx_word' id='word_1_672' title='bbox 2526 3633 2785 3688; x_wconf 90' lang='lat' dir='ltr'><strong>intremus</strong></span> <span class='ocrx_word' id='word_1_673' title='bbox 2812 3650 2825 3686; x_wconf 91' lang='lat'><strong>:</strong></span> <span class='ocrx_word' id='word_1_674' title='bbox 2855 3633 3000 3703; x_wconf 90' lang='lat' dir='ltr'><strong>quod</strong></span> <span class='ocrx_word' id='word_1_675' title='bbox 3052 3632 3097 3685; x_wconf 91' lang='lat' dir='ltr'><strong>si</strong></span> <span class='ocrx_word' id='word_1_676' title='bbox 3152 3630 3473 3701; x_wconf 91' lang='lat' dir='ltr'><strong>quandoque</strong></span> <span class='ocrx_word' id='word_1_677' title='bbox 3501 3632 3742 3685; x_wconf 86' lang='lat' dir='ltr'><strong>intrave-</strong></span> 
     </span>
    </p>
   </div>
   <div class='ocr_carea' id='block_1_84' title="bbox 2144 3721 3744 3793">
    <p class='ocr_par' dir='ltr' id='par_1_84' title="bbox 2144 3721 3744 3793">
     <span class='ocr_line' id='line_1_84' title="bbox 2144 3721 3744 3793; baseline -0.003 -14"><span class='ocrx_word' id='word_1_678' title='bbox 2144 3725 2332 3792; x_wconf 90' lang='lat' dir='ltr'><strong>rimus,</strong></span> <span class='ocrx_word' id='word_1_679' title='bbox 2368 3725 2533 3779; x_wconf 90' lang='lat' dir='ltr'><strong>Deum</strong></span> <span class='ocrx_word' id='word_1_680' title='bbox 2554 3739 2853 3793; x_wconf 88' lang='lat' dir='ltr'><strong>precemur,</strong></span> <span class='ocrx_word' id='word_1_681' title='bbox 2886 3732 2946 3777; x_wconf 95' lang='lat' dir='ltr'><strong>ut</strong></span> <span class='ocrx_word' id='word_1_682' title='bbox 2974 3723 3128 3778; x_wconf 89' lang='lat' dir='ltr'><strong>nobis</strong></span> <span class='ocrx_word' id='word_1_683' title='bbox 3150 3723 3457 3792; x_wconf 89' lang='lat' dir='ltr'><strong>patientiam</strong></span> <span class='ocrx_word' id='word_1_684' title='bbox 3492 3732 3547 3776; x_wconf 89' lang='lat' dir='ltr'><strong>et</strong></span> <span class='ocrx_word' id='word_1_685' title='bbox 3588 3721 3744 3775; x_wconf 74' lang='lat' dir='ltr'><strong>Forti-</strong></span> 
     </span>
    </p>
   </div>
   <div class='ocr_carea' id='block_1_85' title="bbox 2146 3814 3744 3885">
    <p class='ocr_par' dir='ltr' id='par_1_85' title="bbox 2146 3814 3744 3885">
     <span class='ocr_line' id='line_1_85' title="bbox 2146 3814 3744 3885; baseline -0.003 -16"><span class='ocrx_word' id='word_1_686' title='bbox 2146 3816 2383 3870; x_wconf 89' lang='lat' dir='ltr'><strong>tudinem</strong></span> <span class='ocrx_word' id='word_1_687' title='bbox 2421 3815 2692 3885; x_wconf 86' lang='lat' dir='ltr'><strong>largiatur.</strong></span> <span class='ocrx_word' id='word_1_688' title='bbox 2719 3815 2990 3884; x_wconf 89' lang='lat' dir='ltr'><strong>ipsiusque</strong></span> <span class='ocrx_word' id='word_1_689' title='bbox 3019 3814 3342 3869; x_wconf 83' lang='lat' dir='ltr'><strong>voluntatem</strong></span> <span class='ocrx_word' id='word_1_690' title='bbox 3372 3814 3516 3866; x_wconf 89' lang='lat' dir='ltr'><strong>omni</strong></span> <span class='ocrx_word' id='word_1_691' title='bbox 3543 3822 3744 3866; x_wconf 74' lang='lat' dir='ltr'><strong>nostra:</strong></span> 
     </span>
    </p>
   </div>
   <div class='ocr_carea' id='block_1_86' title="bbox 2144 3904 3745 3978">
    <p class='ocr_par' dir='ltr' id='par_1_86' title="bbox 2144 3904 3745 3978">
     <span class='ocr_line' id='line_1_86' title="bbox 2144 3904 3745 3978; baseline -0.003 -15"><span class='ocrx_word' id='word_1_692' title='bbox 2144 3909 2403 3963; x_wconf 90' lang='lat' dir='ltr'><strong>voluntati</strong></span> <span class='ocrx_word' id='word_1_693' title='bbox 2435 3909 2800 3978; x_wconf 74' lang='lat' dir='ltr'><strong>pneferamus.</strong></span> <span class='ocrx_word' id='word_1_694' title='bbox 2845 3907 2934 3963; x_wconf 90' lang='lat' dir='ltr'><strong>Sic</strong></span> <span class='ocrx_word' id='word_1_695' title='bbox 2978 3907 3121 3961; x_wconf 90' lang='lat' dir='ltr'><strong>enim</strong></span> <span class='ocrx_word' id='word_1_696' title='bbox 3153 3904 3263 3972; x_wconf 84' lang='lat' dir='ltr'><strong>fiet,</strong></span> <span class='ocrx_word' id='word_1_697' title='bbox 3298 3914 3357 3960; x_wconf 91' lang='lat' dir='ltr'><strong>ut</strong></span> <span class='ocrx_word' id='word_1_698' title='bbox 3395 3905 3557 3958; x_wconf 88' lang='lat' dir='ltr'><strong>vitam</strong></span> <span class='ocrx_word' id='word_1_699' title='bbox 3602 3920 3745 3974; x_wconf 81' lang='lat' dir='ltr'><strong>pra:-</strong></span> 
     </span>
    </p>
   </div>
   <div class='ocr_carea' id='block_1_87' title="bbox 2146 3996 3745 4069">
    <p class='ocr_par' dir='ltr' id='par_1_87' title="bbox 2146 3996 3745 4069">
     <span class='ocr_line' id='line_1_87' title="bbox 2146 3996 3745 4069; baseline -0.006 -11"><span class='ocrx_word' id='word_1_700' title='bbox 2146 4012 2353 4059; x_wconf 89' lang='lat' dir='ltr'><strong>sentem</strong></span> <span class='ocrx_word' id='word_1_701' title='bbox 2378 4017 2500 4057; x_wconf 91' lang='lat' dir='ltr'><strong>cum</strong></span> <span class='ocrx_word' id='word_1_702' title='bbox 2541 4002 2826 4056; x_wconf 88' lang='lat' dir='ltr'><strong>securitate</strong></span> <span class='ocrx_word' id='word_1_703' title='bbox 2853 4000 3228 4069; x_wconf 86' lang='lat' dir='ltr'><strong>transigamus,</strong></span> <span class='ocrx_word' id='word_1_704' title='bbox 3282 4007 3338 4052; x_wconf 90' lang='lat' dir='ltr'><strong>et</strong></span> <span class='ocrx_word' id='word_1_705' title='bbox 3389 3996 3562 4051; x_wconf 91' lang='lat' dir='ltr'><strong>futura</strong></span> <span class='ocrx_word' id='word_1_706' title='bbox 3603 3996 3745 4050; x_wconf 81' lang='lat' dir='ltr'><strong>bona</strong></span> 
     </span>
    </p>
   </div>
   <div class='ocr_carea' id='block_1_88' title="bbox 2147 4089 3742 4165">
    <p class='ocr_par' dir='ltr' id='par_1_88' title="bbox 2147 4089 3742 4165">
     <span class='ocr_line' id='line_1_88' title="bbox 2147 4089 3742 4165; baseline -0.006 -16"><span class='ocrx_word' id='word_1_707' title='bbox 2147 4108 2575 4165; x_wconf 89' lang='lat' dir='ltr'><strong>consequamur:</strong></span> <span class='ocrx_word' id='word_1_708' title='bbox 2602 4108 2829 4161; x_wconf 90' lang='lat' dir='ltr'><strong>quorum</strong></span> <span class='ocrx_word' id='word_1_709' title='bbox 2869 4107 2967 4147; x_wconf 91' lang='lat' dir='ltr'><strong>nos</strong></span> <span class='ocrx_word' id='word_1_710' title='bbox 2986 4100 3261 4161; x_wconf 90' lang='lat' dir='ltr'><strong>compotes</strong></span> <span class='ocrx_word' id='word_1_711' title='bbox 3292 4089 3406 4144; x_wconf 81' lang='lat' dir='ltr'><strong>fieri</strong></span> <span class='ocrx_word' id='word_1_712' title='bbox 3446 4089 3742 4156; x_wconf 78' lang='lat' dir='ltr'><strong>contingat,</strong></span> 
     </span>
    </p>
   </div>
   <div class='ocr_carea' id='block_1_89' title="bbox 2148 4178 3743 4258">
    <p class='ocr_par' dir='ltr' id='par_1_89' title="bbox 2148 4178 3743 4258">
     <span class='ocr_line' id='line_1_89' title="bbox 2148 4178 3743 4258; baseline -0.006 -17"><span class='ocrx_word' id='word_1_713' title='bbox 2148 4187 2316 4258; x_wconf 87' lang='lat' dir='ltr'><strong>gratia</strong></span> <span class='ocrx_word' id='word_1_714' title='bbox 2345 4197 2399 4241; x_wconf 90' lang='lat' dir='ltr'><strong>et</strong></span> <span class='ocrx_word' id='word_1_715' title='bbox 2428 4185 2753 4255; x_wconf 88' lang='lat' dir='ltr'><strong>benignitate</strong></span> <span class='ocrx_word' id='word_1_716' title='bbox 2782 4184 2989 4238; x_wconf 88' lang='lat' dir='ltr'><strong>Domini</strong></span> <span class='ocrx_word' id='word_1_717' title='bbox 3030 4183 3195 4237; x_wconf 91' lang='lat' dir='ltr'><strong>nostri</strong></span> <span class='ocrx_word' id='word_1_718' title='bbox 3221 4181 3344 4236; x_wconf 88' lang='lat' dir='ltr'><strong>Jesu</strong></span> <span class='ocrx_word' id='word_1_719' title='bbox 3371 4178 3589 4243; x_wconf 85' lang='lat' dir='ltr'><strong>Christi,</strong></span> <span class='ocrx_word' id='word_1_720' title='bbox 3619 4193 3743 4233; x_wconf 86' lang='lat' dir='ltr'><strong>cum</strong></span> 
     </span>
    </p>
   </div>
   <div class='ocr_carea' id='block_1_90' title="bbox 2148 4271 3747 4350">
    <p class='ocr_par' dir='ltr' id='par_1_90' title="bbox 2148 4271 3747 4350">
     <span class='ocr_line' id='line_1_90' title="bbox 2148 4271 3747 4350; baseline -0.007 -17"><span class='ocrx_word' id='word_1_721' title='bbox 2148 4295 2254 4350; x_wconf 90' lang='lat' dir='ltr'><strong>quo</strong></span> <span class='ocrx_word' id='word_1_722' title='bbox 2272 4278 2438 4343; x_wconf 87' lang='lat' dir='ltr'><strong>Patri,</strong></span> <span class='ocrx_word' id='word_1_723' title='bbox 2454 4293 2555 4332; x_wconf 91' lang='lat' dir='ltr'><strong>una</strong></span> <span class='ocrx_word' id='word_1_724' title='bbox 2573 4292 2695 4331; x_wconf 91' lang='lat' dir='ltr'><strong>cum</strong></span> <span class='ocrx_word' id='word_1_725' title='bbox 2708 4276 2907 4347; x_wconf 91' lang='lat' dir='ltr'><strong>Spiritu</strong></span> <span class='ocrx_word' id='word_1_726' title='bbox 2923 4284 3107 4330; x_wconf 92' lang='lat' dir='ltr'><strong>sancto</strong></span> <span class='ocrx_word' id='word_1_727' title='bbox 3123 4274 3311 4345; x_wconf 88' lang='lat' dir='ltr'><strong>gloria,</strong></span> <span class='ocrx_word' id='word_1_728' title='bbox 3328 4271 3634 4342; x_wconf 87' lang='lat' dir='ltr'><strong>imperium,</strong></span> <span class='ocrx_word' id='word_1_729' title='bbox 3653 4271 3747 4323; x_wconf 83' lang='lat' dir='ltr'><strong>ho-</strong></span> 
     </span>
    </p>
   </div>
   <div class='ocr_carea' id='block_1_91' title="bbox 2151 4363 3743 4440">
    <p class='ocr_par' dir='ltr' id='par_1_91' title="bbox 2151 4363 3743 4440">
     <span class='ocr_line' id='line_1_91' title="bbox 2151 4363 3743 4440; baseline -0.007 -14"><span class='ocrx_word' id='word_1_730' title='bbox 2151 4386 2272 4437; x_wconf 92' lang='lat' dir='ltr'><strong>nor,</strong></span> <span class='ocrx_word' id='word_1_731' title='bbox 2298 4386 2439 4425; x_wconf 90' lang='lat' dir='ltr'><strong>nunc</strong></span> <span class='ocrx_word' id='word_1_732' title='bbox 2467 4380 2520 4425; x_wconf 90' lang='lat' dir='ltr'><strong>et</strong></span> <span class='ocrx_word' id='word_1_733' title='bbox 2545 4384 2775 4440; x_wconf 90' lang='lat' dir='ltr'><strong>semper,</strong></span> <span class='ocrx_word' id='word_1_734' title='bbox 2796 4377 2851 4423; x_wconf 91' lang='lat' dir='ltr'><strong>et</strong></span> <span class='ocrx_word' id='word_1_735' title='bbox 2878 4367 2930 4421; x_wconf 93' lang='lat' dir='ltr'><strong>in</strong></span> <span class='ocrx_word' id='word_1_736' title='bbox 2962 4368 3155 4422; x_wconf 60' lang='lat' dir='ltr'><strong>saecula</strong></span> <span class='ocrx_word' id='word_1_737' title='bbox 3178 4365 3512 4420; x_wconf 72' lang='lat' dir='ltr'><strong>saeculorum.</strong></span> <span class='ocrx_word' id='word_1_738' title='bbox 3547 4363 3743 4418; x_wconf 79' lang='lat' dir='ltr'><strong>Amen.</strong></span> 
     </span>
    </p>
   </div>
   <div class='ocr_carea' id='block_1_92' title="bbox 478 4573 3714 4628">
    <p class='ocr_par' dir='ltr' id='par_1_92' title="bbox 478 4573 3714 4628">
     <span class='ocr_line' id='line_1_92' title="bbox 478 4573 3714 4628; baseline -0.007 -5"><span class='ocrx_word' id='word_1_739' title='bbox 478 4573 3714 4628; x_wconf 52' lang='lat' dir='ltr'><strong>mw</strong></span> 
     </span>
    </p>
   </div>
   <div class='ocr_carea' id='block_1_93' title="bbox 1575 4868 2622 4939">
    <p class='ocr_par' dir='ltr' id='par_1_93' title="bbox 1575 4868 2622 4939">
     <span class='ocr_line' id='line_1_93' title="bbox 1575 4868 2622 4939; baseline -0.002 -11"><span class='ocrx_word' id='word_1_740' title='bbox 1575 4870 1655 4929; x_wconf 85' lang='lat' dir='ltr'><strong>IN</strong></span> <span class='ocrx_word' id='word_1_741' title='bbox 1695 4870 2122 4930; x_wconf 81' lang='lat' dir='ltr'><strong>CONCIONEM</strong></span> <span class='ocrx_word' id='word_1_742' title='bbox 2169 4868 2622 4939; x_wconf 86' lang='lat' dir='ltr'><strong>SEQUENTEM</strong></span> 
     </span>
    </p>
   </div>
   <div class='ocr_carea' id='block_1_94' title="bbox 558 5066 3720 5157">
    <p class='ocr_par' dir='ltr' id='par_1_94' title="bbox 558 5066 3720 5157">
     <span class='ocr_line' id='line_1_94' title="bbox 558 5066 3720 5157; baseline -0.004 -18"><span class='ocrx_word' id='word_1_743' title='bbox 558 5082 793 5139; x_wconf 78' lang='lat' dir='ltr'><strong>Bomilia</strong></span> <span class='ocrx_word' id='word_1_744' title='bbox 822 5082 889 5137; x_wconf 89' lang='lat' dir='ltr'><strong>de</strong></span> <span class='ocrx_word' id='word_1_745' title='bbox 925 5083 1166 5157; x_wconf 80' lang='lat' dir='ltr'><strong>Angusta</strong></span> <span class='ocrx_word' id='word_1_746' title='bbox 1199 5089 1354 5155; x_wconf 88' lang='lat' dir='ltr'><strong>porta</strong></span> <span class='ocrx_word' id='word_1_747' title='bbox 1403 5087 1456 5137; x_wconf 88' lang='lat' dir='ltr'><strong>et</strong></span> <span class='ocrx_word' id='word_1_748' title='bbox 1497 5076 1564 5136; x_wconf 87' lang='lat' dir='ltr'><strong>de</strong></span> <span class='ocrx_word' id='word_1_749' title='bbox 1596 5074 1855 5135; x_wconf 79' lang='lat' dir='ltr'><strong>Oratioae</strong></span> <span class='ocrx_word' id='word_1_750' title='bbox 1894 5072 2171 5133; x_wconf 89' lang='lat' dir='ltr'><strong>Dominica</strong></span> <span class='ocrx_word' id='word_1_751' title='bbox 2214 5072 2417 5131; x_wconf 88' lang='lat' dir='ltr'><strong>nullam</strong></span> <span class='ocrx_word' id='word_1_752' title='bbox 2465 5086 2576 5147; x_wconf 68' lang='lat' dir='ltr'><strong>prae</strong></span> <span class='ocrx_word' id='word_1_753' title='bbox 2615 5085 2673 5131; x_wconf 86' lang='lat' dir='ltr'><strong>sc</strong></span> <span class='ocrx_word' id='word_1_754' title='bbox 2711 5068 2821 5129; x_wconf 86' lang='lat' dir='ltr'><strong>fert</strong></span> <span class='ocrx_word' id='word_1_755' title='bbox 2860 5079 3068 5138; x_wconf 83' lang='lat' dir='ltr'><strong>notam,</strong></span> <span class='ocrx_word' id='word_1_756' title='bbox 3098 5082 3159 5127; x_wconf 77' lang='lat' dir='ltr'><strong>ex</strong></span> <span class='ocrx_word' id='word_1_757' title='bbox 3196 5082 3305 5141; x_wconf 85' lang='lat' dir='ltr'><strong>qua</strong></span> <span class='ocrx_word' id='word_1_758' title='bbox 3340 5066 3422 5125; x_wconf 86' lang='lat' dir='ltr'><strong>vel</strong></span> <span class='ocrx_word' id='word_1_759' title='bbox 3456 5075 3720 5140; x_wconf 72' lang='lat' dir='ltr'><strong>tempous</strong></span> 
     </span>
    </p>
   </div>
   <div class='ocr_carea' id='block_1_95' title="bbox 485 5189 3721 5271">
    <p class='ocr_par' dir='ltr' id='par_1_95' title="bbox 485 5189 3721 5271">
     <span class='ocr_line' id='line_1_95' title="bbox 485 5189 3721 5271; baseline -0.006 -12"><span class='ocrx_word' id='word_1_760' title='bbox 485 5199 780 5267; x_wconf 74' lang='lat' dir='ltr'><strong>caiculum,</strong></span> <span class='ocrx_word' id='word_1_761' title='bbox 814 5202 895 5257; x_wconf 86' lang='lat' dir='ltr'><strong>vel</strong></span> <span class='ocrx_word' id='word_1_762' title='bbox 929 5202 1032 5256; x_wconf 88' lang='lat' dir='ltr'><strong>loci</strong></span> <span class='ocrx_word' id='word_1_763' title='bbox 1066 5203 1118 5256; x_wconf 91' lang='lat' dir='ltr'><strong>in</strong></span> <span class='ocrx_word' id='word_1_764' title='bbox 1149 5216 1258 5271; x_wconf 88' lang='lat' dir='ltr'><strong>quo</strong></span> <span class='ocrx_word' id='word_1_765' title='bbox 1289 5200 1470 5255; x_wconf 89' lang='lat' dir='ltr'><strong>habita</strong></span> <span class='ocrx_word' id='word_1_766' title='bbox 1515 5209 1598 5254; x_wconf 91' lang='lat' dir='ltr'><strong>est</strong></span> <span class='ocrx_word' id='word_1_767' title='bbox 1640 5205 2018 5267; x_wconf 89' lang='lat' dir='ltr'><strong>argumentum</strong></span> <span class='ocrx_word' id='word_1_768' title='bbox 2046 5194 2246 5249; x_wconf 87' lang='lat' dir='ltr'><strong>dueere</strong></span> <span class='ocrx_word' id='word_1_769' title='bbox 2295 5195 2589 5265; x_wconf 91' lang='lat' dir='ltr'><strong>possimus.</strong></span> <span class='ocrx_word' id='word_1_770' title='bbox 2640 5191 2753 5247; x_wconf 87' lang='lat' dir='ltr'><strong>lloc</strong></span> <span class='ocrx_word' id='word_1_771' title='bbox 2800 5207 2968 5245; x_wconf 90' lang='lat' dir='ltr'><strong>unum</strong></span> <span class='ocrx_word' id='word_1_772' title='bbox 3004 5199 3154 5244; x_wconf 89' lang='lat' dir='ltr'><strong>certo</strong></span> <span class='ocrx_word' id='word_1_773' title='bbox 3203 5189 3384 5243; x_wconf 89' lang='lat' dir='ltr'><strong>dicere</strong></span> <span class='ocrx_word' id='word_1_774' title='bbox 3424 5189 3571 5250; x_wconf 87' lang='lat' dir='ltr'><strong>licet,</strong></span> <span class='ocrx_word' id='word_1_775' title='bbox 3596 5204 3721 5242; x_wconf 87' lang='lat' dir='ltr'><strong>eam</strong></span> 
     </span>
    </p>
   </div>
   <div class='ocr_carea' id='block_1_96' title="bbox 484 5302 3726 5385">
    <p class='ocr_par' dir='ltr' id='par_1_96' title="bbox 484 5302 3726 5385">
     <span class='ocr_line' id='line_1_96' title="bbox 484 5302 3726 5385; baseline -0.006 -14"><span class='ocrx_word' id='word_1_776' title='bbox 484 5314 880 5385; x_wconf 87' lang='lat' dir='ltr'><strong>Chrysostomo</strong></span> <span class='ocrx_word' id='word_1_777' title='bbox 915 5314 1128 5383; x_wconf 89' lang='lat' dir='ltr'><strong>dignam</strong></span> <span class='ocrx_word' id='word_1_778' title='bbox 1157 5328 1297 5375; x_wconf 88' lang='lat' dir='ltr'><strong>esse,</strong></span> <span class='ocrx_word' id='word_1_779' title='bbox 1337 5315 1564 5384; x_wconf 82' lang='lat' dir='ltr'><strong>ejusque</strong></span> <span class='ocrx_word' id='word_1_780' title='bbox 1590 5312 1713 5382; x_wconf 86' lang='lat' dir='ltr'><strong>styli</strong></span> <span class='ocrx_word' id='word_1_781' title='bbox 1744 5319 1980 5365; x_wconf 89' lang='lat' dir='ltr'><strong>tesseras</strong></span> <span class='ocrx_word' id='word_1_782' title='bbox 2020 5309 2071 5361; x_wconf 92' lang='lat' dir='ltr'><strong>in</strong></span> <span class='ocrx_word' id='word_1_783' title='bbox 2103 5323 2167 5362; x_wconf 90' lang='lat' dir='ltr'><strong>ea</strong></span> <span class='ocrx_word' id='word_1_784' title='bbox 2198 5324 2304 5363; x_wconf 92' lang='lat' dir='ltr'><strong>non</strong></span> <span class='ocrx_word' id='word_1_785' title='bbox 2340 5308 2534 5362; x_wconf 91' lang='lat' dir='ltr'><strong>dubias</strong></span> <span class='ocrx_word' id='word_1_786' title='bbox 2562 5307 2910 5376; x_wconf 89' lang='lat' dir='ltr'><strong>deprehendi,</strong></span> <span class='ocrx_word' id='word_1_787' title='bbox 2936 5320 3094 5360; x_wconf 91' lang='lat' dir='ltr'><strong>secus</strong></span> <span class='ocrx_word' id='word_1_788' title='bbox 3126 5320 3293 5374; x_wconf 90' lang='lat' dir='ltr'><strong>quam</strong></span> <span class='ocrx_word' id='word_1_789' title='bbox 3323 5305 3583 5374; x_wconf 89' lang='lat' dir='ltr'><strong>opinatur</strong></span> <span class='ocrx_word' id='word_1_790' title='bbox 3616 5302 3726 5354; x_wconf 85' lang='lat' dir='ltr'><strong>lla-</strong></span> 
     </span>
    </p>
   </div>
   <div class='ocr_carea' id='block_1_97' title="bbox 488 5417 3728 5498">
    <p class='ocr_par' dir='ltr' id='par_1_97' title="bbox 488 5417 3728 5498">
     <span class='ocr_line' id='line_1_97' title="bbox 488 5417 3728 5498; baseline -0.005 -12"><span class='ocrx_word' id='word_1_791' title='bbox 488 5431 658 5486; x_wconf 91' lang='lat' dir='ltr'><strong>lesius</strong></span> <span class='ocrx_word' id='word_1_792' title='bbox 686 5430 741 5483; x_wconf 91' lang='lat' dir='ltr'><strong>in</strong></span> <span class='ocrx_word' id='word_1_793' title='bbox 766 5429 907 5484; x_wconf 89' lang='lat' dir='ltr'><strong>notis</strong></span> <span class='ocrx_word' id='word_1_794' title='bbox 932 5425 1217 5482; x_wconf 90' lang='lat' dir='ltr'><strong>Savilianis</strong></span> <span class='ocrx_word' id='word_1_795' title='bbox 1249 5444 1301 5498; x_wconf 90' lang='lat' dir='ltr'><strong>p.</strong></span> <span class='ocrx_word' id='word_1_796' title='bbox 1334 5430 1458 5491; x_wconf 70' lang='lat'><strong>725,</strong></span> <span class='ocrx_word' id='word_1_797' title='bbox 1491 5427 1581 5498; x_wconf 92' lang='lat' dir='ltr'><strong>qui</strong></span> <span class='ocrx_word' id='word_1_798' title='bbox 1627 5425 1979 5496; x_wconf 88' lang='lat' dir='ltr'><strong>pronuntiare</strong></span> <span class='ocrx_word' id='word_1_799' title='bbox 2018 5439 2183 5478; x_wconf 83' lang='lat' dir='ltr'><strong>ausus</strong></span> <span class='ocrx_word' id='word_1_800' title='bbox 2221 5432 2305 5478; x_wconf 89' lang='lat' dir='ltr'><strong>est</strong></span> <span class='ocrx_word' id='word_1_801' title='bbox 2327 5467 2342 5489; x_wconf 95' lang='lat'><strong>,</strong></span> <span class='ocrx_word' id='word_1_802' title='bbox 2378 5431 2566 5478; x_wconf 84' lang='lat' dir='ltr'><strong>contra</strong></span> <span class='ocrx_word' id='word_1_803' title='bbox 2608 5420 2857 5491; x_wconf 87' lang='lat' dir='ltr'><strong>opusculi</strong></span> <span class='ocrx_word' id='word_1_804' title='bbox 2891 5420 3220 5490; x_wconf 80' lang='grc' dir='ltr'><strong>γνησιότητα</strong></span> <span class='ocrx_word' id='word_1_805' title='bbox 3254 5434 3320 5471; x_wconf 79' lang='lat' dir='ltr'><strong>ex</strong></span> <span class='ocrx_word' id='word_1_806' title='bbox 3357 5417 3481 5487; x_wconf 89' lang='lat' dir='ltr'><strong>styli</strong></span> <span class='ocrx_word' id='word_1_807' title='bbox 3523 5431 3728 5486; x_wconf 87' lang='lat' dir='ltr'><strong>genere</strong></span> 
     </span>
    </p>
   </div>
   <div class='ocr_carea' id='block_1_98' title="bbox 488 5516 3727 5616">
    <p class='ocr_par' dir='ltr' id='par_1_98' title="bbox 488 5516 3727 5616">
     <span class='ocr_line' id='line_1_98' title="bbox 488 5516 3727 5616; baseline -0.005 -13"><span class='ocrx_word' id='word_1_808' title='bbox 488 5546 779 5616; x_wconf 88' lang='lat' dir='ltr'><strong>scrupulos</strong></span> <span class='ocrx_word' id='word_1_809' title='bbox 804 5544 959 5600; x_wconf 90' lang='lat' dir='ltr'><strong>oriri.</strong></span> <span class='ocrx_word' id='word_1_810' title='bbox 990 5541 1100 5597; x_wconf 87' lang='lat' dir='ltr'><strong>Nos</strong></span> <span class='ocrx_word' id='word_1_811' title='bbox 1127 5553 1313 5597; x_wconf 85' lang='lat' dir='ltr'><strong>contra</strong></span> <span class='ocrx_word' id='word_1_812' title='bbox 1348 5557 1455 5596; x_wconf 88' lang='lat' dir='ltr'><strong>non</strong></span> <span class='ocrx_word' id='word_1_813' title='bbox 1498 5516 1696 5614; x_wconf 82' lang='lat' dir='ltr'><strong>stylnm</strong></span> <span class='ocrx_word' id='word_1_814' title='bbox 1733 5540 1894 5594; x_wconf 86' lang='lat' dir='ltr'><strong>modo</strong></span> <span class='ocrx_word' id='word_1_815' title='bbox 1926 5539 2323 5610; x_wconf 80' lang='lat' dir='ltr'><strong>Chrysostomi,</strong></span> <span class='ocrx_word' id='word_1_816' title='bbox 2356 5547 2541 5607; x_wconf 89' lang='lat' dir='ltr'><strong>tropos</strong></span> <span class='ocrx_word' id='word_1_817' title='bbox 2563 5545 2618 5591; x_wconf 94' lang='lat' dir='ltr'><strong>et</strong></span> <span class='ocrx_word' id='word_1_818' title='bbox 2647 5536 2839 5591; x_wconf 88' lang='lat' dir='ltr'><strong>orandi</strong></span> <span class='ocrx_word' id='word_1_819' title='bbox 2876 5536 3098 5591; x_wconf 93' lang='lat' dir='ltr'><strong>modum</strong></span> <span class='ocrx_word' id='word_1_820' title='bbox 3141 5535 3229 5590; x_wconf 91' lang='lat' dir='ltr'><strong>hic</strong></span> <span class='ocrx_word' id='word_1_821' title='bbox 3265 5534 3596 5595; x_wconf 91' lang='lat' dir='ltr'><strong>invenimus,</strong></span> <span class='ocrx_word' id='word_1_822' title='bbox 3629 5533 3727 5587; x_wconf 88' lang='lat' dir='ltr'><strong>sed</strong></span> 
     </span>
    </p>
   </div>
   <div class='ocr_carea' id='block_1_99' title="bbox 486 5651 3722 5730">
    <p class='ocr_par' dir='ltr' id='par_1_99' title="bbox 486 5651 3722 5730">
     <span class='ocr_line' id='line_1_99' title="bbox 486 5651 3722 5730; baseline -0.004 -11"><span class='ocrx_word' id='word_1_823' title='bbox 486 5662 655 5719; x_wconf 78' lang='lat' dir='ltr'><strong>etiam</strong></span> <span class='ocrx_word' id='word_1_824' title='bbox 682 5662 801 5720; x_wconf 87' lang='lat' dir='ltr'><strong>loca</strong></span> <span class='ocrx_word' id='word_1_825' title='bbox 834 5661 954 5717; x_wconf 89' lang='lat' dir='ltr'><strong>aliis</strong></span> <span class='ocrx_word' id='word_1_826' title='bbox 981 5660 1354 5729; x_wconf 84' lang='lat' dir='ltr'><strong>Chrysostomi</strong></span> <span class='ocrx_word' id='word_1_827' title='bbox 1391 5659 1549 5717; x_wconf 88' lang='lat' dir='ltr'><strong>dictis</strong></span> <span class='ocrx_word' id='word_1_828' title='bbox 1576 5673 1835 5730; x_wconf 84' lang='lat' dir='ltr'><strong>perquam</strong></span> <span class='ocrx_word' id='word_1_829' title='bbox 1868 5656 2106 5721; x_wconf 89' lang='lat' dir='ltr'><strong>similia;</strong></span> <span class='ocrx_word' id='word_1_830' title='bbox 2138 5665 2196 5710; x_wconf 88' lang='lat' dir='ltr'><strong>ut</strong></span> <span class='ocrx_word' id='word_1_831' title='bbox 2225 5664 2308 5712; x_wconf 90' lang='lat' dir='ltr'><strong>est</strong></span> <span class='ocrx_word' id='word_1_832' title='bbox 2332 5653 2461 5710; x_wconf 92' lang='lat' dir='ltr'><strong>illud</strong></span> <span class='ocrx_word' id='word_1_833' title='bbox 2490 5669 2639 5709; x_wconf 90' lang='lat' dir='ltr'><strong>num.</strong></span> <span class='ocrx_word' id='word_1_834' title='bbox 2663 5653 2720 5723; x_wconf 78' lang='lat'><strong>2,</strong></span> <span class='ocrx_word' id='word_1_835' title='bbox 2748 5653 2840 5711; x_wconf 89' lang='lat' dir='ltr'><strong>ubi</strong></span> <span class='ocrx_word' id='word_1_836' title='bbox 2875 5653 2944 5711; x_wconf 88' lang='lat' dir='ltr'><strong>de</strong></span> <span class='ocrx_word' id='word_1_837' title='bbox 2977 5652 3225 5724; x_wconf 89' lang='lat' dir='ltr'><strong>corporis</strong></span> <span class='ocrx_word' id='word_1_838' title='bbox 3259 5651 3482 5711; x_wconf 85' lang='lat' dir='ltr'><strong>humani</strong></span> <span class='ocrx_word' id='word_1_839' title='bbox 3508 5654 3722 5709; x_wconf 83' lang='lat' dir='ltr'><strong>consti-</strong></span> 
     </span>
    </p>
   </div>
  </div>
