4010 6342
254 279 337 336 59
721 290 808 347 DE
848 288 1180 346 ANGUSTA
1220 288 1485 353 roum,
1528 287 1616 343 ET
1658 288 1725 342 tN
1767 287 2179 345 ousroum
2220 282 3073 347 DOMINICAM.—MONITUM.
3478 285 3549 340 4ο

268 385 383 440 νῶν
411 386 651 458 ἀφιέναι.
674 391 841 446 Πάλιν
877 394 1165 449 ἐκέλευσεν
1190 387 1249 449 εὖ
1274 396 1450 447 ποιεῖν
1474 394 1586 455 τοῖς
1614 390 1861 462 μισοῦσιν

268 472 441 541 ἡμᾶς,
484 472 580 525 καὶ
609 474 791 539 καλῶς
839 482 1014 530 ποιεῖν
1055 477 1182 539 τοὺς
1229 475 1670 549 ἐπηρεάζοντας·
1706 474 1863 527 τοῦτο

266 553 327 606 δὲ
356 553 448 607 διὰ
477 554 588 608 τῶν
626 555 803 628 ἔργων
846 561 1103 630 ἐποίησεο
1132 560 1241 612 τῶν
1276 560 1388 631 γὰρ
1430 558 1698 612 Ἰουδαίων
1734 559 1861 620 τοὺς

264 637 533 710 δαίμονας
566 639 812 709 ἐξέϐαλε,
833 644 943 696 τῶν
972 643 1281 698 καλούντων
1307 642 1469 697 αὐτὸν
1497 640 1858 712 δαιμονῶντα,

265 722 596 788 ἐλαύνοντας
624 727 944 798 εὐηργέτει,
979 728 1428 790 ἐπιϐουλεύοντας
1449 727 1665 797 ἔτρεφε,
1698 744 1861 780 σταυ-

269 806 446 877 ρῶσαι
470 807 826 879 βουλομένους
857 814 937 876 είς
963 811 1237 881 βασιλείαν
1266 810 1645 883 ἐχειραγώγει.
1667 811 1859 879 Ἔλεγε

264 890 436 943 πάλιν
460 893 575 955 τοῖς
610 893 883 962 μαθηταῖς
903 936 917 956 ,
944 894 1042 964 Μὴ
1070 897 1384 964 κτήσησθε
1425 895 1680 964 χρυσὸν,
1705 895 1861 963 μηδὲ

262 974 552 1044 ἄργυρον.
587 975 745 1043 μηδὲ
774 978 1011 1044 χαλκὸν
1033 980 1122 1044 είς
1159 979 1268 1045 τὰς
1295 978 1479 1044 ζώνας
1509 977 1695 1047 ὑμῶν,
1722 979 1861 1048 πρὸς

263 1057 659 1129 ἀκτημοσύνην
690 1058 930 1127 ἀλείφων
960 1076 975 1091 ⁶
1000 1061 1159 1116 τοῦτο
1207 1063 1370 1117 πάλιν
1412 1063 1499 1117 διά
1530 1063 1637 1117 τῶν
1683 1062 1860 1133 ἔργων

261 1142 575 1207 ἐπαίδευεν,
597 1141 742 1198 οὕτω
762 1144 956 1213 λέγων·
976 1150 1046 1200 Αἱ
1074 1146 1384 1213 ἀλώπεκες
1397 1149 1670 1216 φωλεοὺς
1687 1149 1861 1216 ἐχου-

250 1244 354 1290 ίσι,
387 1227 482 1280 καί
512 1227 584 1282 τὰ
604 1228 847 1283 πετεινὰ
882 1228 988 1281 τοῦ
1025 1229 1285 1297 οὐρανοῦ
1318 1230 1809 1300 κατασκηνώσεις
1842 1249 1856 1261 ο

262 1313 300 1364 ὁ
328 1310 402 1363 δὲ
430 1309 565 1375 Υἱὸς
590 1309 697 1363 τοῦ
732 1311 1049 1378 ἀνθρώπου
1083 1315 1193 1366 οὐκ
1222 1315 1345 1383 ἔχει
1389 1314 1506 1366 ποῦ
1539 1313 1652 1381 τὴν
1680 1331 1861 1382 κεφα-

261 1395 395 1461 λὴν
434 1393 661 1447 κλῖναι.
703 1394 815 1447 Καὶ
860 1395 958 1447 οὐκ
983 1391 1050 1466 ἦν
1091 1396 1238 1466 αὐτῷ
1269 1398 1547 1466 τράπεζα,
1572 1400 1673 1450 οὐκ
1692 1399 1857 1464 οἰκία,

260 1480 368 1533 ούκ
402 1477 531 1533 ἄλλο
556 1495 610 1530 τι
636 1476 744 1531 τῶν
767 1478 1027 1531 τοιούτων
1060 1480 1246 1533 οὐδέν’
1278 1480 1378 1533 οὐκ
1419 1481 1604 1550 ἐπειδὴ
1643 1482 1858 1553 ἠπόρει,

260 1562 384 1617 ἀλλ’
412 1561 601 1631 ἐπειδὴ
631 1561 887 1615 ἐπαίδευε
936 1565 1063 1627 τοὺς
1094 1563 1414 1636 ἀνθρώπους
1444 1567 1649 1638 ταύτην
1686 1567 1860 1622 ἐλθεῖν

261 1645 364 1715 τὴν
408 1644 547 1699 ὁδόν.
595 1645 752 1699 Κατά
788 1645 852 1716 δὴ
884 1645 1076 1701 τοῦτον
1120 1648 1211 1701 τὸν
1250 1650 1449 1719 τρόπον
1484 1652 1577 1703 καὶ
1607 1649 1861 1722 εὔχεσθαι

260 1731 468 1795 αὐτοὺς
493 1730 798 1785 ἐδίδασκεν.
836 1732 1065 1800 Ἔλεγον
1084 1728 1178 1785 οὖν
1214 1732 1381 1802 αὐτῷ’
1423 1735 1680 1795 Δίδαξον
1706 1735 1867 1805 ἡμᾶς

244 1815 579 1885 εὔχεσθαι.
617 1813 716 1867 Διὰ
748 1813 909 1867 τοῦτο
935 1816 1029 1868 καὶ
1055 1813 1297 1886 εὔχεται,
1328 1818 1416 1871 ἵνα
1451 1819 1647 1871 ἐκεῖνοι
1679 1819 1867 1889 μάθω-

251 1908 353 1951 ’σιν
377 1896 657 1968 εὔχεσθαι.
716 1897 857 1950 Ἀλλ’
906 1900 1007 1951 οὐκ
1060 1898 1318 1969 εὖχεσθαι
1377 1901 1569 1970 μόνον,
1604 1902 1739 1954 ἀλλά
1771 1902 1866 1955 καὶ

261 1983 390 2046 πῶς
418 1982 501 2035 δεῖ
530 1981 785 2053 εὔχεσθαι
822 1982 1014 2053 μαθεῖν
1039 1984 1237 2046 αὐτοὺς
1267 1985 1433 2055 ἐχρῆν
1462 2001 1474 2015 ο
1498 1983 1582 2037 διὰ
1610 1985 1673 2056 δὴ
1709 1985 1867 2038 τοῦτο

261 2068 364 2120 καὶ
388 2066 557 2137 εὐχὴν
591 2064 910 2136 παρέδωκεν
952 2065 1124 2128 οὕτως
1157 2065 1387 2137 ἔχουσαν
1421 2083 1435 2096 ·
1471 2068 1665 2136 Πάτερ
1697 2068 1867 2138 ήμῶν

261 2153 297 2203 ὁ
340 2150 415 2203 ὲν
458 2148 585 2215 τοῖς
624 2148 942 2217 οὐρανοῖς,
975 2150 1322 2220 ἁγιασθήτω
1371 2151 1436 2204 τὸ
1477 2152 1666 2221 ὄνομά
1710 2169 1861 2207 σου*

262 2234 496 2289 ἐλθέτω
544 2236 583 2302 ἡ
613 2234 908 2299 ,ϐασιλεία
968 2251 1116 2287 σου·
1161 2234 1465 2304 γενηθήτω
1519 2238 1585 2289 τὸ
1637 2238 1866 2307 θέλημά

250 2334 407 2380 που,
441 2317 524 2383 ὡς
559 2317 630 2369 ἐν
654 2316 911 2385 οὐρανῷ,
948 2317 1046 2369 καὶ
1076 2316 1175 2371 ἐπὶ
1213 2316 1325 2385 τῆς
1363 2317 1497 2388 γῆς.
1536 2319 1649 2373 Τὸν
1684 2322 1867 2389 ἄρτον

261 2399 440 2470 ἡμῶν
473 2400 582 2454 τὸν
614 2401 931 2454 ἐπιούσιον
959 2400 1065 2467 δὸς
1089 2401 1234 2470 ἡμῖν
1264 2400 1562 2472 σήμερον·
1590 2404 1690 2458 καὶ
1716 2406 1867 2475 ἄφες

264 2484 416 2555 ἡμῖν
437 2486 511 2539 τὰ
532 2485 906 2555 ὀφειλήματα
936 2484 1128 2553 ἡμῶν,
1159 2487 1239 2552 ὡς
1278 2488 1375 2541 καί
1403 2488 1576 2556 ἡμεῖς
1612 2491 1866 2561 ἀφίεμεν

262 2571 396 2637 τοῖς
446 2570 784 2638 ὀφειλέταις
842 2569 1045 2638 ἡμῶν·
1082 2571 1179 2624 καί
1217 2570 1305 2640 μὴ
1328 2572 1679 2643 εἰσενέγκῃς
1707 2576 1865 2644 ἡμᾶς

263 2658 355 2721 εις
382 2655 730 2722 πειρασμὸν
750 2696 763 2713 .
801 2654 948 2707 τοῦτ’
984 2654 1130 2707 ἔστιν
1150 2696 1164 2720 ,
1194 2657 1273 2718 εἰς
1306 2655 1571 2717 κίνδυνον,
1614 2661 1692 2721 εἰς
1742 2662 1863 2714 ἐπι-

264 2738 487 2802 ϐουλάς.
535 2738 690 2792 Ἐπεὶ
721 2734 817 2793 οὖν
845 2739 1136 2792 ἐκέλευσεν
1158 2739 1439 2809 εὔχεσθαι,
1470 2741 1567 2808 Μὴ
1596 2742 1863 2813 εἰσενέγ-

263 2840 384 2891 κτις
415 2819 578 2889 ἡμᾶς
602 2823 691 2887 εὶς
732 2822 1073 2890 πειρασμὸν
1091 2863 1107 2889 ,
1134 2822 1292 2877 τοῦτο
1318 2824 1449 2877 αὐτὸ
1485 2824 1727 2878 διδάσκει
1765 2827 1859 2880 αὺ-

262 2907 395 2969 τοὺς
421 2905 491 2957 δι’
520 2905 687 2959 αὑτοῦ
711 2905 807 2959 τοῦ
836 2906 1161 2978 πράγματος
1194 2906 1391 2975 λέγων,
1421 2907 1636 2976 Πάτερ,
1658 2912 1713 2962 εὶ
1754 2909 1861 2963 δυ-

263 2988 477 3050 νατὸν,
509 2993 855 3057 παρελθέτω
901 2990 1003 3044 ἀπ’
1029 2989 1177 3058 ἐμοῦ
1226 2991 1294 3042 τὸ
1327 2989 1616 3058 ποτήριον
1659 2993 1859 3058 τοῦτο,

266 3072 547 3127 παιδεύων
597 3073 843 3139 ἅπαντας
892 3075 1019 3138 τοὺς
1073 3074 1261 3143 ἁγίους
1312 3074 1386 3146 μὴ
1426 3076 1697 3147 ἐπιπηδᾷν
1748 3080 1862 3143 τοῖς

266 3156 556 3221 κινδύνοις,
587 3157 722 3229 μηδὲ
759 3159 1105 3230 ἐπιρῤίπτειν
1144 3159 1392 3221 ἑαυτοὺς,
1427 3159 1541 3211 ἀλλ’
1569 3160 1861 3230 ἀναμένειν

270 3241 372 3310 μὲν
411 3242 702 3305 ἐπιόντας,
737 3244 831 3295 καὶ
878 3242 1133 3310 ἀνδρείαν
1180 3243 1360 3295 πᾶσαν
1415 3243 1854 3298 ἐπιδείκνυσθαι⁸

270 3326 351 3394 μὴ
387 3324 494 3395 μὴν
524 3327 723 3389 αὐτοὺς
752 3327 1060 3397 προπηδᾷν,
1094 3326 1228 3396 μηδὲ
1260 3325 1509 3396 πρώτους
1554 3329 1719 3398 ὁμόσε
1748 3333 1860 3394 τοῖς

265 3408 460 3482 δεινοῖς
504 3408 661 3461 ἰέναι.
692 3408 757 3461 Τί
799 3410 996 3481 δήποτε
1018 3426 1032 3473 ;
1057 3410 1166 3462 Καὶ
1194 3411 1693 3483 ταπεινοφροσύνην
1717 3413 1862 3466 διδά-

268 3508 439 3553 σκων,
470 3492 566 3545 καὶ
594 3490 706 3543 τῶν
731 3491 831 3562 τῆς
860 3492 1163 3557 κενοδοξίας
1189 3492 1553 3562 ἐγκλημάτων
1581 3494 1858 3550 ἀπαλλάτ-

265 3590 396 3625 των.
433 3575 535 3627 Διά
570 3591 654 3627 τοι
696 3575 858 3628 τοῦτο
889 3576 984 3628 καὶ
1016 3574 1271 3638 ἐνταῦθα,
1302 3575 1390 3629 ὅτε
1436 3577 1613 3631 ταῦτα
1653 3578 1855 3649 ἔλεγεν,

279 3659 602 3722 Ἆπελθὼν,
628 3659 784 3728 φησὶ,
804 3659 1192 3727 προσηύξατο
1211 3676 1224 3688 °
1252 3661 1345 3713 καὶ
1373 3663 1512 3731 μετά
1537 3662 1599 3715 τὸ
1628 3666 1861 3734 προσεύ-

268 3741 466 3807 ξασθαι
506 3742 656 3811 λέγει
678 3747 791 3807 τοῖς
836 3744 1106 3814 μαθηταῖς
1154 3744 1360 3808 οὕτως’
1398 3749 1521 3801 Ούκ
1564 3750 1859 3819 ἰσχύσατε

261 3826 416 3894 μίαν
472 3824 635 3893 ὥραν
684 3825 1056 3896 γρηγορῆσαι
1102 3828 1230 3897 μετ’
1270 3828 1461 3896 ἐμοῦ;
1508 3833 1861 3902 Γρηγορεῖτε

262 3910 365 3965 καὶ
427 3909 847 3979 προσεύχεσθε
893 3909 979 3980 μὴ
1026 3910 1326 3966 εἰσελθεῖν
1361 3914 1450 3979 είς
1504 3919 1856 3986 πειρασμόν.

1976 394 2141 467 Ὀρᾷς
2177 397 2258 450 ὅτι
2283 398 2344 449 οὐ
2378 398 2737 468 προσεύχεται
2769 403 2949 467 μόνον,
2969 396 3105 450 ἀλλὰ
3133 397 3226 450 καὶ
3253 400 3547 469 παραινεῖς

1969 478 2039 531 Τὸ
2066 479 2185 547 μὲν
2219 481 2330 550 γὰρ
2356 481 2592 550 πνεῦμα
2617 482 2925 550 πρόθυμον
2947 519 2962 540 ,
2994 480 3176 551 φησὶν,
3206 480 3244 547 ἡ
3279 479 3349 533 δὲ
3390 480 3552 549 σὰρξ

1961 562 2249 630 ἀσθενής.
2285 564 2456 617 Τοῦτο
2483 565 2539 617 δὲ
2590 564 2761 632 ἔλεγε,
2785 564 2957 633 τύφου
3000 563 3100 634 τὴν
3144 562 3325 633 ψυχὴν
3369 564 3552 616 αὐτῶν

1962 647 2154 709 κενῶν,
2204 648 2298 699 καὶ
2341 648 2600 711 ἀπονοίας
2646 647 3035 707 ἀπαλλάττων,
3086 646 3552 715 συνεσταλμένους

1964 729 2155 794 ποιῶν,
2189 730 2502 801 μετριάζειν
2530 730 2981 803 παρασκευάζων.
3014 730 3079 783 Ὃ
3098 730 3276 782 τοίνυν
3292 730 3551 799 ἠϐούλετο

1961 813 2159 876 αὐτοὺς
2178 814 2447 867 διδάσκειν
2481 815 2756 885 εῦχεσθαι,
2781 813 2938 866 τοῦτο
2966 812 3082 884 [24]
3101 814 3194 865 καὶ
3209 813 3370 873 αὐτὸς
3390 811 3551 882 ηῦξαο

1960 914 2022 949 το
2074 897 2429 970 ἀνθρωπίνως
2451 942 2464 965 ,
2500 902 2558 952 οὐ
2591 899 2731 953 κατὰ
2772 898 2869 969 τὴν
2912 896 3139 966 θεότητα
3175 895 3412 967 (ἀπαθὲς
3442 896 3550 963 γὰρ

1960 980 2020 1033 τὸ
2050 980 2254 1053 Θεῖον),
2287 983 2422 1036 ἁλλά
2468 982 2609 1036 κατὰ
2658 982 2757 1053 τὴν
2786 981 3197 1052 ἀνθρωπότητα.
3242 977 3455 1043 Ηῦξατο
3494 977 3551 1031 δὲ

1962 1065 2232 1118 παιδεύων
2269 1069 2417 1137 ἡμᾶς
2446 1065 2721 1137 εὔχεσθαι,
2758 1066 2854 1118 καὶ
2899 1064 2987 1117 ἀεὶ
3015 1065 3196 1135 ζητεῖν
3225 1062 3331 1116 τῶν
3358 1059 3549 1115 δεινῶν

1959 1148 2058 1218 τὴν
2083 1149 2405 1221 ἀπαλλαγήν
2432 1166 2445 1180 ο
2478 1153 2525 1203 εἰ
2559 1151 2615 1203 δὲ
2652 1150 2725 1220 μὴ
2754 1148 3025 1219 ἐγχωροίη
3050 1188 3064 1209 ,
3099 1146 3347 1217 στέργειν
3378 1144 3447 1197 τὰ
3472 1142 3550 1211 τῷ

1961 1232 2081 1303 Θεῷ
2113 1234 2393 1288 δοκοῦντα.
2422 1235 2520 1288 Διὰ
2553 1234 2712 1288 τοῦτο
2734 1235 2909 1302 ἔλεγε·
2941 1230 3118 1299 Πλὴν
3166 1233 3279 1299 οὐχ
3310 1229 3391 1293 ὡς
3437 1227 3552 1296 ἐγὼ

1963 1317 2138 1381 θέλω,
2170 1320 2307 1373 ἀλλ’
2332 1321 2412 1385 ὡς
2436 1321 2516 1373 σύ
2542 1337 2555 1350 θ
2584 1320 2683 1372 οὐκ
2710 1316 2898 1386 ἐπειδὴ
2926 1316 3054 1370 ἀλλο
3083 1316 3180 1384 μὲν
3229 1311 3394 1368 αὑτοῦ
3430 1310 3553 1380 βούο

1964 1401 2133 1472 λημα,
2164 1404 2291 1457 ἄλλο
2320 1404 2376 1456 δὲ
2424 1404 2519 1456 τοῦ
2573 1402 2787 1473 Πατρός
2808 1417 2820 1429 ·
2854 1400 2968 1454 ἀλλ’
3014 1400 3100 1451 ἵνα
3133 1395 3398 1469 παιδεύσῃ
3427 1396 3552 1459 τοὺς

1965 1484 2304 1555 ἀνθρώπους,
2334 1487 2437 1539 κᾶν
2466 1485 2761 1554 ἀγωνιῶσι,
2786 1484 2889 1537 κᾶν
2933 1483 3202 1553 τρέμωσι,
3234 1479 3339 1532 κᾶν
3370 1476 3551 1529 κίνδυ-

1965 1584 2053 1631 νος
2069 1570 2221 1636 ἐπίῃ,
2241 1569 2344 1622 κᾶν
2378 1570 2451 1641 μὴ
2486 1569 2782 1639 βούλωνται
2814 1565 3195 1638 ἀπορραγῆναι
3219 1562 3317 1632 τῆς
3346 1558 3554 1631 παρούο

1971 1667 2069 1720 σης
2103 1651 2269 1720 ζωῆς,
2303 1653 2451 1721 ὅμως
2479 1652 2572 1704 τοῦ
2601 1652 2802 1705 οἰκείου
2836 1650 3175 1720 βουλήματος
3197 1645 3472 1716 προτιμᾷν
3492 1643 3555 1695 τὸ

1968 1734 2058 1787 τοῦ
2077 1734 2211 1786 Θεοῦ
2242 1736 2506 1806 βούλημα·
2538 1735 2727 1807 ὥσπερ
2751 1731 2843 1788 οὖν
2865 1734 2959 1788 καὶ
2978 1730 3188 1793 Παῦλος
3221 1727 3551 1790 παιδευθεὶς,

1968 1818 2255 1888 ἀμφότερα
2296 1818 2472 1871 ταῦτα
2504 1819 2593 1871 διὰ
2619 1818 2727 1871 τῶν
2774 1818 2953 1890 ἔργων
2982 1816 3177 1880 ἔδειξε·
3203 1812 3329 1875 τούς
3356 1827 3417 1863 τε
3442 1810 3553 1881 γὰρ

1969 1901 2312 1973 πειρασμοὺς
2350 1903 2580 1970 ἠξίωσεν
2612 1902 3009 1973 ἀποκινηθῆναι
3056 1897 3254 1961 αὑτοῦ,
3286 1895 3429 1949 οῦτω
3465 1894 3551 1945 λέ-

1966 2005 2097 2055 γων·
2132 1986 2303 2053 Ὑπὲρ
2336 1988 2551 2041 τούτου
2579 1987 2779 2054 τρίτον
2813 1985 2920 2039 τὸν
2971 1985 3191 2051 Κύριον
3223 1977 3553 2046 παρεκάλε-

1967 2087 2082 2124 σαο
2117 2072 2211 2123 καὶ
2233 2070 2418 2140 ἐπειδὴ
2462 2071 2562 2123 οὐκ
2591 2068 2736 2135 ἔδοξε
2774 2068 2852 2139 τῷ
2900 2068 3040 2138 Θεῷ,
3078 2066 3235 2137 φησί’
3276 2066 3357 2119 Δι’
3386 2060 3419 2113 ὃ
3450 2069 3552 2114 εὑ-

1966 2152 2124 2206 δοκῶ
2140 2154 2211 2206 ἐν
2235 2153 2597 2218 ἀσθενείαις,
2613 2153 2683 2206 ἐν
2708 2153 2969 2221 ὕϐρεσιν,
2988 2152 3057 2204 ἐν
3085 2146 3379 2218 διωγμοῖς.
3398 2145 3552 2214 Τάχα

1966 2236 2024 2289 δὲ
2049 2237 2256 2304 ἀσαφὲς
2280 2235 2341 2289 τὸ
2368 2237 2656 2308 εἰρημένον
2674 2253 2688 2266 ’
2721 2236 2915 2289 οὐκοῦν
2950 2234 3089 2288 ποιῶ
3129 2232 3262 2286 αὐτὸ
3290 2230 3555 2298 σαφέστε-

1972 2336 2084 2390 ρονι
2133 2320 2504 2373 Ἑκινδύνευσε
2559 2321 2731 2373 πολλά
2772 2322 2801 2373 ό
2835 2319 3067 2381 Παῦλος,
3098 2317 3194 2370 καὶ
3218 2314 3420 2386 ηὔξατο
3474 2313 3551 2383 μὴ

1967 2404 2317 2461 κινδυνεύειν.
2348 2406 2618 2457 Ἤκουσεν
2656 2400 2751 2457 οῦν
2781 2402 2877 2457 τοῦ
2908 2401 3146 2475 Χριστοῦ
3175 2400 3443 2468 λέγοντος,
3470 2397 3553 2449 ὅτι

1981 2487 2173 2556 Ἀρκεῖ
2211 2504 2311 2542 σοι
2340 2488 2379 2555 ἡ
2420 2488 2595 2557 χάρις
2628 2505 2749 2557 μου
2777 2502 2790 2516 ’
2815 2488 2853 2555 ἡ
2886 2486 2999 2555 γὰρ
3030 2485 3283 2553 δύναμίς
3313 2498 3433 2551 μου
3483 2480 3555 2534 ἐν

1967 2573 2251 2640 ἀσθενείᾳ
2280 2573 2629 2627 τελειοῦται.
2673 2571 2826 2625 Ἐπεὶ
2850 2567 2943 2624 οὖν
2976 2567 3083 2623 εἶδε
3133 2569 3227 2621 τοῦ
3272 2564 3407 2619 Θεοῦ
3461 2563 3552 2617 θέ-

1968 2656 2116 2727 λημα
2145 2655 2226 2717 ὃν,
2265 2656 2447 2709 λοιπὸν
2480 2655 2539 2707 τὸ
2570 2655 2765 2708 ἑαυτοῦ
2800 2653 3012 2726 θέλημα
3036 2654 3326 2705 ύποτάττει
3351 2649 3431 2717 τῷ
3455 2644 3551 2700 τοῦ

1968 2739 2100 2793 Θεοῦ
2136 2740 2423 2810 θελήματι.
2460 2738 2647 2792 Ταῦτα
2687 2738 2868 2791 τοίνυν
2897 2740 3184 2807 ἀμφότερα
3209 2734 3317 2787 ἀπὸ
3337 2733 3437 2802 τῆς
3464 2732 3555 2784 εὑ-

1966 2825 2069 2895 χῆς
2090 2823 2293 2895 ταύτης
2316 2823 2624 2885 ἐπαίδευσε,
2661 2824 2797 2894 μήτε
2828 2821 3097 2891 ἐπιπηδᾷν
3127 2826 3239 2887 τοῖς
3268 2821 3550 2883 κινδύνοις.

1972 2906 2107 2960 ἀλλά
2133 2910 2227 2961 καὶ
2256 2908 2512 2978 εῦχεσθαι
2546 2908 2619 2978 μὴ
2641 2908 2902 2977 ἐμπεσεῖν
2931 2907 3011 2967 εἰς
3037 2903 3236 2965 αὐτούς
3254 2918 3268 2932 ο
3301 2903 3350 2953 εἰ
3376 2899 3434 2952 δὲ
3463 2901 3556 2951 ἐπ-

1972 2991 2195 3057 έλθοιεν,
2230 2992 2418 3063 φέρειν
2471 2993 2667 3054 αὐτοὺς
2719 2989 3019 3059 γενναίως,
3055 2987 3150 3041 καί
3199 2984 3294 3038 τοῦ
3346 2983 3551 3063 οἰκείου

1971 3076 2273 3147 θελήματος
2301 3062 2571 3145 προτιμᾷν
2598 3075 2658 3128 τὸ
2698 3072 2793 3127 τοῦ
2823 3072 2957 3125 Θεοῦ
2993 3071 3221 3141 θέλημα.
3253 3067 3437 3121 Ταῦτα
3459 3062 3553 3119 οὖν

1965 3162 2165 3223 εἰδότες
2187 3202 2202 3224 ,
2230 3161 2518 3230 εὐχώμεθα
2556 3160 2652 3230 μὲν
2708 3158 2977 3229 μηδέποτε
3029 3153 3288 3207 εἰσελθεῖν
3318 3153 3397 3214 εἰς
3430 3167 3553 3202 πει-

1972 3243 2214 3315 ρασμόν’
2245 3243 2345 3296 κᾶν
2376 3243 2727 3313 εἰσέλθωμεν,
2758 3238 3165 3310 παρακαλῶμεν
3196 3236 3286 3288 τὸν
3310 3234 3443 3287 Θεὸν
3470 3232 3553 3285 δι-

1970 3327 2117 3379 δόναι
2169 3328 2300 3397 ἡμῖν
2344 3326 2621 3397 ὑπομονὴν
2669 3327 2765 3379 καὶ
2803 3324 3086 3396 ἀνδρείαν,
3127 3320 3222 3374 καὶ
3271 3319 3333 3372 τὸ
3384 3315 3551 3371 αὐτοῦ

1970 3409 2180 3480 θέλημα
2214 3410 2415 3473 παντὸς
2446 3410 2747 3480 θελήματος
2796 3408 2952 3478 ἡμῶν
2987 3402 3361 3476 προτιμώμεν.
3396 3399 3553 3454 Οὕτω

1968 3492 2077 3564 γὰρ
2100 3494 2192 3547 καὶ
2212 3494 2302 3546 τὸν
2326 3495 2567 3565 παρόντα
2593 3494 2706 3565 βίον
2731 3492 2869 3563 μετά
2886 3489 3182 3559 ἀσφαλείας
3203 3485 3550 3555 διανύσομεν,

1969 3577 2064 3629 καὶ
2087 3576 2195 3630 τῶν
2224 3578 2527 3648 μελλόντων
2550 3577 2769 3645 ἀγαθῶν
2796 3574 3189 3645 ἐπιτευξόμεθα
3214 3591 3226 3603 ·
3249 3565 3324 3624 ὧν
3346 3570 3556 3640 γένοιτο

1969 3660 2177 3723 πάντας
2201 3663 2349 3732 ἡμᾶς
2378 3664 2673 3731 ἐπιτυχεῖν,
2711 3659 2894 3731 χάριτι
2926 3659 3019 3712 καὶ
3054 3654 3434 3726 φιλανθρωπίᾳ
3457 3652 3554 3705 τοῦ

1968 3745 2174 3816 Κυρίου
2200 3745 2355 3817 ἡμῶν
2393 3746 2564 3817 Ἰησοῦ
2595 3744 2851 3816 Χριστοῦ,
2882 3743 2999 3813 μεθ’
3029 3735 3089 3794 οῦ
3118 3739 3195 3810 τῷ
3220 3740 3416 3810 Πατρὶ,
3436 3738 3554 3807 ἃμα

1967 3827 2046 3899 τῷ
2075 3830 2216 3900 ἁγίῳ
2249 3829 2525 3900 Πνεύματι
2558 3829 2704 3893 δόξα,
2736 3829 2953 3898 κράτος,
2993 3826 3149 3897 τιμὴ,
3182 3824 3276 3878 νῦν
3310 3824 3405 3878 καὶ
3442 3822 3554 3892 ἀεὶ,

1968 3912 2065 3966 καὶ
2090 3914 2169 3977 εἰς
2197 3914 2323 3978 τοὺς
2360 3914 2561 3978 αἰῶνας
2590 3914 2698 3969 τῶν
2726 3913 2956 3966 αἰώνων.
2999 3912 3194 3982 Ἀμήν.

1720 4922 2099 4983 MONITUM.

285 5133 502 5190 tutione
527 5134 720 5189 eadem
757 5130 1059 5201 iisdemque
1089 5143 1227 5202 pcnc
1257 5128 1436 5185 verbis
1469 5127 1619 5196 dicit,
1650 5145 1772 5199 qua:
1811 5127 1955 5185 libro
2008 5129 2187 5200 primo
2222 5130 2287 5185 ad
2319 5129 2665 5186 Theodorum
2728 5129 2960 5200 lapsum,
2994 5150 3142 5189 num.
3184 5136 3248 5190 15
3301 5137 3530 5192 dixerat.

288 5254 516 5307 Fatetur
553 5259 737 5305 tamen
773 5248 1026 5305 Halesius
1065 5248 1434 5303 inventionem
1484 5262 1606 5301 esse
1641 5246 2020 5317 Chrysostomi
2043 5290 2058 5313 ,
2100 5248 2192 5302 sed
2234 5250 2432 5320 stylum
2468 5263 2589 5303 esse
2632 5248 2998 5304 humiliorem.
3032 5251 3101 5304 At
3141 5265 3240 5320 ego
3272 5250 3389 5305 sine
3421 5251 3533 5305 ullo

284 5366 511 5422 errandi
548 5364 794 5437 periculo
830 5365 937 5419 dici
971 5379 1131 5435 posse
1191 5372 1343 5433 puto,
1395 5362 1564 5416 multa
1613 5376 1736 5416 esse
1770 5361 2145 5433 Cltrysostomi
2197 5378 2385 5433 Opera,
2415 5379 2535 5433 quae
2570 5379 2599 5417 a
2630 5365 2847 5419 nemine
2898 5366 2950 5418 in
2991 5364 3214 5419 dubium
3247 5373 3531 5431 vocantur,

280 5502 411 5559 qua
438 5484 509 5539 ab
542 5480 965 5554 elegantissimis
1015 5480 1257 5549 ejusdem
1309 5479 1589 5549 opusculis
1618 5479 1757 5549 stylo
1809 5477 1982 5548 magis
2033 5478 2343 5544 deﬂectunt,
2381 5494 2541 5549 quam
2581 5478 2696 5533 ᾕρεε
2738 5479 2981 5533 liomilia.

356 5598 864 5671 lnterpretationem
896 5594 1121 5649 Achillis
1154 5594 1335 5657 Statii,
1378 5594 1646 5661 Lusitani,
1675 5597 1776 5651 etsi
1810 5612 1913 5651 non
1949 5594 2332 5667 inelegantem,
2371 5596 2498 5666 quia
2531 5611 2655 5650 cum
2690 5593 2877 5651 Graeco
2919 5610 3059 5665 stepe
3096 5609 3204 5649 non
3227 5591 3533 5649 consentie-

276 5716 396 5780 bat,
426 5710 719 5783 rejecimus
751 5723 1056 5779 novamque
1090 5709 1422 5781 paravimus.
