4010 6342
418 269 482 326 li
1113 274 1205 332 DE
1246 266 1573 331 ANGUSTA
1607 272 1857 338 PORTA,
1896 271 1984 326 ET
2024 274 2091 329 iN
2126 268 2525 329 ORATIONEM
2566 271 2967 329 DOMINICAM.
3588 264 3654 325 ‘2

392 784 475 827 DE
521 780 947 827 INSTITUENDA
990 779 1333 829 SECUNDUM
1375 783 1555 826 DEUM
1625 779 1793 835 VITA,
1840 774 1919 823 ET
1974 774 1982 820 l

2095 770 2309 829 tLLun,
2366 773 2649 819 ANGUSTA
2707 778 2822 821 EST
2891 779 3092 823 vorm
3163 763 3426 845 (Matth.
3455 768 3683 852 7.14),

1117 884 1284 927 ETC.:

465 1102 514 1156 1.
546 1102 731 1157 Omnis
758 1101 1048 1173 Scriptura:
1075 1102 1329 1157 divinitus
1363 1101 1632 1171 inspirata!
1670 1099 1826 1153 leclio
1862 1094 1977 1149 ani-

388 1207 538 1249 mum
569 1193 943 1248 adhibentibus
968 1194 1069 1263 pia:
1098 1193 1373 1263 religionis
1405 1192 1645 1245 nodtiam
1668 1189 1821 1244 affert
1851 1203 1977 1241 :vc-

388 1286 627 1341 neranda
661 1296 840 1340 autem
868 1286 1263 1357 evangeliorum
1288 1282 1562 1354 Scriptura
1591 1280 1977 1353 praestantiori-

387 1377 491 1432 bus
524 1377 859 1431 documentis
892 1377 1141 1432 excellit:
1166 1391 1285 1446 qua:
1327 1376 1470 1431 enim
1511 1375 1565 1429 in
1599 1389 1661 1428 ea
1688 1371 1978 1427 efferuntur

386 1466 553 1532 dicta,
580 1469 817 1538 supremi
860 1468 1021 1538 Regis
1058 1476 1184 1523 sunt
1224 1467 1458 1522 oracula.
1501 1464 1858 1534 Quamobrem
1888 1463 1973 1526 iis,

380 1559 474 1629 qui
500 1558 641 1613 dicta
668 1559 786 1628 ejus
810 1567 1055 1614 accurate
1076 1574 1179 1612 non
1204 1559 1556 1621 observarint,
1586 1556 1842 1610 horribile
1871 1554 1973 1608 im-

384 1649 585 1719 pendet
612 1649 1015 1720 supplicium.Si
1041 1649 1185 1705 enim
1212 1649 1278 1714 is,
1301 1650 1391 1719 qui
1412 1661 1743 1703 terrenorum
1776 1645 1972 1715 princi-

381 1758 511 1813 pum
582 1742 729 1813 ieges
797 1743 1204 1813 transgreditur,
1269 1741 1692 1812 indeprecabiles
1755 1740 1975 1794 omnino

381 1851 570 1906 poenas
609 1836 717 1889 luet
751 1852 764 1888 :
795 1843 995 1906 quanto
1020 1836 1189 1906 magis
1215 1836 1303 1905 qui
1332 1835 1561 1889 ca-lcstis
1589 1833 1800 1887 Domini
1826 1832 1972 1902 jussu

379 1928 683 1995 detrectat,
730 1927 1083 1983 intolerandis
1124 1927 1446 1982 cruciatibus
1497 1924 1793 1979 afficietur?
1840 1923 1973 1992 Quia

380 2018 544 2090 igitur
583 2034 836 2089 magnum
873 2027 957 2074 est
1001 2018 1218 2073 incuriae
1263 2018 1581 2088 periculum,
1615 2031 1821 2072 summa
1850 2031 1972 2071 cum

376 2109 654 2180 diligentia
677 2109 895 2180 jamjam
925 2109 1078 2165 lectis
1107 2109 1464 2164 attendamus.
1492 2108 1622 2176 Qua:
1647 2116 1770 2162 sunt
1793 2116 1972 2162 autem

375 2200 505 2255 illa?
535 2201 764 2271 Angusta
791 2210 884 2264 est,
916 2200 1106 2271 inquit,
1140 2209 1307 2272 porta,
1333 2210 1379 2255 et
1396 2210 1538 2253 arcta
1564 2201 1668 2265 via,
1697 2215 1811 2271 qua:
1835 2200 1973 2253 ducit

374 2291 449 2345 ad
485 2292 637 2345 vitam
670 2307 689 2345 :
717 2299 763 2345 et
807 2292 959 2367 nauci
1002 2292 1261 2346 inveniunt
1303 2308 1416 2345 eam
1442 2290 1655 2365 (Matth.
1676 2293 1730 2358 '7,
1763 2291 1875 2361 14.)
1908 2291 1974 2345 ΕΙ.

377 2398 567 2440 rursus
597 2383 768 2438 :Lata
801 2393 872 2439 est
917 2394 1083 2455 porta,
1113 2393 1159 2438 et
1202 2385 1426 2454 spatiosa
1466 2385 1565 2447 via,
1588 2399 1703 2454 qua:
1740 2382 1877 2436 ducit
1903 2386 1971 2436 ad

378 2474 750 2542 perditionem,
780 2481 825 2528 et
846 2472 993 2526 multi
1015 2482 1131 2527 sunt
1156 2473 1242 2541 qui
1264 2480 1523 2526 transeunt
1561 2488 1650 2543 per
1683 2486 1812 2525 eam.
1860 2468 1968 2539 (Ib.

373 2580 426 2617 υ.
461 2564 576 2633 15.)

449 2654 691 2725 Corporis
741 2671 863 2709 cura
899 2655 1057 2708 animi
1102 2670 1239 2709 curre
1277 2653 1645 2726 postponenda.
1667 2682 1740 2693 ——
1767 2648 1968 2709 Horum

372 2764 477 2820 ego
507 2746 759 2818 frequens
783 2748 995 2802 auditor
1027 2747 1339 2812 verborum,
1364 2747 1745 2817 hominumque
1796 2745 1968 2801 studia

372 2854 606 2895 cernens
632 2840 878 2894 inanibus
906 2840 959 2893 in
988 2840 1148 2893 rebus
1174 2840 1366 2908 posita,
1398 2838 1659 2893 dictorum
1687 2838 1965 2893 veritatem

370 2931 723 2987 vehementer
749 2931 1006 2985 admiror.
1034 2929 1236 2985 Omnes
1264 2930 1461 2999 quippe
1490 2930 1541 2983 in
1569 2929 1673 2983 lata
1717 2928 1965 2998 gradiun-

375 3033 465 3077 tur
483 3023 587 3086 via,
611 3037 799 3077 omnes
819 3021 982 3077 rebus
1005 3020 1209 3076 inhiant
1240 3021 1610 3090 praesentibus,
1642 3018 1965 3074 futurorum-

370 3129 478 3185 que
508 3114 886 3184 cogitationem
910 3128 1197 3184 numquam
1216 3111 1540 3181 suscipiunt;
1564 3112 1659 3167 sed
1683 3111 1750 3167 ad
1772 3126 1965 3181 corpo-

371 3221 496 3261 reas
534 3206 833 3274 voluptates
878 3219 999 3258 cum
1057 3205 1258 3274 impetu
1322 3201 1640 3273 assidueque
1700 3202 1961 3266 feruntur,

369 3297 583 3352 animas
612 3312 737 3352 vero
757 3311 882 3351 suas
911 3296 1093 3350 sinunt
1123 3294 1265 3350 fame
1294 3295 1707 3359 contabescere;
1733 3309 1964 3365 cumque

370 3388 671 3443 innumeris
719 3388 953 3458 quotidie
989 3387 1298 3443 vulneribus
1337 3386 1731 3451 confodiantur,
1774 3402 1961 3442 eorum

370 3481 426 3535 in
455 3480 649 3551 quibus
669 3490 951 3535 versantur
970 3480 1231 3534 malorum
1261 3480 1462 3534 nullum
1492 3478 1689 3535 habent
1712 3493 1958 3535 sensum:

367 3588 436 3628 ac
459 3573 551 3643 qui
582 3573 633 3626 in
663 3572 934 3642 corporeis
951 3571 1354 3642 :egritudinibus
1381 3571 1447 3626 ad
1478 3571 1715 3626 medicos
1742 3570 1957 3636 adeunt,

367 3665 516 3734 ipsos
554 3663 772 3718 domum
809 3672 1063 3731 evocant,
1090 3663 1581 3733 amplissimamque
1624 3664 1729 3717 illis
1752 3678 1962 3718 merce.

365 3757 491 3813 dem
519 3757 841 3824 retribuunt,
869 3755 1206 3810 tolerantiam
1236 3771 1363 3811 vero
1390 3771 1651 3810 summam
1680 3754 1955 3819 exhibent,

367 3861 427 3906 et
455 3851 786 3906 curationem
808 3850 1073 3905 sustinent
1099 3849 1448 3915 laboriosam,
1467 3864 1575 3920 quo
1602 3849 1957 3904 valetudinem

364 3951 770 4013 consequantur
808 3942 1086 4011 corporis;
1122 3941 1195 3995 illi
1222 3983 1237 4009 ,
1268 3941 1514 4011 inquam,
1544 3941 1686 3996 male
1714 3940 1956 3995 affectam

363 4037 602 4092 animam
648 4051 870 4107 prorsus
914 4034 1211 4105 negligunt,
1245 4034 1706 4105 expetendamque
1732 4034 1846 4104 ejus
1871 4046 1957 4086 sa-

366 4128 587 4183 nitatem
627 4135 996 4190 contemnunt,
1020 4127 1144 4181 licet
1187 4127 1351 4197 probe
1389 4126 1558 4181 sciant
1587 4141 1781 4196 corpus
1810 4140 1957 4180 mor-

366 4220 473 4275 tale
494 4229 549 4274 et
576 4220 906 4288 corruptioni
937 4218 1226 4273 obnoxium
1256 4234 1395 4285 esse,
1424 4218 1709 4289 vernisque
1736 4217 1957 4272 floribus

361 4310 645 4365 consimile
670 4324 682 4361 :
704 4309 923 4379 perinde
944 4309 1084 4363 enim
1109 4309 1407 4374 marcescit,
1433 4310 1806 4378 exstinguitur,
1836 4324 1959 4363 cor~

363 4402 632 4470 rumpitur
659 4401 925 4465 ;animam
966 4414 1097 4455 vero
1146 4400 1542 4454 immortalitate
1569 4400 1866 4469 pr:editam,
1902 4407 1956 4454 et

360 4495 431 4549 ad
459 4495 742 4565 imaginem
777 4495 873 4548 Dei
902 4493 1126 4559 factam,
1157 4494 1241 4547 cui
1268 4494 1574 4548 concredita
1600 4502 1725 4548 sunt
1751 4494 1955 4546 anima-

361 4587 431 4643 iis
460 4586 701 4657 corporis
730 4584 1106 4655 gubernacula.
1138 4584 1290 4650 Quod
1324 4585 1467 4639 enim
1497 4595 1579 4639 est
1619 4585 1801 4654 auriga
1832 4599 1953 4639 cur-

336 4680 475 4742 trui,
504 4678 830 4749 gubernator
874 4676 1027 4743 navi,
1053 4676 1287 4730 musicus
1318 4675 1693 4741 instrumento,
1724 4676 1950 4744 idipsum

345 4772 491 4825 ‘nuic
526 4779 743 4825 terreno
783 4768 1000 4823 vasculo
1041 4782 1161 4822 esse
1208 4768 1439 4821 animam
1483 4768 1733 4836 przeccpit
1761 4766 1950 4836 Opifex

359 4864 477 4919 ille.
506 4862 633 4917 Haec
660 4861 893 4915 habenas
921 4868 1087 4924 tenet,
1116 4863 1321 4913 clavum
1354 4859 1679 4922 moderatur,
1713 4869 1767 4913 et
1787 4858 1949 4913 chor-

356 4954 460 5008 das
510 4951 881 5022 pulsat:quod
922 4966 1042 5005 cum
1090 4951 1321 5005 scienter
1365 4950 1520 5014 facit,
1571 4951 1948 5005 suavissimtun

358 5046 574 5101 virtutis
591 5044 767 5100 reddit
792 5052 1109 5099 concentum
1139 5060 1152 5096 :
1185 5058 1306 5097 cum
1334 5052 1510 5097 autem
1551 5042 1636 5097 vel
1685 5043 1952 5098 remiserit

358 5153 545 5204 sonos,
580 5136 665 5191 vel
704 5135 992 5191 intenderit
1020 5135 1137 5204 plus
1188 5150 1346 5204 quam
1386 5144 1652 5203 oporteat,
1684 5146 1738 5190 et
1780 5146 1948 5190 artem

357 5239 417 5284 et
458 5229 788 5283 harmoniam
831 5226 1130 5281 labefactat.
1161 5226 1327 5296 Hujus
1366 5241 1496 5297 ergo
1535 5228 1727 5282 animae
1766 5242 1949 5283 curam

356 5322 622 5393 abjiciunt
662 5322 813 5375 multi
848 5321 1133 5388 mortales,
1160 5336 1259 5375 nec
1288 5320 1505 5375 minima
1546 5320 1762 5392 quidem
1804 5321 1947 5376 illam

358 5429 491 5469 cura
521 5413 843 5484 dignantur;
873 5414 968 5468 sed
999 5421 1166 5467 totum
1194 5414 1314 5468 vitre
1341 5423 1549 5485 tempus
1579 5416 1632 5469 in
1660 5430 1949 5485 corporeas

357 5505 750 5561 sollicitudines
777 5504 1110 5574 impendunt.
1138 5505 1311 5575 Atque
1341 5504 1393 5559 hi
1421 5507 1634 5576 quidem
1674 5509 1947 5563 nauticum

361 5620 499 5734 1οὲῗέ
530 5617 708 5671 collata
745 5632 855 5668 cum
888 5625 996 5668 Mss.
1024 5618 1183 5681 Regiis
1209 5618 1327 5670 1964
1352 5626 1402 5670 et
1425 5620 1563 5684 2349,
1591 5627 1643 5673 et
1672 5623 1948 5675 Colbertino

700 5781 971 5845 PATROL.
1020 5783 1136 5843 Gn.
1188 5783 1284 5844 LI.

1332 880 1489 927 mm
1522 879 1902 926 exeucnro
1945 874 2307 928 ORATIONIS,
2353 874 2557 917 PATER
2600 876 2839 921 nosrea
2885 860 2994 940 (a).

1849 1007 2245 1023 —____—_——-—

2080 1090 2203 1144 vitae
2234 1103 2405 1159 genus
2433 1090 2847 1158 amplectuntur,
2880 1105 2943 1145 ac
2970 1107 3089 1148 cum
3128 1094 3373 1152 fluctibus
3407 1108 3463 1154 et
3501 1104 3676 1157 ventis

2082 1188 2395 1235 concertant
2431 1194 2444 1233 :
2482 1182 2643 1234 vitam
2692 1191 3025 1252 mortemque
3069 1198 3251 1240 secum
3304 1203 3521 1260 seraper
3571 1207 3675 1247 una

2080 1271 2552 1337 circumferentes,
2581 1287 2841 1343 spemque
2866 1275 3053 1330 salutis
3088 1284 3253 1333 totam
3288 1282 3495 1351 exiguis
3532 1298 3681 1339 com-

2092 1363 2366 1417 mittentes
2390 1362 2580 1417 tabuiis
2604 1379 2618 1416 :
2641 1363 2713 1417 illi
2735 1364 3071 1435 agriculturae
3097 1369 3327 1427 sudores
3357 1376 3675 1445 suscipiunt,

2080 1453 2247 1509 boves
2275 1462 2454 1507 aratro
2494 1453 2756 1524 jungunt,
2790 1464 2986 1511 terram
3023 1459 3252 1525 sulcant,
3285 1477 3427 1519 nunc
3460 1480 3673 1522 semen-

2081 1552 2188 1599 tem
2233 1544 2459 1613 jaciunt,
2514 1561 2657 1601 nunc
2708 1550 3139 1606 metuntzmodo
3190 1554 3454 1623 plantant,
3516 1561 3678 1614 modo

2081 1640 2363 1695 vindemiae
2378 1640 2779 1710 dantoperam;
2808 1649 2863 1697 et
2891 1642 2991 1698 hac
3017 1645 3070 1699 in
3102 1647 3315 1703 miseria
3338 1658 3506 1706 totum
3538 1662 3676 1709 tem-

2078 1744 2177 1801 pus
2204 1731 2547 1785 emetiuntur.
2591 1732 2698 1785 Alii
2752 1743 3105 1790 mercaturam
3155 1737 3384 1803 adeunt.
3420 1751 3475 1797 et
3514 1759 3576 1800 ea
3607 1746 3677 1800 de

2076 1836 2237 1876 eausa
2287 1830 2431 1875 terra
2479 1823 2718 1892 marique
2766 1827 3189 1895 peregrinantur,
3220 1830 3452 1887 alienum
3498 1836 3672 1891 solum

2077 1924 2175 1966 suo
2223 1911 2581 1967 anteferentes
2602 1955 2616 1977 ,
2649 1914 2897 1983 patriam,
2925 1930 3113 1985 genus,
3144 1921 3365 1986 amicos,
3395 1925 3670 1997 conjuges,

2068 2002 2274 2064 liberos
2297 2002 2620 2073 relinquunt,
2647 2004 2931 2074 exiguique
2949 2006 3081 2060 lucri
3106 2022 3266 2064 causa
3293 2011 3521 2070 libenter
3550 2031 3673 2086 per-

2078 2102 2285 2163 agrant.
2332 2093 2439 2148 Sed
2491 2094 2617 2164 quid
2665 2096 2856 2150 attinet
2907 2106 3051 2153 artes
3090 2113 3279 2156 omnes
3327 2119 3668 2172 enumerare,

2081 2198 2214 2253 quas
2257 2185 2309 2239 in
2342 2200 2494 2239 usum
2536 2185 2781 2255 corporis
2817 2190 3108 2243 commenti
3150 2201 3276 2246 sunt
3320 2192 3587 2265 homines,
3617 2199 3668 2252 in

2076 2277 2268 2346 quibus
2305 2276 2392 2332 die
2437 2286 2704 2348 noctuque
2740 2290 3039 2347 versantes,
3075 2296 3262 2339 curam
3290 2288 3534 2357 corporis
3567 2291 3668 2345 sibi

2074 2367 2390 2435 suscipiunt,
2420 2368 2654 2423 animam
2684 2384 2812 2424 vero
2861 2370 3163 2440 despiciunt
3210 2378 3555 2445 esurientem,
3592 2383 3668 2436 si-

2074 2457 2314 2522 tientem,
2338 2459 2692 2528 squalentem,
2717 2461 2966 2517 sordibus
2988 2463 3260 2533 ftedatam,
3293 2474 3666 2544 sexcentisque

2071 2554 2321 2621 agitatam
2347 2555 2639 2609 aerumnis?
2660 2553 2925 2612 Czeterum
2953 2568 3073 2627 post
3097 2567 3274 2617 tantos
3299 2562 3421 2619 illos
3444 2565 3668 2623 sudores

2073 2644 2391 2717 laboresque
2441 2648 2674 2704 mortale
2702 2662 2897 2718 corpus
2935 2664 2965 2703 a
3008 2662 3183 2708 morte
3230 2669 3337 2710 non
3372 2656 3664 2724 vindicant,

2070 2738 2414 2809 animamque
2443 2741 2799 2797 immortalem
2829 2758 2951 2797 cum
2969 2746 3181 2801 mortali
3206 2762 3434 2819 corpore
3451 2755 3667 2808 aeternis

2071 2833 2347 2900 suppliciis
2375 2833 2683 2903 subjiciunt.

2138 2922 2193 2975 2.
2228 2922 2449 2977 Tantam
2478 2939 2577 2994 ego
2605 2926 2911 2979 mortalium
2934 2929 3128 2983 animis
3157 2929 3381 2987 oﬂ'usam
3404 2934 3658 3004 ignoran-

2070 3013 2217 3081 tiam,
2248 3015 2691 3086 ingruentemque
2718 3016 2847 3087 ipsis
2867 3018 3087 3075 densam
3119 3022 3398 3092 caliginem
3427 3025 3655 3093 deflens,

2069 3104 2258 3160 vellem
2286 3107 2469 3176 utique
2487 3109 2770 3162 sublimem
2788 3109 3073 3178 quamdam
3101 3114 3340 3183 reperire
3365 3118 3658 3186 speculam,

2068 3212 2187 3266 quze
2214 3198 2463 3253 universa
2493 3199 2623 3253 mihi
2656 3198 2933 3255 hominum
2976 3217 3169 3272 genera
3215 3208 3385 3262 oculis
3424 3210 3656 3281 subjice-

2067 3297 2149 3344 ret
2168 3305 2182 3343 :
2200 3304 2495 3361 vocemque
2511 3291 2626 3347 dari
2644 3290 2796 3359 mihi,
2817 3306 2936 3363 quze
2951 3303 3128 3363 posset
3145 3295 3212 3351 ab
3228 3298 3491 3354 universis
3506 3311 3662 3357 terra:

2066 3379 2262 3437 finibus
2280 3383 2544 3451 exaudiri,
2579 3392 2637 3438 ut
2665 3383 2971 3438 Davidicum
3001 3386 3148 3441 illum
3181 3401 3370 3443 sonum
3397 3390 3611 3447 ederem
3644 3412 3657 3446 :

2066 3472 2195 3528 Filii
2219 3475 2508 3541 hominum,
2534 3490 2787 3547 usquequo
2815 3478 2956 3547 gravi
2998 3479 3196 3534 corde?
3218 3484 3415 3553 utquid
3439 3485 3657 3556 diligitis

2063 3566 2333 3619 vanitatem
2354 3608 2369 3633 ,
2417 3577 2466 3621 et
2507 3568 2731 3637 qum-itis
2774 3568 3092 3623 mendacium
3121 3569 3292 3641 (Psal.
3320 3573 3376 3639 4,
3407 3574 3499 3645 5)?
3518 3576 3646 3631 dum

2063 3664 2275 3712 terrena
2296 3656 2615 3725 celestibus,
2644 3666 2991 3729 temporanea
3016 3661 3253 3728 aeternis,
3283 3666 3648 3734 corruptibilia

2063 3748 2557 3819 incorruptibilibus
2593 3750 2935 3820 anteponitis.
2964 3750 3253 3822 Usquequo
3280 3755 3466 3809 oculos
3503 3756 3655 3811 clauo

2061 3841 2208 3909 ditis,
2235 3856 2394 3897 aures
2422 3841 2704 3905 obturatis,
2733 3842 3079 3912 divinamque
3106 3842 3249 3897 illam
3272 3859 3460 3900 vocem
3475 3848 3654 3917 quoti~

2060 3933 2147 3989 die
2171 3934 2490 3989 clamantem
2522 3949 2627 3988 non
2667 3933 2860 3988 auditis
2895 3950 2909 3988 :
2956 3933 3136 4002 Petite,
3161 3944 3209 3989 et
3245 3936 3450 3993 dabitur
3492 3940 3647 4006 vobis,

2058 4028 2286 4097 qurerite,
2305 4037 2352 4080 et
2376 4026 2672 4093 invenietis;
2691 4027 2907 4096 pulsate,
2925 4036 2974 4080 et
2990 4028 3248 4097 aperietur
3267 4030 3404 4083 vobis
3426 4030 3643 4100 (Matth.

2060 4114 2113 4182 7,
2146 4117 2239 4188 'l)?
2271 4116 2450 4171 Omnis
2470 4118 2602 4171 enim
2628 4119 2716 4182 qui
2744 4116 2885 4185 petit,
2913 4116 3137 4187 accipit;
3159 4127 3206 4171 et
3226 4120 3312 4187 qui
3336 4121 3539 4189 quierit,
3568 4122 3649 4175 in-

2058 4210 2210 4274 venit,
2233 4216 2279 4261 et
2298 4208 2522 4279 pulsanti
2540 4208 2793 4277 aperietur
2814 4205 2920 4279 (Ib.
2950 4224 2998 4262 v.
3069 4208 3151 4278 8).
3182 4208 3316 4277 Quia
3343 4226 3471 4266 vero
3512 4228 3650 4268 non-

2060 4300 2191 4354 nulli
2222 4300 2648 4369 imperfectiores
2672 4308 2818 4364 sunt,
2847 4309 2900 4354 et
2920 4300 2985 4354 ad
3010 4300 3290 4356 saecularia
3321 4305 3504 4372 proni,
3528 4318 3645 4360 car-

2059 4390 2375 4459 nalibusque
2430 4390 2838 4459 cogitationibus
2890 4391 3203 4461 indulgent,
3256 4408 3360 4448 non
3425 4411 3488 4451 ea
3537 4412 3641 4467 qua

2058 4490 2332 4550 oporteret
2388 4481 2596 4535 ratione
2645 4495 2831 4550 preces
2878 4480 3311 4539 adhibentzideo
3348 4492 3647 4542 communis

2057 4573 2294 4626 omnium
2320 4572 2575 4625 Dominus
2603 4573 2853 4642 precandi
2886 4574 3039 4628 nobis
3061 4572 3285 4628 formam
3319 4579 3645 4648 praescripsit

2057 4662 2241 4718 dicens
2283 4680 2295 4715 :
2347 4662 2559 4716 Orantes
2597 4674 2787 4730 autem,
2833 4664 2992 4718 nolite
3032 4668 3245 4719 multant
3293 4668 3467 4735 loqui,
3514 4672 3645 4725 sicut

2055 4757 2241 4810 ethnici
2266 4772 2284 4810 :
2306 4767 2485 4825 putant
2512 4758 2665 4821 enim,
2692 4757 2828 4826 quod
2862 4757 2916 4810 in
2960 4755 3277 4828 multiloquio
3310 4761 3646 4819 exaudientur

2056 4849 2270 4922 (Matth.
2298 4850 2351 4906 6.
2381 4850 2437 4920 7)
2467 4869 2479 4904 :
2504 4850 2893 4920 multiloquium
2915 4864 3109 4904 vocans
3141 4848 3467 4922 futilitatem,
3496 4858 3635 4912 mul-

2055 4943 2280 4998 titudine
2326 4944 2611 4999 verborum
2651 4942 3053 5006 redundantem,
3089 4942 3421 5014 utilitateque
3446 4961 3637 5004 caren-

2056 5049 2185 5095 tem.

2130 5130 2469 5185 Pulchritudo
2510 5131 2767 5201 corporis,
2815 5147 2994 5201 resque
3038 5142 3250 5188 terrente
3291 5153 3443 5205 quam
3487 5140 3646 5208 ﬂuxa:

2054 5224 2174 5277 sint.
2199 5224 2435 5277 Omnium
2464 5223 2771 5293 dispensatio
2807 5221 2917 5277 Deo
2951 5227 3328 5281 conmziltenda.
3353 5259 3423 5270 —-
3444 5229 3631 5286 Subin-

2054 5314 2200 5370 dicat
2244 5316 2403 5386 igitur
2451 5315 2738 5381 Dominus,
2786 5314 2913 5369 dum
2957 5317 3329 5388 mutiloquium
3372 5321 3633 5391 prohibet,

2062 5421 2166 5460 non
2195 5412 2444 5477 oportere
2471 5420 2586 5471 eos,
2620 5406 2710 5475 qui
2737 5417 3041 5476 precantur,
3072 5407 3212 5462 ﬂuxa
3242 5419 3296 5464 et
3319 5414 3631 5483 corruptibi-

2059 5497 2126 5551 lia
2184 5496 2454 5567 postulare
2500 5512 2514 5548 :
2570 5511 2676 5549 non
2725 5497 2967 5566 corporis
3020 5497 3490 5567 pulchritudinem,
3523 5519 3632 5573 qua

2060 5596 2299 5655 tempore
2337 5587 2647 5652 marcescit,
2678 5595 2733 5642 et
2773 5588 2965 5643 morbo
3008 5588 3374 5655 labefactatur,
3399 5592 3653 5648 demumn

2061 5694 2164 5749 que
2194 5687 2364 5735 morte
2397 5676 2621 5735 deletur.
2653 5677 2796 5735 Talis
2836 5693 3070 5757 namque
3118 5688 3201 5736 est
3242 5684 3484 5753 corporis
3528 5685 3643 5755 ρω-

3225 5799 3265 5861 3
