4010 6342
377 279 436 331 i3
1134 277 1190 332 S.
1223 276 1510 334 ‘JOANNIS
1545 277 2021 335 CHRYSOSTOMI
2059 278 2379 336 ARCHIEP.
2421 281 2956 341 CONSTANTINOP.
3597 291 3664 346 44

372 391 640 452 t-tnitudo.
694 391 794 446 llos
849 391 1065 446 minime
1116 391 1415 457 diuturnus,
1446 391 1540 462 qui
1572 391 1865 464 pauxillum
1897 391 1953 446 in

372 483 668 552 jnventutis
698 499 824 537 vere
865 483 1038 546 tloret,
1071 483 1166 537 sed
1220 483 1368 539 brevi
1419 485 1674 554 temporis
1728 484 1958 540 decursu

371 576 749 644 corrumpitur.
778 575 834 630 Si
863 577 980 646 quis
1007 591 1134 630 vero
1163 576 1513 630 substantiam
1536 576 1651 647 ejus
1678 577 1960 646 explorare

371 668 520 733 velit,
552 677 678 722 tunc
709 668 859 723 illum
893 668 1058 739 magis
1088 667 1350 738 despuere
1389 668 1609 738 poterit.
1639 667 1780 722 Nihil
1812 669 1957 722 enim

369 758 514 815 aliud
557 769 666 827 est,
691 775 848 828 quam
891 759 1102 829 pituita,
1145 759 1361 829 sanguis
1401 769 1456 814 et
1507 759 1719 826 humor,
1748 759 1960 828 cibique

369 845 543 904 mansi
563 851 925 922 chy‘lus.-llinc
953 850 1094 904 enim
1123 849 1284 914 oculi,
1315 865 1488 920 gena},
1506 865 1691 914 'nares,
1715 849 1958 920 superci-

368 939 459 1007 lia,
492 942 654 1009 labia,
689 951 965 1011 totumque
993 956 1190 1012 corpus
1217 941 1465 1011 irrigatur
1495 957 1510 995 :
1538 956 1656 1011 qua:
1681 941 1724 996 si
1751 939 1960 995 desinat

367 1034 628 1103 irrigatio,
663 1034 749 1087 illa
795 1031 985 1087 forma:
1021 1041 1272 1088 venustas
1320 1047 1539 1102 prorsus
1583 1032 1809 1087 desinet.
1840 1031 1957 1087 Non

367 1127 715 1196 pecuniarum
759 1126 1057 1188 facultates,
1086 1142 1204 1196 qua:
1248 1141 1503 1196 aquarum
1552 1126 1720 1180 instar
1768 1124 1955 1178 ﬂuvia-

364 1219 495 1273 lium
541 1218 770 1273 inlluunt
798 1229 852 1274 et
883 1217 1144 1281 defluunt,
1176 1229 1392 1274 etnunc
1421 1219 1486 1273 ad
1514 1219 1692 1284 illum,
1722 1233 1864 1273 nunc
1890 1218 1956 1272 ad

372 1312 528 1365 alium
559 1312 893 1367 transiliunt:
917 1327 1036 1383 quze
1078 1326 1439 1380 possessorem
1483 1309 1711 1381 fugiunt,
1735 1320 1789 1366 et
1816 1310 1956 1380 apud

369 1418 426 1458 se
451 1403 730 1473 diligentes
748 1418 964 1456 manere
991 1410 1239 1456 recusant
1271 1419 1282 1454 :
1313 1401 1649 1456 insidiatores
1671 1415 1799 1456 vero
1821 1400 1957 1454 mul-

367 1504 452 1550 tos
480 1491 699 1558 habent,
732 1495 921 1560 tineas,
953 1493 1116 1558 fures,
1140 1493 1517 1563 syc0pbantas,
1551 1493 1814 1559 incendia,
1834 1509 1958 1548 nau-

368 1588 553 1657 lragia,
585 1588 842 1643 bellorum
873 1588 1138 1652 incursus,
1171 1587 1484 1656 populorum
1518 1588 1823 1651 seditiones,
1857 1587 1954 1640 do-

367 1681 707 1732 mesticorum
750 1678 1014 1748 nequitias
1037 1721 1050 1740 ,
1082 1678 1565 1748 ehirographorum
1613 1679 1951 1741 amissiones,

365 1770 446 1824 vel
495 1769 828 1832 additiones,
864 1770 1264 1823 imminutiones
1300 1785 1312 1820 :
1342 1770 1551 1840 aliaque
1599 1770 1761 1824 multa
1785 1811 1799 1834 ,
1835 1787 1954 1840 qua:

365 1863 707 1933 pecuniarum
761 1871 1001 1916 amantes
1041 1861 1299 1915 invadunt
1339 1861 1684 1916 detrimenta.
1712 1860 1827 1916 Non
1869 1861 1952 1916 di-

361 1959 616 2028 gnitatum
645 1957 956 2025 potentiam,
989 1971 1109 2024 quae
1136 1963 1192 2008 et
1217 1954 1329 2023 ipsa
1358 1955 1520 2008 multa
1571 1956 1710 2025 parit
1740 1956 1948 2009 incom-

361 2048 550 2112 moda,
601 2046 1016 2102 sollicitudinum
1068 2045 1266 2110 tabem,
1319 2044 1579 2100 insomnia
1628 2048 1947 2116 frequentia,

360 2139 661 2194 lnvidorum
694 2137 934 2206 insidias,
970 2138 1306 2192 inimicorum
1345 2137 1795 2205 machinamenta,
1824 2139 1951 2193 sub-

359 2234 538 2288 dolam
588 2232 860 2289 rhetorum
908 2233 1189 2303 argutiam,
1241 2248 1360 2302 qua:
1412 2234 1726 2302 compositis
1771 2237 1950 2292 verbis

359 2327 640 2383 veritatem
687 2327 1070 2390 circumvenit,
1107 2324 1480 2395 iudicibusque
1530 2326 1660 2396 ipsis
1698 2343 1945 2397 magnum

359 2419 654 2490 periculum
695 2427 862 2473 creat.
911 2418 1044 2473 Sunt
1089 2418 1254 2481 enim,
1278 2425 1405 2470 sunt
1434 2432 1618 2471 revera
1649 2419 1946 2488 multiloqni

361 2511 460 2565 viri
508 2509 681 2574 mttlti,
719 2518 774 2563 et
812 2508 1052 2563 futilibus
1103 2508 1344 2562 instructi
1393 2509 1603 2573 verbis,
1630 2510 1719 2579 qui
1753 2511 1866 2565 haec
1891 2521 1948 2566 et

358 2599 551 2654 similia
574 2614 603 2652 a
638 2599 746 2653 Deo
768 2599 1136 2653 universorum
1167 2599 1454 2667 postulant,
1485 2615 1798 2670 eorumque,
1826 2617 1945 2671 quae

355 2707 483 2747 vere
512 2700 633 2746 sunt
663 2690 822 2754 bona,
853 2689 1052 2744 nullam
1092 2689 1352 2744 rationem
1381 2688 1599 2745 habent.
1627 2693 1788 2760 Atqui
1825 2708 1942 2748 me-

357 2785 535 2840 dicum
582 2782 1096 2838 medicamentorum
1149 2797 1300 2836 usum
1339 2797 1447 2837 non
1486 2784 1670 2852 aegroti
1721 2783 1939 2852 docent,

355 2876 449 2931 sed
491 2876 567 2941 hi,
599 2874 941 2945 quantumvis
961 2873 1128 2928 durus
1177 2873 1538 2945 molestusque
1563 2876 1631 2930 sit
1651 2876 1942 2932 curationis

354 2969 566 3033 modus,
606 2983 723 3037 quae
767 2965 834 3021 ab
885 2966 979 3020 illo
1023 2965 1318 3021 offeruntur
1365 2969 1652 3022 sustinent.
1703 2967 1940 3038 Itemque

353 3061 764 3130 gubernatorem
795 3071 903 3112 non
929 3067 1172 3112 vectores
1215 3057 1407 3128 jubent
1450 3057 1552 3113 hoc
1591 3059 1750 3114 illove
1780 3060 1940 3115 modo

356 3155 567 3209 clavum
599 3161 819 3218 tenere,
857 3160 912 3206 et
954 3153 1128 3206 navim
1167 3152 1430 3222 dirigere;
1461 3153 1554 3208 sed
1601 3154 1654 3208 in
1693 3156 1939 3211 tabulatis

355 3247 637 3310 sedentes,
672 3245 814 3300 illius
863 3245 1101 3314 peritiaz,
1143 3260 1248 3300 non
1305 3245 1467 3300 modo
1511 3248 1761 3302 secundis
1805 3265 1936 3304 ven-

359 3338 466 3403 tis,
521 3335 616 3391 sed
679 3335 841 3390 etiam
905 3345 1152 3390 extremo
1213 3337 1492 3407 ingruente
1544 3339 1780 3408 periculo
1820 3357 1940 3398 sese

343 3429 712 3494 -committunt.
789 3427 889 3483 Uni
951 3437 1152 3482 tantum
1228 3428 1371 3494 Deo,
1424 3429 1514 3498 qui
1587 3446 1706 3500 qua:
1785 3434 1939 3488 nobis

355 3523 501 3578 utilia
548 3529 951 3592 opportunaque
994 3531 1121 3575 sunt
1169 3530 1413 3574 accurate
1449 3522 1616 3584 novit,
1673 3522 1746 3576 illi
1802 3525 1940 3578 male

347 3613 527 3668 feriati
585 3611 828 3665 homines
883 3610 1078 3665 cedere
1143 3611 1429 3676 nesciunt,
1488 3611 1580 3665 sed
1637 3613 1936 3682 perniciosa

359 3707 508 3778 quasi
541 3704 689 3759 utilia
719 3703 1015 3773 postulant,
1044 3703 1262 3773 perinde
1305 3714 1462 3773 atque
1504 3715 1764 3773 aegrotus,
1787 3708 1876 3776 qui
1906 3723 1935 3760 a

356 3799 566 3856 medico
595 3798 755 3868 petit,
787 3812 892 3852 nou
947 3812 1008 3851 ea
1054 3812 1175 3866 quae
1229 3797 1472 3852 morbum
1525 3797 1812 3866 depellant,
1841 3799 1936 3855 sed

345 3906 475 3960 .qufe
522 3889 798 3944 materiam
853 3887 993 3941 illam
1043 3886 1216 3940 morbi
1273 3896 1494 3941 matrem
1549 3888 1715 3942 alant.
1738 3888 1934 3944 Verum

345 3982 593 4038 medicus
631 3980 825 4034 inllrmi
854 3995 1042 4050 preces
1074 3995 1178 4033 non
1205 3979 1454 4042 admittit,
1484 3981 1578 4035 sed
1609 3983 1816 4038 etiamsi
1863 3983 1938 4038 la-

342 4081 682 4143 crymantem
719 4071 1184 4140 ingementemque
1237 4070 1434 4138 videat,
1471 4073 1603 4127 artis
1655 4075 1937 4145 prmceptis

346 4165 747 4234 obtemperabit
766 4163 968 4234 potius,
996 4179 1153 4234 quam
1185 4165 1328 4219 illius
1358 4165 1599 4220 flectatur
1638 4167 1888 4239 lacrymis
1919 4184 1934 4222 :

345 4264 578 4324 tumque
606 4253 798 4308 medici
827 4254 1311 4323 inobsequentiam,
1341 4271 1443 4309 non
1473 4255 1933 4323 inhumanitatem,

350 4347 448 4403 sed
507 4344 890 4400 humanitatem
936 4359 1212 4400 vocamus.
1247 4346 1444 4401 Contra
1492 4362 1622 4402 vero
1659 4348 1704 4402 si
1734 4360 1937 4418 aegroto

354 4453 556 4495 morem
589 4443 760 4506 gerat,
776 4434 1000 4504 ejusque
1021 4435 1276 4504 voluptati
1307 4436 1651 4507 obsequatur,
1673 4437 1938 4496 hostiliter

346 4547 474 4586 cum
512 4531 604 4585 illo
643 4529 780 4598 agit;
807 4527 888 4581 sin
916 4527 1196 4592 renitatur,
1224 4527 1445 4598 ejusque
1466 4530 1806 4598 cupiditatem
1836 4547 1936 4602 op-

354 4629 578 4692 pugnet,
614 4616 979 4674 misericordia
1000 4625 1158 4686 atque
1183 4617 1464 4672 clementia
1495 4619 1676 4674 utitur.
1709 4620 1796 4674 Sic
1822 4623 1936 4676 ani-

354 4729 560 4769 marum
601 4723 900 4768 nostrarum
931 4709 1202 4776 Medicus,
1231 4727 1348 4778 qua:
1400 4713 1561 4764 noxia
1601 4712 1771 4766 futura
1812 4723 1938 4767 sunt

353 4803 656 4876 petentibus
679 4817 971 4874 numquam
996 4800 1223 4856 dederit.
1247 4801 1428 4872 Neque
1450 4803 1590 4856 enim
1612 4815 1792 4872 patres
1814 4817 1936 4871 pro-

357 4899 422 4956 lis
466 4905 708 4952 amantes
736 4895 860 4950 filiis
896 4893 1073 4950 adhuc
1124 4893 1331 4949 tenellis
1372 4894 1578 4962 gladios
1618 4903 1710 4947 aut
1745 4894 1935 4964 ignitos

349 4988 614 5044 carbones
654 4986 990 5056 petentibus,
1022 4999 1270 5054 umquam
1311 4985 1648 5054 porrexerint
1692 5002 1704 5037 :
1741 4990 1936 5037 norunt

349 5081 496 5138 enim
549 5080 665 5135 haec
715 5078 912 5133 damno
959 5077 1135 5132 futura
1189 5091 1311 5132 esse
1359 5077 1402 5130 si
1433 5077 1661 5131 dentur:
1695 5075 1933 5129 nonnulli

349 5189 478 5230 vero
522 5175 578 5228 in
632 5179 924 5226 extremam
968 5170 1206 5238 prolapsi
1255 5168 1599 5230 dementiam,
1632 5183 1738 5221 non
1775 5166 1935 5220 modo

347 5263 594 5336 corporis
619 5260 1090 5332 pulchritudinem,
1116 5260 1348 5324 divitias,
1382 5261 1672 5328 potentiam
1702 5267 1930 5312 cauera-

346 5371 450 5426 que
488 5353 543 5409 id
589 5367 758 5424 genus
799 5352 866 5405 ab
918 5351 1286 5406 universorum
1337 5351 1445 5405 Deo
1499 5350 1798 5420 postulant;
1839 5350 1934 5405 sed

351 5448 512 5500 etiam
533 5441 764 5498 inimicis
793 5442 904 5496 suis
929 5443 1311 5511 imprecantur,
1343 5443 1589 5510 ipsosque
1611 5441 1784 5510 pcenis
1807 5456 1935 5508 sup-

352 5534 618 5604 plicioque
645 5531 785 5588 affici
814 5542 1037 5602 rogant:
1063 5543 1117 5587 et
1143 5548 1300 5603 quem
1339 5532 1437 5585 sibi
1474 5531 1758 5600 propitium
1787 5529 1936 5584 beni-

350 5640 622 5696 gnumque
653 5640 773 5680 esse
814 5633 1117 5696 precantur,
1150 5625 1380 5679 inimicis
1401 5623 1658 5678 immitem
1689 5621 1933 5676 inhuma-

355 5732 739 5812 numqueﬂesse
776 5726 1077 5791 peroptant.
1105 5715 1237 5786 Quae
1262 5717 1442 5777 omnia
1469 5715 1728 5773 Dominus
1762 5716 1933 5788 repri-

2076 408 2223 448 mere
2267 407 2682 464 praeoccupans,
2736 397 3126 467 multiloquium
3172 408 3352 463 vetat,
3397 400 3662 472 dot-etque

2072 484 2199 555 quid
2228 485 2299 539 sit
2342 485 2394 539 in
2436 486 2678 539 oratione
2720 485 3003 541 dicendum
3040 507 3052 542 :
3083 502 3147 542 ac
3172 491 3356 558 paucis
3381 493 3559 546 verbis
3589 493 3656 546 ad

2065 592 2279 633 omnem
2335 577 2582 632 virtutem
2631 578 2910 634 instituit:
2955 580 3042 634 illa
3082 581 3279 652 quippe
3333 584 3496 638 verba
3548 601 3657 640 non

2065 667 2227 723 modo
2282 668 2526 723 doctrina
2581 669 2646 724 ad
2699 669 3024 739 precandum
3066 681 3211 739 sunt,
3244 675 3340 729 sed
3382 675 3543 731 etiam
3589 677 3659 732 ad

2064 761 2354 830 perfectam
2381 761 2544 816 vitam
2569 761 2852 816 institutio.

2136 853 2188 906 3.
2223 850 2400 906 Oratio
2435 851 2690 906 dominica
2712 854 2919 924 ejusque
2944 855 3258 926 explanatio.
3289 887 3360 898 —
3396 857 3658 924 Qumnam

2063 953 2238 998 autem
2269 944 2352 997 illa
2385 945 2512 1010 sint,
2545 954 2598 1000 et
2629 945 2749 1015 quis
2777 960 2967 1001 eorum
2999 962 3212 1015 sensus,
3241 949 3656 1020 diligentissime

2064 1036 2429 1104 exquiramus,
2459 1051 2628 1106 eaque
2655 1045 2926 1107 tamquam
2954 1038 3165 1094 divinas
3192 1041 3338 1111 leges
3362 1057 3467 1096 non
3493 1043 3656 1097 dubi-

2065 1133 2240 1179 tanter
2287 1125 2640 1181 observemus
2679 1145 2692 1180 :
2731 1126 2890 1182 Pater
2933 1141 3122 1196 noster,
3181 1133 3268 1200 qui
3318 1150 3372 1186 es
3420 1135 3472 1187 in
3515 1136 3658 1189 caelis

2063 1216 2275 1286 (Matth.
2309 1217 2361 1272 6.
2394 1218 2447 1272 9.
2479 1219 2636 1290 sqq.).
2672 1219 2718 1273 0
2746 1229 2997 1290 quantam
3040 1236 3164 1292 erga
3215 1222 3460 1279 homines
3497 1225 3656 1278 beni-

2061 1311 2314 1380 gnitatem
2337 1312 2350 1364 !
2383 1325 2416 1364 o
2439 1320 2690 1381 quantam
2711 1312 2988 1383 dignitatis
3009 1315 3412 1372 excellentiam!
3447 1319 3646 1388 Ecquis

2061 1416 2240 1455 sermo
2278 1403 2381 1456 erit
2423 1401 2490 1457 ad
2539 1404 2736 1474 gratias
2782 1413 3053 1460 tantorum
3107 1405 3370 1462 bonorum
3416 1408 3654 1480 largitori

2059 1491 2296 1562 agendas
2335 1493 2506 1547 satis?
2536 1493 2815 1564 Perpende
2836 1537 2850 1561 ,
2884 1496 3111 1562 dilecte,
3142 1506 3246 1554 tua:
3281 1515 3522 1572 memque
3559 1519 3655 1556 na-

2062 1596 2192 1639 tura:
2219 1586 2470 1640 vilitatem
2503 1603 2516 1638 :
2547 1597 2787 1644 scrutare
2823 1591 3197 1659 cognationem
3220 1633 3236 1658 ,
3270 1601 3499 1658 terram,
3536 1597 3651 1665 pul-

2060 1692 2239 1730 verem
2261 1718 2274 1739 ,
2300 1676 2474 1730 lutum
2496 1719 2512 1742 ,
2556 1677 2778 1733 laterem
2801 1719 2817 1745 ,
2854 1680 3131 1735 cinerem:
3163 1698 3193 1736 e
3237 1691 3378 1738 terra
3421 1699 3653 1754 namque

2057 1768 2239 1833 efticti,
2274 1768 2324 1822 in
2355 1776 2554 1823 terram
2599 1769 2815 1824 demum
2847 1771 3184 1827 resolvimur.
3215 1773 3309 1828 His
3350 1777 3650 1845 perpensis,

2059 1861 2430 1918 inscrntabiles
2448 1861 2640 1917 divina:
2657 1878 2782 1933 erga
2805 1879 2902 1919 nos
2930 1865 3269 1936 benignitatis
3289 1867 3502 1924 divitias
3523 1884 3646 1924 cum

2057 1963 2274 2019 stupore
2298 1952 2577 2006 considera
2611 1970 2622 2006 :
2657 1953 2799 2023 quod
2831 1954 3040 2009 Patrem
3067 1956 3216 2011 illum
3248 1971 3442 2012 vocare
3464 1957 3649 2028 jussus

2055 2046 2148 2110 sis,
2187 2055 2433 2099 terrenus
2477 2046 2782 2111 czelestem,
2816 2047 3058 2101 mortalis
3107 2048 3486 2116 immortalem,
3527 2065 3650 2105 cor-

2056 2135 2319 2204 ruptibilis
2366 2136 2864 2206 incorruptibilem,
2925 2148 3304 2207 temporaneus
3360 2149 3646 2208 teternum,

2054 2229 2140 2296 qui
2175 2228 2286 2282 heri
2312 2237 2401 2280 aut
2436 2243 2606 2298 nuper
2633 2228 2800 2282 lutum
2843 2244 2985 2295 eras,
3019 2245 3140 2284 eum
3181 2231 3269 2300 qui
3301 2242 3424 2285 ante
3449 2233 3646 2288 saecula

2056 2318 2199 2372 Deus
2225 2328 2358 2372 erat.
2391 2318 2638 2373 Profecto
2660 2334 2765 2372 non
2798 2319 2866 2374 ad
2898 2320 3044 2374 illam
3072 2319 3266 2375 frustra
3293 2322 3645 2377 emittendam

2052 2427 2236 2465 vocem
2265 2411 2486 2466 edoctus
2507 2427 2565 2466 es
2599 2427 2612 2476 ;
2651 2412 2746 2466 sed
2778 2423 2834 2466 ut
2857 2413 2924 2468 ad
2956 2413 3123 2480 illam,
3152 2430 3312 2484 quam
3343 2415 3522 2486 lingua
3555 2427 3644 2470 tua

2053 2503 2295 2572 protulit,
2326 2504 2497 2558 Patris
2521 2505 2959 2574 appellationem,
2990 2509 3289 2561 reverentia
3318 2517 3643 2570 commotus,

2049 2597 2166 2666 ejus
2191 2598 2572 2668 benignitatem
2613 2598 3350 2668 imiteriszquemadmodum
3396 2601 3523 2654 alibi
3555 2599 3646 2654 di-

2048 2691 2121 2743 cit
2149 2705 2160 2741 :
2190 2688 2366 2743 Estote
2405 2690 2592 2744 similes
2639 2688 2816 2744 Patris
2857 2691 3039 2755 uestri,
3068 2691 3154 2760 qui
3193 2692 3246 2744 in
3275 2692 3411 2745 ctelis
3436 2701 3528 2754 est,
3555 2693 3646 2761 qui

2047 2779 2204 2831 solem
2225 2795 2369 2832 suum
2397 2781 2518 2832 oriri
2539 2781 2664 2852 facit
2689 2797 2838 2848 super
2859 2782 3020 2835 malos
3045 2791 3092 2834 et
3115 2780 3292 2847 bonos,
3322 2791 3369 2836 et
3395 2783 3526 2852 pluit
3552 2799 3643 2836 su-

2048 2888 2137 2942 per
2152 2872 2319 2939 justas
2359 2880 2404 2926 et
2445 2873 2662 2942 injustas
2715 2873 2928 2944 (Matth.
2961 2874 3015 2929 5.
3046 2873 3161 2942 45).
3197 2873 3312 2928 Νυη
3341 2885 3516 2944 potest
3543 2875 3644 2929 be-

2048 2964 2266 3033 nignum
2319 2963 2484 3018 Deum
2524 2965 2735 3019 Patrem
2774 2966 3046 3036 appellare
3087 2967 3330 3038 quisquis
3366 2976 3450 3021 est
3475 2968 3643 3023 feroci

2046 3052 2340 3124 immitique
2361 3055 2539 3108 animo
2561 3073 2572 3107 :
2592 3070 2765 3126 neque
2783 3057 2923 3110 enim
2942 3065 3124 3110 servat
3141 3056 3256 3110 illas
3273 3057 3638 3127 benignitatis,

2045 3162 2162 3217 quae
2188 3147 2238 3201 in
2270 3147 2465 3202 caelesti
2495 3148 2651 3203 Patre
2678 3157 2781 3216 est,
2816 3159 3067 3214 tesseras,
3098 3149 3191 3204 sed
3225 3149 3276 3203 in
3312 3150 3536 3204 ferinam
3570 3165 3633 3205 se

2044 3241 2276 3310 speciem
2322 3241 2722 3306 transmutavit,
2749 3251 2909 3312 atque
2955 3257 2982 3294 a
3018 3241 3195 3296 divina
3243 3242 3333 3297 illa
3363 3243 3643 3298 nobilitate

2044 3330 2260 3395 excidit,
2286 3330 2728 3386 secundumillud
2757 3331 2922 3386 David
2950 3332 3150 3387 dictqu
3189 3350 3200 3386 :
3238 3331 3408 3386 Homo
3446 3351 3562 3386 cum
3583 3334 3639 3386 in

2044 3423 2237 3476 honore
2273 3432 2416 3488 esset,
2449 3439 2549 3476 non
2592 3424 2886 3478 intellexit:
2915 3435 3236 3494 comparatus
3286 3435 3359 3478 est
3390 3426 3643 3495 jamentis

2043 3513 2394 3584 insipientibus
2414 3555 2430 3579 ,
2460 3522 2506 3566 et
2550 3513 2732 3568 similis
2772 3513 2940 3582 [actus
2970 3525 3042 3568 est
3079 3515 3184 3568 illis
3209 3514 3380 3585 (Psal.
3405 3515 3495 3579 48,
3517 3516 3637 3584 21).

2044 3604 2253 3659 Etenim
2284 3605 2372 3674 qui
2404 3614 2459 3658 ut
2484 3614 2666 3660 taurus
2696 3604 2861 3659 insilit
2889 3613 2942 3659 et
2963 3605 3185 3666 invadit,
3211 3607 3466 3659 utasinus
3489 3607 3640 3662 calce

2045 3695 2184 3760 ferit,
2220 3705 2278 3750 ut
2301 3696 2536 3750 camelus
2569 3695 2775 3767 injurim
2804 3697 3066 3765 meminit,
3097 3706 3155 3751 ut
3189 3711 3349 3752 ursus
3379 3706 3556 3765 vorat,
3582 3710 3642 3754 ut

2047 3789 2200 3858 lupus
2236 3789 2409 3857 rapit,
2441 3797 2498 3844 ut
2526 3789 2768 3859 scorpius
2807 3789 3013 3859 pungit,
3043 3789 3270 3844 subdole
3295 3790 3403 3859 agit
3427 3799 3483 3844 ut
3512 3789 3640 3843 vul-

2043 3894 2156 3949 pes,
2191 3879 2361 3934 hinnit
2384 3879 2449 3933 ad
2472 3879 2698 3934 feminas
2720 3881 2890 3934 instar
2925 3881 3045 3950 equi
3073 3881 3359 3947 emissarii,
3389 3881 3480 3951 qui
3510 3895 3637 3950 pos-

2043 3973 2113 4025 sit
2157 3972 2368 4042 dignam
2415 3972 2524 4026 filio
2565 3987 2751 4027 vocem
2796 3974 3075 4038 emittere,
3106 3973 3428 4044 Patremque
3463 3975 3638 4030 Deum

2043 4065 2404 4134 compellare?
2430 4067 2595 4134 Quem
2633 4068 2774 4122 hunc
2816 4068 2976 4139 igitur
3002 4070 3298 4124 vocemus?
3331 4069 3638 4125 Feramne?

2046 4161 2112 4212 At
2136 4157 2264 4212 fera:
2295 4174 2402 4212 uno
2453 4175 2516 4212 ex
2557 4163 2886 4214 enumeratis
2920 4160 3050 4214 vitio
3091 4160 3359 4230 laborant,
3387 4161 3476 4216 hic
3506 4177 3640 4217 vero

2043 4251 2220 4304 omnia
2252 4250 2411 4305 simul
2437 4251 2797 4320 complectens
2816 4293 2830 4316 ,
2862 4250 3072 4307 feritate
3101 4253 3340 4322 ipsarum
3365 4254 3641 4309 etferatior

2043 4351 2144 4396 est.
2175 4341 2372 4410 Ecquid
2396 4341 2516 4396 dico
2548 4341 2758 4396 feram?
2786 4342 2898 4398 fera
2931 4346 3118 4413 quavis
3141 4345 3382 4400 deterior
3410 4347 3499 4401 ille
3529 4358 3638 4402 est.

2045 4433 2252 4487 Etenim
2291 4433 2413 4488 ferae
2449 4434 2570 4488 licet
2608 4445 2793 4490 natura
2835 4451 2928 4489 sua
2969 4437 3206 4492 immites
3237 4439 3366 4506 sint,
3399 4440 3639 4496 humana

2046 4535 2218 4580 tamen
2257 4536 2371 4580 arte
2414 4527 2620 4582 cicures
2669 4528 2804 4582 fiunt
2847 4538 2900 4582 ct
2945 4542 3363 4586 mansuescunt:
3396 4533 3484 4588 hic
3507 4551 3640 4589 vero

2044 4617 2225 4680 homo,
2254 4617 2342 4687 qui
2372 4618 2583 4672 insitam
2608 4621 2711 4674 illis
2737 4637 2766 4674 a
2794 4632 2982 4676 natura
3010 4623 3276 4678 feritatem
3306 4626 3358 4679 in
3392 4643 3641 4684 mansue-

2042 4711 2301 4775 tudinem,
2325 4727 2445 4780 qure
2470 4722 2653 4766 contra
2679 4714 2889 4768 illarum
2921 4725 3166 4771 naturam
3190 4729 3295 4784 est,
3315 4731 3638 4789 commutat,

2041 4817 2196 4871 qttatn
2221 4806 2616 4859 excusationem
2642 4805 2874 4873 habebit,
2897 4809 2985 4878 qui
3007 4809 3229 4865 inditam
3253 4814 3354 4867 sibi
3380 4830 3410 4867 a
3443 4825 3637 4872 natura

2043 4895 2503 4950 mansuetudinem
2530 4897 2581 4950 in
2614 4897 2876 4952 feritatem
2911 4909 3118 4956 naturae
3158 4919 3270 4958 sua:
3297 4908 3631 4962 contrariam

2041 4988 2324 5053 convertit,
2359 4998 2412 5041 et
2439 4988 2579 5058 quod
2610 4999 2724 5043 erat
2755 5001 2942 5046 natura
2982 4992 3152 5048 ferum
3172 5037 3186 5058 ,
3213 4997 3347 5052 mite
3375 4998 3636 5067 reddidit,

2043 5091 2101 5130 se
2139 5091 2266 5132 vero
2300 5087 2486 5131 natura
2528 5079 2732 5145 mitem,
2764 5079 2932 5134 ferum
2964 5083 3182 5138 eli‘ecit?
3213 5095 3268 5139 et
3296 5088 3389 5158 qui
3422 5088 3642 5146 leonem

2044 5167 2249 5236 mitigat
2277 5168 2716 5239 tractabilemque
2745 5169 2892 5238 facit,
2935 5174 3067 5228 iram
3093 5190 3244 5230 suam
3277 5179 3438 5234 leone
3463 5182 3647 5236 reddit

2045 5259 2645 5315 intractabiliorem?At
2673 5266 2724 5316 ln
2749 5263 2901 5319 leone
2931 5265 3038 5318 duo
3067 5278 3193 5322 sunt
3224 5269 3643 5340 impedimenta,

2042 5351 2180 5419 quod
2228 5351 2271 5404 is
2318 5352 2521 5406 ratione
2547 5363 2746 5418 careat,
2778 5356 2998 5425 etquod
3037 5368 3363 5415 creterorum
3395 5365 3645 5418 omnium

2043 5441 2110 5492 sit
2142 5441 2503 5496 ferocissimus
2532 5461 2545 5497 :
2577 5453 2632 5498 et
2658 5455 2834 5500 tamen
2872 5463 2968 5517 per
2998 5449 3259 5506 divinitus
3289 5453 3518 5508 inditam
3550 5469 3645 5508 sa-

2047 5533 2294 5600 pientiam
2330 5534 2553 5590 ferinam
2590 5537 2730 5591 illam
2768 5550 2986 5608 superat
3027 5551 3312 5612 naturam;
3347 5563 3538 5604 verum
3570 5549 3644 5618 is,

2043 5626 2131 5694 qui
2181 5627 2234 5681 in
2270 5627 2397 5683 feris
2446 5638 2687 5684 naturam
2735 5633 2898 5687 vineit
2921 5675 2937 5699 ,
2968 5635 3020 5689 in
3062 5637 3243 5708 seipse
3269 5651 3323 5696 et
3356 5653 3565 5697 natura:
3591 5657 3644 5700 et

2046 5720 2297 5789 prepositi
2349 5719 2628 5776 voluntarii
2670 5723 2865 5780 bonum
2903 5725 3077 5797 perdit
3110 5745 3124 5784 :
3154 5731 3390 5806 dumque
3423 5739 3644 5794 leonem
