4010 6342
435 273 506 329 45
1103 263 1190 319 DE
1228 260 1556 319 ANGUSTA
1598 260 1854 323 PORTA,
1888 254 1977 311 ET

2123 255 2524 314 ORATIONEM
2569 257 2972 316 DOMINICAM.
3511 279 3524 292 '
3607 268 3679 322 M-

431 378 569 449 πρὸς
593 377 771 446 ὀλίγον
805 376 902 447 μέν
933 378 1254 448 φαινόμενον
1288 378 1366 449 τῷ
1401 378 1518 448 ἔαρι
1555 390 1579 417 δ
1604 377 1703 447 τῆς
1732 375 2002 443 νεότητος.

430 460 548 534 [τη
575 463 692 530 μετ’
730 459 909 527 ὀλίγον
958 460 1014 513 δὲ
1047 460 1400 531 φθειρόμενον
1427 461 1533 513 ὑπὸ
1560 460 1657 530 τῆς
1681 458 1872 530 χρόνου
1903 473 2008 508 πα-

428 545 734 614 λαιότητος.
769 543 832 594 Εἰ
857 540 912 594 δὲ
935 543 1033 601 καὶ
1072 543 1171 612 τὴν
1202 544 1503 596 ὑπόστασιν
1526 541 1689 596 αὐτοῦ
1720 557 1804 604 τις
1829 538 2010 603 ἐξετά-

432 629 546 686 ζειν
595 625 791 687 ἐθέλοι,
821 623 942 676 τότε
999 624 1159 678 πλέον
1193 624 1359 678 αὐτοῦ
1397 624 1678 678 διαπτύειν
1701 623 2008 692 δυνήσεται.

433 708 601 763 Οὐδὲν
630 710 738 777 γάρ
761 707 948 778 ἕτερόν
978 709 1146 772 ἐστιν,
1177 707 1209 778 ή
1241 707 1459 779 φλέγμα
1486 707 1580 761 καὶ
1609 701 1748 776 αἷμα
1773 708 1864 758 καὶ
1887 703 2012 775 ρεῦ-

435 809 512 862 μα
529 793 623 844 καὶ
643 790 851 861 τροφῆς
874 789 1309 860 διαμασηθείσης
1351 790 1528 860 χυλός.
1572 790 1667 842 Ἐκ
1691 788 1880 841 τούτου
1903 788 2011 856 γὰρ

432 873 527 926 καὶ
550 871 842 944 ὀφθαλμοὶ,
896 873 994 925 καὶ
1042 876 1286 942 παρειαί,
1319 875 1413 925 καὶ
1454 876 1617 944 ῥῖνες,
1658 873 1752 926 καὶ
1789 871 2010 940 όφρύες,

431 958 525 1010 καὶ
551 956 726 1027 χείλη,
749 957 843 1010 καὶ
869 955 986 1009 ὅλον
1013 955 1298 1025 ἀρδεύεται
1326 957 1386 1009 τὸ
1414 956 1592 1027 σῶμα·
1625 956 1727 1010 κᾶν
1761 955 2011 1025 ἐπιλείψῃ

433 1042 564 1094 ποτέ
595 1044 629 1112 ἡ
659 1039 865 1094 τούτων
903 1039 1113 1110 ἀρδεία,
1147 1039 1512 1108 συνεπιλείψει
1544 1041 1762 1103 πάντως
1790 1042 1883 1095 καὶ
1915 1040 2010 1093 τοῦ

429 1124 729 1197 προσώπου
759 1125 792 1193 ή
839 1123 1136 1194 εὐμορφία.
1178 1123 1278 1194 ιΜὴ
1329 1123 1556 1176 πλοῦτον
1591 1125 1888 1195 χρημάτων
1919 1123 2012 1177 τὸν

432 1207 555 1261 καθ’
585 1207 881 1277 ὁμοιότητα
913 1204 1022 1258 τῶν
1062 1207 1343 1276 ποταμίων
1379 1207 1586 1260 ὑδάτων
1609 1208 1928 1278 ἐπιρῥέοντά
1951 1224 2012 1259 τε

432 1290 526 1342 καὶ
544 1289 932 1360 μεταρῤέοντα,
953 1288 1050 1340 καὶ
1065 1287 1158 1340 νῦν
1190 1288 1287 1357 μὲν
1305 1288 1456 1358 παρά
1470 1289 1677 1352 τοῦτον,
1701 1289 1793 1341 νῦν
1809 1291 1863 1342 δέ
1884 1289 2012 1359 παρ’

433 1373 641 1424 ἐκεῖνον
663 1369 982 1440 πηδῶνταδ,
997 1371 1234 1434 καὶτοὺς
1259 1372 1584 1441 κατέχοντας
1613 1372 1900 1440 φεύγοντα,
1921 1373 2014 1425 καὶ

431 1456 544 1517 τοῖς
568 1453 814 1522 φιλοῦσιν
855 1454 1018 1507 αὐτὸν
1049 1454 1390 1526 παραμένειν
1430 1455 1529 1507 οὐκ
1553 1455 1895 1525 ἀνεχόμενον,
1920 1456 2014 1508 καὶ

436 1537 667 1608 μυρίους
684 1536 1003 1600 ἐπιϐούλους
1020 1535 1232 1606 ἔχοντα,
1251 1536 1349 1590 καὶ
1362 1536 1552 1604 σῆτας,
1573 1539 1666 1591 καὶ
1676 1538 1896 1608 λῃστὰς,
1919 1538 2014 1591 καὶ

432 1619 798 1689 συκοφάντας,
834 1620 928 1674 καὶ
952 1622 1349 1691 ἐμπρησμοὺς,
1379 1621 1474 1673 καὶ
1501 1623 1756 1689 ναυάγια,
1793 1624 1887 1674 καὶ
1919 1638 2014 1674 πο-

429 1703 610 1773 λέμων
628 1703 873 1772 ἐφόδους,
893 1703 989 1755 καὶ
1014 1702 1201 1774 δήμων
1225 1703 1642 1767 ἐπαναστάσεις,
1667 1705 1759 1756 καὶ
1787 1721 2015 1775 κακουρ-

430 1787 558 1854 γίας
581 1785 833 1849 οἰκετῶν,
860 1786 957 1838 καὶ
986 1786 1335 1856 γραμμάτων
1363 1787 1697 1857 ἀφαιρέσεις,
1727 1787 1818 1839 καὶ
1845 1805 2014 1857 προσ-

430 1870 626 1940 θήκας,
652 1871 748 1922 καὶ
775 1868 1055 1940 μειώσεις,
1095 1871 1190 1922 καὶ
1216 1869 1385 1923 τᾶλλα
1414 1871 1516 1922 ὅσα
1544 1872 1654 1934 τοῖς
1685 1871 1853 1940 ἐρῶσι
1877 1889 2014 1942 χρη-

432 1953 621 2021 μάτων
645 1951 750 2005 ὑπὸ
797 1951 898 2020 τῆς
945 1951 1328 2021 φιλοπλουτίας
1381 1952 1670 2020 ἐπιφύεται
1702 1953 1867 2006 δεινά.
1922 1955 2012 2024 Μὴ

428 2035 750 2088 δυναστείαν
776 2033 1126 2104 ἀξιωμάτων·
1149 2034 1319 2088 πολλὰ
1352 2034 1460 2104 γὰρ
1485 2035 1578 2088 καὶ⁴
1603 2035 1771 2108 ταύτῃ
1795 2037 2014 2105 ἀλγεινά

430 2119 799 2188 παραφύεται,
835 2117 1134 2188 φροντίδων
1181 2118 1486 2188 τηκεδόνες,
1538 2119 1834 2189 ἀγρυπνίαι
1894 2137 2016 2173 συν-

429 2204 600 2272 εχεῖς,
647 2201 937 2254 ἐπιϐουλαὶ¹
963 2200 1117 2270 παρὰ
1145 2201 1253 2254 τῶν
1293 2201 1650 2270 φθονούντων,
1685 2204 2016 2258 κατασκευαὶ

431 2285 585 2355 παρά
619 2284 728 2336 τῶν
761 2284 1388 2355 μισούντων,στωμυλία
1410 2287 1654 2358 ρητόρων
1681 2289 1792 2350 τοῖς
1827 2306 2016 2341 κατευ-

428 2369 861 2438 γλωττισμένοις
908 2367 1090 2435 λόγοις
1140 2367 1554 2423 ὐποκλέπτουσα
1601 2369 1699 2441 τὴν
1759 2372 2014 2444 ἀλήθειαν

429 2450 526 2501 καὶ
556 2449 721 2502 πολὺν
743 2451 856 2514 τοῖς
893 2450 1171 2515 δικάζουσι
1224 2451 1560 2522 προξενοῦσα
1588 2454 1846 2507 κίνδυνον.
1896 2456 2014 2508 Εἰσὶ

429 2531 560 2604 γάρ,
595 2534 704 2585 εἰσὶ
753 2533 1071 2602 βαττολόγοι
1112 2535 1274 2598 τινὲς,
1316 2536 1407 2588 καὶ
1445 2536 1811 2604 ματαιολόγοι,
1842 2537 2015 2591 ταῦτά

429 2635 488 2669 τε
554 2618 649 2670 καὶ
694 2616 761 2669 τά
805 2616 1030 2670 τοιαῦτα
1074 2618 1222 2688 παρά
1268 2618 1362 2670 τοῦ
1416 2619 1550 2671 Θεοῦ
1597 2619 1704 2671 τῶν
1745 2622 1882 2675 ὅλων
1931 2625 2013 2675 αἰ-

427 2698 672 2762 τοῦντες,
706 2701 802 2751 καὶ
843 2699 951 2752 τῶν
980 2700 1149 2762 ὅντως
1197 2700 1415 2767 ἀγαθῶν
1461 2702 1653 2754 οὐδένα
1704 2705 2013 2774 ποιούμενοι

435 2781 618 2850 λόγον.
638 2782 748 2834 Καὶ
770 2782 861 2834 τὸν
887 2782 984 2852 μὲν
1016 2783 1196 2853 ἰατρὸν
1218 2784 1315 2853 οὐχ
1339 2785 1389 2835 οἱ
1404 2785 1688 2848 νοσοῦντες
1706 2785 2014 2840 διδάσκουσι

433 2866 541 2916 τῶν
595 2865 906 2935 φαρμάκων
965 2865 1062 2935 τὴν
1110 2865 1335 2936 χρῆσιν,
1387 2865 1520 2919 ἀλλά
1574 2867 1681 2919 τῶν
1728 2869 1817 2921 ὐπ’
1850 2869 2012 2922 αὐτοῦ

431 2948 898 3019 προσφερομένων
929 2949 1214 3017 ἀνέχονται
1258 2949 1438 3017 μόνον,
1475 2950 1577 3002 κᾶν
1625 2950 1878 3015 ἐπίπονος
1987 2954 2016 3005 ὁ

427 3031 530 3100 τῆς
564 3031 864 3101 θεραπείας
888 3033 1110 3101 τρόπος·
1143 3031 1238 3083 καὶ
1266 3031 1356 3083 τὸν
1374 3033 1710 3104 κυϐερνήτην
1751 3037 1796 3086 οί
1828 3035 2013 3089 πλέον·

427 3130 520 3177 τες
548 3114 609 3165 οὐ
648 3112 931 3166 κελεύουσι
965 3113 1186 3166 τοίωσδε
1229 3113 1480 3185 κατέχειν
1513 3116 1638 3178 τοὺς
1674 3117 1884 3180 οῖακας,
1921 3120 2015 3170 καὶ

427 3199 490 3248 τὸ
531 3197 736 3265 σκάφος
789 3195 1010 3258 ἰθύνειν,
1061 3196 1176 3249 ἀλλ’
1228 3197 1323 3248 ἐπὶ
1365 3196 1475 3249 τῶν
1532 3201 2014 3270 καταστρωμάτων

428 3281 751 3350 καθήμενοι,
787 3281 885 3350 τῆς
921 3279 1132 3332 ἐκείνου
1159 3281 1467 3350 ἐπιστήμης
1494 3281 1795 3350 ἀνέχονται,
1824 3284 1883 3335 οὐ
1913 3284 2013 3353 μό-

425 3381 520 3416 νον
546 3363 605 3426 ἐξ
634 3363 832 3433 οὐρίων
866 3363 1176 3433 φερόμενοι,
1210 3360 1346 3415 ἀλλά
1378 3363 1584 3416 καὶτὸν
1623 3364 1852 3434 ἔσχατον
1879 3368 2013 3420 ὐπο-

430 3447 686 3516 μένοντες
717 3447 988 3498 κίνδυνον·
1016 3445 1094 3516 τῷ
1115 3446 1231 3515 Θεῷ
1253 3447 1307 3499 δέ
1339 3447 1519 3516 μόνον,
1545 3448 1624 3518 τῷ
1648 3451 1708 3501 τὸ
1739 3453 2013 3522 συμφέρον

426 3533 562 3599 ἡμῖν
589 3529 831 3600 ἀκριϐῶς
865 3530 1214 3600 ἐπισταμένῳ
1230 3530 1450 3594 διδόναι,
1477 3533 1525 3583 οί
1559 3533 1656 3594 τὰς
1680 3533 1881 3603 φρένας
1917 3552 2014 3587 κα-

427 3614 540 3676 κῶς
569 3613 905 3682 διακείμενοι
952 3616 1300 3683 παραχωρεῖν
1328 3614 1426 3665 οὐκ
1469 3614 1772 3685 ἀνέχονται,
1800 3616 1913 3670 ἀλλ’
1937 3619 2015 3670 αί-

425 3696 616 3749 τοῦσιν
646 3697 722 3758 ὼς
752 3695 1003 3766 ὠφέλιμα
1028 3695 1098 3747 τὰ
1122 3695 1361 3767 ὀλέθρια,
1391 3697 1577 3766 ὅμοιον
1605 3699 1884 3762 ποιοῦντες
1915 3701 2014 3772 ἀρ·-

429 3780 647 3852 ρώστιρ,
677 3779 768 3831 τὸν
813 3781 994 3850 ἰατρὸν
1026 3777 1209 3831 δοῦναι
1259 3778 1408 3847 αὐτῷ
1437 3781 1862 3850 παρακαλοῦντι,
1917 3783 2015 3852 οὐχ

425 3867 530 3918 ὅσα
558 3864 678 3917 λύει
703 3864 802 3935 τὴν
832 3864 1008 3926 νόσον,
1028 3863 1143 3916 ἀλλ’
1169 3867 1268 3917 ὅσα
1288 3865 1480 3936 τρέφει
1501 3865 1600 3936 τὴν
1633 3865 1765 3937 ὓλην
1797 3869 1895 3939 τὴν
1915 3868 2015 3938 τῆς

427 3951 587 4002 νόσου
622 3949 854 4020 μητέρα.
907 3949 1045 4002 Ἀλλ’
1091 3950 1191 4002 οὐκ
1235 3950 1483 4015 ἀνέξεται
1521 3953 1550 4002 ό
1588 3953 1769 4023 ἰατρὸς
1797 3954 1895 4024 τῆς
1921 3955 2013 4006 τοῦ

427 4035 732 4104 κάμνοντος
775 4033 1007 4096 ἱκεσίας,
1034 4033 1170 4086 ἀλλά
1215 4033 1315 4086 κᾶν
1339 4033 1640 4104 δακρύοντα
1673 4035 1758 4108 ἴδῃ
1787 4037 1881 4089 καὶ
1907 4037 2016 4089 ὀλο-

429 4119 758 4188 φυρόμενον,
802 4117 880 4186 τῷ
909 4118 1058 4188 νόμῳ
1107 4117 1208 4186 τῆς
1252 4118 1451 4189 τέχνης
1485 4119 1767 4172 ἀκολουθεῖ
1796 4120 2014 4190 μᾶλλον,

430 4202 465 4272 ἣ
503 4204 614 4264 τοῖς
640 4201 834 4253 τούτου
857 4201 1120 4272 δάκρυσιν
1153 4202 1583 4272 ἐπικάμπτεται,
1614 4203 1708 4256 καὶ
1732 4203 1829 4274 τὴν
1854 4203 2014 4257 ἀπεί-

433 4285 584 4337 θειαν
613 4284 717 4336 οὐκ
746 4283 1164 4355 ἀπανθρωπίαν,
1201 4284 1337 4337 ἀλλά
1386 4285 1792 4357 φιλανθρωπίαν
1828 4288 2018 4357 ὀνομά-

431 4366 619 4436 ζομεν·
650 4365 974 4435 πειθόμενος
996 4368 1095 4436 μὲν
1121 4368 1229 4438 γὰρ
1262 4366 1338 4436 τῷ
1367 4367 1630 4432 νοσοῦντι,
1666 4373 1758 4422 καὶ
1781 4369 1848 4422 τά
1880 4370 2016 4440 πρὸς

430 4449 624 4521 ἡδονὴν
641 4449 1017 4519 χαριζόμενος,
1036 4449 1104 4502 τά
1123 4451 1394 4520 πολεμίων
1410 4453 1489 4513 είς
1519 4452 1678 4504 αὐτὸν
1703 4453 2011 4523 ἐργάζεται·

429 4532 742 4588 ἀντιτείνων
759 4533 816 4584 δέ
847 4533 1019 4604 αὐτῷ,
1049 4536 1142 4587 καὶ
1162 4537 1226 4604 τῇ
1251 4535 1516 4606 ἐπιθυμίᾳ
1542 4537 2016 4608 μαχόμενος,ἐλέῳ

430 4619 697 4689 κέχρηται
725 4620 820 4671 καὶ
857 4617 1258 4688 φιλανθρωπίᾳ·
1278 4616 1418 4669 οὕτω
1447 4620 1542 4670 καὶ
1567 4619 1711 4670 ότῶν
1730 4621 2014 4690 ἡμετέρων

427 4703 621 4771 ψυχῶν
659 4703 841 4774 ίατρὺς
868 4703 967 4754 οὐκ
988 4701 1241 4770 ἀνέχεται
1265 4700 1446 4753 δοῦναι
1476 4705 1589 4764 τοῖς
1611 4703 1819 4754 αἰτοῦσι
1851 4704 1916 4755 τά
1937 4707 2016 4767 είς

435 4787 644 4858 βλάϐην
675 4789 860 4848 αὐτοῖς
883 4785 1135 4855 ἐσόμενα.
1166 4783 1302 4837 Οὐτε
1333 4784 1440 4853 γὰρ
1468 4785 1517 4836 οἱ
1545 4784 1882 4856 φιλόστοργοι
1909 4803 2017 4839 πα-

432 4869 591 4940 τέρες
635 4873 747 4933 τοῖς
788 4868 985 4938 κομιδῇ
1027 4867 1243 4936 νηπίοις
1287 4866 1563 4937 μαχαίρας
1598 4869 1944 4937 ἐπιζητοῦσιν
1980 4870 2014 4940 ἢ

430 4955 604 5023 πυρὸς
635 4955 938 5025 ἄνθρακας,
978 4951 1188 5020 ὀρέγειν
1205 4950 1506 5020 ἀνέχονται⁸
1531 4952 1800 5022 ί’σασιγάρ
1831 4954 2016 5022 σαφῶς

431 5035 704 5107 βλαϐεράν
745 5037 933 5097 αὐτοῖς
980 5031 1146 5086 οὖσαν
1174 5032 1271 5102 τὴν
1311 5033 1568 5104 τοιαύτην
1598 5035 1762 5087 δόσιν·
1791 5037 1934 5099 τινὲς
1958 5037 2014 5090 δὲ

430 5120 541 5173 τῶν
591 5123 672 5184 εἰς
725 5120 962 5190 ἐσχάτην
996 5117 1221 5184 ἀλογίαν
1250 5118 1705 5183 ἐκπεπτωκότων,
1741 5120 1801 5172 οὐ
1856 5120 2015 5188 μόνον

432 5203 682 5274 σώματος
716 5201 1048 5273 ὡραιότητα,
1086 5199 1180 5252 καὶ
1240 5201 1488 5264 πλοῦτον,
1545 5204 1641 5256 καὶ
1677 5203 2011 5269 δυναστείαν,

431 5288 526 5339 καὶ
548 5288 648 5340 ὅσα
677 5286 904 5339 τοιαῦτα
954 5283 1106 5354 παρά
1158 5283 1252 5336 τοῦ
1285 5285 1390 5336 τῶν
1415 5285 1550 5338 ὅλων
1584 5285 1718 5338 Θεοῦ
1747 5288 2011 5352 αἰτοῦσιν,

430 5370 566 5424 ἀλλά
587 5369 702 5442 [28]
723 5371 818 5423 καὶ
846 5372 956 5431 τοῖς
977 5369 1188 5438 ἐχθροῖς
1215 5367 1393 5421 αὐτῶν
1427 5369 1758 5438 ἐπαρῶνται,
1785 5372 2014 5424 καίτινα

432 5455 696 5524 τιμωρίαν
725 5452 1085 5522 ἐπενεχθῆναι
1121 5452 1302 5514 αὐτοῖς
1340 5453 1662 5518 ἱκετεύουσι,
1691 5456 1783 5507 καὶ
1804 5455 1862 5508 ὃν
1888 5457 2013 5509 ἐαυ-

497 5539 519 5567 ⁸
549 5537 633 5586 Sic
657 5537 754 5585 duo
777 5551 893 5584 mss.
923 5536 1094 5598 Morql_.
1114 5572 1126 5587 .
1164 5541 1218 5582 et
1245 5533 1396 5583 Savil.
1422 5537 1471 5584 in
1495 5549 1646 5598 marg.
1676 5543 1832 5588 recte.
1859 5537 2009 5588 Savil.

428 5597 484 5650 in
510 5605 651 5647 textu
675 5605 727 5646 el
751 5612 876 5660 unus
900 5599 1019 5660 ἀέρι.
1047 5596 1154 5644 Mox
1180 5603 1290 5660 treq
1307 5611 1418 5660 mss.
1449 5596 1747 5660 φθειρόμενον
1766 5599 1878 5655 ὑπό,
1904 5600 2012 5649 edi-

427 5663 468 5710 ti
501 5673 620 5723 νει-ο
646 5659 922 5722 φαινόμενον
946 5658 1222 5718 perperam.
1267 5658 1495 5723 Sav_il.r_i'rn
1529 5658 1695 5723 τῇσι-ε.
1728 5663 2010 5723 ἀφανιζόμε-

424 5738 526 5771 νον.
554 5721 619 5770 lis
640 5718 751 5781 dum
774 5718 1050 5780 Sequuntur
1090 5731 1290 5782 prursus
1326 5718 1506 5769 similia
1529 5718 1680 5770 habe};
1704 5718 1849 5782 supra
1872 5718 2003 5772 OI‘at.

432 5788 458 5836 1
484 5785 543 5829 ad
566 5780 878 5830 Theodorum
902 5782 1090 5840 lapsum
1113 5793 1243 5828 num.
1273 5780 1348 5828 15.

494 5846 524 5881 δ
547 5842 645 5894 Alii
669 5843 844 5892 ἐκεῖνον
867 5842 1117 5906 φοιτῶντα.

2113 373 2223 435 τοῖς
2257 374 2461 444 ἥμερον
2487 368 2626 427 εἶναι
2665 374 2760 428 καὶ
2791 374 3171 446 φιλάνθρωπον
3202 373 3468 446 εὔχονται,
3495 377 3683 434 τοῦτον

2111 460 2222 521 τοῖς
2239 457 2453 528 ἐχθροῖς
2470 459 2742 530 ἀνήμερον
2767 459 3020 527 γενέσθαι
3050 461 3144 513 καὶ
3172 459 3536 532 ἀπάνθρωπον
3568 461 3686 532 βού-

2112 542 2313 596 λονται.
2350 543 2536 597 Ταῦτα
2589 545 2767 598 τοίνυν
2825 547 2851 598 ό
2884 545 3160 614 Δεσπότης
3217 547 3684 615 προαναστέλλων,

2114 628 2403 697 παρεγγυᾷ
2439 627 2538 696 μὲν
2570 626 2644 696 μὴ
2677 627 3036 696 βαττολογείνο
3069 627 3308 682 διδάσκει
3349 629 3404 682 δὲ
3431 630 3552 682 τίνα
3579 629 3687 700 χρὴ

2111 710 2288 776 λέγειν
2314 712 2371 763 ἐν
2391 714 2457 782 τῇ
2493 715 2791 783 προσευχῇ,
2819 713 2914 765 καὶ
2951 713 3008 766 ἐν
3037 712 3236 780 ὀλίγοις
3265 713 3472 783 ῥήμασι
3505 716 3688 767 πᾶσαν

2113 795 2311 865 ἀρετὴν
2328 796 2659 849 ἐκπαιδεύει’
2679 798 2737 849 οὐ
2760 797 2920 866 μόνον
2935 795 3040 868 γάρ
3055 797 3221 866 εὐχῆς
3242 798 3359 849 ἐστι
3372 796 3688 850 διδασκαλία

2113 879 2293 932 ἐκεῖνα
2316 880 2382 932 τά
2405 881 2798 951 ῥήματα,ἀλλά
2825 881 2918 934 καὶ
2942 880 3054 950 βίου
3085 880 3289 933 τελείου
3318 881 3686 948 παιδαγωγία.

2182 963 2390 1028 γ’.Τίνα
2420 963 2475 1016 δέ
2488 964 2808 1029 ἐστιταῦτα,
2835 965 2932 1020 καὶ
2946 964 3030 1027 τίς
3053 966 3086 1034 ἡ
3111 963 3313 1017 τούτων
3328 964 3524 1026 ἔννοια,
3551 964 3691 1033 μετὰ

2114 1047 2314 1115 πολλῆς
2336 1047 2620 1119 ἀκριϐείας
2648 1047 3016 1119 ἐξετάσωμεν,
3047 1047 3141 1101 καὶ
3174 1047 3250 1108 ώς
3288 1048 3463 1110 θείους
3490 1048 3707 1117 νόμους.

2112 1129 2370 1196 ἀσφαλῶς
2403 1133 2752 1202 τηρήσωμεν.
2785 1131 2975 1198 Πάτερ
3006 1129 3193 1199 ἡμῶν,
3222 1133 3254 1183 ό
3285 1129 3353 1182 ἐν
3375 1129 3498 1194 τοῖς
3522 1131 3690 1196 οὐρα·

2113 1212 2261 1278 νοῖς.
2285 1213 2349 1264 Ὢ
2380 1213 2520 1282 πόση
2544 1213 2645 1282 τῆς
2672 1213 3129 1284 φιλανθρωπίαςή
3158 1212 3256 1264 ὐπε
3269 1211 3460 1282 ρϐολήῑ
3489 1211 3533 1264 ὣ
3549 1212 3687 1280 πόση

2113 1295 2210 1364 τῆς
2241 1295 2602 1365 φιλοτιμίαςή
2631 1296 2901 1367 ὐπεροχήί
2931 1298 3080 1358 ποῖος
3112 1295 3336 1366 ἀρκέσει
3367 1294 3522 1362 λόγος
3555 1293 3691 1366 πρὸς

2114 1380 2462 1450 εὐχαριστίαν
2504 1379 2596 1432 τοῦ
2652 1380 2890 1432 τοσαῦτα
2933 1378 3272 1450 τπγγάζοντος
3305 1380 3435 1448 ἡμῖν
3470 1378 3688 1446 ἀγαθάς

2114 1463 2417 1531 Σκόπησον,
2446 1463 2719 1533 ἀγαπητέ,
2765 1463 2862 1532 τῆς
2895 1464 2992 1532 σῆς
3030 1463 3122 1516 καὶ
3159 1463 3258 1532 τῆς
3299 1462 3441 1531 ἐμῆς
3477 1461 3690 1530 φύσεως

2111 1545 2211 1607 τὴν
2260 1546 2553 1609 εὐτέλειαν,
2608 1546 2896 1616 ἐρεύνησον
2935 1548 3034 1614 τὴν
3069 1545 3404 1614 συγγένειαν,
3434 1544 3531 1614 τὴν
3564 1544 3688 1614 γῆν,

2113 1629 2203 1681 τὸν
2230 1628 2376 1699 χοῦν,
2412 1630 2502 1683 τὸν
2535 1631 2724 1701 πηλὸν,
2767 1631 2866 1700 τὴν
2902 1629 3144 1691 πλίνθον,
3182 1629 3284 1699 τὴν
3323 1629 3536 1681 σποδόν·
3581 1627 3692 1682 ἀπὸ

2112 1714 2220 1782 γάρ
2252 1714 2351 1782 τῆς
2373 1716 2476 1783 γῆς
2503 1715 2943 1777 διαπλασθέντες,
2987 1713 3146 1768 πάλιν
3177 1715 3258 1776 είς
3289 1713 3389 1783 τὴν
3409 1714 3511 1783 γῆν
3549 1714 3690 1783 μετά

2113 1795 2264 1858 τέλος
2292 1797 2614 1866 ἀναλύομεν.
2639 1797 2824 1850 Ταῦτα
2852 1794 2943 1850 οὖν
2972 1798 3230 1866 ἐννοήσας
3265 1796 3568 1864 ἐκπλάγηθι
3597 1797 3690 1849 τὸν

2113 1877 2512 1948 ἀνεξιχνίαστον
2541 1880 2766 1932 πλοῦτον
2785 1880 2884 1950 τῆς
2915 1880 3113 1950 πολλῆς
3141 1880 3267 1950 περὶ
3285 1880 3429 1948 ἡμᾶς
3445 1879 3536 1931 τοῦ
3554 1879 3689 1931 Θεοῦ

2114 1963 2468 2032 ἀγαθότητος,
2499 1964 2580 2015 ὅτι
2610 1963 2826 2034 Πατέρα
2861 1962 3045 2014 καλεῖν
3096 1961 3473 2032 προσετάχθης
3503 1962 3686 2022 αὐτὸν,

2114 2047 2141 2097 ό
2168 2047 2350 2115 γήϊνος
2376 2047 2465 2099 τὸν
2485 2047 2754 2118 οὐράνιον,
2787 2048 2815 2099 ό
2845 2045 3034 2116 θνητὸς
3051 2044 3140 2097 τὸν
3159 2044 3441 2106 ἀθάνατον,
3474 2047 3502 2097 ό
3526 2043 3692 2114 φθαρ-

2114 2129 2205 2191 τὸς
2235 2130 2324 2181 τὸν
2363 2129 2656 2200 ἄφθαρτον,
2693 2131 2720 2180 ὁ
2749 2129 3084 2200 πρόσκαιρος
3108 2128 3198 2180 τὸν
3223 2127 3462 2191 αἰώνιον,
3498 2129 3525 2180 ὁ
3562 2127 3690 2197 χθὲς

2115 2214 2208 2265 καὶ
2242 2213 2433 2282 πρώην
2480 2214 2670 2284 πηλὸς,
2717 2214 2808 2266 τὸν
2839 2213 2968 2266 ὄντα
3001 2213 3106 2284 πρὸ
3147 2212 3255 2264 τῶν
3294 2211 3502 2264 αἰώνων
3532 2211 3686 2265 Θεόν.

2128 2295 2265 2348 Ἀλλ’
2287 2297 2348 2348 οὐ
2375 2296 2550 2367 μάτην
2569 2295 2851 2366 ἐδιδάχθης
2879 2294 3082 2365 ταύτην
3107 2295 3326 2364 ἀφιέναι
3351 2294 3451 2365 τήν
3481 2293 3687 2362 φωνὴν,

2114 2382 2228 2434 ἀλλ’
2260 2383 2344 2435 ἵνα
2402 2382 2501 2453 τήν
2549 2383 2653 2435 ὐπὸ
2689 2383 2786 2452 τῆς
2830 2380 3077 2451 γλώττης
3136 2397 3228 2432 σου
3275 2377 3692 2450 προφερομένην

2114 2466 2206 2518 τοῦ
2231 2466 2444 2536 Πατρὸς
2473 2466 2768 2536 ὀνομασίαν
2815 2464 3152 2534 αἰδούμενος,
3202 2467 3340 2534 μιμῇ
3373 2463 3538 2516 αὐτοῦ
3590 2463 3691 2535 τὴν

2115 2550 2444 2620 ἀγαθότητα,
2472 2550 2546 2613 ὼς
2583 2549 2676 2602 καὶ
2729 2549 2962 2618 ἀλλαχοῦ
2996 2565 3148 2618 φησι·
3204 2547 3461 2601 Γίνεσθε
3501 2547 3691 2615 ὅμοιοι

2114 2633 2218 2686 τοῦ
2243 2635 2470 2700 Πατρός
2493 2632 2661 2701 ὑμῶν
2696 2632 2803 2685 τοῦ
2833 2634 2902 2685 ἐν
2934 2630 3232 2698 οὐρανοῖς,
3263 2629 3352 2683 ὅτι
3380 2629 3487 2684 τὸν
3515 2630 3692 2698 ἣλιον

2113 2717 2298 2770 αὑτοῦ
2330 2717 2647 2771 ἀνατέλλει
2698 2716 2793 2768 ἐπὶ
2821 2714 3123 2783 πονηροὺς
3149 2713 3245 2766 καὶ
3277 2713 3556 2782 ἀγαθοὺς,
3592 2717 3691 2768 καὶ

2107 2801 2314 2871 βρέχει
2364 2801 2462 2853 ἐπὶ
2512 2801 2780 2866 δικαίους
2810 2799 3190 2862 καίάδίκους.
3223 2799 3297 2851 Οὐ
3326 2797 3549 2853 δύναται
3582 2799 3692 2870 γάρ

2115 2886 2332 2956 Πατέρα
2362 2885 2547 2938 καλεῖν
2570 2884 2660 2936 τὸν
2685 2883 3064 2955 φιλάνθρωπον
3101 2882 3234 2934 Θεὸν
3263 2882 3417 2954 όετὴν
3465 2882 3692 2954 γνώμην

2113 2967 2251 3037 έχων
2284 2967 2523 3039 θηριώδη
2551 2967 2644 3019 καὶ
2676 2965 3070 3036 ἀπάνθρωπον
3101 2965 3222 3018 οὐδέ
3243 2966 3352 3036 γὰρ
3383 2967 3544 3029 σώζει
3565 2968 3691 3031 τούς

2113 3053 2464 3122 χαρακτῆρας
2491 3051 2616 3113 τοὺς
2643 3053 2701 3102 ἐν
2730 3050 2808 3120 τῷ
2835 3061 2856 3088 ο
2882 3047 3187 3119 ἐπουρανίῳ
3212 3049 3388 3120 Πατρὶ
3419 3050 3691 3120 ἀγαθότη-

2112 3152 2224 3198 τος,
2265 3135 2379 3187 ἀλλ’
2418 3136 2497 3197 εἰς
2522 3133 2583 3186 τὸ
2610 3134 2872 3204 θηριῶδες
2897 3127 3034 3195 εἶδος
3053 3131 3244 3184 ἐαυτὸν
3277 3133 3687 3202 μετεμόρφωσε.

2114 3222 2208 3274 καὶ
2229 3221 2327 3290 τῆς
2361 3219 2548 3290 θεῖκῆς
2581 3219 2860 3287 εὐγενείας
2885 3217 3128 3283 ἐξέπεσε,
3169 3217 3311 3271 κατὰ
3348 3217 3410 3270 τὸ
3453 3217 3558 3271 ὑπὸ
3595 3217 3690 3270 τοῦ

2115 3304 2274 3359 Δαυῒδ
2303 3305 2608 3375 εἰρημένον·
2627 3305 2970 3370 Ἀνθρωπος
2991 3303 3060 3354 ἐν
3073 3301 3213 3371 τιμῇ
3229 3303 3313 3356 ὢν
3338 3304 3411 3357 οὐ
3432 3302 3687 3371 συνῆκε,

2114 3386 2621 3456 παρασυνεϐλήθη
2660 3387 2783 3452 τοῖς
2817 3385 3069 3453 κτήνεσι
3105 3386 3230 3450 τοῖς
3264 3385 3563 3452 ἀνοήτοις,
3592 3387 3691 3439 καὶ

2113 3469 2374 3540 ὡμοιώθη
2409 3471 2630 3536 αὐτοῖς.
2662 3471 2830 3522 Ὅταν
2860 3469 2969 3540 γάρ
3000 3487 3085 3532 τις
3119 3471 3315 3539 σκιρτᾷ
3340 3470 3437 3537 μὲν
3463 3469 3538 3532 ὡς
3569 3468 3692 3522 ταῦ-

2120 3571 2232 3622 ρος,
2257 3552 2486 3624 λακτίζῃ
2528 3553 2585 3606 δέ
2625 3552 2700 3615 ὡς
2721 3553 2858 3616 ὄνος,
2887 3556 3196 3624 μνησικακῇ
3239 3553 3296 3605 δὲ
3323 3553 3398 3616 ὡς
3423 3553 3688 3622 κάμηλος,

2116 3638 2210 3690 καὶ
2243 3637 2629 3707 γαστριμαργῇ
2654 3634 2752 3706 μὲν
2779 3635 2854 3698 ὡς
2886 3635 3107 3706 ἄρκτος,
3144 3634 3364 3708 ἁρπάζῃ
3405 3636 3461 3688 δέ
3489 3636 3565 3699 ὡς
3595 3636 3692 3688 λύ-

2116 3737 2229 3785 κος,
2252 3720 2460 3791 πλήττῃ
2485 3719 2542 3772 δέ
2563 3718 2634 3781 ὡς
2652 3718 2928 3790 σκορπίος,
2955 3717 3182 3782 ὕπουλος
3197 3719 3254 3772 δέ
3334 3720 3409 3783 ὡς
3441 3719 3686 3789 ἀλώπηξ,

2114 3803 2409 3874 χρεμετίζῃ
2434 3803 2491 3855 δέ
2521 3802 2614 3854 ἐπὶ
2647 3800 2893 3868 γυναιξὶν
2913 3801 2989 3863 ώς
3027 3800 3192 3865 ἵππος
3221 3802 3553 3874 θηλυμανὴς,
3572 3804 3692 3866 πῶς

2114 3886 2332 3939 δύναται
2361 3888 2390 3938 ό
2431 3885 2668 3946 τοιοῦτος
2711 3883 2811 3954 τήν
2860 3882 2962 3952 υἱῷ
3011 3883 3328 3954 πρέπουσαν
3369 3886 3690 3956 ἀναπέμψαι

2117 3968 2319 4040 φωνήν,
2351 3968 2448 4021 καὶ
2493 3965 2712 4038 Πατέρα
2751 3966 2944 4020 ἑαυτοῦ
2968 3967 3154 4020 καλεῖν
3187 3967 3276 4020 τὸν
3299 3967 3464 4030 Θεόν;
3509 3971 3574 4022 Τί
3596 3966 3690 4023 οὖν

2115 4050 2472 4120 ὀνομάζεσθαι
2520 4051 2622 4120 χρὴ
2681 4051 2772 4103 τὸν
2808 4049 3081 4114 τοιοῦτον;
3137 4049 3367 4121 Θηρίον;
3418 4051 3580 4104 Ἀλλά
3621 4052 3693 4106 τὰ

2116 4137 2279 4208 θηρία
2305 4137 2385 4188 ἐνὶ
2407 4135 2613 4190 τούτων
2653 4136 2763 4189 τῶν
2806 4135 3204 4205 ἐλαττωμάτων
3250 4136 3559 4206 κατέχεταιο
3599 4133 3691 4192 οῦ-

2113 4233 2207 4278 τος
2252 4215 2309 4268 δὲ
2335 4215 2511 4268 πάντα
2540 4212 2862 4282 συναγαγὼν
2912 4215 2970 4266 ἐν
2992 4211 3190 4283 ὲαυτῷ,
3216 4215 3310 4266 καὶ
3342 4215 3440 4284 τῆς
3467 4215 3692 4267 ἐκείνων

2116 4294 2341 4362 ἀλογίας
2396 4292 2619 4361 γέγονεν
2658 4292 3016 4364 ἀλογώτερος.
3053 4293 3165 4346 Καὶ
3199 4294 3251 4346 τί
3295 4292 3438 4362 λέγω
3471 4295 3689 4364 θηρίον;

2116 4373 2315 4445 Θηρίου
2340 4373 2540 4435 παντὸς
2563 4371 2942 4444 χαλεπώτερός
2971 4373 3119 4426 ἐστιν
3145 4374 3442 4436 ότοιοῦτος.
3478 4373 3692 4426 Ἐκεῖνα

2120 4455 2216 4523 μὲν
2231 4453 2357 4522 γάρ,
2397 4453 2575 4505 καίτοι
2603 4452 2745 4506 κατὰ
2771 4453 2932 4520 φύσιν
2961 4454 3128 4524 ἀγρια
3162 4452 3313 4516 ὂντα,
3344 4452 3690 4523 ἀνθρωπίνης

2116 4532 2496 4586 ἀπολαύσαντα
2525 4531 2741 4602 τέχνης,
2767 4533 2952 4603 ἥμερα
2980 4532 3238 4594 πολλάκις
3265 4531 3493 4598 γίνεται·
3537 4525 3692 4594 οὗτος

2115 4613 2190 4674 δὲ,
2222 4612 2506 4682 ἅνθρωπος
2537 4612 2633 4674 ῶν,
2653 4613 2746 4666 καὶ
2767 4612 2863 4683 τὴν
2901 4611 3122 4665 ἐκείνων
3147 4610 3445 4682 ἀγριότητα
3477 4610 3574 4680 τὴν
3599 4627 3694 4662 κα-

2116 4693 2184 4744 τά
2214 4690 2374 4758 φύσιν
2424 4693 2504 4753 εἰς
2550 4691 2649 4761 τὴν
2693 4691 3008 4761 ἡμερότητα
3044 4685 3360 4758 μεταϐαλὼν
3395 4688 3492 4756 τὴν
3539 4687 3692 4758 παρά

2119 4770 2300 4838 φύσιν,
2327 4767 2484 4821 ποίαν
2530 4768 2642 4831 ἐξει
2690 4768 3010 4835 ἀπολογίαν,
3039 4767 3136 4837 τὴν
3165 4765 3357 4818 ἐαυτοῦ
3406 4765 3692 4836 πραότητα

2115 4849 2214 4917 τὴν
2246 4847 2387 4900 κατά
2416 4847 2577 4915 φύσιν
2611 4849 2689 4910 είς
2719 4847 3015 4918 ἀγριότητα
3059 4845 3268 4912 ἐξάγων
3296 4843 3392 4914 τὴν
3419 4844 3568 4914 παρά
3592 4843 3692 4912 φύ-

2120 4942 2224 4992 σιν,
2249 4925 2418 4978 καὶτὸ
2437 4927 2535 4996 μὲν
2566 4926 2756 4998 ἄγριον
2783 4926 2940 4995 φύσει
2971 4925 3137 4978 ποιῶν
3157 4927 3384 4995 ἥμερον,
3419 4924 3610 4976 ἐαυτὸν
3632 4924 3691 4976 δὲ

2115 5006 2207 5058 τὸν
2231 5004 2345 5076 [9.9]
2371 5006 2574 5077 ἥμερον
2601 5006 2759 5076 φύσει
2787 5005 2956 5056 ποιῶν
2989 5003 3209 5074 ἀγριον;
3243 5003 3338 5056 καὶ
3373 5002 3560 5056 λέοντα
3592 5003 3691 5072 μὲν

2115 5084 2473 5146 τιθασσεύων,
2522 5086 2616 5137 καὶ
2657 5081 2914 5154 χειροήθη
2948 5081 3139 5143 ποιῶν,
3179 5081 3270 5133 τὸν
3293 5081 3348 5134 δέ
3385 5081 3552 5151 θυμὸν
3598 5079 3690 5133 τὸν

2119 5163 2247 5216 ἴδιον
2276 5163 2488 5224 λέοντος
2536 5159 2960 5223 κατασκευάζων
3002 5159 3028 5198 d
3077 5159 3441 5229 ἁγριώτερον;
3496 5158 3690 5214 Καίτοι

2115 5244 2231 5294 ἐκεῖ
2255 5241 2346 5293 δύο
2383 5242 2499 5292 ἐστὶ
2525 5239 2844 5309 κωλύματα,
2876 5236 3050 5290 καὶτὸ
3075 5235 3337 5306 λογισμοῦ
3364 5237 3688 5306 ἐστερῆσθαι

2114 5321 2174 5372 τὸ
2215 5319 2419 5388 θηρίον,
2465 5320 2556 5371 καὶ
2585 5318 2646 5370 τὸ
2676 5317 2891 5371 πάντων
2920 5315 3057 5368 εἶναι
3113 5315 3541 5385 θυμωδέστερον·
3572 5315 3688 5367 ἀλλ’

2114 5403 2260 5470 ὅμως
2289 5399 2375 5451 διὰ
2403 5399 2501 5467 τῆς
2547 5397 2697 5468 παρὰ
2739 5395 2835 5448 τοῦ
2869 5395 3003 5449 Θεοῦ
3051 5392 3294 5461 δοθείσης
3341 5393 3550 5461 σοφίας,
3595 5395 3690 5447 καὶ

2113 5481 2210 5548 τῆς
2255 5476 2549 5549 θηριώδους
2604 5476 2942 5547 περιγίνεται
2983 5473 3218 5543 φύσεως.
3259 5473 3369 5525 Καὶ
3397 5474 3425 5524 ὁ
3455 5475 3546 5525 ἐπὶ
3579 5473 3688 5525 τῶν

2114 5559 2316 5631 θηρίων
2344 5558 2440 5628 τὴν
2459 5557 2619 5626 φύσιν
2640 5556 2827 5619 νικῶν,
2854 5557 2938 5624 ἐφ’
2972 5554 3165 5606 ἐαυτοῦ
3185 5552 3321 5623 μετά
3348 5553 3446 5622 τῆς
3475 5551 3688 5631 φύσεως

2115 5629 2205 5691 καὶ
2241 5638 2300 5690 τὸ
2338 5637 2437 5706 τῆς
2470 5635 2842 5706 προαιρέσεως
2872 5633 3133 5686 ἀπόλλυσι
3165 5632 3346 5684 καλόνο
3378 5632 3472 5684 καὶ
3499 5629 3688 5684 λέοντα

2179 5724 2200 5782 (ξ
2225 5721 2359 5782 Lege
2376 5720 2484 5774 τοὺς
2500 5735 2609 5782 χαρ,
2640 5725 2724 5774 τῆς
2744 5718 2790 5765 ἐν
2817 5719 2902 5779 τῷ.
2927 5717 3065 5782 Εοιτ.

2179 5781 2202 5818 δ
2245 5775 2354 5830 Μξ8.
2400 5775 2532 5829 ἴδιον’
2557 5775 2742 5833 λέοντος
2766 5775 2967 5826 κατασκ.
2996 5776 3048 5823 In
3093 5776 3262 5823 More].
3290 5781 3340 5822 Pt
3377 5775 3522 5825 Savil.
3559 5775 3688 5821 λέον-

2114 5861 2192 5900 τος
2241 5846 2403 5903 deesl,
2431 5843 2516 5891 sed
2544 5841 2601 5891 ad
2624 5839 2802 5889 seriem
2835 5841 3080 5901 pertinere
3119 5839 3326 5889 videtur.
