  <div class='ocr_page' id='page_1' title='image "/cluster/home/n/w/nwhite01/storage/ocr_20150623/51/nnc1.0046978275/045.png"; bbox 0 0 4010 6342; ppageno 0'>
   <div class='ocr_carea' id='block_1_1' title="bbox 330 288 3584 397">
    <p class='ocr_par' dir='ltr' id='par_1_1' title="bbox 330 288 3584 397">
     <span class='ocr_line' id='line_1_1' title="bbox 330 288 3584 397; baseline 0.008 -19"><span class='ocrx_word' id='word_1_1' title='bbox 330 345 398 397; x_wconf 52' lang='grc' dir='ltr'>,ιδ</span> <span class='ocrx_word' id='word_1_2' title='bbox 529 288 538 300; x_wconf 78' lang='grc'><em>’</em></span> <span class='ocrx_word' id='word_1_3' title='bbox 996 337 1052 389; x_wconf 85' lang='lat' dir='ltr'>s.</span> <span class='ocrx_word' id='word_1_4' title='bbox 1083 334 1370 391; x_wconf 76' lang='lat' dir='ltr'>J().\NNIS</span> <span class='ocrx_word' id='word_1_5' title='bbox 1403 328 1904 388; x_wconf 68' lang='lat' dir='ltr'>cmwsosmm</span> <span class='ocrx_word' id='word_1_6' title='bbox 1946 323 2264 388; x_wconf 77' lang='lat' dir='ltr'>ARCIHEP.</span> <span class='ocrx_word' id='word_1_7' title='bbox 2294 331 2846 394; x_wconf 75' lang='lat' dir='ltr'>CONSTANTINOP.</span> <span class='ocrx_word' id='word_1_8' title='bbox 3511 339 3584 394; x_wconf 72' lang='grc' dir='ltr'>ω</span> 
     </span>
    </p>
   </div>
   <div class='ocr_carea' id='block_1_2' title="bbox 329 447 1900 538">
    <p class='ocr_par' dir='ltr' id='par_1_2' title="bbox 329 447 1900 538">
     <span class='ocr_line' id='line_1_2' title="bbox 329 447 1900 538; baseline -0.012 -21"><span class='ocrx_word' id='word_1_9' title='bbox 329 463 429 538; x_wconf 78' lang='grc' dir='ltr'>μὲν</span> <span class='ocrx_word' id='word_1_10' title='bbox 462 459 603 512; x_wconf 86' lang='grc' dir='ltr'>ποιεῖ</span> <span class='ocrx_word' id='word_1_11' title='bbox 634 456 939 528; x_wconf 82' lang='grc' dir='ltr'>ἄνθρωπον,</span> <span class='ocrx_word' id='word_1_12' title='bbox 968 453 1158 506; x_wconf 73' lang='grc' dir='ltr'>ἑαυτὸν</span> <span class='ocrx_word' id='word_1_13' title='bbox 1182 453 1236 505; x_wconf 78' lang='grc' dir='ltr'>δὲ</span> <span class='ocrx_word' id='word_1_14' title='bbox 1265 453 1496 522; x_wconf 80' lang='grc' dir='ltr'>περιορᾷ</span> <span class='ocrx_word' id='word_1_15' title='bbox 1526 449 1584 513; x_wconf 82' lang='grc' dir='ltr'>ἐξ</span> <span class='ocrx_word' id='word_1_16' title='bbox 1614 447 1900 519; x_wconf 83' lang='grc' dir='ltr'>ἀνθρώπου</span> 
     </span>
    </p>
   </div>
   <div class='ocr_carea' id='block_1_3' title="bbox 325 531 1904 618">
    <p class='ocr_par' dir='ltr' id='par_1_3' title="bbox 325 531 1904 618">
     <span class='ocr_line' id='line_1_3' title="bbox 325 531 1904 618; baseline -0.012 -18"><span class='ocrx_word' id='word_1_17' title='bbox 325 531 606 618; x_wconf 76' lang='grc' dir='ltr'>γινόμενον</span> <span class='ocrx_word' id='word_1_18' title='bbox 641 540 850 592; x_wconf 85' lang='grc' dir='ltr'>λέοντα·</span> <span class='ocrx_word' id='word_1_19' title='bbox 881 537 975 590; x_wconf 73' lang='grc' dir='ltr'>καὶ</span> <span class='ocrx_word' id='word_1_20' title='bbox 998 537 1192 606; x_wconf 79' lang='grc' dir='ltr'>ἐκείνῳ</span> <span class='ocrx_word' id='word_1_21' title='bbox 1229 537 1327 606; x_wconf 71' lang='grc' dir='ltr'>μὲν</span> <span class='ocrx_word' id='word_1_22' title='bbox 1358 534 1428 587; x_wconf 75' lang='grc' dir='ltr'>τὰ</span> <span class='ocrx_word' id='word_1_23' title='bbox 1456 535 1595 604; x_wconf 72' lang='grc' dir='ltr'>ὑπὲρ</span> <span class='ocrx_word' id='word_1_24' title='bbox 1624 531 1784 601; x_wconf 80' lang='grc' dir='ltr'>φύσιν</span> <span class='ocrx_word' id='word_1_25' title='bbox 1814 548 1904 598; x_wconf 77' lang='grc' dir='ltr'>χα-</span> 
     </span>
    </p>
   </div>
   <div class='ocr_carea' id='block_1_4' title="bbox 327 597 1904 702">
    <p class='ocr_par' dir='ltr' id='par_1_4' title="bbox 327 597 1904 702">
     <span class='ocr_line' id='line_1_4' title="bbox 327 597 1904 702; baseline -0.012 -20"><span class='ocrx_word' id='word_1_26' title='bbox 327 597 552 702; x_wconf 68' lang='grc' dir='ltr'>ρίζεται,</span> <span class='ocrx_word' id='word_1_27' title='bbox 585 623 760 694; x_wconf 81' lang='grc' dir='ltr'>ἐαυτῷ</span> <span class='ocrx_word' id='word_1_28' title='bbox 791 623 847 674; x_wconf 89' lang='grc' dir='ltr'>δέ</span> <span class='ocrx_word' id='word_1_29' title='bbox 876 621 995 675; x_wconf 86' lang='grc' dir='ltr'>ούδέ</span> <span class='ocrx_word' id='word_1_30' title='bbox 1014 621 1080 674; x_wconf 79' lang='grc' dir='ltr'>τὰ</span> <span class='ocrx_word' id='word_1_31' title='bbox 1102 621 1243 674; x_wconf 73' lang='grc' dir='ltr'>κατὰ</span> <span class='ocrx_word' id='word_1_32' title='bbox 1273 620 1430 688; x_wconf 84' lang='grc' dir='ltr'>φύσιν</span> <span class='ocrx_word' id='word_1_33' title='bbox 1464 619 1761 688; x_wconf 76' lang='grc' dir='ltr'>πορίζεται.</span> <span class='ocrx_word' id='word_1_34' title='bbox 1783 613 1904 675; x_wconf 88' lang='grc' dir='ltr'>Πῶς</span> 
     </span>
    </p>
   </div>
   <div class='ocr_carea' id='block_1_5' title="bbox 323 697 1903 774">
    <p class='ocr_par' dir='ltr' id='par_1_5' title="bbox 323 697 1903 774">
     <span class='ocr_line' id='line_1_5' title="bbox 323 697 1903 774; baseline -0.011 -9"><span class='ocrx_word' id='word_1_35' title='bbox 323 697 503 766; x_wconf 72' lang='grc' dir='ltr'>τοίνυν</span> <span class='ocrx_word' id='word_1_36' title='bbox 535 711 563 762; x_wconf 98' lang='lat'>6</span> <span class='ocrx_word' id='word_1_37' title='bbox 596 707 838 769; x_wconf 84' lang='grc' dir='ltr'>τοιοῦτος</span> <span class='ocrx_word' id='word_1_38' title='bbox 857 706 1144 774; x_wconf 86' lang='grc' dir='ltr'>δυνήσεται</span> <span class='ocrx_word' id='word_1_39' title='bbox 1175 704 1393 774; x_wconf 82' lang='grc' dir='ltr'>Πατέρα</span> <span class='ocrx_word' id='word_1_40' title='bbox 1432 701 1615 754; x_wconf 84' lang='grc' dir='ltr'>καλεῖν</span> <span class='ocrx_word' id='word_1_41' title='bbox 1635 697 1724 751; x_wconf 80' lang='grc' dir='ltr'>τὸν</span> <span class='ocrx_word' id='word_1_42' title='bbox 1740 697 1903 759; x_wconf 87' lang='grc' dir='ltr'>Θεόν;</span> 
     </span>
    </p>
   </div>
   <div class='ocr_carea' id='block_1_6' title="bbox 336 781 1909 865">
    <p class='ocr_par' dir='ltr' id='par_1_6' title="bbox 336 781 1909 865">
     <span class='ocr_line' id='line_1_6' title="bbox 336 781 1909 865; baseline -0.011 -16"><span class='ocrx_word' id='word_1_43' title='bbox 336 797 396 848; x_wconf 87' lang='lat'>&#39;0</span> <span class='ocrx_word' id='word_1_44' title='bbox 432 795 616 865; x_wconf 86' lang='grc' dir='ltr'>μέντοι</span> <span class='ocrx_word' id='word_1_45' title='bbox 646 791 775 862; x_wconf 82' lang='grc' dir='ltr'>περί</span> <span class='ocrx_word' id='word_1_46' title='bbox 817 789 944 852; x_wconf 79' lang='grc' dir='ltr'>τοὺς</span> <span class='ocrx_word' id='word_1_47' title='bbox 983 788 1208 857; x_wconf 76' lang='grc' dir='ltr'>πλησίον</span> <span class='ocrx_word' id='word_1_48' title='bbox 1239 790 1443 860; x_wconf 72' lang='grc' dir='ltr'>ἥμερος</span> <span class='ocrx_word' id='word_1_49' title='bbox 1471 786 1566 840; x_wconf 73' lang='grc' dir='ltr'>καὶ</span> <span class='ocrx_word' id='word_1_50' title='bbox 1603 781 1909 853; x_wconf 76' lang='grc' dir='ltr'>φιλάνθρωο</span> 
     </span>
    </p>
   </div>
   <div class='ocr_carea' id='block_1_7' title="bbox 325 865 1903 942">
    <p class='ocr_par' dir='ltr' id='par_1_7' title="bbox 325 865 1903 942">
     <span class='ocr_line' id='line_1_7' title="bbox 325 865 1903 942; baseline -0.01 -10"><span class='ocrx_word' id='word_1_51' title='bbox 325 895 447 942; x_wconf 87' lang='grc' dir='ltr'>πος,</span> <span class='ocrx_word' id='word_1_52' title='bbox 478 878 572 931; x_wconf 76' lang='grc' dir='ltr'>καὶ</span> <span class='ocrx_word' id='word_1_53' title='bbox 599 875 727 937; x_wconf 84' lang='grc' dir='ltr'>τοὺς</span> <span class='ocrx_word' id='word_1_54' title='bbox 751 875 830 934; x_wconf 84' lang='grc' dir='ltr'>εἰς</span> <span class='ocrx_word' id='word_1_55' title='bbox 865 871 1026 924; x_wconf 82' lang='grc' dir='ltr'>αὐτὸν</span> <span class='ocrx_word' id='word_1_56' title='bbox 1065 870 1520 942; x_wconf 77' lang='grc' dir='ltr'>πλημμελοῦντας</span> <span class='ocrx_word' id='word_1_57' title='bbox 1569 869 1669 922; x_wconf 82' lang='grc' dir='ltr'>οὐκ</span> <span class='ocrx_word' id='word_1_58' title='bbox 1697 865 1903 936; x_wconf 81' lang='grc' dir='ltr'>ἀμυνό-</span> 
     </span>
    </p>
   </div>
   <div class='ocr_carea' id='block_1_8' title="bbox 330 949 1903 1034">
    <p class='ocr_par' dir='ltr' id='par_1_8' title="bbox 330 949 1903 1034">
     <span class='ocr_line' id='line_1_8' title="bbox 330 949 1903 1034; baseline -0.01 -19"><span class='ocrx_word' id='word_1_59' title='bbox 330 978 508 1034; x_wconf 84' lang='grc' dir='ltr'>μενος,</span> <span class='ocrx_word' id='word_1_60' title='bbox 533 958 647 1013; x_wconf 77' lang='grc' dir='ltr'>ἀλλ’</span> <span class='ocrx_word' id='word_1_61' title='bbox 677 955 1019 1026; x_wconf 78' lang='grc' dir='ltr'>εὐεργεσίαις</span> <span class='ocrx_word' id='word_1_62' title='bbox 1053 956 1151 1018; x_wconf 79' lang='grc' dir='ltr'>τὰς</span> <span class='ocrx_word' id='word_1_63' title='bbox 1181 955 1392 1018; x_wconf 80' lang='grc' dir='ltr'>ἀδικίας</span> <span class='ocrx_word' id='word_1_64' title='bbox 1435 951 1816 1023; x_wconf 80' lang='grc' dir='ltr'>ἀμειϐόμενος,</span> <span class='ocrx_word' id='word_1_65' title='bbox 1843 949 1903 1001; x_wconf 91' lang='grc' dir='ltr'>οὐ</span> 
     </span>
    </p>
   </div>
   <div class='ocr_carea' id='block_1_9' title="bbox 327 1034 1903 1114">
    <p class='ocr_par' dir='ltr' id='par_1_9' title="bbox 327 1034 1903 1114">
     <span class='ocr_line' id='line_1_9' title="bbox 327 1034 1903 1114; baseline -0.008 -16"><span class='ocrx_word' id='word_1_66' title='bbox 327 1043 715 1114; x_wconf 79' lang='grc' dir='ltr'>κατακρίνεται</span> <span class='ocrx_word' id='word_1_67' title='bbox 745 1043 964 1112; x_wconf 89' lang='grc' dir='ltr'>Πατέρα</span> <span class='ocrx_word' id='word_1_68' title='bbox 987 1038 1167 1094; x_wconf 90' lang='grc' dir='ltr'>καλῶν</span> <span class='ocrx_word' id='word_1_69' title='bbox 1189 1039 1279 1092; x_wconf 87' lang='grc' dir='ltr'>τὸν</span> <span class='ocrx_word' id='word_1_70' title='bbox 1307 1037 1460 1091; x_wconf 84' lang='grc' dir='ltr'>Θεόν.</span> <span class='ocrx_word' id='word_1_71' title='bbox 1490 1037 1729 1107; x_wconf 76' lang='grc' dir='ltr'>Πρόσεχε</span> <span class='ocrx_word' id='word_1_72' title='bbox 1755 1034 1811 1087; x_wconf 82' lang='grc' dir='ltr'>δὲ</span> <span class='ocrx_word' id='word_1_73' title='bbox 1837 1036 1903 1105; x_wconf 83' lang='grc' dir='ltr'>τῇ</span> 
     </span>
    </p>
   </div>
   <div class='ocr_carea' id='block_1_10' title="bbox 327 1117 1905 1197">
    <p class='ocr_par' dir='ltr' id='par_1_10' title="bbox 327 1117 1905 1197">
     <span class='ocr_line' id='line_1_10' title="bbox 327 1117 1905 1197; baseline -0.008 -18"><span class='ocrx_word' id='word_1_74' title='bbox 327 1126 584 1197; x_wconf 65' lang='grc' dir='ltr'>ἀκριῦεία</span> <span class='ocrx_word' id='word_1_75' title='bbox 615 1123 708 1177; x_wconf 88' lang='grc' dir='ltr'>τοῦ</span> <span class='ocrx_word' id='word_1_76' title='bbox 735 1124 916 1194; x_wconf 84' lang='grc' dir='ltr'>λόγου,</span> <span class='ocrx_word' id='word_1_77' title='bbox 947 1123 1064 1186; x_wconf 90' lang='grc' dir='ltr'>πῶς</span> <span class='ocrx_word' id='word_1_78' title='bbox 1099 1124 1230 1192; x_wconf 83' lang='grc' dir='ltr'>ἡμῖν</span> <span class='ocrx_word' id='word_1_79' title='bbox 1260 1121 1539 1191; x_wconf 85' lang='grc' dir='ltr'>νομοθετεῖ</span> <span class='ocrx_word' id='word_1_80' title='bbox 1565 1119 1625 1172; x_wconf 82' lang='grc' dir='ltr'>τὸ</span> <span class='ocrx_word' id='word_1_81' title='bbox 1649 1117 1905 1188; x_wconf 85' lang='grc' dir='ltr'>φιλάλλη-</span> 
     </span>
    </p>
   </div>
   <div class='ocr_carea' id='block_1_11' title="bbox 321 1202 1902 1279">
    <p class='ocr_par' dir='ltr' id='par_1_11' title="bbox 321 1202 1902 1279">
     <span class='ocr_line' id='line_1_11' title="bbox 321 1202 1902 1279; baseline -0.008 -15"><span class='ocrx_word' id='word_1_82' title='bbox 321 1211 437 1276; x_wconf 91' lang='grc' dir='ltr'>λον,</span> <span class='ocrx_word' id='word_1_83' title='bbox 471 1210 566 1263; x_wconf 76' lang='grc' dir='ltr'>καὶ</span> <span class='ocrx_word' id='word_1_84' title='bbox 590 1210 671 1272; x_wconf 82' lang='grc' dir='ltr'>εἰς</span> <span class='ocrx_word' id='word_1_85' title='bbox 705 1208 1053 1279; x_wconf 83' lang='grc' dir='ltr'>ἀγαπητικὴν</span> <span class='ocrx_word' id='word_1_86' title='bbox 1079 1205 1325 1268; x_wconf 77' lang='grc' dir='ltr'>’ἅπαντας</span> <span class='ocrx_word' id='word_1_87' title='bbox 1359 1204 1619 1258; x_wconf 79' lang='grc' dir='ltr'>συνάπτει</span> <span class='ocrx_word' id='word_1_88' title='bbox 1644 1202 1902 1256; x_wconf 90' lang='grc' dir='ltr'>διάθεσιν.</span> 
     </span>
    </p>
   </div>
   <div class='ocr_carea' id='block_1_12' title="bbox 325 1289 1902 1366">
    <p class='ocr_par' dir='ltr' id='par_1_12' title="bbox 325 1289 1902 1366">
     <span class='ocr_line' id='line_1_12' title="bbox 325 1289 1902 1366; baseline -0.008 -15"><span class='ocrx_word' id='word_1_89' title='bbox 325 1299 404 1350; x_wconf 90' lang='grc' dir='ltr'>Οὐ</span> <span class='ocrx_word' id='word_1_90' title='bbox 428 1297 536 1366; x_wconf 84' lang='grc' dir='ltr'>γὰρ</span> <span class='ocrx_word' id='word_1_91' title='bbox 557 1293 774 1348; x_wconf 85' lang='grc' dir='ltr'>ἐκέλευε</span> <span class='ocrx_word' id='word_1_92' title='bbox 804 1293 1001 1360; x_wconf 87' lang='grc' dir='ltr'>λέγειν,</span> <span class='ocrx_word' id='word_1_93' title='bbox 1024 1291 1206 1360; x_wconf 86' lang='grc' dir='ltr'>Πάτερ</span> <span class='ocrx_word' id='word_1_94' title='bbox 1230 1307 1353 1360; x_wconf 91' lang='grc' dir='ltr'>μου,</span> <span class='ocrx_word' id='word_1_95' title='bbox 1382 1293 1410 1343; x_wconf 85' lang='lat'>6</span> <span class='ocrx_word' id='word_1_96' title='bbox 1425 1293 1481 1343; x_wconf 88' lang='grc' dir='ltr'>ἐν</span> <span class='ocrx_word' id='word_1_97' title='bbox 1506 1291 1616 1353; x_wconf 90' lang='grc' dir='ltr'>τοῖς</span> <span class='ocrx_word' id='word_1_98' title='bbox 1635 1289 1902 1358; x_wconf 82' lang='grc' dir='ltr'>οὐρανοῖς,</span> 
     </span>
    </p>
   </div>
   <div class='ocr_carea' id='block_1_13' title="bbox 324 1369 1906 1446">
    <p class='ocr_par' dir='ltr' id='par_1_13' title="bbox 324 1369 1906 1446">
     <span class='ocr_line' id='line_1_13' title="bbox 324 1369 1906 1446; baseline -0.009 -12"><span class='ocrx_word' id='word_1_99' title='bbox 324 1379 481 1445; x_wconf 82' lang='grc' dir='ltr'>ἀλλὰ,</span> <span class='ocrx_word' id='word_1_100' title='bbox 506 1377 698 1446; x_wconf 82' lang='grc' dir='ltr'>Πάτερ</span> <span class='ocrx_word' id='word_1_101' title='bbox 726 1375 914 1446; x_wconf 82' lang='grc' dir='ltr'>ήμῶν,</span> <span class='ocrx_word' id='word_1_102' title='bbox 939 1379 972 1430; x_wconf 83' lang='grc' dir='ltr'>ό</span> <span class='ocrx_word' id='word_1_103' title='bbox 1011 1376 1082 1428; x_wconf 83' lang='grc' dir='ltr'>ὲν</span> <span class='ocrx_word' id='word_1_104' title='bbox 1125 1373 1247 1439; x_wconf 87' lang='grc' dir='ltr'>τοῖς</span> <span class='ocrx_word' id='word_1_105' title='bbox 1273 1373 1568 1442; x_wconf 80' lang='grc' dir='ltr'>οὐρανοῖς,</span> <span class='ocrx_word' id='word_1_106' title='bbox 1617 1372 1707 1426; x_wconf 75' lang='grc' dir='ltr'>ἵνα</span> <span class='ocrx_word' id='word_1_107' title='bbox 1730 1369 1906 1423; x_wconf 83' lang='grc' dir='ltr'>κοινὸν</span> 
     </span>
    </p>
   </div>
   <div class='ocr_carea' id='block_1_14' title="bbox 329 1452 1907 1532">
    <p class='ocr_par' dir='ltr' id='par_1_14' title="bbox 329 1452 1907 1532">
     <span class='ocr_line' id='line_1_14' title="bbox 329 1452 1907 1532; baseline -0.008 -16"><span class='ocrx_word' id='word_1_108' title='bbox 329 1464 548 1531; x_wconf 78' lang='grc' dir='ltr'>Πατέρα</span> <span class='ocrx_word' id='word_1_109' title='bbox 569 1461 712 1532; x_wconf 74' lang='grc' dir='ltr'>ἔχειν</span> <span class='ocrx_word' id='word_1_110' title='bbox 740 1458 1096 1529; x_wconf 80' lang='grc' dir='ltr'>διδαχθέντες,</span> <span class='ocrx_word' id='word_1_111' title='bbox 1135 1456 1426 1524; x_wconf 74' lang='grc' dir='ltr'>ἀδελφικὴν</span> <span class='ocrx_word' id='word_1_112' title='bbox 1470 1453 1604 1525; x_wconf 66' lang='grc' dir='ltr'>πρὸς</span> <span class='ocrx_word' id='word_1_113' title='bbox 1643 1452 1907 1522; x_wconf 81' lang='grc' dir='ltr'>ἀλλήλους</span> 
     </span>
    </p>
   </div>
   <div class='ocr_carea' id='block_1_15' title="bbox 325 1536 1907 1616">
    <p class='ocr_par' dir='ltr' id='par_1_15' title="bbox 325 1536 1907 1616">
     <span class='ocr_line' id='line_1_15' title="bbox 325 1536 1907 1616; baseline -0.009 -15"><span class='ocrx_word' id='word_1_114' title='bbox 325 1545 661 1616; x_wconf 89' lang='grc' dir='ltr'>δεικνύωμεν</span> <span class='ocrx_word' id='word_1_115' title='bbox 686 1543 918 1597; x_wconf 80' lang='grc' dir='ltr'>εὐνοιαν.</span> <span class='ocrx_word' id='word_1_116' title='bbox 954 1537 1088 1596; x_wconf 71' lang='grc' dir='ltr'>Εἶτα</span> <span class='ocrx_word' id='word_1_117' title='bbox 1112 1541 1379 1595; x_wconf 81' lang='grc' dir='ltr'>διδάσκων</span> <span class='ocrx_word' id='word_1_118' title='bbox 1409 1540 1554 1609; x_wconf 82' lang='grc' dir='ltr'>ἡμᾶς</span> <span class='ocrx_word' id='word_1_119' title='bbox 1588 1536 1907 1590; x_wconf 82' lang='grc' dir='ltr'>καταλιπεῖν</span> 
     </span>
    </p>
   </div>
   <div class='ocr_carea' id='block_1_16' title="bbox 325 1621 1904 1702">
    <p class='ocr_par' dir='ltr' id='par_1_16' title="bbox 325 1621 1904 1702">
     <span class='ocr_line' id='line_1_16' title="bbox 325 1621 1904 1702; baseline -0.009 -17"><span class='ocrx_word' id='word_1_120' title='bbox 325 1631 426 1702; x_wconf 79' lang='grc' dir='ltr'>τὴν</span> <span class='ocrx_word' id='word_1_121' title='bbox 455 1630 557 1700; x_wconf 83' lang='grc' dir='ltr'>γῆν</span> <span class='ocrx_word' id='word_1_122' title='bbox 588 1628 684 1682; x_wconf 73' lang='grc' dir='ltr'>καὶ</span> <span class='ocrx_word' id='word_1_123' title='bbox 706 1627 773 1680; x_wconf 82' lang='grc' dir='ltr'>τὰ</span> <span class='ocrx_word' id='word_1_124' title='bbox 799 1625 931 1697; x_wconf 86' lang='grc' dir='ltr'>περί¹</span> <span class='ocrx_word' id='word_1_125' title='bbox 958 1626 1062 1696; x_wconf 85' lang='grc' dir='ltr'>γῆν</span> <span class='ocrx_word' id='word_1_126' title='bbox 1093 1638 1142 1691; x_wconf 78' lang='grc' dir='ltr'>ιι,</span> <span class='ocrx_word' id='word_1_127' title='bbox 1180 1625 1273 1677; x_wconf 80' lang='grc' dir='ltr'>καὶ</span> <span class='ocrx_word' id='word_1_128' title='bbox 1308 1623 1381 1693; x_wconf 84' lang='grc' dir='ltr'>μὴ</span> <span class='ocrx_word' id='word_1_129' title='bbox 1417 1621 1703 1691; x_wconf 83' lang='grc' dir='ltr'>κεχηνέναι</span> <span class='ocrx_word' id='word_1_130' title='bbox 1733 1621 1904 1702; x_wconf 78' lang='grc' dir='ltr'>κάτω,</span> 
     </span>
    </p>
   </div>
   <div class='ocr_carea' id='block_1_17' title="bbox 326 1701 1908 1782">
    <p class='ocr_par' dir='ltr' id='par_1_17' title="bbox 326 1701 1908 1782">
     <span class='ocr_line' id='line_1_17' title="bbox 326 1701 1908 1782; baseline -0.009 -15"><span class='ocrx_word' id='word_1_131' title='bbox 326 1701 464 1767; x_wconf 86' lang='grc' dir='ltr'>ἀλλά</span> <span class='ocrx_word' id='word_1_132' title='bbox 494 1713 596 1782; x_wconf 79' lang='grc' dir='ltr'>τῆς</span> <span class='ocrx_word' id='word_1_133' title='bbox 652 1712 887 1773; x_wconf 88' lang='grc' dir='ltr'>πίστεως</span> <span class='ocrx_word' id='word_1_134' title='bbox 916 1709 1102 1762; x_wconf 78' lang='grc' dir='ltr'>λαϐεῖν</span> <span class='ocrx_word' id='word_1_135' title='bbox 1159 1706 1229 1760; x_wconf 86' lang='grc' dir='ltr'>τά</span> <span class='ocrx_word' id='word_1_136' title='bbox 1267 1705 1442 1776; x_wconf 81' lang='grc' dir='ltr'>πτερά</span> <span class='ocrx_word' id='word_1_137' title='bbox 1473 1706 1565 1757; x_wconf 74' lang='grc' dir='ltr'>καὶ</span> <span class='ocrx_word' id='word_1_138' title='bbox 1593 1701 1908 1772; x_wconf 81' lang='grc' dir='ltr'>ἀναπτῆναι</span> 
     </span>
    </p>
   </div>
   <div class='ocr_carea' id='block_1_18' title="bbox 323 1786 1908 1866">
    <p class='ocr_par' dir='ltr' id='par_1_18' title="bbox 323 1786 1908 1866">
     <span class='ocr_line' id='line_1_18' title="bbox 323 1786 1908 1866; baseline -0.007 -16"><span class='ocrx_word' id='word_1_139' title='bbox 323 1798 417 1850; x_wconf 77' lang='grc' dir='ltr'>τὸν</span> <span class='ocrx_word' id='word_1_140' title='bbox 443 1797 600 1866; x_wconf 87' lang='grc' dir='ltr'>ἀέρα,</span> <span class='ocrx_word' id='word_1_141' title='bbox 637 1795 731 1848; x_wconf 77' lang='grc' dir='ltr'>καὶ</span> <span class='ocrx_word' id='word_1_142' title='bbox 778 1793 1025 1863; x_wconf 79' lang='grc' dir='ltr'>διαὸἧναι</span> <span class='ocrx_word' id='word_1_143' title='bbox 1072 1793 1161 1845; x_wconf 81' lang='grc' dir='ltr'>τὸν</span> <span class='ocrx_word' id='word_1_144' title='bbox 1193 1790 1386 1861; x_wconf 77' lang='grc' dir='ltr'>αἰθέρα</span> <span class='ocrx_word' id='word_1_145' title='bbox 1418 1789 1511 1841; x_wconf 80' lang='grc' dir='ltr'>καὶ</span> <span class='ocrx_word' id='word_1_146' title='bbox 1550 1786 1784 1859; x_wconf 82' lang='grc' dir='ltr'>ζητῆσαι</span> <span class='ocrx_word' id='word_1_147' title='bbox 1814 1787 1908 1840; x_wconf 83' lang='grc' dir='ltr'>τὸν</span> 
     </span>
    </p>
   </div>
   <div class='ocr_carea' id='block_1_19' title="bbox 325 1869 1906 1950">
    <p class='ocr_par' dir='ltr' id='par_1_19' title="bbox 325 1869 1906 1950">
     <span class='ocr_line' id='line_1_19' title="bbox 325 1869 1906 1950; baseline -0.008 -15"><span class='ocrx_word' id='word_1_148' title='bbox 325 1881 658 1950; x_wconf 87' lang='grc' dir='ltr'>καλούμενον</span> <span class='ocrx_word' id='word_1_149' title='bbox 685 1878 927 1949; x_wconf 79' lang='grc' dir='ltr'>Πατέρα,</span> <span class='ocrx_word' id='word_1_150' title='bbox 957 1875 1260 1948; x_wconf 81' lang='grc' dir='ltr'>προσέταξε</span> <span class='ocrx_word' id='word_1_151' title='bbox 1286 1874 1483 1942; x_wconf 86' lang='grc' dir='ltr'>λέγειν’</span> <span class='ocrx_word' id='word_1_152' title='bbox 1511 1871 1702 1938; x_wconf 83' lang='grc' dir='ltr'>Πάτερ</span> <span class='ocrx_word' id='word_1_153' title='bbox 1717 1869 1906 1940; x_wconf 83' lang='grc' dir='ltr'>ήμῶν,</span> 
     </span>
    </p>
   </div>
   <div class='ocr_carea' id='block_1_20' title="bbox 325 1955 1909 2029">
    <p class='ocr_par' dir='ltr' id='par_1_20' title="bbox 325 1955 1909 2029">
     <span class='ocr_line' id='line_1_20' title="bbox 325 1955 1909 2029; baseline -0.008 -10"><span class='ocrx_word' id='word_1_154' title='bbox 325 1968 359 2019; x_wconf 83' lang='grc' dir='ltr'><em>ὁ</em></span> <span class='ocrx_word' id='word_1_155' title='bbox 383 1965 453 2018; x_wconf 81' lang='grc' dir='ltr'>ἐν</span> <span class='ocrx_word' id='word_1_156' title='bbox 478 1963 605 2029; x_wconf 86' lang='grc' dir='ltr'>τοῖς</span> <span class='ocrx_word' id='word_1_157' title='bbox 628 1960 926 2029; x_wconf 85' lang='grc' dir='ltr'>οὐρανοῖς·</span> <span class='ocrx_word' id='word_1_158' title='bbox 971 1961 1071 2012; x_wconf 85' lang='grc' dir='ltr'>οὐκ</span> <span class='ocrx_word' id='word_1_159' title='bbox 1101 1958 1286 2028; x_wconf 83' lang='grc' dir='ltr'>ἐπειδὴ</span> <span class='ocrx_word' id='word_1_160' title='bbox 1312 1960 1370 2010; x_wconf 82' lang='grc' dir='ltr'>ἐν</span> <span class='ocrx_word' id='word_1_161' title='bbox 1405 1959 1515 2020; x_wconf 88' lang='grc' dir='ltr'>τοῖς</span> <span class='ocrx_word' id='word_1_162' title='bbox 1542 1956 1793 2028; x_wconf 86' lang='grc' dir='ltr'>οὐρανοῖς</span> <span class='ocrx_word' id='word_1_163' title='bbox 1811 1955 1909 2025; x_wconf 88' lang='grc' dir='ltr'>μό·-</span> 
     </span>
    </p>
   </div>
   <div class='ocr_carea' id='block_1_21' title="bbox 324 2039 1908 2112">
    <p class='ocr_par' dir='ltr' id='par_1_21' title="bbox 324 2039 1908 2112">
     <span class='ocr_line' id='line_1_21' title="bbox 324 2039 1908 2112; baseline -0.006 -13"><span class='ocrx_word' id='word_1_164' title='bbox 324 2065 415 2101; x_wconf 88' lang='grc' dir='ltr'>νον</span> <span class='ocrx_word' id='word_1_165' title='bbox 445 2047 595 2100; x_wconf 76' lang='grc' dir='ltr'>ἐστὶν</span> <span class='ocrx_word' id='word_1_166' title='bbox 621 2047 650 2099; x_wconf 91' lang='lat'>6</span> <span class='ocrx_word' id='word_1_167' title='bbox 681 2045 837 2108; x_wconf 81' lang='grc' dir='ltr'>Θεὸς,</span> <span class='ocrx_word' id='word_1_168' title='bbox 878 2042 993 2098; x_wconf 84' lang='grc' dir='ltr'>ἀλλ’</span> <span class='ocrx_word' id='word_1_169' title='bbox 1026 2043 1112 2097; x_wconf 84' lang='grc' dir='ltr'>ἵνα</span> <span class='ocrx_word' id='word_1_170' title='bbox 1143 2044 1292 2112; x_wconf 86' lang='grc' dir='ltr'>ήμᾶς</span> <span class='ocrx_word' id='word_1_171' title='bbox 1322 2041 1475 2095; x_wconf 89' lang='grc' dir='ltr'>κάτω</span> <span class='ocrx_word' id='word_1_172' title='bbox 1508 2040 1638 2111; x_wconf 85' lang='grc' dir='ltr'>περὶ</span> <span class='ocrx_word' id='word_1_173' title='bbox 1670 2039 1776 2109; x_wconf 83' lang='grc' dir='ltr'>γῆν</span> <span class='ocrx_word' id='word_1_174' title='bbox 1807 2056 1908 2092; x_wconf 90' lang='grc' dir='ltr'>κα-</span> 
     </span>
    </p>
   </div>
   <div class='ocr_carea' id='block_1_22' title="bbox 323 2123 1906 2200">
    <p class='ocr_par' dir='ltr' id='par_1_22' title="bbox 323 2123 1906 2200">
     <span class='ocr_line' id='line_1_22' title="bbox 323 2123 1906 2200; baseline -0.007 -15"><span class='ocrx_word' id='word_1_175' title='bbox 323 2130 700 2200; x_wconf 89' lang='grc' dir='ltr'>λινδουμένους</span> <span class='ocrx_word' id='word_1_176' title='bbox 742 2125 1036 2180; x_wconf 82' lang='grc' dir='ltr'>ἀνανεῦσαι</span> <span class='ocrx_word' id='word_1_177' title='bbox 1075 2127 1155 2188; x_wconf 88' lang='grc' dir='ltr'>εἰς</span> <span class='ocrx_word' id='word_1_178' title='bbox 1186 2126 1448 2195; x_wconf 79' lang='grc' dir='ltr'>οὐρανοὺς</span> <span class='ocrx_word' id='word_1_179' title='bbox 1486 2123 1906 2194; x_wconf 76' lang='grc' dir='ltr'>παρασκευάσῃ,</span> 
     </span>
    </p>
   </div>
   <div class='ocr_carea' id='block_1_23' title="bbox 323 2205 1906 2282">
    <p class='ocr_par' dir='ltr' id='par_1_23' title="bbox 323 2205 1906 2282">
     <span class='ocr_line' id='line_1_23' title="bbox 323 2205 1906 2282; baseline -0.007 -14"><span class='ocrx_word' id='word_1_180' title='bbox 323 2216 420 2268; x_wconf 78' lang='grc' dir='ltr'>καὶ</span> <span class='ocrx_word' id='word_1_181' title='bbox 448 2213 526 2282; x_wconf 89' lang='grc' dir='ltr'>τῷ</span> <span class='ocrx_word' id='word_1_182' title='bbox 554 2211 742 2266; x_wconf 89' lang='grc' dir='ltr'>κάλλει</span> <span class='ocrx_word' id='word_1_183' title='bbox 769 2210 879 2262; x_wconf 89' lang='grc' dir='ltr'>τῶν</span> <span class='ocrx_word' id='word_1_184' title='bbox 909 2209 1248 2280; x_wconf 83' lang='grc' dir='ltr'>ἐπουρανίων</span> <span class='ocrx_word' id='word_1_185' title='bbox 1283 2206 1504 2276; x_wconf 80' lang='grc' dir='ltr'>ἀγαθῶν</span> <span class='ocrx_word' id='word_1_186' title='bbox 1538 2205 1906 2278; x_wconf 70' lang='grc' dir='ltr'>περιλάμψας,</span> 
     </span>
    </p>
   </div>
   <div class='ocr_carea' id='block_1_24' title="bbox 321 2291 1636 2368">
    <p class='ocr_par' dir='ltr' id='par_1_24' title="bbox 321 2291 1636 2368">
     <span class='ocr_line' id='line_1_24' title="bbox 321 2291 1636 2368; baseline -0.006 -16"><span class='ocrx_word' id='word_1_187' title='bbox 321 2296 422 2368; x_wconf 81' lang='grc' dir='ltr'>τὴν</span> <span class='ocrx_word' id='word_1_188' title='bbox 452 2295 746 2366; x_wconf 77' lang='grc' dir='ltr'>ἐπιθυμίαν</span> <span class='ocrx_word' id='word_1_189' title='bbox 769 2292 926 2365; x_wconf 81' lang='grc' dir='ltr'>ἡμῶν</span> <span class='ocrx_word' id='word_1_190' title='bbox 958 2294 1137 2347; x_wconf 83' lang='grc' dir='ltr'>πᾶσαν</span> <span class='ocrx_word' id='word_1_191' title='bbox 1170 2294 1286 2345; x_wconf 86' lang='grc' dir='ltr'>ἐκεῖ</span> <span class='ocrx_word' id='word_1_192' title='bbox 1311 2291 1636 2363; x_wconf 79' lang='grc' dir='ltr'>μετενέγκῃ.</span> 
     </span>
    </p>
   </div>
   <div class='ocr_carea' id='block_1_25' title="bbox 390 2374 1909 2449">
    <p class='ocr_par' dir='ltr' id='par_1_25' title="bbox 390 2374 1909 2449">
     <span class='ocr_line' id='line_1_25' title="bbox 390 2374 1909 2449; baseline -0.006 -14"><span class='ocrx_word' id='word_1_193' title='bbox 390 2381 460 2435; x_wconf 76' lang='grc' dir='ltr'>δ’.</span> <span class='ocrx_word' id='word_1_194' title='bbox 495 2377 626 2434; x_wconf 75' lang='grc' dir='ltr'>Εἶτα</span> <span class='ocrx_word' id='word_1_195' title='bbox 651 2377 908 2449; x_wconf 82' lang='grc' dir='ltr'>δευτέραν</span> <span class='ocrx_word' id='word_1_196' title='bbox 935 2375 1242 2447; x_wconf 87' lang='grc' dir='ltr'>προσέθηκε</span> <span class='ocrx_word' id='word_1_197' title='bbox 1271 2375 1451 2446; x_wconf 77' lang='grc' dir='ltr'>ῥῆσιν,</span> <span class='ocrx_word' id='word_1_198' title='bbox 1481 2375 1666 2427; x_wconf 82' lang='grc' dir='ltr'>εἰπών·</span> <span class='ocrx_word' id='word_1_199' title='bbox 1727 2374 1909 2443; x_wconf 81' lang='grc' dir='ltr'>Ἀγια-</span> 
     </span>
    </p>
   </div>
   <div class='ocr_carea' id='block_1_26' title="bbox 316 2459 1910 2531">
    <p class='ocr_par' dir='ltr' id='par_1_26' title="bbox 316 2459 1910 2531">
     <span class='ocr_line' id='line_1_26' title="bbox 316 2459 1910 2531; baseline -0.004 -13"><span class='ocrx_word' id='word_1_200' title='bbox 316 2464 524 2530; x_wconf 82' lang='grc' dir='ltr'>σθήτω</span> <span class='ocrx_word' id='word_1_201' title='bbox 548 2462 616 2517; x_wconf 86' lang='grc' dir='ltr'>τὸ</span> <span class='ocrx_word' id='word_1_202' title='bbox 645 2461 834 2531; x_wconf 80' lang='grc' dir='ltr'>ὄνομά</span> <span class='ocrx_word' id='word_1_203' title='bbox 863 2473 1000 2514; x_wconf 85' lang='grc' dir='ltr'>σου.</span> <span class='ocrx_word' id='word_1_204' title='bbox 1038 2459 1148 2513; x_wconf 86' lang='grc' dir='ltr'>Καί</span> <span class='ocrx_word' id='word_1_205' title='bbox 1177 2475 1266 2530; x_wconf 89' lang='grc' dir='ltr'>μοι</span> <span class='ocrx_word' id='word_1_206' title='bbox 1293 2459 1481 2530; x_wconf 81' lang='grc' dir='ltr'>μηδεὶς</span> <span class='ocrx_word' id='word_1_207' title='bbox 1508 2459 1748 2529; x_wconf 85' lang='grc' dir='ltr'>ἀνοήτως</span> <span class='ocrx_word' id='word_1_208' title='bbox 1779 2459 1910 2511; x_wconf 86' lang='grc' dir='ltr'>ὐπο-</span> 
     </span>
    </p>
   </div>
   <div class='ocr_carea' id='block_1_27' title="bbox 320 2545 1910 2623">
    <p class='ocr_par' dir='ltr' id='par_1_27' title="bbox 320 2545 1910 2623">
     <span class='ocr_line' id='line_1_27' title="bbox 320 2545 1910 2623; baseline -0.004 -19"><span class='ocrx_word' id='word_1_209' title='bbox 320 2551 645 2623; x_wconf 77' lang='grc' dir='ltr'>λαμδανέτω</span> <span class='ocrx_word' id='word_1_210' title='bbox 672 2547 944 2620; x_wconf 88' lang='grc' dir='ltr'>ἀγιασμοῦ</span> <span class='ocrx_word' id='word_1_211' title='bbox 980 2546 1297 2619; x_wconf 81' lang='grc' dir='ltr'>προσθήκην</span> <span class='ocrx_word' id='word_1_212' title='bbox 1333 2545 1650 2617; x_wconf 84' lang='grc' dir='ltr'>χαρίζεσθαι</span> <span class='ocrx_word' id='word_1_213' title='bbox 1681 2545 1758 2616; x_wconf 84' lang='grc' dir='ltr'>τῷ</span> <span class='ocrx_word' id='word_1_214' title='bbox 1791 2547 1910 2618; x_wconf 85' lang='grc' dir='ltr'>Θεῷ</span> 
     </span>
    </p>
   </div>
   <div class='ocr_carea' id='block_1_28' title="bbox 318 2629 1910 2705">
    <p class='ocr_par' dir='ltr' id='par_1_28' title="bbox 318 2629 1910 2705">
     <span class='ocr_line' id='line_1_28' title="bbox 318 2629 1910 2705; baseline -0.003 -17"><span class='ocrx_word' id='word_1_215' title='bbox 318 2635 378 2688; x_wconf 77' lang='grc' dir='ltr'>ἐν</span> <span class='ocrx_word' id='word_1_216' title='bbox 433 2633 512 2705; x_wconf 87' lang='grc' dir='ltr'>τῷ</span> <span class='ocrx_word' id='word_1_217' title='bbox 569 2633 768 2702; x_wconf 88' lang='grc' dir='ltr'>λέγειν·</span> <span class='ocrx_word' id='word_1_218' title='bbox 805 2630 1162 2701; x_wconf 79' lang='grc' dir='ltr'>Ἁγιασθήτω</span> <span class='ocrx_word' id='word_1_219' title='bbox 1209 2630 1273 2683; x_wconf 86' lang='grc' dir='ltr'>τὸ</span> <span class='ocrx_word' id='word_1_220' title='bbox 1325 2629 1511 2699; x_wconf 82' lang='grc' dir='ltr'>ὄνομά</span> <span class='ocrx_word' id='word_1_221' title='bbox 1564 2646 1709 2684; x_wconf 87' lang='grc' dir='ltr'>σου·</span> <span class='ocrx_word' id='word_1_222' title='bbox 1756 2629 1910 2698; x_wconf 82' lang='grc' dir='ltr'>ἀγιος</span> 
     </span>
    </p>
   </div>
   <div class='ocr_carea' id='block_1_29' title="bbox 317 2713 1909 2788">
    <p class='ocr_par' dir='ltr' id='par_1_29' title="bbox 317 2713 1909 2788">
     <span class='ocr_line' id='line_1_29' title="bbox 317 2713 1909 2788; baseline -0.005 -16"><span class='ocrx_word' id='word_1_223' title='bbox 317 2717 426 2788; x_wconf 85' lang='grc' dir='ltr'>γάρ</span> <span class='ocrx_word' id='word_1_224' title='bbox 459 2719 598 2780; x_wconf 86' lang='grc' dir='ltr'>ἐστι,</span> <span class='ocrx_word' id='word_1_225' title='bbox 632 2717 728 2770; x_wconf 74' lang='grc' dir='ltr'>καὶ</span> <span class='ocrx_word' id='word_1_226' title='bbox 761 2717 1046 2783; x_wconf 91' lang='grc' dir='ltr'>πανάγιος,</span> <span class='ocrx_word' id='word_1_227' title='bbox 1093 2713 1189 2768; x_wconf 69' lang='grc' dir='ltr'>καὶ</span> <span class='ocrx_word' id='word_1_228' title='bbox 1231 2713 1400 2782; x_wconf 89' lang='grc' dir='ltr'>ἀγίων</span> <span class='ocrx_word' id='word_1_229' title='bbox 1442 2713 1761 2781; x_wconf 86' lang='grc' dir='ltr'>ἀγιώτατος.</span> <span class='ocrx_word' id='word_1_230' title='bbox 1800 2713 1909 2765; x_wconf 77' lang='grc' dir='ltr'>Καὶ</span> 
     </span>
    </p>
   </div>
   <div class='ocr_carea' id='block_1_30' title="bbox 318 2797 1908 2873">
    <p class='ocr_par' dir='ltr' id='par_1_30' title="bbox 318 2797 1908 2873">
     <span class='ocr_line' id='line_1_30' title="bbox 318 2797 1908 2873; baseline -0.004 -17"><span class='ocrx_word' id='word_1_231' title='bbox 318 2801 523 2873; x_wconf 75' lang='grc' dir='ltr'>ταύτην</span> <span class='ocrx_word' id='word_1_232' title='bbox 550 2800 701 2872; x_wconf 84' lang='grc' dir='ltr'>αὐτῷ</span> <span class='ocrx_word' id='word_1_233' title='bbox 733 2801 833 2872; x_wconf 81' lang='grc' dir='ltr'>τήν</span> <span class='ocrx_word' id='word_1_234' title='bbox 868 2800 1139 2870; x_wconf 84' lang='grc' dir='ltr'>ὑμνῳδίαν</span> <span class='ocrx_word' id='word_1_235' title='bbox 1181 2799 1479 2870; x_wconf 79' lang='grc' dir='ltr'>προσφέρει</span> <span class='ocrx_word' id='word_1_236' title='bbox 1518 2797 1587 2850; x_wconf 89' lang='grc' dir='ltr'>τά</span> <span class='ocrx_word' id='word_1_237' title='bbox 1628 2798 1908 2868; x_wconf 76' lang='grc' dir='ltr'>Σεραφείμ</span> 
     </span>
    </p>
   </div>
   <div class='ocr_carea' id='block_1_31' title="bbox 315 2881 1906 2957">
    <p class='ocr_par' dir='ltr' id='par_1_31' title="bbox 315 2881 1906 2957">
     <span class='ocr_line' id='line_1_31' title="bbox 315 2881 1906 2957; baseline -0.003 -17"><span class='ocrx_word' id='word_1_238' title='bbox 315 2884 598 2957; x_wconf 75' lang='grc' dir='ltr'>ἀσιγήτοις</span> <span class='ocrx_word' id='word_1_239' title='bbox 650 2885 858 2956; x_wconf 82' lang='grc' dir='ltr'>βοῶντα</span> <span class='ocrx_word' id='word_1_240' title='bbox 909 2885 1198 2953; x_wconf 88' lang='grc' dir='ltr'>κραυγαῖς,</span> <span class='ocrx_word' id='word_1_241' title='bbox 1245 2883 1454 2951; x_wconf 79' lang='grc' dir='ltr'>Ἄγιος,</span> <span class='ocrx_word' id='word_1_242' title='bbox 1510 2882 1696 2951; x_wconf 81' lang='grc' dir='ltr'>ἅγιος,</span> <span class='ocrx_word' id='word_1_243' title='bbox 1740 2881 1906 2952; x_wconf 73' lang='grc' dir='ltr'>ἅγιος</span> 
     </span>
    </p>
   </div>
   <div class='ocr_carea' id='block_1_32' title="bbox 315 2963 1906 3038">
    <p class='ocr_par' dir='ltr' id='par_1_32' title="bbox 315 2963 1906 3038">
     <span class='ocr_line' id='line_1_32' title="bbox 315 2963 1906 3038; baseline -0.004 -14"><span class='ocrx_word' id='word_1_244' title='bbox 315 2970 532 3038; x_wconf 78' lang='grc' dir='ltr'>Κύριος</span> <span class='ocrx_word' id='word_1_245' title='bbox 557 2968 816 3031; x_wconf 67' lang='grc' dir='ltr'>σαϐαὶῦθ,</span> <span class='ocrx_word' id='word_1_246' title='bbox 860 2967 1098 3035; x_wconf 72' lang='grc' dir='ltr'>πλήρης</span> <span class='ocrx_word' id='word_1_247' title='bbox 1132 2969 1165 3020; x_wconf 90' lang='lat' dir='ltr'>o&#39;</span> <span class='ocrx_word' id='word_1_248' title='bbox 1193 2967 1451 3034; x_wconf 83' lang='grc' dir='ltr'>οὐρανὸς</span> <span class='ocrx_word' id='word_1_249' title='bbox 1489 2965 1585 3019; x_wconf 75' lang='grc' dir='ltr'>καί</span> <span class='ocrx_word' id='word_1_250' title='bbox 1613 2967 1652 3032; x_wconf 79' lang='grc' dir='ltr'>ἡ</span> <span class='ocrx_word' id='word_1_251' title='bbox 1688 2963 1762 3035; x_wconf 73' lang='grc' dir='ltr'>γῆ</span> <span class='ocrx_word' id='word_1_252' title='bbox 1797 2963 1906 3031; x_wconf 83' lang='grc' dir='ltr'>τῆς</span> 
     </span>
    </p>
   </div>
   <div class='ocr_carea' id='block_1_33' title="bbox 311 3053 1906 3126">
    <p class='ocr_par' dir='ltr' id='par_1_33' title="bbox 311 3053 1906 3126">
     <span class='ocr_line' id='line_1_33' title="bbox 311 3053 1906 3126; baseline -0.003 -16"><span class='ocrx_word' id='word_1_253' title='bbox 311 3053 502 3124; x_wconf 77' lang='grc' dir='ltr'>δόξης</span> <span class='ocrx_word' id='word_1_254' title='bbox 546 3055 754 3110; x_wconf 87' lang='grc' dir='ltr'>αὐτοῦ.</span> <span class='ocrx_word' id='word_1_255' title='bbox 807 3055 944 3108; x_wconf 81' lang='grc' dir='ltr'>Ἀλλ’</span> <span class='ocrx_word' id='word_1_256' title='bbox 991 3055 1181 3126; x_wconf 87' lang='grc' dir='ltr'>ὥσπερ</span> <span class='ocrx_word' id='word_1_257' title='bbox 1229 3055 1278 3106; x_wconf 90' lang='grc' dir='ltr'>οἰ</span> <span class='ocrx_word' id='word_1_258' title='bbox 1320 3056 1432 3118; x_wconf 90' lang='grc' dir='ltr'>τοῖς</span> <span class='ocrx_word' id='word_1_259' title='bbox 1486 3053 1760 3124; x_wconf 86' lang='grc' dir='ltr'>βασιλεῦσι</span> <span class='ocrx_word' id='word_1_260' title='bbox 1808 3053 1906 3116; x_wconf 80' lang='grc' dir='ltr'>τὰς</span> 
     </span>
    </p>
   </div>
   <div class='ocr_carea' id='block_1_34' title="bbox 314 3137 1906 3211">
    <p class='ocr_par' dir='ltr' id='par_1_34' title="bbox 314 3137 1906 3211">
     <span class='ocr_line' id='line_1_34' title="bbox 314 3137 1906 3211; baseline -0.001 -19"><span class='ocrx_word' id='word_1_261' title='bbox 314 3140 591 3211; x_wconf 81' lang='grc' dir='ltr'>εὐφημίας</span> <span class='ocrx_word' id='word_1_262' title='bbox 626 3138 1043 3210; x_wconf 85' lang='grc' dir='ltr'>προσφέροντες,</span> <span class='ocrx_word' id='word_1_263' title='bbox 1085 3140 1179 3192; x_wconf 83' lang='grc' dir='ltr'>καὶ</span> <span class='ocrx_word' id='word_1_264' title='bbox 1207 3137 1462 3208; x_wconf 84' lang='grc' dir='ltr'>βασιλέας</span> <span class='ocrx_word' id='word_1_265' title='bbox 1497 3137 1783 3201; x_wconf 86' lang='grc' dir='ltr'>καλοῦντες</span> <span class='ocrx_word' id='word_1_266' title='bbox 1811 3137 1906 3191; x_wconf 82' lang='grc' dir='ltr'>καὶ</span> 
     </span>
    </p>
   </div>
   <div class='ocr_carea' id='block_1_35' title="bbox 312 3221 1907 3295">
    <p class='ocr_par' dir='ltr' id='par_1_35' title="bbox 312 3221 1907 3295">
     <span class='ocr_line' id='line_1_35' title="bbox 312 3221 1907 3295; baseline -0.003 -18"><span class='ocrx_word' id='word_1_267' title='bbox 312 3225 742 3295; x_wconf 84' lang='grc' dir='ltr'>αὐτοκράτορας,</span> <span class='ocrx_word' id='word_1_268' title='bbox 773 3223 874 3292; x_wconf 91' lang='grc' dir='ltr'>οὐχ</span> <span class='ocrx_word' id='word_1_269' title='bbox 900 3221 930 3274; x_wconf 84' lang='grc' dir='ltr'><strong>ὃ</strong></span> <span class='ocrx_word' id='word_1_270' title='bbox 961 3222 1038 3292; x_wconf 86' lang='grc' dir='ltr'>μὴ</span> <span class='ocrx_word' id='word_1_271' title='bbox 1062 3221 1245 3292; x_wconf 80' lang='grc' dir='ltr'>έχουσι</span> <span class='ocrx_word' id='word_1_272' title='bbox 1273 3221 1603 3292; x_wconf 76' lang='grc' dir='ltr'>χαρίζονται,</span> <span class='ocrx_word' id='word_1_273' title='bbox 1633 3221 1746 3274; x_wconf 88' lang='grc' dir='ltr'>ἀλλ’</span> <span class='ocrx_word' id='word_1_274' title='bbox 1771 3223 1907 3291; x_wconf 79' lang='grc' dir='ltr'>ὅπερ</span> 
     </span>
    </p>
   </div>
   <div class='ocr_carea' id='block_1_36' title="bbox 313 3300 1908 3376">
    <p class='ocr_par' dir='ltr' id='par_1_36' title="bbox 313 3300 1908 3376">
     <span class='ocr_line' id='line_1_36' title="bbox 313 3300 1908 3376; baseline -0.002 -16"><span class='ocrx_word' id='word_1_275' title='bbox 313 3305 528 3376; x_wconf 76' lang='grc' dir='ltr'>ἔχουσιν</span> <span class='ocrx_word' id='word_1_276' title='bbox 561 3305 900 3376; x_wconf 84' lang='grc' dir='ltr'>εὐφημοῦσιν</span> <span class='ocrx_word' id='word_1_277' title='bbox 920 3322 932 3336; x_wconf 91' lang='grc'><strong>·</strong></span> <span class='ocrx_word' id='word_1_278' title='bbox 970 3303 1114 3358; x_wconf 78' lang='grc' dir='ltr'>οὖτω</span> <span class='ocrx_word' id='word_1_279' title='bbox 1143 3304 1238 3357; x_wconf 77' lang='grc' dir='ltr'>καὶ</span> <span class='ocrx_word' id='word_1_280' title='bbox 1267 3306 1425 3374; x_wconf 78' lang='grc' dir='ltr'>ἡμεῖς</span> <span class='ocrx_word' id='word_1_281' title='bbox 1465 3303 1524 3356; x_wconf 91' lang='grc' dir='ltr'>οὐ</span> <span class='ocrx_word' id='word_1_282' title='bbox 1557 3303 1652 3375; x_wconf 84' lang='grc' dir='ltr'>τὴν</span> <span class='ocrx_word' id='word_1_283' title='bbox 1685 3304 1784 3356; x_wconf 88' lang='grc' dir='ltr'>οὐκ</span> <span class='ocrx_word' id='word_1_284' title='bbox 1821 3300 1908 3357; x_wconf 78' lang='grc' dir='ltr'>οὖ-</span> 
     </span>
    </p>
   </div>
   <div class='ocr_carea' id='block_1_37' title="bbox 315 3386 1901 3458">
    <p class='ocr_par' dir='ltr' id='par_1_37' title="bbox 315 3386 1901 3458">
     <span class='ocr_line' id='line_1_37' title="bbox 315 3386 1901 3458; baseline -0.001 -16"><span class='ocrx_word' id='word_1_285' title='bbox 315 3407 416 3444; x_wconf 89' lang='grc' dir='ltr'>σαν</span> <span class='ocrx_word' id='word_1_286' title='bbox 475 3387 785 3458; x_wconf 84' lang='grc' dir='ltr'>ἁγιωσύνην</span> <span class='ocrx_word' id='word_1_287' title='bbox 852 3387 1233 3458; x_wconf 83' lang='grc' dir='ltr'>προσφέρομεν</span> <span class='ocrx_word' id='word_1_288' title='bbox 1291 3387 1367 3457; x_wconf 82' lang='grc' dir='ltr'>τῷ</span> <span class='ocrx_word' id='word_1_289' title='bbox 1416 3387 1574 3458; x_wconf 84' lang='grc' dir='ltr'>Θεῷ,</span> <span class='ocrx_word' id='word_1_290' title='bbox 1632 3386 1901 3456; x_wconf 87' lang='grc' dir='ltr'>λέγοντες,</span> 
     </span>
    </p>
   </div>
   <div class='ocr_carea' id='block_1_38' title="bbox 326 3463 1907 3538">
    <p class='ocr_par' dir='ltr' id='par_1_38' title="bbox 326 3463 1907 3538">
     <span class='ocr_line' id='line_1_38' title="bbox 326 3463 1907 3538; baseline -0.002 -15"><span class='ocrx_word' id='word_1_291' title='bbox 326 3467 687 3538; x_wconf 79' lang='grc' dir='ltr'>Ἁγιασθήτω</span> <span class='ocrx_word' id='word_1_292' title='bbox 733 3467 800 3521; x_wconf 84' lang='grc' dir='ltr'>τὸ</span> <span class='ocrx_word' id='word_1_293' title='bbox 850 3465 1040 3535; x_wconf 83' lang='grc' dir='ltr'>ὄνομά</span> <span class='ocrx_word' id='word_1_294' title='bbox 1076 3482 1213 3533; x_wconf 86' lang='grc' dir='ltr'>σου,</span> <span class='ocrx_word' id='word_1_295' title='bbox 1249 3465 1386 3519; x_wconf 81' lang='grc' dir='ltr'>ἀλλὰ</span> <span class='ocrx_word' id='word_1_296' title='bbox 1418 3467 1516 3537; x_wconf 84' lang='grc' dir='ltr'>τὴν</span> <span class='ocrx_word' id='word_1_297' title='bbox 1554 3463 1717 3521; x_wconf 78' lang='grc' dir='ltr'>οὖσαν</span> <span class='ocrx_word' id='word_1_298' title='bbox 1750 3467 1907 3534; x_wconf 81' lang='grc' dir='ltr'>δοξά-</span> 
     </span>
    </p>
   </div>
   <div class='ocr_carea' id='block_1_39' title="bbox 314 3549 1902 3622">
    <p class='ocr_par' dir='ltr' id='par_1_39' title="bbox 314 3549 1902 3622">
     <span class='ocr_line' id='line_1_39' title="bbox 314 3549 1902 3622; baseline -0.001 -17"><span class='ocrx_word' id='word_1_299' title='bbox 314 3550 510 3622; x_wconf 74' lang='grc' dir='ltr'>ζομενο</span> <span class='ocrx_word' id='word_1_300' title='bbox 559 3551 621 3604; x_wconf 85' lang='grc' dir='ltr'>τὸ</span> <span class='ocrx_word' id='word_1_301' title='bbox 675 3550 784 3622; x_wconf 80' lang='grc' dir='ltr'>γάρ</span> <span class='ocrx_word' id='word_1_302' title='bbox 853 3549 1225 3618; x_wconf 75' lang='grc' dir='ltr'>ἁγιασθήτω,</span> <span class='ocrx_word' id='word_1_303' title='bbox 1275 3549 1397 3602; x_wconf 74' lang='grc' dir='ltr'>ἀντὶ</span> <span class='ocrx_word' id='word_1_304' title='bbox 1433 3549 1528 3603; x_wconf 90' lang='grc' dir='ltr'>τοῦ</span> <span class='ocrx_word' id='word_1_305' title='bbox 1573 3550 1902 3621; x_wconf 80' lang='grc' dir='ltr'>δοξασθήτω,</span> 
     </span>
    </p>
   </div>
   <div class='ocr_carea' id='block_1_40' title="bbox 313 3633 1905 3707">
    <p class='ocr_par' dir='ltr' id='par_1_40' title="bbox 313 3633 1905 3707">
     <span class='ocr_line' id='line_1_40' title="bbox 313 3633 1905 3707; baseline 0.001 -19"><span class='ocrx_word' id='word_1_306' title='bbox 313 3637 548 3707; x_wconf 79' lang='grc' dir='ltr'>εἴρηται.</span> <span class='ocrx_word' id='word_1_307' title='bbox 592 3633 964 3703; x_wconf 87' lang='grc' dir='ltr'>Διδασκόμεθα</span> <span class='ocrx_word' id='word_1_308' title='bbox 1004 3634 1181 3687; x_wconf 86' lang='grc' dir='ltr'>τοίνυν</span> <span class='ocrx_word' id='word_1_309' title='bbox 1218 3634 1305 3688; x_wconf 80' lang='grc' dir='ltr'>διὰ</span> <span class='ocrx_word' id='word_1_310' title='bbox 1352 3635 1452 3704; x_wconf 80' lang='grc' dir='ltr'>τῆς</span> <span class='ocrx_word' id='word_1_311' title='bbox 1483 3637 1664 3706; x_wconf 79' lang='grc' dir='ltr'>φωνῆς</span> <span class='ocrx_word' id='word_1_312' title='bbox 1701 3637 1905 3704; x_wconf 84' lang='grc' dir='ltr'>ταύτης</span> 
     </span>
    </p>
   </div>
   <div class='ocr_carea' id='block_1_41' title="bbox 312 3715 1905 3790">
    <p class='ocr_par' dir='ltr' id='par_1_41' title="bbox 312 3715 1905 3790">
     <span class='ocr_line' id='line_1_41' title="bbox 312 3715 1905 3790; baseline 0 -18"><span class='ocrx_word' id='word_1_313' title='bbox 312 3715 406 3772; x_wconf 75' lang='grc' dir='ltr'>τὸν</span> <span class='ocrx_word' id='word_1_314' title='bbox 453 3717 575 3772; x_wconf 86' lang='grc' dir='ltr'>κατ’</span> <span class='ocrx_word' id='word_1_315' title='bbox 619 3718 821 3789; x_wconf 82' lang='grc' dir='ltr'>ἀρετὴν</span> <span class='ocrx_word' id='word_1_316' title='bbox 868 3717 1112 3790; x_wconf 87' lang='grc' dir='ltr'>μετιέναι</span> <span class='ocrx_word' id='word_1_317' title='bbox 1157 3717 1300 3788; x_wconf 85' lang='grc' dir='ltr'>βίον,</span> <span class='ocrx_word' id='word_1_318' title='bbox 1333 3719 1422 3772; x_wconf 78' lang='grc' dir='ltr'>ἵνα</span> <span class='ocrx_word' id='word_1_319' title='bbox 1458 3718 1643 3772; x_wconf 89' lang='grc' dir='ltr'>τοῦτον</span> <span class='ocrx_word' id='word_1_320' title='bbox 1671 3719 1905 3787; x_wconf 81' lang='grc' dir='ltr'>ὁρῶντες</span> 
     </span>
    </p>
   </div>
   <div class='ocr_carea' id='block_1_42' title="bbox 310 3801 1899 3874">
    <p class='ocr_par' dir='ltr' id='par_1_42' title="bbox 310 3801 1899 3874">
     <span class='ocr_line' id='line_1_42' title="bbox 310 3801 1899 3874; baseline 0.001 -19"><span class='ocrx_word' id='word_1_321' title='bbox 310 3803 364 3855; x_wconf 83' lang='grc' dir='ltr'>οἰ</span> <span class='ocrx_word' id='word_1_322' title='bbox 387 3801 683 3873; x_wconf 77' lang='grc' dir='ltr'>ἄνθρωποι,</span> <span class='ocrx_word' id='word_1_323' title='bbox 713 3801 806 3854; x_wconf 85' lang='grc' dir='ltr'>τὸν</span> <span class='ocrx_word' id='word_1_324' title='bbox 843 3803 1091 3874; x_wconf 90' lang='grc' dir='ltr'>οὐράνιον</span> <span class='ocrx_word' id='word_1_325' title='bbox 1121 3801 1278 3872; x_wconf 86' lang='grc' dir='ltr'>ήμῶν</span> <span class='ocrx_word' id='word_1_326' title='bbox 1308 3801 1528 3873; x_wconf 87' lang='grc' dir='ltr'>Πατέρα</span> <span class='ocrx_word' id='word_1_327' title='bbox 1571 3802 1866 3867; x_wconf 85' lang='grc' dir='ltr'>δοξάζωσιν</span> <span class='ocrx_word' id='word_1_328' title='bbox 1886 3822 1899 3835; x_wconf 82' lang='lat'><strong><em>°</em></strong></span> 
     </span>
    </p>
   </div>
   <div class='ocr_carea' id='block_1_43' title="bbox 312 3884 1904 3958">
    <p class='ocr_par' dir='ltr' id='par_1_43' title="bbox 312 3884 1904 3958">
     <span class='ocr_line' id='line_1_43' title="bbox 312 3884 1904 3958; baseline 0.002 -20"><span class='ocrx_word' id='word_1_329' title='bbox 312 3886 342 3938; x_wconf 85' lang='grc' dir='ltr'><strong>ὃ</strong></span> <span class='ocrx_word' id='word_1_330' title='bbox 391 3885 485 3939; x_wconf 71' lang='grc' dir='ltr'>καὶ</span> <span class='ocrx_word' id='word_1_331' title='bbox 530 3884 764 3954; x_wconf 82' lang='grc' dir='ltr'>ἀλλαχοῦ</span> <span class='ocrx_word' id='word_1_332' title='bbox 809 3901 976 3956; x_wconf 81' lang='grc' dir='ltr'>φησι’</span> <span class='ocrx_word' id='word_1_333' title='bbox 1013 3885 1316 3954; x_wconf 78' lang='grc' dir='ltr'>Λαμψάτω</span> <span class='ocrx_word' id='word_1_334' title='bbox 1354 3886 1417 3941; x_wconf 85' lang='grc' dir='ltr'>τὸ</span> <span class='ocrx_word' id='word_1_335' title='bbox 1451 3885 1578 3955; x_wconf 66' lang='grc' dir='ltr'>φῶς</span> <span class='ocrx_word' id='word_1_336' title='bbox 1609 3887 1776 3957; x_wconf 78' lang='grc' dir='ltr'>ὑμῶν</span> <span class='ocrx_word' id='word_1_337' title='bbox 1803 3889 1904 3958; x_wconf 79' lang='grc' dir='ltr'>ἐμ-</span> 
     </span>
    </p>
   </div>
   <div class='ocr_carea' id='block_1_44' title="bbox 311 3967 1905 4037">
    <p class='ocr_par' dir='ltr' id='par_1_44' title="bbox 311 3967 1905 4037">
     <span class='ocr_line' id='line_1_44' title="bbox 311 3967 1905 4037; baseline 0.003 -14"><span class='ocrx_word' id='word_1_338' title='bbox 311 3971 582 4037; x_wconf 71' lang='grc' dir='ltr'>προσθεν</span> <span class='ocrx_word' id='word_1_339' title='bbox 625 3967 745 4022; x_wconf 84' lang='grc' dir='ltr'>τῶν</span> <span class='ocrx_word' id='word_1_340' title='bbox 793 3967 1141 4037; x_wconf 82' lang='grc' dir='ltr'>ἀνθρώπων,</span> <span class='ocrx_word' id='word_1_341' title='bbox 1191 3969 1351 4036; x_wconf 84' lang='grc' dir='ltr'>ὅπως</span> <span class='ocrx_word' id='word_1_342' title='bbox 1399 3970 1572 4024; x_wconf 80' lang='grc' dir='ltr'>ῑδωσι</span> <span class='ocrx_word' id='word_1_343' title='bbox 1621 3972 1692 4025; x_wconf 81' lang='grc' dir='ltr'>τὰ</span> <span class='ocrx_word' id='word_1_344' title='bbox 1747 3974 1905 4027; x_wconf 77' lang='grc' dir='ltr'>καλὰ</span> 
     </span>
    </p>
   </div>
   <div class='ocr_carea' id='block_1_45' title="bbox 309 4051 1905 4126">
    <p class='ocr_par' dir='ltr' id='par_1_45' title="bbox 309 4051 1905 4126">
     <span class='ocr_line' id='line_1_45' title="bbox 309 4051 1905 4126; baseline 0.003 -19"><span class='ocrx_word' id='word_1_345' title='bbox 309 4053 458 4121; x_wconf 71' lang='grc' dir='ltr'>ἔργα</span> <span class='ocrx_word' id='word_1_346' title='bbox 484 4053 674 4123; x_wconf 80' lang='grc' dir='ltr'>ὑμῶν,</span> <span class='ocrx_word' id='word_1_347' title='bbox 703 4054 802 4108; x_wconf 74' lang='grc' dir='ltr'>καί</span> <span class='ocrx_word' id='word_1_348' title='bbox 836 4051 1143 4117; x_wconf 77' lang='grc' dir='ltr'>δοξάσωσι</span> <span class='ocrx_word' id='word_1_349' title='bbox 1183 4053 1290 4107; x_wconf 85' lang='grc' dir='ltr'>τὸν</span> <span class='ocrx_word' id='word_1_350' title='bbox 1329 4053 1559 4123; x_wconf 82' lang='grc' dir='ltr'>Πατέρα</span> <span class='ocrx_word' id='word_1_351' title='bbox 1604 4057 1769 4126; x_wconf 80' lang='grc' dir='ltr'>ὑμῶν</span> <span class='ocrx_word' id='word_1_352' title='bbox 1796 4058 1905 4112; x_wconf 83' lang='grc' dir='ltr'>τὸν</span> 
     </span>
    </p>
   </div>
   <div class='ocr_carea' id='block_1_46' title="bbox 312 4136 1899 4213">
    <p class='ocr_par' dir='ltr' id='par_1_46' title="bbox 312 4136 1899 4213">
     <span class='ocr_line' id='line_1_46' title="bbox 312 4136 1899 4213; baseline 0.003 -22"><span class='ocrx_word' id='word_1_353' title='bbox 312 4137 384 4191; x_wconf 76' lang='grc' dir='ltr'>ἐν</span> <span class='ocrx_word' id='word_1_354' title='bbox 411 4136 536 4202; x_wconf 88' lang='grc' dir='ltr'>τοῖς</span> <span class='ocrx_word' id='word_1_355' title='bbox 567 4138 862 4206; x_wconf 82' lang='grc' dir='ltr'>οὐρανοῖς.</span> <span class='ocrx_word' id='word_1_356' title='bbox 910 4136 1066 4192; x_wconf 86' lang='grc' dir='ltr'>Μετά</span> <span class='ocrx_word' id='word_1_357' title='bbox 1108 4136 1266 4191; x_wconf 86' lang='grc' dir='ltr'>τοῦτο</span> <span class='ocrx_word' id='word_1_358' title='bbox 1308 4137 1486 4206; x_wconf 85' lang='grc' dir='ltr'>λέγειν</span> <span class='ocrx_word' id='word_1_359' title='bbox 1523 4140 1899 4213; x_wconf 77' lang='grc' dir='ltr'>ἐδιδάχθημενο</span> 
     </span>
    </p>
   </div>
   <div class='ocr_carea' id='block_1_47' title="bbox 327 4218 1902 4295">
    <p class='ocr_par' dir='ltr' id='par_1_47' title="bbox 327 4218 1902 4295">
     <span class='ocr_line' id='line_1_47' title="bbox 327 4218 1902 4295; baseline 0.005 -24"><span class='ocrx_word' id='word_1_360' title='bbox 327 4218 574 4274; x_wconf 76' lang='grc' dir='ltr'>Ἐλθέτω</span> <span class='ocrx_word' id='word_1_361' title='bbox 606 4222 645 4289; x_wconf 75' lang='grc' dir='ltr'><strong><em>ἡ</em></strong></span> <span class='ocrx_word' id='word_1_362' title='bbox 691 4221 981 4285; x_wconf 75' lang='grc' dir='ltr'>,ϐασιλεία</span> <span class='ocrx_word' id='word_1_363' title='bbox 1015 4237 1131 4275; x_wconf 88' lang='grc' dir='ltr'>σου</span> <span class='ocrx_word' id='word_1_364' title='bbox 1151 4237 1164 4251; x_wconf 69' lang='grc' dir='ltr'><strong>ο</strong></span> <span class='ocrx_word' id='word_1_365' title='bbox 1196 4220 1618 4292; x_wconf 80' lang='grc' dir='ltr'>τυραννούμενοι</span> <span class='ocrx_word' id='word_1_366' title='bbox 1655 4224 1764 4295; x_wconf 85' lang='grc' dir='ltr'>γάρ</span> <span class='ocrx_word' id='word_1_367' title='bbox 1797 4226 1902 4279; x_wconf 89' lang='grc' dir='ltr'>ὐπὸ</span> 
     </span>
    </p>
   </div>
   <div class='ocr_carea' id='block_1_48' title="bbox 310 4301 1901 4378">
    <p class='ocr_par' dir='ltr' id='par_1_48' title="bbox 310 4301 1901 4378">
     <span class='ocr_line' id='line_1_48' title="bbox 310 4301 1901 4378; baseline 0.004 -23"><span class='ocrx_word' id='word_1_368' title='bbox 310 4302 420 4356; x_wconf 84' lang='grc' dir='ltr'>τῶν</span> <span class='ocrx_word' id='word_1_369' title='bbox 444 4303 538 4356; x_wconf 90' lang='grc' dir='ltr'>τοῦ</span> <span class='ocrx_word' id='word_1_370' title='bbox 570 4302 822 4374; x_wconf 85' lang='grc' dir='ltr'>σώματος</span> <span class='ocrx_word' id='word_1_371' title='bbox 849 4301 1208 4374; x_wconf 83' lang='grc' dir='ltr'>παθημάτων,</span> <span class='ocrx_word' id='word_1_372' title='bbox 1231 4304 1325 4357; x_wconf 81' lang='grc' dir='ltr'>καὶ</span> <span class='ocrx_word' id='word_1_373' title='bbox 1357 4305 1554 4376; x_wconf 87' lang='grc' dir='ltr'>μυρίας</span> <span class='ocrx_word' id='word_1_374' title='bbox 1581 4309 1901 4378; x_wconf 85' lang='grc' dir='ltr'>πειρασμῶν</span> 
     </span>
    </p>
   </div>
   <div class='ocr_carea' id='block_1_49' title="bbox 311 4383 1902 4462">
    <p class='ocr_par' dir='ltr' id='par_1_49' title="bbox 311 4383 1902 4462">
     <span class='ocr_line' id='line_1_49' title="bbox 311 4383 1902 4462; baseline 0.002 -22"><span class='ocrx_word' id='word_1_375' title='bbox 311 4383 428 4458; x_wconf 76' lang='grc'>[50]</span> <span class='ocrx_word' id='word_1_376' title='bbox 473 4386 754 4457; x_wconf 85' lang='grc' dir='ltr'>δεχόμενοι</span> <span class='ocrx_word' id='word_1_377' title='bbox 800 4387 1126 4458; x_wconf 83' lang='grc' dir='ltr'>προσὸολάς,</span> <span class='ocrx_word' id='word_1_378' title='bbox 1167 4388 1266 4457; x_wconf 82' lang='grc' dir='ltr'>τῆς</span> <span class='ocrx_word' id='word_1_379' title='bbox 1313 4389 1407 4442; x_wconf 87' lang='grc' dir='ltr'>τοῦ</span> <span class='ocrx_word' id='word_1_380' title='bbox 1445 4388 1580 4442; x_wconf 85' lang='grc' dir='ltr'>Θεοῦ</span> <span class='ocrx_word' id='word_1_381' title='bbox 1631 4389 1902 4462; x_wconf 79' lang='grc' dir='ltr'>χρῄζομεν</span> 
     </span>
    </p>
   </div>
   <div class='ocr_carea' id='block_1_50' title="bbox 311 4467 1902 4545">
    <p class='ocr_par' dir='ltr' id='par_1_50' title="bbox 311 4467 1902 4545">
     <span class='ocr_line' id='line_1_50' title="bbox 311 4467 1902 4545; baseline 0.004 -24"><span class='ocrx_word' id='word_1_382' title='bbox 311 4467 610 4538; x_wconf 87' lang='grc' dir='ltr'>βασιλείας,</span> <span class='ocrx_word' id='word_1_383' title='bbox 641 4469 726 4523; x_wconf 82' lang='grc' dir='ltr'>ἵνα</span> <span class='ocrx_word' id='word_1_384' title='bbox 755 4469 830 4541; x_wconf 77' lang='grc' dir='ltr'>μὴ</span> <span class='ocrx_word' id='word_1_385' title='bbox 863 4469 1152 4543; x_wconf 82' lang='grc' dir='ltr'>βασιλεύσῃ</span> <span class='ocrx_word' id='word_1_386' title='bbox 1183 4475 1217 4544; x_wconf 85' lang='grc' dir='ltr'>ή</span> <span class='ocrx_word' id='word_1_387' title='bbox 1244 4473 1492 4544; x_wconf 84' lang='grc' dir='ltr'>ἁμαρτία</span> <span class='ocrx_word' id='word_1_388' title='bbox 1529 4476 1586 4526; x_wconf 88' lang='grc' dir='ltr'>ἐν</span> <span class='ocrx_word' id='word_1_389' title='bbox 1622 4474 1700 4544; x_wconf 88' lang='grc' dir='ltr'>τῷ</span> <span class='ocrx_word' id='word_1_390' title='bbox 1725 4475 1902 4545; x_wconf 81' lang='grc' dir='ltr'>θνητῷ</span> 
     </span>
    </p>
   </div>
   <div class='ocr_carea' id='block_1_51' title="bbox 311 4551 1899 4628">
    <p class='ocr_par' dir='ltr' id='par_1_51' title="bbox 311 4551 1899 4628">
     <span class='ocr_line' id='line_1_51' title="bbox 311 4551 1899 4628; baseline 0.003 -23"><span class='ocrx_word' id='word_1_391' title='bbox 311 4551 526 4623; x_wconf 86' lang='grc' dir='ltr'>σώματι</span> <span class='ocrx_word' id='word_1_392' title='bbox 565 4551 721 4624; x_wconf 89' lang='grc' dir='ltr'>ήμῶν</span> <span class='ocrx_word' id='word_1_393' title='bbox 751 4554 832 4616; x_wconf 87' lang='grc' dir='ltr'>είς</span> <span class='ocrx_word' id='word_1_394' title='bbox 868 4553 930 4606; x_wconf 84' lang='grc' dir='ltr'>τὸ</span> <span class='ocrx_word' id='word_1_395' title='bbox 953 4554 1251 4610; x_wconf 77' lang='grc' dir='ltr'>ὑπακούειν</span> <span class='ocrx_word' id='word_1_396' title='bbox 1275 4558 1414 4628; x_wconf 86' lang='grc' dir='ltr'>αὐτῇ</span> <span class='ocrx_word' id='word_1_397' title='bbox 1450 4557 1508 4609; x_wconf 87' lang='grc' dir='ltr'>ἐν</span> <span class='ocrx_word' id='word_1_398' title='bbox 1551 4558 1670 4619; x_wconf 88' lang='grc' dir='ltr'>ταῖς</span> <span class='ocrx_word' id='word_1_399' title='bbox 1709 4557 1899 4610; x_wconf 89' lang='grc' dir='ltr'>ἐπιθυ-</span> 
     </span>
    </p>
   </div>
   <div class='ocr_carea' id='block_1_52' title="bbox 313 4635 1901 4713">
    <p class='ocr_par' dir='ltr' id='par_1_52' title="bbox 313 4635 1901 4713">
     <span class='ocr_line' id='line_1_52' title="bbox 313 4635 1901 4713; baseline 0.004 -25"><span class='ocrx_word' id='word_1_400' title='bbox 313 4635 465 4704; x_wconf 87' lang='grc' dir='ltr'>μίαις</span> <span class='ocrx_word' id='word_1_401' title='bbox 510 4635 709 4702; x_wconf 86' lang='grc' dir='ltr'>αὐτοῦ,</span> <span class='ocrx_word' id='word_1_402' title='bbox 769 4637 905 4709; x_wconf 87' lang='grc' dir='ltr'>μηδέ</span> <span class='ocrx_word' id='word_1_403' title='bbox 962 4639 1384 4709; x_wconf 88' lang='grc' dir='ltr'>παριστάνωμεν</span> <span class='ocrx_word' id='word_1_404' title='bbox 1431 4641 1502 4693; x_wconf 84' lang='grc' dir='ltr'>τά</span> <span class='ocrx_word' id='word_1_405' title='bbox 1552 4641 1686 4711; x_wconf 82' lang='grc' dir='ltr'>μέλη</span> <span class='ocrx_word' id='word_1_406' title='bbox 1745 4641 1901 4713; x_wconf 88' lang='grc' dir='ltr'>ήμῶν</span> 
     </span>
    </p>
   </div>
   <div class='ocr_carea' id='block_1_53' title="bbox 308 4717 1902 4795">
    <p class='ocr_par' dir='ltr' id='par_1_53' title="bbox 308 4717 1902 4795">
     <span class='ocr_line' id='line_1_53' title="bbox 308 4717 1902 4795; baseline 0.005 -26"><span class='ocrx_word' id='word_1_407' title='bbox 308 4717 453 4772; x_wconf 84' lang='grc' dir='ltr'>ὅπλα</span> <span class='ocrx_word' id='word_1_408' title='bbox 487 4719 700 4784; x_wconf 88' lang='grc' dir='ltr'>ἀδικίας</span> <span class='ocrx_word' id='word_1_409' title='bbox 738 4723 805 4792; x_wconf 78' lang='grc' dir='ltr'>τῇ</span> <span class='ocrx_word' id='word_1_410' title='bbox 853 4721 1120 4793; x_wconf 78' lang='grc' dir='ltr'>ἁμαρτίᾳ,</span> <span class='ocrx_word' id='word_1_411' title='bbox 1173 4722 1287 4776; x_wconf 87' lang='grc' dir='ltr'>ἀλλ’</span> <span class='ocrx_word' id='word_1_412' title='bbox 1333 4723 1420 4777; x_wconf 80' lang='grc' dir='ltr'>ἵνα</span> <span class='ocrx_word' id='word_1_413' title='bbox 1462 4725 1902 4795; x_wconf 86' lang='grc' dir='ltr'>παραστήσωμεν</span> 
     </span>
    </p>
   </div>
   <div class='ocr_carea' id='block_1_54' title="bbox 309 4800 1902 4878">
    <p class='ocr_par' dir='ltr' id='par_1_54' title="bbox 309 4800 1902 4878">
     <span class='ocr_line' id='line_1_54' title="bbox 309 4800 1902 4878; baseline 0.004 -25"><span class='ocrx_word' id='word_1_414' title='bbox 309 4800 450 4854; x_wconf 79' lang='grc' dir='ltr'>ὅπλα</span> <span class='ocrx_word' id='word_1_415' title='bbox 477 4801 819 4874; x_wconf 86' lang='grc' dir='ltr'>δικαιοσύνης</span> <span class='ocrx_word' id='word_1_416' title='bbox 845 4804 922 4875; x_wconf 89' lang='grc' dir='ltr'>τῷ</span> <span class='ocrx_word' id='word_1_417' title='bbox 951 4804 1091 4875; x_wconf 84' lang='grc' dir='ltr'>Θεῷ,</span> <span class='ocrx_word' id='word_1_418' title='bbox 1123 4805 1218 4858; x_wconf 65' lang='grc' dir='ltr'>καὶ⁸</span> <span class='ocrx_word' id='word_1_419' title='bbox 1245 4805 1671 4877; x_wconf 75' lang='grc' dir='ltr'>πρατευώμεθα</span> <span class='ocrx_word' id='word_1_420' title='bbox 1699 4807 1777 4878; x_wconf 84' lang='grc' dir='ltr'>τῷ</span> <span class='ocrx_word' id='word_1_421' title='bbox 1807 4807 1902 4878; x_wconf 85' lang='grc' dir='ltr'>βα-</span> 
     </span>
    </p>
   </div>
   <div class='ocr_carea' id='block_1_55' title="bbox 311 4883 1901 4963">
    <p class='ocr_par' dir='ltr' id='par_1_55' title="bbox 311 4883 1901 4963">
     <span class='ocr_line' id='line_1_55' title="bbox 311 4883 1901 4963; baseline 0.004 -27"><span class='ocrx_word' id='word_1_422' title='bbox 311 4883 450 4937; x_wconf 87' lang='grc' dir='ltr'>σιλεῖ</span> <span class='ocrx_word' id='word_1_423' title='bbox 484 4885 592 4938; x_wconf 88' lang='grc' dir='ltr'>τῶν</span> <span class='ocrx_word' id='word_1_424' title='bbox 632 4884 866 4942; x_wconf 85' lang='grc' dir='ltr'>αἰώνων.</span> <span class='ocrx_word' id='word_1_425' title='bbox 909 4887 1282 4958; x_wconf 82' lang='grc' dir='ltr'>Διδασκόμεθα</span> <span class='ocrx_word' id='word_1_426' title='bbox 1319 4889 1375 4941; x_wconf 83' lang='grc' dir='ltr'>δὲ</span> <span class='ocrx_word' id='word_1_427' title='bbox 1401 4889 1537 4960; x_wconf 78' lang='grc' dir='ltr'>πρὸς</span> <span class='ocrx_word' id='word_1_428' title='bbox 1564 4889 1792 4954; x_wconf 85' lang='grc' dir='ltr'>τούτοις,</span> <span class='ocrx_word' id='word_1_429' title='bbox 1826 4892 1901 4963; x_wconf 82' lang='grc' dir='ltr'>μὴ</span> 
     </span>
    </p>
   </div>
   <div class='ocr_carea' id='block_1_56' title="bbox 311 4965 1898 5045">
    <p class='ocr_par' dir='ltr' id='par_1_56' title="bbox 311 4965 1898 5045">
     <span class='ocr_line' id='line_1_56' title="bbox 311 4965 1898 5045; baseline 0.007 -26"><span class='ocrx_word' id='word_1_430' title='bbox 311 4965 518 5037; x_wconf 87' lang='grc' dir='ltr'>σφόδρα</span> <span class='ocrx_word' id='word_1_431' title='bbox 547 4966 626 5038; x_wconf 84' lang='grc' dir='ltr'>τῷ</span> <span class='ocrx_word' id='word_1_432' title='bbox 664 4970 892 5040; x_wconf 86' lang='grc' dir='ltr'>παρόντι</span> <span class='ocrx_word' id='word_1_433' title='bbox 943 4971 1041 5042; x_wconf 85' lang='grc' dir='ltr'>βίῳ</span> <span class='ocrx_word' id='word_1_434' title='bbox 1083 4974 1529 5045; x_wconf 86' lang='grc' dir='ltr'>προστετηκέναι,</span> <span class='ocrx_word' id='word_1_435' title='bbox 1557 4976 1691 5030; x_wconf 85' lang='grc' dir='ltr'>ἀλλά</span> <span class='ocrx_word' id='word_1_436' title='bbox 1733 4994 1898 5030; x_wconf 89' lang='grc' dir='ltr'>κατα-</span> 
     </span>
    </p>
   </div>
   <div class='ocr_carea' id='block_1_57' title="bbox 310 5050 1900 5128">
    <p class='ocr_par' dir='ltr' id='par_1_57' title="bbox 310 5050 1900 5128">
     <span class='ocr_line' id='line_1_57' title="bbox 310 5050 1900 5128; baseline 0.007 -27"><span class='ocrx_word' id='word_1_437' title='bbox 310 5051 528 5120; x_wconf 84' lang='grc' dir='ltr'>φρονεῖν</span> <span class='ocrx_word' id='word_1_438' title='bbox 574 5050 672 5120; x_wconf 87' lang='grc' dir='ltr'>μὲν</span> <span class='ocrx_word' id='word_1_439' title='bbox 711 5052 819 5105; x_wconf 87' lang='grc' dir='ltr'>τῶν</span> <span class='ocrx_word' id='word_1_440' title='bbox 859 5055 1164 5124; x_wconf 84' lang='grc' dir='ltr'>παρόντων,</span> <span class='ocrx_word' id='word_1_441' title='bbox 1215 5055 1501 5128; x_wconf 75' lang='grc' dir='ltr'>ἐπιθυμεῖν</span> <span class='ocrx_word' id='word_1_442' title='bbox 1545 5058 1600 5111; x_wconf 82' lang='grc' dir='ltr'>δὲ</span> <span class='ocrx_word' id='word_1_443' title='bbox 1632 5059 1738 5111; x_wconf 92' lang='grc' dir='ltr'>τῶν</span> <span class='ocrx_word' id='word_1_444' title='bbox 1775 5059 1900 5128; x_wconf 89' lang='grc' dir='ltr'>μελ-</span> 
     </span>
    </p>
   </div>
   <div class='ocr_carea' id='block_1_58' title="bbox 308 5133 1900 5214">
    <p class='ocr_par' dir='ltr' id='par_1_58' title="bbox 308 5133 1900 5214">
     <span class='ocr_line' id='line_1_58' title="bbox 308 5133 1900 5214; baseline 0.004 -26"><span class='ocrx_word' id='word_1_445' title='bbox 308 5133 512 5188; x_wconf 88' lang='grc' dir='ltr'>λόντων</span> <span class='ocrx_word' id='word_1_446' title='bbox 547 5133 622 5197; x_wconf 86' lang='grc' dir='ltr'>ὼς</span> <span class='ocrx_word' id='word_1_447' title='bbox 659 5137 946 5206; x_wconf 88' lang='grc' dir='ltr'>μενόντων,</span> <span class='ocrx_word' id='word_1_448' title='bbox 983 5138 1076 5191; x_wconf 70' lang='grc' dir='ltr'>καὶ</span> <span class='ocrx_word' id='word_1_449' title='bbox 1124 5139 1222 5210; x_wconf 84' lang='grc' dir='ltr'>τὴν</span> <span class='ocrx_word' id='word_1_450' title='bbox 1257 5139 1526 5210; x_wconf 85' lang='grc' dir='ltr'>βασιλείαν</span> <span class='ocrx_word' id='word_1_451' title='bbox 1560 5143 1772 5212; x_wconf 87' lang='grc' dir='ltr'>ἐκείνην</span> <span class='ocrx_word' id='word_1_452' title='bbox 1801 5141 1900 5214; x_wconf 84' lang='grc' dir='ltr'>ζη-</span> 
     </span>
    </p>
   </div>
   <div class='ocr_carea' id='block_1_59' title="bbox 308 5217 1900 5297">
    <p class='ocr_par' dir='ltr' id='par_1_59' title="bbox 308 5217 1900 5297">
     <span class='ocr_line' id='line_1_59' title="bbox 308 5217 1900 5297; baseline 0.005 -27"><span class='ocrx_word' id='word_1_453' title='bbox 308 5220 421 5271; x_wconf 86' lang='grc' dir='ltr'>τεῖν</span> <span class='ocrx_word' id='word_1_454' title='bbox 447 5217 546 5288; x_wconf 82' lang='grc' dir='ltr'>τὴν</span> <span class='ocrx_word' id='word_1_455' title='bbox 572 5219 818 5292; x_wconf 88' lang='grc' dir='ltr'>οὐράνιον</span> <span class='ocrx_word' id='word_1_456' title='bbox 859 5222 952 5275; x_wconf 57' lang='grc' dir='ltr'>καὶ⁸</span> <span class='ocrx_word' id='word_1_457' title='bbox 979 5223 1214 5288; x_wconf 80' lang='grc' dir='ltr'>αἰώνιον,</span> <span class='ocrx_word' id='word_1_458' title='bbox 1253 5227 1346 5278; x_wconf 80' lang='grc' dir='ltr'>καὶ</span> <span class='ocrx_word' id='word_1_459' title='bbox 1374 5229 1485 5289; x_wconf 87' lang='grc' dir='ltr'>τοῖς</span> <span class='ocrx_word' id='word_1_460' title='bbox 1517 5226 1749 5280; x_wconf 87' lang='grc' dir='ltr'>ἐνταῦθα</span> <span class='ocrx_word' id='word_1_461' title='bbox 1776 5244 1900 5297; x_wconf 86' lang='grc' dir='ltr'>τερ-</span> 
     </span>
    </p>
   </div>
   <div class='ocr_carea' id='block_1_60' title="bbox 309 5303 1898 5383">
    <p class='ocr_par' dir='ltr' id='par_1_60' title="bbox 309 5303 1898 5383">
     <span class='ocr_line' id='line_1_60' title="bbox 309 5303 1898 5383; baseline 0.009 -30"><span class='ocrx_word' id='word_1_462' title='bbox 309 5305 462 5365; x_wconf 90' lang='grc' dir='ltr'>πνοῖς</span> <span class='ocrx_word' id='word_1_463' title='bbox 515 5303 591 5375; x_wconf 83' lang='grc' dir='ltr'>μή</span> <span class='ocrx_word' id='word_1_464' title='bbox 642 5303 988 5374; x_wconf 83' lang='grc' dir='ltr'>κατέχεσθαι,</span> <span class='ocrx_word' id='word_1_465' title='bbox 1047 5307 1120 5377; x_wconf 83' lang='grc' dir='ltr'>μὴ</span> <span class='ocrx_word' id='word_1_466' title='bbox 1165 5309 1431 5378; x_wconf 88' lang='grc' dir='ltr'>σωμάτων</span> <span class='ocrx_word' id='word_1_467' title='bbox 1479 5311 1773 5383; x_wconf 82' lang='grc' dir='ltr'>εὐμορφίᾳ,</span> <span class='ocrx_word' id='word_1_468' title='bbox 1823 5312 1898 5383; x_wconf 82' lang='grc' dir='ltr'>μὴ</span> 
     </span>
    </p>
   </div>
   <div class='ocr_carea' id='block_1_61' title="bbox 308 5385 1900 5465">
    <p class='ocr_par' dir='ltr' id='par_1_61' title="bbox 308 5385 1900 5465">
     <span class='ocr_line' id='line_1_61' title="bbox 308 5385 1900 5465; baseline 0.005 -27"><span class='ocrx_word' id='word_1_469' title='bbox 308 5385 608 5455; x_wconf 83' lang='grc' dir='ltr'>χρημάτων</span> <span class='ocrx_word' id='word_1_470' title='bbox 647 5387 896 5460; x_wconf 83' lang='grc' dir='ltr'>εὐπορίᾳ,</span> <span class='ocrx_word' id='word_1_471' title='bbox 954 5391 1029 5461; x_wconf 83' lang='grc' dir='ltr'>μή</span> <span class='ocrx_word' id='word_1_472' title='bbox 1079 5394 1374 5462; x_wconf 84' lang='grc' dir='ltr'>κτημάτων</span> <span class='ocrx_word' id='word_1_473' title='bbox 1422 5394 1666 5465; x_wconf 79' lang='grc' dir='ltr'>εὐθηνίᾳ,</span> <span class='ocrx_word' id='word_1_474' title='bbox 1716 5395 1788 5464; x_wconf 81' lang='grc' dir='ltr'>μὴ</span> <span class='ocrx_word' id='word_1_475' title='bbox 1831 5395 1900 5448; x_wconf 89' lang='grc' dir='ltr'>λί-</span> 
     </span>
    </p>
   </div>
   <div class='ocr_carea' id='block_1_62' title="bbox 308 5465 1897 5549">
    <p class='ocr_par' dir='ltr' id='par_1_62' title="bbox 308 5465 1897 5549">
     <span class='ocr_line' id='line_1_62' title="bbox 308 5465 1897 5549; baseline 0.007 -29"><span class='ocrx_word' id='word_1_476' title='bbox 308 5465 420 5521; x_wconf 82' lang='grc' dir='ltr'>θων</span> <span class='ocrx_word' id='word_1_477' title='bbox 443 5468 832 5536; x_wconf 85' lang='grc' dir='ltr'>πολυτελείαις,</span> <span class='ocrx_word' id='word_1_478' title='bbox 871 5471 946 5544; x_wconf 83' lang='grc' dir='ltr'>μὴ</span> <span class='ocrx_word' id='word_1_479' title='bbox 973 5473 1136 5527; x_wconf 75' lang='grc' dir='ltr'>οἴκων</span> <span class='ocrx_word' id='word_1_480' title='bbox 1175 5475 1619 5547; x_wconf 85' lang='grc' dir='ltr'>μεγαλουργίαις,</span> <span class='ocrx_word' id='word_1_481' title='bbox 1651 5477 1725 5549; x_wconf 85' lang='grc' dir='ltr'>μὴ</span> <span class='ocrx_word' id='word_1_482' title='bbox 1768 5480 1897 5548; x_wconf 81' lang='grc' dir='ltr'>ἡγε-</span> 
     </span>
    </p>
   </div>
   <div class='ocr_carea' id='block_1_63' title="bbox 376 5648 1897 5718">
    <p class='ocr_par' dir='ltr' id='par_1_63' title="bbox 376 5648 1897 5718">
     <span class='ocr_line' id='line_1_63' title="bbox 376 5648 1897 5718; baseline 0.006 -20"><span class='ocrx_word' id='word_1_483' title='bbox 376 5648 508 5718; x_wconf 55' lang='lat' dir='ltr'>‘_S§c</span> <span class='ocrx_word' id='word_1_484' title='bbox 541 5663 714 5718; x_wconf 56' lang='lat' dir='ltr'>omnes</span> <span class='ocrx_word' id='word_1_485' title='bbox 735 5667 850 5702; x_wconf 85' lang='lat' dir='ltr'>mss.</span> <span class='ocrx_word' id='word_1_486' title='bbox 877 5655 1007 5706; x_wconf 82' lang='lat' dir='ltr'>Edili</span> <span class='ocrx_word' id='word_1_487' title='bbox 1053 5668 1171 5718; x_wconf 60' lang='lat' dir='ltr'>vero</span> <span class='ocrx_word' id='word_1_488' title='bbox 1205 5656 1308 5704; x_wconf 63' lang='lat' dir='ltr'><strong>haec</strong></span> <span class='ocrx_word' id='word_1_489' title='bbox 1350 5671 1444 5704; x_wconf 86' lang='lat' dir='ltr'>non</span> <span class='ocrx_word' id='word_1_490' title='bbox 1489 5657 1694 5718; x_wconf 81' lang='lat' dir='ltr'>habenl,</span> <span class='ocrx_word' id='word_1_491' title='bbox 1737 5661 1897 5707; x_wconf 86' lang='grc' dir='ltr'>καὶτὰ</span> 
     </span>
    </p>
   </div>
   <div class='ocr_carea' id='block_1_64' title="bbox 311 5711 1896 5783">
    <p class='ocr_par' dir='ltr' id='par_1_64' title="bbox 311 5711 1896 5783">
     <span class='ocr_line' id='line_1_64' title="bbox 311 5711 1896 5783; baseline 0.008 -25"><span class='ocrx_word' id='word_1_492' title='bbox 311 5711 417 5783; x_wconf 67' lang='grc' dir='ltr'>περὶ</span> <span class='ocrx_word' id='word_1_493' title='bbox 435 5716 537 5783; x_wconf 39' lang='grc' dir='ltr'>γῆν..</span> <span class='ocrx_word' id='word_1_494' title='bbox 564 5713 714 5763; x_wconf 79' lang='lat' dir='ltr'>Paulo</span> <span class='ocrx_word' id='word_1_495' title='bbox 747 5725 856 5778; x_wconf 77' lang='lat' dir='ltr'>post</span> <span class='ocrx_word' id='word_1_496' title='bbox 879 5721 925 5766; x_wconf 88' lang='lat' dir='ltr'><strong>in</strong></span> <span class='ocrx_word' id='word_1_497' title='bbox 957 5717 1104 5767; x_wconf 77' lang='lat' dir='ltr'>editis</span> <span class='ocrx_word' id='word_1_498' title='bbox 1130 5717 1209 5766; x_wconf 84' lang='grc' dir='ltr'>τὸν</span> <span class='ocrx_word' id='word_1_499' title='bbox 1237 5718 1360 5782; x_wconf 79' lang='grc' dir='ltr'>ἀέρα</span> <span class='ocrx_word' id='word_1_500' title='bbox 1384 5721 1547 5778; x_wconf 73' lang='lat' dir='ltr'>deest,</span> <span class='ocrx_word' id='word_1_501' title='bbox 1571 5721 1658 5769; x_wconf 82' lang='lat' dir='ltr'>sed</span> <span class='ocrx_word' id='word_1_502' title='bbox 1682 5711 1896 5770; x_wconf 71' lang='lat' dir='ltr'>habetur</span> 
     </span>
    </p>
   </div>
   <div class='ocr_carea' id='block_1_65' title="bbox 315 5773 740 5824">
    <p class='ocr_par' dir='ltr' id='par_1_65' title="bbox 315 5773 740 5824">
     <span class='ocr_line' id='line_1_65' title="bbox 315 5773 740 5824; baseline 0.009 -4"><span class='ocrx_word' id='word_1_503' title='bbox 315 5773 367 5820; x_wconf 82' lang='lat' dir='ltr'>in</span> <span class='ocrx_word' id='word_1_504' title='bbox 387 5773 610 5822; x_wconf 80' lang='lat' dir='ltr'><strong>omnibus</strong></span> <span class='ocrx_word' id='word_1_505' title='bbox 627 5789 740 5824; x_wconf 87' lang='lat' dir='ltr'>mss.</span> 
     </span>
    </p>
   </div>
   <div class='ocr_carea' id='block_1_66' title="bbox 2013 448 3594 526">
    <p class='ocr_par' dir='ltr' id='par_1_66' title="bbox 2013 448 3594 526">
     <span class='ocr_line' id='line_1_66' title="bbox 2013 448 3594 526; baseline 0.008 -27"><span class='ocrx_word' id='word_1_506' title='bbox 2013 448 2226 516; x_wconf 83' lang='grc' dir='ltr'>μονίαις</span> <span class='ocrx_word' id='word_1_507' title='bbox 2254 451 2347 503; x_wconf 73' lang='grc' dir='ltr'>καὶ</span> <span class='ocrx_word' id='word_1_508' title='bbox 2376 454 2746 523; x_wconf 84' lang='grc' dir='ltr'>στρατηγίαις,</span> <span class='ocrx_word' id='word_1_509' title='bbox 2773 454 2847 526; x_wconf 84' lang='grc' dir='ltr'>μὴ</span> <span class='ocrx_word' id='word_1_510' title='bbox 2869 451 3145 525; x_wconf 84' lang='grc' dir='ltr'>ἁλουργίδι</span> <span class='ocrx_word' id='word_1_511' title='bbox 3169 455 3261 507; x_wconf 74' lang='grc' dir='ltr'>καὶ</span> <span class='ocrx_word' id='word_1_512' title='bbox 3280 454 3594 526; x_wconf 88' lang='grc' dir='ltr'>διαδήματι,</span> 
     </span>
    </p>
   </div>
   <div class='ocr_carea' id='block_1_67' title="bbox 2011 542 3599 619">
    <p class='ocr_par' dir='ltr' id='par_1_67' title="bbox 2011 542 3599 619">
     <span class='ocr_line' id='line_1_67' title="bbox 2011 542 3599 619; baseline -0.006 -9"><span class='ocrx_word' id='word_1_513' title='bbox 2011 542 2086 612; x_wconf 73' lang='grc' dir='ltr'><strong>μὴ</strong></span> <span class='ocrx_word' id='word_1_514' title='bbox 2127 542 2427 611; x_wconf 59' lang='grc' dir='ltr'>ὀψοποιίαις</span> <span class='ocrx_word' id='word_1_515' title='bbox 2464 547 2558 599; x_wconf 75' lang='grc' dir='ltr'>καὶ</span> <span class='ocrx_word' id='word_1_516' title='bbox 2605 548 2927 614; x_wconf 84' lang='grc' dir='ltr'>καρυκείαις</span> <span class='ocrx_word' id='word_1_517' title='bbox 2956 548 3051 600; x_wconf 76' lang='grc' dir='ltr'>καὶ</span> <span class='ocrx_word' id='word_1_518' title='bbox 3088 546 3452 610; x_wconf 87' lang='grc' dir='ltr'>παντοδαπαῖς</span> <span class='ocrx_word' id='word_1_519' title='bbox 3481 549 3599 619; x_wconf 85' lang='grc' dir='ltr'>χλι-</span> 
     </span>
    </p>
   </div>
   <div class='ocr_carea' id='block_1_68' title="bbox 2006 627 3599 702">
    <p class='ocr_par' dir='ltr' id='par_1_68' title="bbox 2006 627 3599 702">
     <span class='ocr_line' id='line_1_68' title="bbox 2006 627 3599 702; baseline 0.006 -24"><span class='ocrx_word' id='word_1_520' title='bbox 2006 627 2144 690; x_wconf 86' lang='grc' dir='ltr'>δαῖς,</span> <span class='ocrx_word' id='word_1_521' title='bbox 2191 629 2265 699; x_wconf 80' lang='grc' dir='ltr'>μὴ</span> <span class='ocrx_word' id='word_1_522' title='bbox 2307 628 2450 700; x_wconf 81' lang='grc' dir='ltr'>ἄλλῳ</span> <span class='ocrx_word' id='word_1_523' title='bbox 2495 631 2600 682; x_wconf 78' lang='grc' dir='ltr'>τινὶ</span> <span class='ocrx_word' id='word_1_524' title='bbox 2632 631 2737 684; x_wconf 88' lang='grc' dir='ltr'>τῶν</span> <span class='ocrx_word' id='word_1_525' title='bbox 2780 631 2875 694; x_wconf 79' lang='grc' dir='ltr'>τὰς</span> <span class='ocrx_word' id='word_1_526' title='bbox 2920 630 3192 702; x_wconf 80' lang='grc' dir='ltr'>ἡμετέρας</span> <span class='ocrx_word' id='word_1_527' title='bbox 3241 629 3599 694; x_wconf 80' lang='grc' dir='ltr'>δελεαζόντων</span> 
     </span>
    </p>
   </div>
   <div class='ocr_carea' id='block_1_69' title="bbox 2007 711 3597 786">
    <p class='ocr_par' dir='ltr' id='par_1_69' title="bbox 2007 711 3597 786">
     <span class='ocr_line' id='line_1_69' title="bbox 2007 711 3597 786; baseline 0.003 -22"><span class='ocrx_word' id='word_1_528' title='bbox 2007 711 2310 782; x_wconf 87' lang='grc' dir='ltr'>αἰσθήσεις,</span> <span class='ocrx_word' id='word_1_529' title='bbox 2357 711 2487 766; x_wconf 85' lang='grc' dir='ltr'>ἀλλά</span> <span class='ocrx_word' id='word_1_530' title='bbox 2528 716 2662 767; x_wconf 81' lang='grc' dir='ltr'>πᾶσι</span> <span class='ocrx_word' id='word_1_531' title='bbox 2701 715 2910 778; x_wconf 85' lang='grc' dir='ltr'>τούτοις</span> <span class='ocrx_word' id='word_1_532' title='bbox 2957 715 3229 785; x_wconf 73' lang='grc' dir='ltr'>ἐρρῶσθαι</span> <span class='ocrx_word' id='word_1_533' title='bbox 3270 715 3597 786; x_wconf 82' lang='grc' dir='ltr'>φράσαντες,</span> 
     </span>
    </p>
   </div>
   <div class='ocr_carea' id='block_1_70' title="bbox 2005 792 3593 868">
    <p class='ocr_par' dir='ltr' id='par_1_70' title="bbox 2005 792 3593 868">
     <span class='ocr_line' id='line_1_70' title="bbox 2005 792 3593 868; baseline 0.003 -22"><span class='ocrx_word' id='word_1_534' title='bbox 2005 793 2106 863; x_wconf 81' lang='grc' dir='ltr'>τῆς</span> <span class='ocrx_word' id='word_1_535' title='bbox 2134 792 2228 847; x_wconf 87' lang='grc' dir='ltr'>τοῦ</span> <span class='ocrx_word' id='word_1_536' title='bbox 2267 794 2401 847; x_wconf 84' lang='grc' dir='ltr'>Θεοῦ</span> <span class='ocrx_word' id='word_1_537' title='bbox 2439 795 2716 865; x_wconf 87' lang='grc' dir='ltr'>βασιλείας</span> <span class='ocrx_word' id='word_1_538' title='bbox 2762 796 3119 861; x_wconf 86' lang='grc' dir='ltr'>ἀδιαλείπτως</span> <span class='ocrx_word' id='word_1_539' title='bbox 3161 797 3465 868; x_wconf 88' lang='grc' dir='ltr'>ὀρέγεσθαι.</span> <span class='ocrx_word' id='word_1_540' title='bbox 3495 797 3593 852; x_wconf 78' lang='grc' dir='ltr'>Οὖ-</span> 
     </span>
    </p>
   </div>
   <div class='ocr_carea' id='block_1_71' title="bbox 2005 875 3597 952">
    <p class='ocr_par' dir='ltr' id='par_1_71' title="bbox 2005 875 3597 952">
     <span class='ocr_line' id='line_1_71' title="bbox 2005 875 3597 952; baseline 0.004 -23"><span class='ocrx_word' id='word_1_541' title='bbox 2005 893 2114 940; x_wconf 86' lang='grc' dir='ltr'>τως</span> <span class='ocrx_word' id='word_1_542' title='bbox 2153 878 2298 947; x_wconf 78' lang='grc' dir='ltr'>ἡμᾶς</span> <span class='ocrx_word' id='word_1_543' title='bbox 2333 875 2427 932; x_wconf 72' lang='grc' dir='ltr'>καὶ</span> <span class='ocrx_word' id='word_1_544' title='bbox 2455 879 2658 950; x_wconf 91' lang='grc' dir='ltr'>ταύτην</span> <span class='ocrx_word' id='word_1_545' title='bbox 2705 881 2920 947; x_wconf 82' lang='grc' dir='ltr'>διδάξας</span> <span class='ocrx_word' id='word_1_546' title='bbox 2958 882 3056 952; x_wconf 80' lang='grc' dir='ltr'>τὴν</span> <span class='ocrx_word' id='word_1_547' title='bbox 3088 882 3310 952; x_wconf 81' lang='grc' dir='ltr'>ἀρετὴν,</span> <span class='ocrx_word' id='word_1_548' title='bbox 3348 883 3597 936; x_wconf 82' lang='grc' dir='ltr'>ἐκέλευσε</span> 
     </span>
    </p>
   </div>
   <div class='ocr_carea' id='block_1_72' title="bbox 2007 961 3598 1034">
    <p class='ocr_par' dir='ltr' id='par_1_72' title="bbox 2007 961 3598 1034">
     <span class='ocr_line' id='line_1_72' title="bbox 2007 961 3598 1034; baseline 0.004 -21"><span class='ocrx_word' id='word_1_549' title='bbox 2007 961 2213 1028; x_wconf 82' lang='grc' dir='ltr'>λέγειν⁹</span> <span class='ocrx_word' id='word_1_550' title='bbox 2251 963 2573 1028; x_wconf 84' lang='grc' dir='ltr'>Γενηθήτω</span> <span class='ocrx_word' id='word_1_551' title='bbox 2612 965 2680 1017; x_wconf 82' lang='grc' dir='ltr'>τὸ</span> <span class='ocrx_word' id='word_1_552' title='bbox 2722 965 2950 1034; x_wconf 73' lang='grc' dir='ltr'>θέλημὰ</span> <span class='ocrx_word' id='word_1_553' title='bbox 2981 983 3118 1027; x_wconf 83' lang='grc' dir='ltr'>σου,</span> <span class='ocrx_word' id='word_1_554' title='bbox 3153 966 3234 1031; x_wconf 85' lang='grc' dir='ltr'>ὡς</span> <span class='ocrx_word' id='word_1_555' title='bbox 3263 966 3333 1018; x_wconf 82' lang='grc' dir='ltr'>ἐν</span> <span class='ocrx_word' id='word_1_556' title='bbox 3365 965 3598 1034; x_wconf 78' lang='grc' dir='ltr'>οὐρανῷ</span> 
     </span>
    </p>
   </div>
   <div class='ocr_carea' id='block_1_73' title="bbox 2008 1039 3597 1118">
    <p class='ocr_par' dir='ltr' id='par_1_73' title="bbox 2008 1039 3597 1118">
     <span class='ocr_line' id='line_1_73' title="bbox 2008 1039 3597 1118; baseline 0.003 -20"><span class='ocrx_word' id='word_1_557' title='bbox 2008 1043 2106 1098; x_wconf 77' lang='grc' dir='ltr'>καί</span> <span class='ocrx_word' id='word_1_558' title='bbox 2133 1044 2229 1098; x_wconf 76' lang='grc' dir='ltr'>ἐπὶ</span> <span class='ocrx_word' id='word_1_559' title='bbox 2263 1039 2374 1113; x_wconf 84' lang='grc' dir='ltr'>τῆς</span> <span class='ocrx_word' id='word_1_560' title='bbox 2396 1046 2873 1116; x_wconf 72' lang='grc' dir='ltr'>γῆςδέντεθεικὼς</span> <span class='ocrx_word' id='word_1_561' title='bbox 2917 1049 3025 1118; x_wconf 81' lang='grc' dir='ltr'>γὰρ</span> <span class='ocrx_word' id='word_1_562' title='bbox 3061 1050 3191 1118; x_wconf 85' lang='grc' dir='ltr'>ἡμῖν</span> <span class='ocrx_word' id='word_1_563' title='bbox 3228 1049 3337 1102; x_wconf 88' lang='grc' dir='ltr'>τῶν</span> <span class='ocrx_word' id='word_1_564' title='bbox 3378 1049 3597 1118; x_wconf 86' lang='grc' dir='ltr'>μελλόν-</span> 
     </span>
    </p>
   </div>
   <div class='ocr_carea' id='block_1_74' title="bbox 2005 1127 3599 1204">
    <p class='ocr_par' dir='ltr' id='par_1_74' title="bbox 2005 1127 3599 1204">
     <span class='ocr_line' id='line_1_74' title="bbox 2005 1127 3599 1204; baseline 0.003 -24"><span class='ocrx_word' id='word_1_565' title='bbox 2005 1145 2116 1181; x_wconf 89' lang='grc' dir='ltr'>των</span> <span class='ocrx_word' id='word_1_566' title='bbox 2159 1127 2250 1180; x_wconf 83' lang='grc' dir='ltr'>τδν</span> <span class='ocrx_word' id='word_1_567' title='bbox 2283 1128 2482 1200; x_wconf 74' lang='grc' dir='ltr'>ἔρωτα,</span> <span class='ocrx_word' id='word_1_568' title='bbox 2517 1129 2611 1182; x_wconf 75' lang='grc' dir='ltr'>καὶ</span> <span class='ocrx_word' id='word_1_569' title='bbox 2659 1130 2759 1199; x_wconf 82' lang='grc' dir='ltr'>τῆς</span> <span class='ocrx_word' id='word_1_570' title='bbox 2800 1131 3123 1202; x_wconf 81' lang='grc' dir='ltr'>ἐπουρανίου</span> <span class='ocrx_word' id='word_1_571' title='bbox 3181 1131 3454 1200; x_wconf 85' lang='grc' dir='ltr'>βασιλείας</span> <span class='ocrx_word' id='word_1_572' title='bbox 3499 1134 3599 1204; x_wconf 76' lang='grc' dir='ltr'>τὴν</span> 
     </span>
    </p>
   </div>
   <div class='ocr_carea' id='block_1_75' title="bbox 2009 1211 3599 1288">
    <p class='ocr_par' dir='ltr' id='par_1_75' title="bbox 2009 1211 3599 1288">
     <span class='ocr_line' id='line_1_75' title="bbox 2009 1211 3599 1288; baseline 0.004 -24"><span class='ocrx_word' id='word_1_573' title='bbox 2009 1211 2325 1282; x_wconf 83' lang='grc' dir='ltr'>ἐπιθυμίαν,</span> <span class='ocrx_word' id='word_1_574' title='bbox 2361 1214 2454 1266; x_wconf 71' lang='grc' dir='ltr'>καὶ</span> <span class='ocrx_word' id='word_1_575' title='bbox 2483 1214 2697 1284; x_wconf 85' lang='grc' dir='ltr'>τρώσας</span> <span class='ocrx_word' id='word_1_576' title='bbox 2724 1212 2870 1286; x_wconf 79' lang='grc' dir='ltr'>ἡμᾶς</span> <span class='ocrx_word' id='word_1_577' title='bbox 2901 1216 3092 1284; x_wconf 82' lang='grc' dir='ltr'>ἐκείνῳ</span> <span class='ocrx_word' id='word_1_578' title='bbox 3116 1215 3195 1286; x_wconf 85' lang='grc' dir='ltr'>τῷ</span> <span class='ocrx_word' id='word_1_579' title='bbox 3228 1216 3396 1287; x_wconf 81' lang='grc' dir='ltr'>πόθῳ,</span> <span class='ocrx_word' id='word_1_580' title='bbox 3422 1233 3599 1288; x_wconf 87' lang='grc' dir='ltr'>παρα-</span> 
     </span>
    </p>
   </div>
   <div class='ocr_carea' id='block_1_76' title="bbox 2012 1295 3598 1366">
    <p class='ocr_par' dir='ltr' id='par_1_76' title="bbox 2012 1295 3598 1366">
     <span class='ocr_line' id='line_1_76' title="bbox 2012 1295 3598 1366; baseline 0.003 -20"><span class='ocrx_word' id='word_1_581' title='bbox 2012 1295 2263 1358; x_wconf 77' lang='grc' dir='ltr'>σκευάζει</span> <span class='ocrx_word' id='word_1_582' title='bbox 2308 1295 2507 1362; x_wconf 89' lang='grc' dir='ltr'>λέγειν·</span> <span class='ocrx_word' id='word_1_583' title='bbox 2545 1297 2862 1364; x_wconf 73' lang='grc' dir='ltr'>Γενηθήτω</span> <span class='ocrx_word' id='word_1_584' title='bbox 2899 1299 2966 1350; x_wconf 80' lang='grc' dir='ltr'>τὸ</span> <span class='ocrx_word' id='word_1_585' title='bbox 2999 1298 3228 1366; x_wconf 82' lang='grc' dir='ltr'>θέλημά</span> <span class='ocrx_word' id='word_1_586' title='bbox 3259 1315 3396 1360; x_wconf 91' lang='grc' dir='ltr'>σου,</span> <span class='ocrx_word' id='word_1_587' title='bbox 3423 1295 3502 1364; x_wconf 86' lang='grc' dir='ltr'>ὠς</span> <span class='ocrx_word' id='word_1_588' title='bbox 3529 1301 3598 1351; x_wconf 81' lang='grc' dir='ltr'>ἑν</span> 
     </span>
    </p>
   </div>
   <div class='ocr_carea' id='block_1_77' title="bbox 2009 1377 3598 1451">
    <p class='ocr_par' dir='ltr' id='par_1_77' title="bbox 2009 1377 3598 1451">
     <span class='ocr_line' id='line_1_77' title="bbox 2009 1377 3598 1451; baseline 0.003 -19"><span class='ocrx_word' id='word_1_589' title='bbox 2009 1378 2262 1448; x_wconf 63' lang='grc' dir='ltr'>οίερανῷ,</span> <span class='ocrx_word' id='word_1_590' title='bbox 2295 1380 2388 1432; x_wconf 77' lang='grc' dir='ltr'>καὶ</span> <span class='ocrx_word' id='word_1_591' title='bbox 2418 1380 2511 1433; x_wconf 72' lang='grc' dir='ltr'>ἐπὶ</span> <span class='ocrx_word' id='word_1_592' title='bbox 2544 1379 2647 1446; x_wconf 88' lang='grc' dir='ltr'>τῆς</span> <span class='ocrx_word' id='word_1_593' title='bbox 2674 1377 2807 1450; x_wconf 69' lang='grc' dir='ltr'>γῆς.</span> <span class='ocrx_word' id='word_1_594' title='bbox 2840 1381 2938 1444; x_wconf 75' lang='grc' dir='ltr'>Δὸς</span> <span class='ocrx_word' id='word_1_595' title='bbox 2973 1383 3124 1450; x_wconf 87' lang='grc' dir='ltr'>ἡμῖν,</span> <span class='ocrx_word' id='word_1_596' title='bbox 3157 1383 3310 1451; x_wconf 74' lang='grc' dir='ltr'>φησί,</span> <span class='ocrx_word' id='word_1_597' title='bbox 3335 1383 3598 1448; x_wconf 83' lang='grc' dir='ltr'>Δέσποτα,</span> 
     </span>
    </p>
   </div>
   <div class='ocr_carea' id='block_1_78' title="bbox 2009 1458 3600 1534">
    <p class='ocr_par' dir='ltr' id='par_1_78' title="bbox 2009 1458 3600 1534">
     <span class='ocr_line' id='line_1_78' title="bbox 2009 1458 3600 1534; baseline 0.001 -19"><span class='ocrx_word' id='word_1_598' title='bbox 2009 1463 2108 1532; x_wconf 84' lang='grc' dir='ltr'>τὴν</span> <span class='ocrx_word' id='word_1_599' title='bbox 2141 1463 2198 1515; x_wconf 85' lang='grc' dir='ltr'>ἐν</span> <span class='ocrx_word' id='word_1_600' title='bbox 2227 1458 2440 1534; x_wconf 89' lang='grc' dir='ltr'>οὐρανῷ</span> <span class='ocrx_word' id='word_1_601' title='bbox 2473 1464 2755 1532; x_wconf 84' lang='grc' dir='ltr'>μιμεῖσθαι</span> <span class='ocrx_word' id='word_1_602' title='bbox 2799 1465 3092 1526; x_wconf 88' lang='grc' dir='ltr'>πολιτείαν,</span> <span class='ocrx_word' id='word_1_603' title='bbox 3132 1467 3199 1518; x_wconf 85' lang='grc' dir='ltr'>ἵν’</span> <span class='ocrx_word' id='word_1_604' title='bbox 3225 1465 3260 1520; x_wconf 80' lang='grc' dir='ltr'>ἀ</span> <span class='ocrx_word' id='word_1_605' title='bbox 3290 1465 3461 1529; x_wconf 88' lang='grc' dir='ltr'>θέλεις</span> <span class='ocrx_word' id='word_1_606' title='bbox 3500 1467 3600 1519; x_wconf 84' lang='grc' dir='ltr'>αὐ-</span> 
     </span>
    </p>
   </div>
   <div class='ocr_carea' id='block_1_79' title="bbox 2009 1545 3600 1620">
    <p class='ocr_par' dir='ltr' id='par_1_79' title="bbox 2009 1545 3600 1620">
     <span class='ocr_line' id='line_1_79' title="bbox 2009 1545 3600 1620; baseline 0.003 -22"><span class='ocrx_word' id='word_1_607' title='bbox 2009 1545 2120 1609; x_wconf 84' lang='grc' dir='ltr'>τὸς,</span> <span class='ocrx_word' id='word_1_608' title='bbox 2149 1547 2242 1598; x_wconf 77' lang='grc' dir='ltr'>καὶ</span> <span class='ocrx_word' id='word_1_609' title='bbox 2265 1549 2426 1616; x_wconf 86' lang='grc' dir='ltr'>ήμεῖς</span> <span class='ocrx_word' id='word_1_610' title='bbox 2459 1547 2722 1616; x_wconf 84' lang='grc' dir='ltr'>θέλωμεν.</span> <span class='ocrx_word' id='word_1_611' title='bbox 2765 1548 3103 1618; x_wconf 78' lang='grc' dir='ltr'>Ἐπάρκεσον</span> <span class='ocrx_word' id='word_1_612' title='bbox 3130 1549 3307 1600; x_wconf 89' lang='grc' dir='ltr'>τοίνυν</span> <span class='ocrx_word' id='word_1_613' title='bbox 3343 1549 3600 1620; x_wconf 87' lang='grc' dir='ltr'>προαιρέ-</span> 
     </span>
    </p>
   </div>
   <div class='ocr_carea' id='block_1_80' title="bbox 2012 1625 3599 1702">
    <p class='ocr_par' dir='ltr' id='par_1_80' title="bbox 2012 1625 3599 1702">
     <span class='ocr_line' id='line_1_80' title="bbox 2012 1625 3599 1702; baseline 0.003 -22"><span class='ocrx_word' id='word_1_614' title='bbox 2012 1645 2093 1681; x_wconf 92' lang='grc' dir='ltr'>σει</span> <span class='ocrx_word' id='word_1_615' title='bbox 2127 1629 2431 1702; x_wconf 86' lang='grc' dir='ltr'>καμνούσῃ,</span> <span class='ocrx_word' id='word_1_616' title='bbox 2459 1629 2554 1682; x_wconf 78' lang='grc' dir='ltr'>καὶ</span> <span class='ocrx_word' id='word_1_617' title='bbox 2586 1632 2760 1682; x_wconf 86' lang='grc' dir='ltr'>ποιεῖν</span> <span class='ocrx_word' id='word_1_618' title='bbox 2789 1632 2885 1700; x_wconf 79' lang='grc' dir='ltr'>μὲν</span> <span class='ocrx_word' id='word_1_619' title='bbox 2915 1625 3252 1702; x_wconf 79' lang='grc' dir='ltr'>ἐπιθυμούση</span> <span class='ocrx_word' id='word_1_620' title='bbox 3275 1631 3344 1684; x_wconf 79' lang='grc' dir='ltr'>τά</span> <span class='ocrx_word' id='word_1_621' title='bbox 3377 1632 3465 1695; x_wconf 88' lang='grc' dir='ltr'>σά,</span> <span class='ocrx_word' id='word_1_622' title='bbox 3494 1629 3599 1686; x_wconf 79' lang='grc' dir='ltr'>ὑπὸ</span> 
     </span>
    </p>
   </div>
   <div class='ocr_carea' id='block_1_81' title="bbox 2009 1711 3599 1786">
    <p class='ocr_par' dir='ltr' id='par_1_81' title="bbox 2009 1711 3599 1786">
     <span class='ocr_line' id='line_1_81' title="bbox 2009 1711 3599 1786; baseline 0.003 -23"><span class='ocrx_word' id='word_1_623' title='bbox 2009 1711 2065 1764; x_wconf 85' lang='grc' dir='ltr'>δὲ</span> <span class='ocrx_word' id='word_1_624' title='bbox 2106 1711 2203 1782; x_wconf 84' lang='grc' dir='ltr'>τῆς</span> <span class='ocrx_word' id='word_1_625' title='bbox 2245 1711 2338 1764; x_wconf 89' lang='grc' dir='ltr'>τοῦ</span> <span class='ocrx_word' id='word_1_626' title='bbox 2388 1711 2636 1782; x_wconf 85' lang='grc' dir='ltr'>σώματος</span> <span class='ocrx_word' id='word_1_627' title='bbox 2681 1713 2965 1777; x_wconf 83' lang='grc' dir='ltr'>ἀσθενείας</span> <span class='ocrx_word' id='word_1_628' title='bbox 3015 1713 3362 1786; x_wconf 82' lang='grc' dir='ltr'>κωλυομένῃ·</span> <span class='ocrx_word' id='word_1_629' title='bbox 3413 1714 3599 1785; x_wconf 81' lang='grc' dir='ltr'>δρεξον</span> 
     </span>
    </p>
   </div>
   <div class='ocr_carea' id='block_1_82' title="bbox 2011 1795 3600 1866">
    <p class='ocr_par' dir='ltr' id='par_1_82' title="bbox 2011 1795 3600 1866">
     <span class='ocr_line' id='line_1_82' title="bbox 2011 1795 3600 1866; baseline 0.003 -20"><span class='ocrx_word' id='word_1_630' title='bbox 2011 1797 2166 1865; x_wconf 90' lang='grc' dir='ltr'>χεῖρα</span> <span class='ocrx_word' id='word_1_631' title='bbox 2214 1797 2326 1858; x_wconf 90' lang='grc' dir='ltr'>τοῖς</span> <span class='ocrx_word' id='word_1_632' title='bbox 2377 1795 2591 1865; x_wconf 88' lang='grc' dir='ltr'>τρέχειν</span> <span class='ocrx_word' id='word_1_633' title='bbox 2643 1797 2742 1865; x_wconf 84' lang='grc' dir='ltr'>μὲν</span> <span class='ocrx_word' id='word_1_634' title='bbox 2797 1796 3192 1866; x_wconf 79' lang='grc' dir='ltr'>ἐπειγομένοις,</span> <span class='ocrx_word' id='word_1_635' title='bbox 3247 1797 3502 1865; x_wconf 87' lang='grc' dir='ltr'>χωλεύειν</span> <span class='ocrx_word' id='word_1_636' title='bbox 3541 1797 3600 1850; x_wconf 73' lang='grc' dir='ltr'>δὲ</span> 
     </span>
    </p>
   </div>
   <div class='ocr_carea' id='block_1_83' title="bbox 2010 1877 3601 1953">
    <p class='ocr_par' dir='ltr' id='par_1_83' title="bbox 2010 1877 3601 1953">
     <span class='ocr_line' id='line_1_83' title="bbox 2010 1877 3601 1953; baseline 0.003 -23"><span class='ocrx_word' id='word_1_637' title='bbox 2010 1877 2466 1948; x_wconf 80' lang='grc' dir='ltr'>ἠναγκασμένοις.</span> <span class='ocrx_word' id='word_1_638' title='bbox 2511 1877 2845 1949; x_wconf 85' lang='grc' dir='ltr'>’Υπόπτερος</span> <span class='ocrx_word' id='word_1_639' title='bbox 2897 1882 2928 1949; x_wconf 83' lang='grc' dir='ltr'>ἠ</span> <span class='ocrx_word' id='word_1_640' title='bbox 2975 1879 3141 1950; x_wconf 71' lang='grc' dir='ltr'>ψυχὴ,</span> <span class='ocrx_word' id='word_1_641' title='bbox 3192 1880 3326 1932; x_wconf 79' lang='grc' dir='ltr'>ἀλλὰ</span> <span class='ocrx_word' id='word_1_642' title='bbox 3380 1881 3601 1953; x_wconf 81' lang='grc' dir='ltr'>βαρύνει</span> 
     </span>
    </p>
   </div>
   <div class='ocr_carea' id='block_1_84' title="bbox 2010 1959 3601 2034">
    <p class='ocr_par' dir='ltr' id='par_1_84' title="bbox 2010 1959 3601 2034">
     <span class='ocr_line' id='line_1_84' title="bbox 2010 1959 3601 2034; baseline 0.003 -22"><span class='ocrx_word' id='word_1_643' title='bbox 2010 1959 2214 2030; x_wconf 88' lang='grc' dir='ltr'>ταύτην</span> <span class='ocrx_word' id='word_1_644' title='bbox 2246 1961 2279 2030; x_wconf 84' lang='grc' dir='ltr'>ἡ</span> <span class='ocrx_word' id='word_1_645' title='bbox 2315 1960 2482 2031; x_wconf 78' lang='grc' dir='ltr'>σάρξ’</span> <span class='ocrx_word' id='word_1_646' title='bbox 2511 1961 2658 2026; x_wconf 78' lang='grc' dir='ltr'>ὀξεῖα</span> <span class='ocrx_word' id='word_1_647' title='bbox 2697 1963 2878 2030; x_wconf 85' lang='grc' dir='ltr'>ἐκείνη</span> <span class='ocrx_word' id='word_1_648' title='bbox 2912 1962 3048 2033; x_wconf 82' lang='grc' dir='ltr'>πρὸς</span> <span class='ocrx_word' id='word_1_649' title='bbox 3081 1963 3148 2016; x_wconf 78' lang='grc' dir='ltr'>τά</span> <span class='ocrx_word' id='word_1_650' title='bbox 3182 1965 3428 2034; x_wconf 87' lang='grc' dir='ltr'>οὐράνια,</span> <span class='ocrx_word' id='word_1_651' title='bbox 3465 1965 3601 2017; x_wconf 76' lang='grc' dir='ltr'>ἀλλὰ</span> 
     </span>
    </p>
   </div>
   <div class='ocr_carea' id='block_1_85' title="bbox 2013 2043 3602 2117">
    <p class='ocr_par' dir='ltr' id='par_1_85' title="bbox 2013 2043 3602 2117">
     <span class='ocr_line' id='line_1_85' title="bbox 2013 2043 3602 2117; baseline 0.002 -20"><span class='ocrx_word' id='word_1_652' title='bbox 2013 2043 2233 2116; x_wconf 86' lang='grc' dir='ltr'>βραδεῖα</span> <span class='ocrx_word' id='word_1_653' title='bbox 2263 2043 2399 2115; x_wconf 74' lang='grc' dir='ltr'>αὕτη</span> <span class='ocrx_word' id='word_1_654' title='bbox 2433 2044 2568 2115; x_wconf 73' lang='grc' dir='ltr'>πρὸς</span> <span class='ocrx_word' id='word_1_655' title='bbox 2601 2044 2671 2097; x_wconf 84' lang='grc' dir='ltr'>τὰ</span> <span class='ocrx_word' id='word_1_656' title='bbox 2715 2045 2932 2112; x_wconf 80' lang='grc' dir='ltr'>ἐπίγεια</span> <span class='ocrx_word' id='word_1_657' title='bbox 2954 2061 2965 2072; x_wconf 90' lang='grc'><strong>·</strong></span> <span class='ocrx_word' id='word_1_658' title='bbox 3001 2047 3101 2115; x_wconf 83' lang='grc' dir='ltr'>τῆς</span> <span class='ocrx_word' id='word_1_659' title='bbox 3137 2045 3194 2098; x_wconf 86' lang='grc' dir='ltr'>δέ</span> <span class='ocrx_word' id='word_1_660' title='bbox 3222 2047 3318 2116; x_wconf 82' lang='grc' dir='ltr'>σῆς</span> <span class='ocrx_word' id='word_1_661' title='bbox 3351 2045 3602 2117; x_wconf 81' lang='grc' dir='ltr'>βοηθείας</span> 
     </span>
    </p>
   </div>
   <div class='ocr_carea' id='block_1_86' title="bbox 2012 2127 3602 2199">
    <p class='ocr_par' dir='ltr' id='par_1_86' title="bbox 2012 2127 3602 2199">
     <span class='ocr_line' id='line_1_86' title="bbox 2012 2127 3602 2199; baseline 0.002 -18"><span class='ocrx_word' id='word_1_662' title='bbox 2012 2128 2314 2199; x_wconf 84' lang='grc' dir='ltr'>παρούσης,</span> <span class='ocrx_word' id='word_1_663' title='bbox 2346 2127 2497 2180; x_wconf 80' lang='grc' dir='ltr'>ἔσται</span> <span class='ocrx_word' id='word_1_664' title='bbox 2529 2128 2728 2181; x_wconf 74' lang='grc' dir='ltr'>δυνατά</span> <span class='ocrx_word' id='word_1_665' title='bbox 2758 2130 2849 2181; x_wconf 78' lang='grc' dir='ltr'>καὶ</span> <span class='ocrx_word' id='word_1_666' title='bbox 2885 2129 2952 2182; x_wconf 82' lang='grc' dir='ltr'>τά</span> <span class='ocrx_word' id='word_1_667' title='bbox 2977 2129 3096 2182; x_wconf 90' lang='grc' dir='ltr'>λίαν</span> <span class='ocrx_word' id='word_1_668' title='bbox 3119 2129 3377 2182; x_wconf 90' lang='grc' dir='ltr'>ἀδύνατα.</span> <span class='ocrx_word' id='word_1_669' title='bbox 3409 2133 3602 2198; x_wconf 66' lang='grc' dir='ltr'>Γενηδ</span> 
     </span>
    </p>
   </div>
   <div class='ocr_carea' id='block_1_87' title="bbox 2011 2209 3602 2281">
    <p class='ocr_par' dir='ltr' id='par_1_87' title="bbox 2011 2209 3602 2281">
     <span class='ocr_line' id='line_1_87' title="bbox 2011 2209 3602 2281; baseline 0.001 -15"><span class='ocrx_word' id='word_1_670' title='bbox 2011 2209 2168 2277; x_wconf 87' lang='grc' dir='ltr'>θήτω</span> <span class='ocrx_word' id='word_1_671' title='bbox 2205 2211 2384 2264; x_wconf 87' lang='grc' dir='ltr'>τοίνυν</span> <span class='ocrx_word' id='word_1_672' title='bbox 2433 2209 2501 2263; x_wconf 83' lang='grc' dir='ltr'>τὸ</span> <span class='ocrx_word' id='word_1_673' title='bbox 2533 2210 2762 2280; x_wconf 74' lang='grc' dir='ltr'>θέλημά</span> <span class='ocrx_word' id='word_1_674' title='bbox 2804 2228 2942 2278; x_wconf 86' lang='grc' dir='ltr'>σου,</span> <span class='ocrx_word' id='word_1_675' title='bbox 2995 2211 3077 2278; x_wconf 86' lang='grc' dir='ltr'>ὡς</span> <span class='ocrx_word' id='word_1_676' title='bbox 3110 2211 3179 2264; x_wconf 78' lang='grc' dir='ltr'>ἐν</span> <span class='ocrx_word' id='word_1_677' title='bbox 3213 2211 3472 2281; x_wconf 63' lang='grc' dir='ltr'>οίιρανῷ,</span> <span class='ocrx_word' id='word_1_678' title='bbox 3500 2215 3602 2268; x_wconf 75' lang='grc' dir='ltr'>καὶ</span> 
     </span>
    </p>
   </div>
   <div class='ocr_carea' id='block_1_88' title="bbox 2010 2293 2413 2362">
    <p class='ocr_par' dir='ltr' id='par_1_88' title="bbox 2010 2293 2413 2362">
     <span class='ocr_line' id='line_1_88' title="bbox 2010 2293 2413 2362; baseline -0.002 -1"><span class='ocrx_word' id='word_1_679' title='bbox 2010 2294 2108 2348; x_wconf 77' lang='grc' dir='ltr'>ἐπὶ</span> <span class='ocrx_word' id='word_1_680' title='bbox 2141 2294 2253 2362; x_wconf 79' lang='grc' dir='ltr'>τῆς</span> <span class='ocrx_word' id='word_1_681' title='bbox 2281 2293 2413 2362; x_wconf 75' lang='grc' dir='ltr'>γῆςο</span> 
     </span>
    </p>
   </div>
   <div class='ocr_carea' id='block_1_89' title="bbox 2082 2378 3604 2453">
    <p class='ocr_par' dir='ltr' id='par_1_89' title="bbox 2082 2378 3604 2453">
     <span class='ocr_line' id='line_1_89' title="bbox 2082 2378 3604 2453; baseline 0.002 -21"><span class='ocrx_word' id='word_1_682' title='bbox 2082 2378 2143 2433; x_wconf 84' lang='grc' dir='ltr'>ε’.</span> <span class='ocrx_word' id='word_1_683' title='bbox 2173 2380 2283 2433; x_wconf 74' lang='grc' dir='ltr'>Καὶ</span> <span class='ocrx_word' id='word_1_684' title='bbox 2309 2379 2495 2448; x_wconf 83' lang='grc' dir='ltr'>ἐπειδὴ</span> <span class='ocrx_word' id='word_1_685' title='bbox 2510 2379 2611 2448; x_wconf 82' lang='grc' dir='ltr'>τῆς</span> <span class='ocrx_word' id='word_1_686' title='bbox 2639 2378 2743 2448; x_wconf 82' lang='grc' dir='ltr'>γῆς</span> <span class='ocrx_word' id='word_1_687' title='bbox 2760 2379 3152 2450; x_wconf 82' lang='grc' dir='ltr'>ἐμνημόνευσε,</span> <span class='ocrx_word' id='word_1_688' title='bbox 3170 2380 3328 2453; x_wconf 84' lang='grc' dir='ltr'>χρεία</span> <span class='ocrx_word' id='word_1_689' title='bbox 3343 2381 3396 2434; x_wconf 81' lang='grc' dir='ltr'>δὲ</span> <span class='ocrx_word' id='word_1_690' title='bbox 3408 2383 3518 2445; x_wconf 89' lang='grc' dir='ltr'>τοῖς</span> <span class='ocrx_word' id='word_1_691' title='bbox 3542 2380 3604 2448; x_wconf 82' lang='grc' dir='ltr'>ἐξ</span> 
     </span>
    </p>
   </div>
   <div class='ocr_carea' id='block_1_90' title="bbox 2010 2461 3602 2534">
    <p class='ocr_par' dir='ltr' id='par_1_90' title="bbox 2010 2461 3602 2534">
     <span class='ocr_line' id='line_1_90' title="bbox 2010 2461 3602 2534; baseline 0.001 -18"><span class='ocrx_word' id='word_1_692' title='bbox 2010 2461 2181 2532; x_wconf 85' lang='grc' dir='ltr'>αὐτῆς</span> <span class='ocrx_word' id='word_1_693' title='bbox 2226 2464 2612 2532; x_wconf 85' lang='grc' dir='ltr'>γεγενημένοις</span> <span class='ocrx_word' id='word_1_694' title='bbox 2658 2462 2752 2514; x_wconf 75' lang='grc' dir='ltr'>καὶ</span> <span class='ocrx_word' id='word_1_695' title='bbox 2793 2464 2851 2514; x_wconf 86' lang='grc' dir='ltr'>ἐν</span> <span class='ocrx_word' id='word_1_696' title='bbox 2902 2462 3036 2534; x_wconf 82' lang='grc' dir='ltr'>αὐτῇ</span> <span class='ocrx_word' id='word_1_697' title='bbox 3074 2463 3465 2534; x_wconf 83' lang='grc' dir='ltr'>διαιτωμένοις,</span> <span class='ocrx_word' id='word_1_698' title='bbox 3505 2467 3602 2517; x_wconf 77' lang='grc' dir='ltr'>καὶ</span> 
     </span>
    </p>
   </div>
   <div class='ocr_carea' id='block_1_91' title="bbox 2010 2546 3599 2619">
    <p class='ocr_par' dir='ltr' id='par_1_91' title="bbox 2010 2546 3599 2619">
     <span class='ocr_line' id='line_1_91' title="bbox 2010 2546 3599 2619; baseline 0.003 -21"><span class='ocrx_word' id='word_1_699' title='bbox 2010 2546 2238 2617; x_wconf 85' lang='grc' dir='ltr'>γηγενὲς</span> <span class='ocrx_word' id='word_1_700' title='bbox 2292 2546 2450 2615; x_wconf 87' lang='grc' dir='ltr'>σῶμα</span> <span class='ocrx_word' id='word_1_701' title='bbox 2511 2546 2934 2616; x_wconf 88' lang='grc' dir='ltr'>περικειμένοις.</span> <span class='ocrx_word' id='word_1_702' title='bbox 2970 2547 3064 2598; x_wconf 78' lang='grc' dir='ltr'>καί</span> <span class='ocrx_word' id='word_1_703' title='bbox 3119 2547 3216 2618; x_wconf 84' lang='grc' dir='ltr'>τῆς</span> <span class='ocrx_word' id='word_1_704' title='bbox 3266 2549 3599 2619; x_wconf 85' lang='grc' dir='ltr'>καταλλήλου</span> 
     </span>
    </p>
   </div>
   <div class='ocr_carea' id='block_1_92' title="bbox 2009 2628 3603 2700">
    <p class='ocr_par' dir='ltr' id='par_1_92' title="bbox 2009 2628 3603 2700">
     <span class='ocr_line' id='line_1_92' title="bbox 2009 2628 3603 2700; baseline -0.006 -6"><span class='ocrx_word' id='word_1_705' title='bbox 2009 2629 2233 2699; x_wconf 80' lang='grc' dir='ltr'>τροφῆς,</span> <span class='ocrx_word' id='word_1_706' title='bbox 2269 2628 2581 2697; x_wconf 79' lang='grc' dir='ltr'>ἀναγκαίως</span> <span class='ocrx_word' id='word_1_707' title='bbox 2619 2630 2890 2699; x_wconf 81' lang='grc' dir='ltr'>ἐπήγαγεο</span> <span class='ocrx_word' id='word_1_708' title='bbox 2929 2629 3040 2684; x_wconf 82' lang='grc' dir='ltr'>Τὸν</span> <span class='ocrx_word' id='word_1_709' title='bbox 3071 2630 3256 2700; x_wconf 73' lang='grc' dir='ltr'>ἄρτον</span> <span class='ocrx_word' id='word_1_710' title='bbox 3288 2631 3456 2700; x_wconf 81' lang='grc' dir='ltr'>ήμῶν</span> <span class='ocrx_word' id='word_1_711' title='bbox 3493 2633 3603 2685; x_wconf 78' lang='grc' dir='ltr'>τὸν</span> 
     </span>
    </p>
   </div>
   <div class='ocr_carea' id='block_1_93' title="bbox 2009 2711 3604 2784">
    <p class='ocr_par' dir='ltr' id='par_1_93' title="bbox 2009 2711 3604 2784">
     <span class='ocr_line' id='line_1_93' title="bbox 2009 2711 3604 2784; baseline 0.003 -20"><span class='ocrx_word' id='word_1_712' title='bbox 2009 2711 2321 2765; x_wconf 78' lang='grc' dir='ltr'>ἐπιούσιον</span> <span class='ocrx_word' id='word_1_713' title='bbox 2348 2711 2454 2778; x_wconf 80' lang='grc' dir='ltr'>δὸς</span> <span class='ocrx_word' id='word_1_714' title='bbox 2487 2711 2631 2781; x_wconf 79' lang='grc' dir='ltr'>ἡμῖν</span> <span class='ocrx_word' id='word_1_715' title='bbox 2653 2712 2940 2780; x_wconf 81' lang='grc' dir='ltr'>σήμερον.</span> <span class='ocrx_word' id='word_1_716' title='bbox 2971 2713 3169 2784; x_wconf 82' lang='grc' dir='ltr'>Ἀρτον</span> <span class='ocrx_word' id='word_1_717' title='bbox 3201 2715 3481 2768; x_wconf 86' lang='grc' dir='ltr'>ἐκέλευσεν</span> <span class='ocrx_word' id='word_1_718' title='bbox 3518 2719 3604 2768; x_wconf 83' lang='grc' dir='ltr'>αἱ·</span> 
     </span>
    </p>
   </div>
   <div class='ocr_carea' id='block_1_94' title="bbox 2007 2794 3599 2869">
    <p class='ocr_par' dir='ltr' id='par_1_94' title="bbox 2007 2794 3599 2869">
     <span class='ocr_line' id='line_1_94' title="bbox 2007 2794 3599 2869; baseline 0.003 -22"><span class='ocrx_word' id='word_1_719' title='bbox 2007 2797 2120 2847; x_wconf 90' lang='grc' dir='ltr'>τεῖν</span> <span class='ocrx_word' id='word_1_720' title='bbox 2155 2795 2448 2858; x_wconf 86' lang='grc' dir='ltr'>ἐπιούσιον,</span> <span class='ocrx_word' id='word_1_721' title='bbox 2483 2795 2542 2848; x_wconf 86' lang='grc' dir='ltr'>οὐ</span> <span class='ocrx_word' id='word_1_722' title='bbox 2581 2794 2810 2867; x_wconf 81' lang='grc' dir='ltr'>τρυφὴν,</span> <span class='ocrx_word' id='word_1_723' title='bbox 2847 2796 2984 2849; x_wconf 82' lang='grc' dir='ltr'>ἀλλά</span> <span class='ocrx_word' id='word_1_724' title='bbox 3017 2799 3243 2867; x_wconf 76' lang='grc' dir='ltr'>τροφὴν,</span> <span class='ocrx_word' id='word_1_725' title='bbox 3278 2798 3374 2869; x_wconf 79' lang='grc' dir='ltr'>τὴν</span> <span class='ocrx_word' id='word_1_726' title='bbox 3413 2797 3472 2850; x_wconf 80' lang='grc' dir='ltr'>τὸ</span> <span class='ocrx_word' id='word_1_727' title='bbox 3511 2800 3599 2851; x_wconf 81' lang='grc' dir='ltr'>ἐλ-</span> 
     </span>
    </p>
   </div>
   <div class='ocr_carea' id='block_1_95' title="bbox 2009 2876 3597 2953">
    <p class='ocr_par' dir='ltr' id='par_1_95' title="bbox 2009 2876 3597 2953">
     <span class='ocr_line' id='line_1_95' title="bbox 2009 2876 3597 2953; baseline 0.003 -24"><span class='ocrx_word' id='word_1_728' title='bbox 2009 2877 2190 2931; x_wconf 90' lang='grc' dir='ltr'>λεῖπον</span> <span class='ocrx_word' id='word_1_729' title='bbox 2212 2876 2632 2948; x_wconf 86' lang='grc' dir='ltr'>ἀναπληροῦσαν</span> <span class='ocrx_word' id='word_1_730' title='bbox 2665 2879 2760 2931; x_wconf 91' lang='grc' dir='ltr'>τοῦ</span> <span class='ocrx_word' id='word_1_731' title='bbox 2793 2879 3064 2950; x_wconf 81' lang='grc' dir='ltr'>σώματος,</span> <span class='ocrx_word' id='word_1_732' title='bbox 3097 2881 3192 2934; x_wconf 74' lang='grc' dir='ltr'>καὶ</span> <span class='ocrx_word' id='word_1_733' title='bbox 3228 2881 3320 2934; x_wconf 80' lang='grc' dir='ltr'>τὸν</span> <span class='ocrx_word' id='word_1_734' title='bbox 3347 2884 3410 2934; x_wconf 85' lang='grc' dir='ltr'>ἐκ</span> <span class='ocrx_word' id='word_1_735' title='bbox 3439 2881 3597 2953; x_wconf 74' lang='grc' dir='ltr'>λιμοῦ</span> 
     </span>
    </p>
   </div>
   <div class='ocr_carea' id='block_1_96' title="bbox 2008 2959 3594 3034">
    <p class='ocr_par' dir='ltr' id='par_1_96' title="bbox 2008 2959 3594 3034">
     <span class='ocr_line' id='line_1_96' title="bbox 2008 2959 3594 3034; baseline 0.002 -21"><span class='ocrx_word' id='word_1_736' title='bbox 2008 2959 2323 3015; x_wconf 88' lang='grc' dir='ltr'>κωλύουσαν</span> <span class='ocrx_word' id='word_1_737' title='bbox 2365 2960 2623 3014; x_wconf 76' lang='grc' dir='ltr'>θάνατον’</span> <span class='ocrx_word' id='word_1_738' title='bbox 2657 2961 2713 3014; x_wconf 88' lang='grc' dir='ltr'>οὐ</span> <span class='ocrx_word' id='word_1_739' title='bbox 2760 2961 3038 3032; x_wconf 78' lang='grc' dir='ltr'>τραπέζας</span> <span class='ocrx_word' id='word_1_740' title='bbox 3080 2963 3512 3034; x_wconf 83' lang='grc' dir='ltr'>φλεγμαινούσας</span> <span class='ocrx_word' id='word_1_741' title='bbox 3548 2965 3594 3016; x_wconf 75' lang='grc'>1³.</span> 
     </span>
    </p>
   </div>
   <div class='ocr_carea' id='block_1_97' title="bbox 2007 3041 3588 3116">
    <p class='ocr_par' dir='ltr' id='par_1_97' title="bbox 2007 3041 3588 3116">
     <span class='ocr_line' id='line_1_97' title="bbox 2007 3041 3588 3116; baseline 0.003 -21"><span class='ocrx_word' id='word_1_742' title='bbox 2007 3041 2128 3096; x_wconf 87' lang='grc' dir='ltr'>οὐδὲ</span> <span class='ocrx_word' id='word_1_743' title='bbox 2165 3043 2310 3112; x_wconf 73' lang='grc' dir='ltr'>ὄψων</span> <span class='ocrx_word' id='word_1_744' title='bbox 2345 3043 2638 3107; x_wconf 89' lang='grc' dir='ltr'>ποικιλίας,</span> <span class='ocrx_word' id='word_1_745' title='bbox 2671 3044 2765 3097; x_wconf 76' lang='grc' dir='ltr'>καὶ</span> <span class='ocrx_word' id='word_1_746' title='bbox 2804 3044 3075 3114; x_wconf 79' lang='grc' dir='ltr'>ὀψοποιῶν</span> <span class='ocrx_word' id='word_1_747' title='bbox 3111 3048 3468 3116; x_wconf 87' lang='grc' dir='ltr'>μαγγανείας.</span> <span class='ocrx_word' id='word_1_748' title='bbox 3505 3050 3588 3100; x_wconf 84' lang='lat' dir='ltr'>xa‘</span> 
     </span>
    </p>
   </div>
   <div class='ocr_carea' id='block_1_98' title="bbox 2005 3125 3599 3200">
    <p class='ocr_par' dir='ltr' id='par_1_98' title="bbox 2005 3125 3599 3200">
     <span class='ocr_line' id='line_1_98' title="bbox 2005 3125 3599 3200; baseline 0.003 -22"><span class='ocrx_word' id='word_1_749' title='bbox 2005 3125 2312 3196; x_wconf 88' lang='grc' dir='ltr'>ἀρτοποιῶν</span> <span class='ocrx_word' id='word_1_750' title='bbox 2343 3127 2604 3190; x_wconf 85' lang='grc' dir='ltr'>ἐπινοίας,</span> <span class='ocrx_word' id='word_1_751' title='bbox 2637 3127 2730 3180; x_wconf 84' lang='grc' dir='ltr'>καὶ</span> <span class='ocrx_word' id='word_1_752' title='bbox 2758 3127 2934 3192; x_wconf 83' lang='grc' dir='ltr'>οἴνους</span> <span class='ocrx_word' id='word_1_753' title='bbox 2968 3129 3283 3200; x_wconf 89' lang='grc' dir='ltr'>ἀνθοσμίας,</span> <span class='ocrx_word' id='word_1_754' title='bbox 3311 3131 3405 3184; x_wconf 71' lang='grc' dir='ltr'>καὶ</span> <span class='ocrx_word' id='word_1_755' title='bbox 3435 3131 3599 3185; x_wconf 80' lang='grc' dir='ltr'>τᾶλλα</span> 
     </span>
    </p>
   </div>
   <div class='ocr_carea' id='block_1_99' title="bbox 2006 3208 3598 3285">
    <p class='ocr_par' dir='ltr' id='par_1_99' title="bbox 2006 3208 3598 3285">
     <span class='ocr_line' id='line_1_99' title="bbox 2006 3208 3598 3285; baseline 0.003 -25"><span class='ocrx_word' id='word_1_756' title='bbox 2006 3208 2107 3262; x_wconf 82' lang='grc' dir='ltr'>ὅσα</span> <span class='ocrx_word' id='word_1_757' title='bbox 2136 3209 2227 3262; x_wconf 79' lang='grc' dir='ltr'>τὸν</span> <span class='ocrx_word' id='word_1_758' title='bbox 2263 3210 2360 3280; x_wconf 81' lang='grc' dir='ltr'>μὲν</span> <span class='ocrx_word' id='word_1_759' title='bbox 2393 3208 2588 3280; x_wconf 82' lang='grc' dir='ltr'>λαιμὸν</span> <span class='ocrx_word' id='word_1_760' title='bbox 2613 3209 2814 3280; x_wconf 89' lang='grc' dir='ltr'>ήδύνει,</span> <span class='ocrx_word' id='word_1_761' title='bbox 2844 3211 2941 3283; x_wconf 80' lang='grc' dir='ltr'>τὴν</span> <span class='ocrx_word' id='word_1_762' title='bbox 2969 3212 3025 3266; x_wconf 81' lang='grc' dir='ltr'>δὲ</span> <span class='ocrx_word' id='word_1_763' title='bbox 3057 3213 3298 3285; x_wconf 88' lang='grc' dir='ltr'>γαστέρα</span> <span class='ocrx_word' id='word_1_764' title='bbox 3332 3214 3598 3285; x_wconf 85' lang='grc' dir='ltr'>φορτίζει,</span> 
     </span>
    </p>
   </div>
   <div class='ocr_carea' id='block_1_100' title="bbox 2005 3291 3601 3367">
    <p class='ocr_par' dir='ltr' id='par_1_100' title="bbox 2005 3291 3601 3367">
     <span class='ocr_line' id='line_1_100' title="bbox 2005 3291 3601 3367; baseline 0.004 -23"><span class='ocrx_word' id='word_1_765' title='bbox 2005 3292 2105 3362; x_wconf 83' lang='grc' dir='ltr'>τὴν</span> <span class='ocrx_word' id='word_1_766' title='bbox 2131 3291 2186 3344; x_wconf 86' lang='grc' dir='ltr'>δὲ</span> <span class='ocrx_word' id='word_1_767' title='bbox 2210 3293 2449 3346; x_wconf 85' lang='grc' dir='ltr'>διάνοιαν</span> <span class='ocrx_word' id='word_1_768' title='bbox 2487 3292 2744 3357; x_wconf 80' lang='grc' dir='ltr'>σκοτίζει,</span> <span class='ocrx_word' id='word_1_769' title='bbox 2784 3294 2877 3348; x_wconf 76' lang='grc' dir='ltr'>καὶ</span> <span class='ocrx_word' id='word_1_770' title='bbox 2916 3298 3143 3366; x_wconf 83' lang='grc' dir='ltr'>σκιρτᾷν</span> <span class='ocrx_word' id='word_1_771' title='bbox 3173 3296 3232 3350; x_wconf 84' lang='grc' dir='ltr'>τὸ</span> <span class='ocrx_word' id='word_1_772' title='bbox 3271 3298 3428 3367; x_wconf 87' lang='grc' dir='ltr'>σῶμα</span> <span class='ocrx_word' id='word_1_773' title='bbox 3459 3299 3601 3350; x_wconf 81' lang='grc' dir='ltr'>κατά</span> 
     </span>
    </p>
   </div>
   <div class='ocr_carea' id='block_1_101' title="bbox 2006 3375 3602 3450">
    <p class='ocr_par' dir='ltr' id='par_1_101' title="bbox 2006 3375 3602 3450">
     <span class='ocr_line' id='line_1_101' title="bbox 2006 3375 3602 3450; baseline 0.003 -24"><span class='ocrx_word' id='word_1_774' title='bbox 2006 3375 2105 3444; x_wconf 77' lang='grc' dir='ltr'>τῆς</span> <span class='ocrx_word' id='word_1_775' title='bbox 2144 3375 2324 3446; x_wconf 73' lang='grc' dir='ltr'>ψυχῆς</span> <span class='ocrx_word' id='word_1_776' title='bbox 2374 3377 2806 3446; x_wconf 79' lang='grc' dir='ltr'>παρασκευάζει,</span> <span class='ocrx_word' id='word_1_777' title='bbox 2853 3378 2948 3430; x_wconf 78' lang='grc' dir='ltr'>καὶ</span> <span class='ocrx_word' id='word_1_778' title='bbox 2992 3379 3240 3449; x_wconf 82' lang='grc' dir='ltr'>δυσήνιον</span> <span class='ocrx_word' id='word_1_779' title='bbox 3281 3379 3358 3450; x_wconf 87' lang='grc' dir='ltr'>τῷ</span> <span class='ocrx_word' id='word_1_780' title='bbox 3401 3381 3602 3449; x_wconf 81' lang='grc' dir='ltr'>ἡνιόχῳ</span> 
     </span>
    </p>
   </div>
   <div class='ocr_carea' id='block_1_102' title="bbox 2005 3457 3602 3532">
    <p class='ocr_par' dir='ltr' id='par_1_102' title="bbox 2005 3457 3602 3532">
     <span class='ocr_line' id='line_1_102' title="bbox 2005 3457 3602 3532; baseline 0.004 -22"><span class='ocrx_word' id='word_1_781' title='bbox 2005 3459 2094 3511; x_wconf 82' lang='grc' dir='ltr'>τὸν</span> <span class='ocrx_word' id='word_1_782' title='bbox 2125 3458 2302 3511; x_wconf 90' lang='grc' dir='ltr'>πῶλον</span> <span class='ocrx_word' id='word_1_783' title='bbox 2337 3457 2646 3530; x_wconf 81' lang='grc' dir='ltr'>ἐργάζεται.</span> <span class='ocrx_word' id='word_1_784' title='bbox 2683 3460 2758 3512; x_wconf 87' lang='grc' dir='ltr'>Οὐ</span> <span class='ocrx_word' id='word_1_785' title='bbox 2798 3461 2970 3515; x_wconf 86' lang='grc' dir='ltr'>ταῦτα</span> <span class='ocrx_word' id='word_1_786' title='bbox 3001 3464 3146 3532; x_wconf 81' lang='grc' dir='ltr'>ἡμᾶς</span> <span class='ocrx_word' id='word_1_787' title='bbox 3177 3466 3346 3516; x_wconf 79' lang='grc' dir='ltr'>αἰτεῖν</span> <span class='ocrx_word' id='word_1_788' title='bbox 3375 3466 3404 3516; x_wconf 92' lang='lat'>6</span> <span class='ocrx_word' id='word_1_789' title='bbox 3445 3463 3602 3531; x_wconf 86' lang='grc' dir='ltr'>λόγος</span> 
     </span>
    </p>
   </div>
   <div class='ocr_carea' id='block_1_103' title="bbox 2005 3541 3603 3612">
    <p class='ocr_par' dir='ltr' id='par_1_103' title="bbox 2005 3541 3603 3612">
     <span class='ocr_line' id='line_1_103' title="bbox 2005 3541 3603 3612; baseline 0.004 -18"><span class='ocrx_word' id='word_1_790' title='bbox 2005 3541 2262 3607; x_wconf 78' lang='grc' dir='ltr'>ἐδίδαξεν,</span> <span class='ocrx_word' id='word_1_791' title='bbox 2310 3541 2424 3594; x_wconf 84' lang='grc' dir='ltr'>ἀλλ’</span> <span class='ocrx_word' id='word_1_792' title='bbox 2463 3544 2670 3611; x_wconf 81' lang='grc' dir='ltr'>Ἄρτον</span> <span class='ocrx_word' id='word_1_793' title='bbox 2719 3542 3054 3608; x_wconf 76' lang='grc' dir='ltr'>ἐπιούσιον,</span> <span class='ocrx_word' id='word_1_794' title='bbox 3102 3545 3248 3598; x_wconf 84' lang='grc' dir='ltr'>τοῦτ’</span> <span class='ocrx_word' id='word_1_795' title='bbox 3290 3545 3456 3612; x_wconf 80' lang='grc' dir='ltr'>ἔστιν,</span> <span class='ocrx_word' id='word_1_796' title='bbox 3509 3549 3603 3600; x_wconf 81' lang='grc' dir='ltr'>ἐπὶ</span> 
     </span>
    </p>
   </div>
   <div class='ocr_carea' id='block_1_104' title="bbox 2003 3623 3601 3701">
    <p class='ocr_par' dir='ltr' id='par_1_104' title="bbox 2003 3623 3601 3701">
     <span class='ocr_line' id='line_1_104' title="bbox 2003 3623 3601 3701; baseline 0.003 -24"><span class='ocrx_word' id='word_1_797' title='bbox 2003 3624 2101 3694; x_wconf 81' lang='grc' dir='ltr'>τὴν</span> <span class='ocrx_word' id='word_1_798' title='bbox 2131 3624 2318 3676; x_wconf 81' lang='grc' dir='ltr'>οὐσίαν</span> <span class='ocrx_word' id='word_1_799' title='bbox 2346 3623 2439 3676; x_wconf 87' lang='grc' dir='ltr'>τοῦ</span> <span class='ocrx_word' id='word_1_800' title='bbox 2475 3624 2727 3696; x_wconf 81' lang='grc' dir='ltr'>σώματος</span> <span class='ocrx_word' id='word_1_801' title='bbox 2762 3626 3124 3692; x_wconf 77' lang='grc' dir='ltr'>διαϐαίνοντα,</span> <span class='ocrx_word' id='word_1_802' title='bbox 3168 3630 3262 3682; x_wconf 76' lang='grc' dir='ltr'>καί</span> <span class='ocrx_word' id='word_1_803' title='bbox 3296 3633 3601 3701; x_wconf 81' lang='grc' dir='ltr'>συγκροτῆ-</span> 
     </span>
    </p>
   </div>
   <div class='ocr_carea' id='block_1_105' title="bbox 2007 3708 3603 3779">
    <p class='ocr_par' dir='ltr' id='par_1_105' title="bbox 2007 3708 3603 3779">
     <span class='ocr_line' id='line_1_105' title="bbox 2007 3708 3603 3779; baseline 0.003 -17"><span class='ocrx_word' id='word_1_804' title='bbox 2007 3725 2095 3762; x_wconf 90' lang='grc' dir='ltr'>σαι</span> <span class='ocrx_word' id='word_1_805' title='bbox 2132 3708 2334 3778; x_wconf 88' lang='grc' dir='ltr'>ταύτην</span> <span class='ocrx_word' id='word_1_806' title='bbox 2374 3708 2691 3779; x_wconf 87' lang='grc' dir='ltr'>δυνάμενον.</span> <span class='ocrx_word' id='word_1_807' title='bbox 2723 3710 2834 3763; x_wconf 76' lang='grc' dir='ltr'>Καὶ</span> <span class='ocrx_word' id='word_1_808' title='bbox 2863 3710 3051 3764; x_wconf 91' lang='grc' dir='ltr'>τοῦτον</span> <span class='ocrx_word' id='word_1_809' title='bbox 3084 3711 3141 3764; x_wconf 85' lang='grc' dir='ltr'>δὲ</span> <span class='ocrx_word' id='word_1_810' title='bbox 3186 3713 3285 3764; x_wconf 84' lang='grc' dir='ltr'>οὐκ</span> <span class='ocrx_word' id='word_1_811' title='bbox 3324 3713 3402 3776; x_wconf 84' lang='grc' dir='ltr'>είς</span> <span class='ocrx_word' id='word_1_812' title='bbox 3437 3714 3603 3767; x_wconf 74' lang='grc' dir='ltr'>πολὺν</span> 
     </span>
    </p>
   </div>
   <div class='ocr_carea' id='block_1_106' title="bbox 2004 3791 3603 3868">
    <p class='ocr_par' dir='ltr' id='par_1_106' title="bbox 2004 3791 3603 3868">
     <span class='ocr_line' id='line_1_106' title="bbox 2004 3791 3603 3868; baseline 0.003 -23"><span class='ocrx_word' id='word_1_813' title='bbox 2004 3792 2140 3846; x_wconf 87' lang='grc' dir='ltr'>ἐτῶν</span> <span class='ocrx_word' id='word_1_814' title='bbox 2169 3791 2400 3862; x_wconf 85' lang='grc' dir='ltr'>ἀριθμὸν</span> <span class='ocrx_word' id='word_1_815' title='bbox 2427 3793 2597 3846; x_wconf 88' lang='grc' dir='ltr'>αἰτεῖν</span> <span class='ocrx_word' id='word_1_816' title='bbox 2625 3793 2918 3865; x_wconf 86' lang='grc' dir='ltr'>ἐκελεύσθη</span> <span class='ocrx_word' id='word_1_817' title='bbox 2928 3812 3049 3865; x_wconf 88' lang='grc' dir='ltr'>μεν,</span> <span class='ocrx_word' id='word_1_818' title='bbox 3077 3794 3213 3848; x_wconf 86' lang='grc' dir='ltr'>ἀλλά</span> <span class='ocrx_word' id='word_1_819' title='bbox 3243 3795 3334 3849; x_wconf 80' lang='grc' dir='ltr'>τὸν</span> <span class='ocrx_word' id='word_1_820' title='bbox 3362 3799 3603 3868; x_wconf 86' lang='grc' dir='ltr'>σήμερον</span> 
     </span>
    </p>
   </div>
   <div class='ocr_carea' id='block_1_107' title="bbox 2004 3874 3602 3950">
    <p class='ocr_par' dir='ltr' id='par_1_107' title="bbox 2004 3874 3602 3950">
     <span class='ocr_line' id='line_1_107' title="bbox 2004 3874 3602 3950; baseline 0.004 -24"><span class='ocrx_word' id='word_1_821' title='bbox 2004 3875 2134 3946; x_wconf 86' lang='grc' dir='ltr'>ήμῖν</span> <span class='ocrx_word' id='word_1_822' title='bbox 2162 3874 2441 3945; x_wconf 86' lang='grc' dir='ltr'>ἀρκοῦντα</span> <span class='ocrx_word' id='word_1_823' title='bbox 2473 3874 2634 3943; x_wconf 89' lang='grc' dir='ltr'>μόνον</span> <span class='ocrx_word' id='word_1_824' title='bbox 2653 3893 2664 3902; x_wconf 93' lang='grc'>·</span> <span class='ocrx_word' id='word_1_825' title='bbox 2695 3875 2792 3943; x_wconf 83' lang='grc' dir='ltr'>Μὴ</span> <span class='ocrx_word' id='word_1_826' title='bbox 2819 3877 3227 3947; x_wconf 82' lang='grc' dir='ltr'>μεριμνήσητε</span> <span class='ocrx_word' id='word_1_827' title='bbox 3253 3879 3382 3950; x_wconf 90' lang='grc' dir='ltr'>γάρ,</span> <span class='ocrx_word' id='word_1_828' title='bbox 3416 3880 3602 3949; x_wconf 77' lang='grc' dir='ltr'>φησὶν,</span> 
     </span>
    </p>
   </div>
   <div class='ocr_carea' id='block_1_108' title="bbox 2002 3955 3604 4034">
    <p class='ocr_par' dir='ltr' id='par_1_108' title="bbox 2002 3955 3604 4034">
     <span class='ocr_line' id='line_1_108' title="bbox 2002 3955 3604 4034; baseline 0.004 -24"><span class='ocrx_word' id='word_1_829' title='bbox 2002 3959 2088 4023; x_wconf 81' lang='grc' dir='ltr'>είς</span> <span class='ocrx_word' id='word_1_830' title='bbox 2111 3957 2226 4023; x_wconf 82' lang='grc' dir='ltr'>τὴν</span> <span class='ocrx_word' id='word_1_831' title='bbox 2249 3955 2364 4028; x_wconf 79' lang='grc'>[51]</span> <span class='ocrx_word' id='word_1_832' title='bbox 2389 3957 2617 4026; x_wconf 80' lang='grc' dir='ltr'>αὔριον.</span> <span class='ocrx_word' id='word_1_833' title='bbox 2649 3959 2713 4012; x_wconf 88' lang='grc' dir='ltr'>Τί</span> <span class='ocrx_word' id='word_1_834' title='bbox 2746 3959 2945 4031; x_wconf 88' lang='grc' dir='ltr'>δήποτε</span> <span class='ocrx_word' id='word_1_835' title='bbox 2980 3961 3088 4032; x_wconf 89' lang='grc' dir='ltr'>γάρ</span> <span class='ocrx_word' id='word_1_836' title='bbox 3124 3963 3251 4031; x_wconf 76' lang='grc' dir='ltr'>περὶ</span> <span class='ocrx_word' id='word_1_837' title='bbox 3279 3963 3375 4032; x_wconf 77' lang='grc' dir='ltr'>τῆς</span> <span class='ocrx_word' id='word_1_838' title='bbox 3413 3961 3604 4034; x_wconf 75' lang='grc' dir='ltr'>αὔριον</span> 
     </span>
    </p>
   </div>
   <div class='ocr_carea' id='block_1_109' title="bbox 2004 4041 3601 4118">
    <p class='ocr_par' dir='ltr' id='par_1_109' title="bbox 2004 4041 3601 4118">
     <span class='ocr_line' id='line_1_109' title="bbox 2004 4041 3601 4118; baseline 0.004 -25"><span class='ocrx_word' id='word_1_839' title='bbox 2004 4041 2277 4112; x_wconf 76' lang='grc' dir='ltr'>φροντίζει</span> <span class='ocrx_word' id='word_1_840' title='bbox 2327 4058 2430 4106; x_wconf 89' lang='grc' dir='ltr'>τις,</span> <span class='ocrx_word' id='word_1_841' title='bbox 2482 4043 2512 4094; x_wconf 89' lang='lat'>6</span> <span class='ocrx_word' id='word_1_842' title='bbox 2559 4042 2659 4112; x_wconf 85' lang='grc' dir='ltr'>τὴν</span> <span class='ocrx_word' id='word_1_843' title='bbox 2711 4041 2900 4113; x_wconf 75' lang='grc' dir='ltr'>αὔριον</span> <span class='ocrx_word' id='word_1_844' title='bbox 2942 4045 3003 4096; x_wconf 91' lang='grc' dir='ltr'>οὐ</span> <span class='ocrx_word' id='word_1_845' title='bbox 3052 4045 3267 4109; x_wconf 88' lang='grc' dir='ltr'>πάντως</span> <span class='ocrx_word' id='word_1_846' title='bbox 3315 4045 3601 4118; x_wconf 74' lang='grc' dir='ltr'>ὀψόμενος,</span> 
     </span>
    </p>
   </div>
   <div class='ocr_carea' id='block_1_110' title="bbox 2002 4124 3600 4201">
    <p class='ocr_par' dir='ltr' id='par_1_110' title="bbox 2002 4124 3600 4201">
     <span class='ocr_line' id='line_1_110' title="bbox 2002 4124 3600 4201; baseline 0.003 -24"><span class='ocrx_word' id='word_1_847' title='bbox 2002 4124 2137 4178; x_wconf 84' lang='grc' dir='ltr'>ἀλλά</span> <span class='ocrx_word' id='word_1_848' title='bbox 2167 4124 2257 4177; x_wconf 82' lang='grc' dir='ltr'>τὸν</span> <span class='ocrx_word' id='word_1_849' title='bbox 2289 4125 2388 4196; x_wconf 86' lang='grc' dir='ltr'>μὲν</span> <span class='ocrx_word' id='word_1_850' title='bbox 2418 4124 2576 4178; x_wconf 86' lang='grc' dir='ltr'>πόνον</span> <span class='ocrx_word' id='word_1_851' title='bbox 2600 4125 2905 4196; x_wconf 87' lang='grc' dir='ltr'>δεχόμενος,</span> <span class='ocrx_word' id='word_1_852' title='bbox 2939 4127 3030 4180; x_wconf 79' lang='grc' dir='ltr'>τὸν</span> <span class='ocrx_word' id='word_1_853' title='bbox 3062 4128 3119 4181; x_wconf 82' lang='grc' dir='ltr'>δὲ</span> <span class='ocrx_word' id='word_1_854' title='bbox 3152 4129 3362 4198; x_wconf 81' lang='grc' dir='ltr'>καρπὸν</span> <span class='ocrx_word' id='word_1_855' title='bbox 3391 4131 3451 4182; x_wconf 82' lang='grc' dir='ltr'>οὐ</span> <span class='ocrx_word' id='word_1_856' title='bbox 3481 4130 3600 4201; x_wconf 86' lang='grc' dir='ltr'>δρε-</span> 
     </span>
    </p>
   </div>
   <div class='ocr_carea' id='block_1_111' title="bbox 2004 4207 3604 4280">
    <p class='ocr_par' dir='ltr' id='par_1_111' title="bbox 2004 4207 3604 4280">
     <span class='ocr_line' id='line_1_111' title="bbox 2004 4207 3604 4280; baseline 0.002 -19"><span class='ocrx_word' id='word_1_857' title='bbox 2004 4209 2274 4277; x_wconf 87' lang='grc' dir='ltr'>πόμενος;</span> <span class='ocrx_word' id='word_1_858' title='bbox 2323 4207 2608 4278; x_wconf 78' lang='grc' dir='ltr'>Θάρῤησον</span> <span class='ocrx_word' id='word_1_859' title='bbox 2659 4207 2736 4279; x_wconf 87' lang='grc' dir='ltr'>τῷ</span> <span class='ocrx_word' id='word_1_860' title='bbox 2781 4209 2898 4280; x_wconf 87' lang='grc' dir='ltr'>Θεῷ</span> <span class='ocrx_word' id='word_1_861' title='bbox 2951 4209 3030 4276; x_wconf 82' lang='grc' dir='ltr'>τῷ</span> <span class='ocrx_word' id='word_1_862' title='bbox 3084 4211 3311 4264; x_wconf 76' lang='grc' dir='ltr'>διδόντι</span> <span class='ocrx_word' id='word_1_863' title='bbox 3373 4212 3604 4280; x_wconf 64' lang='grc' dir='ltr'>τροφὴν</span> 
     </span>
    </p>
   </div>
   <div class='ocr_carea' id='block_1_112' title="bbox 2003 4293 3601 4370">
    <p class='ocr_par' dir='ltr' id='par_1_112' title="bbox 2003 4293 3601 4370">
     <span class='ocr_line' id='line_1_112' title="bbox 2003 4293 3601 4370; baseline 0.004 -25"><span class='ocrx_word' id='word_1_864' title='bbox 2003 4293 2171 4361; x_wconf 75' lang='grc' dir='ltr'>πάσῃ</span> <span class='ocrx_word' id='word_1_865' title='bbox 2209 4295 2409 4362; x_wconf 84' lang='grc' dir='ltr'>σαρκί.</span> <span class='ocrx_word' id='word_1_866' title='bbox 2457 4296 2512 4347; x_wconf 85' lang='grc' dir='ltr'><strong>Ὀ</strong></span> <span class='ocrx_word' id='word_1_867' title='bbox 2540 4295 2599 4347; x_wconf 90' lang='grc' dir='ltr'>τὸ</span> <span class='ocrx_word' id='word_1_868' title='bbox 2641 4296 2801 4366; x_wconf 90' lang='grc' dir='ltr'>σῶμά</span> <span class='ocrx_word' id='word_1_869' title='bbox 2835 4315 2916 4350; x_wconf 91' lang='grc' dir='ltr'>σοι</span> <span class='ocrx_word' id='word_1_870' title='bbox 2940 4297 3208 4362; x_wconf 87' lang='grc' dir='ltr'>δεδωκὼς,</span> <span class='ocrx_word' id='word_1_871' title='bbox 3240 4300 3334 4352; x_wconf 72' lang='grc' dir='ltr'>καὶ</span> <span class='ocrx_word' id='word_1_872' title='bbox 3370 4301 3467 4370; x_wconf 79' lang='grc' dir='ltr'>τὴν</span> <span class='ocrx_word' id='word_1_873' title='bbox 3495 4300 3601 4370; x_wconf 68' lang='grc' dir='ltr'>ψυ-</span> 
     </span>
    </p>
   </div>
   <div class='ocr_carea' id='block_1_113' title="bbox 2003 4377 3599 4450">
    <p class='ocr_par' dir='ltr' id='par_1_113' title="bbox 2003 4377 3599 4450">
     <span class='ocr_line' id='line_1_113' title="bbox 2003 4377 3599 4450; baseline 0.006 -21"><span class='ocrx_word' id='word_1_874' title='bbox 2003 4377 2104 4447; x_wconf 80' lang='grc' dir='ltr'>χὴν</span> <span class='ocrx_word' id='word_1_875' title='bbox 2135 4379 2478 4448; x_wconf 88' lang='grc' dir='ltr'>ἐμφυσήσας,</span> <span class='ocrx_word' id='word_1_876' title='bbox 2505 4381 2599 4432; x_wconf 72' lang='grc' dir='ltr'>καὶ</span> <span class='ocrx_word' id='word_1_877' title='bbox 2637 4379 2775 4444; x_wconf 85' lang='grc' dir='ltr'>ζῶόν</span> <span class='ocrx_word' id='word_1_878' title='bbox 2807 4399 2864 4434; x_wconf 91' lang='grc' dir='ltr'>σε</span> <span class='ocrx_word' id='word_1_879' title='bbox 2902 4381 3117 4450; x_wconf 72' lang='grc' dir='ltr'>λογικὸν</span> <span class='ocrx_word' id='word_1_880' title='bbox 3160 4385 3599 4449; x_wconf 83' lang='grc' dir='ltr'>κατασκευάσας,</span> 
     </span>
    </p>
   </div>
   <div class='ocr_carea' id='block_1_114' title="bbox 2005 4462 3598 4537">
    <p class='ocr_par' dir='ltr' id='par_1_114' title="bbox 2005 4462 3598 4537">
     <span class='ocr_line' id='line_1_114' title="bbox 2005 4462 3598 4537; baseline 0.004 -22"><span class='ocrx_word' id='word_1_881' title='bbox 2005 4463 2099 4515; x_wconf 78' lang='grc' dir='ltr'>καὶ</span> <span class='ocrx_word' id='word_1_882' title='bbox 2132 4463 2308 4516; x_wconf 88' lang='grc' dir='ltr'>πάντα</span> <span class='ocrx_word' id='word_1_883' title='bbox 2341 4479 2421 4515; x_wconf 90' lang='grc' dir='ltr'>σοι</span> <span class='ocrx_word' id='word_1_884' title='bbox 2459 4462 2526 4516; x_wconf 85' lang='grc' dir='ltr'>τά</span> <span class='ocrx_word' id='word_1_885' title='bbox 2559 4464 2739 4531; x_wconf 88' lang='grc' dir='ltr'>ἀγαθὰ</span> <span class='ocrx_word' id='word_1_886' title='bbox 2770 4465 2875 4534; x_wconf 85' lang='grc' dir='ltr'>πρὸ</span> <span class='ocrx_word' id='word_1_887' title='bbox 2908 4465 3252 4528; x_wconf 87' lang='grc' dir='ltr'>διαπλάσεως</span> <span class='ocrx_word' id='word_1_888' title='bbox 3283 4468 3598 4537; x_wconf 82' lang='grc' dir='ltr'>ἑτοιμάσας,</span> 
     </span>
    </p>
   </div>
   <div class='ocr_carea' id='block_1_115' title="bbox 2005 4547 3602 4620">
    <p class='ocr_par' dir='ltr' id='par_1_115' title="bbox 2005 4547 3602 4620">
     <span class='ocr_line' id='line_1_115' title="bbox 2005 4547 3602 4620; baseline 0.003 -21"><span class='ocrx_word' id='word_1_889' title='bbox 2005 4548 2122 4611; x_wconf 86' lang='grc' dir='ltr'>πῶς</span> <span class='ocrx_word' id='word_1_890' title='bbox 2153 4564 2212 4600; x_wconf 86' lang='grc' dir='ltr'>σε</span> <span class='ocrx_word' id='word_1_891' title='bbox 2239 4547 2636 4601; x_wconf 87' lang='grc' dir='ltr'>διαπλασθέντα</span> <span class='ocrx_word' id='word_1_892' title='bbox 2662 4549 2983 4620; x_wconf 64' lang='grc' dir='ltr'>παρόψεται,</span> <span class='ocrx_word' id='word_1_893' title='bbox 3023 4551 3120 4615; x_wconf 87' lang='grc' dir='ltr'>Ὃς</span> <span class='ocrx_word' id='word_1_894' title='bbox 3150 4551 3466 4604; x_wconf 65' lang='grc' dir='ltr'>ἀνατέλλει</span> <span class='ocrx_word' id='word_1_895' title='bbox 3493 4552 3602 4604; x_wconf 77' lang='grc' dir='ltr'>τὸν</span> 
     </span>
    </p>
   </div>
   <div class='ocr_carea' id='block_1_116' title="bbox 2005 4630 3600 4702">
    <p class='ocr_par' dir='ltr' id='par_1_116' title="bbox 2005 4630 3600 4702">
     <span class='ocr_line' id='line_1_116' title="bbox 2005 4630 3600 4702; baseline 0.004 -20"><span class='ocrx_word' id='word_1_896' title='bbox 2005 4630 2184 4697; x_wconf 76' lang='grc' dir='ltr'>ἣλιον</span> <span class='ocrx_word' id='word_1_897' title='bbox 2208 4631 2393 4684; x_wconf 82' lang='grc' dir='ltr'>αὐτοῦ</span> <span class='ocrx_word' id='word_1_898' title='bbox 2421 4631 2517 4684; x_wconf 78' lang='grc' dir='ltr'>ἐπὶ</span> <span class='ocrx_word' id='word_1_899' title='bbox 2551 4631 2858 4700; x_wconf 76' lang='grc' dir='ltr'>πονηροὺς</span> <span class='ocrx_word' id='word_1_900' title='bbox 2882 4632 2980 4687; x_wconf 73' lang='grc' dir='ltr'>καί</span> <span class='ocrx_word' id='word_1_901' title='bbox 3020 4633 3302 4702; x_wconf 78' lang='grc' dir='ltr'>ἀγαθοὺς,</span> <span class='ocrx_word' id='word_1_902' title='bbox 3335 4636 3431 4688; x_wconf 83' lang='grc' dir='ltr'>καὶ</span> <span class='ocrx_word' id='word_1_903' title='bbox 3457 4637 3600 4702; x_wconf 77' lang='grc' dir='ltr'>βρέ-</span> 
     </span>
    </p>
   </div>
   <div class='ocr_carea' id='block_1_117' title="bbox 2004 4713 3595 4789">
    <p class='ocr_par' dir='ltr' id='par_1_117' title="bbox 2004 4713 3595 4789">
     <span class='ocr_line' id='line_1_117' title="bbox 2004 4713 3595 4789; baseline 0.005 -25"><span class='ocrx_word' id='word_1_904' title='bbox 2004 4730 2094 4780; x_wconf 83' lang='grc' dir='ltr'>χει</span> <span class='ocrx_word' id='word_1_905' title='bbox 2130 4713 2228 4768; x_wconf 77' lang='grc' dir='ltr'>ἐπὶ</span> <span class='ocrx_word' id='word_1_906' title='bbox 2271 4713 2539 4779; x_wconf 73' lang='grc' dir='ltr'>δικαίους</span> <span class='ocrx_word' id='word_1_907' title='bbox 2576 4714 2673 4766; x_wconf 81' lang='grc' dir='ltr'>καὶ</span> <span class='ocrx_word' id='word_1_908' title='bbox 2711 4715 2991 4780; x_wconf 81' lang='grc' dir='ltr'>ἀδίκους;</span> <span class='ocrx_word' id='word_1_909' title='bbox 3033 4716 3219 4786; x_wconf 85' lang='grc' dir='ltr'>Τούτῳ</span> <span class='ocrx_word' id='word_1_910' title='bbox 3247 4717 3427 4771; x_wconf 90' lang='grc' dir='ltr'>τοίνυν</span> <span class='ocrx_word' id='word_1_911' title='bbox 3462 4717 3595 4789; x_wconf 79' lang='grc' dir='ltr'>θαρ-</span> 
     </span>
    </p>
   </div>
   <div class='ocr_carea' id='block_1_118' title="bbox 2005 4797 3598 4870">
    <p class='ocr_par' dir='ltr' id='par_1_118' title="bbox 2005 4797 3598 4870">
     <span class='ocr_line' id='line_1_118' title="bbox 2005 4797 3598 4870; baseline 0.004 -22"><span class='ocrx_word' id='word_1_912' title='bbox 2005 4797 2135 4869; x_wconf 77' lang='grc' dir='ltr'>ρῶν,</span> <span class='ocrx_word' id='word_1_913' title='bbox 2164 4797 2262 4866; x_wconf 84' lang='grc' dir='ltr'>τὴν</span> <span class='ocrx_word' id='word_1_914' title='bbox 2303 4797 2581 4868; x_wconf 86' lang='grc' dir='ltr'>ἐφήμερον</span> <span class='ocrx_word' id='word_1_915' title='bbox 2628 4798 2793 4866; x_wconf 83' lang='grc' dir='ltr'>μόνην</span> <span class='ocrx_word' id='word_1_916' title='bbox 2832 4799 2971 4850; x_wconf 74' lang='grc' dir='ltr'>αἴτει</span> <span class='ocrx_word' id='word_1_917' title='bbox 3018 4798 3244 4869; x_wconf 81' lang='grc' dir='ltr'>τροφὴν,</span> <span class='ocrx_word' id='word_1_918' title='bbox 3271 4801 3371 4870; x_wconf 82' lang='grc' dir='ltr'>τῆς</span> <span class='ocrx_word' id='word_1_919' title='bbox 3404 4801 3460 4854; x_wconf 79' lang='grc' dir='ltr'>δὲ</span> <span class='ocrx_word' id='word_1_920' title='bbox 3499 4800 3598 4853; x_wconf 78' lang='grc' dir='ltr'>αὔ·-</span> 
     </span>
    </p>
   </div>
   <div class='ocr_carea' id='block_1_119' title="bbox 2007 4878 3597 4954">
    <p class='ocr_par' dir='ltr' id='par_1_119' title="bbox 2007 4878 3597 4954">
     <span class='ocr_line' id='line_1_119' title="bbox 2007 4878 3597 4954; baseline 0.003 -21"><span class='ocrx_word' id='word_1_921' title='bbox 2007 4897 2119 4952; x_wconf 89' lang='grc' dir='ltr'>ριον</span> <span class='ocrx_word' id='word_1_922' title='bbox 2153 4878 2301 4950; x_wconf 83' lang='grc' dir='ltr'>αὐτῷ</span> <span class='ocrx_word' id='word_1_923' title='bbox 2331 4881 2597 4933; x_wconf 89' lang='grc' dir='ltr'>κατάλιπε</span> <span class='ocrx_word' id='word_1_924' title='bbox 2629 4879 2725 4950; x_wconf 84' lang='grc' dir='ltr'>τὴν</span> <span class='ocrx_word' id='word_1_925' title='bbox 2756 4881 3034 4951; x_wconf 85' lang='grc' dir='ltr'>φροντίδα,</span> <span class='ocrx_word' id='word_1_926' title='bbox 3084 4881 3160 4944; x_wconf 83' lang='grc' dir='ltr'>ὡς</span> <span class='ocrx_word' id='word_1_927' title='bbox 3209 4882 3303 4936; x_wconf 75' lang='grc' dir='ltr'>καὶ</span> <span class='ocrx_word' id='word_1_928' title='bbox 3343 4885 3372 4936; x_wconf 92' lang='lat'>6</span> <span class='ocrx_word' id='word_1_929' title='bbox 3419 4885 3597 4954; x_wconf 82' lang='grc' dir='ltr'>μακά-</span> 
     </span>
    </p>
   </div>
   <div class='ocr_carea' id='block_1_120' title="bbox 2006 4963 3595 5037">
    <p class='ocr_par' dir='ltr' id='par_1_120' title="bbox 2006 4963 3595 5037">
     <span class='ocr_line' id='line_1_120' title="bbox 2006 4963 3595 5037; baseline 0.002 -20"><span class='ocrx_word' id='word_1_930' title='bbox 2006 4982 2119 5036; x_wconf 87' lang='grc' dir='ltr'>ριος</span> <span class='ocrx_word' id='word_1_931' title='bbox 2144 4963 2296 5032; x_wconf 79' lang='grc' dir='ltr'>ἔλεγε</span> <span class='ocrx_word' id='word_1_932' title='bbox 2323 4963 2517 5016; x_wconf 75' lang='grc' dir='ltr'>Δαυῖδο</span> <span class='ocrx_word' id='word_1_933' title='bbox 2562 4964 2910 5031; x_wconf 60' lang='grc' dir='ltr'>Ἐπιρριψον</span> <span class='ocrx_word' id='word_1_934' title='bbox 2943 4965 3042 5018; x_wconf 73' lang='grc' dir='ltr'>ἐπὶ</span> <span class='ocrx_word' id='word_1_935' title='bbox 3088 4966 3310 5034; x_wconf 77' lang='grc' dir='ltr'>Κύριον</span> <span class='ocrx_word' id='word_1_936' title='bbox 3346 4966 3460 5034; x_wconf 81' lang='grc' dir='ltr'>τὴν</span> <span class='ocrx_word' id='word_1_937' title='bbox 3490 4968 3595 5037; x_wconf 86' lang='grc' dir='ltr'>μέ-</span> 
     </span>
    </p>
   </div>
   <div class='ocr_carea' id='block_1_121' title="bbox 1995 5046 3596 5117">
    <p class='ocr_par' dir='ltr' id='par_1_121' title="bbox 1995 5046 3596 5117">
     <span class='ocr_line' id='line_1_121' title="bbox 1995 5046 3596 5117; baseline 0.004 -17"><span class='ocrx_word' id='word_1_938' title='bbox 1995 5047 2218 5117; x_wconf 82' lang='grc' dir='ltr'>ριμνάν</span> <span class='ocrx_word' id='word_1_939' title='bbox 2238 5064 2374 5112; x_wconf 90' lang='grc' dir='ltr'>σου,</span> <span class='ocrx_word' id='word_1_940' title='bbox 2403 5046 2500 5100; x_wconf 78' lang='grc' dir='ltr'>καί</span> <span class='ocrx_word' id='word_1_941' title='bbox 2531 5048 2713 5110; x_wconf 83' lang='grc' dir='ltr'>αὑτός</span> <span class='ocrx_word' id='word_1_942' title='bbox 2732 5063 2805 5100; x_wconf 88' lang='grc' dir='ltr'>σε</span> <span class='ocrx_word' id='word_1_943' title='bbox 2828 5047 3164 5117; x_wconf 57' lang='grc' dir='ltr'>διιιθρέψειζ</span> <span class='ocrx_word' id='word_1_944' title='bbox 3192 5049 3349 5102; x_wconf 81' lang='grc' dir='ltr'>Οὕτω</span> <span class='ocrx_word' id='word_1_945' title='bbox 3373 5051 3460 5103; x_wconf 79' lang='grc' dir='ltr'>διὰ</span> <span class='ocrx_word' id='word_1_946' title='bbox 3485 5052 3596 5108; x_wconf 77' lang='grc' dir='ltr'>τῶν</span> 
     </span>
    </p>
   </div>
   <div class='ocr_carea' id='block_1_122' title="bbox 2002 5129 3595 5202">
    <p class='ocr_par' dir='ltr' id='par_1_122' title="bbox 2002 5129 3595 5202">
     <span class='ocr_line' id='line_1_122' title="bbox 2002 5129 3595 5202; baseline 0.003 -20"><span class='ocrx_word' id='word_1_947' title='bbox 2002 5129 2304 5202; x_wconf 87' lang='grc' dir='ltr'>εἰρημένων</span> <span class='ocrx_word' id='word_1_948' title='bbox 2333 5130 2430 5200; x_wconf 85' lang='grc' dir='ltr'>τὴν</span> <span class='ocrx_word' id='word_1_949' title='bbox 2463 5129 2638 5200; x_wconf 83' lang='grc' dir='ltr'>ἄκραν</span> <span class='ocrx_word' id='word_1_950' title='bbox 2673 5130 3033 5194; x_wconf 86' lang='grc' dir='ltr'>ἐκπαιδεύσας</span> <span class='ocrx_word' id='word_1_951' title='bbox 3079 5133 3416 5202; x_wconf 81' lang='grc' dir='ltr'>φιλοσοφίαν,</span> <span class='ocrx_word' id='word_1_952' title='bbox 3441 5135 3595 5198; x_wconf 86' lang='grc' dir='ltr'>είδὼς</span> 
     </span>
    </p>
   </div>
   <div class='ocr_carea' id='block_1_123' title="bbox 2002 5213 3593 5288">
    <p class='ocr_par' dir='ltr' id='par_1_123' title="bbox 2002 5213 3593 5288">
     <span class='ocr_line' id='line_1_123' title="bbox 2002 5213 3593 5288; baseline 0.002 -21"><span class='ocrx_word' id='word_1_953' title='bbox 2002 5213 2215 5268; x_wconf 81' lang='grc' dir='ltr'>ὅτιτῶν</span> <span class='ocrx_word' id='word_1_954' title='bbox 2236 5213 2511 5267; x_wconf 88' lang='grc' dir='ltr'>ἀδυνάτων</span> <span class='ocrx_word' id='word_1_955' title='bbox 2544 5214 2708 5276; x_wconf 76' lang='grc' dir='ltr'>ἐστὶν,</span> <span class='ocrx_word' id='word_1_956' title='bbox 2733 5213 3051 5283; x_wconf 81' lang='grc' dir='ltr'>ἀνθρώπους</span> <span class='ocrx_word' id='word_1_957' title='bbox 3085 5216 3244 5279; x_wconf 79' lang='grc' dir='ltr'>ὂντας</span> <span class='ocrx_word' id='word_1_958' title='bbox 3275 5221 3366 5270; x_wconf 73' lang='grc' dir='ltr'>καὶ</span> <span class='ocrx_word' id='word_1_959' title='bbox 3401 5217 3593 5288; x_wconf 75' lang='grc' dir='ltr'>θνητὸν</span> 
     </span>
    </p>
   </div>
   <div class='ocr_carea' id='block_1_124' title="bbox 2005 5296 3593 5368">
    <p class='ocr_par' dir='ltr' id='par_1_124' title="bbox 2005 5296 3593 5368">
     <span class='ocr_line' id='line_1_124' title="bbox 2005 5296 3593 5368; baseline 0.001 -18"><span class='ocrx_word' id='word_1_960' title='bbox 2005 5297 2163 5368; x_wconf 86' lang='grc' dir='ltr'>σῶμα</span> <span class='ocrx_word' id='word_1_961' title='bbox 2187 5296 2600 5367; x_wconf 88' lang='grc' dir='ltr'>περικειμένους</span> <span class='ocrx_word' id='word_1_962' title='bbox 2626 5297 2697 5366; x_wconf 85' lang='grc' dir='ltr'>μὴ</span> <span class='ocrx_word' id='word_1_963' title='bbox 2728 5297 2956 5362; x_wconf 86' lang='grc' dir='ltr'>πταίειν,</span> <span class='ocrx_word' id='word_1_964' title='bbox 3008 5299 3212 5364; x_wconf 79' lang='grc' dir='ltr'>ἐδίδαξε</span> <span class='ocrx_word' id='word_1_965' title='bbox 3248 5300 3448 5367; x_wconf 81' lang='grc' dir='ltr'>λέγειν’</span> <span class='ocrx_word' id='word_1_966' title='bbox 3483 5300 3593 5353; x_wconf 69' lang='grc' dir='ltr'>Καὶ</span> 
     </span>
    </p>
   </div>
   <div class='ocr_carea' id='block_1_125' title="bbox 2001 5377 3593 5450">
    <p class='ocr_par' dir='ltr' id='par_1_125' title="bbox 2001 5377 3593 5450">
     <span class='ocr_line' id='line_1_125' title="bbox 2001 5377 3593 5450; baseline -0.001 -16"><span class='ocrx_word' id='word_1_967' title='bbox 2001 5381 2149 5450; x_wconf 65' lang='grc' dir='ltr'>ἄφες</span> <span class='ocrx_word' id='word_1_968' title='bbox 2183 5380 2330 5450; x_wconf 79' lang='grc' dir='ltr'>ἡμῖν</span> <span class='ocrx_word' id='word_1_969' title='bbox 2385 5377 2455 5432; x_wconf 81' lang='grc' dir='ltr'>τὰ</span> <span class='ocrx_word' id='word_1_970' title='bbox 2503 5378 2872 5447; x_wconf 67' lang='grc' dir='ltr'>ὀφειλήματα</span> <span class='ocrx_word' id='word_1_971' title='bbox 2904 5379 3095 5448; x_wconf 82' lang='grc' dir='ltr'>ήμῶν,</span> <span class='ocrx_word' id='word_1_972' title='bbox 3141 5382 3222 5446; x_wconf 84' lang='grc' dir='ltr'>ὡς</span> <span class='ocrx_word' id='word_1_973' title='bbox 3266 5381 3368 5435; x_wconf 77' lang='grc' dir='ltr'>καί</span> <span class='ocrx_word' id='word_1_974' title='bbox 3420 5382 3593 5450; x_wconf 71' lang='grc' dir='ltr'>ἡμεῖς</span> 
     </span>
    </p>
   </div>
   <div class='ocr_carea' id='block_1_126' title="bbox 1999 5462 3594 5534">
    <p class='ocr_par' dir='ltr' id='par_1_126' title="bbox 1999 5462 3594 5534">
     <span class='ocr_line' id='line_1_126' title="bbox 1999 5462 3594 5534; baseline 0 -15"><span class='ocrx_word' id='word_1_975' title='bbox 1999 5467 2251 5534; x_wconf 65' lang='grc' dir='ltr'>ἀφίεμεν</span> <span class='ocrx_word' id='word_1_976' title='bbox 2288 5464 2412 5529; x_wconf 87' lang='grc' dir='ltr'>τοῖς</span> <span class='ocrx_word' id='word_1_977' title='bbox 2459 5462 2790 5532; x_wconf 64' lang='grc' dir='ltr'>ὀφειλέταις</span> <span class='ocrx_word' id='word_1_978' title='bbox 2842 5463 3028 5532; x_wconf 86' lang='grc' dir='ltr'>ήμῶν.</span> <span class='ocrx_word' id='word_1_979' title='bbox 3081 5465 3220 5534; x_wconf 87' lang='grc' dir='ltr'>Τρία</span> <span class='ocrx_word' id='word_1_980' title='bbox 3261 5467 3381 5519; x_wconf 89' lang='grc' dir='ltr'>κατ’</span> <span class='ocrx_word' id='word_1_981' title='bbox 3429 5465 3594 5519; x_wconf 78' lang='grc' dir='ltr'>αὐτὸν</span> 
     </span>
    </p>
   </div>
   <div class='ocr_carea' id='block_1_127' title="bbox 2001 5545 3586 5620">
    <p class='ocr_par' dir='ltr' id='par_1_127' title="bbox 2001 5545 3586 5620">
     <span class='ocr_line' id='line_1_127' title="bbox 2001 5545 3586 5620; baseline 0.001 -17"><span class='ocrx_word' id='word_1_982' title='bbox 2001 5549 2178 5617; x_wconf 90' lang='grc' dir='ltr'>ἀγαθά</span> <span class='ocrx_word' id='word_1_983' title='bbox 2215 5548 2302 5601; x_wconf 83' lang='grc' dir='ltr'>διά</span> <span class='ocrx_word' id='word_1_984' title='bbox 2330 5546 2480 5599; x_wconf 83' lang='grc' dir='ltr'>τοῦδε</span> <span class='ocrx_word' id='word_1_985' title='bbox 2515 5545 2609 5598; x_wconf 89' lang='grc' dir='ltr'>τοῦ</span> <span class='ocrx_word' id='word_1_986' title='bbox 2639 5545 2797 5609; x_wconf 79' lang='grc' dir='ltr'>λόγου</span> <span class='ocrx_word' id='word_1_987' title='bbox 2824 5548 3305 5618; x_wconf 77' lang='grc' dir='ltr'>πραγματεύεται·</span> <span class='ocrx_word' id='word_1_988' title='bbox 3329 5551 3456 5612; x_wconf 81' lang='grc' dir='ltr'>τούς</span> <span class='ocrx_word' id='word_1_989' title='bbox 3485 5553 3586 5620; x_wconf 77' lang='grc' dir='ltr'>μὲν</span> 
     </span>
    </p>
   </div>
   <div class='ocr_carea' id='block_1_128' title="bbox 2063 5769 3510 5833">
    <p class='ocr_par' dir='ltr' id='par_1_128' title="bbox 2063 5769 3510 5833">
     <span class='ocr_line' id='line_1_128' title="bbox 2063 5769 3510 5833; baseline 0.001 -14"><span class='ocrx_word' id='word_1_990' title='bbox 2063 5770 2090 5808; x_wconf 66' lang='grc'><strong>1⁵</strong></span> <span class='ocrx_word' id='word_1_991' title='bbox 2113 5773 2220 5822; x_wconf 86' lang='lat' dir='ltr'>Duo</span> <span class='ocrx_word' id='word_1_992' title='bbox 2242 5785 2353 5821; x_wconf 67' lang='lat' dir='ltr'>mss.</span> <span class='ocrx_word' id='word_1_993' title='bbox 2382 5771 2769 5833; x_wconf 70' lang='grc' dir='ltr'>φλεγμαινούσας,</span> <span class='ocrx_word' id='word_1_994' title='bbox 2793 5769 2869 5818; x_wconf 78' lang='grc' dir='ltr'>καὶ</span> <span class='ocrx_word' id='word_1_995' title='bbox 2893 5771 2957 5826; x_wconf 81' lang='grc' dir='ltr'>εἰς</span> <span class='ocrx_word' id='word_1_996' title='bbox 2974 5771 3145 5826; x_wconf 81' lang='grc' dir='ltr'>ἡδονὰς</span> <span class='ocrx_word' id='word_1_997' title='bbox 3183 5775 3510 5833; x_wconf 83' lang='grc' dir='ltr'>ἐκμαινούσας,</span> 
     </span>
    </p>
   </div>
  </div>
