4010 6342
398 368 517 441 ,ηιὸ
1154 368 1239 422 DE
1280 367 1599 424 ANGUSTA
1641 370 1891 437 PORTA,
1936 373 2022 426 ΕΤ
2063 370 2127 426 lN
2168 372 2566 426 OllA'l'lONl‘lll
2609 371 3005 426 DOMINICAM.
3677 372 3743 424 £6

449 485 573 537 facit
598 483 890 547 hominem,
916 497 975 536 se
997 498 1061 534 ex
1091 481 1308 536 homine
1330 481 1527 536 factum
1554 498 1671 537 esse
1704 484 1914 539 leonem
1944 500 2040 553 pro

451 575 621 628 nihilo
652 575 796 629 ducit
830 593 842 629 :
873 575 948 629 illi
975 590 1093 644 qua:
1139 590 1300 645 supra
1346 585 1589 630 naturam
1632 586 1757 631 sunt
1782 577 2039 646 impertit,

447 666 549 720 sibi
604 682 723 735 quae
764 681 951 720 contra
1003 675 1246 721 naturam
1294 675 1418 721 sunt
1464 666 1730 722 adsciscit.
1766 667 2045 735 Quomodo

452 762 612 829 igitur
653 759 773 813 talis
798 774 922 813 cum
947 759 1036 826 sit,
1071 759 1240 813 Deum
1278 759 1472 829 poterit
1497 759 1767 829 appellare
1795 760 2043 814 Patrem?

447 851 701 920 Quisquis
724 851 883 921 igitur
909 867 1031 921 erga
1058 850 1359 918 proximum
1384 851 1528 905 mitis
1551 851 1921 921 humanusque
1938 864 2041 919 est,

450 944 648 1012 quique
695 942 745 995 in
788 957 845 995 se
876 952 1159 1011 peccantes
1189 959 1296 995 non
1330 943 1624 1006 ulciscitur,
1651 943 1746 998 sed
1771 943 2046 999 beneﬁciis

451 1034 675 1103 injurias
715 1033 817 1087 sibi
865 1034 1039 1088 illatas
1076 1043 1418 1101 remunerat,
1453 1036 1499 1089 is
1536 1036 1579 1089 si
1611 1036 1776 1089 Deum
1815 1036 2048 1106 appellet

452 1127 820 1191 Patrem,non
877 1143 1003 1181 rcus
1047 1127 1243 1197 agitur.
1293 1127 1563 1183 Orationis
1609 1130 1713 1183 vim
1765 1128 2047 1199 diligenter

451 1219 695 1283 adverte,
726 1218 996 1288 quomodo
1025 1219 1179 1273 nobis
1210 1228 1452 1274 mutuum
1486 1235 1724 1275 amorem
1752 1222 2044 1290 prmcipiat,

450 1321 611 1380 atque
646 1312 885 1365 caritatis
916 1311 1108 1366 affectu
1127 1328 1315 1366 omnes
1343 1313 1657 1384 eonjungat.
1691 1314 1878 1385 Neque
1904 1314 2047 1369 enim

451 1405 632 1457 dicere
655 1403 832 1473 jussit,
864 1404 1021 1458 Pater
1052 1404 1146 1470 mi,
1179 1405 1269 1475 qui
1324 1421 1382 1459 es
1431 1405 1483 1459 in
1542 1407 1725 1472 cadis;
1773 1406 1865 1461 sed
1896 1406 2050 1460 Pater

453 1506 640 1559 noster,
670 1498 755 1564 qui
781 1514 832 1551 es
860 1498 911 1550 in
938 1498 1074 1551 cazlis
1101 1514 1119 1561 ;
1147 1510 1204 1552 ut
1230 1499 1406 1553 edocti
1440 1514 1538 1554 nos
1573 1516 1911 1555 communem
1955 1500 2050 1553 ha-

452 1587 583 1642 bere
616 1588 862 1654 Patrem,
899 1587 1190 1643 fraternam
1222 1598 1408 1644 mutuo
1436 1590 1865 1646 benevolentiam
1897 1593 2052 1647 exhi-

452 1679 695 1733 beamns.
727 1680 928 1736 Deinde
977 1696 1073 1735 nos
1124 1682 1351 1736 instituit
1375 1691 1432 1735 ut
1468 1693 1665 1736 terram
1700 1685 2046 1754 tcrrcuaque‘

454 1771 846 1840 relinquamus,
900 1786 999 1825 nec
1039 1772 1265 1826 terrenis
1307 1772 1594 1835 inhiemus,
1625 1773 1718 1828 sed
1760 1775 2051 1843 assumptis

456 1861 579 1915 ﬁdei
609 1863 731 1925 alis,
756 1878 854 1931 per
885 1878 1062 1917 aerem
1098 1864 1341 1917 volemus
1378 1864 1689 1935 mtheraque
1713 1865 2052 1920 transcenda-

455 1968 607 2019 mus,
639 1962 693 2007 et
722 1970 881 2024 quem
911 1970 1169 2009 vocamus
1198 1956 1410 2010 Patrem
1440 1972 1767 2025 qumramns,
1794 1958 2052 2027 jubetque

456 2046 656 2110 dicere,
692 2043 849 2099 Pater
891 2055 1077 2109 noster,
1114 2046 1202 2116 qui
1244 2063 1293 2100 es
1328 2048 1381 2101 in
1410 2048 1567 2111 ctelis,
1600 2064 1709 2102 non
1739 2049 1881 2118 quod
1914 2050 2053 2105 licus

458 2137 510 2190 in
538 2138 685 2191 caalis
713 2147 919 2192 tantum
954 2140 1045 2204 sit,
1079 2139 1173 2193 sed
1206 2149 1263 2193 ut
1306 2155 1406 2194 nos
1437 2140 1491 2194 in
1518 2151 1659 2194 terra
1689 2142 1954 2197 volutatos
1984 2142 2050 2196 ad

456 2229 647 2283 czelum
698 2230 1090 2299 respiciendum
1135 2231 1385 2298 inducat,
1433 2233 1694 2303 nobisque
1743 2234 2038 2289 cmlcstium

455 2319 721 2374 bonorum
751 2320 1147 2388 pulchritudine
1171 2322 1449 2376 illustratis
1476 2322 1528 2377 id
1549 2322 1810 2391 conferat,
1845 2332 1902 2378 ut
1926 2340 2055 2380 con-

458 2412 787 2480 cupiscentia
818 2422 1000 2467 nostra
1028 2423 1137 2468 tota
1166 2430 1232 2469 eo
1263 2415 1588 2470 traducatur.

532 2504 584 2557 4.
612 2502 914 2558 Secundam
954 2504 1146 2561 deinde
1172 2507 1464 2561 clausulam
1493 2507 1676 2578 adjicit
1707 2527 1720 2562 :
1754 2509 2057 2579 Sanctiﬁca-

458 2607 541 2648 tur
583 2612 766 2649 nomen
813 2605 973 2649 tuum.
1018 2597 1097 2651 Ne
1122 2598 1242 2667 quis
1282 2614 1408 2652 vero
1450 2598 1762 2668 insipienter
1789 2601 2058 2655 existimet

458 2686 897 2741 sanctiﬁcationis
935 2689 1296 2743 accessionem
1341 2690 1449 2744 Deo
1494 2692 1733 2757 attribui,
1765 2690 1890 2745 dum
1920 2692 2058 2748 dici-

462 2786 570 2843 tur,
604 2777 969 2847 Sancti/iretur
1009 2796 1191 2833 nomen
1239 2790 1376 2833 tuum
1409 2796 1427 2834 :
1456 2792 1673 2836 sanctus
1709 2784 1849 2837 enim
1881 2794 1983 2851 est,
2007 2793 2060 2838 et

460 2870 684 2925 omnino
731 2882 970 2936 sanctus,
1022 2882 1076 2926 ct
1121 2884 1425 2927 sanctorum
1478 2876 1862 2930 sanctissimus.
1912 2876 2061 2933 llanc

462 2973 642 3017 autem
672 2963 772 3033 ipsi
802 2964 1015 3019 laudem
1060 2964 1292 3020 oﬁ‘erunt
1319 2967 1620 3037 Serapbim,
1653 2969 1731 3023 sic
1760 2969 2060 3026 incessabili

463 3070 598 3109 voce
627 3056 922 3112 clamantes
949 3076 962 3111 :
993 3057 1237 3124 Sanctus,
1297 3070 1531 3126 sanctus,
1571 3070 1774 3116 sanctus
1812 3061 2062 3119 Dominus

466 3148 697 3203 Sabaoth
729 3167 747 3206 :
776 3152 979 3221 plenum
1000 3164 1072 3206 est
1093 3154 1273 3207 cadum
1303 3165 1348 3208 et
1372 3166 1505 3208 terra
1533 3155 1694 3226 gloria
1720 3158 1828 3227 ejus
1853 3155 2062 3227 (llesai.

465 3242 520 3297 6.
553 3243 633 3313 3).
658 3244 763 3300 Sed
789 3246 1240 3316 quemadmodum
1272 3249 1329 3315 ii,
1370 3251 1458 3319 qui
1486 3266 1641 3321 reges
1670 3253 2065 3307 acclamationi-

467 3334 567 3389 bns
595 3338 892 3406 excipiunt,
932 3354 995 3393 ac
1021 3340 1194 3410 Reges
1221 3340 1680 3414 lmpcratoresque
1707 3356 1917 3411 vocant,
1958 3363 2063 3403 non

470 3427 575 3481 illis
608 3429 659 3482 id
688 3430 987 3484 attribuunt
1014 3432 1156 3501 quod
1184 3448 1289 3486 non
1332 3433 1547 3499 habent,
1579 3434 1670 3490 sed
1696 3436 1837 3506 quod
1870 3437 2067 3494 habent

468 3520 715 3574 laudibus
755 3521 1028 3576 celebrant
1053 3541 1064 3575 :
1092 3524 1164 3577 ita
1212 3533 1267 3579 et
1297 3540 1394 3579 nos
1426 3540 1530 3579 non
1577 3542 1716 3591 eam,
1745 3544 1863 3598 qua:
1890 3529 2064 3598 absit,

467 3613 803 3666 Sanctitatem
836 3615 946 3669 Deo
971 3614 1247 3670 oll'crimus
1272 3632 1394 3670 cum
1422 3617 1673 3683 dicimus,
1708 3620 2067 3690 Sanctiﬁcetlir

468 3721 653 3758 nomen
681 3715 843 3773 tuum,
887 3708 981 3761 sed
1023 3723 1164 3775 eam,
1207 3725 1324 3779 quae
1356 3711 1514 3776 inest,
1559 3712 1801 3767 laudibus
1827 3715 2069 3769 celebra-

470 3815 592 3853 mus
625 3817 639 3853 :
668 3816 790 3855 nam
835 3802 987 3867 illud,
1037 3802 1434 3872 Sanctiﬁcetur,
1480 3805 1708 3875 idipsum
1758 3817 1841 3860 est
1885 3808 2025 3877 quod
2052 3851 2067 3873 ,

468 3893 816 3959 glorilicetur.
851 3892 963 3949 llac
991 3895 1170 3964 itaque
1202 3910 1335 3951 voce
1364 3895 1641 3963 docemur,
1675 3907 1732 3952 ut
1760 3899 1918 3953 vitam
1948 3915 2073 3955 cum

471 3984 668 4038 virtute
694 3984 976 4049 ducamus,
1010 3996 1062 4040 ut
1089 4003 1206 4041 eam
1238 3987 1479 4043 videntes
1509 3988 1773 4053 homines,
1803 3991 2069 4047 caalestem

472 4075 687 4130 l'alrem
719 4089 962 4131 nostrum
1008 4079 1330 4148 gloriﬁcent,
1360 4089 1417 4135 ut
1444 4081 1570 4137 alibi
1610 4082 1804 4139 dicitur
1835 4103 1846 4137 :
1882 4084 2071 4141 Luceat

472 4166 565 4219 lux
610 4177 772 4220 vestra
809 4186 981 4222 coram
1020 4170 1322 4239 hominibus,
1367 4180 1422 4226 ut
1468 4174 1669 4228 videant
1711 4192 1864 4245 Opera
1909 4188 2071 4232 vestra

471 4260 623 4322 bona,
651 4270 700 4315 et
743 4262 1023 4331 gloriﬁcent
1064 4264 1276 4319 Patrem
1320 4276 1557 4333 vestrum,
1607 4270 1695 4338 qui
1734 4270 1788 4324 in
1825 4272 1961 4326 cazlis
2000 4283 2071 4327 est

473 4351 687 4422 (Matth.
719 4354 772 4409 5.
805 4355 919 4426 l6).
948 4356 1139 4411 Postea
1171 4358 1461 4415 edocemur
1489 4360 1688 4428 dicere,
1722 4363 1966 4418 Adveniet
1986 4384 2069 4420 re-

470 4465 628 4517 gnum
669 4458 812 4502 tuum
842 4468 861 4503 :
893 4452 1352 4520 perturbationum
1411 4455 1772 4525 corporalium
1829 4461 2073 4527 oppressi

472 4541 772 4612 tyrannide,
807 4552 861 4598 et
890 4545 1157 4598 sexcentis
1186 4546 1539 4601 tentationum
1577 4549 1859 4604 insultibus
1900 4551 2069 4622 impe-

473 4636 578 4701 titi,
610 4636 701 4691 Dei
732 4653 901 4708 regno
947 4654 1191 4709 egemus,
1227 4649 1285 4696 ut
1323 4651 1601 4710 peccatum
1650 4660 1754 4698 non
1802 4655 1986 4715 regnet
2016 4647 2069 4701 in

470 4729 684 4783 mortali
728 4745 953 4800 corpore
1002 4745 1186 4787 nostro
1228 4732 1406 4804 (Rom.
1443 4736 1495 4790 6.
1531 4736 1651 4806 12),
1686 4736 1756 4789 ita
1799 4746 1857 4791 ut
1901 4738 1971 4792 illi
2015 4739 2070 4793 in

468 4819 851 4888 cupiditatibus
903 4822 1293 4894 obsequamur,
1348 4833 1511 4896 utque
1562 4842 1668 4881 non
1724 4828 2071 4885 exhibeamus

470 4911 713 4967 membra
748 4924 936 4968 nostra
980 4930 1128 4969 arma
1176 4916 1471 4986 iniquitatis
1512 4930 1752 4988 peccato,
1798 4920 1891 4974 sed
1920 4920 2071 4975 exhi-

469 5003 693 5060 beamus
722 5020 872 5061 arma
912 5006 1137 5076 justitia:
1167 5008 1297 5076 Deo,
1326 5019 1381 5064 et
1408 5009 1540 5081 Regi
1571 5012 1888 5066 saeculorum
1934 5014 2071 5066 mili-

470 5107 664 5153 temus.
696 5098 779 5153 Ad
809 5099 924 5155 haec
952 5102 1110 5155 etiam
1152 5101 1431 5168 docemur,
1463 5119 1531 5157 ne
1560 5113 1879 5173 praesentem
1907 5107 2067 5159 vitam

468 5190 647 5261 magni
678 5190 955 5257 faciamus,
1015 5194 1111 5248 sed
1150 5196 1432 5264 prresentia
1472 5195 1849 5265 despiciamns,
1894 5198 2068 5252 futura

468 5302 623 5352 vero,
673 5295 859 5356 utpote
900 5288 1165 5342 manentia
1223 5290 1684 5359 concupiscamus,
1735 5300 1789 5345 et
1842 5307 2065 5361 regnum

466 5377 601 5432 illud
627 5395 931 5448 qumramus
973 5380 1208 5446 caeleste,
1239 5394 1632 5451 aeternumque,
1663 5400 1761 5437 nec
1793 5386 2067 5452 praesenti-

465 5470 569 5524 bus
604 5472 965 5541 voluptatibus
995 5471 1331 5538 hmreamus;
1376 5490 1481 5528 non
1514 5476 1699 5529 formae
1741 5490 2065 5543 corporum,

466 5577 577 5617 non
608 5564 847 5632 pecunia:
875 5566 948 5631 vi,
997 5580 1100 5619 non
1131 5567 1524 5635 possessionum
1560 5566 1918 5632 abundantiae,
1962 5583 2067 5622 non

462 5670 796 5724 gemmarum
828 5656 1252 5727 magniﬁcentiae,
1285 5672 1393 5712 non
1421 5658 1612 5712 aedium
1639 5659 1933 5727 splendori,
1962 5673 2069 5714 non

463 5747 709 5816 nnperiis
738 5756 794 5803 et
819 5748 1136 5803 militaribus
1159 5748 1512 5818 praefecturis,
1537 5765 1643 5804 non
1668 5766 1937 5820 purpurae,
1962 5766 2068 5807 non

536 5838 551 5869 ⁸
587 5840 659 5889 sic
682 5851 854 5891 omnes
877 5848 982 5892 Mss.
1010 5840 1127 5891 Editi
1147 5852 1263 5892 vero
1287 5854 1385 5892 non
1407 5840 1608 5901 habent,
1632 5849 1909 5906 terramque

2156 484 2464 550 diademati,
2496 500 2599 538 non
2628 485 2865 555 opsoniis
2895 495 2946 539 et
2990 485 3147 539 lautis
3192 485 3383 552 epulis,
3413 499 3595 553 neque.
3632 487 3747 537 aliis

2150 575 2480 645 quibuslibet
2508 590 2717 640 eorum,
2759 592 2877 645 qua:
2905 591 3097 631 sensus
3144 584 3359 630 nostros
3390 577 3630 630 inescare
3658 591 3743 627 Su-

2152 667 2296 732 lent;
2326 666 2421 721 sed
2460 665 2523 719 iis
2552 666 2799 720 omnibus
2828 667 3004 721 valere
3023 666 3209 737 jussis,
3244 682 3465 736 regnum
3492 668 3746 720 czclorum

2151 757 2516 812 indesinenter
2531 773 2866 828 appetamus.
2889 758 3036 813 llanc
3052 774 3181 813 vero
3203 762 3447 812 virtutem
3466 768 3753 828 postquam

2151 866 2249 905 nos
2288 850 2489 916 docuit,
2536 852 2714 906 dicere
2750 850 2903 921 jubet
2934 869 2947 904 :
2978 850 3099 904 Fiat
3138 851 3365 905 voluntas
3412 860 3497 903 tua
3526 851 3654 903 sicut
3695 849 3752 903 in.

2151 943 2273 997 uelo
2297 952 2343 997 et
2372 944 2425 997 in
2452 954 2608 1001 terra.
2632 944 2917 1014 Postquam
2937 944 3079 998 enim
3104 944 3259 997 nobis
3280 944 3576 997 futurorum
3600 958 3751 1003 amo-

2151 1050 2265 1089 rem
2292 1034 2501 1101 indidit,
2532 1051 2739 1090 necnon
2777 1036 2924 1105 regni
2962 1036 3194 1090 ca-lestis
3219 1036 3744 1105 concupiscentiam,

2153 1127 2257 1181 hoc
2290 1127 2602 1182 vulneratos
2628 1128 2898 1183 desiderio
2926 1128 2993 1182 ad
3026 1129 3139 1182 lucc
3164 1128 3398 1188 dicenda,
3432 1138 3706 1197 comparat
3728 1168 3753 1195 ,_

2154 1219 2277 1274 Fiat
2302 1221 2535 1274 voluntas
2564 1229 2671 1289 tua,
2702 1221 2830 1274 sicut
2875 1222 2928 1274 in
2952 1222 3074 1275 cwlo
3101 1232 3148 1275 et
3175 1221 3229 1274 in
3258 1231 3410 1275 terra.
3444 1221 3517 1274 Da
3549 1220 3702 1274 nobis
3729 1260 3746 1285 ,

2154 1311 2345 1383 inquit,
2396 1311 2662 1379 Domine,
2711 1321 2771 1365 ut
2815 1312 3083 1367 caelestem
3133 1312 3277 1366 illam
3325 1311 3445 1364 vita:
3487 1311 3748 1366 rationem

2155 1421 2460 1475 sequamur,
2492 1416 2549 1459 ut
2575 1421 2660 1473 ea,
2685 1422 2803 1474 qum
2836 1415 2889 1458 tu
2922 1406 3021 1469 vis,
3050 1420 3147 1459 nos
3170 1404 3328 1459 etiam
3350 1404 3594 1459 velimus.
3623 1402 3752 1474 Opi.

2156 1496 2326 1551 tulare
2354 1497 2513 1567 igitur
2536 1496 2694 1551 debili
2721 1496 3014 1551 voluntatis
3045 1495 3340 1567 proposito,
3371 1495 3513 1565 quod
3542 1510 3603 1549 ea
3631 1511 3750 1564 quae

2151 1589 2307 1659 jubes
2334 1588 2554 1660 exsequi
2583 1589 2750 1657 cupit,
2798 1587 2894 1643 sed
2922 1588 3163 1657 corporis
3204 1586 3513 1643 inﬁrmitate
3545 1600 3751 1656 praepe-

2156 1682 2299 1737 ditur
2331 1700 2344 1735 :
2378 1682 2589 1752 porrige
2619 1697 2832 1735 manum
2875 1696 3093 1735 currere
3139 1680 3354 1749 quidem
3402 1678 3704 1737 volentibus
3732 1719 3749 1742 ,

2157 1774 2251 1829 sed
2280 1774 2347 1829 ad
2380 1773 2786 1829 claudicandum
2826 1772 3043 1828 coactis.
3080 1772 3190 1826 Alis
3219 1773 3474 1826 instructa
3522 1778 3603 1825 est
3630 1770 3750 1822 ani-

2157 1881 2269 1931 ma,
2297 1866 2392 1921 sed
2434 1866 2577 1920 illam
2623 1880 2748 1920 caro
2786 1880 3001 1934 gravem
3032 1864 3195 1919 ellicit
3224 1880 3247 1930 ;,
3272 1863 3388 1918 hanc
3411 1862 3477 1917 ad
3515 1862 3752 1921 ca-lestia

2157 1960 2314 2015 velox
2342 1967 2445 2026 est,
2497 1959 2586 2013 illa
2622 1974 2750 2014 vero
2795 1958 2970 2028 gravis
3016 1967 3069 2012 et
3111 1957 3178 2012 ad
3226 1967 3432 2011 terrena
3480 1955 3748 2025 proclivis.

2160 2053 2315 2108 Adsit
2338 2052 2495 2107 modo
2516 2052 2771 2107 auxilium
2796 2062 2965 2115 tuum,
2994 2061 3048 2106 ct
3072 2067 3155 2116 ea,
3183 2066 3301 2120 qua:
3327 2048 3443 2104 ﬁcri
3468 2064 3570 2102 non
3596 2063 3754 2117 posse

2159 2146 2427 2210 videntur,
2463 2144 2634 2199 facilia
2665 2142 2911 2199 evadent.
2940 2141 3062 2197 Fiat
3090 2142 3248 2214 igitur
3268 2142 3496 2195 voluntas
3517 2150 3604 2193 tua
3622 2140 3767 2192 sicut.

2158 2240 2213 2294 in
2243 2240 2365 2294 cwlo
2391 2250 2435 2292 et
2465 2239 2517 2292 in
2544 2248 2695 2292 terra.

2232 2331 2286 2386 5.
2318 2330 2457 2398 Quia
2485 2344 2614 2384 vero
2660 2339 2857 2385 terram
2895 2334 3299 2390 commemorat,
3347 2332 3505 2395 atque
3547 2324 3632 2389 iis,
3662 2324 3772 2393 qui.

2162 2440 2226 2479 cx
2254 2433 2395 2477 terra
2442 2424 2699 2490 procreati
2728 2430 2871 2483 sunt,
2918 2420 2968 2474 in
3002 2419 3193 2490 illaque
3231 2424 3757 2476 versmiturtcrrcno

2161 2515 2339 2571 amicti
2382 2530 2629 2584 corpore,
2668 2513 2983 2584 congruenti
3010 2512 3131 2566 cibo
3158 2522 3241 2566 est
3264 2526 3417 2579 opus,
3452 2507 3765 2563 necessario

2162 2607 2434 2679 subiunxit
2462 2627 2473 2662 :
2508 2607 2702 2665 Panem
2728 2617 2957 2660 nostrum
2976 2604 3507 2673 supersubstantialem
3528 2602 3593 2655 da
3615 2600 3754 2653 nobis

2165 2703 2331 2757 hodie.
2364 2704 2565 2757 Panem
2609 2699 3173 2771 supersubstantialem
3216 2707 3398 2767 petere
3437 2696 3615 2766 jussit,
3648 2711 3755 2750 non

2165 2796 2217 2849 in
2242 2794 2686 2850 delectamentum
2720 2834 2735 2859 ,
2768 2790 2862 2847 sed
2906 2792 2958 2845 in
2985 2790 3333 2855 alimentum,
3360 2788 3501 2859 quod
3548 2787 3758 2843 decedit

2164 2886 2231 2941 de
2248 2899 2473 2955 corpore
2496 2886 2775 2955 supplens,
2793 2892 2846 2938 ct
2866 2883 3133 2938 interitum
3161 2898 3224 2936 ex
3247 2882 3386 2936 fame
3412 2881 3645 2935 futurum
3666 2880 3759 2935 dc-A

2168 2976 2392 3047 pellens.
2434 2975 2546 3031 Non
2577 2977 2863 3030 instructas
2892 2974 3115 3043 dapibus
3143 2989 3357 3028 mensas
3389 2974 3429 3039 ί,
3458 2988 3564 3027 non
3599 2988 3739 3042 opso

2168 3068 2254 3122 nia
2281 3068 2449 3135 varia,
2494 3082 2600 3123 non
2645 3067 2903 3122 delicatos
2952 3064 3273 3120 fer-culorum
3305 3075 3609 3135 apparatus,
3651 3080 3759 3119 non

2168 3162 2428 3233 pistorum
2474 3161 2718 3223 artiﬁcia,
2766 3176 2872 3215 non
2916 3160 3037 3213 vina
3083 3160 3250 3215 odore
3297 3158 3675 3223 demulcentia,
3706 3168 3760 3212 et

2169 3272 2288 3326 quae
2329 3255 2431 3310 alia
2470 3255 2702 3324 palatum
2732 3254 3021 3318 delectant,
3053 3262 3294 3307 ventrem
3322 3263 3569 3316 onerant,
3605 3267 3761 3306 men-

2174 3360 2280 3404 tem
2308 3350 2616 3411 obscuraut,
2665 3355 2719 3402 et
2762 3346 2973 3416 corpori
3018 3346 3159 3399 vires
3203 3343 3404 3398 addunt
3449 3353 3506 3397 ut
3547 3343 3771 3398 insultet.

2170 3441 2384 3504 animae,
2425 3455 2485 3494 ac
2519 3439 2718 3509 pullum
2771 3437 2969 3508 auriga:
3010 3435 3241 3491 reddunt
3297 3434 3601 3489 indocilem.
3645 3434 3774 3494 Non.

2171 3531 2288 3588 hanc
2316 3540 2375 3586 ut
2413 3544 2695 3601 poscamus
2723 3532 2894 3584 oratio
2936 3528 3135 3591 docuit,
3167 3526 3260 3582 sed
3292 3526 3755 3596 Supersubslantia-

2172 3628 2271 3682 lem
2294 3642 2495 3695 panem,
2523 3622 2575 3677 id
2593 3632 2694 3688 est,
2723 3621 2814 3693 qui
2841 3622 2895 3675 in
2920 3620 3271 3675 substantiam
3288 3618 3530 3688 corporis
3553 3618 3764 3673 transit.

2173 3732 2399 3788 eamque
2427 3715 2745 3771 conﬁrmare
2774 3721 2969 3785 potest.
3005 3712 3155 3767 Hunc
3184 3727 3310 3765 vero
3341 3725 3532 3780 panem
3564 3724 3665 3763 non
3696 3708 3772 3761 ad.

2174 3811 2397 3866 multum
2427 3824 2687 3864 annorum
2716 3821 2996 3861 numerum
3042 3814 3224 3875 petere
3260 3803 3523 3874 jubemur,
3553 3802 3647 3857 sed
3674 3801 3764 3869 qui

2174 3903 2241 3958 ad
2271 3902 2585 3957 hodiernum
2612 3909 2816 3959 tantum
2846 3898 2989 3954 diem
3015 3898 3143 3952 satis
3173 3897 3241 3951 sit
3271 3913 3285 3949 :
3316 3894 3492 3949 Nolite
3521 3936 3536 3960 ,
3571 3893 3762 3963 inquit,

2174 3997 2375 4052 solliciti
2402 4012 2507 4049 csse
2532 3995 2586 4048 in
2611 3993 2886 4048 crastinum
2918 3990 3127 4063 (Matth.
3169 3990 3223 4044 6.
3255 3988 3369 4059 5'4).
3396 3989 3504 4041 Cur
3525 3987 3666 4042 enim
3697 3987 3766 4040 de

2174 4090 2410 4144 crastino
2435 4088 2553 4157 quis
2582 4086 2840 4140 sollicitus
2868 4084 2959 4148 sit,
3002 4084 3089 4152 qui
3136 4098 3238 4136 non
3269 4082 3437 4149 ipsum
3482 4080 3621 4134 diem
3649 4094 3765 4133 cra-

2174 4182 2370 4237 stinum
2405 4190 2552 4235 certo
2591 4180 2803 4233 visurus
2830 4178 2937 4241 sit;
2969 4177 3062 4232 sed
3106 4175 3196 4248 qui
3240 4175 3476 4229 laborem
3502 4173 3769 4243 suscipit,

2177 4274 2403 4329 fructum
2427 4289 2531 4327 non
2554 4270 2833 4340 decerpit?
2864 4269 2918 4323 ln
2942 4270 3051 4324 Deo
3079 4269 3237 4338 igitur
3264 4266 3509 4321 ﬁduciam
3537 4266 3762 4331 colloca,

2180 4368 2276 4433 Qui
2302 4367 2390 4420 dat
2435 4383 2598 4419 escam
2638 4364 2776 4418 omni
2822 4364 2963 4416 carni
3011 4360 3181 4432 (Psal.
3215 4361 3337 4415 155.
3381 4358 3497 4430 25).
3543 4358 3643 4426 Qui
3671 4358 3776 4420 tibi

2175 4475 2371 4531 corpus
2415 4457 2596 4523 dedit,
2637 4456 2976 4524 animamque
3023 4452 3319 4523 inspiravit,
3366 4462 3523 4520 teque
3568 4449 3765 4504 animal

2178 4552 2434 4607 rationale
2477 4550 2773 4616 constituit,
2802 4557 2961 4617 atque
2987 4548 3164 4603 omnia
3213 4545 3303 4599 tibi
3333 4545 3470 4598 bona
3498 4550 3622 4596 ante
3651 4541 3763 4595 for-

2176 4648 2464 4700 mationem
2507 4641 2851 4712 praaparavit,
2874 4638 3143 4710 quomodo
3177 4648 3227 4690 te
3265 4636 3549 4691 formatum
3576 4648 3764 4703 asper-

2176 4738 2404 4802 nabitur,
2451 4737 2552 4803 Qui
2598 4735 2756 4790 solem
2795 4749 2945 4787 suum
2987 4732 3111 4785 oriri
3155 4730 3275 4799 facit
3319 4743 3472 4797 super
3511 4727 3671 4779 malos
3717 4734 3768 4778 et

2174 4828 2350 4893 bonos,
2384 4837 2427 4880 et
2459 4828 2586 4896 pluit
2611 4842 2763 4895 super
2782 4826 2950 4895 justas
2980 4832 3025 4876 et
3054 4823 3267 4891 injustas
3298 4818 3508 4889 (Matth.
3540 4819 3593 4873 5.
3626 4817 3716 4888 45)
3741 4819 3764 4869 ‘t

2176 4922 2311 4976 lluic
2337 4920 2497 4991 igitur
2540 4918 2584 4973 si
2626 4917 2790 4983 lidas,
2832 4914 3199 4985 quotidianum
3247 4919 3447 4965 tantum
3479 4925 3640 4979 posce
3669 4909 3763 4963 ali-

2176 5023 2436 5078 mentum,
2467 5012 2541 5065 illi
2572 5010 2788 5063 crastini
2817 5024 2996 5063 curam
3027 5006 3287 5075 relinque,
3316 5002 3763 5074 quemadmodum

2174 5116 2228 5159 et
2257 5106 2439 5159 beatus
2482 5101 2646 5156 David
2689 5100 2822 5155 dixit
2850 5117 2863 5152 :
2890 5097 3042 5151 Jacta
3084 5113 3235 5166 super
3278 5096 3549 5149 Dominum
3591 5112 3766 5149 curam

2175 5209 2334 5261 tuam,
2364 5208 2407 5250 et
2438 5198 2545 5262 ipse
2576 5206 2622 5247 te
2645 5193 2856 5247 enutriet
2884 5189 3058 5261 (Psal.
3089 5191 3177 5245 54.
3206 5189 3320 5259 ‘25).
3353 5188 3424 5243 lta
3453 5204 3573 5242 cum
3605 5204 3766 5256 supc—

2176 5292 2404 5347 rioribus
2452 5290 2628 5344 verbis
2670 5302 2971 5355 supremam
3020 5283 3407 5354 philosophiam
3451 5281 3761 5345 docuisset,

2173 5402 2369 5457 gnarus
2402 5384 2513 5437 lieri
2556 5398 2660 5435 non
2690 5396 2869 5450 posse,
2903 5387 2960 5433 ut
2990 5394 3087 5432 nos
3131 5375 3377 5432 homines
3406 5372 3613 5427 mortali
3646 5388 3765 5425 cur-

2176 5493 2305 5549 pore
2343 5473 2652 5529 circumdati
2681 5489 2785 5526 non
2826 5470 3100 5535 cadamus,
3133 5469 3292 5523 etiam
3329 5466 3430 5519 hoc
3458 5464 3638 5518 dicere
3663 5463 3763 5515 do-

2174 5572 2283 5625 cuit
2312 5586 2325 5622 :
2361 5566 2425 5619 Et
2450 5566 2641 5618 dimitte
2668 5563 2809 5617 nobis
2838 5562 3004 5616 debita
3030 5571 3222 5625 nostra,
3252 5559 3380 5611 sicut
3405 5565 3450 5609 et
3475 5572 3566 5610 nos
3592 5554 3763 5607 dimit-

2176 5666 2327 5717 timus
2353 5659 2657 5713 debitoribus
2680 5658 2880 5711 nostris.
2907 5655 3030 5709 Tria
3060 5651 3219 5707 simul
3244 5650 3382 5705 bona
3411 5647 3560 5722 hisce
3587 5647 3763 5702 verbis

2146 5798 2155 5807 -
2246 5778 2258 5807 ²
2298 5780 2397 5822 nuo
2421 5780 2549 5828 Mssa.
2579 5784 2669 5821 non
2695 5782 2878 5821 mensas
2899 5766 3201 5819 luxmiantes
3225 5766 3272 5814 ct
3293 5761 3358 5812 ad
3382 5760 3663 5825 voluptatem
3684 5759 3760 5821 ru-

2180 5861 2284 5898 rcrc
2304 5847 2542 5912 incientes.
