4010 6342
305 335 375 390 4⁵1
1026 331 1082 386 S.
1124 327 1406 386 JOANNIS
1445 328 1926 387 CIIRYSOSTOMI
1965 331 2290 388 ARCHIEP.
2334 331 2880 390 CONSTANTINOP.
3530 343 3599 399 [.8

302 461 557 517 operatur
592 467 603 504 :
633 463 726 502 eos
757 449 846 518 qui
875 447 941 500 ad
979 461 1247 500 summum
1289 444 1499 498 virtutis
1525 442 1746 514 gradum
1781 458 1876 512 per

301 551 564 595 venerunt
609 541 676 596 de
706 555 764 596 se
803 538 1146 595 mediocriter
1191 539 1391 594 sentire
1428 538 1614 604 docet,
1641 536 1902 606 jubetque

303 643 449 688 recte
481 631 632 688 factis
676 647 784 686 non
815 629 1108 696 conlidere,
1152 628 1247 684 sed
1275 627 1562 684 formidare
1609 636 1768 697 atque
1796 637 1902 682 tre-

305 741 456 780 mere
505 727 895 796 prmteritorum
941 738 1207 779 memores
1244 731 1587 794 peccatorum
1621 738 1634 774 :
1668 719 1810 791 quod
1847 729 1902 776 et

304 819 516 873 divinus
565 818 764 873 Paulus
795 817 940 883 facit,
972 825 1095 887 post
1141 823 1400 870 sexcenta
1451 814 1706 883 prasclare
1753 821 1900 884 gesta

303 912 489 966 dicens
517 929 529 964 :
561 911 814 977 Quoniam
855 908 1083 963 Christus
1109 907 1262 962 Iesus
1299 907 1431 960 venit
1459 907 1514 960 in
1543 905 1788 960 mundum
1833 905 1901 959 ad

301 1004 601 1057 saluandam
628 1009 926 1072 peccatores,
953 1015 1165 1069 quorum
1188 999 1379 1068 primus
1402 1014 1492 1069 ego
1517 1015 1628 1052 sum
1658 997 1733 1068 (1.
1765 995 1896 1051 Tim.

302 1097 354 1149 1.
389 1094 502 1166 15).
533 1093 647 1149 Non
701 1092 854 1159 dixit,
890 1093 1046 1146 Eram
1073 1131 1089 1154 ,
1117 1090 1234 1160 sed,
1259 1089 1390 1145 Sum
1418 1131 1434 1154 ,
1466 1099 1784 1160 pmsentem
1841 1104 1902 1145 se

301 1203 516 1258 semper
560 1186 856 1242 facinorum
888 1184 1200 1240 memoriam
1249 1185 1449 1239 habere
1477 1184 1802 1255 signiﬁcans.
1832 1182 1901 1238 lis

301 1281 463 1350 igitur
488 1279 580 1350 qui
610 1279 660 1333 in
689 1292 940 1349 supremo
969 1277 1180 1332 virtutis
1212 1276 1379 1346 gradu
1409 1283 1556 1342 sunt,
1587 1290 1653 1330 ex
1683 1272 1901 1329 humili-

306 1381 414 1426 tate
443 1371 660 1424 tutelam
694 1385 790 1440 per
818 1369 935 1424 haec
979 1368 1140 1423 verba
1172 1367 1427 1438 paravit?
1457 1381 1552 1420 eos
1576 1373 1780 1431 autem,
1811 1365 1901 1436 qui

305 1471 427 1534 post
455 1462 704 1533 baptismi
732 1462 952 1532 gratiam
981 1460 1111 1530 lapsi
1143 1467 1286 1526 sunt,
1319 1457 1386 1513 de
1411 1458 1581 1513 salute
1615 1456 1902 1527 desperare

301 1570 398 1610 sua
425 1569 528 1609 non
560 1553 705 1616 sinit,
739 1552 830 1608 sed
861 1551 1019 1607 docet
1059 1549 1127 1603 ab
1157 1550 1454 1604 animarum
1483 1547 1692 1603 medico
1720 1556 1902 1617 petere

300 1649 471 1702 venia:
501 1647 757 1703 remedia.
789 1645 871 1700 Ad
902 1647 1017 1699 hare
1055 1658 1185 1698 vero
1227 1641 1575 1697 humanitatis
1603 1640 1898 1696 doctrinam

303 1741 557 1811 suggerit.
584 1739 707 1794 Vult
731 1739 872 1794 enim
890 1753 990 1792 nos
1010 1737 1169 1791 mites
1188 1751 1314 1806 erga
1339 1749 1434 1790 eos
1453 1749 1594 1800 esse,
1612 1734 1700 1804 qui
1731 1733 1902 1803 culpae

303 1843 428 1887 sunt
451 1832 688 1896 obnoxii,
712 1839 767 1886 et
796 1830 1108 1900 injuriarum
1139 1828 1294 1882 nobis
1320 1826 1585 1881 illatarum
1625 1826 1904 1880 immemo-

303 1940 412 1991 res,
445 1934 501 1978 ut
531 1940 624 1992 per
649 1923 858 1978 veniam
893 1921 1022 1991 ipsis
1049 1921 1227 1975 datam
1259 1928 1314 1974 et
1339 1934 1437 1974 nos
1465 1919 1675 1974 veniam
1706 1933 1901 1973 conse-

305 2031 571 2085 quamur:
606 2024 660 2069 et
711 2015 806 2084 ipsi
834 2021 1133 2083 pneeuntes
1186 2011 1526 2082 benignitatis
1579 2010 1795 2065 modum
1848 2019 1904 2066 et

309 2123 616 2164 mensuram
669 2108 955 2162 aﬂ'eramus
988 2123 1002 2160 :
1035 2115 1240 2160 tantum
1282 2104 1426 2159 enim
1448 2103 1685 2174 recipere
1724 2112 1906 2173 postu-

306 2201 498 2264 lamus,
531 2208 786 2270 quantum
834 2198 1082 2269 proximo
1127 2198 1302 2269 largiti
1347 2211 1533 2252 sumus
1563 2215 1576 2250 :
1605 2206 1660 2251 et
1701 2205 1902 2252 tantam

306 2291 520 2346 veniam
567 2305 835 2362 rogamus,
878 2299 1131 2360 quantam
1163 2289 1496 2345 debitoribus
1533 2288 1900 2344 concedimus.

307 2383 636 2456 lnsuperque
665 2385 843 2440 dicere
871 2385 1145 2452 docemur,
1179 2383 1247 2438 Et
1276 2401 1339 2439 ne
1358 2401 1451 2439 nos
1479 2385 1691 2439 inducas
1716 2384 1769 2437 in
1793 2393 1903 2438 ten-

311 2476 571 2541 tationem,
597 2476 687 2530 sed
707 2476 864 2530 libera
892 2493 983 2530 nos
1009 2493 1041 2529 a
1060 2473 1216 2530 maio.
1233 2475 1394 2530 Multa
1408 2490 1636 2546 namque
1661 2475 1813 2530 nobis
1839 2491 1904 2531 ex

305 2565 501 2622 diaboli
517 2581 679 2637 opera
691 2563 956 2621 accedunt
972 2563 1170 2619 tristia:
1187 2564 1487 2623 multaitem
1503 2582 1566 2622 ex
1579 2566 1903 2633 hominibus,

307 2659 393 2716 vel
432 2661 609 2730 palam
629 2659 847 2722 inlestis,
865 2657 941 2712 vel
961 2657 1092 2713 clam
1111 2657 1498 2715 insidiantibus.
1521 2660 1726 2728 Corpus
1742 2659 1900 2713 etiam

2013 443 2174 499 modo
2195 454 2378 501 contra
2399 447 2632 500 animam
2660 447 2940 518 insurgens
2954 464 3116 519 grave
3137 451 3390 508 damnum
3415 452 3598 520 infert;

2009 535 2170 592 modo
2199 537 2361 592 variis
2401 537 2734 594 debilitatum
2763 540 2982 608 morbis,
3012 541 3226 598 dolores
3260 545 3412 600 nobis
3440 557 3601 616 atque

2008 629 2294 699 languores
2338 630 2494 700 parit.
2528 630 2710 702 Itaque
2749 648 2870 687 cum
2909 635 3071 688 multa
3117 646 3172 690 et
3202 638 3348 690 varia
3379 651 3474 692 nos
3505 655 3603 692 un-

2007 722 2171 792 dique
2199 723 2370 778 tristia
2396 724 2729 793 adoriantur,
2757 725 2911 780 abiis
2938 727 3183 782 omnibus
3204 738 3263 783 nt
3289 729 3600 793 liberemur,

2007 828 2038 867 a
2071 813 2180 868 Deo
2208 814 2579 870 universorum
2623 825 2806 886 petere
2851 816 3196 872 instituimur.
3228 817 3347 888 Ipso
3372 835 3604 890 namque

2007 905 2218 961 vindice
2245 906 2464 962 sedatur
2488 908 2664 963 omnis
2692 917 3003 978 tempestas,
3033 908 3224 964 ﬂuctus
3262 911 3314 964 in
3340 911 3602 980 tranquil-

2008 998 2210 1055 litatem
2239 999 2470 1067 cedunt;
2503 1002 2874 1072 malignusque
2902 1003 2991 1058 ille
3022 1003 3334 1073 pudefactus
3352 1004 3600 1074 discedit,

2008 1089 2458 1160 quemadmodum
2499 1093 2627 1147 olim
2671 1092 2871 1147 relictis
2921 1092 3245 1158 hominibus,
3297 1095 3362 1149 ad
3409 1111 3602 1165 porcos

2007 1185 2255 1240 discessit
2283 1202 2296 1238 :
2330 1201 2506 1256 neque
2534 1194 2710 1240 tamen
2744 1185 2870 1241 illud
2914 1187 3145 1257 injussus
3189 1187 3365 1244 facere
3394 1199 3477 1246 est
3502 1207 3601 1244 au-

2007 1295 2117 1335 sus.
2146 1279 2248 1348 Qui
2276 1296 2404 1336 vero
2427 1295 2494 1336 ne
2526 1281 2578 1334 in
2611 1295 2804 1352 porcos
2826 1281 3042 1352 quidem
3068 1291 3388 1352 potestatem
3415 1281 3600 1348 habet,

2006 1387 2114 1442 quo
2141 1380 2298 1443 pacto
2326 1371 2568 1427 homines
2596 1371 2877 1442 pervigiles
2907 1373 3193 1442 animoque
3215 1382 3599 1443 temperantes,

2009 1463 2104 1519 Dei
2132 1474 2312 1534 septos
2352 1463 2620 1534 praesidio,
2648 1463 2739 1533 qui
2776 1479 2897 1518 eum
2931 1463 3128 1534 Regem
3157 1478 3277 1519 esse
3319 1481 3471 1519 suum
3501 1480 3601 1534 pu-

2008 1564 2142 1622 tant,
2188 1556 2402 1611 vincere
2453 1555 2664 1625 possit?
2709 1555 3046 1626 Quapropter
3093 1556 3146 1610 in
3193 1555 3300 1610 line
3345 1557 3600 1612 orationis

2009 1648 2102 1702 Dei
2134 1663 2378 1717 regnum,
2424 1648 2677 1702 virtutem
2706 1657 2759 1702 et
2789 1649 3075 1717 potentiam
3116 1648 3350 1704 ostendit
3373 1649 3555 1704 dicens
3585 1669 3600 1705 :

2011 1739 2264 1804 Quoniam
2299 1751 2440 1794 tuum
2478 1751 2550 1794 est
2581 1758 2789 1812 regnum
2832 1752 2878 1795 et
2906 1751 3123 1810 potestas
3150 1752 3197 1795 et
3235 1741 3397 1813 gloria
3426 1744 3479 1794 in
3507 1759 3600 1796 sa:-

2009 1832 2146 1897 cula,
2178 1849 2326 1886 amen
2355 1832 2455 1903 (a).
2502 1831 2635 1898 Hoc,
2678 1833 2869 1902 inquit,
2900 1834 2998 1887 abs
3028 1841 3080 1887 te
3103 1843 3246 1901 peto,
3278 1831 3369 1902 qui
3399 1843 3448 1886 te
3479 1834 3601 1887 novi

2009 1923 2212 1994 Regem
2252 1924 2510 1990 omnium,
2541 1934 2746 1979 teterno
2775 1925 3054 1994 pra‘ditum
3093 1925 3334 1993 imperio,
3362 1923 3451 1994 qui
3482 1939 3601 1977 om-

2009 2016 2118 2082 nia,
2150 2030 2497 2087 qutrcumque
2542 2017 2692 2081 velis,
2736 2025 2908 2086 potes,
2949 2027 3003 2070 et
3042 2015 3212 2085 gloria
3241 2013 3602 2069 circumdatus

2009 2122 2088 2172 es.
2122 2123 2280 2178 quam
2313 2123 2470 2164 nemo
2497 2109 2665 2172 possit
2690 2107 2918 2163 auferre.
2953 2108 3057 2162 Pro
3104 2108 3187 2161 his
3217 2117 3392 2161 autem
3422 2108 3602 2161 omni-

2009 2197 2108 2254 bus
2136 2201 2335 2270 gratias
2376 2214 2597 2268 agamus
2627 2199 2711 2264 ei,
2756 2199 2846 2268 qui
2885 2213 2986 2253 nos
3033 2198 3194 2252 tantis
3236 2196 3482 2267 dignatus
3519 2205 3602 2250 est

2009 2291 2204 2357 bonis;
2236 2291 2360 2361 quia
2415 2292 2516 2361 ipsi
2562 2293 2810 2347 convenit
2853 2292 3031 2345 omnis
3073 2291 3237 2362 gloria
3265 2331 3280 2355 ,
3332 2290 3505 2344 honor
3547 2299 3603 2346 et

2010 2383 2314 2452 imperium,
2365 2383 2527 2450 Patri,
2561 2382 2694 2436 Filio
2739 2393 2794 2437 et
2841 2384 3060 2454 Spiritui
3109 2392 3316 2445 sant-to,
3361 2398 3503 2437 nunc
3544 2392 3603 2439 et

2011 2487 2245 2543 semper,
2271 2483 2324 2528 et
2353 2474 2402 2526 in
2433 2474 2626 2528 smcnla
2657 2473 2997 2528 smculorum.
3028 2474 3219 2528 Amen.

2073 2608 2145 2671 (a)
2179 2616 2288 2658 llzee
2312 2616 2555 2670 postrema
2591 2607 2820 2664 clausula,
2862 2620 2972 2669 quae
2995 2608 3137 2657 abest
3159 2619 3187 2657 a
3211 2606 3429 2670 Vulgata,
3456 2606 3505 2654 in
3526 2606 3602 2654 Bi-

2009 2669 2319 2720 bliis‘Gratcis
2346 2671 2544 2730 legitur.

1790 3380 2141 3443 MONITUM

416 3600 566 3656 Hanc
593 3601 872 3657 homiliam
903 3617 1009 3659 non
1040 3601 1338 3672 publicavit
1374 3599 1642 3657 Henricus
1683 3600 1954 3669 Savilius;
1995 3601 2090 3656 sed
2130 3599 2280 3670 prior
2315 3614 2379 3655 ex
2421 3598 2661 3654 tenebris
2699 3612 2765 3654 ex
2809 3613 2920 3655 uno
2957 3607 3168 3654 tantum
3204 3597 3403 3654 Codice
3429 3595 3572 3652 eruit

341 3713 548 3770 Fronto
599 3714 850 3772 Ducwus.
880 3715 1044 3783 Anni,
1076 3731 1186 3788 quo
1216 3715 1398 3772 habita
1443 3714 1561 3770 haec
1599 3713 1724 3782 fuit,
1748 3713 2118 3784 temporisque
2149 3722 2360 3781 notam,
2409 3729 2530 3771 meo
2581 3713 2809 3784 judicio,
2842 3728 2955 3769 non
3005 3713 3226 3768 dubiam
3267 3712 3578 3782 suppeditat

341 3828 764 3900 Chrysostomus
793 3832 849 3887 in
877 3834 1122 3901 exordio,
1153 3849 1278 3890 cum
1310 3834 1387 3890 ait
1424 3849 1484 3891 se
1525 3850 1697 3907 nuper
1721 3834 1789 3891 de
1821 3833 2149 3906 Paralytico,
2197 3835 2291 3906 qui
2325 3835 2486 3891 annis
2535 3835 2754 3906 triginta
2801 3841 2926 3889 octo
2972 3831 3284 3887 inﬁrmitate
3324 3830 3578 3885 detentus

340 3941 539 4012 fuerat,
571 3961 877 4006 sermonem
913 3951 1174 4007 habuisse
1207 3969 1222 4007 :
1258 3952 1349 4008 ubi
1379 3968 1497 4008 eam
1532 3967 1840 4009 memorare
1865 3967 2094 4024 prorsus
2121 3954 2334 4008 videtur
2366 3953 2669 4019 homiliam,
2703 3967 2868 4024 quam
2900 3963 3090 4007 contra
3122 3950 3410 4004 Anomazos
3436 3947 3572 4004 duo-

339 4058 606 4115 decimam
652 4063 936 4132 posuimus
975 4063 1146 4120 Tomo
1174 4064 1216 4119 Ῑ.
1243 4064 1302 4120 1η
1345 4065 1436 4121 illa
1469 4065 1671 4137 quippe
1719 4073 1910 4122 contra
1951 4067 2250 4122 Anommos
2285 4065 2556 4136 praecipue
2602 4064 2798 4136 agitur,
2835 4062 3191 4132 exemploque
3231 4057 3513 4131 paralytici
3539 4069 3573 4109 a

338 4176 530 4232 morbo
560 4177 769 4234 liberati
796 4181 1058 4250 aequalem
1092 4192 1326 4251 paternae
1346 4181 1469 4238 Filii
1500 4191 1820 4254 potestatem
1849 4190 2242 4238 commonstrat
2265 4179 2323 4236 S.
2357 4180 2588 4246 doctor;
2620 4178 2753 4249 quin
2789 4177 2953 4233 etiam
2986 4185 3047 4231 ut
3089 4175 3212 4230 Filii
3244 4190 3369 4231 cum
3412 4173 3574 4229 Patre

337 4291 695 4362 aequalitatem
733 4302 963 4359 asserat,
1003 4293 1148 4350 hunc
1183 4293 1456 4366 Evangelii
1494 4295 1699 4362 locum,
1744 4293 1910 4350 Pater
1941 4311 2085 4350 meus
2121 4311 2283 4365 usque
2321 4294 2474 4347 modo
2512 4301 2780 4363 operatur,
2814 4301 2863 4345 et
2901 4306 2994 4361 ego
3033 4299 3237 4359 operor,
3275 4289 3576 4358 explanan-

335 4408 464 4462 dum
496 4409 743 4479 suscipit.
778 4409 916 4467 Hinc
944 4411 1108 4467 etiam
1140 4412 1284 4467 aliud
1316 4422 1697 4482 argumentum
1724 4411 1991 4478 eruimus,
2027 4427 2136 4480 quo
2166 4411 2428 4483 probatur
2459 4412 2600 4465 hanc
2633 4409 2911 4465 homiliam
2952 4407 3140 4478 paucis
3171 4416 3294 4477 post
3325 4405 3469 4460 illam
3503 4405 3575 4461 de

341 4521 450 4577 alio
472 4522 768 4594 paralytico
795 4523 988 4579 diebus
1019 4524 1418 4592 pronuntiatam
1448 4523 1657 4590 fuisse;
1687 4525 1740 4578 in
1768 4523 1869 4578 hac
1899 4523 2043 4578 enim
2077 4537 2296 4593 quoque
2323 4523 2391 4578 de
2428 4521 2548 4577 Filii
2579 4537 2702 4577 cum
2741 4520 2899 4578 Patre
2939 4521 3248 4592 aequalitate
3273 4519 3481 4589 aliqum
3514 4517 3568 4570 in

1716 4999 2213 5083 HOMILIA

315 5186 376 5231 ιιι
429 5181 875 5228 PAMLYTICUM
923 5176 1043 5222 PER
1085 5177 1342 5222 TECTUM
1387 5174 1730 5229 DEMISSUM,
1779 5175 1902 5228 QUO

2012 5177 2115 5218 iON
2162 5174 2263 5217 SIT
2304 5174 2469 5228 ILLE,
2499 5171 2580 5214 DE
2611 5172 2738 5224 QUO
2786 5172 2950 5214 APUD
2994 5169 3288 5214 ,ιοΑΝΝΕΜ
3324 5168 3588 5224 Αϐιτυιις

1321 5319 1533 5371 DEQUE
1579 5318 1728 5360 F11."
1773 5319 1905 5361 CUM
1951 5321 2154 5362 PATRIS
2199 5315 2634 5370 EQUALITATE.

1842 5458 2105 5514 clamate

393 5599 415 5652 1
479 5598 610 5651 Cum
641 5596 695 5650 in
725 5591 1073 5663 paralyticnm
1097 5589 1246 5660 juxta
1293 5589 1548 5659 piscinam
1592 5589 1644 5642 in
1671 5587 1810 5642 lecto
1831 5585 1916 5654 ja-

319 5697 529 5743 ccntcm
560 5700 729 5756 nuper
755 5682 1146 5747 incidissemus,
1179 5681 1400 5736 multum
1428 5690 1482 5734 et
1507 5677 1915 5748 ingentenuhe-

323 5796 539 5839 saurum
583 5779 906 5848 invenimus,
934 5791 1040 5834 non
1070 5786 1266 5834 terram
1294 5773 1628 5842 eﬂ'odicntes,
1660 5772 1754 5830 sed
1797 5772 1915 5842 ejus

2024 5583 2187 5638 animi
2230 5594 2388 5636 sensa
2436 5587 2734 5634 scrutantes
2764 5596 2777 5632 :
2805 5577 3111 5633 thesaurum
3165 5576 3466 5632 invenimus
3506 5589 3614 5632 non

2022 5689 2210 5729 aurum
2235 5683 2291 5728 et
2315 5671 2580 5743 pretiosos
2606 5669 2810 5740 lapides
2847 5669 3232 5736 continentem,
3257 5667 3351 5723 sed
3381 5666 3617 5722 toleran-

2022 5768 2170 5835 tiam,
2201 5761 2618 5836 philosorihiam,
2651 5762 2981 5819 mummium.
3010 5771 3065 5821 ct
3093 5760 3315 5817 multam
3346 5760 3400 5816 in
3442 5759 3617 5817 Deum
