4010 6342
448 296 521 351 47
1010 274 1013 277 ἰ
1263 289 1327 345 IN
1367 289 1867 347 PARALYTICUM
1914 290 2279 345 DEMISSUM
2308 289 2441 346 PER
2484 290 2784 348 TECTUM.
3640 291 3711 345 48

446 416 648 485 ἄκρους
678 412 777 483 τὴν
805 411 1006 482 ἀρετὴν
1037 412 1366 482 μετριότητα
1392 412 1630 465 διδάσκει
1665 423 2028 483 φρονήματος,

444 506 541 552 καὶ
579 496 1012 567 παρακελεύεται
1053 494 1130 566 μὴ
1174 494 1395 566 θαρρεῖν
1439 499 1549 558 τοῖς
1588 494 2028 566 κατορθώμασιν,

443 580 581 634 ἀλλά
609 580 833 633 δεδιέναι
864 578 959 631 καὶ
991 579 1213 649 τρέμειν
1262 580 1357 631 καὶ
1394 578 1502 632 τῶν
1540 578 1819 649 προτέρων
1852 580 2034 648 ἀμαρ-

440 666 699 735 τημάτων
725 661 1080 734 μνημονεύειν
1100 676 1112 689 ·
1137 662 1213 725 ὡς
1237 664 1329 715 καὶ
1357 664 1386 715 6
1412 662 1695 726 θεσπέσιος
1722 665 1865 715 ποιεῖ
1895 660 2033 715 Παῦ-

441 748 553 811 λος,
580 746 719 816 μετά
752 746 922 815 μυρία
967 744 1363 817 κατορθώματα
1399 745 1602 813 λέγων’
1642 746 1764 798 Ὅτι
1806 745 2033 812 Ἰησοῦς

442 830 699 895 Χριστὸς
732 825 918 898 ἦλθεν
954 832 1041 893 είς
1086 828 1195 882 τὸν
1235 830 1467 898 κόσμον
1507 828 1894 897 ἁμαρτωλοὺς
1918 828 2035 881 σῶ-

442 933 568 980 σαι,
603 909 691 967 ὧν
720 912 951 982 πρῶτός
977 916 1094 983 ειμι
1137 912 1283 982 ἐγάν
1316 915 1415 967 ούκ
1466 908 1638 977 εἶπεν,
1684 914 1854 983 ήμην,
1896 913 2030 978 ἀλλ’,

448 1006 602 1070 εἰμι,
650 998 861 1060 δεικνὺς
910 997 992 1049 ὃτι
1035 996 1309 1051 ἄπαυστον
1356 992 1468 1066 εἶχε
1516 996 1622 1049 τῶν
1659 996 2033 1068 εἰργασμένων

448 1085 547 1151 τὴν
570 1082 812 1151 μνήμην.
850 1081 976 1143 Τοῖς
1017 1080 1114 1151 μὲν
1160 1074 1251 1131 οὖν
1302 1081 1489 1152 ἄκροις
1541 1079 1638 1150 τὴν
1687 1080 1887 1151 ἀρετὴν
1927 1079 2035 1132 ἀπὸ

447 1160 549 1229 τῆς
580 1162 1078 1233 ταπεινοφροσύνης
1106 1163 1404 1233 ἀσφάλειαν
1434 1162 1519 1215 διὰ
1562 1162 1767 1215 τούτων
1796 1162 1902 1215 τῶν
1940 1162 2031 1214 λό-

445 1264 557 1314 γων
590 1248 1005 1317 ἐμηχανήσατο·
1041 1248 1165 1309 τοὺς
1203 1248 1257 1300 δὲ
1284 1246 1615 1309 πταίσαντας
1651 1246 1790 1316 μετά
1820 1246 1916 1317 τὴν
1940 1245 2032 1299 τοῦ

448 1331 605 1399 ἁγίου
633 1330 1005 1401 βαπτίσματος
1044 1330 1201 1402 χάριν
1239 1332 1338 1383 οὐκ
1376 1330 1597 1399 ἀφίησιν
1636 1330 2033 1398 ἀπογινώσκειν

447 1419 548 1486 τῆς
577 1416 784 1467 ἑαυτῶν
812 1415 1107 1484 σωτηρίας.
1138 1414 1252 1467 ἀλλ’
1290 1415 1460 1467 αἰτεῖν
1484 1413 1719 1466 διδάσκει
1758 1415 1909 1485 παρὰ
1938 1413 2032 1467 τοῦ

452 1498 639 1570 ἰατροῦ
682 1498 790 1551 τῶν
835 1498 1023 1568 ψυχῶν
1062 1499 1161 1569 τῆς
1193 1498 1437 1565 ἀφέσεως
1475 1497 1543 1550 τὰ
1580 1497 1862 1567 φάρμακα.
1891 1499 2033 1567 Πρὸς

445 1582 506 1636 δὲ
557 1581 794 1645 τούτοις,
839 1584 932 1634 καὶ
974 1580 1386 1651 «φιλανθρωπίας
1425 1580 1765 1633 διδασκαλίαν
1810 1584 1837 1633 6
1878 1582 2034 1648 λόγος

449 1665 779 1719 ὑποτίθεται.
826 1664 1083 1717 Βούλεται
1124 1665 1230 1734 γὰρ
1266 1666 1410 1734 ἡμᾶς
1453 1664 1691 1735 ἡμέρους
1733 1660 2032 1735 εἶναιπερὶ

448 1748 575 1810 τοὺς
608 1747 958 1811 ὑπευθύνους,
992 1747 1399 1817 ἀμνησικάκους
1448 1749 1574 1818 περὶ
1603 1750 1727 1811 τοὺς
1771 1749 1848 1812 είς
1886 1750 2033 1819 ἡμᾶς

450 1829 924 1900 πλημμελοῦντας,
955 1832 1046 1883 καὶ
1072 1833 1135 1901 τῇ
1161 1832 1288 1901 περὶ
1318 1830 1536 1893 τούτους
1572 1832 1869 1901 συγγνώμῃ
1905 1833 2032 1884 ὲαυ-

448 1917 561 1976 τοῖς
590 1913 876 1983 δωρεῖσθαι
904 1913 1252 1985 συγγνώμην,
1284 1916 1375 1967 καὶ
1402 1915 1547 1985 ἡμᾶς
1587 1916 1782 1977 αὐτοὺς
1811 1932 2033 1986 προεισ-

450 1996 638 2068 φέρειν
686 1996 785 2066 τῆς
824 1997 1231 2068 φιλανθρωπίας
1274 1997 1341 2050 τά
1385 1998 1578 2069 μέτρα.
1624 1997 1885 2050 Τοσοῦτον
1926 1998 2034 2068 γὰρ

451 2079 710 2149 αἰτοῦμεν
742 2079 945 2145 λαϐεῖν,
988 2082 1111 2133 ὅσον
1150 2084 1260 2143 τοῖς
1303 2080 1531 2151 πλησίον
1570 2081 1899 2151 παρέχομεν,
1942 2083 2031 2133 καὶ⁵

450 2161 721 2231 τοσαύτης
773 2160 1027 2233 ἀξιοῦμεν
1079 2163 1407 2234 συγγνώμης
1464 2167 1643 2233 τυχεῖν
1671 2204 1685 2223 ,
1735 2166 1865 2232 ὅσην
1923 2168 2034 2228 τοῖς

451 2244 731 2310 ὀφείλουσι
788 2245 1125 2317 δωρούμεθα.
1181 2247 1324 2317 Πρὸς
1387 2246 1595 2308 τούτοις
1633 2246 2032 2316 ὲκελεύσθημεν

451 2327 653 2395 λέγειν,
684 2329 795 2381 Καὶ
830 2329 918 2398 μὴ
974 2330 1321 2399 εἰσενέγκῃς
1354 2331 1511 2400 ἡμᾶς
1551 2333 1639 2395 εἰς
1678 2332 2031 2399 πειρασμὸν,

454 2412 618 2464 ἀλλὰ
660 2412 849 2476 ῥῦσαι
884 2413 1042 2483 ἡμᾶς
1088 2415 1206 2468 ἀπὸ
1240 2416 1345 2467 τοῦ
1374 2415 1658 2482 πονηροῦ.
1704 2414 1880 2467 Πολλά
1936 2416 2034 2484 μὲν

455 2495 565 2567 γὰρ
610 2497 740 2566 ἡμῖν
786 2498 851 2549 ἐκ
898 2498 1206 2568 διαϐολικῆς
1240 2499 1515 2568 ἐνεργείας
1552 2498 1899 2569 προσγίνεται
1946 2500 2036 2551 λυ·-

456 2578 644 2649 πηρὰ,
707 2580 874 2635 πολλά
913 2582 969 2633 δὲ
1014 2584 1106 2635 και
1157 2582 1214 2647 ἐξ
1261 2581 1591 2653 ἀνθρώπων,
1656 2582 1688 2651 ἢ
1744 2583 2035 2653 προφανῶς

2136 411 2564 482 ἐπηρεαζόντων,
2599 411 2631 481 ἢ
2664 408 2884 478 ἀφανῶς
2911 422 2936 451 ι
2976 406 3455 461 ἐπιϐουλευόντων.
3512 406 3713 459 Kal-:6

2138 502 2295 573 σῶμα
2322 502 2450 553 ποτε
2508 500 2606 567 μὲν
2658 499 3083 567 ἐπανιστάμενον
3130 498 3195 567 τῇ
3243 494 3420 565 ψυχῇ,
3475 496 3713 566 χαλεπὴν

2136 582 2427 657 ἐργάζεται
2469 582 2670 653 βλάϐην
2691 600 2704 613 υ
2754 582 2884 634 ποτὲ
2919 581 2976 633 δὲ
3021 580 3380 640 παντοδαποῖς
3413 578 3699 649 ἀρρωστή-

2139 686 2270 738 μασι
2324 672 2646 738 περιπῖπτον
2699 665 2886 727 ὀδύνας
2931 666 3061 733 ἡμῖν
3108 662 3357 732 ἐπιφέρει
3412 662 3505 713 καὶ
3550 661 3720 731 ἀχθη-

2133 751 2310 816 δόνας.
2354 751 2569 822 Ἐπειδὴ
2597 752 2774 803 τοίνυν
2825 748 2991 802 πολλὰ
3029 746 3122 799 καὶ
3160 744 3390 815 διάφορά
3439 744 3555 795 ἐστι
3585 742 3711 794 πολ-

2134 834 2357 905 λαχόθεν
2405 834 2815 905 προσπίπτοντα
2869 829 3123 901 λυπηρὰ,
3179 828 3528 897 ἐδιδάχθημεν
3566 824 3712 895 παρό

2134 919 2226 971 τοῦ
2274 918 2407 971 Θεοῦ
2452 917 2558 970 τῶν
2608 917 2744 969 ὅλων
2787 916 2956 968 αἰτεῖν
2992 915 3090 983 τὴν
3121 912 3323 965 τούτων
3376 909 3712 978 ἀπαλλαγήν.

2134 1002 2307 1055 Αὐτοῦ
2359 1002 2467 1071 γὰρ
2516 1000 2904 1071 ἐπαμύνοντος.
2965 999 3113 1050 πᾶσα
3152 996 3248 1066 μὲν
3294 993 3715 1047 κατασϐέννυται

2136 1085 2292 1157 ζάλη,
2324 1088 2352 1140 6
2379 1085 2435 1138 δὲ
2480 1084 2683 1139 κλύδων
2719 1085 2798 1145 εἰς
2839 1081 3079 1152 γαλήνην
3107 1079 3443 1151 μεθίσταται,
3469 1078 3561 1129 καὶ
3588 1076 3716 1129 ὑπο-

2135 1174 2302 1242 χωρεῖ
2330 1168 2781 1242 κατῃσχυμμένος
2807 1168 2835 1219 6
2866 1166 3119 1235 πονηρὸς,
3152 1163 3400 1233 καθάπερ
3432 1162 3560 1214 ποτὲ
3592 1160 3713 1223 τοὺς

2134 1252 2452 1323 ἀνθρώπους
2497 1251 2837 1305 καταλείπων
2873 1248 3011 1302 κατὰ
3042 1250 3150 1300 τῶν
3184 1246 3379 1317 χοίρων
3420 1243 3715 1314 ἐχώρησεν,

2134 1336 2253 1388 οὐδὲ
2284 1338 2456 1388 έκεῖνο
2510 1334 2729 1402 ποιῆσαι
2762 1333 3035 1402 τολμήσας
3067 1330 3187 1399 δίχα
3217 1329 3310 1382 τοῦ
3342 1327 3713 1386 κελεύσαντος.

2146 1420 2205 1471 Ὀ
2233 1418 2288 1470 δὲ
2318 1418 2459 1470 κατὰ
2496 1417 2693 1486 χοίρων
2745 1415 2991 1480 ἐξουσίαν
3034 1413 3132 1466 οὐκ
3165 1412 3322 1481 ἔχων,
3365 1411 3482 1472 πῶς
3512 1408 3713 1478 ἀνθρώ-

2136 1519 2253 1554 πων
2294 1500 2672 1572 ἐγρηγορότων
2717 1499 2810 1552 καὶ
2850 1498 3145 1569 νηφόντων,
3179 1497 3271 1548 καὶ
3316 1494 3422 1548 ὑπὸ
3457 1492 3591 1545 Θεοῦ
3620 1510 3708 1560 φυο

2134 1584 2497 1654 λαττομένων,
2528 1584 2621 1637 καὶ
2654 1583 2771 1654 [52]
2808 1582 3028 1652 βασιλέα
3056 1583 3251 1634 οἰκεῖον
3276 1577 3590 1648 ἡγουμένων
3619 1575 3714 1627 αύ-

2135 1670 2227 1723 τὸν
2260 1668 2528 1739 κρατῆσαι
2553 1668 2835 1738 δυνήσεται
2863 1684 2877 1730 ;
2913 1665 3009 1718 Διά
3036 1664 3192 1717 τοῦτο
3228 1664 3321 1715 καλ⁷
3345 1661 3422 1730 τῷ
3450 1659 3590 1711 τέλει
3619 1657 3717 1727 τῆς

2139 1753 2463 1823 προσευχῆς,
2494 1751 2584 1804 τοῦ
2615 1750 2749 1803 Θεοῦ
2787 1750 2882 1820 τὴν
2927 1747 3199 1818 βασιλείαν
3244 1746 3337 1798 καὶ
3363 1744 3458 1813 τὴν
3491 1741 3718 1811 δύναμιν

2140 1838 2231 1889 καὶ
2277 1836 2374 1905 τὴν
2413 1835 2567 1899 δόξαν
2605 1833 2900 1897 ὑπέδειξεν,
2937 1830 3131 1883 εἰπών’
3168 1831 3289 1881 ’Ὁτι
3330 1827 3445 1881 σοῦ
3481 1827 3651 1879 ἐστιν
3682 1826 3719 1892 ἠ

2134 1918 2423 1983 ⁸βασιλεία
2454 1917 2550 1969 καὶ
2586 1918 2623 1983 ἠ
2654 1916 2905 1983 δύναμις
2935 1913 3031 1966 καὶ
3060 1913 3095 1978 ἡ
3128 1912 3275 1974 δόξα
3307 1913 3392 1975 εὶς
3419 1908 3558 1973 τοὺς
3587 1905 3718 1959 αἰῶ.

2141 2019 2269 2064 νας.
2298 1995 2507 2066 Ἀμήν.
2537 1997 2721 2052 Ταῦτα
2756 1997 2882 2067 γὰρ,
2912 1997 3093 2066 φησὶν,
3121 1995 3257 2048 αἰτῶ
3302 1992 3449 2063 παρά
3480 1992 3594 2053 σοῦ,
3639 1990 3719 2041 ὅτι

2136 2080 2257 2137 οἶδά
2282 2100 2339 2135 σε
2371 2082 2589 2151 βασιλέα
2627 2082 2859 2145 πάντων,
2888 2080 3101 2133 αἰώνιον
3132 2076 3468 2147 κεκτημένον
3498 2073 3719 2145 κράτος,

2137 2168 2230 2219 καὶ
2263 2167 2439 2221 πάντα
2469 2165 2763 2235 δυνάμενον
2828 2165 3036 2231 ὅσαπερ
3082 2162 3147 2215 ἂν
3196 2160 3375 2232 θέλῃς,
3427 2158 3519 2211 καὶ
3562 2155 3719 2219 δόξαν

2135 2250 2469 2321 κεκτημένον
2518 2248 2893 2317 ἀναφαίρετον.
2932 2245 3101 2315 ’Υπὲρ
3139 2243 3195 2296 δὲ
3231 2243 3434 2295 τούτων
3469 2239 3719 2293 ἁπάντων

2135 2332 2616 2402 εὐχαριστήσωμεν
2650 2329 2728 2400 τῷ
2763 2330 3030 2383 τοσούτων
3062 2329 3210 2398 ἡμᾶς
3250 2326 3538 2392 ἀξιώσαντι
3579 2325 3719 2389 ἀγα-

2132 2416 2258 2475 θῶν,
2289 2416 2369 2467 ὅτι
2402 2414 2554 2483 αὐτῷ
2594 2415 2795 2483 πρέπει
2829 2415 2977 2465 πᾶσα
3016 2412 3161 2475 δόξα,
3192 2411 3322 2480 τιμὴ
3362 2411 3455 2461 καὶ
3498 2408 3718 2478 κράτος,

2132 2498 2207 2567 τῷ
2241 2500 2435 2568 Πατρὶ,
2470 2498 2563 2549 καὶ
2590 2497 2668 2567 τῷ
2704 2498 2837 2566 Υίῷ,
2875 2496 2967 2549 καὶ
3006 2495 3085 2565 τῷ
3122 2495 3264 2564 ἁγίῳ
3299 2492 3599 2561 Πνεύματι,
3626 2489 3720 2542 νῦν

2133 2582 2225 2635 καὶ
2254 2582 2358 2645 ἀεὶ,
2388 2580 2481 2633 καί
2514 2582 2593 2644 είς
2617 2581 2742 2643 τοὺς
2768 2579 2969 2642 αἰῶνας
2992 2577 3100 2631 τῶν
3124 2576 3357 2631 αἰώνων.
3397 2576 3591 2647 ’Δμήν.

526 2737 549 2765 ⁸
588 2736 721 2796 Haec,
749 2738 1099 2800 ἐπηρεαζόντων
1120 2739 1149 2794 ἢ
1177 2738 1382 2799 ἀφανῶς,
1429 2738 1609 2787 desunt
1656 2740 1702 2786 in
1733 2739 1907 2797 editis;
1951 2739 2039 2786 sed

2135 2737 2308 2787 bentur
2332 2738 2381 2785 in
2404 2749 2525 2785 mss.

985 3383 1082 3440 AD
1120 3381 1493 3441 HOMILIAM
1528 3380 1608 3439 IN
1654 3376 2195 3438 PARALYTICUM
2238 3378 2390 3437 PER
2431 3376 2733 3437 TECTUM
2776 3375 3179 3437 DEMISSUM.

465 3619 624 3687 locis,
661 3618 784 3674 licet
808 3616 1002 3683 obiter,
1036 3616 1195 3672 verba
1233 3614 1383 3670 facit.
1412 3614 1527 3681 Qua
1580 3629 1639 3669 re
1680 3613 1919 3668 maxime
1960 3628 2261 3677 movemur,
2298 3620 2356 3666 ut
2395 3611 2499 3665 hoc
2538 3610 2847 3670 exordium,
2881 3609 3013 3664 Cum
3046 3611 3100 3662 in
3146 3610 3506 3681 paralyticum
3538 3612 3703 3680 juxta

463 3740 722 3807 piscinam
753 3737 809 3790 in
841 3736 972 3790 lecto
992 3735 1251 3803 iacentem
1278 3748 1442 3802 nuper
1468 3729 1852 3793 incidissemus,
1888 3728 2113 3781 multum
2160 3737 2208 3780 et
2246 3727 2500 3796 ingentem
2553 3726 2855 3778 thesaurum
2903 3725 3217 3789 invenimus,
3261 3724 3328 3779 de
3359 3725 3448 3778 illa
3479 3725 3702 3780 bomilia

464 3859 522 3912 in
549 3857 913 3929 Paralylicum
947 3855 1166 3926 triginta
1204 3869 1469 3909 annorum
1497 3847 1965 3919 Constantinopoli
1999 3861 2145 3902 anno
2180 3845 2282 3901 598
2315 3844 2507 3899 habita
2539 3844 2945 3915 intelligendum
2979 3860 3341 3900 censeamus:
3368 3853 3531 3915 atque
3563 3844 3701 3899 adeo

462 3978 606 4032 hanc
637 3972 916 4030 homiliam
941 3971 996 4024 in
1024 3968 1387 4039 Paralyticum
1418 3980 1514 4035 per
1542 3972 1739 4019 tectum
1774 3963 2072 4017 demissum
2106 3959 2295 4030 paucis
2323 3966 2444 4027 post
2480 3957 2672 4011 diebus
2705 3957 3011 4027 eodemque
3045 3972 3191 4011 anno
3224 3957 3701 4026 Constantinopoli

464 4089 706 4144 habitam
748 4091 1077 4141 statuamus.
1108 4080 1166 4134 ln
1220 4055 1322 4135 hac
1368 4094 1530 4150 porro
1578 4076 1841 4131 concione
1885 4073 2132 4143 pluribus
2166 4072 2503 4127 demonstrat
2543 4068 2987 4138 Chrysostomus,
3060 4069 3425 4139 cvangelistas
3477 4068 3613 4122 inter
3640 4084 3700 4123 se

463 4202 701 4257 maxime
728 4197 1074 4263 consentire;
1107 4197 1361 4266 huncque
1386 4192 1740 4265 paralyticum
1772 4206 1867 4261 pcr
1896 4188 2107 4258 tegulas
2135 4185 2457 4249 demissum,
2508 4181 2783 4236 diversum
2824 4197 2945 4238 cssc
2980 4184 3047 4237 ab
3093 4198 3180 4247 co,
3215 4184 3309 4257 qui
3349 4184 3503 4253 juxta
3536 4182 3701 4254 pisci-

462 4332 587 4374 nam
614 4315 851 4387 iacebat.

534 4428 913 4501 Interpretatio
948 4428 1139 4484 Latina
1168 4425 1577 4499 estFrontonis
1601 4423 1805 4481 Ducaei.

1892 4977 2281 5064 OMIAIA

456 5165 558 5229 Εἰς
584 5162 689 5216 τὸν
727 5160 1130 5231 παραλυτικὸν
1161 5161 1258 5215 διὰ
1300 5160 1407 5227 τῆς
1433 5160 1653 5228 στέγης
1690 5160 2093 5229 χαλασθέντα,
2133 5161 2222 5213 ὅτι
2251 5160 2361 5213 οὐκ
2386 5158 2567 5224 αὐτός
2593 5157 2762 5212 ἐστιν
2791 5159 2827 5212 ό
2855 5157 3013 5227 παρὰ
3044 5159 3120 5223 τῷ
3152 5159 3386 5230 Ἰωάννη
3420 5164 3714 5231 κείμενιις·

1324 5252 1419 5305 καὶ
1448 5254 1578 5322 περὶ
1608 5251 1716 5320 τῆς
1743 5252 1846 5305 τοῦ
1871 5253 2002 5307 Υἱοῦ
2032 5252 2181 5320 πρὸς
2208 5252 2312 5304 τὸν
2340 5250 2569 5318 Πατέρα
2598 5250 2889 5318 ἰσότητος.

2068 5416 2137 5428 —

527 5570 598 5625 α’.
625 5571 1009 5642 Περιτυχόντες
1046 5570 1235 5642 πρῴην
1286 5568 1363 5639 τῷ
1406 5564 1755 5635 παραλυτικῷ
1780 5581 1843 5617 πε
1852 5563 1907 5633 ρί
1935 5564 2032 5633 τὴν
2125 5562 2238 5642 *τὴν
2269 5561 2503 5615 διάνοιαν
2531 5560 2694 5614 αὑτοῦ
2725 5561 3115 5631 διασκάψαντες
3137 5578 3149 5591 ·
3176 5561 3489 5632 εὑρήκαμεν
3514 5562 3712 5633 θησαυ-

457 5639 841 5727 κολυμϐήθραν
872 5658 963 5710 ἐπὶ
990 5639 1102 5726 τῆς⁷
1126 5639 1311 5724 κλίνης
1340 5653 1592 5723 κειμένῳ,
1630 5650 1793 5704 πολὺν
1822 5648 1912 5701 καὶ
1938 5649 2032 5717 μὲ-
2123 5639 2233 5717 ’ρὸν
2260 5646 2379 5717 οὐχὶ
2408 5645 2668 5715 ἀργύριον
2694 5644 2883 5714 ἔχοντα
2924 5646 3015 5698 καὶ
3047 5646 3263 5716 χρυσίον
3306 5645 3393 5696 καὶ
3426 5643 3600 5708 λίθους
3624 5663 3706 5698 τι-

459 5755 561 5809 γαν
585 5740 896 5810 εὑρήκαμεν
926 5738 1215 5812 θησαυρὸν,
1243 5738 1361 5808 ούχί
1384 5738 1485 5807 γῆν
1512 5733 1869 5807 διορύξαντες,
1897 5731 2029 5786 ἀλλὰ
2142 5730 2311 5801 μίους,
2348 5730 2481 5785 ἀλλά
2515 5730 2806 5801 καρτερίαν
2838 5732 2927 5785 καὶ
2962 5729 3272 5800 φιλοσοφίαν
3311 5728 3403 5784 καὶ
3438 5728 3707 5801 ὑπομονὴν
