4010 6342
323 243 396 298 Λ9
1023 239 1080 297 S.
1121 237 1408 297 JOANNIS
1446 236 1898 296 Clll‘YSOSTOD

2002 237 2294 296 ARCHIEP.
2333 238 2880 297 CONSTANTINOP.
3509 240 3577 296 50

317 357 413 411 καὶ
441 355 640 427 πολλὴν
663 355 761 426 τὴν
786 354 920 428 πρὸς
952 355 1042 408 τὸν
1073 354 1208 411 Θεὸν
1241 354 1452 420 ἐλπίδα,
1479 354 1515 426 ἢ
1546 354 1742 420 παντὸς
1763 372 1896 426 χρυ-

283 503 285 505 ,
317 448 434 500 σίου
469 448 562 500 καὶ
587 447 768 519 πάσης
796 447 1060 518 εὐπορίας
1086 449 1204 502 ἐστὶ
1233 447 1556 519 τιμιωτέρα.
1576 448 1633 500 Ὀ
1667 447 1762 517 μὲν
1787 447 1898 519 γὰρ

315 540 572 610 αἰσθητὸς
620 539 848 604 πλοῦτος
891 540 984 594 καὶ
1029 539 1242 611 λῃστῶν
1276 540 1589 604 ἐπιϐουλαῖς
1620 538 1735 612 [55]
1766 541 1898 612 πρό-

315 649 532 697 κειται,
578 632 673 686 καὶ
715 633 1063 702 συκοφαντῶν
1109 634 1364 702 στόμασι,
1413 633 1510 686 καὶ
1551 633 1898 703 τοιχωρύχων

313 723 472 792 χερσὶ
521 722 615 775 καὶ
659 721 885 774 οίκετῶν
936 721 1319 794 κακουργίαις,
1365 721 1460 774 καὶ¹
1507 719 1632 773 ὅταν
1681 719 1897 772 ἅπαντα

315 814 487 866 ταῦτα
529 813 788 884 διαφύγῃ,
815 814 934 866 τότε
965 816 1076 877 τοῖς
1108 812 1466 883 κεκτημένοις
1512 812 1771 881 μέγιστον
1801 813 1898 862 ἐπ-

315 905 439 972 άγει
480 904 738 967 πολλάκις
771 904 860 957 τὸν
897 903 1138 975 ὄλεθρον,
1169 903 1454 973 βασκάνων
1483 901 1793 971 ὀφθαλμοὺς
1821 899 1898 952 δι-

316 997 566 1068 εγείρων,
594 997 687 1049 καλ¹
721 997 947 1068 μυρίους
987 998 1050 1049 ἐκ
1077 997 1269 1048 τούτου
1292 995 1490 1047 τίκτων
1521 993 1816 1064 χειμῶνας.
1835 991 1894 1043 Ὀ

315 1089 372 1143 δὲ
400 1089 767 1161 πνευματικὸς
801 1088 1028 1152 πλοῦτος
1056 1090 1273 1152 ἁπάσας
1311 1087 1511 1150 ταύτας
1541 1085 1760 1155 διέφυγε
1795 1083 1894 1146 τὰς

314 1180 508 1245 λαϐὰς,
543 1183 635 1235 καὶ
666 1181 845 1252 πάσης
887 1181 1150 1254 ἐπηρείας
1202 1181 1348 1233 ἐστὶν
1398 1178 1673 1248 άνώτερος
1717 1175 1894 1229 τοιαύ-

287 1290 436 1343 της,
472 1274 566 1326 καὶ
600 1272 813 1344 λῃστῶν
844 1274 936 1326 καὶ
957 1271 1305 1342 τοιχωρύχων
1340 1269 1434 1323 καὶ
1469 1267 1754 1338 βασκάνων
1800 1267 1893 1318 καλ¹

319 1364 670 1434 συκοφαντῶν
709 1365 803 1416 καὶ
831 1363 997 1416 αὐτοῦ
1028 1361 1345 1430 καταγελῶν
1373 1361 1466 1413 τοῦ
1493 1359 1739 1413 Θανάτου.
1762 1357 1895 1410 Οὐδὲ

317 1455 426 1527 γάρ
458 1455 672 1526 θανάτῳ
697 1454 1076 1524 διαζεύγνυται
1101 1454 1195 1507 τοῦ
1226 1452 1587 1522 κεκτημένου,
1618 1449 1754 1504 ἀλλά
1777 1449 1895 1502 τότε

321 1547 555 1619 μάλιστα
599 1547 980 1618 ἀσφαλεστέρα
1028 1547 1060 1616 ἡ
1114 1544 1306 1615 κτῆσις
1349 1542 1511 1596 αὐτοῦ
1559 1545 1673 1604 τοῖς
1715 1541 1896 1612 ἔχουσι

318 1638 545 1704 γίνεται,
575 1639 669 1690 καὶ
711 1637 1099 1706 συναποδημεῖ,
1135 1634 1228 1688 καί
1275 1632 1708 1704 συμμεθίσταται
1760 1630 1897 1702 πρὸς

316 1729 416 1800 τὴν
448 1728 740 1800 μέλλουσαν
772 1727 934 1798 ζωὴν,
962 1727 1056 1780 καλ
1099 1727 1396 1795 συνήγορος
1428 1724 1639 1792 γίνεται
1686 1721 1899 1791 θαυμα-

322 1821 462 1883 στὸς,
494 1815 573 1882 οἷς
620 1819 684 1873 ἂν
728 1821 843 1870 ἐκεῖ
888 1817 1226 1887 συναπέλθῃ.
1262 1817 1357 1869 καὶ
1405 1817 1530 1868 ἵλεω
1579 1813 1899 1884 καθίστησιν

320 1914 500 1974 αὐτοῖς
533 1911 623 1964 τὸν
651 1911 959 1974 δικάζοντα.

388 2003 589 2056 Τοῦτον
623 2004 716 2056 καὶ
745 2003 904 2072 ἡμεῖς
948 2000 1040 2053 τὸν
1085 1999 1312 2052 πλοῦτον
1365 1999 1503 2068 μετά
1556 1993 1756 2066 πολλῆς
1801 1997 1900 2065 τῆς

318 2093 597 2162 δαψιλείας
653 2091 965 2163 εὑρήκαμεν
1013 2090 1070 2140 ἐν
1116 2090 1181 2158 τῇ
1220 2087 1313 2139 τοῦ
1361 2085 1733 2156 παραλυτικοῦ
1776 2101 1901 2136 κατ-

318 2179 702 2252 ορωρυγμένον
755 2177 923 2247 ψυχῇ.
972 2176 1082 2229 Καὶ
1127 2176 1404 2247 μάρτυρες
1455 2174 1612 2243 ὑμεῖς
1657 2173 1706 2224 οί
1761 2172 1901 2241 μετὰ

319 2273 520 2344 πολλῆς
554 2271 716 2325 αὐτὸν
749 2268 1171 2338 ἐξαντλήσαντες
1205 2269 1302 2337 τῆς
1349 2265 1678 2337 προθυμίας,
1710 2265 1770 2317 οὐ
1811 2281 1900 2317 κε-

319 2362 592 2423 νώσαντες
619 2359 696 2412 δέ.
727 2357 962 2428 Τοιαύτη
995 2356 1102 2428 γὰρ
1135 2357 1169 2425 ή
1204 2354 1296 2408 τοῦ
1333 2353 1702 2424 πνευματικοῦ
1733 2351 1896 2404 πλού-

320 2473 415 2508 του
441 2453 602 2522 φύσις
627 2469 640 2483 ·
664 2451 762 2514 τάς
790 2447 898 2507 τῶν
927 2449 1132 2502 ὑδάτων
1161 2445 1444 2518 ἐπιρροίας
1471 2446 1736 2516 μιμεῖται,
1766 2443 1900 2513 μᾶλ-

320 2549 411 2600 λον
455 2546 511 2598 δὲ
545 2545 642 2598 καὶ
670 2542 894 2596 ἐκείνων
923 2541 1048 2610 νικᾷ
1074 2539 1174 2609 τὴν
1214 2536 1495 2606 ἀφθονίαν.
1526 2536 1646 2588 τότε
1673 2533 1895 2587 πλεονά-

322 2638 489 2700 ζουσα
544 2633 763 2704 μᾶλλον,
798 2633 926 2684 ὅταν
973 2629 1202 2692 πολλοὺς
1248 2627 1348 2700 ἔχῃ
1394 2629 1519 2690 τοὺς
1567 2626 1899 2698 ἀρυομένους

321 2729 510 2798 αὐτήν.
547 2727 638 2787 Εἰς
663 2725 772 2796 γὰρ
806 2723 904 2794 τὴν
943 2722 1171 2776 ἑκάστου
1197 2720 1372 2791 ψυχὴν
1409 2717 1612 2783 εἰσιὼν,
1655 2719 1713 2771 οὐ
1747 2717 1901 2788 μερί-

319 2818 492 2883 ζεται,
523 2817 643 2870 οὐδέ
670 2816 1005 2878 ἐλαττοῦται,
1027 2813 1142 2867 ἀλλ’
1159 2813 1451 2882 ὁλόκληρος
1481 2812 1695 2881 ἑκάστῳ
1722 2827 1901 2880 παρα-

320 2907 603 2978 γινόμενος
634 2906 904 2968 ἀνάλωτος
932 2905 1080 2974 μένει
1101 2902 1384 2974 διηνεκῶς,
1415 2901 1668 2955 οὐδέποτε
1700 2900 1900 2954 ἐπιλεί-

321 3015 442 3050 πειν
474 2997 767 3066 δυνάμενος
789 3013 804 3026 ’
839 2995 868 3047 ὃ
894 2995 958 3065 δὴ
1004 2994 1099 3048 καὶ
1131 2994 1250 3047 τότε
1287 2992 1588 3046 συνέόαινε.
1617 2991 1901 3044 Τοσούτων

319 3091 427 3164 γάρ
465 3089 829 3142 ἐπιπεσόντων
866 3085 944 3156 τῷ
975 3084 1254 3157 θησαυρῷ,
1289 3086 1383 3138 καὶ
1413 3086 1630 3138 πάντων
1658 3083 1727 3136 τὰ
1759 3083 1902 3136 κατά

319 3183 547 3252 δύναμιν
567 3180 881 3251 ἀρυομένων
907 3177 1114 3232 ἐκεῖθεν
1135 3194 1150 3209 ·
1185 3179 1279 3231 καὶ
1306 3177 1359 3230 τί
1387 3177 1531 3245 λέγω
1558 3177 1686 3248 περὶ
1721 3177 1896 3246 ὑμῶν,

319 3272 452 3324 ὅπου
483 3287 544 3340 γε
581 3270 640 3336 ἐξ
681 3267 888 3321 ἐκείνου
916 3266 1008 3319 τοῦ
1056 3266 1247 3338 χρόνου
1286 3265 1446 3336 μέχρι
1491 3265 1590 3335 τῆς
1620 3264 1901 3335 παρούσης

321 3365 533 3438 ἡμέρας
571 3363 796 3435 μυρίους
825 3362 1058 3432 ποιήσας
1097 3359 1384 3428 εὐπόρους,
1431 3359 1525 3412 ἐπὶ
1565 3360 1664 3430 τῆς
1694 3359 1900 3422 οἰκείας

321 3455 654 3524 τελειότητος
691 3456 872 3524 μένει;
904 3451 996 3522 Μή
1028 3451 1207 3505 τοίνυν
1233 3451 1611 3524 ἀποκάμωμεν
1637 3451 1772 3522 πρὸς
1800 3451 1900 3523 τήν

325 3546 701 3616 πνευματικὴν
725 3543 928 3614 ταύτην
955 3543 1212 3615 εὐπορίαν
1231 3559 1245 3574 ·
1275 3541 1389 3596 ἀλλ’
1412 3543 1536 3597 ὅσον
1561 3542 1786 3597 δυνατὸν
1805 3545 1899 3597 καὶ

322 3635 418 3689 νῦν
461 3633 894 3703 ἐξαντλήσωμεν,
929 3632 1024 3684 καὶ¹
1059 3631 1260 3700 ἴδωμεν
1288 3630 1667 3702 φιλάνθρωπον
1695 3633 1900 3686 Δεσπό-

321 3743 445 3797 την,
475 3724 674 3794 ἴδωμεν
702 3721 1027 3794 καρτερικὸν
1057 3722 1295 3792 οἰκέτην.
1322 3722 1626 3792 Τριάκοντα
1652 3723 1783 3792 γοῦν
1806 3729 1900 3780 καὶ

323 3817 468 3872 ὀκτὼ
495 3817 589 3887 ἔτη
622 3817 907 3888 ἀρρωστίᾳ
938 3815 1179 3869 παλαίων
1211 3815 1415 3885 ἀνιάτῳ
1440 3817 1534 3869 καὶ
1572 3817 1899 3888 μαστιζόμε-

325 3928 413 3974 νος
437 3908 720 3980 διηνεκῶς,
741 3908 840 3961 οὐκ
863 3907 1240 3979 ἐδυσχέρανεν,
1273 3907 1373 3961 οὐκ
1396 3907 1576 3978 ἀφῆκε
1603 3911 1753 3980 ῥῆμα
1774 3909 1900 3980 βλά-

327 4017 561 4073 σφημον,
595 4000 654 4054 οὐ
690 3998 1034 4071 κατηγόρησε
1070 3997 1163 4052 τοῦ
1192 3999 1570 4069 πεποιηκότος,
1605 4000 1741 4054 ἀλλά
1773 4018 1900 4070 γεν-

324 4094 489 4157 ναίως
519 4092 612 4146 καὶ
640 4091 776 4163 μετά
801 4091 1001 4162 πολλῆς
1030 4091 1126 4162 τῆς
1159 4091 1458 4155 ἐπιεικείας
1485 4091 1582 4164 τὴν
1617 4094 1901 4166 συμφορὰν

326 4186 521 4258 ἔφερεν
563 4183 794 4253 ἐκείνην.
826 4183 932 4236 Καὶ
964 4181 1129 4236 πόθεν
1157 4181 1315 4235 τοῦτο
1354 4182 1548 4253 δῆλον;
1586 4185 1749 4255 φησίν
1770 4202 1782 4216 ·
1808 4187 1901 4238 οὐ-

324 4279 413 4333 δὲν
435 4275 542 4348 γὰρ
565 4275 694 4346 περὶ
723 4273 822 4344 τῆς
843 4272 954 4326 ἄνω
981 4271 1127 4344 ζωῆς
1153 4273 1314 4327 αὐτοῦ
1346 4275 1531 4344 σαφῶς
1554 4277 1703 4346 ἡμᾶς
1726 4277 1900 4331 ἐδίδα-

327 4371 417 4436 ξεν
445 4371 479 4441 ή
512 4366 722 4440 Γραφὴ,
752 4365 865 4418 ἀλλ’
895 4365 976 4418 ὃτι
1017 4365 1114 4436 μὲν
1143 4367 1433 4437 τριάκοντα
1463 4367 1607 4420 ὀκτὼ
1634 4368 1729 4437 ἔτη
1756 4365 1902 4439 εἶχεν

327 4465 384 4515 ἐν
427 4463 494 4532 τῇ
541 4458 794 4528 ἀσθενείᾳ
834 4454 1020 4521 αὐτοῦ,
1051 4455 1207 4526 δῆλον
1256 4457 1542 4528 ἐποίησεν·
1578 4460 1659 4512 ὅτι
1705 4460 1760 4513 δὲ
1801 4462 1901 4514 οὐκ

325 4553 698 4624 ἐδυσχέρανεν,
723 4549 844 4608 οὐδέ
870 4548 1267 4619 ἠγανάκτησεν,
1301 4550 1420 4603 οὐδέ
1465 4552 1897 4622 ἀπεδυσπέτησε,

325 4644 481 4697 τοῦτο
511 4643 694 4697 οὐκέτι
723 4641 1085 4713 προσέθηκεν.
1114 4641 1225 4694 Καὶ
1268 4639 1373 4712 μὴν
1417 4644 1513 4695 καὶ
1560 4643 1716 4696 τοῦτο
1742 4645 1900 4716 δῆλον

329 4735 598 4804 ἐποίησεν,
622 4735 779 4796 εἴτις
806 4730 1048 4804 ἀκριϐῶς
1069 4731 1348 4803 προσέχοι,
1373 4734 1465 4786 καὶ
1492 4734 1564 4805 μὴ
1587 4735 1896 4806 παρέργως,

331 4825 465 4895 μηδέ
491 4825 868 4887 ἀπλῶς.”οταν
890 4824 997 4894 γὰρ
1020 4824 1254 4896 ἀκούσης
1280 4826 1361 4878 ὃτι
1385 4827 1660 4880 ἐπιστάντι
1681 4829 1902 4900 Χριστῷ

329 4918 424 4975 καὶ
470 4917 568 4968 οὐκ
604 4915 715 4968 ὸντι
763 4916 1057 4986 γνωρίμῳ,
1106 4916 1219 4968 ἀλλ’
1249 4915 1517 4988 ἀνθρώπῳ
1562 4921 1901 4992 νομιζομένῳ

326 5008 488 5077 ψιλῷ,
521 5007 656 5076 μετά
686 5005 952 5076 τοσαύτης
977 5008 1274 5069 ἐπιεικείας
1307 5006 1576 5076 διελέγετο
1605 5011 1773 5080 αὐτῷ,
1806 5014 1898 5066 καὶ

327 5099 427 5168 τὴν
464 5094 768 5166 ἔμπροσθεν
799 5094 960 5147 αὐτοῦ
996 5095 1313 5166 φιλοσοφίαν
1352 5097 1555 5170 δυνήσῃ
1581 5097 1895 5155 θεάσασθαι.

329 5187 548 5242 Εἰπόντι
591 5185 699 5255 γὰρ
730 5185 897 5255 αὐτῷ,
931 5186 1134 5253 Θέλεις
1171 5188 1344 5256 ὑγιὴς
1384 5189 1696 5258 γενέσθαι;
1747 5191 1898 5245 οὐδὲν

328 5275 482 5340 εἶπεν
528 5271 638 5332 οἷον
682 5275 828 5337 είκὸς
875 5271 965 5344 ἦν,
1008 5275 1088 5328 ὅτι
1129 5277 1289 5348 Ὁρᾷς
1342 5295 1408 5347 με
1457 5279 1898 5349 παραλελυμένον

326 5371 514 5442 χρόνον
540 5365 793 5420 τοσοῦτον
825 5367 1238 5437 κατακείμενον,
1270 5370 1364 5422 καὶ
1393 5372 1602 5441 ἐρωτᾷς
1634 5373 1680 5424 εἰ
1714 5372 1898 5442 βούλο-

327 5481 428 5532 μαι
461 5457 713 5529 γενέσθαι
747 5458 906 5529 ὑγιής
924 5476 939 5526 ἰ
971 5459 1272 5529 ὲπεμδῆναί
1309 5477 1410 5531 μου
1438 5466 1548 5524 τοῖς
1578 5467 1766 5526 κακοῖς
1799 5461 1895 5535 ἧλ-

330 5551 444 5612 θες,
473 5549 747 5613 ὀνειδίσαι,
780 5549 874 5603 καὶ
899 5549 1288 5618 καταγελάσαι,
1320 5553 1413 5606 καὶ
1447 5554 1778 5624 κωμῳδῆσαι
1799 5556 1899 5627 τὴν

333 5644 648 5721 ταμφοράνι
698 5642 861 5698 Οὐδὲν
891 5641 1008 5716 [54]
1041 5642 1274 5703 τοιοῦτον
1299 5645 1418 5698 οὐδὲ
1455 5641 1622 5713 εἶπεν,
1657 5646 1775 5698 οὐδε
1804 5649 1890 5700 ὲν-

2001 353 2241 425 ενόησεν,
2267 355 2404 410 ἀλλά
2455 357 2574 426 μετ’
2608 355 2908 417 ἐπιεικείας
2929 372 2940 385 ·
2971 353 3078 407 Ναὶ
3100 393 3115 418 ,
3151 353 3346 422 Κύριε,
3389 359 3576 427 φησίν.

1997 447 2059 499 EE
2090 446 2147 499 δέ
2180 447 2318 516 μετά
2346 448 2642 518 τριάκοντα
2674 445 2820 500 ὀκτὼ
2849 445 2942 515 ἐτη
2983 443 3128 498 οὕτω
3166 445 3338 514 πρᾶος
3367 439 3455 514 ἦν,
3483 442 3577 495 οὐ·

1996 553 2102 600 τως
2155 537 2440 608 ἐπιεικὴς,
2497 537 2598 607 τῆς
2650 537 2894 600 εὐτονίας
2939 535 3087 606 αὐτῷ
3139 534 3578 604 καταϐληθείσης

1994 628 2213 700 ἀπάσης
2250 631 2344 683 κα)⁵
2388 630 2486 700 τῆς
2532 629 2815 700 δυνάμεως
2858 630 2967 682 τῶν
2996 629 3293 700 λογισμῶν,
3326 627 3581 696 ἐννόησον

1994 719 2179 772 ὁποῖον
2204 720 2350 783 είκὸς
2377 717 2517 774 εἶναι
2542 720 2729 774 τοῦτον
2758 723 2816 774 ἐν
2852 723 2965 783 τοῖς
2998 720 3302 791 προοιμίοις
3332 719 3438 771 τῶν
3468 719 3579 771 δει-

1994 811 2272 864 νῶν.“Ἰστε
2316 811 2426 883 γὰρ
2471 813 2644 884 δήπου
2689 813 2910 877 πάντες,
2937 814 3020 866 ὅτι
3071 813 3170 882 οὐχ
3217 813 3419 880 ὁμοίως
3469 810 3579 862 εἰσὶ

1994 902 2309 975 δυσάρεστοι
2341 905 2389 956 οἱ
2417 906 2695 968 νοσοῦντες
2736 906 2792 958 ἐν
2837 907 2979 977 ἀρχῇ
3009 905 3107 975 τῆς
3135 903 3446 975 ἀρρωστίας
3479 904 3578 956 καὶ

1996 996 2191 1048 πολλοῦ
2221 996 2502 1067 προϊόντος
2531 996 2624 1050 τοῦ
2652 997 2843 1068 χρόνου
2866 1016 2877 1026 ·
2897 997 3017 1050 τότε
3050 996 3159 1067 γὰρ
3190 995 3423 1066 μάλιστα
3448 995 3578 1046 δυσ-

1996 1091 2174 1158 χερεῖς
2200 1089 2439 1156 γίνονται
2475 1090 2522 1143 οἱ
2563 1091 2863 1153 νοσοῦντες,
2899 1091 3026 1143 ὅταν
3057 1091 3136 1152 εἰς
3170 1090 3342 1159 μῆκος
3408 1086 3579 1157 ἐπιδῷ

1993 1179 2055 1232 τὸ
2092 1179 2322 1252 νόσημα,
2353 1181 2474 1234 τότε
2505 1183 2668 1235 πᾶσιν
2698 1181 2980 1252 ἀφόρητοι.
2999 1182 3056 1234 '0
3086 1181 3143 1234 δέ
3173 1180 3312 1252 μετά
3339 1178 3580 1232 τοσαῦτα

1995 1269 2088 1340 ἐτη
2115 1269 2256 1323 οὕτω
2286 1271 2610 1340 φιλοσοφῶν,
2641 1271 2812 1334 οὕτως
2841 1271 3178 1338 ἀνεξικάκως
3205 1269 3578 1340 ἀποκρινόμε-

1993 1377 2108 1425 νος,
2127 1360 2348 1431 εὐδηλον
2373 1363 2452 1416 ὅτι
2487 1363 2580 1416 καὶ
2610 1365 2701 1418 τὸν
2731 1363 3041 1435 ἔμπροσθεν
3065 1363 3252 1433 χρόνον
3286 1362 3425 1432 μετά
3450 1361 3580 1414 πολ-

1993 1452 2090 1522 λῆς
2114 1455 2212 1522 τῆς
2248 1454 2594 1526 εὐχαριστίας
2617 1456 2716 1526 τὴν
2744 1453 3030 1524 συμφορὰν
3055 1453 3249 1524 ἔφερεν
3283 1453 3518 1522 ἐκείνην.

2065 1545 2251 1598 Ταῦτα
2295 1543 2388 1600 οὖν
2438 1548 2532 1601 καὶ
2561 1550 2722 1618 ἡμεῖς
2758 1546 3098 1616 λογιζόμενοι
3144 1543 3440 1616 μιμώμεθα
3479 1544 3579 1614 τὴν

1996 1637 2271 1708 ὑπομονὴν
2317 1638 2410 1691 τοῦ
2458 1639 2777 1692 συνδούλουο
2829 1637 2988 1708 ἱκανὴ
3035 1637 3142 1706 γὰρ
3185 1638 3220 1708 ἡ
3271 1635 3578 1706 παράλυσις

1995 1730 2201 1782 ἐκείνου
2243 1730 2342 1793 τὰς
2378 1732 2652 1802 ἡμετέρας
2684 1731 3000 1800 ἐπισφίγξαι
3027 1729 3203 1800 ψυχάς
3223 1747 3236 1760 ⁶
3267 1728 3442 1790 οὐδεὶς
3469 1728 3580 1797 γὰρ

1994 1823 2136 1874 οὕτω
2186 1823 2391 1894 νωθρὸς
2437 1825 2530 1876 καὶ
2580 1824 2933 1894 παρειμένος,
2973 1822 3048 1885 ώς
3091 1821 3150 1874 τὸ
3205 1819 3434 1891 μέγεθος
3479 1819 3578 1888 τῆς

1998 1917 2282 1985 συμφορᾶς
2313 1916 2572 1985 ἐννοήσας
2600 1915 2835 1984 ἐκείνης,
2878 1914 2951 1985 μὴ
2985 1913 3162 1966 πάντα
3202 1912 3466 1980 γενναίως
3493 1914 3580 1963 ἐν-

1996 2008 2179 2073 εγκεῖν
2205 2006 2270 2058 τὸ.
2302 2006 2714 2076 προσπίπτοντα
2745 2005 2913 2072 δεινὰ,
2951 2003 3052 2058 κᾶν
3080 2004 3334 2056 ἁπάντων
3369 2004 3579 2071 ἀφορη-

1997 2098 2190 2168 τότερα
2307 2097 2444 2151 Οὔτε
2486 2098 2594 2169 γὰρ
2633 2101 2666 2168 ὴ
2698 2099 2876 2166 ὑγίεια
2903 2096 3069 2151 αὐτοῦ
3102 2097 3282 2167 μόνον,
3307 2095 3442 2149 ἀλλά
3484 2095 3579 2147 καὶ

1998 2190 2030 2258 ἡ
2060 2189 2212 2253 νόσος
2244 2194 2506 2260 μεγίστης
2539 2193 2670 2260 ἡμῖν
2703 2189 2970 2256 ὠφελείας
3000 2190 3221 2258 γέγονεν
3247 2188 3396 2242 αἰτία
3415 2204 3427 2216 ·
3457 2187 3492 2256 ἧ
3518 2204 3580 2239 τε

1997 2281 2107 2352 γάρ
2145 2282 2406 2354 θεραπεία
2435 2284 2571 2354 πρὸς
2602 2283 2908 2350 δοξολογίαν
2936 2282 3030 2336 τοῦ
3055 2282 3328 2335 Δεσπότου
3361 2282 3452 2333 καὶ
3479 2279 3580 2343 τὰς

2000 2372 2110 2423 τῶν
2141 2372 2447 2426 ἀκουόντων
2474 2375 2661 2444 ἤγειρε
2699 2372 2902 2442 ψυχάς·
2935 2373 2968 2443 ἦ
2994 2390 3054 2425 τε
3085 2373 3239 2434 νόσος
3264 2371 3358 2424 καὶ
3397 2371 3430 2440 ή
3475 2370 3580 2440 ἀρ-

2001 2463 2206 2532 ρωστία
2228 2465 2362 2535 πρὸς
2383 2465 2658 2536 ὑπομονὴν
2682 2465 2826 2536 ὑμᾶς
2846 2465 3054 2536 ήλειψε,
3077 2465 3173 2518 καὶ
3196 2464 3331 2536 πρὸς
3351 2463 3442 2516 τὸν
3466 2464 3580 2516 ἴσον

1997 2558 2340 2628 παρεκάλεσε
2370 2558 2530 2627 ζῆλον
2551 2573 2564 2586 ·
2595 2558 2793 2627 μᾶλλον
2815 2558 2871 2610 δὲ
2897 2558 2990 2612 καὶ
3016 2557 3185 2626 αὐτὴν
3210 2555 3304 2608 τοῦ
3325 2555 3460 2608 Θεοῦ
3479 2555 3584 2626 τὴν

1998 2648 2404 2721 φιλανθρωπίαν
2434 2650 2751 2714 ἐνεδείξατο.
2786 2651 2896 2702 Καὶ
2925 2649 3032 2721 γάρ
3057 2650 3187 2704 αὐτὸ
3211 2649 3273 2702 τὸ
3304 2649 3579 2720 παραδοῦ-

1997 2754 2083 2790 ναι
2109 2737 2333 2808 τοιούτῳ
2363 2741 2648 2809 νοσήματι,
2679 2739 2772 2792 καὶ
2797 2739 2887 2791 τὸν
2916 2741 3107 2809 χρόνον
3131 2740 3366 2792 ἐκτεῖναι
3393 2737 3583 2791 τοσοῦ-

1995 2844 2086 2880 τον
2113 2826 2210 2898 τὴν
2238 2829 2564 2899 ἀρρωστίαν,
2591 2830 2854 2900 μεγίστης
2880 2830 3208 2901 κηδεμονίας
3230 2829 3367 2883 ἐστί.
3393 2829 3581 2883 Καθά-

1996 2935 2103 2989 περ
2133 2918 2238 2989 γάρ
2268 2921 2558 2989 χρυσοχόος
2582 2923 2659 2984 είς
2686 2922 3051 2994 χωνευτήριον
3077 2921 3331 2994 ἐμϐαλὼν
3356 2923 3581 2996 χρυσίον

2000 3009 2162 3080 μέχρι
2187 3010 2443 3063 τοσούτου
2470 3012 2756 3084 ἐπιτρέπει
2789 3013 3178 3083 βασανίζεσθαι
3205 3015 3282 3086 τῷ
3306 3017 3581 3088 πυρὶ,’έως

1996 3098 2062 3152 ἂν
2094 3099 2178 3172 ῐδῃ
2202 3101 2491 3172 γενόμενον
2527 3101 2912 3174 καθαρώτερον
2931 3120 2944 3133 '
2979 3102 3122 3157 οὕτω
3149 3103 3212 3174 δὴ
3242 3106 3338 3158 καὶ
3378 3107 3406 3158 ό
3449 3105 3582 3169 Θεὸς

2000 3193 2161 3263 μέχρι
2187 3192 2442 3247 τοσούτου
2469 3193 2566 3256 τὰς
2591 3194 2697 3248 τῶν
2727 3193 3030 3264 ἀνθρώπων
3048 3195 3226 3265 ψυχὰς
3251 3197 3474 3268 ἀφίησιν
3497 3198 3584 3264 ἐξ·

1997 3285 2283 3350 ετάξεσθαι
2333 3287 2391 3340 ἐν
2440 3287 2654 3353 δεινοῖς,
2688 3287 2792 3349 ἕως
2822 3286 2888 3340 ἂν
2914 3287 3183 3356 γένωνται
3216 3288 3455 3362 καθαραὶ
3488 3291 3588 3344 καὶ

1996 3375 2236 3440 διειδεῖς,
2273 3379 2367 3430 καὶ
2410 3377 2612 3446 πολλὴν
2662 3377 2770 3430 ἀπὸ
2818 3378 2917 3447 τῆς
2965 3377 3197 3448 βασάνου
3237 3380 3439 3452 ταύτης
3483 3383 3587 3453 τὴν

1997 3469 2262 3536 ὠφέλειαν
2296 3469 2727 3540 καρπωσάμεναι
2748 3484 2761 3498 ⁸
2790 3470 2930 3523 ὥστε
2956 3465 3050 3521 καὶ
3076 3469 3234 3522 τοῦτο
3262 3472 3584 3545 εὐεργεσίας

1997 3556 2136 3622 εἶδός
2165 3563 2278 3613 ἐστι
2309 3560 2370 3612 τὸ
2402 3560 2680 3630 μέγιστον.

2070 3651 2133 3722 β’.
2165 3650 2255 3722 Μὴ
2286 3651 2464 3704 τοίνυν
2493 3652 2870 3722 θορυϐώμεθα,
2904 3657 3038 3727 μηδέ
3060 3657 3332 3728 ἀλύωμεν,
3351 3675 3586 3730 πειρασ-

2001 3743 2116 3814 μῶν
2139 3742 2517 3813 ἐμπιπτόντων
2537 3746 2686 3814 ήμῖν.
2707 3745 2770 3797 Et
2791 3746 2897 3816 γὰρ
2925 3749 2953 3800 ὁ
2971 3749 3257 3818 χρυσοχόος
3289 3745 3392 3800 εἶδε
3421 3749 3586 3803 πόσον

2001 3833 2100 3902 μὲν
2122 3833 2341 3903 ἀφιέναι
2369 3836 2426 3886 ἐν
2446 3837 2513 3905 τῇ
2540 3834 2756 3906 καμίνῳ
2775 3837 2967 3908 χρόνον
2989 3839 3070 3891 δεῖ
3093 3840 3153 3891 τὸ
3180 3842 3423 3910 χρυσίον,
3451 3842 3584 3893 πότε

1997 3926 2054 3979 δὲ
2077 3927 2411 3991 ἀνασπάσαι,
2442 3928 2536 3980 καὶ
2560 3929 2660 3980 οὐκ
2687 3929 2878 4000 ἀφίησι
2907 3931 3068 4002 μέχρι
3091 3933 3185 3986 τοῦ
3215 3933 3586 4002 διαφθαρῆναι

1999 4017 2094 4070 κα)⁸
2144 4017 2554 4089 κατακαυθῆναι
2605 4021 2785 4090 μένειν
2832 4024 2889 4075 ἐν
2922 4022 3000 4092 τῷ
3029 4025 3191 4095 πυρίο
3228 4025 3408 4096 πολλῷ
3444 4026 3584 4096 μᾶλ-

1999 4107 2090 4161 λον
2115 4110 2143 4161 ὁ
2163 4108 2295 4173 Θεὸς
2320 4109 2476 4163 τοῦτο
2509 4111 2818 4176 ἐπίσταται,
2853 4115 2945 4168 καὶ
2975 4116 3102 4169 ὅταν
3139 4116 3223 4188 ἴδῃ
3263 4118 3583 4189 καθαρωτέ-

2004 4219 2128 4271 ρους
2150 4203 2490 4271 γενομένους,
2522 4205 2714 4274 ἀφίησι
2742 4205 2848 4257 τῶν
2875 4209 3219 4278 πειρασμῶν,
3240 4210 3380 4262 ὥστε
3405 4211 3478 4281 μὴ
3505 4210 3584 4281 τῷ

2003 4289 2329 4362 πλεονασμῷ
2362 4293 2468 4345 τῶν
2496 4294 2680 4347 κακῶν
2716 4295 3170 4368 ύποσκελισθῆναι
3211 4301 3304 4351 καὶ
3344 4317 3586 4353 καταπε-

2003 4385 2132 4436 σεῖν.
2164 4382 2254 4452 Μή
2276 4383 2456 4436 τοίνυν
2483 4383 2940 4456 δυσχεραίνωμεν,
2969 4385 3102 4458 μηδέ
3131 4390 3582 4462 μικροψυχῶμεν,

2001 4472 2217 4525 ἐπειδάν
2250 4491 2300 4526 τι
2345 4474 2451 4527 τῶν
2479 4475 2752 4546 ἀδοκήτων
2784 4478 3029 4549 ἐμπέσῃ·
3062 4480 3199 4533 ἀλλά
3235 4485 3584 4553 παραχωρῶ-

2005 4579 2104 4632 μεν
2152 4563 2228 4634 τῷ
2271 4564 2445 4619 ταῦτα
2492 4566 2630 4634 μετά
2677 4568 2961 4638 ἀκριϐείας
2993 4570 3174 4636 εἰδότι,
3215 4573 3321 4636 ’έως
3353 4573 3417 4625 ἂν
3456 4573 3582 4644 βού-

2001 4653 2162 4716 λοιτο,
2193 4655 2396 4725 πυροῦν
2423 4657 2521 4727 τὴν
2545 4657 2782 4711 διάνοιαν
2809 4660 2909 4729 τὴν
2935 4662 3210 4733 ἡμετέραν
3228 4679 3242 4694 ο
3273 4666 3584 4736 συμφερόν-

1998 4762 2106 4808 τως
2135 4745 2242 4816 γάρ
2267 4746 2424 4799 τοῦτο
2455 4750 2598 4800 ποιεῖ
2638 4751 2732 4802 καὶ
2771 4750 2862 4802 ἐπὶ
2893 4752 3073 4822 κέρδει
3107 4755 3215 4808 τῶν
3248 4755 3582 4826 πειραζομέ-

2000 4854 2125 4890 νων.

2070 4926 2170 4979 Διά
2207 4927 2362 4981 τοῦτο
2397 4930 2559 4998 σοφός
2596 4949 2678 4995 τις
2723 4939 2978 5005 παραινεῖ
3009 4936 3211 5004 λέγων·
3251 4938 3490 5002 Τέκνον,
3531 4943 3585 4994 ει

2002 5017 2307 5087 προσέρχῃ
2340 5020 2654 5076 δουλεύειν
2687 5023 2766 5088 τῷ
2799 5025 2938 5090 Θεῷ,
2970 5027 3296 5096 ἐτοίμασον
3327 5031 3443 5096 τὴν
3465 5035 3585 5098 ψυ-

2003 5110 2123 5180 χήν
2167 5125 2284 5164 σου
2329 5113 2413 5177 εὶς
2464 5118 2816 5184 πειρασμὸν,
2870 5118 3129 5172 εὐθυνον
3173 5120 3289 5187 τὴν
3331 5122 3585 5190 καρδίαν

2003 5215 2140 5264 σου,
2171 5203 2268 5254 καὶ
2305 5203 2693 5274 καρτέρησον,
2734 5209 2831 5261 καὶ
2866 5208 2953 5277 μὴ
2987 5212 3269 5279 σπεύσῃς
3303 5213 3375 5264 ἐν
3400 5211 3586 5282 καιρῷ

1999 5291 2326 5361 ἐπαγωγῆς.
2368 5294 2527 5366 Αὐτῷ
2577 5298 3002 5369 παραχώρησον,
3053 5303 3238 5370 φησὶν,
3285 5304 3581 5356 ἁπάντων·

2000 5377 2106 5434 οἶδε
2139 5383 2248 5454 γὰρ
2273 5385 2514 5456 ἀκριϐῶς
2543 5387 2669 5440 πότε
2698 5391 2845 5458 ἡμᾶς
2875 5390 3164 5444 ἀνελέσθαι
3192 5392 3256 5443 ἐκ
3289 5393 3388 5464 τῆς
3411 5395 3584 5463 καμί-

2001 5488 2091 5524 νου
2125 5473 2204 5526 δεῖ
2228 5475 2338 5528 τῶν
2372 5478 2578 5532 κακῶν.
2612 5480 2734 5551 Χρὴ
2775 5481 2954 5534 τοίνυν
2984 5483 3135 5553 αὐτῷ
3169 5485 3449 5554 πανταχοῦ
3486 5505 3587 5540 πα-

2006 5568 2288 5637 ραχωρεῖν,
2325 5568 2418 5620 καὶ
2461 5568 2548 5622 διὰ
2596 5571 2796 5635 παντὸς
2846 5574 3211 5643 εὐχαριστεῖν,
3262 5577 3357 5629 καὶ
3406 5579 3585 5633 πάντα

2009 5649 2191 5724 φέρειν
2223 5652 2336 5728 [55]
2369 5655 2743 5728 εὐγνωμόνως,
2773 5660 2872 5714 κᾶν
2910 5661 3199 5735 εὐεργετῇ.
3224 5664 3329 5719 κᾶν
3355 5664 3584 5739 κολάζῃ,
