4010 6342
208 271 292 328 49
1149 278 1216 337 ΙΝ
1254 281 1745 343 PARALYTICUM
1785 286 2129 346 DEMISSUM
2167 291 2304 350 PER
2343 294 2644 359 TECTUM.
3456 311 3527 367 50

207 403 401 457 spem,
433 405 555 460 qua:
578 405 714 447 auro
735 392 930 463 quovis
954 402 1013 450 et
1032 393 1179 450 lucro
1204 398 1393 466 quovis
1414 407 1495 454 est
1518 400 1825 470 pretiosior.

208 480 357 533 Nam
393 481 643 537 sensibus
680 483 894 554 quidem
927 485 1180 555 subjecta:
1206 487 1405 544 divitia:
1451 492 1717 546 latronum
1745 493 1829 547 in-

206 571 406 635 sidiis,
438 574 892 643 sycophantarum
922 576 1138 647 linguis,
1168 580 1427 649 parietum
1466 582 1828 651 perfossorum

209 666 517 732 manibus,
568 677 622 723 et
669 666 989 725 famulorum
1034 672 1330 728 sceleribus
1377 685 1504 729 sunt
1544 676 1828 745 obnoxite;

205 768 460 826 cumque
487 760 667 815 omnia
696 762 797 815 ista
818 762 1119 832 effugerint,
1150 774 1260 819 tum
1284 768 1575 821 maximam
1599 769 1832 825 dominis

207 850 527 917 perniciem
554 850 864 922 frequenter
886 866 1188 919 accersunt,
1217 857 1343 912 dum
1373 860 1671 916 invidorum
1700 878 1831 917 ocu-

211 940 301 996 los
337 943 600 1008 excitant,
627 953 683 999 et
708 946 942 1015 pericula
968 956 1159 1003 creant
1185 950 1462 1006 innumera
1488 970 1498 1004 :
1525 954 1831 1023 spirituales

209 1045 409 1089 autem
439 1035 645 1091 divitiae
674 1038 957 1106 petitiones
986 1041 1116 1096 istas
1159 1056 1348 1098 omnes
1376 1044 1652 1115 effugiunt,
1685 1047 1833 1101 etab

212 1127 442 1198 injuriis
486 1130 605 1185 istis
648 1133 901 1187 omnibus
948 1143 1075 1189 sunt
1111 1152 1401 1203 immunes,
1445 1153 1507 1192 ac
1555 1139 1786 1194 latrones
1812 1181 1828 1204 ,

216 1222 499 1289 parietum
547 1223 900 1292 perfossores,
949 1226 1191 1292 invidos,
1234 1228 1612 1298 schphantas,
1660 1230 1831 1300 ipsam

214 1313 460 1385 denique
490 1325 718 1370 mortem
739 1327 1114 1388 aspernantur.
1137 1319 1253 1374 Non
1276 1321 1415 1375 enim
1439 1322 1636 1376 domini
1660 1332 1830 1378 morte

212 1407 579 1473 divelluntur,
604 1410 696 1465 sed
721 1421 832 1464 tum
862 1413 1093 1467 maxime
1120 1414 1282 1467 tutior
1305 1414 1364 1473 lit
1390 1415 1621 1473 dominis
1645 1432 1830 1475 earum

216 1501 506 1567 possessio
540 1520 553 1556 :
584 1518 704 1556 cum
755 1504 860 1562 illis
906 1507 1335 1578 peregrinantur,
1385 1516 1439 1565 et
1483 1511 1550 1565 ad
1598 1510 1829 1567 futuram

214 1593 587 1666 contntigrant
601 1593 783 1663 vitam,
805 1607 1042 1667 patrona:
1064 1600 1196 1655 ﬁunt
1222 1602 1431 1657 illorum
1455 1605 1683 1670 eximim,
1707 1622 1829 1660 cum

215 1687 425 1756 quibus
457 1689 587 1744 illuc
616 1689 982 1758 discesserint,
1014 1703 1069 1748 et
1109 1694 1237 1765 ipsis
1267 1698 1554 1766 prepitium
1592 1698 1833 1768 judicetn

213 1778 481 1833 reddunt.

296 1869 669 1939 Spiritnalium
717 1890 873 1941 opum
938 1887 1125 1931 natura
1184 1879 1350 1949 qualis
1393 1882 1495 1945 sit;
1544 1880 1833 1953 Paralytici

215 1971 419 2029 quanta
446 1962 623 2016 virtus.
651 1994 723 2004 —
751 1966 857 2021 Has
886 1967 1192 2024 invenimus
1214 1985 1313 2025 nos
1354 1987 1567 2042 quoque
1618 1973 1830 2029 divitias

216 2051 521 2108 admodum
551 2056 799 2126 c0piosas
828 2058 880 2112 in
913 2060 1191 2133 paralytici
1223 2072 1404 2117 mente
1441 2062 1717 2130 defossas;
1747 2075 1827 2120 te-

219 2153 342 2200 stes
376 2162 472 2201 vos
494 2150 646 2215 estis,
677 2150 769 2221 qui
796 2167 1005 2207 summa
1035 2170 1159 2209 cum
1201 2156 1365 2211 animi
1412 2157 1689 2214 alacritate
1709 2159 1828 2215 illas

216 2241 482 2307 eruistis;
512 2258 613 2297 nec
642 2253 818 2299 tamen
849 2249 1167 2303 evacuastis.
1194 2249 1338 2305 Talis
1356 2251 1551 2321 quippe
1577 2252 1829 2321 spiritua-

217 2330 358 2385 lium
390 2344 472 2388 est
502 2349 664 2403 opum
686 2347 874 2392 natura
909 2357 921 2392 :
954 2338 1189 2395 inﬁuxus
1230 2356 1488 2412 aquarum
1529 2343 1826 2410 imitantur,

217 2423 308 2477 vel
334 2426 517 2495 potius
542 2426 750 2483 illarum
782 2431 991 2500 copiam
1019 2432 1259 2501 vincunt,
1295 2443 1512 2506 tumque
1540 2437 1710 2508 magis
1731 2454 1828 2493 ex-

218 2514 477 2581 uberant,
523 2532 643 2571 cum
686 2520 867 2589 plures
917 2521 1136 2591 fuerint,
1176 2539 1207 2580 a
1256 2527 1451 2597 quibus
1488 2529 1825 2586 hauriuntur.

151 2629 155 2632 ν
222 2605 373 2660 Dum
401 2609 545 2663 enim
595 2610 649 2664 in
694 2612 954 2684 cujusque
998 2617 1238 2672 animum
1285 2620 1674 2690 ingrediuntur,
1721 2637 1828 2677 non

217 2699 563 2765 dividuntur,
588 2719 687 2759 nec
710 2705 1119 2777 imminuantur,
1135 2710 1231 2766 sed
1260 2711 1327 2766 ad
1355 2712 1829 2784 singulosintegrzc

216 2791 551 2861 adveniunt,
596 2804 651 2850 et
696 2797 836 2868 apud
883 2814 977 2855 eos
1019 2812 1279 2873 perpetuo
1322 2813 1602 2860 morantur
1644 2806 1831 2861 incon-

216 2894 482 2956 sumptae,
513 2902 613 2943 nec
640 2886 872 2946 deﬁcere
902 2902 1129 2962 possunt
1171 2910 1420 2965 umquam
1455 2913 1468 2951 :
1501 2896 1641 2967 quod
1669 2898 1827 2951 nimi-

217 2992 349 3030 rum
381 2987 490 3032 tum
516 2980 676 3034 etiam
704 2983 905 3037 evenit.
930 2984 1063 3039 Cum
1104 2987 1249 3042 enim
1277 2996 1384 3042 tam
1431 2990 1585 3044 multi
1626 2992 1679 3046 in
1707 2991 1828 3049 the-

217 3085 448 3126 saurum
468 3074 769 3143 inciderint,
789 3087 1040 3136 etomnes
1057 3080 1180 3136 inde
1198 3096 1295 3152 pro
1314 3083 1514 3139 viribus
1531 3083 1826 3143 hauserint:

219 3163 359 3232 quid
388 3179 488 3235 ego
510 3165 577 3222 de
595 3168 754 3223 vobis
806 3169 1033 3241 loquor,
1081 3188 1204 3229 cum
1245 3190 1312 3230 ex
1353 3176 1445 3231 illo
1489 3187 1732 3249 tempore
1760 3179 1828 3235 ad

220 3254 379 3311 hunc
398 3273 567 3329 usque
590 3260 734 3316 diem
762 3263 1073 3321 innumeros
1099 3266 1473 3339 locupletarit,
1508 3280 1564 3327 et
1609 3273 1829 3346 integri-

220 3356 398 3403 tatem
423 3365 575 3406 suam
597 3353 863 3410 retineat?
884 3356 960 3412 Ne
991 3358 1149 3430 igitur
1163 3360 1497 3430 spiritualem
1520 3363 1661 3421 hunc
1681 3383 1832 3437 qua:-

220 3447 377 3493 stum
399 3450 667 3500 sectantes
694 3444 1079 3520 defatigemur,
1113 3452 1206 3507 scd
1234 3464 1492 3522 quantum
1545 3456 1598 3510 in
1647 3466 1827 3515 nostra

221 3542 499 3602 potestate
514 3538 675 3593 situm
707 3540 830 3608 erit,
858 3557 999 3597 nunc
1019 3544 1181 3599 etiam
1202 3543 1535 3615 hauriamus,
1565 3565 1628 3605 ac
1647 3550 1831 3606 videa-

222 3639 353 3679 mus
380 3625 658 3684 Dominnm
693 3631 981 3703 benignum
1002 3677 1017 3701 ,
1047 3635 1322 3694 videamus
1365 3647 1422 3694 et
1468 3656 1683 3698 servum
1729 3659 1826 3713 pa-

229 3716 482 3773 tientem.
501 3716 961 3795 Trigintaquippe
982 3736 1036 3781 et
1064 3737 1186 3784 octo
1213 3744 1382 3786 annos
1425 3747 1546 3786 cum
1576 3733 1826 3789 immedi-

221 3810 395 3864 cabili
426 3813 614 3869 morbo
642 3816 1003 3886 conflictatus,
1035 3835 1098 3875 ac
1128 3831 1386 3892 perpetuo
1433 3823 1824 3895 diverberatus,

223 3919 337 3959 non
372 3922 514 3977 aegre
545 3908 684 3974 tulit,
709 3926 815 3965 non
839 3912 1209 3995 blasphemum
1232 3918 1453 3973 verbum
1481 3922 1679 3987 emisit,
1715 3938 1818 3978 non

223 3997 544 4055 Creatorem
567 4005 853 4070 accusavit,
878 4007 972 4062 sed
1004 4010 1269 4078 patienter
1297 4013 1654 4071 calamitatem
1681 4015 1825 4073 illam

223 4099 280 4144 et
310 4092 481 4147 multa
507 4107 627 4149 cum
660 4097 821 4151 animi
852 4101 1101 4169 mquitate
1128 4103 1408 4158 tolerabat.
1435 4105 1588 4163 Unde
1615 4124 1745 4164 vero
1774 4111 1825 4165 id

222 4186 484 4239 constat?
535 4186 677 4243 dicet
730 4191 920 4260 aliquis
952 4210 965 4246 :
996 4211 1169 4265 neque
1208 4198 1350 4252 enim
1394 4199 1461 4254 de
1503 4203 1827 4268 prazcedenti

223 4276 356 4346 ejus
378 4278 481 4333 vita
509 4280 655 4336 clare
680 4283 949 4354 Scriptura
979 4303 1077 4343 nos
1099 4289 1299 4356 docuit,
1336 4293 1431 4348 sed
1458 4310 1578 4349 eum
1614 4296 1826 4367 triginta

224 4378 361 4461 octo
379 4385 548 4426 annos
575 4375 750 4444 egisse
777 4378 827 4431 in
857 4379 1162 4437 infirmitate
1183 4399 1277 4438 sua
1308 4385 1637 4461 declaravit(
1666 4390 1820 4445 Joan.

225 4460 280 4553 57.
319 4461 385 4532 5)
412 4479 427 4517 :
459 4465 598 4534 quod
626 4481 805 4523 autem
836 4487 941 4525 non
989 4490 1130 4543 :rgre
1159 4477 1359 4543 tulerit,
1386 4496 1484 4534 nec
1524 4460 1828 4553 indignatus

224 4552 329 4619 sit,
397 4560 969 4627 nequestomachatns,
1028 4565 1129 4621 hoc
1183 4584 1287 4623 non
1344 4570 1545 4628 diserte
1601 4552 1822 4631 addidit.

225 4645 488 4701 Attamen
519 4646 620 4703 hoc
658 4652 818 4707 etiam
870 4656 1261 4725 snhindicavit,
1298 4662 1342 4716 si
1381 4664 1500 4733 quis
1545 4665 1828 4737 diligenter

224 4742 490 4807 attendat,
522 4751 576 4797 et
600 4759 706 4798 non
739 4747 1094 4815 perfunctorie
1124 4764 1177 4806 et
1203 4757 1660 4813 oscitanter.Cnm
1682 4762 1825 4816 enim

225 4834 386 4889 audis
416 4851 562 4903 eum,
587 4840 931 4897 accedentem
957 4845 1249 4912 Christum,
1274 4850 1362 4917 qni
1392 4862 1548 4905 notus
1590 4854 1688 4922 ipsi
1718 4871 1824 4909 non

229 4936 368 4991 erat,
396 4927 491 4981 sed
522 4929 697 4985 nudus
727 4933 884 4987 homo
907 4935 1210 5002 putabatur,
1238 4950 1378 4993 tanta
1422 4957 1542 4995 cum
1567 4944 1824 4999 modestia

226 5032 350 5074 esse
371 5018 724 5089 alloquutum,
746 5025 1129 5092 prmcedcntem
1155 5030 1313 5082 etiam
1349 5032 1486 5085 illius
1508 5034 1826 5102 probitatem

227 5124 291 5164 ac
318 5110 718 5182 philosophiam
754 5117 951 5183 poteris
981 5130 1242 5187 spectare.
1270 5121 1399 5175 Nam
1430 5140 1549 5177 cum
1572 5125 1621 5179 ei
1656 5124 1824 5179 dixis-

228 5216 334 5273 set,
372 5206 460 5262 Vis
487 5227 641 5265 sanus
669 5213 779 5282 ﬁeri
803 5214 828 5266 ?
860 5213 990 5267 nihil
1017 5215 1119 5268 tale
1168 5216 1321 5281 dixit,
1353 5219 1508 5288 quale
1538 5220 1826 5276 verisimile

230 5311 346 5354 erat
393 5317 517 5355 cum
570 5303 879 5359 dicturum:
913 5307 1073 5362 Vides
1122 5324 1209 5363 me
1255 5311 1483 5381 paralysi
1531 5312 1824 5367 resolutum

230 5402 340 5446 tam
373 5394 628 5450 diuturno
661 5408 901 5469 tempore
921 5401 1123 5471 jacere,
1154 5413 1208 5457 ct
1236 5405 1555 5474 interrogas,
1585 5423 1710 5459 nnin
1743 5422 1827 5460 sa-

230 5502 334 5541 nus
366 5487 482 5542 ﬁeri
511 5490 707 5545 velim?
737 5493 927 5547 venisti
960 5505 1016 5547 nt
1054 5496 1188 5551 meis
1229 5497 1383 5551 malis
1422 5497 1738 5561 insultarcs,
1770 5509 1826 5551 nt

230 5580 608 5647 cxiirobrares,
643 5583 916 5652 irrideres,
940 5596 993 5639 ct
1024 5586 1381 5642 subsannarcs
1421 5588 1774 5643 calamitatem
1803 5589 1827 5641 ?

231 5671 373 5727 Nihil
404 5672 592 5728 horum
638 5692 808 5746 neque
831 5676 985 5742 dixit,
1018 5695 1191 5749 neque
1222 5680 1510 5751 cogitavit,
1567 5680 1663 5735 sed
1705 5695 1825 5735 cum

233 5765 483 5832 aequitate
530 5767 716 5834 animi,
764 5766 1000 5839 I’rofccto
1052 5769 1267 5826 Domine
1297 5813 1310 5840 ,
1343 5771 1531 5844 inquit.
1581 5770 1733 5840 Quod
1780 5771 1825 5827 si

1950 438 2075 497 post
2098 436 2266 481 annos
2306 427 2430 472 octo
2470 426 2525 473 et
2572 419 2788 489 triginta
2819 421 2955 477 adeo
2999 422 3164 492 mitis,
3193 423 3327 479 adeo
3348 427 3523 479 mode.

1940 528 2056 574 stus
2088 525 2224 581 erat,
2256 531 2376 570 cum
2398 529 2586 569 omnes
2615 512 2687 567 illi
2716 514 2856 567 vires
2905 529 2967 569 ac
3001 514 3164 568 robur
3203 516 3368 569 animi
3422 516 3528 569 fra-

1939 620 2083 666 ctum
2110 625 2173 665 ac
2202 608 2536 664 debilitatum
2560 615 2721 669 esset,
2757 605 2930 673 cogita
2962 605 3173 676 qualem
3204 606 3350 660 illum
3368 608 3531 660 fuisse

1937 705 2007 758 sit
2028 701 2323 773 probabile,
2376 714 2497 753 cum
2545 696 2681 750 mala
2735 705 2936 749 tantum
2987 697 3307 766 inciperent.
3352 696 3532 751 Nostis

1937 798 2132 867 quippe
2157 809 2343 849 omnes
2369 808 2475 846 non
2507 791 2577 845 ita
2604 806 2775 860 aegros
2806 791 2957 845 initio
2993 790 3163 845 morbi
3191 805 3311 845 esse
3353 805 3534 843 moro-

1937 902 2047 953 sos,
2081 894 2139 940 ut
2164 901 2285 940 cum
2316 880 2540 938 multum
2594 882 2850 953 temporis
2890 882 3129 951 elapsum
3180 882 3338 936 fuerit
3368 898 3381 934 :
3415 891 3526 935 tum

1937 979 2082 1035 enim
2112 978 2377 1049 prtecipue
2398 974 2643 1030 difﬁciles
2674 974 2859 1044 a'groti
2904 974 3057 1038 ﬁunt,
3088 989 3209 1027 cum
3244 972 3530 1026 inlirntitas

1937 1071 1990 1126 in
2016 1071 2231 1142 longum
2257 1079 2465 1138 tempus
2495 1067 2813 1131 excreverit,
2866 1077 2974 1120 tum
3006 1066 3256 1121 omnibus
3296 1073 3420 1119 sunt
3447 1066 3529 1119 in-

1936 1163 2262 1219 tolerabiles.
2295 1161 2393 1230 Qui
2418 1176 2545 1215 vero
2573 1168 2690 1229 post
2719 1169 2792 1213 tot
2816 1174 2984 1214 annos
3008 1159 3075 1213 ita
3100 1158 3531 1230 pliilOSOphatur,

1937 1256 2009 1310 ita
2036 1256 2300 1325 patienter
2339 1253 2649 1323 respondet,
2680 1252 2821 1307 haud
2866 1253 3109 1316 dubium,
3154 1253 3282 1323 quin
3327 1268 3530 1323 prgccc-

1936 1350 2077 1405 denti
2097 1366 2309 1420 quoque
2327 1360 2565 1419 tempore
2587 1364 2707 1402 cum
2727 1332 2988 1417 frequenti
3006 1350 3296 1418 gratiarum
3316 1347 3529 1401 actione

1936 1443 2290 1501 calamitatem
2320 1442 2464 1500 illam
2497 1441 2823 1503 toleraverit.

2010 1541 2138 1605 Qua:
2164 1540 2355 1593 utilitas
2381 1556 2444 1594 ex
2470 1538 2681 1592 historia
2714 1532 2994 1610 Paralytici
3021 1535 3295 1600 derivetur;
3323 1550 3530 1604 compa-

1935 1641 2115 1686 rantur
2143 1631 2431 1701 aﬂlictiones
2461 1647 2575 1683 cum
2619 1630 2845 1698 fornace.
2887 1658 2958 1669 --
2990 1628 3112 1684 Hazc
3137 1626 3302 1700 igitur
3332 1633 3384 1683 ct
3427 1640 3526 1682 nos

1936 1740 2057 1778 cum
2090 1724 2269 1779 animo
2312 1733 2497 1777 nostro
2545 1734 2876 1793 reputantes,
2927 1724 3175 1778 conservi
3217 1721 3527 1792 patientiam

1937 1818 2211 1871 imitemur
2242 1834 2255 1869 :
2289 1814 2486 1871 sufﬁcit
2515 1818 2655 1870 enim
2683 1816 2749 1869 ad
2777 1825 2985 1871 nostras
3033 1817 3239 1868 animas
3267 1816 3526 1869 corrobo-

1937 1908 2134 1963 randas
2161 1909 2303 1963 illius
2329 1908 2590 1978 paralysis
2622 1926 2634 1961 :
2661 1923 2757 1961 nec
2804 1908 2940 1961 nllus
2984 1916 3065 1960 est
3093 1906 3229 1961 adeo
3258 1906 3479 1975 supinus
3507 1948 3524 1970 ,

1935 2012 1989 2056 et
2016 2000 2246 2072 paralysi
2293 2001 2584 2065 resolutus,
2614 2010 2673 2054 ut
2699 2000 2742 2053 si
2777 2000 3095 2054 calamitatis
3127 2000 3266 2053 illius
3296 1998 3528 2067 gravita-

1937 2102 2042 2147 tem
2075 2092 2255 2147 animo
2288 2093 2482 2158 volvat,
2510 2108 2616 2146 non
2645 2094 2846 2157 omnia,
2887 2108 3005 2160 qua:
3037 2090 3353 2155 inciderint,
3388 2090 3528 2144 mala

1936 2185 2200 2254 patienter
2256 2183 2409 2250 ferat,
2463 2184 2588 2239 licet
2639 2183 3052 2238 intolerabiliora
3109 2183 3214 2235 sint
3257 2181 3526 2234 omnibus.

1934 2276 2067 2330 Nam
2112 2291 2285 2345 neque
2336 2276 2537 2330 sanitas
2566 2275 2683 2343 ejus
2711 2284 2936 2339 tantum,
2983 2274 3077 2328 sed
3106 2275 3266 2328 etiam
3314 2272 3530 2325 morbus

1937 2369 2224 2421 maximam
2256 2367 2410 2422 nobis
2441 2367 2649 2437 peperit
2676 2367 2956 2420 utilitatem
2992 2380 3149 2419 :Ctnu
3182 2364 3297 2434 ejus
3323 2363 3529 2417 sanatio

1935 2460 1999 2513 ad
2028 2458 2432 2530 glorificandum
2458 2458 2740 2515 Dominum
2763 2461 2971 2511 animos
2996 2456 3296 2510 auditorum
3328 2455 3529 2509 cxcita~

1935 2555 2025 2621 rit,
2046 2563 2101 2609 et
2121 2554 2340 2609 morbus
2367 2563 2525 2623 atque
2549 2554 2830 2607 inﬁrmitas
2874 2552 2940 2606 ad
2968 2553 3274 2623 patientiam
3322 2567 3416 2606 \08
3448 2551 3528 2603 iti-

1935 2646 2217 2712 struxerit,
2270 2653 2325 2700 et
2354 2645 2420 2698 ad
2474 2645 2703 2699 similem
2744 2644 2914 2698 zelum
2962 2644 3237 2697 cohortata
3293 2642 3381 2704 sit,
3422 2641 3530 2694 imo

1937 2755 2063 2792 vero
2088 2738 2255 2806 ipsam
2280 2752 2490 2807 quoque
2521 2738 2613 2791 Dei
2660 2737 3040 2805 benignitatem
3070 2734 3382 2788 ostenderit.
3418 2731 3529 2785 lloc

1935 2833 2079 2886 enim
2110 2831 2305 2900 ipsum,
2353 2830 2495 2900 quod
2523 2839 2682 2884 tanta:
2718 2829 2865 2882 illum
2898 2828 3155 2897 objecerit
3203 2824 3526 2896 a-gritttdini,

1935 2923 2061 2978 etin
2091 2932 2292 2976 tantam
2336 2921 2591 2990 temporis
2641 2920 2999 2989 prolixitatem
3042 2919 3399 2971 infirmitatem
3430 2930 3526 2968 ex-

1938 3014 2188 3080 tcnderit,
2219 3016 2466 3067 maximae
2517 3012 2771 3067 indicium
2822 3020 2906 3065 est
2947 3009 3341 3064 sollicitudinis.
3392 3007 3527 3061 Nam

1934 3105 2381 3176 quemadmodum
2410 3120 2531 3159 cum
2563 3104 2615 3157 in
2639 3104 3005 3159 conﬁatoriam
3029 3102 3300 3156 fornacem
3323 3098 3530 3154 aurifex

1934 3212 2123 3252 aurum
2154 3196 2414 3266 injecerit,
2451 3195 2649 3250 tamdiu
2677 3194 2745 3248 ab
2772 3195 2893 3264 igne
2916 3194 3043 3247 illud
3067 3190 3357 3247 examinari
3377 3190 3525 3255 sinit,

1935 3303 2215 3359 quousque
2245 3288 2431 3358 purius
2473 3286 2665 3341 viderit
2708 3286 2946 3341 evasisse
2975 3303 2987 3339 :
3013 3284 3085 3338 ita
3132 3299 3343 3353 quoque
3388 3282 3527 3335 Deus

1937 3379 2139 3434 tamdiu
2185 3379 2461 3433 hominum
2502 3377 2710 3432 animas
2765 3376 2979 3446 probari
3026 3376 3184 3429 malis
3233 3373 3525 3443 permittit,

1934 3488 2211 3544 quousque
2240 3489 2386 3543 purae
2414 3473 2566 3537 ﬁant,
2615 3485 2679 3524 ac
2717 3468 3042 3540 splendida),
3097 3467 3423 3536 multamque
3459 3479 3527 3517 ex

1935 3565 2022 3619 illa
2050 3563 2419 3633 exploratione
2461 3563 2742 3616 utilitatem
2796 3559 3152 3629 perceperint.
3196 3555 3380 3626 Itaque
3424 3554 3526 3608 hoc

1933 3673 2146 3729 quoque
2173 3657 2539 3712 beneﬁcentia:
2568 3669 2737 3725 genus
2759 3662 2841 3708 est
2868 3651 3181 3706 maximum.

2004 3749 2060 3803 2.
2100 3747 2179 3803 Nc
2202 3748 2477 3803 turbemur
2508 3746 2686 3816 igitur,
2718 3760 2851 3800 neve
2877 3743 3056 3797 animo
3084 3740 3450 3805 concidamus,
3480 3741 3525 3794 si

1933 3840 2147 3911 quando
2177 3840 2498 3895 tentationes
2542 3853 2640 3892 nos
2670 3836 2984 3891 invaserint.
3032 3834 3090 3889 Si
3135 3834 3277 3889 enim
3318 3833 3524 3888 aurifex

1934 3933 2103 3999 novit,
2136 3940 2336 4003 quanto
2363 3941 2606 4001 tempore
2645 3928 2939 3998 derelinqui
2989 3943 3177 3981 aurum
3218 3929 3269 3980 in
3302 3924 3523 3979 fornace

1934 4024 2238 4092 conveniat,
2267 4031 2321 4078 et
2343 4021 2556 4093 quando
2586 4021 2817 4085 extrahi,
2845 4036 3019 4089 neque
3050 4018 3174 4071 sinit
3205 4031 3440 4086 eousque
3467 4016 3518 4068 ia

1934 4120 2055 4191 igne
2089 4134 2392 4182 remanere,
2427 4125 2485 4171 ut
2530 4122 2905 4183 corrumpatur
2931 4122 2985 4167 et
3027 4120 3278 4166 exuratur
3308 4127 3321 4162 :
3356 4110 3531 4162 multo

1936 4210 2104 4280 magis
2127 4208 2178 4263 id
2212 4208 2321 4263 Deo
2363 4218 2547 4262 notum
2571 4216 2673 4269 est,
2706 4214 2905 4261 etcum
2937 4203 3181 4273 puriores
3208 4201 3377 4256 factos
3403 4215 3529 4253 esse

1934 4318 2033 4357 nos
2059 4302 2225 4365 videt,
2257 4302 2581 4355 tentationes
2602 4298 2846 4360 remittit,
2874 4314 2939 4352 ne
2974 4298 3234 4351 malorum
3268 4294 3524 4363 multipli-

1934 4395 2145 4450 catione
2171 4393 2578 4463 supplantemur
2604 4401 2658 4447 et
2682 4390 3048 4445 concidamus.
3074 4388 3150 4443 Ne
3182 4390 3340 4457 igitur
3379 4402 3531 4456 aegre

1935 4487 2194 4550 feramus,
2224 4500 2325 4539 nec
2352 4484 2592 4537 animum
2617 4481 3063 4552 despondeamus,
3110 4480 3152 4534 si
3180 4477 3304 4549 quid
3343 4478 3518 4545 limpi-

1935 4588 2116 4634 natum
2148 4578 2404 4632 acciderit
2442 4594 2455 4630 :
2489 4575 2584 4630 sed
2615 4575 2663 4630 ei
2710 4575 3078 4644 permittamus
3099 4615 3113 4639 ,
3143 4573 3236 4643 qui
3273 4578 3529 4624 accurate

1934 4674 2033 4728 ista
2067 4672 2234 4731 novit.
2264 4668 2586 4740 utquamdiu
2614 4667 2863 4734 voluerit,
2894 4667 3123 4721 animam
3157 4673 3390 4718 nostrain
3417 4677 3516 4715 ex-

1936 4770 2124 4833 purget
2154 4780 2167 4815 :
2194 4762 2399 4817 utiliter
2442 4758 2585 4815 enim
2625 4758 2677 4812 id
2706 4759 2833 4829 agit,
2865 4758 2995 4812 etin
3040 4772 3153 4811 rem
3194 4767 3380 4809 eorum
3428 4752 3524 4822 qui

1932 4866 2225 4913 tentantur.

2004 4949 2131 5005 Cum
2168 4949 2361 5004 medico
2394 4959 2440 5002 et
2494 4958 2638 5018 patre
2686 4954 3011 5017 comparatur
3054 4941 3232 5007 Deus;
3272 4939 3526 4994 auxilium

1933 5043 2113 5113 gratiae
2140 5042 2324 5094 divinae
2342 5039 2769 5093 necessarium.—
2785 5039 2951 5101 Quam
2973 5034 3041 5089 ob
3061 5048 3277 5088 Causam
3306 5030 3523 5101 sapiens

1933 5133 2147 5202 quidam
2166 5131 2440 5195 admonet,
2470 5130 2654 5183 dicens
2689 5146 2702 5181 :
2736 5126 2859 5191 Fili,
2891 5127 2933 5177 si
2972 5125 3180 5177 accedas
3210 5123 3277 5174 ad
3301 5123 3521 5175 servien-

1934 5226 2056 5277 dum
2082 5223 2319 5287 Domino,
2354 5238 2590 5292 prwpara
2612 5221 2835 5273 animam
2864 5229 3004 5271 tuam
3051 5217 3119 5269 ad
3158 5217 3479 5268 tentationem
3502 5229 3525 5278 ί

1933 5317 2094 5386 dirige
2118 5333 2205 5369 cor
2242 5326 2403 5376 tuum,
2435 5324 2480 5367 et
2509 5314 2701 5367 sustine
2730 5321 2814 5365 τρι
2842 5328 2903 5364 ηε
2948 5310 3152 5381 festines
3202 5309 3252 5360 in
3303 5319 3528 5406 tentpore‘

1930 5408 2177 5462 illationis
2208 5405 2387 5477 (Eccli.
2408 5404 2458 5457 ‘2.
2486 5404 2535 5470 1,
2555 5403 2630 5474 2).
2653 5402 2866 5465 Omnia,
2905 5404 3095 5472 inquit,
3125 5400 3197 5454 illi
3228 5398 3477 5468 permitte
3503 5398 3525 5451 Ξ

1935 5500 2100 5570 probe
2125 5499 2388 5569 siquidem
2408 5497 2577 5563 novit,
2601 5496 2813 5566 quando
2840 5510 2937 5549 nos
2961 5510 2990 5550 e
3017 5495 3230 5548 fornace
3261 5491 3523 5543 malorum

1932 5589 2181 5660 expediat
2206 5590 2344 5643 erui.
2370 5587 2731 5656 Quamobrem
2763 5587 2837 5640 illi
2870 5587 3063 5655 ubique
3080 5585 3271 5638 cedere
3288 5589 3518 5649 Oportet,

1932 5697 1993 5735 ac
2026 5690 2282 5750 perpetuo
2307 5682 2504 5749 gratias
2551 5693 2729 5749 agere,
2760 5687 2917 5748 atque
2944 5674 3117 5731 omnia
3168 5688 3322 5743 mque
3342 5671 3522 5724 animo

1933 5772 2095 5840 ferre,
2128 5774 2237 5829 sive
2260 5771 2501 5829 conferat
2534 5772 2787 5828 beneﬁcia
2810 5811 2826 5838 ,
2874 5771 2985 5825 sive
3012 5769 3224 5838 puniat,
3266 5781 3386 5822 cum
3421 5764 3520 5819 hoc
