4010 6342
465 289 525 344 5i
1175 286 1232 342 S.
1272 287 1552 344 JOANNIS
1578 288 2062 344 CIIRYSOSTOMI
2103 289 2419 344 AliCHlEP.
2461 291 2984 349 CONSTANTINOP.
3659 304 3746 362 ες

465 419 676 475 quoque
722 418 891 473 genus
930 403 1000 458 sit
1046 403 1315 458 beneficii.
1359 403 1492 458 Nam
1530 412 1586 458 et
1633 404 1904 468 medicus,
1939 420 2043 459 non

465 511 584 549 cum
613 494 754 548 lavat
777 493 972 559 solum,
1004 501 1057 547 et
1079 493 1266 559 nutrit,
1298 502 1458 563 atque
1494 493 1560 547 ad
1594 494 1842 548 viridaria
1869 494 2048 549 educit

467 598 724 656 aegrotum
755 603 768 638 :
796 585 889 640 sed
913 594 967 640 et
995 601 1115 639 cum
1148 585 1254 639 urit
1274 593 1330 639 et
1348 596 1514 646 secat.
1540 585 1651 654 pari
1695 585 1901 640 ratione
1932 602 2046 640 me-

465 679 614 733 dicus
639 689 723 732 est
753 695 767 732 :
801 689 854 733 et
889 686 1041 748 pater
1081 693 1184 730 non
1232 677 1390 731 modo
1436 693 1556 731 cum
1604 676 1712 730 lilio
1749 677 2044 744 blanditur,

466 771 557 824 sed
581 771 742 824 etiam
772 785 894 824 cum
917 785 1037 825 eum
1068 769 1217 838 pellit
1243 785 1307 823 ex
1337 768 1538 823 aedibus
1563 778 1616 822 et
1642 785 1762 823 cum
1788 769 2044 837 increpat,

465 876 527 915 ac
552 860 733 931 ﬂagris
758 861 938 927 caedit,
973 861 1087 930 pari
1120 861 1326 914 ratione
1358 868 1508 928 pater
1531 869 1645 922 est,
1676 876 1846 929 neque
1873 861 2048 914 minus

465 967 624 1020 quam
653 967 772 1006 eum
806 951 1004 1006 laudat.
1037 951 1170 1006 Cum
1199 952 1356 1022 igitur
1382 951 1647 1019 intelligas
1671 950 1889 1004 medicis
1931 967 2048 1005 om-

467 1042 625 1095 nibus
675 1041 1114 1112 indulgentiorem
1153 1057 1295 1108 esse,
1352 1057 1415 1096 ac
1469 1041 1659 1110 majori
1706 1041 1896 1095 affectu
1952 1057 2048 1096 nos

471 1133 632 1187 Deum
667 1134 936 1202 prosequi,
970 1132 1076 1186 noli
1109 1133 1319 1186 curiose
1345 1133 1614 1202 inquirere
1636 1173 1650 1198 ,
1685 1148 1856 1202 neque
1887 1134 2050 1186 ratio-

469 1242 587 1280 nem
616 1226 682 1280 ab
703 1241 770 1280 eo
797 1228 947 1297 exige
969 1226 1291 1288 curationis;
1326 1226 1420 1279 sed
1455 1227 1566 1279 sive
1599 1242 1843 1280 recreare
1871 1227 2050 1279 volne-

468 1320 556 1384 rit,
585 1320 696 1372 sive
717 1321 922 1388 punire,
944 1318 1010 1373 ad
1044 1328 1325 1388 utrumque
1345 1319 1545 1388 pariter
1572 1328 1784 1388 paratos
1817 1334 1914 1372 nos
1951 1335 2047 1372 ex-

469 1409 1076 1479 hibcamuszsiquidem
1126 1424 1220 1478 per
1279 1419 1560 1478 utrumque
1613 1409 1766 1464 nobis
1820 1409 2050 1462 restituit

467 1501 767 1565 sanitatem,
811 1510 864 1554 et
907 1515 1003 1555 nos
1049 1500 1149 1555 sibi
1203 1501 1511 1554 reconciliat
1537 1519 1548 1553 :
1577 1516 1805 1570 cumque
1842 1502 2050 1555 noverit

469 1591 663 1658 quibus
690 1589 922 1659 indigeat
957 1591 1181 1660 quisque
1219 1601 1482 1655 nostrum,
1533 1601 1587 1646 et
1638 1593 1760 1661 quid
1810 1593 2050 1647 conferat

469 1682 678 1750 cuique,
706 1689 883 1750 etquo
909 1680 1118 1735 tandem
1151 1681 1309 1735 modo
1348 1682 1640 1736 servandus
1692 1683 1795 1746 sit,
1834 1683 1934 1736 hac
1967 1684 2047 1737 via

471 1789 567 1826 nes
592 1772 678 1826 ille
703 1772 932 1826 deducit.
963 1772 1259 1841 Sequamnr
1285 1771 1444 1842 igitur
1464 1789 1570 1842 quo
1597 1774 1683 1827 ille
1716 1775 2046 1842 praeceperit,

469 1878 644 1931 neque
667 1871 850 1917 exacte
869 1863 1152 1933 quidquam
1179 1863 1532 1933 disquiramns
1550 1906 1564 1931 ,
1589 1865 1700 1919 sive
1719 1881 1814 1935 per
1837 1867 2048 1936 planam

471 1964 523 2008 et
555 1954 757 2008 facilem
777 1994 792 2018 ,
822 1954 936 2008 sive
976 1970 1070 2024 per
1102 1954 1374 2008 difﬁcilem
1403 1970 1754 2026 asperamque
1795 1957 1930 2010 viam
1965 1957 2050 2009 in-

470 2046 662 2100 cedere
682 2046 921 2115 jusserit,
950 2046 1398 2116 quemadmodum
1421 2056 1475 2101 et
1501 2047 1657 2101 istum
1678 2049 2048 2119 paralyticum.

474 2135 648 2191 Unum
681 2137 838 2206 igitur
864 2136 965 2192 hoc
988 2136 1086 2192 fuit
1114 2153 1282 2206 genus
1303 2138 1688 2204 beneficentize,
1737 2141 1878 2209 quod
1907 2151 2052 2195 tanto

473 2238 708 2296 tempore
734 2227 962 2283 animam
991 2231 1106 2297 ejus
1134 2229 1390 2299 purgat-it,
1408 2245 1630 2299 eamque
1645 2241 1907 2301 tamquam
1921 2248 2054 2286 con-

475 2318 698 2371 llatoria:
727 2317 935 2372 cuidam
981 2317 1182 2372 fornaci
1215 2319 1563 2373 tentationum
1611 2321 1908 2390 probationi
1949 2330 2055 2374 tra-

474 2409 877 2464 dideritzaliud
924 2419 1100 2465 autem
1151 2411 1320 2465 nihilo
1363 2411 1587 2467 inferius
1636 2416 1756 2477 isto,
1807 2414 1948 2483 quod
2001 2415 2054 2468 in

476 2500 605 2569 ipsis
639 2500 1019 2556 Ientationibus
1048 2501 1123 2555 illi
1147 2501 1396 2568 adfuerit,
1431 2503 1761 2574 multumque
1803 2505 2050 2559 solatium

478 2595 551 2648 illi
579 2594 884 2664 praabuerit.
908 2595 1027 2665 Ipse
1057 2603 1193 2660 erat,
1218 2597 1304 2666 qui
1331 2596 1637 2651 continebat
1681 2612 1803 2652 eum
1832 2638 1844 2658 ,
1890 2606 1943 2652 et
1981 2613 2059 2652 re-

479 2687 702 2753 tinebat,
726 2703 1048 2758 manumque
1066 2689 1393 2759 porrigebat,
1413 2705 1584 2759 neque
1610 2690 1799 2744 collabi
1827 2690 2055 2745 sinebat.

474 2781 607 2834 Cum
655 2790 830 2834 autem
889 2780 1059 2850 ipsum
1107 2779 1270 2835 fuisse
1318 2782 1490 2846 audis,
1538 2781 1643 2835 noli
1701 2783 2052 2853 paralytieum

477 2871 633 2927 laude
659 2872 884 2940 privare,
911 2887 1009 2928 nec
1036 2873 1182 2927 illum
1208 2887 1305 2926 nec
1325 2873 1482 2926 alium
1507 2871 1773 2926 hominetn
1793 2874 2055 2942 quemvis,

477 2964 568 3033 qui
596 2973 826 3018 tentetur
845 2973 899 3019 et
923 2964 1182 3034 patienter
1206 2964 1359 3018 ferat.
1388 2963 1735 3030 Quantumvis
1759 2965 1900 3018 enitn
1918 2979 2060 3034 szepe

481 3057 942 3128 philosophemur,
971 3058 1213 3127 quamvis
1239 3059 1474 3112 omnium
1511 3058 1867 3112 robustissimi
1894 3059 2062 3113 simus

481 3165 542 3202 ae
569 3148 903 3213 validissimi,
946 3148 991 3201 si
1044 3149 1188 3202 illius
1221 3149 1360 3202 absit
1386 3149 1661 3213 auxilium,
1696 3165 1763 3203 ne
1804 3149 2061 3204 mediocri

481 3241 692 3310 quidem
723 3241 1016 3310 poterimus
1044 3240 1318 3295 tentationi
1346 3240 1617 3295 resistere.
1648 3240 1752 3296 Sed
1794 3241 1920 3310 quid
1963 3256 2063 3312 ego

483 3333 553 3385 de
581 3331 734 3385 nobis
765 3331 956 3386 vilibus
985 3343 1033 3385 et
1066 3332 1289 3401 abjectis
1315 3331 1546 3402 loquor?
1570 3331 1720 3386 Licet
1761 3333 1956 3387 Paulus
1996 3335 2065 3388 sit

483 3422 674 3492 aliquis
699 3431 787 3474 aut
815 3422 1024 3485 Petrus,
1055 3421 1175 3476 licet
1200 3421 1428 3476 Jacobus
1448 3432 1537 3476 aut
1561 3422 2066 3486 Joannes,subsidio

487 3513 684 3568 e:elesti
714 3513 947 3582 privatus
1003 3513 1153 3566 facile
1197 3513 1445 3578 vincitur,
1485 3524 1538 3567 et
1589 3515 1982 3583 supplantatur,
2012 3524 2067 3570 et

487 3605 739 3660 concidit.
785 3605 863 3659 Ad
910 3604 1023 3660 ha3c
1053 3605 1230 3659 omnia
1265 3607 1456 3660 tuenda
1489 3607 1636 3660 vobis
1665 3608 1856 3663 (lhristi
1902 3609 2067 3678 ipsius

489 3711 648 3750 voces
693 3695 930 3750 recitabo
965 3715 977 3750 :
1007 3695 1266 3766 siquidem
1296 3697 1455 3752 Petro
1481 3697 1612 3751 dixit
1644 3717 1656 3753 :
1688 3699 1818 3752 Ecce
1863 3711 2066 3755 satanas

481 3788 722 3858 arpetivit
737 3787 1315 3850 vos,utcribraretsicut
1327 3791 1557 3846 triticum
1569 3808 1587 3845 .'
1603 3802 1647 3844 et
1677 3809 1766 3861 ego
1791 3797 1964 3862 rogavi
1974 3809 2066 3863 pro

493 3890 559 3942 te,
595 3888 648 3930 ut
674 3895 771 3930 non
801 3879 1000 3947 deﬁciat
1021 3880 1147 3948 fides
1175 3890 1260 3934 tua
1287 3881 1434 3952 (Luc.
1458 3882 1547 3936 ‘22.
1574 3884 1660 3936 51.
1686 3883 1796 3953 5‘2).
1819 3884 1953 3950 Quid
1984 3895 2068 3939 est

493 3969 765 4024 cribrare?
798 3970 1073 4024 Abducere
1095 4013 1107 4031 ,
1131 3973 1530 4027 circumducere
1548 4014 1562 4037 ,
1612 3976 1881 4042 exagitare
1901 4017 1915 4042 ,
1949 3991 2068 4030 mo-

491 4076 638 4121 vere.
662 4071 968 4128 concutere,
1018 4063 1290 4129 divexare,
1347 4065 1486 4118 sicut
1539 4065 1590 4118 iti
1641 4067 1704 4120 iis
1734 4082 1851 4136 qua:
1893 4068 2069 4122 cribro

491 4153 850 4207 ventilentur:
884 4165 938 4208 at
984 4170 1084 4224 ego
1126 4155 1458 4221 cohibebam,
1518 4157 1709 4226 inquit,
1764 4158 2068 4228 intelligens

494 4259 824 4313 nequaquam
883 4261 1037 4314 posse
1087 4261 1180 4299 vos
1231 4250 1572 4301 lentationem
1628 4250 2069 4314 sustinere;cum

493 4333 633 4386 enim
656 4333 749 4400 ait,
780 4333 860 4387 Ne
889 4335 1088 4403 deﬁciat
1118 4337 1242 4402 fides
1272 4347 1377 4399 tua,
1414 4339 1511 4391 hoc
1537 4339 1815 4407 signilieat,
1835 4341 2067 4396 futurum

494 4428 676 4496 fuisse,
728 4438 785 4482 ut
829 4428 958 4483 fides
1008 4431 1123 4498 ejus
1166 4430 1441 4497 deficeret,
1492 4432 1533 4484 si
1588 4433 1677 4488 ille
1720 4437 2065 4502 permisisset.

495 4518 645 4585 Quod
667 4519 710 4572 si
740 4518 929 4572 Petrus
950 4518 1184 4574 fervidus
1226 4531 1430 4574 amator
1455 4521 1649 4575 Christi
1675 4565 1690 4590 ,
1722 4524 1809 4593 qui
1839 4527 2068 4579 animam

497 4627 646 4666 suam
675 4611 866 4664 millies
889 4626 984 4680 pro
1013 4611 1128 4680 ipso
1156 4613 1420 4680 exposuit,
1450 4614 1644 4683 quique
1692 4630 1903 4684 semper
1947 4626 2071 4671 ante

494 4711 689 4756 castum
721 4702 1324 4771 prosilitapostolorum,
1354 4714 1405 4757 et
1437 4703 1619 4758 beatus
1639 4720 1666 4758 a
1698 4707 1948 4776 magistro
1975 4723 2072 4761 suo

495 4793 831 4861 praedicatur,
861 4793 1086 4862 ideoque
1136 4793 1324 4848 Petrus
1353 4794 1649 4863 appellatus
1676 4805 1778 4858 est,
1816 4797 1955 4866 quod
1990 4798 2070 4851 in-

497 4896 754 4937 euncussa
789 4890 843 4938 et
877 4883 1192 4937 immutabili
1219 4883 1321 4938 fide
1346 4884 1599 4954 prmditus
1627 4895 1804 4950 esset,
1835 4887 2072 4954 dejectus

501 4971 701 5035 luisset,
725 4981 778 5026 et
801 4988 830 5024 a
855 4973 1188 5028 confessione
1215 4971 1516 5038 excidisset,
1535 4976 1601 5041 si,
1626 4985 1876 5046 quantum
1893 4978 2070 5045 vellet,

501 5069 708 5115 tentare
729 5062 938 5118 diabolo
954 5063 1194 5119 Christus
1216 5067 1562 5134 permisisset,
1578 5069 1696 5136 quis
1722 5069 1855 5121 alius
1874 5069 2072 5137 absque

501 5150 642 5203 illius
662 5153 857 5205 auxilio
886 5156 1076 5222 poterit
1110 5171 1359 5225 umquam
1394 5157 1681 5211 resistere?
1706 5157 1964 5224 Quocirca
1993 5159 2074 5212 di-

499 5243 574 5296 cit
603 5243 763 5297 etiam
811 5243 1028 5310 Paulus,
1054 5245 1246 5300 Fidelis
1278 5246 1432 5313 Deus,
1473 5249 1559 5315 qui
1614 5265 1711 5301 non
1749 5250 1965 5317 patietur
1991 5265 2074 5303 vos

501 5334 681 5386 tentari
702 5349 858 5402 supra
885 5335 960 5397 id,
979 5336 1111 5404 quod
1132 5338 1334 5404 potestis
1360 5354 1378 5392 :
1405 5339 1492 5392 sed
1508 5340 1655 5409 faciet
1675 5356 1785 5392 cum
1808 5340 2076 5392 tentatiune

502 5433 816 5490 proventum,
849 5434 901 5476 ut
929 5425 1128 5492 possitis
1155 5428 1398 5482 sustinere
1424 5429 1443 5499 (
1470 5431 1516 5482 l.
1547 5428 1662 5483 Cor.
1696 5429 1780 5482 l0.
1810 5431 1876 5482 l5
1895 5428 1934 5498 ).
1959 5429 2074 5484 Non

504 5514 644 5568 enim
671 5524 895 5582 tantum,
930 5517 1117 5585 inquit,
1144 5534 1300 5588 supra
1327 5522 1466 5575 vires
1507 5521 1689 5574 inferri
1732 5524 2074 5576 tentationcnt

504 5622 609 5658 non
633 5607 781 5672 sinit,
810 5607 902 5662 sed
931 5613 1089 5662 etiam
1137 5612 1186 5664 in
1219 5611 1329 5680 ipsa
1357 5629 1475 5682 qua:
1519 5630 1614 5684 pro
1643 5616 1844 5669 ratione
1886 5617 2074 5669 virium

503 5698 802 5769 adhibetur,
847 5718 941 5757 nos
972 5714 1274 5759 sustentans
1316 5707 1484 5774 adest,
1517 5716 1572 5762 et
1619 5724 1712 5762 nos
1744 5709 2070 5772 corroborat,

2154 422 2274 459 cum
2308 421 2404 460 nos
2435 408 2638 476 priores
2666 425 2784 478 qua:
2815 419 3114 466 nostrarum
3167 421 3291 468 sunt
3330 417 3554 485 partium
3592 434 3732 474 eon-

2153 497 2453 563 tnlerimus,
2482 500 2709 568 exempli
2733 515 2912 566 causa,
2945 502 3271 558 alacritatem
3295 507 3474 571 animi,
3498 523 3647 577 spem
3677 513 3732 564 in

2152 588 2344 654 ipsum,
2372 589 2658 657 gratiarum
2680 593 2965 657 actionem,
2997 593 3356 660 tolerantiam,
3395 598 3730 665 patientiam.

2152 678 2332 746 Neque
2381 689 2582 733 tantum
2625 680 2676 732 in
2731 682 3000 749 periculis,
3030 699 3148 753 qua:
3194 685 3334 739 vires
3386 699 3593 742 nostras
3634 705 3736 744 ex-

2150 772 2367 836 cedunt,
2391 773 2484 827 sed
2511 773 2561 826 in
2591 774 2718 842 ipsis
2739 775 2896 827 etiam
2921 791 3038 844 qua:
3071 793 3173 830 non
3206 779 3498 844 excedunt,
3527 783 3737 837 caelesti

2151 864 2350 917 auxilio
2379 863 2696 933 indigemus,
2741 875 2798 918 ut
2837 881 3097 934 generose
3145 872 3404 936 possimus
3441 871 3735 927 obsistere.

2151 955 2420 1025 Siquidem
2444 956 2570 1010 alibi
2610 972 2821 1025 quoque
2849 959 2977 1011 dicit
3011 977 3024 1012 :
3057 958 3200 1012 Sicut
3235 960 3488 1014 abundant
3525 965 3737 1033 passio-

2152 1064 2238 1101 nes
2267 1046 2453 1102 Christi
2474 1049 2526 1100 in
2548 1048 2706 1111 nobis,
2735 1049 2806 1100 ita
2834 1058 2880 1102 et
2907 1066 2997 1118 per
3017 1049 3269 1103 Christum
3295 1051 3516 1105 abundat
3541 1071 3736 1106 conso-

2153 1140 2274 1193 latio
2304 1151 2496 1206 nostra,
2528 1149 2582 1193 ut
2611 1157 2702 1194 nos
2728 1142 2977 1210 possimus
3007 1141 3258 1196 consolari
3280 1160 3382 1207 eos,
3405 1147 3489 1213 qui
3510 1147 3562 1198 in
3589 1148 3737 1199 omni

2155 1248 2388 1300 pressura
2415 1241 2551 1296 sunt,
2598 1249 2685 1300 per
2713 1233 3146 1298 exhortationem,
3187 1251 3287 1302 qua
3331 1237 3656 1289 exhortamur
3687 1248 3738 1289 et

2151 1323 2250 1392 ipsi
2278 1340 2310 1375 a
2341 1321 2445 1375 Deo
2469 1322 2543 1391 (2.
2576 1321 2694 1376 Cor.
2723 1323 2772 1376 l.
2807 1324 2858 1378 5.
2889 1324 2963 1394 4).
2994 1323 3172 1393 Itaque
3209 1326 3252 1379 is
3281 1327 3441 1379 etiam
3470 1328 3558 1396 qui
3589 1327 3739 1381 hunc

2153 1414 2458 1468 consolatus
2478 1425 2582 1481 est,
2612 1416 2722 1484 ipse
2744 1424 2825 1470 est
2851 1417 2940 1484 qui
2983 1417 3327 1471 tentationem
3366 1419 3602 1487 permisit
3642 1420 3736 1472 in-

2153 1507 2299 1561 ferri.
2336 1508 2463 1561 Vide
2489 1517 2667 1562 autem
2693 1519 2808 1576 post
2828 1510 3156 1562 curationem
3191 1519 3439 1578 quantam
3468 1511 3740 1566 sollicitu-

2151 1597 2330 1652 dinem
2364 1614 2468 1666 pra:
2490 1614 2548 1651 se
2570 1599 2720 1652 ferat.
2755 1597 2936 1667 Neque
2965 1598 3104 1652 enim
3140 1600 3226 1652 illo
3243 1599 3465 1654 dimisso
3485 1603 3736 1667 recessit,

2152 1699 2202 1742 at
2229 1699 2502 1758 postquam
2537 1689 2681 1742 illum
2708 1688 2929 1743 olfendit
2958 1689 3007 1742 in
3037 1691 3256 1757 templo,
3280 1691 3376 1755 ait,
3419 1690 3546 1744 Ecce
3571 1709 3738 1746 sanus

2153 1773 2314 1842 factus
2335 1790 2403 1836 es,
2435 1773 2536 1825 noli
2565 1773 2785 1841 amplius
2816 1789 3037 1840 peccare,
3067 1789 3127 1825 ne
3163 1773 3379 1826 deterius
3419 1774 3506 1826 tibi
3537 1774 3742 1844 aliquid

2153 1864 2408 1933 contingat
2439 1862 2618 1934 (Joaa.
2649 1865 2701 1918 5.
2737 1863 2847 1932 14).
2875 1863 2930 1917 Si
2959 1863 3100 1918 enim
3129 1865 3268 1932 quod
3294 1864 3417 1918 odio
3439 1881 3737 1933 proseque-

2155 1963 2322 2017 retur,
2357 1954 2886 2023 puniripermisisset,
2914 1969 3015 2007 non
3039 1963 3088 2007 te
3117 1954 3410 2020 liberasset,
3438 1970 3540 2009 non
3575 1956 3624 2009 in
3643 1959 3740 2009 l'u-

2157 2053 2331 2098 turum
2368 2046 2769 2099 communiisset
2801 2063 2814 2098 :
2846 2044 2987 2113 quod
3026 2054 3202 2098 autem
3234 2044 3378 2110 dicit,
3415 2045 3496 2098 Ne
3519 2046 3744 2101 deterius

2155 2136 2244 2188 tibi
2269 2136 2462 2204 aliquid
2481 2137 2755 2207 contingat,
2786 2135 2980 2189 indicat
3000 2151 3121 2189 eum
3151 2134 3338 2188 futuris
3360 2137 3741 2190 malisobviatn

2158 2227 2258 2281 ire.
2293 2227 2531 2281 Morbum
2563 2227 2787 2296 depulit,
2823 2237 2876 2281 et
2900 2242 3150 2297 angorem
3186 2243 3289 2280 non
3313 2227 3549 2297 depulit:
3581 2231 3743 2299 :rgri—

2159 2318 2393 2372 tudinem
2424 2319 2619 2386 abegit,
2647 2327 2700 2372 et
2726 2328 2922 2372 mettttn
2970 2334 3076 2372 non
3118 2317 3314 2387 abegit,
3359 2327 3416 2371 ut
3461 2319 3745 2374 immotum

2157 2418 2369 2464 maneat
2413 2410 2729 2464 beneficium
2779 2409 2917 2480 quod
2946 2418 3030 2464 est
3058 2409 3327 2462 collatum.
3375 2408 3487 2462 [loc
3533 2412 3743 2479 providi

2157 2509 2240 2554 est
2263 2500 2475 2565 ntedici,
2501 2510 2556 2555 ut
2587 2517 2692 2555 non
2723 2502 3002 2569 praesentia
3051 2509 3253 2557 tantum
3301 2504 3437 2557 mala
3464 2504 3696 2573 depellat
3725 2546 3744 2568 ,

2159 2596 2253 2649 sed
2282 2604 2335 2650 et
2355 2595 2574 2649 adversa
2597 2595 2772 2650 futura
2797 2607 3093 2665 praecaveat
3121 2617 3133 2652 :
3163 2599 3304 2668 quod
3327 2599 3503 2667 utique
3524 2597 3647 2650 fecit
3681 2607 3743 2649 et

2159 2687 2423 2750 Christus.
2453 2687 2578 2741 dum
2607 2689 2994 2756 praeteritorum
3026 2691 3280 2744 memoria
3318 2690 3482 2759 ipsius
3506 2687 3747 2741 animam

2161 2778 2513 2832 confirmavit.
2555 2779 2686 2832 Nam
2713 2780 2964 2848 quoniam
3002 2780 3091 2834 ubi
3136 2781 3487 2851 praeterierint
3511 2795 3571 2833 ea
3618 2795 3748 2848 qua:

2161 2868 2315 2922 nobis
2341 2869 2638 2924 molestiam
2666 2871 3018 2936 exhibebant,
3048 2871 3204 2927 simul
3249 2888 3434 2927 eorum
3481 2871 3745 2931 memoria

2161 2973 2304 3028 saepe
2331 2958 2601 3027 dilabitur,
2627 2962 2767 3030 quod
2798 2961 2964 3030 ipsam
2994 2973 3300 3033 perpetuam
3328 2963 3456 3017 velit
3482 2975 3702 3014 manere
3727 3003 3743 3025 ,

2166 3053 2308 3118 Noli,
2336 3053 2523 3122 inquit,
2572 3053 2790 3125 amplius
2831 3071 3056 3125 peccare,
3094 3071 3156 3110 ne
3196 3054 3410 3108 deterius
3436 3053 3520 3106 tibi
3548 3053 3750 3122 aliquid

2163 3148 2440 3216 contingat.

2235 3239 2286 3292 5.
2317 3238 2498 3307 Neque
2534 3252 2659 3292 vero
2698 3253 2764 3292 ex
2796 3237 2896 3293 hoc
2929 3239 3100 3293 solum
3131 3237 3515 3309 providentiam
3539 3236 3654 3306 ejus
3684 3247 3746 3290 et

2166 3330 2464 3399 arquitatem
2489 3329 2611 3383 licet
2639 3329 2848 3394 intueri,
2879 3329 2974 3385 sed
3000 3331 3210 3400 exipsa,
3230 3346 3346 3400 quae
3373 3329 3578 3384 videtur
3599 3344 3748 3394 esse,

2168 3419 2551 3490 increpatione.
2583 3418 2712 3473 Nam
2738 3429 2950 3488 peccata
2974 3420 3188 3490 quidem
3214 3421 3329 3490 ejus
3358 3436 3462 3474 non
3494 3419 3748 3490 propala-

2167 3511 2242 3564 vit
2272 3551 2288 3576 ,
2329 3509 2421 3564 sed
2449 3526 2568 3564 eum
2602 3521 2815 3579 propter
2843 3521 3056 3580 peccata
3094 3525 3305 3580 passum
3337 3526 3455 3564 esse
3480 3526 3596 3579 qua:
3622 3525 3752 3578 pas-

2168 3616 2258 3655 sus
2309 3611 2389 3654 est
2421 3641 2436 3665 ,
2480 3601 2760 3656 indicavit:
2793 3618 2910 3671 qua:
2949 3617 3077 3656 vero
3105 3610 3290 3656 essent
3329 3613 3541 3670 peccata
3575 3641 3590 3665 ,
3639 3619 3754 3654 llull

2169 3693 2449 3747 indicavit:
2481 3710 2652 3764 neque
2679 3693 2828 3759 dixit,
2848 3693 2959 3748 lloe
2985 3704 3038 3748 et
3059 3694 3186 3748 illud
3217 3695 3485 3763 peccasti,
3528 3710 3702 3762 neque
3737 3735 3755 3758 ,

2170 3783 2228 3837 ln
2269 3784 2370 3837 hoc
2397 3793 2452 3838 et
2493 3785 2544 3838 iti
2589 3784 2678 3838 illo
2723 3784 2988 3854 deliquisti
3017 3826 3033 3852 ,
3072 3786 3164 3840 sed
3195 3801 3299 3838 uno
3329 3785 3553 3854 simplici
3585 3785 3759 3839 verbo

2171 3876 2222 3930 id
2249 3877 2553 3945 exprimens
2576 3917 2593 3943 ,
2637 3875 2763 3930 Noli
2803 3877 3020 3948 amplius
3045 3894 3250 3946 peccare
3272 3919 3286 3942 ,
3323 3887 3632 3946 tantumque
3661 3876 3757 3928 di-

2169 3983 2298 4023 cens
2329 4008 2344 4033 ,
2378 3969 2516 4038 quod
2537 3969 2603 4023 ad
2631 3985 2751 4022 eum
2778 3969 3170 4023 admonendum
3203 3969 3559 4024 necessarium
3583 3978 3698 4022 erat
3738 4009 3759 4032 ,

2171 4059 2750 4134 diligentiorem'illum
2806 4059 3036 4113 reddidit
3084 4060 3138 4113 in
3186 4058 3419 4113 futurutn
3447 4099 3462 4124 ,
3506 4067 3558 4111 et
3586 4057 3763 4127 ipsius

2172 4152 2498 4221 patientiam,
2529 4152 2919 4215 fortitudinem,
2952 4167 3016 4206 ac
3040 4153 3426 4221 philosophiam
3455 4149 3608 4204 nobis
3634 4164 3763 4202 om-

2173 4257 2294 4296 nem
2325 4242 2602 4310 patefecit,
2648 4258 2766 4295 cum
2808 4242 2881 4294 illi
2911 4243 3280 4297 necessitatem
3313 4241 3563 4310 itnposuit
3585 4249 3760 4293 totam

2173 4333 2524 4387 ealamitatem
2552 4348 2698 4386 suam
2729 4333 3032 4402 quiritando
3059 4332 3361 4402 divulgandi
3383 4372 3397 4393 ,
3426 4346 3488 4384 ac
3517 4329 3761 4384 studium

2175 4442 2327 4480 suum
2361 4425 2671 4480 ostendendi
2700 4447 2712 4480 :
2739 4425 2871 4478 Dum
2895 4426 3035 4478 venio
3058 4425 3190 4477 enim
3225 4441 3315 4493 ego
3335 4465 3347 4486 ,
3381 4422 3511 4475 alius
3539 4431 3653 4474 ante
3677 4437 3766 4473 me

2175 4518 2426 4570 descendit
2452 4518 2469 4588 (
2497 4517 2652 4570 Joan.
2683 4518 2734 4571 5.
2763 4518 2793 4570 7
2823 4517 2875 4587 );
2903 4525 3111 4586 peccata
3145 4530 3270 4567 vero
3306 4529 3408 4567 non
3439 4511 3757 4582 propalavit.

2174 4609 2320 4666 Sicut
2344 4612 2483 4666 enim
2511 4624 2606 4663 nos
2637 4609 2884 4678 obtegere
2911 4618 3089 4661 nostra
3119 4607 3364 4660 volumus
3389 4646 3404 4670 ,
3428 4604 3503 4657 sic
3533 4614 3588 4657 et
3617 4603 3760 4655 Dens

2175 4702 2341 4756 multo
2389 4702 2554 4770 magis
2601 4715 2757 4769 quam
2793 4714 3103 4768 noszquam
3133 4697 3202 4751 ob
3235 4711 3451 4753 causam
3491 4705 3546 4749 et
3572 4708 3758 4748 coram

2175 4793 2418 4849 omnibus
2460 4791 2773 4844 medicinam
2823 4790 2981 4852 fecit,
3011 4788 3434 4841 adhortationem
3481 4794 3656 4838 autem
3699 4773 3764 4837 ct

2176 4888 2455 4942 consilium
2481 4885 2722 4956 privatim
2753 4883 2986 4936 adhibet.
3045 4881 3344 4951 Numquam
3375 4879 3515 4933 enim
3544 4878 3760 4946 evulgat

2179 4987 2391 5047 peccata
2423 4987 2626 5039 nostra,
2655 4977 2750 5029 nisi
2781 4975 2914 5028 forte
2942 4973 2986 5027 si
3014 4973 3224 5042 quando
3247 4987 3345 5026 nos
3377 4971 3572 5026 viderit
3599 4971 3750 5024 nullo

2177 5085 2359 5123 eorum
2417 5084 2572 5121 sensu
2613 5067 2772 5121 afﬁci.
2825 5065 2954 5118 Nam
3004 5073 3058 5118 et
3100 5079 3219 5117 cum
3251 5063 3412 5118 dicit:
3443 5061 3763 5114 Esurientcm

2178 5179 2255 5215 me
2285 5162 2495 5222 vidistis,
2529 5171 2573 5212 et
2601 5176 2700 5212 non
2729 5158 2958 5220 aluistis,
2987 5167 3034 5208 et
3061 5156 3328 5219 sitientem,
3357 5163 3400 5206 ct
3418 5169 3517 5205 non
3543 5153 3759 5220 potastis

2181 5253 2388 5324 (Matth.
2407 5253 2496 5305 25.
2522 5251 2613 5321 42)
2633 5292 2647 5314 ,
2681 5260 2958 5318 propterea
2985 5247 3113 5300 dicit
3140 5247 3190 5299 in
3219 5244 3464 5313 praesenti
3493 5253 3761 5311 tempore,

2181 5361 2246 5398 ne
2278 5343 2413 5397 forte
2459 5343 2510 5396 in
2551 5341 2727 5395 futuro
2775 5340 2936 5394 verba
2980 5341 3093 5391 haec
3132 5337 3431 5390 audiamus.
3484 5333 3716 5388 Minatur
3746 5376 3764 5398 ,

2181 5436 2392 5505 evulgat
2438 5434 2490 5488 in
2522 5432 2618 5486 hac
2649 5434 2751 5484 vita
2787 5474 2799 5493 ,
2831 5445 2897 5485 ne
2922 5431 2974 5483 in
3005 5429 3094 5483 illa
3125 5429 3334 5497 evulget
3364 5468 3379 5492 ,
3408 5426 3768 5496 quemadmo-

2181 5529 2304 5583 dum
2337 5539 2390 5582 et
2412 5527 2755 5580 Ninivitarum
2779 5527 3044 5580 civitatem
3075 5540 3133 5579 se
3168 5525 3400 5577 minatus
3429 5532 3510 5576 est
3539 5538 3770 5576 eversu-

2184 5636 2320 5680 rmn,
2353 5630 2408 5672 ιιι
2430 5635 2530 5672 non
2553 5627 2837 5673 everteret.
2880 5618 2935 5672 Si
2963 5618 3103 5671 enim
3136 5626 3350 5685 peccata
3389 5617 3551 5672 vellet
3578 5626 3766 5670 nostra

2187 5710 2451 5780 publicare
2477 5751 2488 5777 ,
2521 5721 2848 5781 nequaquam
2872 5724 2930 5763 se
2957 5706 3349 5778 publicaturutn
3390 5703 3726 5777 praedixisset
3755 5723 3767 5768 ;
