4010 6342
229 317 302 373 51
1164 316 1229 372 ΙΝ
1267 314 1688 372 ΡΑιιΑιΥΤιιῑι
1713 311 1763 366 Μ
1801 309 2150 366 DEMISSUM
2188 310 2321 365 PER
2361 309 2663 367 TECTUM.
3429 313 3497 368 δε

222 439 366 490 ἐπεὶ
389 435 660 490 καὶτοῦτο
676 433 990 504 εὐεργεσίας
1014 433 1158 486 ἐστὶν
1184 431 1344 497 εἶδος.
1367 435 1476 487 Καὶ
1505 432 1612 503 γάρ
1648 429 1829 500 ἰατρὸς

223 528 340 596 οὐχ
369 529 498 582 ὅταν
530 527 684 599 λούῃ,
712 529 806 581 καὶ
831 528 1026 600 τρέφῃ,
1051 527 1142 578 καὶ
1171 529 1248 588 είς
1277 525 1634 595 παραδείσους
1660 522 1829 592 ἐξάγῃ

221 619 331 673 τὸν
364 621 643 690 κάμνοντα
678 619 856 689 μόνον,
892 617 1005 671 ἀλλ’
1036 619 1164 670 ὃταν
1197 617 1290 669 καὶ
1326 617 1476 686 καίῃ,
1509 615 1604 666 καὶ
1634 613 1824 683 τέμνῃ,

221 712 446 781 ὁμοίως
490 713 638 764 ἐστὶν
675 710 885 780 ἰατρός·
921 711 1013 762 καὶ
1042 707 1226 778 πατὴρ
1261 706 1359 776 οὐχ
1393 708 1520 758 ὅταν
1553 702 1828 774 θεραπεύῃ

221 805 329 857 τὸν
383 804 498 858 υἰὺν
548 803 727 872 μόνον,
753 801 892 854 ἀλλά
928 802 1021 854 καὶ
1053 802 1181 854 ὅταν
1206 799 1441 868 ἐκϐάλλῃ
1485 795 1585 865 τῆς
1631 795 1826 860 οίκίας,

227 898 334 950 καὶ
377 897 506 949 ὅταν
544 895 795 965 ἐπιτιμᾷ,
831 894 926 946 καὶ
959 892 1213 964 μαστίζῃ,
1245 891 1446 961 ὁμοίως
1476 889 1594 940 ἐστὶ
1627 886 1828 957 πατὴρ,

226 990 335 1042 καὶ
385 989 484 1058 οὐχ
522 983 710 1059 ἦττον,
739 985 772 1056 ἢ
807 987 936 1039 ὃταν
967 986 1182 1053 ἐπαινῇ.
1211 980 1381 1044 Εἰδὼς
1407 980 1583 1032 τοίνυν
1618 979 1698 1031 ὅτι
1738 977 1833 1030 καί¹

233 1081 449 1151 ἰατρῶν
480 1079 735 1132 ἁπάντων
766 1075 1246 1146 φιλοστοργότερος
1271 1075 1298 1124 6
1323 1071 1474 1134 Θεὸς,
1507 1069 1580 1140 μὴ
1609 1085 1831 1140 περιερ-

227 1173 438 1239 γάζου,
471 1170 603 1241 μηδέ
632 1169 858 1222 ἀπαίτει
887 1167 985 1230 τὰς
1015 1165 1244 1227 εὐθύνας
1264 1163 1424 1216 αὐτὸν
1445 1162 1542 1231 τῆς
1571 1158 1830 1230 ἰατρείας,

230 1265 361 1318 ἀλλ’
391 1265 456 1318 ἀν
501 1281 560 1316 τε
617 1263 820 1316 ἀνεῖναι
876 1259 1154 1330 βούληται,
1200 1259 1263 1312 ἀν
1319 1273 1379 1308 τε
1432 1253 1654 1324 κολάζῃ,
1701 1251 1834 1322 προς

234 1356 490 1424 ἑκάτερα
541 1351 741 1422 ὁμοίως
793 1351 1127 1421 παρέχωμεν
1169 1345 1425 1409 ἑαυτούς’
1467 1345 1532 1397 δι’
1560 1341 1834 1411 ἑκατέρων

233 1451 355 1521 γὰρ
408 1450 545 1522 πρὸς
583 1447 770 1516 ὑγείαν
803 1445 950 1516 ἡμᾶς
983 1441 1264 1507 ἐπανάγει,
1311 1438 1406 1489 καὶ
1439 1436 1573 1507 πρὸς
1615 1433 1714 1504 τὴν
1758 1433 1837 1484 οί⁶

234 1544 469 1596 κείωσιν
502 1541 600 1611 τὴν
631 1537 847 1599 ἐαυτοῦ,
878 1537 972 1588 καὶ
998 1530 1136 1587 οίδεν
1162 1527 1234 1585 ὧν
1261 1531 1487 1591 ἕκαστος
1516 1527 1703 1597 χρείαν
1725 1523 1836 1593 ἐχο-

239 1651 376 1706 μεν,
405 1635 500 1686 καὶ
533 1632 585 1684 τί
617 1629 894 1700 συμφέρον
927 1626 1161 1693 ἑκάστῳ,
1198 1621 1292 1675 καὶ
1326 1619 1442 1683 πῶς
1469 1618 1563 1671 καὶ
1590 1617 1695 1670 τίνι
1721 1615 1838 1683 τρό-

235 1745 332 1798 πῳ
386 1725 626 1795 σωθῆναι
676 1723 775 1786 δεῖ,
820 1719 912 1772 καὶ
962 1716 1168 1784 ταύτην
1216 1713 1362 1784 ἡμᾶς
1407 1711 1527 1778 ἄγει
1554 1707 1650 1779 τὴν
1693 1706 1830 1760 ὀδόν.

251 1817 560 1887 Ἑπώμεθα
589 1813 767 1867 τοίνυν
796 1805 956 1880 οἷπερ
996 1807 1060 1860 ἂν
1094 1806 1256 1868 αὐτὸς
1287 1802 1505 1872 κελεύῃ,
1540 1801 1634 1854 καὶ
1670 1798 1836 1869 μηδὲν

235 1903 756 1978 ἀκριϐολογώμεθα,
793 1900 902 1953 εἴτε
943 1898 1033 1951 διὰ
1087 1896 1276 1967 ῥᾳδίας
1315 1893 1407 1947 καὶ
1455 1890 1697 1955 εὐκόλου,
1728 1889 1836 1940 εἴτε

235 1999 334 2052 διὰ
369 1996 614 2068 χαλεπῆς
649 1995 742 2047 καὶ
781 1991 1117 2062 τραχυτέρας
1163 1986 1282 2040 ὁδοῦ
1323 1984 1556 2055 βαδίζειν
1585 1981 1834 2035 κελεύοι·

235 2091 440 2160 ὥσπερ
485 2084 579 2142 οῦν
618 2086 712 2140 καὶ
747 2085 838 2138 τὸν
879 2082 1188 2154 παράλυτον
1235 2076 1550 2131 τοῦτον.⁶Εν
1600 2073 1698 2144 μὲν
1743 2066 1836 2126 οῦν

233 2183 409 2237 τοῦτο
441 2178 758 2250 εὐεργεσίας
791 2172 927 2238 εἶδος
961 2171 1029 2246 ῆν
1054 2174 1114 2226 τὸ
1143 2171 1320 2243 χρόνῳ
1347 2166 1586 2236 τοσούτῳ
1614 2166 1712 2236 τὴν
1736 2164 1837 2234 ψυ-

236 2277 352 2347 χὴν
373 2272 538 2326 αὐτοῦ
563 2271 866 2342 καθαίρειν,
889 2267 1077 2336 ὥσπερ
1105 2262 1456 2336 χωνευτηρίῳ
1477 2261 1585 2313 τινὶ
1613 2261 1679 2329 τῇ
1707 2274 1836 2326 πυρ-

236 2346 384 2418 ώσει
433 2361 544 2415 τῶν
591 2357 916 2431 πειρασμῶν
963 2354 1131 2424 αὐτὴν
1185 2351 1529 2422 παραδύνταο
1559 2350 1745 2418 ἕτερον
1777 2346 1834 2398 δέ

236 2457 349 2509 οὐκ
380 2453 601 2508 ἔλαττον
641 2450 856 2514 τούτου,
888 2447 952 2500 τὸ
979 2447 1073 2500 καὶ⁴
1125 2447 1182 2497 ἐν
1225 2445 1405 2505 αὐτοῖς
1436 2443 1690 2511 παρεῖναι
1724 2440 1835 2500 τοῖς

238 2547 603 2618 πειρασμοῖς,
628 2543 724 2596 καὶ
751 2538 952 2610 πολλὴν
989 2535 1138 2606 αὐτῷ
1168 2535 1430 2605 παρέχεῖν
1455 2531 1554 2601 τὴν
1582 2545 1836 2599 παραμυ-

239 2640 395 2694 θίαν.
425 2636 600 2698 Αὐτὸς
631 2630 700 2705 ῆν
729 2635 756 2685 6
785 2629 1094 2700 διακρατῶν
1140 2626 1297 2680 αὐτὸν
1328 2623 1420 2677 καὶ
1455 2622 1710 2691 συνέχων,
1743 2619 1836 2672 καὶ

238 2734 411 2802 χεῖρα
437 2727 666 2799 ὀρέγων,
699 2724 794 2778 καὶ¹
841 2723 942 2774 οὐκ
993 2719 1173 2787 ἀφιεὶς
1222 2714 1744 2770 καταπεσεῖν.”οταν
1777 2710 1836 2763 δέ

239 2821 493 2892 ἀκούσῃς
517 2819 598 2870 ὅτι
624 2816 783 2877 αὐτὸς
803 2809 892 2885 ῆν,
918 2811 992 2882 μὴ
1015 2808 1398 2879 ἀποστερήσῃς
1418 2804 1524 2857 τῶν
1547 2802 1837 2872 ἐγκωμίων

239 2912 342 2965 τὸν
379 2908 708 2982 παράλυτον,
741 2907 877 2976 μήτε
896 2906 1119 2967 ἐκεῖνον,
1149 2901 1284 2971 μήτε
1313 2897 1469 2951 ἄλλον
1496 2895 1617 2948 τινὰ
1643 2911 1834 2964 πειρα-

243 3002 482 3073 ζόμενον
509 2998 791 3070 ἄνθρωπον
825 2996 919 3050 καὶ
948 2991 1337 3064 καρτεροῦντα.
1365 2988 1480 3043 Κᾶν
1506 2987 1615 3056 γὰρ
1643 2987 1838 3057 μυριά-

242 3110 342 3157 κις
370 3091 766 3162 φιλοσοφῶμεν,
801 3087 903 3142 κᾶν
935 3086 1188 3140 ἁπάντων
1208 3077 1358 3153 ὦμεν
1389 3079 1723 3151 ἰσχυρότεροι
1746 3077 1837 3129 καὶ

240 3179 632 3250 δυνατώτεροι,
677 3180 776 3250 τῆς
822 3177 950 3247 παρ’
979 3173 1142 3228 αὐτοῦ
1190 3175 1362 3244 ῥοπῆς
1395 3171 1674 3241 ἀπούσης,
1718 3167 1838 3220 οὐδέ

245 3273 394 3343 πρὸς
423 3273 515 3325 τὸν
541 3271 773 3342 τυχόντα
795 3268 1111 3336 ἀντιστῆναι
1139 3263 1480 3335 δυνησόμεθα
1511 3259 1839 3333 πειρασμόν.

244 3366 371 3419 Καὶ
391 3364 444 3416 τί
478 3363 620 3432 λέγω
643 3363 772 3434 περὶ
790 3360 948 3432 ήμῶν
975 3358 1083 3412 τῶν
1112 3356 1344 3410 εὐτελῶν
1373 3355 1466 3408 καὶ
1491 3350 1839 3426 ἀπερῥιμμέ-

243 3475 392 3523 νων;
427 3455 546 3508 Κᾶν
579 3453 687 3524 γὰρ
721 3451 931 3513 Παῦλός
960 3444 1117 3521 τις
1138 3449 1230 3501 καὶ
1253 3446 1480 3515 Πέτρος,
1511 3442 1616 3496 κᾶν
1656 3443 1837 3495 Ἰάκω-

243 3550 374 3612 ϐος,
406 3547 510 3601 κᾶν
549 3546 824 3616 Ἰωάννης,
855 3543 955 3613 τῆς
1001 3540 1207 3597 ἄνωθεν
1243 3536 1492 3610 βοηθείας
1535 3535 1839 3603 ἀποστερη-

245 3641 375 3704 θεὶς
405 3640 682 3710 ἐλέγχεται
710 3637 925 3710 ῥᾳδίως,
955 3634 1050 3688 καὶ
1082 3629 1513 3692 ὐποσκελίξεται,
1544 3625 1638 3678 καὶ
1667 3640 1836 3678 κατα-

243 3734 468 3787 πίπτει.
513 3732 626 3786 Καὶ
659 3730 798 3801 ὑπὲρ
824 3727 1028 3782 τούτων
1059 3723 1220 3778 αὐτοῦ
1254 3720 1347 3775 τοῦ
1388 3716 1622 3792 Χριστοῦ
1655 3716 1836 3786 φωνὴν

247 3826 387 3896 ὑμῖν
417 3821 805 3891 ἀναγνώσομαι
825 3837 838 3852 ο
900 3817 977 3889 τῷ
1025 3817 1134 3887 γὰρ
1166 3815 1362 3884 Πέτρῳ
1390 3809 1582 3881 φησίν
1614 3807 1774 3862 ’Ἰδοὺ
1805 3808 1838 3859 ό

244 3915 530 3982 Σατανᾶς
561 3914 852 3984 ᾐτήσατο,
885 3913 987 3965 ἵνα
1033 3907 1284 3975 σινιάσῃ
1316 3904 1471 3974 ὑμᾶς
1497 3905 1577 3969 ὠς
1608 3901 1714 3955 τὸν
1745 3899 1838 3954 σῖ-

245 4024 394 4063 τον.
438 4005 597 4076 κάγὼ
638 4003 892 4071 ἐδεήθην
929 4001 1062 4070 περί
1091 4000 1226 4064 σοῦ,
1273 3999 1374 4054 ἵνα
1408 3995 1494 4066 μὴ
1541 3995 1760 4062 ἐκλίπῃ
1795 3992 1833 4060 ἦ

244 4105 461 4167 πίστις
485 4116 622 4154 σου.
661 4099 727 4151 Τί
763 4101 902 4163 ἐστι,
931 4095 1200 4158 σινιάσαι;
1249 4091 1522 4159 Ἀγαγεῖν,
1567 4102 1836 4158 περιαγα-

243 4197 394 4264 γεῖν,
432 4189 711 4253 σαλεῦσαι,
733 4189 974 4258 κινῆσαι,
1001 4185 1337 4254 διαδονῆσαι,
1370 4178 1675 4250 βασανίσαι,
1699 4177 1836 4247 ὅπερ

243 4287 352 4340 ἐπὶ
400 4283 508 4337 τῶν
562 4281 1018 4351 κοσκινιζομένων
1064 4278 1304 4345 γίνεται·
1341 4273 1454 4326 ἀλλ’
1482 4269 1613 4340 ἐγὼ,
1649 4269 1834 4340 φησὶν,

243 4376 511 4445 ἐπέσχον,
541 4373 694 4435 εἰδὼς
721 4373 805 4425 ὃτι
832 4371 924 4423 τὸν
952 4366 1257 4440 πειρασμὸν
1287 4365 1528 4430 ἐνεγκεῖν
1570 4362 1631 4414 οὐ
1673 4361 1834 4414 δύνα-

247 4468 354 4521 σθε
373 4484 388 4498 ο
417 4465 479 4518 τὸ
515 4466 625 4535 γὰρ
657 4464 858 4516 εἰπεῖν·
894 4461 1018 4514 Ἵνα
1038 4456 1124 4527 μὴ
1159 4455 1382 4523 ἐκλίπῃ
1406 4455 1443 4521 ή
1471 4455 1674 4518 πίστις
1695 4466 1834 4512 σου,

243 4556 544 4631 δηλοῦντός
590 4534 759 4618 ἐστιν,
805 4554 888 4606 ὅτι
938 4552 987 4604 εί
1041 4547 1434 4620 συνεχώρησεν,
1482 4534 1733 4612 ἐξέλιπεν
1771 4542 1836 4596 ἂν

245 4647 480 4718 αὐτοῦὴ
511 4639 723 4710 πίστις.’
743 4647 805 4699 Εἰ
847 4644 906 4696 δέ
950 4643 1156 4712 Πέτρος
1192 4641 1220 4692 6
1254 4639 1454 4712 θερμὸς
1481 4636 1716 4711 ἐραστὴς
1741 4636 1834 4689 τοῦ

246 4738 492 4814 Χριστοῦ
533 4739 628 4792 καὶ
664 4736 760 4807 τὴν
804 4735 982 4806 ψυχὴν
1031 4733 1172 4803 ὐπέρ
1201 4729 1364 4784 αὐτοῦ
1415 4729 1669 4801 μυριάκις
1715 4728 1836 4780 ἐπιι

243 4834 401 4898 δοὺς,
427 4833 522 4886 καὶ
565 4828 859 4901 προπηδῶν
907 4827 994 4881 ἀεὶ
1026 4825 1122 4878 τοῦ
1152 4821 1312 4895 χοροῦ
1354 4823 1461 4875 τῶν
1500 4820 1832 4884 ἀποστόλων,

244 4925 351 4979 καὶ
397 4923 548 4994 παρά
596 4923 690 4975 τοῦ
733 4915 1066 4971 Διδασκάλου
1110 4914 1565 4985 μακαριζόμενος,
1610 4912 1704 4965 καὶ
1747 4910 1834 4965 διὰ

244 5013 411 5068 τοῦτο
426 5013 631 5083 Πέτρος
647 5009 892 5080 κληθεὶς,
909 5007 1097 5077 ἐπειδὴ
1114 5005 1366 5059 ἄσειστον
1396 4999 1508 5073 εἶχε
1526 5003 1620 5056 καὶ
1639 5002 1832 5072 ἀπερί-

241 5122 484 5176 τρεπτον
531 5106 631 5175 τὴν
680 5103 883 5164 πίστιν,
913 5100 1116 5171 ἠνέχθη
1162 5098 1227 5152 ἂν
1285 5097 1379 5150 καὶ
1415 5096 1514 5164 τῆς
1540 5094 1832 5164 ὁμολογίας

241 5197 532 5262 ἐξέπεσεν,
557 5197 604 5247 εί
631 5192 1008 5263 συνεχώρησεν
1035 5194 1062 5244 ὁ
1089 5189 1320 5261 Χριστὸς
1351 5188 1428 5257 τῷ
1457 5186 1684 5256 διαϐόλῳ
1713 5202 1830 5237 πει-

244 5289 419 5361 ρὰσαι
465 5289 588 5341 ὅσον
635 5285 913 5354 ἠϐούλετο,
942 5282 1025 5346 τίς
1068 5282 1254 5351 ἕτερος
1301 5279 1495 5346 στῆναι
1543 5277 1830 5347 δυνήσεται

242 5379 419 5450 χωρὶς
446 5378 546 5447 τῆς
579 5375 742 5428 αὐτοῦ
781 5374 1061 5445 βοηθείας;
1092 5371 1190 5424 Διά
1217 5370 1330 5442 [56]
1366 5369 1521 5424 τοῦτο
1557 5369 1650 5421 καὶ
1679 5368 1828 5420 Παῦ-

240 5470 340 5534 λός
384 5482 552 5538 φησι*
587 5466 812 5529 Πιστὸς
840 5464 907 5516 δὲ
935 5467 967 5516 ό
998 5465 1164 5528 Θεὸς,
1196 5462 1263 5528 ὃς
1309 5465 1419 5514 οὐκ
1461 5460 1626 5513 ἐάσει
1675 5457 1830 5527 ὑμᾶς

244 5560 648 5631 πειρασθῆναι
685 5557 837 5623 ὑπὲρ
865 5557 895 5607 ὃ
929 5555 1212 5614 δύνασθε,
1243 5552 1402 5606 ἀλλὰ
1425 5551 1664 5616 ποιήσει
1709 5551 1831 5602 σὺν

244 5653 330 5720 τῷ
363 5649 674 5722 πειρασμῷ
696 5649 794 5703 καί
817 5646 931 5713 τὴν
949 5648 1198 5699 ἔκϐασιν
1218 5643 1324 5696 τοῦ
1354 5644 1648 5697 δύνασθαι
1676 5642 1828 5710 ὑμᾶς

245 5742 623 5813 ὑπενεγκεῖν.
654 5743 728 5794 Οὐ
767 5739 927 5810 μόνον
977 5738 1104 5807 γὰρ,
1152 5737 1304 5805 φησὶ,
1337 5734 1638 5802 πειρασμὸν
1687 5732 1825 5802 ὑπὲρ

245 5837 479 5906 δύναμιν
509 5834 610 5887 οὐκ
637 5833 861 5902 ἀφίησιν
896 5828 1269 5898 ἐπενεχθῆναι,
1302 5825 1437 5879 ἀλλά
1477 5826 1569 5878 καὶ
1598 5826 1653 5875 ἐν
1683 5824 1828 5893 αὐτῷ

250 5925 333 5998 τῷ
377 5921 521 5980 κατὰ
569 5919 798 5990 δύναμιν
851 5915 1172 5987 ἐπαγομένη»
1202 5916 1427 5988 πάρεστι
1457 5913 1826 5978 διαϐαστάζων

1936 426 2080 494 ἡμᾶς
2108 426 2200 478 καὶ
2239 426 2573 497 συγκροτῶν,
2606 427 2731 478 ὅταν
2760 427 2918 494 ἡμεῖς
2947 423 3208 494 πρότερον
3251 424 3317 478 τὰ
3370 428 3499 498 παρ’

1932 517 2140 571 ἑαυτῶν
2183 520 2601 589 είσενέγκωμεν,
2645 514 2754 572 οἷον
2797 518 3125 589 προθυμίαν,
3172 521 3357 574 ἐλπίδα
3403 525 3502 593 τὴν

1932 609 2012 670 εἰς
2057 609 2237 670 αὐτὸν,
2276 611 2642 682 εὐχαριστίαν,
2676 609 2989 680 καρτερίαν,
3022 609 3318 680 ὑπομονήν.
3359 611 3500 663 Οῦτε

1931 698 2039 769 γὰρ
2073 699 2230 769 μόνον
2258 702 2314 752 ἐν
2349 703 2457 762 τοῖς
2491 700 2632 769 ὑπὲρ
2663 699 2891 768 δύναμιν
2925 698 3206 763 κινδύνοις,
3237 699 3372 752 ἀλλά
3405 701 3506 752 καὶ

1933 793 1992 844 ἐν
2035 793 2217 854 αὐτοῖς
2261 795 2370 855 τοῖς
2419 792 2560 846 κατὰ
2603 791 2830 861 δύναμιν
2871 791 2972 862 τῆς
3025 791 3227 845 ἀνωθεν
3275 791 3507 861 δεόμεθα

1936 881 2205 952 βοηθείας,
2238 884 2286 935 εἰ
2320 882 2605 952 μέλλοιμεν
2647 883 2867 936 ἑστάναι
2899 882 3159 950 γενναίως
3179 900 3192 913 ⁸
3225 885 3316 936 καὶ
3345 884 3507 936 ἀλλα-

1934 975 2029 1044 χοῦ
2076 975 2184 1046 γάρ
2227 992 2390 1046 φησι·
2445 975 2647 1039 Καθὼς
2695 976 3040 1043 περισσεύει
3082 975 3155 1029 τὰ
3191 975 3507 1044 παθήματα

1933 1063 2189 1131 Χριστοῦ
2217 1067 2305 1130 εὶς
2346 1061 2521 1132 ἡμᾶς,
2566 1064 2718 1116 οὕτω
2767 1063 2860 1118 διὰ
2885 1065 2994 1118 τοῦ
3023 1065 3273 1132 Χριστοῦ
3300 1081 3504 1133 περισ-

1935 1156 2100 1208 σεύει
2141 1155 2240 1208 καὶ
2286 1156 2324 1223 ἠ
2370 1154 2750 1223 παράκλησις
2783 1154 2973 1224 ἡμῶν,
3000 1157 3087 1220 είς
3111 1155 3180 1208 τὸ
3213 1157 3510 1210 δύνασθαι

1934 1245 2092 1315 ἡμᾶς
2137 1245 2509 1314 παρακαλεῖν
2553 1247 2698 1312 τοὺς
2743 1246 2814 1298 ἐν
2851 1245 3017 1314 πάσῃ
3046 1247 3248 1313 θλίψει
3277 1246 3374 1298 διὰ
3400 1246 3512 1314 τῆς

1936 1335 2389 1404 παρακλήσεως,
2414 1331 2489 1404 ἧς
2516 1335 3016 1402 παρακαλούμεθα
3043 1333 3211 1386 αὐτοὶ
3247 1332 3364 1385 ὑπὸ
3402 1331 3513 1385 τοῦ

1940 1422 2278 1476 Θεοῦ.Ὦστε
2309 1423 2403 1475 καὶ
2431 1425 2458 1475 6
2481 1422 2670 1475 τοῦτον
2699 1421 3090 1492 παρακαλέσας
3121 1422 3278 1484 αὐτός
3310 1425 3454 1474 ἐστιν
3483 1423 3512 1473 ὁ

1937 1514 2026 1568 τὸν
2061 1515 2362 1585 πειρασμὸν
2389 1514 2747 1585 συγχωρήσας
2778 1513 3302 1583 ἐπενεχθῆναι.”ορα
3329 1513 3386 1565 δέ
3417 1514 3513 1566 καὶ

1941 1606 2078 1676 μετά
2116 1609 2215 1677 τήν
2251 1606 2546 1677 θεραπείαν
2573 1605 2746 1676 πόσην
2773 1605 3095 1675 κηδεμονίαν
3125 1605 3510 1658 ἐπιδείκνυται.

1938 1689 2014 1743 Οὐ
2039 1688 2149 1760 γὰρ
2172 1691 2328 1758 ἀφεὶς
2357 1689 2518 1743 αὐτὸν
2541 1689 2800 1759 ἀπῆλθεν,
2828 1689 2940 1742 ἀλλ’
2966 1688 3140 1758 εὑρὼν
3163 1690 3324 1743 αὐτὸν
3348 1693 3405 1744 ἐν
3433 1691 3514 1762 τῷ

1941 1781 2071 1852 ἱερῷ
2103 1798 2268 1852 φησιν
2284 1798 2297 1811 ⁸
2319 1780 2442 1836 Ἴδε
2468 1780 2643 1850 ὑγιὴς
2671 1781 2938 1850 γέγονας,
2957 1779 3167 1849 μηκέτι
3189 1781 3509 1850 ἁμάρτανε,

1939 1873 2038 1925 ἵνα
2079 1871 2165 1940 μὴ
2209 1871 2411 1940 χεῖρόν
2440 1873 2498 1924 τί
2523 1887 2621 1924 σοι
2645 1869 2901 1940 γένηται.
2929 1872 2990 1923 Εἰ
3015 1874 3122 1942 γὰρ
3175 1872 3345 1942 μισῶν
3388 1891 3513 1927 συν-

1939 1962 2182 2034 εχώρησε
2207 1962 2304 2034 τὴν
2328 1963 2568 2027 κόλασιν,
2590 1963 2690 2014 οὐκ
2718 1963 2782 2015 ἂν
2813 1961 3142 2032 ἀπήλλαξεν,
3164 1963 3264 2016 οὐκ
3288 1961 3353 2016 ἂν
3377 1964 3512 2034 πρὸς

1937 2054 1998 2106 τὸ
2033 2054 2222 2125 μέλλον
2247 2053 2584 2123 ἠσφαλίσατο
2601 2068 2616 2080 ’
2645 2051 2708 2104 τὸ
2730 2051 2786 2104 δέ
2817 2050 2994 2120 λέγειν
3013 2067 3028 2080 '
3060 2052 3184 2105 Ἵνα
3200 2051 3287 2122 μὴ
3311 2053 3513 2121 χεῷὀν

1935 2145 1996 2200 τι
2026 2162 2126 2199 σοι
2163 2145 2427 2215 γένηται,
2453 2143 2522 2197 τὰ
2558 2143 2818 2214 μέλλοντά
2847 2145 2963 2197 ἐστι
2993 2144 3513 2214 προαναστέλλοντος

1935 2237 2311 2293 δεινά.¹Ἐλυσε
2349 2240 2448 2306 τὴν
2478 2236 2649 2302 νόσον,
2681 2237 2776 2289 καὶ
2802 2237 2903 2288 οὐκ
2929 2235 3085 2289 ἔλυσε
3113 2235 3212 2307 τὴν
3231 2236 3470 2305 ἀγωνίαν
3493 2254 3508 2267 ·

1936 2329 2182 2402 ἀπήλασε
2214 2328 2316 2400 τὴν
2340 2329 2670 2402 ἀρῥωστίαν,
2702 2328 2796 2381 καὶ
2815 2329 2912 2381 οὐκ
2937 2327 3185 2398 ἀπήλασε
3210 2327 3302 2381 τὸν
3326 2329 3511 2398 φόϐον,

1938 2421 2077 2476 ὥστε
2106 2422 2363 2494 ἀκίνητον
2399 2417 2537 2475 εἶναι
2563 2421 2659 2492 τὴν
2681 2421 2978 2491 γενομένην
3001 2420 3514 2491 εὐεργεσίαν.Τοῦτο

1940 2517 2122 2588 ἰατροῦ
2156 2515 2512 2588 κηδεμονικοῦ
2546 2516 2620 2588 μὴ
2645 2515 2713 2568 τὰ
2737 2514 2977 2584 παρόντα
2995 2514 3143 2567 λύειν
3171 2515 3351 2584 μόνον,
3377 2515 3513 2569 ἀλλά

1937 2609 2202 2677 καὶπρὸς
2250 2608 2319 2660 τὰ
2372 2607 2632 2678 μέλλοντα
2677 2605 3102 2674 ἀσφαλίζεσθαι,
3153 2606 3290 2676 ὅπερ
3341 2605 3436 2659 καὶ
3481 2607 3511 2658 6

1938 2700 2174 2770 Χριστὸς
2218 2698 2440 2769 ἐποίησε
2488 2701 2554 2768 τῇ
2601 2698 2789 2768 μνήμῃ
2819 2695 2928 2748 τῶν
2962 2695 3338 2766 παρελθόντων
3385 2715 3512 2766 συγ-

1939 2791 2147 2862 κροτῶν
2180 2791 2388 2844 ἐκείνου
2419 2788 2517 2859 τὴν
2547 2787 2746 2859 ψυχήν.
2783 2786 2998 2857 Ἐπειδὴ
3032 2786 3140 2857 γὰρ
3172 2785 3513 2839 ἀπελθόντων

1936 2882 2046 2935 τῶν
2090 2880 2397 2934 ὀδυνώντων
2439 2879 2606 2951 ἡμᾶς,
2639 2876 3037 2946 συναπέρχεται
3084 2875 3178 2928 καὶ
3228 2879 3261 2946 ἡ
3321 2876 3512 2946 μνήμη

1939 2973 2217 3038 πολλάκις,
2248 2972 2567 3042 βουλόμενος
2609 2968 2778 3039 αὐτὴν
2827 2966 3006 3038 μένειν
3059 2967 3300 3037 διηνεκῆ,
3337 2968 3507 3038 φησί·

1937 3066 2161 3135 Μηκέτι
2209 3065 2504 3134 ἁμάρτανε
2529 3104 2543 3130 ,
2577 3063 2676 3116 ἵνα
2718 3061 2803 3130 μὴ
2848 3060 3048 3130 χεῖρόν
3096 3061 3154 3114 τί
3194 3077 3293 3115 σοι
3339 3061 3514 3130 γένη-

1938 3175 2052 3213 ται.

2009 3249 2080 3320 γ’.
2107 3251 2219 3304 Οὐκ
2237 3248 2346 3303 ἀπὸ
2363 3247 2551 3300 τούτου
2573 3248 2628 3300 δέ
2652 3247 2812 3319 μόνον
2833 3249 2926 3318 τὴν
2947 3248 3200 3319 πρόνοιαν
3225 3245 3388 3300 αὐτοῦ
3419 3247 3515 3299 καὶ

1938 3342 2034 3414 τὴν
2061 3343 2362 3397 ἐπιείκειαν
2399 3341 2562 3394 αὐτοῦ
2604 3341 2749 3396 ἐστιν
2798 3341 2944 3405 ἰδεῖν,
2984 3339 3119 3394 ἀλλὰ
3147 3339 3242 3392 καὶ
3278 3338 3386 3392 ἀπὸ
3411 3338 3512 3390 αὐ-

1937 3436 2037 3506 τῆς
2078 3439 2177 3507 τῆς
2211 3434 2472 3502 δοκούσης
2514 3429 2652 3487 εἶναι
2681 3433 3069 3504 ἐπιτιμήσεως.
3096 3431 3229 3486 Οὐδέ
3270 3430 3379 3501 γὰρ
3426 3430 3513 3496 ἐξ·

1938 3527 2282 3597 επόμπευσεν
2310 3526 2474 3579 αὐτοῦ
2503 3525 2571 3579 τὰ
2606 3526 2998 3596 ἁμαρτήματα,
3048 3522 3161 3575 ἀλλ’
3183 3522 3262 3575 ὅτι
3314 3521 3412 3590 μὲν
3443 3520 3512 3573 δι’

1939 3618 2310 3688 ἁμαρτήματα
2349 3616 2570 3679 ἔπαθεν,
2603 3616 2746 3684 ἀπερ
2775 3613 2996 3677 ἔπαθεν,
3033 3608 3183 3665 εἷπε·
3211 3613 3332 3665 τίνα
3359 3611 3416 3664 δέ
3443 3607 3512 3682 ἦν

1937 3709 2005 3762 τὰ
2034 3710 2402 3781 ἁμαρτήματα
2445 3708 2547 3761 οὐκ
2596 3706 2882 3778 ἐδήλωσεν,
2910 3704 3032 3758 οὐδὲ
3057 3702 3200 3766 εἷπε,
3239 3701 3314 3754 Τὸ
3336 3703 3430 3757 καὶ
3449 3700 3510 3754 τὺ

1937 3800 2205 3871 ἥμαρτες,
2253 3800 2396 3860 οὐδὲ,
2439 3800 2500 3852 τὸ
2550 3799 2645 3852 καὶ
2689 3799 2763 3853 Τὸ
2791 3794 3242 3867 ἐπλημμέλησας,
3292 3792 3404 3846 ἀλλ’
3434 3791 3515 3846 ἐνὶ

1937 3892 2079 3964 ψιλῷ
2108 3895 2309 3964 ῥήματι
2333 3890 2492 3944 τοῦτο
2518 3889 2890 3959 ἐνδειξάμενος
2913 3887 2992 3957 τῷ
3014 3900 3027 3914 ·
3065 3885 3286 3953 Μηκέτι
3330 3883 3513 3952 ἀμάρ.

1938 4001 2103 4050 τανε,
2135 3984 2229 4036 καὶ⁹
2271 3979 2522 4035 τοσοῦτον
2575 3977 2764 4042 εἰπὼν,
2805 3979 2928 4031 ὅσον
2973 3976 3280 4046 ἀναμνῆσαι
3330 3975 3510 4044 μόνον,

1942 4073 2354 4143 σπουδαιότερον
2389 4068 2552 4123 αὐτὸν
2579 4068 2712 4138 πρὸς
2752 4067 2814 4120 τδ
2851 4065 3042 4138 μέλλον
3073 4065 3386 4134 εἰργάσατο,
3418 4066 3513 4116 καὶ

1937 4169 2037 4239 τὴν
2084 4166 2182 4238 μὲν
2223 4163 2499 4234 ὑπομονὴν
2527 4160 2692 4214 αὐτοῦ
2730 4159 2824 4213 καὶ
2853 4159 2951 4230 τὴν
2985 4157 3238 4228 ἀνδρείαν
3279 4158 3373 4210 καὶ
3412 4157 3511 4227 τὴν

1938 4258 2254 4330 φιλοσοφίαν
2295 4258 2472 4310 πᾶσαν
2501 4254 2665 4326 δήλην
2693 4252 2822 4323 ἡμῖν
2847 4249 3100 4321 ἐποίησεν
3141 4251 3220 4314 είς
3263 4250 3511 4320 ἀνάγκην

1937 4352 2098 4407 αὐτὸν
2127 4349 2471 4419 καταστήσας
2501 4343 2596 4400 τοῦ
2628 4345 2808 4398 πᾶσαν
2830 4341 3242 4412 ἐκτραγῳδῆσαι
3261 4341 3359 4412 τὴν
3381 4359 3513 4412 συμ-

1939 4443 2130 4514 φορὰν,
2168 4443 2262 4495 καὶ
2290 4440 2390 4510 τήν
2433 4437 2668 4508 σπουδὴν
2710 4433 3112 4504 ἐπιδειξάμενος
3153 4432 3249 4504 τὴν
3281 4433 3506 4485 ἐαυτοῦο

1949 4539 2046 4590 Ἐν
2076 4529 2123 4602 ᾧ
2152 4535 2280 4605 γὰρ,
2313 4532 2497 4602 φησὶν,
2527 4528 2640 4599 ἐγὼ
2684 4528 2948 4596 ἔρχομαι,
2981 4526 3170 4590 ἄλλος
3211 4524 3322 4593 πρὸ
3365 4523 3510 4593 ἐμοῦ

1937 4627 2273 4683 καταϐαίνει
2296 4640 2312 4658 ο
2345 4624 2414 4677 τὰ
2452 4623 2509 4676 δὲ
2553 4622 2922 4692 ἁμαρτήματα
2953 4619 3053 4670 οὐκ
3080 4616 3505 4686 ἐξεπόμπευσεν.

1938 4721 2149 4790 ’Ὠσπερ
2177 4718 2283 4788 γὰρ
2314 4717 2472 4787 ἡμεῖς
2502 4712 2804 4784 βουλόμεθα
2838 4712 2905 4764 τὰ
2932 4710 3176 4781 ἡμέτερα
3221 4707 3509 4770 συσκιάζε·

1939 4811 2082 4873 σθαι,
2108 4807 2249 4861 οὕτω
2295 4807 2389 4859 καὶ
2437 4807 2466 4857 6
2513 4802 2645 4866 Θεὸς
2696 4800 2876 4870 πολλῷ
2908 4799 3068 4852 πλέον
3114 4798 3146 4867 ἢ
3195 4799 3385 4867 ἡμεῖς·
3420 4795 3509 4849 διὰ

1935 4901 2094 4955 τοῦτο
2120 4899 2217 4970 τὴν
2243 4898 2343 4968 μὲν
2373 4894 2666 4967 θεραπείαν
2691 4893 2784 4946 ἐπὶ
2815 4891 3030 4945 πάντων
3067 4891 3379 4959 ἐποιήσατο,
3409 4889 3510 4961 τὴν

1935 4996 1992 5048 δὲ
2037 4993 2354 5063 παραίνεσιν
2402 4989 2436 5060 ἢ
2488 4988 2587 5059 τὴν
2634 4985 2942 5056 συμϐουλὴν
2974 4983 3216 5037 κατιδίαν
3249 4986 3503 5038 ποιεῖται.

1935 5085 2199 5139 Οὐδέποτε
2247 5082 2354 5153 γὰρ
2399 5079 2558 5151 ἡμῶν
2607 5074 2943 5146 ἐκπομπεύει
2988 5075 3056 5127 τὰ
3100 5075 3504 5144 ἁμαρτήματα,

1934 5178 2072 5246 πλὴν
2101 5179 2149 5229 εἰ
2181 5176 2255 5245 μή
2284 5189 2413 5226 ποτε
2446 5171 2544 5223 ἴδοι
2572 5167 2914 5239 ἀναισθήτως
2945 5167 3164 5238 ἔχοντας
3192 5166 3327 5237 πρὸς
3345 5167 3504 5219 αὐτά.

1933 5271 2041 5322 Καὶ
2066 5267 2174 5338 γὰρ
2200 5267 2326 5319 ὅταν
2354 5263 2514 5333 λέγῃ·
2548 5258 2849 5314 Πεινῶντά
2891 5277 2967 5329 με
3003 5259 3212 5320 εἴδετε,
3248 5258 3344 5310 καὶ
3397 5259 3505 5310 οὐκ

1933 5361 2049 5433 ['57]
2080 5358 2368 5427 ἐθρέψατε
2393 5372 2406 5385 ·
2437 5354 2536 5408 καὶ
2571 5351 2861 5421 διψῶντα,
2895 5353 2995 5406 καὶ
3030 5354 3142 5404 οὐκ
3169 5351 3504 5410 ἐποτίσατε,

1929 5452 2015 5504 διὰ
2041 5449 2196 5502 τοῦτο
2217 5447 2360 5514 λέγει
2395 5443 2533 5498 κατά
2554 5443 2643 5496 τὸν
2665 5443 2904 5513 παρόντα
2930 5442 3139 5512 καιρὸν,
3167 5441 3249 5493 ἵνα
3275 5441 3347 5509 μὴ
3369 5439 3506 5496 κατὰ

1930 5545 2020 5597 τὸν
2073 5541 2334 5612 μέλλοντα
2404 5535 2606 5588 τούτων
2658 5532 3019 5603 ἀκουσώμεθα
3065 5533 3171 5585 τῶν
3228 5532 3504 5602 ῥημάτιον.

1943 5637 2196 5697 Ἀπειλεῖ,
2236 5629 2572 5700 ἐκπομπεύει
2606 5627 2857 5690 ἐνταῦθα,
2883 5627 2969 5680 ἵνα
3029 5626 3102 5696 μὴ
3149 5624 3505 5694 ἐκπομπεύσῃ

1933 5733 2074 5782 ἐκεῖ·
2102 5727 2293 5794 ὥσπερ
2327 5719 2420 5775 οὖν
2446 5721 2538 5775 καὶ
2561 5719 2932 5788 καταστρέψαι
2957 5719 3044 5771 διὰ
3064 5716 3216 5770 τοῦτο
3245 5715 3505 5784 ἠπείλησε

1935 5819 2033 5889 τὴν
2057 5817 2163 5869 τῶν
2190 5813 2486 5867 Νινευιτῶν
2518 5811 2692 5877 πόλιν,
2710 5810 2796 5864 ἵνα
2819 5809 2892 5880 μὴ
2917 5807 3284 5878 καταστρέψῃ.
3311 5806 3371 5858 Εἰ
3398 5803 3506 5872 γὰρ

1936 5911 2191 5982 ἠϐούλετο
2233 5905 2570 5977 δημοσιεύειν
2603 5903 2756 5976 ἡμῶν
2791 5904 2855 5956 τὰ
2892 5904 3272 5974 ἁμαρτήματα,
3304 5898 3400 5951 οὐκ
3439 5894 3504 5947 ἀν
