4010 6342
487 303 556 357 5'5
1151 295 1209 349 S.
1244 293 1534 349 JOANNIS
1569 293 2063 350 CIIRYSOSTOMI
2099 295 2424 356 ARCHIEP.
2469 302 3018 359 CONSTANTINOP.
3695 315 3768 369 54

481 420 761 489 προεῖπεν,
789 418 868 470 ὅτι
902 415 1247 487 δημοσιεύσει
1272 434 1284 448 ·
1309 416 1404 470 νῦν
1427 417 1482 470 δὲ
1507 417 1597 470 διὰ
1615 417 1773 469 τοῦτο
1792 416 2067 486 προλέγει,

477 512 562 564 ἵνα
594 508 672 580 τῷ
693 507 842 579 φόϐῳ
867 507 968 577 τῆς
997 505 1397 577 δημοσιεύσεως
1432 506 1670 578 ἐκείνης,
1696 507 1743 558 εἰ
1771 505 1865 558 καὶ
1895 504 1969 575 μὴ
1992 504 2070 575 τῷ

479 603 630 673 φόϐῳ
682 601 783 672 τῆς
836 600 1107 662 κολάσεως
1152 598 1633 670 σωφρονισθέντες,
1674 595 2068 666 ἀπονιψὼμεθα

480 696 718 749 ἅπαντα.
752 691 925 745 Τοῦτο
953 691 1046 744 καὶ
1069 690 1161 742 ἐπὶ
1183 689 1275 742 τοῦ
1307 689 1685 760 βαπτίσματος
1708 687 1943 756 γίνεται·
1977 686 2070 738 καὶ

473 788 584 858 γὰρ
633 788 757 856 ἄγει
805 786 941 856 πρὸς
986 783 1083 855 τὴν
1127 782 1512 855 κολυμϐήθραν
1556 782 1666 836 τῶν
1718 781 1927 834 ὑδάτων
1978 778 2068 833 τὸν

473 880 779 951 ἄνθρωπον,
794 878 969 931 οὐδενὶ
987 876 1123 946 δῆλα
1145 877 1373 947 ποιήσας
1394 873 1560 930 αὑτοῦ
1581 873 1650 927 τά
1667 873 1887 946 ἀμαρτή
1897 888 2064 942 ματα,

473 973 610 1027 ἀλλά
652 973 752 1041 τὴν
789 971 888 1042 μὲν
931 968 1138 1041 δωρεάν
1184 969 1320 1023 πᾶσι
1351 968 1643 1037 καθίστησι
1673 964 1935 1035 φανερὰν,
1971 963 2067 1016 καὶ

474 1067 620 1120 ποιεῖ
657 1065 843 1136 δήλην,
868 1063 938 1118 τά
969 1063 1026 1117 δέ
1057 1063 1432 1134 ἁμαρτήματα
1458 1059 1596 1129 πλὴν
1625 1058 1791 1114 αὑτοῦ
1837 1057 1933 1110 καὶ
1971 1054 2067 1108 τοῦ

474 1159 573 1229 τὴν
629 1159 824 1226 ἄφεσιν
871 1154 1236 1226 λαμϐάνοντος
1285 1153 1458 1215 οὐδεὶς
1506 1151 1693 1222 ἕτερος
1740 1146 1868 1206 οἶδε.
1897 1148 2068 1202 Τοῦτο

478 1250 572 1302 καὶ
603 1249 696 1301 ἐπί⁵
726 1247 912 1300 τούτου
945 1247 1157 1316 γέγονε,
1193 1245 1290 1298 καὶ
1329 1245 1648 1316 ἀμάρτυρον
1694 1244 1928 1294 ποιεῖται
1973 1239 2066 1293 τὸν

477 1340 719 1410 ἔλεγχον,
755 1338 956 1408 μᾶλλον
989 1337 1048 1390 δέ
1078 1337 1178 1392 οὐκ
1199 1336 1421 1406 ἐλεγχος
1448 1336 1628 1406 μόνον,
1659 1332 1795 1388 ἀλλά
1823 1333 1917 1385 καί
1938 1332 2065 1384 ἀπο-

473 1431 630 1499 λογία
653 1431 713 1482 τὸ
743 1429 1031 1501 εἰρημένον
1055 1429 1220 1493 ἐστὶν,
1251 1426 1438 1498 ὥσπερ
1469 1426 1613 1496 ὑπὲρ
1654 1425 1754 1496 τῆς
1792 1421 2064 1493 τοσαύτης

475 1524 770 1586 κακώσεως
789 1521 1226 1592 ἀπολογούμενος
1245 1521 1338 1574 καὶ
1348 1520 1523 1588 λέγων
1543 1515 2060 1588 αὐτῷ,καὶ,δεικνὺς,

475 1616 557 1667 ὅτι
601 1613 661 1666 ού
707 1612 907 1683 μάτην,
938 1611 1059 1665 οὐδὲ
1103 1609 1228 1680 εἰκῆ
1277 1607 1531 1662 τοσοῦτον
1575 1608 1738 1662 αὑτὸν
1787 1604 2058 1674 ἐπέτρεψε

479 1703 794 1772 κακωθῆναι
849 1702 1036 1773 χρόνον
1059 1742 1074 1767 ,
1127 1701 1236 1754 τῶν
1288 1700 1701 1771 ἁμαρτημάτων
1758 1697 2063 1768 ἀνέμνησεν

477 1794 658 1858 αὐτὸν,
695 1793 790 1846 καὶ
833 1793 932 1863 τὴν
971 1793 1146 1847 αἰτίαν
1176 1788 1297 1844 εἷπε
1339 1792 1441 1861 τῆς
1491 1789 1820 1861 ἀρρωστίας.
1853 1786 2062 1856 Εὐρὼν

474 1889 590 1957 γὰρ’
644 1887 849 1950 αὐτὸν,
917 1888 1102 1956 φησὶν,
1162 1887 1233 1938 ἐν
1284 1883 1366 1951 τῷ
1423 1884 1577 1952 ἱερῷ,
1635 1879 1804 1937 εἶπεν
1854 1879 2057 1945 αὐτῷ·

470 1981 697 2051 Μηκέτι
730 1979 1062 2050 ἁμάρτανε,
1113 1979 1214 2030 ἵνα
1249 1977 1336 2047 μὴ
1380 1976 1582 2045 χεζοόν
1637 1975 1693 2027 τί
1741 1988 1840 2027 σοι
1885 1972 2060 2043 γένη-

473 2091 564 2126 ται
574 2114 588 2126 .

557 2165 711 2218 Ἐπεὶ
741 2159 832 2217 οὖν
860 2162 1098 2216 τοσαῦτα
1121 2159 1567 2233 ἐκαρπωσάμεθα
1592 2162 1658 2214 ἐκ
1673 2161 1768 2214 τοῦ
1794 2164 2057 2236 προτέρου

475 2257 808 2328 παραλύτου,
840 2256 972 2327 φέρε
1010 2255 1253 2325 ἔλθωμεν
1286 2253 1380 2306 καί
1419 2253 1503 2322 ἐφ’
1525 2254 1711 2324 ἕτερον
1756 2254 1859 2308 κᾶν
1907 2255 2058 2326 παρά

472 2351 553 2421 τῷ
578 2348 839 2419 Ματθαίῳ
872 2348 1142 2418 κείμενον.
1166 2346 1277 2398 Καὶ
1302 2345 1411 2416 γὰρ
1440 2345 1534 2398 καὶ
1561 2347 1618 2398 ἐν
1641 2347 1750 2408 τοῖς
1777 2347 2058 2416 μετάλλοις

473 2445 717 2513 ὅπουπερ
747 2441 812 2494 ἂν
841 2439 991 2511 εῦροι
1015 2457 1098 2502 τις
1125 2437 1366 2509 χρυσίον,
1393 2436 1558 2489 πλέον
1582 2439 1698 2490 ἐκεῖ
1731 2437 2058 2492 διασκάπτει

474 2537 636 2590 πάλιν
655 2547 670 2564 ⁸
707 2534 802 2588 καὶ
832 2529 949 2586 οἶδα
978 2531 1076 2602 μὲν
1104 2531 1184 2584 ὃτι
1212 2529 1398 2582 πολλοὶ
1430 2528 1540 2582 τῶν
1573 2530 1756 2594 ἁπλῶς
1789 2534 2057 2598 ἀναγινω-

475 2628 711 2682 σκόντων
736 2626 832 2680 ἕνα
857 2624 951 2678 καὶ
974 2623 1063 2676 τὸν
1093 2623 1253 2677 αὐτὸν
1275 2617 1410 2675 εἶναι
1440 2621 1718 2692 νομίζουσι
1745 2622 2057 2692 παράλυτον

475 2719 627 2790 παρά
679 2719 789 2780 τότς
831 2716 1121 2786 τέσσαρσιν
1167 2713 1573 2781 εὐαγγελισταῖς
1621 2713 1906 2782 κείμενον·
1957 2714 2057 2764 οὐκ

473 2811 588 2864 ἔστι
631 2810 706 2862 δέ.
751 2808 840 2862 Διὸ
883 2808 989 2878 χρὴ
1034 2806 1381 2876 διαναστῆναι
1434 2805 1528 2857 καὶ
1569 2805 1859 2874 προσέχειν
1917 2804 2055 2874 μετά

471 2902 776 2974 ἀκριϐείας.
807 2900 882 2953 U0
932 2898 1042 2969 γὰρ
1095 2897 1237 2968 ὑπὲρ
1280 2896 1389 2950 τῶν
1434 2896 1703 2966 τυχόντων
1751 2898 1784 2967 ή
1831 2896 2056 2967 ζήτησίς

471 3012 639 3055 εστιν,
666 2992 799 3046 ἀλλά
827 2992 920 3044 καὶ
956 2990 1092 3061 πρὸς
1124 2988 1410 3059 Ἕλληνας,
1445 2988 1536 3041 καὶ
1566 2988 1702 3058 πρὸς
1744 2987 2053 3051 Ἰουδαίους,

472 3087 566 3140 καί
600 3085 733 3156 πρὸς
778 3082 1003 3146 πολλοὺς
1048 3080 1156 3134 τῶν
1197 3079 1490 3151 αἰρετικῶν
1519 3081 1786 3150 χρήσιμος
1830 3080 1858 3130 0
1898 3078 2056 3146 λόγος

469 3169 626 3239 οὗτος
655 3175 826 3238 ἔσται,
857 3173 955 3243 τὴν
990 3172 1369 3242 προσήκουσαν
1398 3169 1551 3222 λύσιν
1579 3168 1780 3221 λαϐών.
1811 3168 1919 3220 Καὶ
1947 3169 2056 3237 γάρ

473 3265 619 3321 οὕτω
657 3265 852 3326 πάντες
895 3265 1007 3326 τοῖς
1044 3260 1457 3328 εὐαγγελισταῖς
1485 3259 1806 3327 ἐγκαλοῦσιν
1837 3257 1913 3320 ὡς
1953 3275 2056 3328 μα·-

472 3357 722 3430 χομένοις
761 3356 854 3408 καὶ
898 3351 1256 3422 διαφωνοῦσιν
1277 3367 1289 3380 ·
1315 3351 1415 3404 οὐκ
1445 3349 1558 3403 ἔστι
1589 3350 1667 3411 δέ,
1707 3349 1781 3420 μὴ
1821 3349 2052 3416 γένοιτο,

469 3449 586 3505 ἀλλ’
607 3449 654 3500 εἰ
687 3447 780 3500 καί¹
811 3445 1046 3516 διάφορα
1080 3444 1148 3497 τά
1178 3443 1465 3515 πρόσωπα,
1497 3443 1594 3513 μία
1623 3442 1717 3494 τοῦ
1740 3441 2056 3512 Πνεύματος

471 3541 507 3612 ἡ
535 3539 692 3610 χάρις
713 3537 880 3600 ἐστὶν,
904 3539 938 3607 ή
968 3535 1068 3605 τὴν
1091 3534 1322 3588 ἑκάστου
1350 3533 1576 3586 κινοῦσα
1605 3531 1782 3602 ψυχήν
1801 3548 1814 3561 ·
1842 3533 1975 3584 ὅπου
1995 3529 2052 3582 δὲ

469 3633 565 3687 τοῦ
597 3629 735 3684 Πνεύ
746 3646 910 3700 ματος
944 3628 1126 3698 χάρις,
1148 3626 1356 3695 ἀγάπη,
1382 3624 1545 3694 χαρά,
1569 3625 1757 3697 εἰρήνη
1779 3637 1791 3650 ·
1818 3622 2054 3692 πόλεμος

470 3725 567 3780 καὶ
594 3720 1000 3792 ἀμφισϐήτησις
1029 3717 1129 3769 οὐκ
1159 3715 1294 3781 ἔστι,
1325 3715 1417 3769 καὶ
1447 3714 1595 3785 μάχη
1628 3714 1723 3767 καὶ
1755 3713 2054 3782 φιλονεικία

470 3832 576 3879 τις.
607 3813 730 3875 Πῶς
753 3807 845 3864 οὖν
881 3810 1181 3879 ποιήσομεν
1213 3805 1464 3874 φανερὸν,
1493 3806 1573 3858 ὄτι
1599 3805 1699 3858 οὐκ
1725 3804 1870 3857 ἐστιν
1901 3806 1928 3857 ὁ
1951 3822 2054 3857 πα-

475 3904 700 3978 ράλυτος
729 3894 879 3962 οὗτος
900 3899 1126 3960 ἐκεῖνος,
1150 3895 1262 3948 ἀλλ’
1285 3894 1374 3947 ἓτε
1384 3911 1473 3965 ρος
1495 3895 1623 3964 παρ’
1645 3894 1880 3959 ἐκεῖνον;
1920 3893 2053 3946 Ἀπὸ

472 3988 682 4042 πολλῶν
710 3986 972 4057 σημείων,
999 3985 1094 4036 καὶ
1116 3983 1306 4046 τόπου,
1337 3982 1432 4035 καὶ
1457 3981 1670 4053 χρόνου,
1696 3982 1793 4034 καὶ
1821 3981 2048 4052 καιρῶν,

474 4080 568 4136 καὶ
596 4078 831 4148 ἡμέρας,
857 4077 952 4130 καὶ
980 4075 1088 4129 ἀπὸ
1111 4071 1206 4127 τοῦ
1242 4072 1445 4145 τρόπου
1479 4072 1577 4142 τῆς
1606 4070 1924 4141 θεραπείας,
1958 4071 2053 4126 καὶ

471 4170 581 4229 ἀπὸ
605 4170 707 4238 τῆς
729 4167 1030 4239 παρουσίας
1067 4165 1160 4219 τοῦ
1191 4165 1398 4236 ἰατροῦ,
1434 4163 1528 4217 καὶ¹
1554 4163 1661 4216 ἀπὸ
1689 4164 1788 4234 τῆς
1815 4162 2050 4235 ἐρημίας

471 4263 566 4316 τοῦ
617 4260 1062 4334 θεραπευθέντος.
1108 4259 1216 4312 Καὶ
1264 4257 1317 4310 τί
1362 4257 1548 4324 τοῦτο;
1589 4255 1749 4327 φησί·
1807 4257 1902 4308 καὶ
1941 4255 2050 4328 γὰρ

473 4355 636 4425 ἔτερα
667 4354 868 4423 σημεῖα
905 4352 1024 4420 οὐχὶ
1062 4349 1333 4420 διαφόρως
1362 4348 1700 4419 ἀπήγγειλαν
1730 4347 1915 4401 πολλοί
1941 4347 2050 4401 τῶν

475 4439 915 4514 εύαγγελιστῶν;
969 4441 1102 4493 Ἀλλ’
1139 4441 1326 4510 ’ἐτερόν
1371 4443 1486 4494 ἐστι
1533 4441 1804 4512 διαφόρως
1852 4442 2046 4506 εἰπεῖν,

476 4536 568 4590 καὶ
597 4535 780 4604 ἕτερον
816 4531 1100 4592 ἐναντίως·
1153 4532 1327 4584 ἐκεῖνο
1373 4532 1470 4602 μὲν
1501 4531 1610 4603 γὰρ
1655 4531 1948 4601 διαφωνίαν
1986 4531 2048 4585 00

473 4630 616 4680 ποιεῖ
645 4641 787 4687 τινα,
816 4624 936 4676 οὐδὲ
971 4623 1148 4693 μάχην
1167 4639 1180 4652 ·
1210 4621 1366 4675 τοῦτο
1393 4623 1450 4676 δέ
1479 4624 1540 4677 :0
1571 4623 1664 4678 νῦν
1693 4624 2049 4694 προκείμενον

473 4721 604 4790 ἡμῖν
649 4716 850 4787 πολλὴν
896 4715 1009 4785 ἔχει
1051 4715 1150 4786 τὴν
1193 4714 1537 4780 ἐναντίωσιν,
1589 4716 1637 4768 εἰ
1687 4715 1761 4786 μὴ
1814 4715 2044 4786 δειχθείη

477 4812 658 4880 ἐτερος
705 4808 779 4862 ὢν
827 4809 854 4862 ό
902 4809 961 4860 ἐν
1012 4808 1078 4877 τῇ
1125 4805 1477 4877 κολυμϐήθρα
1512 4806 1877 4877 παραλυτικὸς
1920 4812 2049 4879 παρ’

477 4903 682 4954 ἐκεῖνον
714 4902 804 4954 τὸν
845 4903 903 4954 ἐν
945 4902 1060 4962 τοῖς
1089 4901 1266 4970 τρισὶν
1293 4898 1798 4970 ἀναγεγραμμένον.
1828 4899 1937 4952 Καὶ
1963 4899 2050 4951 ἴνα

482 4991 687 5062 μάθητε
736 4991 789 5043 τί
841 4989 971 5044 ποτέ
1009 4993 1126 5043 ἐστι
1169 4990 1456 5060 διαφόρως,
1488 4991 1585 5045 καὶ
1629 4990 1681 5042 τί
1725 4991 1855 5043 ποτέ
1900 4991 2048 5042 ἐστιν

477 5080 732 5142 ἐναντίως
763 5081 957 5141 εἰπεῖν,
985 5079 1090 5131 τῶν
1127 5078 1532 5146 εύαγγελιστῶν
1566 5077 1682 5148 [58]
1715 5081 1742 5131 0
1775 5078 1870 5148 μὲν
1907 5080 1988 5131 ὅτι
2019 5081 2049 5132 0

476 5171 708 5243 Χριστὸς
732 5171 818 5224 τὸν
850 5171 1077 5241 σταυρὸν
1107 5171 1398 5234 ἐϐάσταζεν
1421 5169 1593 5230 εἶπεν,
1631 5172 1658 5221 0
1680 5170 1735 5220 δὲ
1765 5171 1844 5222 ὅτι
1869 5171 2048 5239 Σίμων

474 5261 508 5316 ὁ
539 5263 869 5333 Κυρηναῖος·
904 5260 1060 5312 τοῦτο
1077 5259 1134 5312 δέ
1164 5259 1473 5312 ἐναντίωσίν
1501 5277 1621 5313 τινα
1646 5260 1706 5312 00
1742 5263 1900 5322 ποιεῖ,
1926 5261 2047 5313 ούδέ

481 5353 682 5426 μάχην.
724 5352 833 5404 Καὶ
858 5350 973 5412 πῶς
997 5352 1096 5403 ούκ
1119 5350 1262 5403 ἐστιν
1294 5351 1552 5417 ἐναντίον,
1587 5353 1740 5421 φησὶ,
1771 5352 1831 5404 :0
1856 5352 2048 5422 βαστά.

477 5447 591 5513 ζειν
623 5445 701 5498 τῶ
740 5446 813 5516 μὴ
842 5443 1162 5515 βαστάζειν;
1191 5446 1314 5500 Ὅτι
1361 5446 1646 5518 ἀμφότερα
1698 5447 1908 5515 γέγονε.
1937 5449 2047 5502 Καὶ

477 5539 801 5605 ἐξελθόντων
833 5538 930 5606 μὲν
958 5539 1020 5590 ἐκ
1054 5537 1148 5590 τοῦ
1186 5539 1540 5609 πραιτωρίου,
1565 5542 1594 5593 0
1629 5540 1859 5611 Χριστὸς
1892 5541 2056 5594 ἐϐάσ-

475 5631 604 5694 ταζε
617 5648 628 5658 ·
643 5629 935 5699 προϊόντων
946 5628 1001 5681 δέ
1013 5669 1026 5692 ,
1039 5629 1136 5682 ὀΣί
1143 5647 1256 5698 μων
1273 5629 1458 5684 ἐλαϐεν
1476 5632 1569 5685 ἀπ’
1581 5630 1742 5684 αὑτοῦ
1759 5631 1849 5684 καὶ
1863 5631 2017 5701 ἔφερε
2029 5668 2045 5686 .

476 5721 644 5775 Πάλιν
677 5722 768 5777 ἐπὶ
790 5720 897 5776 τῶν
917 5722 1153 5796 λῃστῶν,
1176 5723 1204 5776 0
1230 5722 1330 5794 μέν
1352 5740 1535 5794 φησιν,
1565 5725 1645 5778 ὅτι
1675 5726 1722 5778 οἱ
1758 5725 1849 5778 δύο
1883 5727 2040 5781 αὐτὸν

2176 418 2419 488 ἐϐλασφή
2429 436 2580 489 μουν·
2601 424 2628 474 ὁ
2643 421 2698 474 δέ
2718 423 2798 476 ὅτι
2816 426 2842 476 0
2859 420 2937 486 εἷς
2955 426 3051 476 ἐπε
3060 424 3278 494 στόμιζε
3294 425 3384 478 τὸν
3401 431 3776 502 κατηγοροῦν-

2172 526 2258 562 τα.
2290 510 2425 563 Ἀλλ“
2447 511 2735 566 οὐδὲτοῦτο
2766 515 2925 568 πάλιν
2943 517 3203 571 ἐναντίον.
3223 517 3375 572 Διατί
3393 537 3408 586 ;
3427 519 3552 574 Ὅτι
3568 529 3667 578 καὶ
3683 528 3778 577 έν-

2172 600 2346 654 ταῦθα
2363 603 2646 675 ἀμφότερα
2662 605 2852 674 γέγονε
2871 609 2964 661 καί
2979 609 3131 679 παρὰ
3149 610 3250 680 μὲν
3265 609 3364 680 τὴν
3379 611 3554 685 ἀρχὴν
3577 615 3770 686 ἀμφό-

2170 709 2228 745 τε
2239 709 2321 764 ροι
2343 689 2483 765 ἦσαν
2521 695 2571 748 οἱ
2589 698 2858 768 πονηρευὸ
2864 716 3018 769 μενοι
3037 715 3050 729 ·
3088 701 3226 770 μετὰ
3240 701 3296 753 δέ
3312 701 3482 756 ταῦτα
3514 706 3773 775 σημείων

2170 785 2478 856 γενομένων
2504 786 2597 839 καὶ
2625 787 2725 856 τῆς
2742 789 2847 858 γῆς
2874 789 3260 861 κλονουμένης,
3297 791 3390 845 καὶ
3413 793 3521 847 τῶν
3541 796 3769 864 πετρῶν

2173 877 2527 948 σχιζομένων,
2559 879 2654 932 καὶ
2687 880 2838 952 ήλίου
2871 883 3249 953 κρυπτομένου
3270 925 3284 949 ,
3320 883 3546 956 θάτερος
3577 887 3770 940 αὐτῶν

2173 969 2474 1040 μετεϐλήθη
2503 1013 2521 1040 ,
2572 973 2668 1024 καὶ
2724 973 3164 1044 σωφρονέστερος
3213 973 3403 1042 γέγονε
3430 1015 3444 1034 .
3507 978 3605 1030 καὶ
3668 978 3765 1032 τὸν

2169 1063 2583 1136 ἐσταυρωμένον
2609 1065 2845 1132 ἐπέγνω,
2873 1065 2968 1118 καὶ
2994 1067 3092 1132 τὴν
3133 1065 3409 1134 βασιλείαν
3436 1067 3764 1138 ὡμολόγησε

2166 1152 2266 1222 τὴν
2290 1153 2646 1208 ἐκείνου.”1να
2689 1153 2798 1226 γάρ
2847 1155 2921 1224 μὴ
2968 1154 3214 1227 νομίσῃς,
3255 1156 3337 1207 ὅτι
3389 1156 3604 1229 ἀνάγκη
3653 1159 3767 1211 τινὶ

2167 1241 2263 1294 καὶ
2303 1242 2394 1312 βίᾳ
2435 1243 2580 1306 τινὸς
2612 1242 2823 1296 ἔνδοθεν
2852 1242 3117 1306 ὠθοῦντος
3148 1243 3310 1296 αὐτὸν
3335 1243 3492 1298 τοῦτο
3520 1245 3756 1314 γίνεται,

2169 1332 2301 1402 μηδέ
2347 1332 2632 1405 διαπορῇς,
2663 1331 2900 1385 δείκνυσί
2947 1349 3029 1384 σοι
3070 1333 3164 1385 καὶ
3209 1335 3265 1386 ἐν
3309 1332 3387 1403 τῷ
3414 1335 3630 1406 σταυρῷ
3657 1334 3762 1404 τὴν

2166 1425 2430 1497 πονηρίαν
2467 1425 2630 1478 αὑτοῦ
2675 1424 2756 1477 ἐτι
2795 1424 3155 1494 διατηροῦντα
3203 1424 3300 1494 τὴν
3339 1426 3632 1496 προτέραν,
3668 1428 3762 1480 ἵνα.

2164 1515 2329 1585 εἰδῇς,
2372 1516 2454 1568 ὅτι
2503 1514 2712 1568 οἴκοθεν
2757 1515 2853 1568 καί
2897 1514 3029 1586 παρ’
3058 1514 3248 1568 ἐαυτοῦ
3295 1515 3755 1586 μεταϐαλόμενος,

2164 1607 2258 1659 καί
2299 1606 2399 1676 τῆς
2439 1605 2532 1658 τοῦ
2569 1605 2703 1658 Θεοῦ
2738 1606 2959 1680 χάριτος
2991 1606 3324 1672 ἀπολαύσας,
3353 1608 3494 1661 οὕτω
3527 1609 3758 1679 βελτίων

2163 1692 2396 1760 ἐγένετο.

2230 1781 2271 1833 δ’
2275 1823 2290 1836 .
2325 1781 2431 1833 Καὶ
2462 1781 2622 1852 ἕτερα
2643 1781 2811 1834 πολλὰ
2833 1781 3060 1835 τοιαῦτα
3115 1782 3259 1837 ἐστιν
3283 1784 3348 1838 ἐκ
3373 1784 3480 1837 τῶν
3506 1784 3755 1852 Εὐαγγέ-

2161 1865 2290 1918 λίων
2317 1864 2690 1933 ἀναλέγεσθαι,
2733 1865 2767 1918 ἃ
2793 1865 2939 1917 δοκεῖ
2995 1865 3093 1936 μὲν
3121 1867 3490 1930 ἐναντιώσεως
3516 1869 3756 1936 ὑποψίαν

2165 1949 2338 2018 ἔχειν,
2365 1949 2464 2000 οὐκ
2490 1947 2605 2000 ἐστι
2627 1947 2682 2000 δέ
2713 1948 3045 2012 ἐναντίωσις,
3073 1947 3209 2002 ἀλλά
3231 1950 3326 2003 καί.
3351 1950 3421 2002 τά
3451 1950 3599 2021 παρὰ
3622 1951 3754 2002 τού-

2163 2049 2263 2084 του
2295 2030 2388 2084 καί
2414 2031 2482 2083 τὰ
2508 2030 2637 2102 παρ’
2667 2030 2873 2083 ἐκείνου
2905 2031 3171 2102 εἰρημένα
3198 2032 3522 2103 γεγένηται·
3555 2035 3603 2085 εἰ
3636 2033 3699 2085 δὲ
3727 2045 3752 2073 ι

2163 2113 2240 2184 μὴ
2279 2113 2419 2166 κατά
2452 2113 2548 2184 τὴν
2585 2113 2754 2184 αὐτὴν
2781 2113 2952 2184 ῶραν,
2988 2114 3081 2167 καὶ
3103 2116 3131 2166 0
3171 2117 3270 2183 μὲν
3305 2117 3589 2186 πρότερον,
3615 2118 3644 2168 0
3695 2115 3753 2167 δὲ

2157 2197 2220 2250 τὸ
2240 2197 2490 2267 δεύτερον
2513 2199 2735 2267 εἴρηκεν
2758 2212 2772 2226 ·
2798 2195 3031 2250 ἐνταῦθα
3052 2197 3108 2249 δὲ
3135 2198 3286 2250 οὐδὲν
3310 2199 3550 2251 τοιοῦτόν
3573 2201 3750 2251 ἐστιν·

2159 2281 2295 2334 ἀλλά
2346 2282 2407 2335 τὸ
2448 2281 2651 2350 πλῆθος
2697 2280 2807 2333 τῶν
2861 2282 3169 2352 εἰρημένων
3213 2283 3455 2352 σημείων
3507 2283 3753 2337 δείκνυσι

2159 2365 2255 2417 καὶ
2293 2367 2406 2427 τοῖς
2441 2363 2692 2417 ὁπωσοῦν
2739 2365 3124 2434 προσέχουσιν,
3154 2365 3236 2417 ὃτι
3279 2367 3465 2436 ἕτερος
3501 2367 3599 2433 μὲν
3644 2368 3752 2419 αὐ-

2157 2448 2248 2510 τὸς
2277 2443 2366 2519 ἦν,
2397 2448 2584 2519 ἕτερος
2609 2447 2665 2500 δὲ
2694 2449 2922 2510 ἐκεῖνος.
2958 2450 3033 2500 00
3067 2449 3239 2518 μικρά
3266 2449 3322 2501 δέ
3357 2451 3451 2502 καί
3484 2449 3616 2520 αὕτη
3648 2450 3751 2518 γέο

2157 2531 2286 2583 νοιτ⁹
2315 2530 2382 2583 ἂν
2411 2529 2688 2595 ἀπόδειξις
2723 2531 2862 2600 πρὸς
2889 2530 2949 2582 :0
2995 2530 3165 2594 δεῖξαι
3192 2534 3318 2594 τοὺς
3351 2531 3752 2600 εὐαγγελιστάς

2160 2612 2587 2683 συμφωνοῦντας
2612 2611 2883 2684 ἀλλήλοις,
2911 2614 3003 2666 καὶ
3029 2613 3090 2666 00
3125 2614 3483 2684 μαχομένους.
3514 2616 3611 2668 "Av
3641 2615 3750 2684 μὲν

2156 2698 2263 2768 γὰρ
2298 2697 2460 2760 αὐτὸς
2503 2693 2561 2769 ᾖ,
2592 2695 2760 2768 πολλὴ
2796 2698 2829 2766 ή
2873 2696 3054 2767 μάχη·
3097 2697 3162 2750 ἂν
3199 2698 3256 2751 δέ
3286 2699 3472 2770 ἕτερος
3514 2700 3750 2764 ἐκεῖνος,

2156 2783 2306 2832 πᾶσα
2336 2781 2750 2851 ἀμφισϐήτησις
2783 2779 3021 2835 λέλυται.

2223 2864 2362 2935 Φέρε
2393 2859 2487 2918 οὖν
2520 2865 2693 2928 αὐτὰς
2724 2863 2823 2927 τὰς
2851 2863 3031 2926 αἰτίας
3061 2863 3324 2930 εἴπωμεν,
3361 2865 3427 2917 δι’
3458 2865 3524 2928 ἀς
3554 2863 3614 2917 οῦ
3643 2884 3752 2934 φα-

2159 2967 2258 3020 μεν
2296 2949 2483 3003 τοῦτον
2525 2943 2666 3003 εἶναι
2699 2949 2928 3001 ἐκεῖνον.
2958 2948 3114 3010 Τίνες
3140 2943 3232 3000 οῦν
3262 2951 3398 3001 εἰσιν
3437 2941 3630 3014 afuat;
3686 2953 3748 3003 Ὀ

2158 3033 2258 3104 μὲν
2284 3033 2344 3086 ἐν
2390 3030 2786 3105 Ἰεροσολύμοις
2830 3029 3214 3100 θεραπεύεται,
3242 3025 3394 3092 οὗτος
3435 3031 3491 3083 δέ
3520 3034 3576 3083 ἐν
3626 3032 3747 3085 Κα-

2156 3115 2459 3187 περναοὺμ,
2512 3116 2604 3168 καὶ
2654 3115 2682 3166 0
2720 3114 2817 3185 μὲν
2847 3112 2998 3184 παρά
3051 3114 3150 3184 τὴν
3197 3113 3583 3185 κολυμϐήθραν
3628 3116 3748 3168 τῶν

2156 3200 2383 3264 ὑδάτων,
2406 3193 2562 3263 οὗτος
2583 3199 2640 3252 δέ
2662 3200 2720 3251 ἐν
2745 3197 2975 3267 οἰκίσκῳ
2997 3197 3132 3249 τινί·
3167 3198 3275 3250 ἰδοὺ
3299 3199 3409 3250 ἀπὸ
3429 3199 3521 3250 τοῦ
3544 3199 3746 3251 τόπου·

2156 3285 2410 3346 κάκεῖνος
2444 3283 2544 3352 μὲν
2573 3284 2631 3335 ἐν
2658 3283 2818 3352 ἐορτῇ
2839 3298 2855 3314 ·
2892 3281 3002 3334 ἰδοὺ
3031 3282 3140 3333 ἀπὸ
3161 3281 3254 3334 τοῦ
3281 3282 3474 3353 καιροῦ
3502 3299 3512 3305 ο
3546 3285 3746 3335 κάκεῖ-

2154 3382 2242 3428 νος
2277 3365 2375 3434 μὲν
2426 3364 2720 3436 τριάκοντα
2759 3364 2855 3417 καὶ
2887 3362 3031 3416 ὀκτὼ
3065 3363 3159 3433 ἐτη
3203 3359 3347 3434 εἶχεν
3382 3367 3440 3417 ἐν
3469 3366 3531 3434 τῇ
3568 3365 3742 3418 ἀσθε-

2154 3449 2300 3518 νείᾳ·
2333 3449 2463 3520 περί
2489 3448 2681 3501 τούτου
2703 3448 2760 3501 δέ
2788 3448 2939 3501 οὐδὲν
2969 3447 3210 3500 τοιοῦτον
3243 3449 3272 3501 0
3301 3449 3703 3518 εὑαγγελιστής
3727 3465 3742 3478 ·

2158 3532 2266 3584 ἰδοὺ
2305 3533 2397 3585 καὶ
2423 3531 2534 3585 ἀπὸ
2573 3531 2665 3584 τοῦ
2702 3531 2898 3601 χρόνου
2923 3549 2934 3560 ·
2970 3532 3220 3595 κάκεῖνος
3265 3533 3364 3602 μὲν
3393 3533 3743 3607 ἐθεραπεύθη

2153 3615 2212 3666 ἐν
2248 3614 2528 3685 σαϐϐάτῳ·
2569 3614 2676 3667 ἰδοὺ
2719 3615 2811 3667 καὶ
2850 3614 2959 3667 ἀπὸ
2990 3613 3205 3685 ἡμέρας
3227 3630 3241 3645 ·
3281 3617 3329 3668 εί
3359 3616 3468 3687 γὰρ
3503 3620 3558 3670 ἐν
3605 3619 3745 3670 σαϐ-

2153 3697 2302 3768 ϐάτῳ
2331 3697 2676 3770 ἐθεραπεύθη
2707 3699 2800 3752 καὶ
2821 3692 2994 3764 οὗτος,
3033 3699 3141 3751 οὐδ’
3166 3699 3231 3752 ἂν
3260 3701 3416 3756 τοῦτο
3457 3703 3744 3772 παρεσιώ-

2153 3799 2324 3852 πησεν
2363 3784 2391 3835 0
2444 3782 2743 3846 Ματθαῖος,
2785 3782 2893 3836 οὐδ’
2945 3783 3011 3836 ἂν
3056 3783 3338 3853 ἡσύχασαν
3378 3785 3428 3836 οἰ
3470 3786 3743 3855 παρόντες

2165 3867 2432 3920 Ἰουδαῖοι·
2464 3867 2513 3918 οί
2552 3865 2659 3939 γὰρ
2689 3867 2783 3919 καὶ
2813 3866 2887 3936 μὴ
2919 3867 2976 3918 ἐν
3019 3867 3272 3937 σαϐϐάτῳ
3305 3866 3741 3938 θεραπευθέντος

2151 3949 2313 4002 αὑτοῦ
2347 3949 2775 4020 δυσχεράναντες
2803 3948 2870 4000 δι’
2901 3948 3067 4019 ἀλλην
3094 3950 3293 4014 αἰτίαν,
3324 3950 3505 4020 πολλῷ
3533 3951 3741 4021 μᾶλλον

2152 4035 2200 4085 εἰ
2226 4032 2320 4085 καὶ
2351 4031 2461 4103 τὴν·
2483 4032 2590 4084 ἀπὸ
2619 4031 2711 4085 τοῦ
2738 4031 2934 4103 καιροῦ
2955 4032 3126 4103 λαϐὴν
3153 4033 3330 4103 ἔσχον,
3357 4035 3458 4088 οὐκ
3494 4035 3559 4088 ἂν
3585 4037 3741 4103 ἐφεί-

2153 4133 2314 4170 σαντο
2350 4117 2458 4168 τῶν
2491 4116 2852 4187 ἐγκλημάτων
2899 4117 3006 4171 τῶν
3040 4117 3179 4170 κατὰ
3204 4117 3298 4170 τοῦ
3334 4119 3588 4189 Χριστοῦ.
3621 4121 3741 4174 Καὶ

2149 4193 2303 4261 οῦτος
2337 4199 2436 4268 μέν
2467 4199 2604 4269 πρὸς
2652 4200 2742 4251 τὸν
2776 4201 3011 4270 Χριστὸν
3055 4200 3309 4270 φέρεται·
3360 4202 3498 4273 πρὸς
3525 4203 3741 4255 ἐκεῖνον

2149 4282 2206 4335 δὲ
2231 4283 2391 4345 αὐτὸς
2417 4283 2446 4335 0
2477 4281 2712 4354 Χριστὸς
2747 4283 3130 4353 παραγίνεται,
3157 4285 3397 4355 κάκείνῳ
3432 4286 3530 4355 μὲν
3557 4286 3740 4351 οὐδεὶς

2149 4364 2436 4438 ἄνθρωπος
2459 4363 2527 4438 ἦν
2550 4369 2578 4420 0
2608 4365 2890 4437 βοηθήσων
2910 4386 2923 4398 ·
2950 4369 3127 4436 Κύριε
3147 4367 3276 4439 γὰρ,
3301 4369 3487 4439 φησὶν,
3509 4369 3738 4436 ἀνθρω-

2149 4466 2270 4503 πον
2287 4453 2397 4504 οὐκ
2425 4451 2570 4518 ἔχω·
2603 4446 2755 4514 οὗτος
2781 4451 2838 4504 δὲ
2873 4451 3100 4515 πολλοὺς
3131 4448 3244 4521 εἶχε
3269 4454 3394 4516 τοὺς
3426 4455 3736 4522 προσήκον-

2149 4549 2267 4598 τας,
2295 4533 2343 4585 οἶ
2366 4534 2458 4587 καί
2473 4533 2562 4585 διὰ
2579 4532 2672 4586 τοῦ
2706 4533 2928 4601 στέγους
2948 4533 3108 4586 αὑτὸν
3136 4534 3428 4605 ἐχάλασαν.
3457 4537 3736 4592 Κάκείνου

2153 4619 2250 4688 μὲν
2281 4618 2386 4690 πρὸ
2418 4618 2516 4687 τῆς
2540 4619 2716 4688 ψυχῆς
2737 4618 2798 4670 :0
2833 4617 2991 4688 σῶμα
3007 4618 3283 4689 διώρθωσε
3303 4636 3316 4648 ·
3334 4619 3596 4690 πρότερον
3619 4620 3736 4691 γάρ

2149 4702 2315 4755 αὑτοῦ
2345 4700 2441 4772 τὴν
2472 4700 2588 4773 [59]
2616 4703 2921 4773 παράλυσιν
2955 4702 3206 4772 σφίγξας,
3235 4703 3354 4756 τότε
3384 4704 3573 4773 φησίν’
3606 4704 3731 4759 Ἴδε

2149 4785 2324 4854 ὑγιὴς
2361 4785 2631 4854 γέγονας,
2662 4783 2874 4854 μηκέτι
2907 4785 3237 4854 ἁμάρτανε·
3276 4786 3510 4840 ἐνταῦθα
3537 4787 3591 4840 δέ
3622 4789 3729 4860 οὐχ

2149 4869 2340 4932 οὕτως,
2369 4868 2505 4922 ἀλλά
2551 4869 2818 4940 πρότερον
2865 4869 3029 4922 αὐτοῦ
3076 4871 3174 4940 τὴν
3223 4869 3399 4941 ψυχὴν
3435 4871 3732 4940 ἰασάμενος

2151 4952 2306 5023 (φησὶ
2355 4954 2463 5022 γὰρ
2503 4950 2678 5020 αὐτῷ·
2719 4949 2959 5017 Θάρσει,
2997 4951 3230 5015 τέκνον,
3283 4953 3579 5021 ἀφέωνταί
3629 4970 3733 5009 σοι

2149 5038 2208 5088 al
2237 5027 2517 5104 ἁμαρτίαῖ
2557 5035 2717 5103 σου),
2749 5034 2868 5086 τότε
2921 5036 3018 5104 τὴν
3053 5037 3354 5107 παράλυσιν
3394 5036 3729 5106 διώρθωσεν.

2151 5118 2272 5169 Ὅτι
2305 5118 2402 5187 μὲν
2437 5114 2529 5170 οὖν
2577 5118 2675 5169 οὐκ
2718 5116 2863 5168 ἐστιν
2895 5113 3052 5180 00:0;
3101 5122 3329 5182 ἐκεῖνος,
3365 5121 3472 5172 ἀπὸ
3518 5121 3732 5174 τούτων

2155 5201 2278 5269 ημῖν
2311 5200 2496 5267 σαφῶς
2534 5199 2934 5262 ἀποδέδεικται,
2977 5200 3058 5252 δεῖ
3089 5201 3145 5254 δὲ
3173 5201 3356 5255 λοιπὸν
3380 5204 3472 5255 ἐπὶ
3499 5204 3596 5273 τὴν
3629 5205 3723 5274 ἀρ⁹

2147 5284 2247 5353 χὴν
2279 5283 2372 5336 τοῦ
2400 5284 2736 5352 διηγήματος
2767 5283 3018 5346 ἐλθόντας
3061 5285 3206 5349 ἰδεῖν,
3232 5284 3350 5348 πῶς
3389 5286 3487 5355 μὲν
3513 5286 3734 5352 τοῦτον,

2147 5366 2264 5428 πῶς
2289 5366 2345 5418 δέ
2367 5367 2572 5418 ἐκεῖνον
2595 5365 2958 5435 ἐθεράπευσεν
2979 5367 3006 5417 0
3037 5367 3292 5435 Χριστὸς,
3320 5371 3413 5421 καὶ
3437 5370 3522 5422 διὰ
3542 5370 3594 5421 τί
3620 5370 3735 5424 δια-

2147 5449 2327 5519 φόρως
2347 5467 2358 5480 ·
2389 5448 2478 5502 διὰ
2507 5448 2560 5501 τί
2587 5448 2677 5500 τὸν
2711 5449 2808 5518 μέν
2838 5451 2894 5501 ἐν
2927 5450 3201 5520 σαϐϐάτῳ,
3237 5453 3442 5504 ἐκεῖνον
3463 5452 3518 5504 δέ
3545 5455 3647 5506 οὐκ
3669 5455 3735 5506 ἐν

2149 5531 2422 5602 σαϐϐάτῳ,
2463 5531 2557 5584 καὶ
2598 5531 2736 5602 πρὸς
2767 5532 2970 5585 ἐκεῖνον
3010 5534 3106 5603 μέν
3139 5533 3300 5596 αὐτὸς
3344 5529 3497 5603 ἦλθε,
3537 5536 3735 5589 τοῦτον

2210 5744 2232 5771 ⁸
2263 5741 2394 5805 Lege
2425 5745 2461 5790 εἰ
2485 5742 2580 5805 καί,
2612 5747 2661 5792 et
2685 5755 2796 5792 mox
2819 5745 2843 5791 0
2861 5744 2942 5806 μὲν
2969 5743 3019 5790 :0
3047 5743 3286 5803 πρότερον.
3311 5739 3447 5792 Enn.
