4010 6342
185 318 262 370 53
1101 316 1168 372 IN
1206 316 1698 374 PARALYTICUM
1740 314 2091 372 DEMISSUM
2132 315 2266 371 PER
2306 314 2613 372 TECTUM.
3432 313 3505 370 54

180 434 303 504 jam
335 448 465 487 vero
485 432 685 488 idcirco
708 433 964 502 prtedicit,
991 443 1052 489 ιιι
1077 436 1602 505 publicationisillius
1626 444 1791 499 metu,

182 527 231 579 si
270 527 455 581 minus
484 526 728 595 supplicii
749 534 897 581 metu
915 527 1177 597 castigati,
1198 529 1376 582 omnia
1400 528 1790 597 abstergamns.

184 619 311 673 Hoc
339 629 395 673 et
436 619 489 673 in
532 619 797 688 baptismo
827 618 921 675 lit:
964 619 1229 688 siquidem
1261 620 1327 674 ad
1356 635 1615 689 aquarum
1646 619 1794 671 lava-

179 724 347 765 Crttm
369 710 638 763 hominem
664 708 902 775 deducit,
928 725 1025 764 nec
1039 710 1130 763 ulli
1153 712 1270 779 ejus
1290 718 1507 780 peccata
1526 710 1795 780 patefacit:

182 800 286 853 sed
324 800 528 853 donum
574 800 790 868 quidem
834 799 1178 855 manifestum
1224 800 1474 855 omnibus
1502 799 1677 855 reddit
1705 842 1719 867 ,
1746 809 1799 854 et

182 902 422 947 notum:
459 901 673 961 peccata
703 907 833 945 vero
864 901 1064 961 praeter
1090 908 1151 947 se
1170 902 1225 948 et
1249 893 1447 963 ipsum,
1479 893 1566 947 cui
1599 892 1797 947 remis-

181 985 269 1036 sio
302 984 578 1047 tribuitur,
618 998 775 1037 nemo
794 986 931 1039 alius
948 986 1116 1039 novit.
1145 986 1257 1039 lloc
1279 993 1335 1040 et
1361 985 1411 1039 in
1446 987 1549 1040 isto
1577 986 1793 1041 accidit:

184 1075 550 1144 reprehensio
572 1076 792 1129 remotis
819 1076 1036 1130 arbitris
1061 1076 1366 1141 adhibetur,
1391 1078 1499 1130 imo
1527 1092 1656 1131 vero
1692 1092 1795 1131 non

183 1167 548 1236 reprehensio
571 1177 774 1221 tantum
796 1211 811 1231 ,
840 1170 934 1224 sed
957 1179 1009 1223 et
1026 1171 1299 1225 excusatio
1320 1169 1563 1240 quaedam
1580 1181 1667 1225 est
1684 1171 1798 1225 bwc

184 1262 372 1315 oratio
395 1304 411 1325 ,
444 1264 596 1331 quasi
625 1263 693 1317 ob
721 1271 921 1316 tantam
952 1263 1154 1317 illatam
1180 1263 1521 1318 aiﬂictionem
1550 1280 1607 1318 se
1635 1279 1797 1318 excu-

185 1364 362 1417 saret,
393 1355 550 1419 eique
567 1354 794 1420 diceret,
817 1365 873 1409 et
898 1354 1223 1425 signiﬁcaret
1249 1370 1353 1409 non
1380 1366 1600 1419 temere,
1624 1370 1799 1424 neque

185 1442 205 1496 l
213 1456 399 1499 rustra
430 1447 751 1514 permissum
774 1461 894 1500 esse
916 1487 930 1509 ,
962 1454 1019 1500 ttt
1046 1447 1159 1516 ipse
1203 1454 1350 1501 tanto
1381 1456 1624 1516 tempore
1658 1446 1798 1499 afﬂi-

184 1546 416 1604 geretur
441 1579 455 1603 ,
487 1546 708 1606 peccata
744 1537 794 1589 in
824 1538 1137 1591 memoriam
1168 1538 1245 1592 illi
1276 1539 1564 1604 revocavit,
1592 1549 1647 1593 et
1671 1554 1798 1593 can-

186 1640 307 1679 sam
341 1627 556 1696 aperuit
586 1628 929 1682 inﬁrmitatis.
955 1629 1082 1683 Cum
1108 1630 1251 1683 enim
1280 1672 1295 1695 ,
1322 1631 1509 1701 inquit,
1534 1630 1799 1685 invenisset

184 1732 304 1768 eum
333 1718 387 1770 in
415 1719 602 1787 templo
621 1761 634 1785 ,
666 1719 797 1773 dixit
828 1719 943 1773 illi:
977 1720 1103 1773 Noli
1124 1721 1346 1790 amplius
1376 1739 1600 1792 peccare,
1630 1740 1692 1777 ne
1712 1727 1797 1776 de-

186 1810 353 1861 terius
375 1809 466 1860 tibi
492 1810 685 1879 aliquid
720 1812 979 1882 contingat
1005 1811 1183 1881 (Joan.
1205 1815 1256 1869 5.
1285 1815 1398 1880 14).

262 1900 477 1955 Transit
524 1903 593 1954 ad
642 1904 973 1973 posteriorem
1017 1904 1415 1975 Paralyticum;
1464 1906 1801 1976 Evangelistw

186 2011 294 2047 non
316 1996 454 2047 inter
486 2011 540 2048 se
581 2004 829 2064 pugnant.
875 1995 1013 2061 Quid
1042 1997 1106 2049 sit
1148 1997 1343 2051 divorsa
1370 1997 1507 2067 loqui
1528 2008 1573 2051 et
1599 2008 1798 2051 contra-

184 2086 289 2138 ria.
310 2086 627 2151 —Quamlo
659 2086 819 2155 igitur
844 2102 908 2141 ex
937 2088 1100 2157 priori
1130 2089 1426 2159 paralytico
1452 2100 1655 2144 tantum
1680 2090 1789 2145 frus

185 2185 341 2230 ctum
365 2176 699 2246 collegimus,
730 2192 827 2247 age
844 2178 953 2247 jam
971 2177 1042 2231 ad
1060 2179 1283 2233 alterum
1313 2181 1474 2234 etiam
1497 2181 1796 2245 veniamus,

186 2268 257 2322 de
284 2284 400 2337 quo
425 2268 564 2337 apud
584 2267 891 2323 Mattbzcum
917 2270 1089 2339 agitur
1116 2270 1138 2341 (
1163 2270 1347 2325 Matth.
1371 2271 1405 2327 9
1438 2273 1479 2341 ).
1506 2272 1639 2327 Nam
1669 2283 1722 2328 et
1746 2274 1796 2328 in

188 2359 540 2414 metallorum
571 2358 766 2415 fodinis
795 2361 883 2415 ubi
908 2361 1030 2431 quis
1048 2362 1165 2431 plus
1194 2363 1310 2417 auri
1341 2366 1603 2432 repererit
1636 2405 1651 2429 ,
1693 2365 1801 2420 illic

186 2450 385 2505 eﬂ'odit
410 2466 595 2506 rursus
620 2469 634 2506 :
664 2460 719 2506 et
741 2452 937 2507 multos
959 2453 1160 2507 scimus
1189 2468 1395 2521 eorum,
1416 2454 1504 2523 qui
1528 2456 1800 2525 negligen-

187 2550 276 2596 ter
303 2543 569 2612 legerunt,
600 2558 763 2596 unum
792 2551 846 2596 et
887 2542 1133 2597 eumdem
1174 2558 1294 2597 esse
1323 2552 1511 2614 putare
1537 2547 1796 2617 paralyti-

188 2648 346 2699 cum,
380 2635 448 2688 de
477 2649 586 2704 quo
612 2634 751 2702 apud
778 2645 1007 2704 quatuor
1031 2636 1389 2704 evangelistas
1414 2636 1607 2706 agitur.
1639 2638 1799 2706 Atqui

191 2741 305 2782 non
337 2736 421 2780 est
450 2726 613 2780 idem.
645 2726 1003 2795 Quamobrem
1037 2728 1226 2799 erigite
1256 2744 1349 2783 vos
1382 2770 1397 2794 ,
1428 2744 1492 2783 ac
1520 2730 1802 2800 diligenter

189 2820 477 2876 attendite.
524 2821 709 2892 Neque
747 2823 890 2877 enim
942 2823 1009 2877 de
1045 2825 1203 2878 rebus
1247 2824 1551 2879 trivialibus
1578 2826 1804 2894 quaestio

189 2914 431 2969 habetur
453 2955 468 2980 ,
496 2914 591 2969 sed
609 2925 663 2969 et
682 2915 938 2970 adversus
960 2916 1185 2985 gentiles
1211 2925 1264 2969 et
1288 2916 1544 2971 adversus
1564 2916 1802 2985 Judzeos,

188 3015 247 3059 et
274 3006 538 3061 adversus
569 3008 767 3061 multos
793 3007 1076 3062 haereticos
1120 3008 1263 3062 utilis
1295 3009 1410 3062 lucc
1448 3009 1553 3062 erit
1581 3009 1755 3070 oratio
1784 3050 1799 3074 ,

190 3098 285 3152 ubi
322 3099 654 3153 conveniens
695 3099 890 3153 solutio
920 3098 1081 3153 fuerit
1109 3099 1309 3152 addita.
1342 3098 1473 3152 Nam
1508 3107 1563 3153 et
1597 3099 1668 3153 ita
1711 3115 1800 3153 re-

196 3191 547 3260 prehendunt
573 3207 761 3247 omnes
783 3194 1137 3263 evangelistas
1161 3202 1427 3262 tamquam
1452 3193 1591 3248 inter
1616 3209 1674 3248 se
1698 3210 1795 3262 pu-

193 3293 435 3355 gnantes
472 3300 538 3339 ac
582 3285 941 3341 dissonantes.
974 3286 1133 3355 Atqui
1164 3301 1269 3340 non
1298 3286 1367 3339 ita
1398 3300 1487 3341 res
1513 3301 1573 3342 se
1598 3286 1757 3341 habet
1785 3327 1801 3353 ,

195 3376 377 3429 absit:
419 3376 547 3430 licet
593 3375 823 3430 diversa:
860 3392 1101 3445 persona:
1136 3377 1274 3443 sint,
1318 3392 1420 3431 una
1454 3388 1536 3431 est
1575 3376 1804 3447 Spiritus

193 3467 395 3537 gratia,
426 3483 529 3538 qua
560 3469 817 3539 cujusque
842 3470 1018 3523 anima
1052 3480 1329 3524 movetur:
1361 3482 1416 3524 at
1456 3471 1542 3525 ubi
1569 3470 1799 3541 Spiritus

194 3572 281 3617 est
307 3563 485 3633 gratia
516 3605 531 3628 ,
564 3563 758 3617 caritas
785 3603 799 3625 ,
831 3562 1079 3633 gaudium
1108 3603 1124 3629 ,
1156 3578 1291 3632 pax;
1323 3563 1523 3617 bellum
1550 3579 1654 3617 non
1684 3573 1767 3618 est
1787 3606 1801 3630 ,

196 3668 301 3707 nec
336 3652 639 3719 discordia,
691 3669 790 3707 nec
819 3669 990 3723 pugna
1016 3695 1032 3714 .
1076 3670 1174 3708 nec
1205 3654 1315 3708 ulla
1355 3655 1651 3709 contentio.
1688 3656 1804 3723 Quo

196 3745 421 3800 tandem
464 3746 619 3816 igitur
653 3755 809 3815 pacto
834 3746 1171 3800 manifesmm
1219 3746 1504 3801 reddemus
1532 3746 1673 3801 hunc
1699 3765 1801 3800 non

198 3854 324 3893 esse
355 3840 501 3892 illum
534 3840 911 3910 paralyticum,
938 3838 1034 3894 sed
1052 3840 1275 3894 alterum
1303 3838 1371 3893 ab
1396 3838 1488 3893 illo
1510 3838 1805 3894 diversum?

200 3931 281 3985 lix
309 3931 495 3984 multis
518 3930 725 3985 indiciis
748 3946 869 3985 cum
899 3931 1001 3985 loci
1033 3940 1141 3985 tum
1175 3931 1451 4000 temporis,
1482 3939 1535 3986 et
1560 3931 1803 3985 occasio-

199 4037 334 4075 num
366 4064 379 4081 .
411 4030 468 4075 et
488 4021 590 4075 diei
616 4063 631 4085 ,
669 4032 724 4076 et
751 4038 817 4076 ex
842 4022 1003 4076 modo
1030 4022 1326 4076 curationis
1356 4064 1371 4088 ,
1402 4031 1456 4077 et
1478 4024 1546 4077 ab
1574 4024 1805 4077 adventu

200 4113 401 4169 medici
434 4155 450 4181 ,
500 4122 556 4168 ct
583 4114 699 4184 ejus
725 4115 814 4185 qui
840 4125 1057 4170 curatus
1089 4124 1174 4169 est
1202 4115 1510 4170 solitudine.
1535 4116 1671 4182 Quid
1694 4125 1805 4170 tum

201 4206 434 4275 postea?
460 4205 602 4260 dicet
625 4206 853 4276 aliquis:
878 4222 1001 4261 nam
1030 4216 1085 4261 et
1111 4207 1216 4261 alia
1242 4207 1389 4277 signa
1420 4223 1599 4262 nonne
1622 4208 1803 4262 diver-

202 4313 259 4351 sa
278 4299 490 4352 ratione
519 4298 670 4352 multi
689 4298 1035 4368 evangelista:
1062 4299 1388 4353 narrarunt?
1415 4300 1484 4354 At
1507 4300 1648 4355 enim
1663 4299 1806 4354 aliud

200 4400 289 4445 est
318 4390 534 4446 diverse
563 4407 781 4446 narrare
815 4432 829 4456 ,
858 4392 999 4446 aliud
1024 4392 1295 4447 contrario
1316 4392 1510 4447 modo:
1544 4393 1807 4464 siquidem

194 4482 341 4549 illud
374 4482 757 4537 dissonantiam
784 4483 984 4538 nullam
1010 4484 1178 4554 gignit
1207 4492 1299 4538 aut
1326 4500 1558 4555 pugnam
1586 4502 1598 4539 :
1625 4486 1676 4540 in
1706 4486 1809 4541 hoc

204 4574 503 4644 veroquod
534 4583 617 4629 est
642 4590 753 4645 pra:
779 4576 1047 4643 manibus,
1075 4575 1240 4630 multa
1262 4586 1483 4646 apparet
1508 4593 1808 4648 repugnan-

208 4668 278 4720 tia
315 4708 332 4734 ,
365 4666 472 4720 nisi
506 4666 735 4721 alterum
762 4683 881 4725 esse
906 4668 1221 4725 ostendatur
1249 4670 1300 4723 in
1332 4670 1534 4739 piscina
1559 4671 1809 4741 paralyti-

206 4776 333 4814 cum
364 4802 379 4824 .
410 4775 573 4830 quam
604 4761 648 4815 is
670 4801 683 4824 ,
718 4760 783 4815 de
813 4777 918 4831 quo
947 4771 1058 4817 tres
1084 4763 1428 4832 evangelista:
1454 4763 1805 4830 scripserunt.

205 4854 385 4923 Atque
414 4859 473 4905 ut
502 4852 808 4923 intelligatis
846 4855 970 4924 quid
1013 4855 1083 4908 sit
1112 4854 1324 4909 diverse
1356 4864 1410 4908 et
1434 4855 1559 4924 quid
1582 4862 1799 4908 contra-

207 4944 287 4999 rie
314 4944 500 5015 loqui:
528 4961 668 5001 unus
695 4961 761 5001 ex
789 4947 1132 5017 evangelistis
1166 4947 1302 5002 dixit
1327 4964 1541 5002 crucem
1571 4957 1810 5017 portasse

206 5034 508 5101 Christum,
527 5037 665 5091 alter
689 5047 868 5092 autem
890 5038 1161 5093 Simonem
1183 5039 1529 5110 Cyrenarum:
1555 5040 1657 5094 hoc
1683 5055 1811 5095 vero

210 5128 652 5193 contrarietatem
668 5129 865 5183 nullam
883 5130 1067 5199 gignit,
1083 5140 1175 5183 aut
1200 5145 1450 5200 pugnam.
1474 5130 1575 5197 Qui
1606 5139 1806 5199 potest,

210 5216 410 5287 inquit,
443 5234 550 5272 non
571 5234 692 5275 esse
717 5221 1063 5285 contrarium,
1099 5228 1311 5290 portare
1339 5230 1393 5275 et
1421 5236 1526 5275 non
1555 5224 1807 5289 portare?

210 5310 351 5377 Quia
403 5311 656 5367 nimirum
708 5324 992 5384 utrumque
1034 5312 1248 5369 accidit.
1296 5313 1510 5368 Etcum
1553 5315 1812 5368 exiissent

210 5402 433 5473 quidem
474 5418 541 5457 ex
586 5405 836 5475 praetorio
865 5447 879 5471 ,
914 5405 1145 5475 portavit
1170 5403 1453 5460 Christus:
1484 5419 1605 5459 cum
1630 5415 1808 5459 autem

212 5492 429 5563 longius
472 5496 736 5565 progressi
778 5506 961 5551 essent
987 5538 1002 5563 ,
1058 5496 1242 5551 Simon
1274 5496 1341 5549 ab
1386 5494 1478 5549 illo
1520 5496 1731 5565 accepit
1758 5504 1812 5549 et

215 5584 358 5638 tulit.
387 5584 595 5641 Rursus
620 5586 687 5642 de
710 5587 1004 5642 latronibus
1034 5602 1173 5642 unus
1220 5586 1435 5658 quidem
1467 5587 1542 5640 ait
1575 5586 1710 5641 duos
1732 5588 1811 5654 ip-

215 5692 338 5730 sum
368 5675 769 5749 blasphemasse
803 5719 818 5744 ,
854 5679 989 5733 alter
1007 5694 1133 5734 vero
1159 5722 1173 5746 ,
1210 5694 1371 5733 unum
1415 5679 1811 5749 compescuisse

220 5778 371 5823 ibunt
398 5772 489 5841 qui
529 5772 831 5829 accusabat.
881 5772 986 5829 Sed
1025 5787 1197 5846 neque
1235 5772 1338 5830 hoc
1365 5786 1553 5830 rursus
1576 5782 1656 5828 est
1683 5786 1811 5826 con-

1909 434 2151 489 trarium.
2193 434 2332 501 Quid
2372 435 2482 488 ita?
2528 435 2792 502 Quoniam
2849 434 2935 490 hic
2969 448 3179 506 quoque
3216 443 3502 505 utrumque

1903 528 2096 581 accidit
2128 568 2143 592 ,
2171 538 2331 597 atque
2376 527 2529 581 initio
2558 528 2772 597 quidem
2806 538 3032 599 uterque
3057 528 3303 598 improbe
3329 543 3389 584 se
3412 545 3498 597 ge-

1905 618 2088 672 rebat:
2132 629 2314 688 postea
2344 634 2472 674 vero
2500 634 2620 673 cum
2643 618 2778 674 facta
2806 629 2988 675 essent
3029 620 3283 674 miracula
3308 661 3323 687 ,
3354 631 3496 674 terra

1905 722 2069 778 mota,
2095 720 2260 781 petra:
2286 714 2470 767 scissa:
2500 754 2514 778 ,
2549 721 2603 767 ct
2623 712 2701 766 sol
2732 712 3077 767 absconditus
3104 754 3118 778 ,
3149 711 3284 767 alter
3312 727 3498 767 eorum

1904 816 2197 858 conversus
2233 813 2287 857 et
2315 804 2607 859 modestior
2633 814 2715 857 est
2744 802 2915 857 factus
2936 845 2950 867 ,
2977 811 3032 857 ct
3054 803 3369 858 cruciﬁxum
3404 818 3496 872 ag-

1907 894 2054 947 novit
2076 934 2091 953 ,
2120 893 2343 964 ejusque
2385 910 2607 964 regnum
2630 892 2914 948 confessus
2934 904 3036 948 est.
3066 893 3200 947 Nam
3250 908 3319 947 ne
3361 892 3499 946 forte

1905 987 2239 1041 existimares
2264 989 2583 1042 necessitate
2610 986 2836 1056 quadam
2876 1000 2940 1041 ac
2976 986 3027 1039 vi
3056 985 3331 1055 cujusdam
3357 985 3498 1038 intus

1905 1095 2027 1134 eum
2060 1079 2381 1149 impellentis
2416 1079 2519 1133 hoc
2554 1080 2667 1133 ﬁeri
2698 1120 2713 1143 ,
2745 1094 2878 1134 neve
2906 1078 3181 1132 dubitares
3211 1119 3226 1143 ,
3261 1078 3408 1130 illum
3444 1078 3498 1130 in

1905 1188 2063 1227 cruce
2095 1173 2189 1227 tibi
2214 1173 2432 1227 exhibet
2462 1174 2694 1242 priorem
2726 1173 2900 1226 adhuc
2933 1170 3328 1241 improbitatem
3369 1171 3499 1224 reti-

1906 1274 2143 1330 nentem,
2168 1274 2223 1319 ut
2251 1280 2512 1335 agnoscas
2538 1281 2658 1319 eum
2688 1274 2879 1334 sponte
2902 1274 3060 1333 atque
3088 1279 3117 1316 a
3148 1278 3206 1317 se
3233 1264 3348 1331 ipso
3376 1277 3494 1315 mu-

1907 1367 2073 1411 latum
2107 1398 2120 1422 ,
2156 1357 2354 1426 Deique
2402 1357 2570 1425 gratia
2618 1356 2868 1410 donatum
2918 1356 2987 1409 ita
3040 1355 3317 1410 meliorem
3374 1369 3472 1409 eva

1907 1449 2064 1503 sisse.

1976 1541 2030 1594 4.
2073 1539 2189 1593 Alia
2213 1553 2423 1609 quoque
2452 1538 2613 1591 multa
2655 1538 2916 1607 ejusmodi
2951 1553 3012 1592 ex
3028 1538 3325 1608 Evangeliis
3349 1538 3503 1592 collis

1911 1646 2038 1701 gere
2067 1630 2222 1694 licet,
2269 1645 2389 1699 qua:
2433 1629 2680 1683 videntur
2718 1630 3076 1698 suspicionem
3109 1628 3308 1684 habere
3341 1644 3502 1699 repu-

1910 1723 2143 1792 gnantia:
2171 1740 2183 1776 :
2208 1722 2298 1776 sed
2326 1722 2469 1775 nulla
2493 1729 2673 1775 tamen
2699 1730 2781 1775 est
2800 1720 3169 1791 repugnantia,
3193 1720 3287 1775 sed
3309 1730 3362 1775 et
3382 1736 3502 1790 quae

1906 1817 1973 1871 ab
1998 1816 2120 1881 hoc,
2153 1825 2207 1869 et
2233 1832 2349 1885 qua:
2384 1814 2451 1869 ab
2480 1814 2573 1868 illo
2602 1813 2741 1869 dicta
2772 1821 2913 1879 sunt,
2944 1824 3233 1868 evenerunt
3257 1832 3269 1867 :
3290 1813 3498 1867 tametsi

1914 1925 2019 1963 non
2050 1908 2237 1963 eadem
2266 1908 2397 1962 hora
2426 1949 2440 1973 ,
2474 1916 2526 1961 ct
2556 1922 2693 1961 unus
2732 1907 2960 1977 primum
3005 1906 3134 1960 illud
3169 1906 3338 1967 dixit,
3368 1906 3502 1960 alter

1907 2000 2031 2054 illud
2058 1999 2349 2055 secundum
2376 2017 2389 2052 :
2418 2008 2472 2052 at
2493 1998 2593 2052 hoc
2614 1998 2731 2051 loco
2763 1997 2893 2051 nihil
2925 2005 3007 2051 est
3029 1997 3155 2062 tale,
3189 1997 3281 2051 sed
3312 2012 3499 2051 eorum

1908 2091 2225 2145 iudiciorum
2258 2088 2540 2144 multitudo
2565 2131 2580 2155 ,
2612 2105 2729 2158 qua:
2759 2097 2938 2142 notata
2975 2097 3137 2153 sunt,
3169 2088 3230 2141 iis
3256 2130 3271 2153 ,
3294 2087 3384 2157 qui
3416 2097 3501 2139 ut-

1910 2198 2143 2251 cumque
2175 2182 2409 2235 anitnum
2438 2180 2802 2244 adverterint,
2833 2178 3068 2233 ostendit
3107 2178 3332 2231 alterum
3363 2177 3502 2231 lnmc

1916 2276 2080 2328 luisse
2104 2316 2117 2338 ,
2146 2283 2199 2327 et
2226 2275 2453 2326 alterum
2500 2271 2668 2326 illum.
2713 2271 2897 2340 Neque
2931 2285 3061 2324 vero
3092 2269 3377 2323 mediocris
3404 2269 3502 2322 ista

1907 2382 2027 2423 esse
2054 2375 2231 2437 potest
2259 2365 2643 2421 demonstratio
2686 2364 2751 2417 ad
2795 2362 3122 2433 probandum
3151 2361 3503 2432 evangelistas

1911 2459 2052 2512 inter
2080 2474 2138 2512 se
2168 2458 2491 2521 consentire,
2523 2471 2629 2511 non
2660 2471 2919 2527 pugnare.
2955 2454 3013 2510 Si
3052 2455 3194 2509 enim
3236 2454 3373 2509 idem
3402 2455 3497 2518 sit,

1907 2566 2100 2620 magna
2128 2564 2303 2619 pugna
2339 2567 2352 2602 :
2384 2548 2465 2602 sin
2494 2560 2672 2603 autem
2717 2547 2855 2601 alter
2896 2555 2980 2602 est
3023 2546 3145 2611 ille,
3177 2546 3382 2600 sublata
3422 2552 3504 2600 est

1908 2643 2084 2697 omnis
2107 2641 2389 2695 dubitatio.

1983 2734 2177 2800 Quibus
2228 2734 2607 2803 distinguantur
2648 2732 2750 2785 duo
2782 2730 3106 2802 Paralytici;
3145 2731 3414 2784 inrisiones
3458 2740 3503 2785 et

1907 2826 2131 2879 ustiones
2152 2824 2459 2879 medicorum
2489 2833 2850 2895 comparantur
2877 2839 2988 2875 cum
3012 2823 3273 2876 curatione
3295 2822 3410 2875 ista.
3434 2852 3504 2861 —

1912 2922 2025 2987 Age
2057 2918 2215 2987 igitur
2244 2930 2434 2970 causas
2459 2916 2601 2985 ipsas
2642 2928 3005 2984 proponamus
3024 2954 3040 2979 ,
3071 2913 3262 2982 quibus
3290 2912 3503 2967 adducti

1910 3006 2139 3063 dicimus
2154 3007 2295 3061 lmnc
2317 3007 2463 3061 illum
2481 3022 2586 3059 non
2624 3020 2762 3059 esse.
2785 3007 3037 3071 Qumnam
3060 3005 3161 3059 illa:
3179 3019 3336 3073 porro
3357 3006 3504 3058 sunt?

1914 3098 2011 3154 llle
2038 3108 2255 3153 sanatur
2282 3098 2655 3169 Jerosolymis,
2685 3097 2771 3152 hic
2797 3112 2925 3152 vero
2955 3097 3007 3150 in
3033 3096 3425 3169 Capbarnanm,
3450 3110 3505 3155 ct

1915 3192 2005 3246 ille
2036 3191 2250 3262 quidem
2288 3190 2435 3260 juxta
2486 3190 2742 3262 piscinam
2789 3204 3045 3261 aquarum
3073 3232 3086 3254 ,
3116 3192 3215 3246 iste
3243 3200 3418 3246 autem
3452 3194 3503 3246 in

1917 3286 2147 3355 quodam
2178 3285 2425 3340 cubiculo
2450 3327 2463 3350 ,
2515 3300 2641 3340 ecce
2691 3285 2943 3338 indicium
2972 3300 3000 3337 a
3037 3285 3153 3339 loco
3186 3302 3199 3338 :
3232 3292 3390 3354 atque
3416 3285 3505 3338 ille

1919 3376 2136 3446 quidem
2162 3377 2212 3429 in
2237 3376 2326 3431 die
2356 3376 2492 3430 festo
2514 3419 2529 3442 ,
2557 3391 2683 3430 ecce
2718 3391 2749 3429 a
2799 3376 3053 3445 temporis
3077 3374 3381 3430 conditione
3410 3393 3424 3428 :
3453 3385 3507 3429 et

1916 3468 2010 3521 ille
2037 3467 2249 3536 quidem
2278 3469 2490 3537 triginta
2520 3474 2575 3521 et
2600 3478 2721 3520 octo
2745 3481 2913 3520 annos
2942 3465 3170 3520 habebat
3196 3466 3248 3519 in
3278 3465 3505 3520 inﬁrmi-

1912 3566 2020 3613 tate
2050 3574 2146 3614 sua
2173 3574 2189 3625 ;
2217 3559 2285 3613 de
2318 3560 2418 3614 hoc
2447 3568 2626 3615 autem
2651 3559 2782 3613 nihil
2816 3560 2917 3613 tale
2948 3559 3270 3629 evangelista
3303 3568 3500 3621 narrat,

1914 3668 2040 3707 ecce
2082 3668 2111 3707 a
2162 3661 2529 3721 temporech
2571 3654 2659 3708 ille
2699 3652 2910 3721 quidem
2944 3653 2995 3705 in
3021 3652 3243 3706 sabbato
3287 3660 3504 3705 saltatus

1917 3754 2019 3807 est,
2046 3758 2171 3798 ecce
2192 3758 2221 3797 a
2242 3744 2328 3797 die
2362 3762 2375 3797 :
2409 3745 2451 3797 si
2480 3744 2622 3797 enim
2650 3744 2699 3796 in
2729 3742 2949 3797 sabbato
2974 3742 3156 3795 fuisset
3182 3741 3266 3795 hic
3293 3756 3503 3810 quoque

1912 3847 2135 3891 sanatus
2161 3877 2175 3901 ,
2210 3852 2383 3906 neque
2410 3834 2462 3890 id
2492 3835 2748 3889 tacuisset
2772 3834 3050 3888 Mattbmus
3076 3874 3089 3899 ,
3129 3848 3300 3901 neque
3335 3832 3503 3887 Judaei

1911 3928 2002 3996 qui
2044 3927 2273 3981 aderant
2302 3966 2316 3991 ,
2359 3925 2691 3995 quievissent
2718 3942 2731 3978 :
2760 3924 2847 3993 qui
2877 3924 3020 3978 enim
3059 3922 3217 3977 etiam
3246 3930 3353 3976 tum
3382 3938 3504 3976 cum

1914 4021 2003 4074 ille
2031 4021 2082 4074 in
2115 4020 2336 4073 sabbato
2362 4027 2580 4072 sanatus
2612 4033 2717 4072 non
2750 4026 2832 4071 est
2853 4058 2866 4081 ,
2898 4016 3054 4069 aliam
3088 4015 3158 4069 ob
3185 4030 3399 4069 causam
3426 4015 3507 4068 in-

1912 4113 2116 4182 dignati
2157 4121 2314 4177 sunt,
2357 4111 2524 4165 multo
2551 4110 2718 4180 magis
2767 4109 2812 4163 si
2853 4124 2883 4162 a
2923 4116 3163 4176 tempore
3200 4106 3321 4160 data
3362 4115 3507 4160 esset

1912 4220 2040 4261 ansa
2064 4203 2512 4276 reprehendendi,
2533 4216 2864 4272 nequaquam
2877 4199 3142 4271 jactandis
3161 4200 3214 4253 in
3234 4198 3504 4254 Christum

1913 4296 2375 4354 criminationibus
2418 4295 2805 4366 pepercissent.
2846 4295 3022 4362 Atque
3058 4292 3145 4346 hic
3180 4291 3393 4361 quidem
3438 4292 3503 4345 ad

1914 4391 2189 4449 Christum
2216 4388 2476 4451 defertur,
2509 4387 2577 4443 ad
2606 4387 2754 4442 illum
2784 4395 2959 4440 autem
2988 4384 3233 4439 Christus
3256 4384 3457 4439 accedit
3487 4426 3502 4449 ,

1915 4492 1969 4539 et
2001 4482 2074 4536 illi
2102 4481 2277 4535 nullus
2303 4488 2419 4534 erat
2448 4478 2609 4533 homo
2634 4478 2721 4547 qui
2749 4476 3019 4546 suppetias
3049 4475 3213 4530 ferret
3243 4493 3256 4529 :
3294 4474 3523 4534 Domine,

1915 4577 2080 4641 enim,
2112 4575 2283 4643 inquit
2307 4615 2320 4637 ,
2354 4573 2607 4626 hominem
2636 4588 2738 4625 non
2768 4570 2925 4625 habeo
2953 4569 3140 4640 (Joan.
3170 4570 3222 4623 5.
3256 4569 3327 4638 7)
3361 4584 3374 4620 :
3408 4568 3505 4621 iste

1915 4682 2045 4721 vero
2068 4666 2262 4722 inultos
2292 4664 2520 4718 habebat
2563 4664 2890 4732 propinquos
2914 4703 2928 4728 ,
2954 4661 3044 4731 qui
3088 4670 3142 4714 et
3182 4676 3277 4729 per
3308 4668 3502 4713 tectum

1916 4760 2061 4813 illum
2110 4757 2465 4814 demiserunt.
2520 4755 2588 4809 Et
2639 4755 2779 4808 illius
2832 4753 3046 4823 quidem
3100 4761 3223 4805 ante
3275 4754 3505 4805 animant

1914 4865 2109 4918 corpus
2134 4849 2371 4902 correxit
2404 4864 2418 4901 ε
2449 4846 2715 4915 siquidem
2756 4859 2877 4898 cum
2908 4843 3051 4913 prius
3082 4842 3363 4912 paralysim
3392 4841 3508 4910 ejus

1916 4950 2180 5005 sanasset,
2214 4938 2407 4992 deinde
2436 4938 2601 5002 dixit,
2638 4935 2770 4988 Ecce
2792 4938 3134 5002 sanusfactus
3159 4948 3244 4998 es,
3273 4933 3376 4985 noli
3402 4949 3509 4984 am-

1917 5032 2052 5101 plius
2095 5046 2305 5100 peccare
2365 5043 2383 5081 :
2440 5027 2525 5081 hic
2562 5033 2740 5080 autem
2782 5038 2887 5077 non
2934 5024 3003 5076 ita
3035 5040 3046 5075 :
3075 5022 3168 5076 sed
3207 5037 3326 5077 cum
3364 5024 3510 5092 prius

1916 5124 2110 5177 anima:
2141 5123 2282 5176 illius
2309 5120 2604 5174 medicatus
2638 5123 2816 5181 esset;
2839 5115 2913 5169 ait
2936 5114 3077 5169 enim
3107 5115 3206 5185 ipsi
3234 5133 3246 5168 :
3276 5114 3505 5183 Con/ide,

1917 5219 2026 5286 ﬁli,
2073 5218 2394 5271 remittuntur
2434 5213 2520 5266 tibi
2566 5220 2771 5282 peccata
2814 5219 2902 5261 tua
2960 5206 3171 5279 (Matth.
3201 5207 3254 5263 9.
3282 5208 3363 5276 2),
3394 5216 3507 5259 tum

1918 5308 2111 5363 deinde
2142 5306 2424 5377 paralysim
2456 5302 2683 5356 sanavit.
2714 5300 2873 5353 llunc
2902 5298 3061 5369 igitur
3081 5298 3226 5352 illum
3259 5312 3365 5350 non
3391 5310 3509 5349 esse

1918 5403 2062 5457 clare
2102 5399 2255 5455 nobis
2282 5414 2346 5453 ex
2379 5397 2463 5450 bis
2491 5404 2573 5450 est
2605 5395 3029 5449 demonstratum
3062 5410 3075 5446 :
3104 5390 3211 5460 jam
3238 5398 3412 5443 autem
3442 5386 3509 5440 ad

1924 5496 2096 5563 ipsum
2132 5490 2453 5547 narrationis
2482 5488 2689 5542 initium
2717 5484 3038 5541 veniendum
3074 5492 3192 5546 est,
3230 5496 3291 5535 ac
3320 5479 3509 5533 viden-

1918 5586 2069 5649 dum,
2099 5599 2203 5653 quo
2225 5590 2381 5653 pacto
2410 5581 2551 5635 hunc
2575 5589 2757 5648 etquo
2784 5586 2937 5648 pacto
2958 5576 3105 5630 illum
3128 5571 3327 5628 sanarit
3349 5570 3507 5625 Chri-

1927 5689 2043 5731 stus
2067 5718 2082 5745 ,
2116 5687 2168 5731 et
2198 5693 2294 5731 cur
2337 5674 2549 5730 diversa
2595 5674 2801 5727 ratione
2830 5689 2846 5725 :
2876 5688 2970 5727 cur
3006 5670 3147 5724 hunc
3172 5669 3223 5722 in
3250 5666 3507 5735 sabbato,

1922 5770 2072 5826 illum
2101 5785 2205 5824 non
2234 5769 2285 5825 in
2313 5767 2569 5839 sabbato,
2601 5773 2656 5823 et
2680 5764 2745 5821 ad
2774 5765 2921 5820 illum
2952 5763 3066 5834 ipse
3094 5760 3297 5819 venerit
3320 5798 3337 5827 ,
3366 5762 3509 5815 hum.
