4010 6342
473 303 541 362 55
1209 300 1268 359 S.
1309 297 1589 357 JOANNIS
1624 297 2103 355 CllRYSOSTOMI
2153 298 2474 356 ARCHIEP.
2516 301 3058 360 CONSTANTINOP.
3359 256 3368 263 ‘
3707 307 3783 364 58

474 430 652 476 autem
676 415 1071 489 exspectaverit
1088 415 1154 470 ad
1175 432 1233 470 se
1253 414 1470 479 deferri,
1497 425 1550 469 et
1576 430 1733 485 quam
1755 414 1825 468 oh
1849 427 2066 467 causam

474 512 613 566 illius
637 511 847 580 corpori
885 509 1063 579 prius,
1106 509 1261 579 hujus
1293 523 1418 562 vero
1455 508 1646 561 anima:
1679 507 1824 576 prius
1857 506 2069 560 medea-

476 612 583 656 tur.
626 601 810 670 Neque
854 600 997 655 enim
1044 607 1244 654 temere
1285 607 1377 652 aut
1415 599 1531 653 sine
1570 613 1729 652 causa
1773 597 1869 651 ista
1903 595 2068 662 facit,

479 707 602 746 cum
633 692 844 760 sapiens
874 691 943 744 sit
963 700 1017 745 et
1044 689 1316 759 providus.
1347 689 1697 743 Attendamus
1721 689 1896 758 igitur,
1915 703 2069 741 eum-

481 799 582 852 que
631 783 933 837 medentem
984 783 1427 850 contemplemur.
1459 781 1513 836 Si
1543 782 1682 834 enim
1722 797 1840 834 cum
1880 780 2069 834 medici

478 874 762 942 quemdam
810 883 1024 937 secant,
1074 882 1330 938 uruntve,
1379 881 1469 925 aut
1501 872 1604 926 alio
1640 872 1865 942 quodam
1912 870 2073 926 modo

479 968 778 1021 mutilatum
810 975 862 1020 et
890 965 1221 1020 debilitatum
1252 964 1508 1029 incidunt,
1538 980 1602 1019 ac
1629 964 1928 1019 membrum
1951 979 2070 1018 am-

481 1068 688 1128 putant,
722 1057 873 1112 multi
902 1066 1006 1112 tam
1032 1073 1232 1126 mgrum
1255 1072 1412 1126 quam
1435 1056 1699 1111 medicum
1727 1058 2074 1110 circumstant

485 1151 585 1204 ista
633 1151 950 1215 facientem,
982 1151 1149 1204 multo
1197 1150 1364 1220 magis
1410 1163 1505 1203 nos
1543 1148 1644 1204 hoc
1691 1149 1808 1203 loco
1835 1147 1887 1202 id
1917 1163 2075 1218 agerc

487 1251 722 1312 Oportet,
753 1252 950 1312 qttanto
973 1250 1026 1295 et
1056 1241 1294 1295 medicus
1318 1241 1506 1310 major,
1540 1251 1593 1295 et
1619 1241 1832 1310 gravior
1858 1239 2076 1294 morbus

489 1344 574 1388 est
593 1375 608 1399 ,
637 1335 724 1403 qui
749 1351 853 1386 non
880 1344 993 1387 arte
1020 1332 1249 1386 humana
1271 1374 1286 1397 ,
1320 1332 1414 1386 sed
1440 1332 1607 1402 gratia
1633 1332 1808 1385 divina
1836 1345 2072 1385 curatur.

485 1431 660 1498 Atque
710 1427 814 1482 illic
856 1428 1068 1498 quidem
1117 1427 1306 1497 pellem
1354 1427 1622 1481 concisam
1665 1440 1886 1480 cernere
1918 1425 2076 1490 licet,

485 1522 693 1576 saniem
712 1520 1053 1586 deﬂuentem,
1082 1520 1412 1590 putredinem
1430 1528 1760 1584 evacuatam,
1777 1534 1838 1572 ac
1858 1518 2077 1572 multam

492 1613 792 1667 molestiam
817 1629 880 1668 ex
914 1613 1004 1667 illo
1029 1613 1244 1667 allatam
1275 1612 1584 1682 spectaculo
1610 1613 1894 1676 sustinere,
1925 1609 2076 1664 dolo-

491 1720 711 1774 remque
743 1720 845 1758 non
880 1704 1204 1758 mediocrem
1231 1712 1285 1758 et
1305 1718 1579 1773 angorem,
1603 1718 1758 1771 quem
1792 1717 1896 1756 non
1925 1700 2082 1754 modo

492 1796 773 1850 vulnerum
801 1803 1118 1865 conspectus
1139 1837 1154 1861 ,
1184 1795 1275 1849 sed
1307 1809 1494 1848 corum
1521 1793 1680 1847 etiam
1701 1835 1715 1856 ,
1744 1793 1830 1861 qui
1861 1801 2085 1845 uruntur

491 1896 878 1956 secanturque,
923 1887 1190 1942 cruciatus
1221 1887 1381 1941 inurit
1413 1902 1426 1939 :
1459 1885 1638 1939 nullus
1667 1885 1809 1938 enim
1841 1893 1925 1938 est
1949 1884 2085 1938 adeo

493 1993 694 2034 saxeus
718 2019 731 2043 ,
761 1989 819 2033 ttt
845 1995 966 2034 cum
995 1979 1100 2033 illis
1125 2021 1140 2045 ,
1174 1978 1261 2048 qui
1293 1978 1413 2032 talia
1447 1978 1718 2046 patiuntur
1742 2019 1755 2040 ,
1785 1975 2082 2040 adstiterit,

495 2087 559 2127 ac
581 2072 935 2127 lamentantes
964 2071 1250 2138 audiverit,
1280 2088 1383 2126 non
1411 2077 1831 2135 commoveatur,
1863 2068 2088 2124 confun-

496 2164 656 2218 datur
680 2205 695 2228 ,
735 2172 790 2218 et
825 2165 1090 2233 ingentem
1121 2163 1304 2217 animo
1334 2163 1599 2232 concipiat
1629 2176 1916 2216 mmrorem
1951 2179 1963 2215 :
1995 2177 2086 2216 ve-

502 2266 800 2312 rumtamen
828 2258 898 2312 ob
925 2257 1200 2326 Spectandi
1221 2255 1562 2324 cupiditatem
1586 2254 1702 2310 haec
1721 2257 1896 2308 omnia
1925 2254 2090 2309 susti-

504 2364 714 2404 nemus.
750 2350 845 2404 llic
868 2359 1045 2403 autem
1073 2349 1201 2403 nihil
1231 2349 1332 2403 tale
1358 2364 1578 2403 cernere
1611 2349 1751 2409 licet,
1787 2362 1890 2400 non
1915 2347 2088 2416 ignem

505 2441 804 2504 admoveri,
825 2455 928 2494 non
953 2440 1149 2495 ferrum
1174 2440 1436 2509 immergi,
1462 2454 1564 2493 non
1586 2439 1898 2508 sanguinem
1922 2437 2086 2501 ﬁtndi,

503 2547 610 2586 non
647 2547 846 2602 a‘grum
891 2532 1155 2598 cruciari,
1195 2547 1301 2586 non
1329 2532 1606 2585 lamentari
1643 2549 1656 2584 :
1687 2531 1737 2584 in
1768 2545 1926 2584 causa
1967 2544 2094 2584 vero

502 2633 588 2677 est
614 2623 803 2676 medici
833 2623 1088 2692 sapientia
1111 2664 1127 2688 ,
1161 2638 1278 2692 qua:
1309 2622 1467 2675 nullis
1496 2621 1688 2690 indiget
1725 2621 1884 2674 rebus
1909 2630 2094 2673 exter-

510 2716 615 2776 nis,
648 2714 741 2768 sed
770 2715 880 2784 ipsa
909 2712 1107 2768 sufﬁcit
1132 2715 1252 2768 sibi.
1286 2713 1554 2779 Siquidem
1587 2714 1782 2767 sufﬁcit
1809 2721 2010 2765 tantum
2040 2719 2098 2766 ut

509 2807 770 2876 imperet,
801 2817 853 2861 et
881 2807 1056 2860 omnia
1085 2807 1222 2860 mala
1249 2806 1534 2876 pelluntur.
1569 2804 1749 2873 Neque
1779 2820 1904 2858 vero
1924 2803 2096 2856 admi-

511 2901 714 2954 ratione
735 2900 950 2970 dignum
981 2898 1082 2953 hoc
1107 2910 1223 2963 est,
1253 2897 1392 2968 quod
1426 2906 1569 2952 tanta
1598 2896 1846 2950 facilitate
1874 2895 2097 2949 medici-

511 3010 632 3046 nam
660 2992 817 3046 faciat
836 3033 851 3058 ,
892 2993 985 3046 sed
1017 2991 1156 3061 quod
1183 2991 1298 3045 sine
1327 2991 1513 3044 dolore
1538 3032 1551 3051 ,
1583 3004 1680 3044 nec
1710 2988 1868 3042 ullam
1901 2987 2099 3041 moles-

509 3087 638 3138 tiam
667 3084 854 3137 allerat
897 3083 960 3136 iis
1000 3084 1086 3152 qui
1119 3091 1392 3136 curantur.
1416 3080 1640 3148 Quando
1684 3080 1840 3148 igitur
1863 3088 1918 3133 et
1940 3078 2102 3132 mira-

511 3176 689 3230 culum
715 3175 885 3244 majus
901 3183 955 3229 ct
971 3175 1235 3243 copiosior
1256 3173 1537 3235 medicina,
1567 3181 1619 3227 et
1636 3172 1702 3226 ab
1722 3173 1864 3227 omni
1891 3171 2102 3226 tristitia

515 3267 767 3323 immunis
797 3267 1187 3336 spectatoribus
1215 3268 1458 3336 voluptas
1487 3265 1724 3328 oﬁ‘ertur,
1755 3281 1851 3335 age
1876 3264 2103 3334 diligen-

519 3370 604 3416 ter
626 3369 900 3416 curantem
929 3359 1196 3414 Christum
1221 3367 1542 3428 spectemus.
1567 3356 1635 3411 Et
1662 3358 1932 3412 ascendens
1948 3357 2105 3412 Jesus

514 3456 567 3508 in
589 3453 870 3506 naviculam
888 3451 1249 3520 transfretavit,
1274 3461 1319 3504 et
1344 3451 1472 3504 venit
1498 3453 1548 3503 in
1573 3451 1821 3504 civitatem
1845 3466 2010 3502 suam.
2038 3445 2106 3501 Et

519 3561 632 3598 ecce
660 3544 947 3597 obtulerunt
993 3541 1071 3595 illi
1111 3543 1449 3612 paralyticum
1476 3542 1728 3610 jacentem
1766 3542 1818 3594 in
1863 3541 1988 3593 lecto
2018 3555 2036 3592 :
2061 3549 2107 3592 et

517 3637 694 3690 ridens
721 3634 873 3689 Jesus
905 3635 1059 3703 ﬁdem
1095 3634 1300 3687 illorum
1335 3633 1464 3686 dixit
1493 3631 1774 3702 paralytico
1808 3647 1826 3686 :
1857 3631 2068 3700 Conﬁdo
2089 3671 2106 3695 ,

516 3728 628 3796 liii,
660 3727 984 3781 remittuntur
1030 3727 1120 3780 tibi
1176 3735 1382 3793 peccata
1443 3734 1533 3778 tua
1587 3720 1815 3792 (Matth.
1857 3723 1906 3777 9.
1954 3722 2000 3773 ‘I.
2031 3722 2107 3790 2).

527 3818 852 3872 tienturione
905 3815 1116 3888 quidem
1174 3816 1449 3872 inferiores
1488 3822 1633 3882 sunt,
1674 3813 1848 3883 quoad
1907 3812 2064 3868 ﬁdem
2091 3852 2107 3877 ,

527 3908 619 3961 illo
644 3919 820 3962 autem
865 3909 915 3962 in
967 3909 1163 3977 piscina
1196 3908 1409 3977 jacente
1449 3906 1742 3976 paralytico
1784 3905 2108 3973 superiores.

528 3997 662 4052 Nam
712 3999 801 4054 ille
847 3999 1061 4068 quidem
1099 4013 1273 4068 neque
1311 3995 1576 4051 medicum
1614 3995 1814 4060 traxit,
1848 4009 2020 4063 neque
2047 3993 2112 4047 ad

525 4091 789 4146 medicum
821 4091 970 4145 duxit
993 4101 1286 4162 mgrotum;
1316 4089 1408 4145 sed
1438 4099 1703 4158 tamquam
1735 4087 1800 4140 ad
1830 4087 1994 4140 Deum
2021 4100 2115 4139 ac-

526 4187 723 4251 cessit,
774 4195 828 4240 et
869 4187 981 4240 ait:
1018 4185 1110 4238 Dic
1159 4184 1304 4239 verba
1343 4191 1538 4236 tantum
1561 4224 1575 4247 ,
1608 4191 1652 4234 et
1697 4179 1958 4232 sanabitur
1994 4193 2117 4248 puer

527 4293 668 4329 meus
691 4278 834 4346 (Luc.
857 4275 906 4329 7.
931 4276 998 4344 7).
1022 4271 1112 4328 lsti
1135 4288 1259 4328 vero
1281 4273 1541 4328 medicum
1565 4271 1616 4324 in
1640 4269 1783 4324 redes
1809 4285 1913 4322 non
1944 4277 2120 4322 traxe;

526 4375 688 4434 runt,
721 4376 774 4422 et
804 4367 854 4421 in
884 4367 985 4421 hoc
1014 4366 1312 4422 centurioni
1355 4374 1477 4418 sunt
1503 4363 1767 4434 aequales;
1796 4361 1891 4416 sed
1919 4375 2117 4430 nigrum

530 4461 824 4516 attulerunt
851 4459 917 4514 ad
949 4459 1232 4524 medicum,
1261 4459 1385 4512 etin
1417 4458 1517 4511 hoc
1541 4466 1663 4510 sunt
1693 4455 1949 4518 minores,
1977 4451 2119 4522 quod

536 4571 640 4609 non
672 4553 923 4618 dixerint,
957 4551 1054 4606 Dic
1079 4551 1224 4606 verbo
1254 4561 1468 4604 tantum.
1503 4549 1596 4602 Illo
1622 4548 1833 4618 quidem
1860 4557 2006 4600 certe
2033 4545 2120 4614 qui

530 4648 596 4701 ad
640 4646 898 4717 piscinam
933 4644 1144 4714 jacebat
1175 4643 1344 4698 multo
1373 4650 1498 4696 sunt
1528 4641 1612 4693 isti
1641 4640 1925 4703 meliores,
1956 4636 2122 4705 siqni-

530 4741 649 4793 dem
693 4739 782 4793 ille
816 4739 980 4803 dicit,
1011 4736 1264 4802 Domine;
1289 4736 1540 4789 hominem
1571 4750 1672 4786 non
1711 4733 1868 4785 habeo
1889 4775 1902 4796 ,
1933 4741 1986 4783 ut
2009 4747 2124 4783 cum

530 4831 729 4884 turbata
754 4832 905 4902 fuerit
926 4847 1078 4899 aqua,
1098 4831 1262 4882 mittat
1288 4845 1364 4881 me
1382 4829 1433 4880 iu
1458 4827 1700 4895 piscinam
1732 4825 1910 4895 (Joon.
1938 4823 1990 4877 5.
2031 4824 2083 4892 7)
2107 4840 2120 4876 :

537 4921 618 4972 isti
675 4937 803 4974 vero
848 4921 1016 4974 nihilo
1079 4919 1316 4989 indigere
1361 4917 1631 4973 Christum
1683 4915 1967 4978 sciebant,
2019 4931 2124 4969 non

537 5008 724 5078 aquis,
773 5026 877 5064 non
919 5013 1120 5081 piscina
1144 5054 1158 5074 ,
1193 5027 1298 5064 non
1325 5009 1430 5064 alia
1473 5024 1533 5063 re
1573 5009 1859 5079 quapiam:
1889 5017 2128 5061 attamen

537 5101 782 5155 Christus
813 5120 917 5158 non
945 5104 1274 5158 centurionis
1300 5111 1502 5158 tantum
1529 5117 1772 5171 puerum,
1798 5100 1892 5156 sed
1913 5109 1967 5154 et
1987 5099 2128 5154 hunc

539 5203 592 5247 et
637 5193 783 5247 illum
821 5195 1009 5250 morbo
1057 5196 1332 5260 liberavit;
1377 5209 1553 5264 neque
1583 5194 1758 5248 dixit:
1788 5192 2130 5262 Quandoqui-

538 5285 658 5338 dem
689 5285 846 5340 ﬁdem
869 5286 1105 5340 obtulisti
1132 5287 1394 5340 minorem
1419 5328 1431 5350 ,
1457 5285 1786 5340 curationem
1816 5284 2016 5353 pariter
2035 5298 2127 5337 ac-

541 5379 708 5446 cipies
738 5395 750 5430 :
776 5378 869 5433 sed
894 5393 1014 5432 cum
1046 5379 1300 5450 majorem
1330 5379 1658 5434 exhibuisset
1684 5417 1699 5441 ,
1739 5393 1859 5431 cum
1889 5375 2133 5430 laudibus

541 5478 594 5524 et
629 5470 842 5524 coronis
872 5485 993 5525 eum
1017 5471 1246 5536 dimisit,
1273 5471 1458 5526 dicens
1493 5489 1505 5524 :
1543 5468 1721 5539 Neque
1748 5470 1801 5521 in
1828 5467 1992 5521 Israel
2017 5477 2132 5520 tan-

556 5573 659 5616 tam
681 5564 834 5632 ﬁdem
862 5564 1027 5618 inveni
1059 5563 1187 5636 (Luc
1211 5567 1262 5618 7.
1293 5564 1371 5636 9).
1405 5564 1543 5619 Eum
1571 5578 1720 5629 vero,
1754 5563 1842 5632 qui
1872 5562 2133 5615 minorem

549 5671 709 5723 quam
742 5656 828 5711 ille
851 5655 1011 5712 ﬁdem
1049 5656 1342 5722 obtulerat,
1374 5657 1520 5711 nullo
1543 5655 1701 5710 modo
1734 5653 2001 5708 laudavit:
2030 5669 2134 5707 non

550 5757 726 5808 tamen
748 5751 977 5808 sanitate
1007 5751 1254 5822 privavit,
1284 5749 1377 5809 sed
1407 5763 1505 5808 nec
1533 5749 1703 5819 illum,
1735 5748 1821 5818 qui
1855 5747 2051 5802 nullam
2076 5743 2136 5798 ti-

2175 412 2295 468 dem
2341 413 2676 470 exhibuerat.
2713 415 2909 470 Verum
2941 415 3386 485 quemadmodum
3417 415 3607 472 medici
3647 432 3783 472 eum

2177 506 2424 560 eumdem
2449 509 2694 561 morbum
2713 517 2924 571 curent,
2951 523 2980 561 a
3003 508 3314 578 quibusdam
3337 521 3550 564 centum
3575 525 3784 565 aureos

2178 595 2468 664 accipiunt,
2497 599 2565 652 ab
2591 599 2710 652 aliis
2740 599 3146 670 quinquaginta,
3177 600 3244 654 ab
3269 601 3387 656 aliis
3412 602 3720 671 pauciores,
3745 618 3782 656 τι

2177 689 2494 758 quibusdam
2525 689 2656 745 nihil
2683 692 2892 761 penitus
2923 693 3038 746 :sic
3080 693 3330 746 nimirum
3371 703 3427 747 et
3469 691 3720 748 Christus
3746 708 3782 746 a

2177 785 2490 840 centurione
2519 785 2731 855 quidem
2761 787 2982 840 multam
3009 795 3063 840 et
3084 787 3394 839 immensam
3429 785 3585 840 ﬁdem
3612 801 3784 841 acce-

2178 876 2288 947 pit,
2318 876 2386 930 ab
2422 876 2521 931 hoc
2549 885 2725 932 autem
2769 878 3030 932 minorem
3055 917 3073 943 ,
3099 877 3167 930 ab
3195 877 3288 930 illo
3317 892 3447 930 vero
3486 878 3782 947 nequidcm

2180 968 2508 1023 mediocrem
2530 1010 2546 1035 ,
2575 979 2629 1024 et
2659 977 2834 1023 tamen
2861 984 3048 1024 omnes
3079 970 3305 1022 sanavit.
3331 967 3601 1038 Curigitut
3631 969 3785 1024 [tunc

2180 1077 2393 1134 quoque
2414 1066 2503 1135 qui
2545 1065 2677 1119 nihil
2711 1065 3048 1132 contulerat,
3079 1065 3340 1123 beneﬁcio
3369 1065 3615 1135 dignatus
3647 1075 3734 1120 est
3755 1064 3783 1116 ?

2182 1158 2334 1225 Quod
2367 1175 2472 1213 non
2499 1174 2609 1229 pra:
2632 1159 2797 1214 nimia
2823 1159 3144 1230 negligentia
3162 1201 3178 1226 ,
3221 1173 3321 1212 nec
3348 1158 3416 1213 ob
3444 1159 3636 1212 animae
3656 1167 3785 1214 stu-

2183 1264 2390 1318 porem,
2419 1249 2512 1304 sed
2541 1249 2682 1320 quod
2703 1248 2978 1303 Christum
3000 1247 3218 1302 minime
3238 1257 3440 1312 nosset,
3467 1247 3787 1317 nullumque

2185 1357 2406 1410 parvum
2438 1351 2526 1395 aut
2560 1356 2810 1410 magnum
2837 1340 2906 1395 de
2933 1340 3024 1394 illo
3046 1339 3361 1393 miraculum
3389 1337 3678 1404 audiisset,
3710 1342 3784 1392 ti-

2184 1434 2306 1489 dem
2356 1450 2462 1489 non
2499 1433 2824 1488 exhibuerit.
2855 1432 3058 1487 Idcirco
3085 1447 3214 1500 ergo
3242 1432 3452 1485 veniam
3495 1431 3728 1484 obtinuit
3762 1448 3780 1483 :

2185 1527 2325 1596 quod
2350 1537 2402 1581 et
2433 1527 2662 1581 obscure
2687 1526 2927 1580 indicans
2947 1524 3270 1593 evangelista
3301 1522 3436 1576 dixit
3459 1540 3471 1574 :
3498 1519 3779 1576 Nesciebat

2186 1622 2318 1674 enim
2346 1621 2456 1688 quis
2497 1629 2622 1674 esset
2651 1617 2828 1690 (Joan.
2853 1619 2906 1671 5.
2938 1615 3038 1688 15)
3063 1659 3077 1682 ,
3109 1631 3294 1671 verum
3329 1631 3396 1669 ex
3422 1621 3638 1684 aspectu
3662 1614 3790 1668 solo

2190 1716 2337 1768 illum
2369 1715 2604 1784 agnovit,
2636 1729 2756 1767 cum
2782 1713 2833 1766 iu
2859 1713 3033 1782 ipsum
3067 1711 3257 1764 iterum
3287 1708 3491 1763 incidit.

2261 1809 2314 1862 5.
2355 1807 2580 1875 Quidam
2612 1805 2774 1876 igitur
2797 1804 2983 1859 dicunt
3007 1803 3147 1857 hunc
3173 1811 3414 1856 curatum
3444 1800 3623 1864 fuisse,
3657 1813 3787 1853 cum

2193 1900 2291 1968 illi,
2317 1900 2406 1968 qui
2433 1898 2761 1962 obtulerant,
2791 1895 3147 1951 credidissent
3184 1902 3388 1947 tantum
3418 1909 3430 1944 :
3459 1891 3552 1945 sed
3575 1905 3680 1944 non
3711 1891 3788 1943 ita

2190 2001 2292 2049 est.
2331 1991 2519 2046 Viden:
2539 1990 2681 2045 enim
2710 1989 2863 2058 ﬁdem
2894 1987 3125 2050 illorum,
3159 2000 3264 2039 non
3296 1999 3480 2038 eorum
3510 1982 3597 2052 qui
3621 1982 3790 2035 obtu-

2196 2086 2376 2140 lerunt
2399 2092 2627 2149 tantum,
2661 2081 2755 2136 sed
2779 2089 2834 2135 et
2857 2079 3022 2150 ipsius
3041 2077 3132 2148 qui
3160 2076 3371 2131 oblatus
3395 2082 3494 2128 est.
3525 2071 3664 2140 Quid
3691 2070 3796 2141 igi-

2194 2177 2312 2230 tur?
2338 2175 2508 2230 altero
2533 2173 2785 2229 credente
2809 2171 2943 2226 alter
2973 2186 3076 2224 non
3099 2166 3361 2222 sanatur?
3389 2164 3531 2219 dicet
3564 2163 3788 2232 aliquis.

2197 2271 2311 2325 Non
2341 2267 2588 2339 equidem
2617 2265 2870 2329 arbitror,
2903 2263 3002 2316 nisi
3034 2260 3172 2315 forte
3196 2260 3240 2313 si
3263 2257 3348 2312 vel
3377 2264 3591 2326 propter
3611 2252 3795 2307 anatis

2197 2363 2658 2424 immaturitatem,
2685 2359 2768 2412 vel
2785 2357 2858 2412 ob
2876 2355 3092 2410 nimiam
3118 2352 3478 2407 inﬁrmitatem
3500 2348 3797 2402 destitutus

2199 2455 2404 2508 viribus
2444 2451 2668 2506 credere
2696 2457 2943 2518 nequeat.
2989 2443 3269 2512 Quomodo
3297 2442 3456 2512 igitur
3484 2441 3535 2494 in
3562 2439 3796 2493 historia

2197 2545 2535 2604 Chananaéae,
2567 2541 2771 2610 inquit,
2800 2537 3028 2594 credidit
3056 2535 3270 2606 quidem
3300 2543 3487 2595 mater,
3522 2531 3626 2584 ﬁlia
3661 2544 3798 2583 vero

2199 2644 2384 2690 sanata
2407 2633 2532 2687 est?
2561 2642 2615 2686 et
2639 2645 2761 2685 cum
2787 2627 3032 2683 centurio
3063 2625 3253 2680 fuisset
3290 2622 3626 2684 incredulus,
3657 2634 3802 2688 quo-

2201 2727 2360 2783 modo
2391 2741 2522 2796 puer
2547 2723 2801 2788 surrexit,
2833 2731 2888 2776 et
2913 2721 3092 2775 salvus
3117 2716 3333 2773 evasit?
3361 2712 3511 2782 Quod
3539 2713 3797 2765 nimirum

2200 2818 2422 2872 credere
2449 2814 2672 2869 minime
2700 2819 2920 2882 possent
2942 2807 3152 2880 mgroti.
3183 2805 3319 2861 Audi
3349 2818 3478 2858 sane
3502 2801 3623 2872 Quid
3650 2799 3802 2854 Cha-

2202 2923 2386 2964 nautea
2432 2907 2598 2962 dicit:
2633 2904 2773 2959 Filia
2813 2919 2923 2957 mea
2967 2901 3098 2954 male
3136 2916 3169 2952 a
3197 2897 3445 2952 dicmonio
3485 2903 3711 2956 vexatur,
3745 2899 3804 2944 et

2204 3017 2335 3055 nunc
2376 2999 2578 3070 quidem
2628 2997 2763 3050 cadit
2809 2996 2862 3048 in
2909 3008 3094 3062 aquam
3118 3031 3134 3057 ,
3170 3005 3302 3043 nunc
3343 2995 3512 3040 autem
3545 2985 3596 3036 in
3626 2984 3804 3052 ignem

2204 3095 2286 3166 (a)
2316 3093 2528 3166 (Matth.
2571 3091 2657 3146 15.
2691 3088 2783 3158 2‘2)
2825 3105 2838 3140 :
2873 3087 2961 3141 illa
2991 3099 3118 3140 vero
3148 3083 3407 3150 vertigine
3436 3079 3706 3141 laborans,
3742 3083 3806 3128 et

2205 3201 2234 3239 a
2261 3185 2505 3240 daemone
2547 3189 2826 3249 correpta,
2857 3190 3082 3247 qumque
3128 3185 3415 3241 numquam
3454 3167 3645 3222 mentis
3685 3179 3807 3219 suae

2207 3289 2428 3345 compos
2457 3288 2578 3328 esse
2607 3279 2832 3342 poterat,
2858 3282 3031 3338 neque
3055 3279 3182 3320 sana
3212 3277 3354 3329 esse,
3377 3273 3482 3331 quo
3506 3268 3659 3331 pacto
3679 3272 3807 3311 cre-

2207 3370 2336 3424 dere
2366 3364 2662 3437 petnisset?

2288 3459 2468 3513 Fidem
2493 3456 2709 3510 ostendit
2742 3452 3044 3522 Paralytici.
3073 3479 3145 3490 —
3170 3448 3235 3503 Ut
3261 3448 3418 3517 igitur
3436 3442 3571 3514 apud
3591 3441 3813 3496 Chana-

2212 3566 2380 3606 nazam
2407 3591 2422 3614 ,
2464 3550 2542 3603 sic
2573 3558 2625 3602 et
2659 3545 2798 3616 apud
2844 3543 3250 3606 centurionem;
3285 3540 3336 3593 in
3364 3537 3564 3592 uadibus
3588 3533 3813 3604 jacebat

2213 3659 2366 3715 puer,
2398 3643 2488 3712 qui
2519 3655 2617 3695 nec
2640 3640 2752 3709 ipse
2773 3645 2995 3691 noverat
3021 3634 3315 3695 Christum,
3345 3644 3516 3698 neque
3539 3628 3659 3697 quis
3681 3634 3816 3678 tan-

2219 3740 2338 3791 dem
2367 3745 2508 3790 esset
2530 3775 2544 3799 ,
2589 3733 2676 3802 qui
2704 3730 2962 3801 potuisset
2999 3728 3159 3797 igitur
3187 3725 3236 3779 ei
3258 3738 3415 3794 quem
3453 3736 3558 3775 non
3585 3725 3817 3772 noverat

2215 3828 2468 3892 credere,
2495 3833 2548 3880 et
2573 3825 2725 3892 cujus
2756 3820 3050 3890 periculum
3092 3817 3293 3871 nullum
3317 3811 3545 3868 fecerat?
3573 3813 3638 3864 At
3658 3809 3816 3863 enim

2216 3921 2284 3975 de
2316 3920 2417 3972 hoc
2441 3917 2624 3970 dicere
2652 3912 2792 3967 istud
2835 3926 2941 3965 non
2975 3910 3096 3963 licet
3131 3925 3143 3961 :
3174 3905 3432 3976 siquidem
3458 3901 3683 3956 credidit
3712 3914 3822 3969 pa-

2219 4011 2489 4082 ralyticus.
2522 4006 2675 4062 Unde
2706 4004 2756 4059 id
2782 4001 3028 4057 constat?
3060 4001 3138 4054 Ex
3179 3998 3294 4066 ipso
3340 3995 3532 4056 modo,
3564 4007 3669 4060 quo
3717 3990 3828 4044 ad-

2220 4105 2416 4159 ductus
2445 4113 2551 4157 est.
2577 4099 2760 4168 Neque
2785 4098 2928 4151 enim
2960 4093 3085 4148 illud
3107 4093 3396 4146 oscitanter
3418 4086 3601 4140 audias
3621 4128 3633 4148 ,
3667 4083 3823 4154 quod

2221 4197 2552 4250 demiserunt
2583 4207 2703 4246 eum
2742 4205 2835 4258 per
2859 4197 3056 4242 tectum
3085 4203 3097 4236 :
3123 4182 3216 4238 sed
3242 4197 3361 4235 cum
3403 4180 3580 4233 animo
3603 4187 3697 4231 tuo
3727 4191 3827 4230 re—

2225 4297 2348 4356 puta
2374 4328 2388 4350 ,
2435 4293 2690 4354 quantum
2722 4281 2791 4334 sit
2820 4287 3076 4348 :egrotum
3105 4274 3154 4328 id
3192 4273 3297 4342 pati
3334 4279 3640 4326 contentum
3669 4281 3822 4322 esse.

2228 4379 2401 4434 Probe
2431 4375 2691 4446 siquidem
2725 4372 2894 4426 nostis
2925 4369 3060 4422 adeo
3086 4365 3452 4436 pusillanimes
3480 4376 3543 4415 ac
3571 4374 3830 4413 morosos

2228 4487 2400 4542 aegros
2427 4485 2566 4533 esse,
2597 4475 2656 4521 ut
2687 4463 2979 4518 ministeria
3015 4477 3133 4530 quae
3153 4457 3451 4527 jacentibus
3482 4455 3532 4508 in
3557 4453 3695 4506 lecto
3727 4451 3835 4505 de-

2228 4563 2500 4624 feruntur,
2535 4569 2904 4629 smpenumero
2929 4552 3310 4609 adversentur,
3351 4545 3638 4614 malintqtte
3670 4557 3834 4594 mor-

2231 4659 2420 4712 borum
2449 4653 2665 4707 dolores
2707 4648 2944 4718 perferre
2967 4686 2981 4709 ,
3023 4658 3180 4713 quam
3213 4638 3482 4693 molestias
3508 4649 3692 4690 eorum
3733 4633 3834 4702 qui

2230 4747 2484 4817 adjuvant
2533 4742 2816 4797 sustinere.
2874 4737 2976 4791 Iste
3019 4749 3147 4788 vero
3193 4741 3247 4785 et
3287 4746 3353 4784 ex
3402 4728 3604 4782 mdibus
3638 4724 3837 4794 egredi

2231 4846 2514 4892 contentus
2543 4840 2678 4896 erat,
2703 4839 2760 4885 et
2782 4843 2875 4898 per
2902 4826 3074 4880 forum
3108 4820 3332 4892 ingredi,
3357 4834 3477 4873 cum
3501 4825 3837 4885 gestaremr,

2240 4943 2403 4998 seque
2427 4935 2504 4980 tot
2535 4921 2888 4994 prmsentihus
2918 4915 3225 4972 hominibus
3253 4909 3557 4964 ostendere.
3593 4907 3682 4960 E-t
3730 4907 3844 4961 [mc

2234 4997 2392 5076 etiam
2418 5019 2470 5072 in
2501 5030 2649 5070 more
2679 5013 2909 5084 positum
2940 5016 3282 5077 a~grotorum,
3317 5001 3398 5075 [σι
3427 5016 3531 5054 non
3557 4997 3712 5051 facile
3736 5013 3845 5049 ve-

2235 5113 2335 5167 lint
2361 5109 2526 5165 ullum
2554 5121 2666 5162 sum
2695 5099 3022 5172 a‘gritudinis
3048 5112 3169 5151 esse
3196 5089 3409 5164 testem]
3442 5107 3457 5143 :
3490 5090 3567 5143 sic
3590 5096 3645 5140 ut
3677 5088 3847 5141 multi

2237 5202 2522 5260 maluerint
2547 5195 2788 5268 oppressi
2817 5192 3016 5246 morbis
3044 5188 3278 5250 interire,
3311 5199 3468 5254 quam
3496 5179 3845 5235 calamitates

2237 5312 2362 5351 suas
2383 5294 2652 5362 detegere.
2698 5289 2766 5344 At
2787 5301 2888 5340 non
2933 5285 3003 5338 ita
3047 5297 3188 5351 aéger
3214 5281 3344 5341 iste,
3377 5289 3564 5328 verum
3591 5287 3717 5326 cum
3750 5287 3851 5324 re-

2239 5390 2440 5459 pletum
2469 5383 2673 5438 videret
2702 5381 2990 5436 theatrum,
3030 5373 3206 5428 aditus
3236 5366 3553 5424 interclusos
3572 5403 3588 5428 ,
3619 5372 3848 5431 portum

2242 5454 2563 5549 obseptum,
2601 5489 2693 5544 per
2735 5480 2931 5526 tectum
2977 5465 3184 5521 demitti
3223 5469 3509 5516 contentus
3541 5456 3658 5509 luit.
3685 5454 3852 5509 Adeo

2240 5545 2414 5630 Solers
2437 5577 2520 5624 est
2549 5579 2721 5629 amor,
2750 5572 2804 5617 et
2832 5559 3068 5629 locuples
3094 5555 3308 5610 caritas.
3340 5550 3472 5604 Nam
3499 5547 3589 5617 qui
3616 5545 3851 5616 quaerit,

2311 5748 2383 5811 (a)
2419 5745 2498 5795 llic
2523 5740 2742 5807 qtttcdam
2765 5738 3050 5802 adjiciuntur
3077 5745 3141 5783 ex
3165 5727 3328 5779 atattb.
3360 5725 3430 5775 I7.
3461 5723 3536 5774 14.
