4010 6342
243 288 328 343 ῖἱὸ
1147 291 1212 346 ΙΝ
1244 292 1740 350 PARALYTICUM
1781 295 2133 356 DEMISSUM
2172 303 2306 362 PER
2347 308 2652 368 TECTUM.
3454 314 3524 370 56

233 404 299 456 δὲ
333 406 588 476 ἀνέμεινε
621 405 757 476 πρὸς
792 407 952 461 αὐτὸν
985 411 1331 481 κομισθῆναι,
1366 415 1459 466 καὶ
1483 413 1572 466 διά
1598 414 1650 466 τί
1690 415 1832 466 ἐκεί-

235 506 342 540 νου
387 491 484 560 μὲν
521 490 584 543 τδ
627 492 784 560 σῶμα
831 492 1117 564 πρότερον,
1169 495 1358 548 τούτου
1391 497 1450 548 δέ
1507 496 1604 565 τὴν
1656 497 1835 567 ψυχὴν

228 575 520 645 πρότερον
574 575 740 628 ἰᾶται.
779 577 854 628 Οὑ
911 576 1017 647 γάρ
1075 577 1261 641 ἀπλῶς
1328 579 1449 632 οὑδέ
1495 580 1620 649 εἰκῆ
1661 580 1833 632 ταῦτα

229 661 414 723 ποιεῖ,
449 659 611 728 σοςρδς
662 660 737 712 ὢν
773 663 866 713 καὶ
911 663 1288 732 προνοητικός.
1337 663 1700 735 Προσέχωμεν
1729 663 1836 716 τοί-

230 759 366 805 νυν,
403 745 501 796 καὶ
527 743 725 813 ἴδωμεν
755 744 917 796 αὑτὸν
954 745 1342 816 θεραπεύοντα.
1375 747 1438 798 Εἰ
1467 746 1574 816 γὰρ
1605 747 1698 798 ἐπὶ
1726 746 1835 797 τῶν

234 826 477 895 ἰατρῶν,
524 827 744 879 ἐπειδάν
794 827 1083 897 τέμνωσιν,
1204 831 1452 892 καίωσιν,
1490 829 1522 898 ἢ
1568 829 1662 881 καὶ
1689 827 1835 898 ἄλλῳ

229 912 437 980 τρόπῳ
475 911 873 982 πεπηρωμένον
903 914 996 964 καὶ
1045 913 1448 984 ἐξησθενηκότα
1490 913 1835 980 ἀνατέμνων-

230 1010 360 1056 ται,
391 994 488 1046 καὶ
511 995 891 1064 κατατέμνωσι
925 994 1103 1065 μέλος,
1137 997 1321 1049 πολλοὶ
1343 995 1832 1067 περιστοιχίζονται

228 1080 336 1134 τόν
379 1097 440 1132 τε
493 1081 776 1151 ἄρρωστον
811 1080 903 1132 καλ⁸
954 1081 1046 1133 τὸν
1093 1080 1267 1133 ταῦτα
1321 1081 1576 1134 ποιοῦντα
1626 1079 1829 1150 ἰατρὸν,

230 1163 431 1234 πολλῷ
478 1163 677 1233 μᾶλλον
709 1165 858 1233 ἡμᾶς
899 1163 1134 1216 ἐνταῦθα
1162 1163 1320 1216 τοῦτο
1368 1167 1542 1217 ποιεῖν
1573 1163 1697 1234 χρὴ,
1723 1165 1833 1231 ὅσῳ

232 1251 342 1302 καὶ
370 1250 553 1320 ἰατρὸς
585 1247 806 1318 μείζων,
843 1249 936 1301 καὶ
969 1248 1030 1300 τὸ
1064 1249 1275 1318 νόσημα
1308 1248 1708 1318 χαλεπώτερον,
1733 1247 1832 1298 οὐκ

231 1334 566 1405 ἀνθρωπίνῃ
592 1334 778 1403 τέχνῃ,
823 1333 960 1386 ἀλλά
995 1332 1114 1403 θείᾳ
1156 1333 1592 1403 κατορθούμενον
1625 1333 1828 1402 χάριτι.

231 1421 424 1472 Κάκεῖ
452 1420 551 1488 μὲν
601 1420 694 1470 καὶ
731 1419 910 1488 δέρμα
959 1417 1106 1471 ἑστιν
1159 1418 1286 1470 ἰδεῖν
1336 1420 1688 1488 τεμνόμενον,
1739 1417 1831 1468 καὶ

234 1503 424 1572 ίχῶρα
460 1502 674 1571 ῥέοντα,
713 1502 804 1554 καὶ
831 1501 1095 1572 σηπεδόνα
1127 1501 1473 1571 κινουμένην,
1505 1501 1596 1552 καὶ
1631 1499 1829 1570 πολλὴν

229 1587 437 1656 ἀηδίαν
468 1586 578 1638 ἀπὸ
605 1585 704 1653 τῆς
732 1585 964 1655 Θεωρίας
992 1585 1354 1656 ἐγγινομένην
1393 1586 1704 1654 ὑπομεῖναι,
1737 1585 1830 1636 καὶ

231 1669 448 1739 πολλὴν
498 1669 692 1738 ὀδύνην
723 1671 818 1720 καὶ
851 1669 1048 1737 λύπην,
1093 1668 1193 1720 οὑκ
1225 1669 1332 1721 ἀπὸ
1371 1669 1470 1735 τῆς
1513 1668 1690 1736 ὅψεως
1720 1667 1829 1719 τῶν

226 1753 578 1824 τραυμάτων
611 1753 792 1822 μόνον,
819 1752 957 1804 ἀλλά
998 1752 1090 1803 καὶ
1118 1751 1226 1803 ἀπὸ
1265 1751 1364 1820 τῆς
1405 1751 1695 1820 ἀλγηδόνος
1722 1750 1828 1801 τῶν

228 1837 553 1906 καιομένων
601 1836 694 1888 καὶ
738 1836 846 1887 τῶν
897 1834 1278 1903 τεμνομένωνο
1314 1834 1487 1897 οὐδεὶς
1529 1835 1636 1905 γάρ
1686 1833 1828 1886 οὑτω

228 1920 468 1986 λίθινος,
532 1921 607 1985 ὡς
655 1919 943 1992 παρεστὼς
999 1921 1112 1980 τοῖς
1169 1918 1342 1971 ταῦτα
1400 1921 1688 1990 πάσχουσι,
1738 1921 1829 1972 καὶ

228 2006 462 2059 ἀκούων
502 2004 884 2068 ὀλολυζόντων,
929 2001 1048 2072 οὐχὶ
1082 2001 1443 2066 κατακλᾶται,
1489 2005 1584 2056 καὶ¹
1615 2005 1829 2072 συγχεῖ-

227 2108 354 2154 ται,
387 2092 483 2142 καὶ
517 2089 716 2160 πολλὴν
750 2091 814 2158 τῇ
848 2088 993 2158 ψυχῇ
1036 2085 1248 2156 δέχεται
1278 2087 1376 2158 τὴν
1407 2087 1644 2158 ἀθυμίαν
1665 2107 1676 2118 ’
1712 2088 1825 2141 ἀλλ’

227 2175 394 2244 ὅμως
424 2174 514 2227 διὰ
559 2175 657 2246 τὴν
693 2174 990 2244 ἐπιθυμίαν
1021 2177 1121 2244 τῆς
1163 2175 1396 2246 θεωρίας
1439 2172 1611 2225 ταῦτα
1649 2171 1827 2224 πάντα

229 2258 611 2328 ὑπομένομεν.
661 2257 922 2309 Ἐνταῦθα
949 2258 1004 2310 δέ
1037 2258 1188 2311 οὐδὲν
1226 2257 1464 2310 τοιοῦτον
1496 2256 1640 2309 ἐστιν
1677 2255 1824 2319 ίδεῖν,

227 2341 298 2393 οὑ
335 2340 452 2411 πῦρ
483 2341 914 2412 προσαγόμενον,
943 2342 1002 2393 οὑ
1032 2341 1249 2412 σίδηρον
1284 2339 1701 2411 βαπτιζόμενον,
1729 2337 1826 2406 οὐχ

229 2419 385 2494 αἷμα
418 2425 562 2494 ρέον,
601 2425 662 2476 οὐ
696 2425 787 2476 τὸν
822 2425 1099 2496 κάμνοντα
1130 2423 1484 2496 ὀδυνώμενον,
1515 2422 1615 2476 οὑκ
1645 2420 1828 2474 ὀλολύ-

229 2506 438 2569 ζοντα·
474 2508 534 2559 τὸ
568 2508 624 2560 δέ
655 2507 849 2572 αἴτιον,
889 2510 922 2577 ἡ
965 2509 1126 2577 σοφία
1157 2508 1252 2561 τοῦ
1283 2506 1643 2578 ἰατρεύοντος,
1681 2505 1828 2558 οὐδε-

227 2590 328 2652 νὸς
359 2589 588 2661 δεομένη
612 2591 817 2644 τούτων
843 2591 951 2644 τῶν
975 2591 1195 2655 ἔξωθεν,
1221 2591 1339 2644 ἀλλ’
1368 2590 1507 2660 αὑτὴ
1538 2591 1702 2660 ἑαυτῇ
1732 2591 1826 2641 αὑ-

226 2675 454 2744 τάρκης
484 2672 636 2729 οὖσα.
683 2675 871 2744 Ἀρκεῖ
892 2673 1000 2744 γάρ
1021 2673 1273 2738 ἐπιτάξαι
1307 2674 1487 2744 μόνον,
1525 2673 1618 2725 καὶ
1649 2674 1827 2728 πάντα

227 2756 433 2808 λύεται
461 2758 527 2808 τά
553 2757 720 2811 δεινά.
755 2759 830 2810 υὺ
861 2757 1020 2810 τοῦτο
1052 2757 1109 2810 δέ
1140 2761 1256 2810 ἐστι
1297 2757 1356 2810 τὺ
1388 2757 1823 2828 θαυμαζόμενον,

226 2839 319 2891 δτι
362 2841 480 2909 μετ’
530 2841 779 2904 εὐκολίας
821 2841 1093 2912 τοσαύτης
1131 2843 1366 2894 ποιεῖται
1413 2841 1512 2912 τὴν
1561 2841 1824 2909 ἰατρείαν,

227 2922 363 2974 ἀλλ’
386 2925 469 2977 δτι
493 2924 589 2978 καὶ
613 2925 918 2989 ἀνωδύνως,
946 2925 1133 2978 οὐδένα
1160 2926 1322 2978 πόνον
1349 2925 1568 2993 ἐπάγων
1596 2928 1709 2987 τοῖς
1735 2924 1825 2976 θε-

230 3009 658 3077 ραπευομένοις.
700 3009 853 3062 Ἐπεὶ
905 3006 997 3062 οὖν
1038 3009 1131 3062 καὶ
1163 3009 1345 3079 μεῖζον
1373 3007 1434 3060 τὸ
1487 3007 1692 3078 θαῦμα,
1732 3008 1828 3060 καὶ

233 3090 517 3162 πλείωνή
569 3093 854 3164 θεραπεία,
903 3093 998 3147 καὶ
1041 3092 1256 3164 καθαρά
1299 3093 1480 3162 πάσης
1531 3091 1826 3162 ἁθυμίαςή

229 3172 408 3244 ἡδονὴ
455 3178 568 3238 τοῖς
603 3175 917 3248 θεωμένοις,
951 3177 1086 3248 φέρε
1129 3175 1267 3247 μετά
1309 3175 1595 3246 ἀκριϐείας
1622 3173 1828 3228 θεασώ-

235 3274 308 3326 με
317 3257 390 3310 θα
409 3258 780 3330 θεραπεύοντα
793 3262 885 3315 τὸν
901 3261 1155 3333 Χριστόν.
1177 3261 1285 3314 Καὶ
1307 3261 1491 3330 ἐμϐὰς
1509 3262 1596 3325 είς
1613 3259 1828 3314 πλοῖον

230 3338 585 3410 διεπέρασε,
623 3345 720 3398 καὶ
757 3341 946 3415 ἦλθεν
994 3348 1080 3412 εἰς
1120 3345 1280 3399 ἰδίαν
1317 3344 1518 3408 πόλιν,
1555 3345 1651 3397 καὶ
1698 3343 1826 3396 ὶδοὺ

231 3426 674 3496 προσήνεγκαν
703 3430 864 3493 αὐτῷ
907 3429 1316 3497 παραλυτικὸν
1345 3428 1444 3481 ἐπὶ
1483 3429 1699 3494 κλίνης
1722 3429 1828 3491 βε-

229 3509 577 3578 βλημένον,
624 3513 721 3566 καὶ
753 3513 896 3567 ἰδὼν
923 3517 955 3568 ὀ
989 3513 1220 3581 Ἰησοῦς
1251 3512 1367 3580 τὴν
1392 3512 1602 3565 πίστιν
1630 3511 1829 3565 αὐτῶν

232 3588 378 3646 εἷπε
407 3591 489 3658 τῷ
535 3595 949 3664 παραλυτικῷ·
988 3596 1224 3666 Θάρσει,
1251 3595 1489 3660 τέκνον,
1533 3594 1830 3663 ἀφέωνταί

238 3693 346 3729 σοι
382 3681 440 3729 αἱ
475 3678 750 3747 ἁμαρτίαι
788 3695 926 3734 σου.
964 3681 1070 3734 Τοῦ
1108 3681 1206 3751 μέν
1235 3681 1628 3751 ἑκατοντάρχου
1669 3679 1828 3732 ἐλάτ-

234 3776 374 3821 τους
411 3762 518 3813 εἰσὶ
540 3764 678 3816 κατά
707 3763 804 3834 τὴν
839 3763 1040 3829 πίστιν,
1071 3763 1166 3816 τοῦ
1197 3763 1253 3815 δέ
1285 3765 1341 3815 ἐν
1371 3765 1437 3833 τῇ
1471 3762 1828 3835 κολυμϐήθρᾳ

237 3842 490 3912 μείζους.
534 3846 771 3910 Ἐκεῖνος
805 3847 902 3917 μὲν
924 3846 1032 3918 γὰρ
1065 3845 1186 3899 οὐτε
1215 3846 1306 3898 τὸν
1338 3847 1520 3916 ἰατρὸν
1557 3847 1824 3910 εἵλκυσεν,

233 3925 373 3980 οὔτε
424 3928 514 3982 τὸν
574 3933 852 4001 ἄρρωστον
886 3932 1023 4002 πρὸς
1075 3931 1166 3983 τὸν
1212 3931 1395 4002 ἰατρὸν
1440 3932 1678 4002 ἤγαγεν·
1715 3931 1830 3984 ἀλλ’

235 4010 319 4073 ὡς
355 4009 473 4080 Θεῷ
525 4013 818 4083 προσῆλθε,
859 4014 952 4068 καί
1000 4030 1196 4085 φησιν’
1235 4013 1384 4067 Εἰπὲ
1414 4015 1576 4083 λόγῳ
1611 4016 1825 4082 μόνον,

234 4092 347 4145 καὶ
383 4095 687 4161 ἰαθήσεται
717 4101 750 4150 ὁ
779 4098 917 4164 παῖς
940 4115 1080 4168 μου.
1119 4091 1278 4150 Οῦτοι
1301 4097 1357 4150 δέ
1388 4099 1480 4151 τὸν
1516 4099 1615 4168 μὲν
1647 4098 1828 4167 ἰατρὸν

234 4179 325 4238 εἰς
367 4178 464 4248 τὴν
494 4180 671 4234 οἰκίαν
721 4181 818 4252 οὑχ
849 4181 1123 4246 εἵλκυσαν,
1172 4183 1266 4236 καὶ
1302 4182 1445 4236 κατὰ
1488 4181 1646 4236 τοῦτό
1691 4185 1828 4235 εἰσιν

237 4261 356 4314 ἶσοι
374 4261 451 4331 τῷ
471 4263 842 4336 ἑκατοντάρχῃ
863 4281 876 4296 °
899 4265 990 4318 τὸν
1009 4267 1064 4318 δέ
1081 4266 1361 4337 ἄρρωστον
1384 4265 1521 4337 πρὸς
1536 4266 1626 4319 τὸν
1650 4266 1828 4338 ἰατρὸν

235 4346 535 4415 ἐκόμισαν,
567 4348 662 4400 καὶ
707 4349 849 4401 κατά
900 4348 1056 4402 τοῦτό
1095 4351 1234 4401 εἰσιν
1289 4349 1566 4413 ἐλάττους,
1599 4350 1680 4402 ὅτι
1730 4353 1829 4402 οὑκ

236 4425 424 4490 εἷπον,
459 4431 606 4484 Εἰπὲ
632 4435 790 4500 λόγῳ
805 4433 1016 4499 μόνον.
1055 4433 1161 4486 Τοῦ
1198 4433 1378 4503 μέντοι
1411 4434 1662 4502 κειμένου
1693 4433 1826 4488 πολὺ

238 4513 496 4583 βελτίους
525 4509 686 4569 οῦτοι.
737 4517 972 4579 Ἐκεῖνος
1004 4517 1100 4586 μὲν
1136 4515 1249 4587 [40]
1282 4517 1389 4588 γὰρ
1424 4518 1592 4586 λέγει’
1623 4515 1825 4585 Κύριε,

238 4597 566 4664 ἄνθρωπον
597 4601 706 4651 οὐκ
735 4597 874 4666 ἔχω,
909 4600 1029 4663 ἵνα,
1063 4599 1209 4652 ὅταν
1240 4600 1506 4669 ταραχθῇ
1549 4600 1613 4652 τὸ
1647 4600 1824 4668 ὓδωρ,

233 4680 417 4744 ,ϐάλῃ
458 4697 534 4747 με
558 4684 644 4747 εἰς
674 4681 788 4748 τὴν
815 4683 1238 4751 κολυμϐήθραν
1261 4698 1272 4710 ·
1310 4672 1454 4735 οὑτοι
1486 4683 1540 4735 δέ
1585 4684 1824 4754 ᾔδεισαν,

238 4763 330 4816 ὅτι
366 4763 514 4816 οὑδέν
541 4763 621 4816 δεῖ
647 4765 724 4836 τῷ
767 4765 1008 4836 Χριστῷ,
1051 4766 1147 4834 οὑχ
1187 4765 1412 4829 ὑδάτων,
1445 4767 1504 4819 οὑ
1554 4767 1829 4838 κολυμϐή-

239 4849 407 4919 θρας,
430 4848 528 4900 οὑκ
557 4848 716 4901 ἄλλου
748 4849 990 4903 τοιούτου
1021 4851 1165 4913 τινὸς
1189 4869 1203 4881 ο
1231 4851 1344 4903 ἀλλ’
1367 4852 1516 4920 ὅμως
1540 4853 1567 4903 6
1594 4853 1828 4923 Χριστὸς

241 4936 374 5005 οὐχὶ
419 4934 510 4989 τὸν
546 4935 639 4988 τοῦ
674 4937 1073 5009 ἑκατοντάρχου
1111 4938 1289 5009 μόνον,
1321 4939 1457 4992 ἀλλά
1499 4941 1594 4993 καὶ
1640 4941 1827 4994 τοῦτον

239 5025 502 5078 κάκεῖνον
538 5024 647 5078 τῶν
676 5027 1003 5097 νοσημάτων
1037 5027 1330 5096 ἀπήλλαξε,
1376 5029 1468 5080 καὶ
1505 5029 1604 5082 οὐκ
1635 5026 1788 5084 εἶπεν
1809 5045 1824 5060 ⁸

254 5107 486 5179 Ἐπειδὴ
499 5111 681 5165 πίστιν
696 5111 958 5169 ἐλάττονα
978 5117 1378 5184 προσήνεγκας,
1416 5115 1510 5168 καὶ
1537 5115 1635 5187 τὴν
1665 5118 1829 5188 θερα-

241 5199 412 5252 πείαν
457 5199 717 5264 ὡσαύτως
761 5201 942 5274 λήψῃ·
986 5203 1122 5256 ἀλλά
1153 5204 1244 5256 τὸν
1293 5204 1516 5274 μείζονα
1560 5207 1828 5274 ἐπιδειξά-

244 5303 414 5357 μενον
473 5290 586 5356 μετ’
619 5289 906 5360 ἐγκωμίων
937 5291 1030 5344 καὶ
1066 5293 1346 5361 στεφάνων
1392 5294 1715 5365 ἀπέπεμψεν
1748 5300 1826 5351 εί-

239 5373 370 5427 πών
388 5391 403 5404 ·
431 5373 583 5427 Οὐδὲ
602 5375 670 5427 ἐν
691 5374 772 5441 τῷ
808 5377 1044 5446 Ἰσραὴλ
1065 5380 1370 5448 τοσαύτην
1393 5383 1601 5436 πίστιν
1623 5379 1821 5451 εὗρον.

240 5462 356 5517 Τὸν
382 5462 441 5516 δὲ
470 5463 725 5518 ἐλάττονα
768 5471 1275 5538 προσενεγκάμενον
1316 5472 1525 5524 ἐκείνου
1568 5473 1668 5526 οὑκ
1694 5473 1827 5544 ἐπῄ-

243 5567 407 5606 νεσεν
435 5551 606 5614 οὐδὲν,
643 5555 702 5606 οὐ
754 5555 863 5626 μὴν
902 5557 999 5627 τῆς
1045 5557 1232 5625 ὑγείας
1280 5558 1672 5630 ἀπεστέρησεν,
1709 5562 1824 5614 ἀλλ’

241 5638 370 5692 οὐδὲ
390 5641 594 5695 ἐκεῖνον
615 5642 704 5695 τὸν
726 5644 980 5716 οὐδεμίαν
1004 5646 1408 5718 ἐπιδειξάμενον
1430 5649 1631 5704 πίστιν.
1666 5651 1824 5706 Ἀλλά

246 5727 504 5802 καθάπερ
551 5733 722 5804 ἰατροὶ
753 5733 816 5787 τὺ
842 5735 973 5788 αὐτὸ
1003 5736 1217 5807 νόσημα
1248 5737 1637 5806 θεραπεύοντες
1673 5744 1822 5812 παρά

1948 420 2047 488 μὲν
2079 423 2186 475 τῶν
2220 425 2415 480 ἑκατὸν
2436 429 2723 498 χρυσίνους
2753 428 2963 494 ἔλαϐον,
2999 432 3145 503 παρὰ
3174 432 3228 485 δέ
3261 432 3367 486 τῶν
3395 433 3527 504 ἡμί-

1945 528 2076 574 σεις,
2114 514 2262 584 παρά
2285 516 2390 568 τῶν
2421 518 2699 583 ἐλάσσους,
2737 520 2866 589 παρ’
2898 520 3055 573 ἐνίων
3087 522 3142 574 δὲ
3171 521 3319 576 οὑδέν
3349 521 3484 586 ὅλως
3504 537 3520 551 ·

1942 602 2083 655 οὑτω
2107 603 2168 673 δὴ
2205 606 2300 658 καὶ
2322 607 2350 658 6
2379 610 2632 678 Χριστὸς,
2668 611 2818 681 παρὰ
2851 612 2948 680 μὲν
2978 611 3071 664 τοῦ
3120 613 3521 683 ἑκατοντάρχου

1945 697 2142 767 πολλὴν
2169 701 2262 752 καλ⁸
2294 699 2499 769 ἄφατον
2543 702 2761 766 ἐδέξατο
2810 704 3011 766 πίστιν,
3046 703 3198 773 ποιρά
3228 703 3282 756 δέ
3331 705 3521 757 τούτου

1941 788 2218 852 ἐλάττονα,
2271 796 2401 863 παρ’
2451 795 2657 847 ἐκείνου
2688 794 2746 847 δὲ
2784 795 2904 848 οὐδὲ
2933 797 3030 864 τὴν
3078 797 3367 866 τυχοῦσαν,
3413 799 3510 850 καὶ

1940 882 2088 951 ὅμως
2116 883 2360 948 ἅπαντας
2391 885 2747 957 ἐθεράπευσε.
2780 887 2934 950 Τίνος
2969 883 3061 940 οὖν
3089 888 3272 941 ἐνεκεν
3305 890 3396 941 καὶ
3427 889 3518 941 τὺν

1939 975 2092 1027 οὐδὲν
2141 978 2511 1031 καταϐαλόντα
2549 979 2646 1049 τῆς
2699 979 3017 1048 εὐεργεσίας
3073 979 3337 1048 ἠξίωσεν;
3392 981 3516 1032 Ὅτι

1939 1066 2057 1118 οὑδέ
2087 1068 2234 1137 παρὰ
2271 1069 2562 1139 ρᾳθυμίαν,
2595 1071 2714 1122 οὑδέ
2743 1072 2889 1141 παρά
2924 1072 3276 1140 ἀναισθησίαν
3309 1073 3509 1141 ψυχῆς,

1940 1158 2074 1210 ἀλλά
2107 1160 2257 1230 παρά
2287 1161 2345 1212 τὸ
2389 1163 2600 1228 ἀγνοεῖν
2638 1161 2727 1214 τὸν
2756 1163 2987 1233 Χριστὸν
3020 1165 3113 1216 καὶ
3150 1164 3316 1234 μηδὲν
3353 1164 3516 1234 μηδέ-

1942 1266 2066 1301 ποτε
2102 1252 2236 1320 μήτε
2287 1253 2478 1322 μικρὸν
2515 1255 2647 1324 μήτε
2685 1255 2824 1324 μέγα
2855 1256 3149 1325 ἀκηκοέναι
3192 1257 3319 1326 περὶ
3349 1255 3516 1307 αὑτοῦ

1939 1341 2144 1411 θαῦμα,
2169 1343 2267 1412 τὴν
2297 1344 2476 1395 πίστιν
2505 1346 2604 1397 οὑκ
2631 1344 2959 1410 ἐπεδείξατο.
2990 1347 3085 1398 Διά
3119 1346 3275 1398 τοῦτο
3296 1343 3386 1398 οὖν
3420 1346 3514 1398 καὶ

1941 1429 2266 1501 συγγνώμης
2299 1432 2608 1502 ἀπήλαυσεν
2627 1446 2640 1460 ⁸
2670 1433 2806 1504 ὅπερ
2831 1430 2923 1486 οὖν
2951 1435 3042 1487 καὶ
3071 1436 3098 1486 6
3124 1433 3514 1502 εὐαγγελιστὴς

1938 1519 2307 1588 αἰνιττόμενος
2337 1519 2521 1587 ἑλεγεν
2539 1538 2551 1550 ·
2571 1521 2722 1573 Οὐδὲ
2741 1521 2849 1589 γὰρ
2881 1521 3031 1590 ᾔδει,
3055 1521 3225 1586 ὅστις
3245 1520 3389 1573 ποτὲ
3412 1517 3509 1588 ἦν,

1937 1609 2050 1661 ἀλλ’
2081 1609 2140 1673 ἐξ
2176 1609 2350 1680 ὅψεως
2383 1613 2542 1665 αὐτὸν
2576 1613 2744 1683 μόνης
2785 1613 3018 1683 ἐπέγνω,
3053 1615 3141 1666 ὅτε
3173 1617 3236 1665 ἐκ
3260 1613 3511 1682 δευτέρου

1940 1702 2246 1770 συνέτυχεν.

2007 1793 2066 1848 ε’.
2109 1795 2264 1858 Τινές
2297 1795 2393 1866 μὲν
2425 1790 2516 1848 οὖν
2550 1813 2730 1864 φασιν,
2762 1797 2843 1849 ὃτι
2871 1796 2978 1849 τῶν
3032 1796 3515 1866 προσενεγκάντων

1937 1887 2344 1940 πιστευσάντων
2406 1889 2584 1958 μόνον,
2629 1883 2782 1951 οὗτος
2831 1887 3222 1960 ἐθεραπεύετοο
3274 1887 3384 1940 ἀλλ’
3415 1888 3515 1940 οὐκ

1940 1979 2055 2032 ἑστι
2077 1979 2254 2033 τοῦτο.
2299 1979 2466 2034 Ἰδὼν
2493 1980 2600 2051 γάρ
2638 1979 2753 2048 τὴν
2783 1981 2991 2033 πίστιν
3021 1979 3238 2042 αὐτῶν,
3267 1979 3385 2048 οὐχὶ
3406 1979 3514 2031 τῶν

1935 2074 2415 2141 προσενεγκάντων
2459 2072 2640 2142 μόνον,
2683 2073 2821 2125 ἀλλά
2859 2074 2952 2126 καὶ
2993 2072 3086 2125 τοῦ
3125 2071 3514 2143 προσενεχθέν-

1933 2182 2043 2226 τος.
2077 2165 2140 2217 Τί
2169 2160 2296 2229 οὗν;
2337 2164 2525 2234 ἑτέρου
2579 2164 2964 2228 πιστεύσαντος
3018 2164 3203 2234 ’έτερος
3243 2161 3302 2214 οὑ
3353 2160 3511 2231 θερα-

1935 2258 2188 2321 πεύεταις
2228 2257 2410 2329 φησίν.
2445 2260 2558 2312 Οὐκ
2597 2257 2768 2326 ἔγωγε
2799 2251 2972 2327 οἶμαι,
3007 2255 3143 2324 πλὴν
3178 2257 3226 2306 εἰ
3281 2255 3430 2326 μήτι
3472 2251 3506 2323 ἦ

1933 2349 2021 2402 διὰ
2054 2349 2267 2418 ἡλικίας
2299 2350 2496 2420 ἄωρον,
2541 2349 2575 2420 ἤ
2621 2349 2710 2404 διὰ
2743 2347 3188 2419 ὑπερϐάλλουσαν
3226 2345 3514 2398 ἀσθένειαν

1933 2441 2210 2506 ἀδυνάτως
2243 2442 2356 2512 ἔχει
2391 2444 2527 2513 πρὸς
2567 2443 2628 2496 τὸ
2664 2441 2971 2495 πιστεῦσαι.
3016 2441 3140 2504 Πῶς
3161 2437 3253 2492 οὖν
3298 2439 3388 2490 ἐπὶ
3414 2437 3509 2505 τῆς

1932 2531 2268 2596 Χαναναίας,
2301 2535 2486 2605 φησιν,
2535 2535 2821 2588 ἐπίστευσε
2853 2535 2952 2604 μέν
2995 2535 3028 2602 ἡ
3071 2535 3273 2604 μήτηρ,
3323 2530 3510 2600 ἐθερα-

1935 2633 2132 2686 πεύετο
2155 2633 2211 2685 δέ
2243 2635 2276 2703 ή
2308 2634 2592 2706 θυγάτηρ;
2626 2636 2720 2688 καὶ
2759 2634 2854 2688 τοῦ
2882 2633 3280 2704 ἑκατοντάρχου
3304 2631 3361 2684 δέ
3384 2633 3512 2684 ἀπι-

1937 2731 2233 2800 στήσαντος
2284 2731 2400 2794 πῶς
2447 2734 2475 2785 ὁ
2539 2734 2663 2794 παῖς
2722 2732 3000 2793 ἀνίστατο,
3046 2730 3139 2782 καὶ
3191 2727 3513 2792 διεσώζετο;

1937 2829 2062 2881 Ὀτι
2104 2831 2203 2883 οὐκ
2232 2830 2492 2899 ἠδύναντο
2523 2829 2799 2883 πιστεύειν
2838 2830 2886 2881 οἱ
2913 2827 3213 2889 νοσοῦντες.
3249 2826 3515 2877 ’Ἄκουσον

1933 2923 2026 2980 οῦν
2054 2927 2106 2980 τί
2141 2945 2304 2998 φησιν
2333 2931 2364 2999 ἡ
2416 2931 2723 2984 Χαναναία·
2773 2929 2844 2982 Ἦ
2868 2927 3128 2996 θυγάτηρ
3164 2943 3281 2995 μου
3315 2922 3512 2987 κακῶς

1933 3021 2342 3091 δαιμονίζεται,
2383 3025 2480 3078 καὶ
2517 3025 2662 3078 ποτὲ
2696 3024 2815 3094 μὲν
2870 3024 3063 3079 πίπτει
3108 3024 3194 3087 εὶς
3231 3020 3296 3073 τὸ
3335 3019 3510 3086 ὕδωρ,

1935 3119 2079 3173 ποτὲ
2126 3120 2191 3173 δὲ
2222 3124 2309 3187 εἰς
2340 3122 2406 3174 τὸ
2444 3122 2590 3188 πῦρ·
2639 3122 2673 3191 ή
2707 3121 2762 3174 δέ
2807 3119 3146 3190 σκοτουμένη
3181 3118 3275 3171 καὶ
3305 3118 3511 3186 δαιμω-⁸

1935 3219 2102 3286 νῶσα,
2139 3221 2233 3273 καὶ
2266 3221 2399 3291 μηδέ
2439 3222 2496 3274 ἐν
2541 3223 2706 3290 ἑαυτῇ
2743 3219 3014 3290 δυναμένη
3066 3217 3318 3287 γενέσθαι
3359 3216 3510 3281 ποτέ,

1939 3317 2074 3388 μηδέ
2113 3318 2449 3385 ὑγιαίνουσα,
2487 3319 2606 3380 πῶς
2637 3317 2701 3372 ἂν
2723 3318 2962 3388 ἠδυνήθη
2991 3314 3312 3379 πιστεῦσαι;

2018 3416 2105 3479 Ὠς
2131 3412 2223 3470 οὑν
2253 3417 2345 3469 ἐπὶ
2367 3418 2465 3487 τῆς
2490 3416 2822 3479 Χαναναίας,
2852 3413 2994 3467 οὑτω
3027 3413 3122 3466 καὶ
3147 3411 3238 3465 ἐπὶ
3268 3410 3361 3463 τοῦ
3389 3411 3516 3462 ἑκα-

1936 3514 2231 3584 τοντάρχου
2251 3531 2266 3545 ·
2301 3516 2358 3568 ἐν
2388 3517 2452 3584 τῇ
2488 3514 2636 3586 οἰκίᾳ
2663 3512 2924 3583 ἐϐέϐλητο
2963 3511 2990 3563 ὁ
3021 3513 3172 3574 παῖς,
3206 3509 3323 3562 οὑδέ
3354 3507 3516 3570 αὐτὸς

1936 3611 2092 3676 εἰδὼς
2141 3611 2230 3664 τὸν
2260 3612 2514 3683 Χριστὸν,
2576 3612 2697 3665 οὑδέ
2745 3612 2894 3674 ὅστις
2947 3608 3078 3662 ποτέ
3125 3604 3212 3679 ἦν,
3267 3607 3379 3669 πῶς
3423 3601 3515 3657 οὖν

1935 3710 2136 3780 ἤμελλε
2169 3708 2246 3780 τῷ
2279 3709 2625 3780 ἀγνοουμένῳ
2666 3708 2960 3772 πιστεύειν,
3002 3707 3097 3760 καὶ
3129 3698 3190 3759 οὗ
3246 3704 3514 3776 μηδεμίαν

1935 3806 2148 3860 οὐδέπω
2189 3808 2386 3876 πεῖραν
2428 3807 2674 3878 είλήφεις
2721 3807 2860 3859 Ἀλλ’
2891 3806 2990 3860 οὑκ
3020 3806 3112 3858 ἐπὶ
3155 3803 3348 3856 τούτου
3399 3802 3515 3854 ἔστι

1934 3906 2092 3958 τοῦτο
2122 3905 2324 3958 εἰπεῖν’
2377 3905 2492 3958 ἀλλ’
2538 3905 2857 3959 ἐπίστευσεν
2893 3906 2922 3958 6
2969 3903 3298 3975 παράλυτος.
3345 3899 3515 3954 Πόθεν

1935 4001 2092 4056 τοῦτο
2135 4001 2293 4073 δῆλον
2319 4019 2333 4066 ;
2379 4003 2499 4054 Ἀπ’
2536 4002 2700 4055 αὑτοῦ
2731 4000 2823 4054 τοῦ
2857 4001 3062 4073 τρόπου
3092 4002 3192 4070 τῆς
3223 4014 3514 4069 προσαγω-

1935 4100 2060 4170 γῆς.
2083 4100 2174 4170 Μὴ
2207 4100 2314 4170 γάρ
2345 4099 2408 4169 δὴ
2441 4099 2628 4162 ἁπλῶς
2661 4099 2921 4169 ἀκούσῃς,
2957 4100 3040 4152 ὃτι
3071 4098 3318 4167 καθῆκαν
3349 4096 3512 4149 αὐτὸν

1935 4197 2022 4250 διά
2065 4196 2158 4250 τοῦ
2210 4197 2462 4266 στέγους·
2510 4196 2625 4250 ἀλλ’
2657 4197 2933 4268 ἐννόησον,
2983 4198 3106 4249 ὅσον
3146 4195 3293 4248 ἐστὶν
3330 4195 3512 4266 ἀρρω-

1938 4294 2164 4346 στοῦντα
2208 4293 2368 4346 τοῦτο
2415 4290 2608 4346 παθεῖν
2662 4291 2974 4362 ἀνέχεσθαι.
3014 4293 3158 4345 ’Ἱστε
3203 4291 3312 4362 γὰρ
3342 4291 3511 4361 δήπου

1938 4387 2052 4460 [41]
2079 4388 2257 4451 τοῦτο,
2297 4389 2377 4441 ὅτι
2413 4387 2556 4441 οὑτω
2605 4389 2928 4460 μικρόψυχοι
2967 4387 3060 4441 καὶ
3086 4388 3402 4458 δυσάρεστοι
3434 4403 3514 4438 v0-

1938 4483 2155 4546 σοῦντές
2185 4486 2344 4548 εἰσιν,
2369 4484 2444 4548 ὡς
2473 4485 2566 4537 καὶ
2600 4484 2698 4548 τάς
2730 4485 2822 4537 ἐπὶ
2851 4485 3039 4553 κλίνης
3070 4483 3365 4554 θεραπείας
3394 4482 3510 4534 δια-

1935 4579 2223 4650 κρούεσθαι
2247 4579 2527 4644 πολλάκις,
2556 4580 2647 4633 καὶ
2679 4581 2950 4651 αἱρεῖσθαι
2977 4581 3075 4643 τὰς
3096 4580 3202 4632 ἀπὸ
3224 4581 3330 4632 τῶν
3350 4596 3510 4648 νοση-

1939 4677 2122 4746 μάτων
2162 4677 2346 4745 φέρειν
2390 4676 2600 4740 ὀδύνας,
2649 4675 2682 4746 ἢ
2721 4677 2818 4747 τὴν
2861 4677 2968 4730 ἀπὸ
2995 4676 3102 4729 τῶν
3151 4675 3510 4746 βοηθημάτων

1936 4775 2228 4847 ὑπομένειν
2255 4776 2570 4846 ἐπάχθειαν.
2609 4771 2777 4839 Οὗτος
2805 4776 2863 4829 δέ
2899 4776 2992 4828 καὶ
3035 4775 3135 4842 τῆς
3168 4774 3345 4836 οἰκίας
3378 4790 3511 4838 προ-

1935 4873 2108 4927 ελθεῖν
2133 4875 2414 4944 ἠνέσχετο,
2444 4874 2538 4927 καὶ
2575 4875 2654 4938 εἰς
2699 4873 2902 4945 ἀγοράν
2948 4873 3204 4943 ἐμϐαλεῖν
3240 4871 3508 4940 βασταζὸςι

1938 4991 2118 5043 μενος,
2145 4973 2238 5026 καὶ
2263 4973 2532 5025 τοσούτων
2556 4971 2835 5042 παρόντων
2862 4970 3052 5024 ἑαυτὸν
3090 4969 3372 5034 ἐπιδεῖξαι.
3402 4970 3510 5022 Καὶ

1933 5072 2090 5125 τοῦτο
2117 5071 2172 5124 δέ
2218 5071 2336 5135 ἔθος
2377 5073 2490 5134 τοῖς
2515 5068 2886 5140 ἀρρωστοῦσιν
2934 5066 3364 5138 ἐναποθανεῖν,ἢ
3408 5067 3510 5130 τὰς

1934 5169 2138 5232 οἰκείας
2179 5167 2483 5236 ἐκκαλύψαι
2512 5166 2816 5236 συμφοράς.
2860 5163 2999 5217 Ἀλλ’
3033 5165 3132 5236 οὑχ
3161 5166 3190 5217 6
3230 5165 3510 5236 ἄρρωστος

1933 5261 2086 5329 οὗτος
2133 5265 2324 5329 οὑτως,
2360 5264 2474 5318 ἀλλ’
2521 5263 2642 5316 ίδὼν
2679 5263 2738 5316 τὸ
2788 5262 3015 5333 θέατρον
3056 5261 3506 5332 πεπληρωμένον,

1932 5365 2030 5427 τάς
2079 5363 2313 5426 εἰσόδους
2357 5361 2893 5431 ἀποτετειχισμένας,
2929 5361 3020 5413 τὸν
3065 5359 3257 5430 λιμένα
3306 5360 3508 5411 ἀποκε-

1933 5459 2270 5530 κλεισμένον,
2308 5448 2396 5511 διὰ
2441 5457 2534 5512 τοῦ
2585 5459 2808 5526 στέγους
2851 5458 3110 5526 ἠνέσχετο
3147 5454 3504 5524 χαλασθῆναι.

1933 5556 2118 5619 Οὕτως
2141 5556 2445 5626 εὐμήχανον
2464 5557 2492 5608 6
2523 5555 2704 5618 πόθος,
2731 5555 2823 5607 καὶ
2847 5553 3076 5624 εὑπορον
3100 5555 3132 5624 ή
3162 5553 3370 5623 ἀγάπη.
3394 5553 3505 5606 Καὶ

1931 5653 2038 5724 γάρ
2065 5653 2094 5705 6
2115 5651 2292 5722 ζητῶν
2322 5652 2586 5723 εὑρίσκει,
2623 5652 2716 5704 καὶ
2749 5649 2824 5720 τῷ
2856 5649 3101 5721 κρούοντι
3132 5645 3500 5719 ἀνοιγήσεται.

1931 5751 2042 5804 Οὑκ
2103 5745 2223 5803 εἶπε
2274 5748 2409 5818 πρὸς
2439 5749 2565 5812 τοὺς
2612 5749 2987 5818 προσήκοντας
3038 5743 3219 5815 αὐτῷ·
3277 5741 3341 5794 Τί
3375 5747 3504 5793 ποτε
