4010 6342
471 265 542 324 57
1107 263 1168 320 S.
1209 262 1496 319 JOANNIS
1536 259 2033 318 CIIRYSOSTOMI
2072 262 2392 317 ARCHIEP.
2433 263 2980 319 CONSTANTINOP.
3667 259 3741 314 58

466 377 624 432 τοῦτὸ
658 377 833 440 ἐστιν;
869 375 920 427 τί
963 375 1312 446 θορυϐεῖσθε;
1343 375 1394 428 τί
1435 374 1491 427 δὲ
1526 371 1847 442 ἐπείγεσθες
1891 372 2047 424 Ἀνα-

471 461 728 536 σχιτ)μεθα
783 459 1080 530 κενωθῆναι
1141 460 1202 511 16
1256 459 1561 530 δωμάτιον,
1620 456 1937 525 διαλυθῆναι
1990 455 2050 507 τὸ

471 548 729 617 θέατρον’
784 544 1233 614 ἀναχωρήσουσιν
1268 545 1317 595 οἱ
1369 541 1792 610 συνειλεγμένοι,
1830 539 2052 609 δυνησό-

477 630 612 700 μεθα
665 626 910 680 κατιδίαν
959 627 1102 695 αὐτῷ
1161 625 1490 696 προσελθεῖν,
1534 624 1628 676 καὶ
1680 625 1806 693 περὶ
1850 621 2052 675 τούτων

472 710 959 768 ἀνακοινώσασθαι.
1008 709 1070 762 Τί
1106 710 1187 762 δεῖ
1234 709 1449 762 πάντων
1490 707 1738 778 ὁρώντων
1771 710 1849 770 εἰς
1888 706 2052 776 μέσον

474 796 803 868 προτεθῆναι
847 795 947 857 τὰς
989 793 1127 863 ἐμάς
1163 791 1468 862 συμφορὰς,
1503 792 1598 844 καὶ
1632 791 1837 844 ἀνωθεν
1883 788 2051 859 χαλᾶ-

476 882 620 939 σθαι.
671 881 763 932 καὶ
805 880 1168 948 ἀσχημονεῖνς
1221 874 1440 928 Τούτων
1490 875 1640 928 οὑδέν
1673 877 1878 937 ἐκεῖνος
1929 872 2054 926 οὔτε

476 963 614 1031 πρὸς
646 962 860 1022 ἐαυτὸν,
892 959 1015 1013 οὔτε
1043 960 1178 1029 πρὸς
1205 959 1330 1020 τοὺς
1367 957 1691 1026 κομίζοντας
1721 952 1894 1020 εἶπεν,
1921 956 2056 1010 ἀλλά

476 1046 681 1116 κόσμον
731 1039 868 1098 εἶναι
907 1044 1122 1112 ἐνόμιζε
1163 1039 1225 1094 16
1267 1041 1547 1112 μάρτυρας
1593 1039 1879 1102 τοσούτους
1910 1040 2059 1110 ποιή-

477 1128 676 1181 σασθαι
717 1127 816 1195 τῆς
868 1124 1059 1178 ἐαυτοῦ
1110 1125 1426 1193 θεραπείας.
1462 1124 1574 1176 υὺκ
1626 1123 1732 1176 ἀπὸ
1766 1121 1953 1175 τούτου
2001 1121 2057 1174 δὲ

481 1211 641 1282 μόνον
665 1209 829 1263 αὐτοῦ
859 1210 956 1279 τὴν
991 1208 1170 1261 πίστιν
1200 1203 1266 1277 ἦν
1295 1207 1442 1267 ἰδεῖν,
1483 1206 1617 1258 ἀλλά
1644 1206 1736 1258 καὶ
1758 1207 1849 1258 ἀπ’
1878 1205 2058 1257 αὐτῶν

479 1294 587 1348 τῶν
619 1294 711 1346 τοῦ
760 1292 992 1363 Χριστοῦ
1048 1291 1325 1361 ῥημάτων.
1373 1289 1589 1360 Ἐπειδὴ
1636 1290 1745 1358 γὰρ
1785 1287 2057 1358 ἐχαλάσθη

482 1377 576 1429 καὶ
605 1375 968 1446 προσηνέχθη,
999 1373 1163 1444 φησὶν
1189 1371 1336 1442 αὑτῷ
1356 1374 1384 1425 6
1407 1367 1640 1441 Χριστός
1659 1389 1672 1402 ·
1701 1371 1936 1437 Θάρσει,
1969 1369 2059 1422 τέ-

481 1476 652 1523 mror,
694 1457 990 1526 ἀφέωνταί
1019 1474 1116 1510 σοι
1150 1458 1209 1508 αἱ
1229 1455 1522 1523 ἁμαρτίαι.
1555 1455 1664 1506 Καὶ
1685 1454 1858 1506 ταῦτα
1897 1450 2060 1505 ἀκού-

482 1561 583 1607 σας
618 1543 718 1596 οὑκ
770 1543 1170 1611 ἠγανάκτησεν,
1226 1541 1325 1593 οὑκ
1377 1541 1752 1610 ἐδυσχέρανεν,
1800 1539 1900 1592 οὑκ
1940 1531 2059 1590 εἷπε

485 1629 622 1700 πρὸς
642 1629 733 1680 16v
765 1627 947 1696 ἰατρόν
971 1645 984 1656 ·
1017 1628 1082 1682 Τί
1113 1642 1244 1678 ποτε
1275 1626 1432 1676 τοῦτό
1475 1626 1659 1687 ἐστιν;
1693 1623 1878 1692 ἕτερον
1898 1618 2062 1690 ἦλθον

481 1711 886 1782 θεραπευθῆναι
919 1709 1111 1770 πάθος,
1150 1711 1244 1761 καὶ
1277 1709 1467 1778 ἐτερον
1514 1707 1677 1770 αὑτὸς
1737 1705 2058 1777 θεραπεύει;

483 1793 687 1862 Σκῆψις
711 1792 883 1844 ταῦτα
929 1790 1024 1843 καὶ
1067 1791 1358 1860 πρόφασις,
1395 1791 1488 1844 καὶ
1533 1789 1818 1850 ἀσθενείας
1857 1802 2064 1857 προκα-

483 1875 760 1946 λύμματα.
806 1874 1105 1944 ’Λμαρτίας
1146 1874 1324 1941 ἀφίεις
1355 1874 1451 1936 τάς
1483 1874 1582 1942 οὑχ
1613 1872 1930 1943 ὁρωμέναςς
1958 1872 2064 1924 Οὑ-

479 1959 570 2012 δέν
599 1957 802 2011 τούτων
830 1957 930 2010 οὑκ
967 1953 1141 2017 εἶπεν,
1177 1956 1277 2009 οὑκ
1317 1957 1625 2026 ἐνενόησεν·
1663 1955 1776 2008 ἀλλ’
1803 1954 2062 2022 ἀνέμενεν

482 2041 793 2112 ἐπιτρέπων
845 2040 936 2092 τὸν
989 2038 1172 2110 ἰατρὸν
1227 2038 1332 2108 ὀδῷ
1383 2037 1691 2109 χρήσασθαι
1742 2035 2062 2106 θεραπείας,

483 2122 665 2196 ἧσπερ
688 2122 958 2177 ἐϐούλετο.
987 2122 1084 2174 Διά
1107 2121 1264 2174 τοῦτο
1293 2122 1385 2174 καὶ
1413 2125 1440 2174 6
1470 2119 1704 2191 Χριστὸς
1735 2121 1835 2172 οὑκ
1856 2119 2063 2189 ἀπῆλθε

485 2207 622 2276 πρὸς
669 2202 851 2267 αὑτὸν,
893 2204 1005 2257 ἀλλ’
1037 2203 1318 2274 ἀνέμεινεν
1358 2204 1519 2258 αὑτὸν
1571 2201 1765 2262 ἐλθεῖν,
1798 2201 1883 2253 ἵνα
1936 2201 2063 2253 ἐπι-

485 2290 632 2362 δείξῃ
680 2289 844 2343 αὑτοῦ
886 2288 983 2359 τὴν
1029 2288 1208 2340 πίστιν
1242 2289 1396 2340 πᾶσι.
1428 2288 1517 2356 Μὴ
1562 2286 1670 2357 γὰρ
1707 2286 1805 2338 οὑκ
1833 2285 2066 2355 ἠδύνατο

487 2374 586 2444 τὴν
634 2372 836 2425 εἴσοδον
887 2373 1108 2441 ποιῆσαι
1171 2368 1427 2435 εὑκολον;
1473 2369 1610 2421 Ἀλλ’
1661 2369 1809 2421 οὐδὲν
1862 2367 2065 2420 τούτων

488 2455 762 2521 ἐποίησεν,
797 2453 884 2506 ίνα
905 2455 1069 2504 πᾶσιν
1101 2452 1266 2504 αὑτοῦ
1292 2452 1389 2522 τὴν
1416 2453 1653 2520 σπουδὴν
1687 2450 1948 2522 ἐπιδείξῃ,
1971 2449 2066 2501 καὶ

488 2537 586 2608 τὴν
619 2536 843 2600 ζέουσαν
894 2535 1095 2588 πίστιν.
1139 2534 1405 2604 Καθάπερ
1436 2534 1544 2605 γάρ
1566 2535 1702 2603 πρὸς
1737 2535 1942 2585 ἐκεῖνον
1974 2531 2065 2583 τὸν

488 2621 783 2692 τριάκοντα
802 2617 946 2671 ὀκτὼ
964 2618 1060 2687 ἔτη
1090 2617 1281 2686 ἔχοντα
1303 2617 1467 2687 ἀπῄει
1487 2617 1574 2670 διά
1599 2618 1658 2669 τι)
1694 2615 1896 2685 μηδένα
1920 2613 2067 2683 αὺτῷ

490 2705 780 2774 παρεῖναιο
834 2701 976 2754 οὕτω
1009 2701 1216 2762 τοῦτον,
1268 2701 1454 2771 ἐπειδὴ
1509 2699 1736 2758 πολλοὺς
1783 2694 1895 2768 εἶχε
1942 2700 2067 2760 τοὺς

491 2787 887 2857 προσήκοντας,
935 2784 1218 2854 ἀνέμεινεν
1250 2783 1420 2836 ἐλθεῖν
1455 2783 1588 2854 πρὸς
1632 2781 1811 2846 αὑτὸν,
1847 2782 1931 2832 ἵνα
1974 2782 2068 2832 καὶ

491 2869 681 2922 τούτου
711 2869 808 2938 τὴν
835 2868 1015 2920 πίστιν
1047 2869 1246 2938 ποιήσῃ
1281 2866 1444 2936 δήλην
1471 2865 1559 2918 διὰ
1588 2865 1678 2918 τοῦ
1714 2863 2069 2934 προσενεχθῆ-

493 2970 602 3014 ναι,
629 2952 881 3004 κάκείνου
917 2949 1013 3020 τὴν
1046 2950 1278 3020 ἐρημίαν
1312 2951 1460 3019 ἡμᾶς
1489 2947 1674 3020 διδάξῃ
1701 2947 1787 3000 διά
1809 2946 1903 3000 τοῦ
1934 2947 2070 3016 πρὸς

492 3035 654 3089 αὑτὸν
684 3033 958 3098 ἀπελθεῖν,
999 3033 1093 3085 καὶ
1141 3032 1330 3085 τούτου
1383 3032 1482 3101 τὴν
1532 3031 1765 3101 σπουδὴν
1816 3029 2068 3082 κάκείνου

491 3121 593 3188 τὴν
627 3117 904 3186 ὑπομονὴν
925 3116 1206 3185 ἐκκαλύψῃ
1238 3117 1392 3176 πᾶσι,
1427 3116 1521 3168 καὶ
1553 3114 1786 3183 μάλιστα
1810 3115 1922 3175 τοῖς
1948 3112 2069 3164 τότε

497 3200 783 3272 παροῦσιν.
820 3199 1036 3269 Ἐπειδὴ
1072 3198 1180 3269 γάρ
1223 3198 1474 3251 εἰώθασιν
1527 3197 1766 3250 Ἰουδαῖοι
1813 3195 2070 3264 βάσκανοί

496 3301 640 3343 τινες
671 3283 764 3335 καὶ
794 3280 1169 3351 μισάνθρωποι
1197 3283 1316 3343 ταῖς
1341 3279 1450 3332 τῶν
1477 3279 1701 3349 πλησίον
1732 3279 2070 3349 εὐεργεσίαις

498 3367 734 3436 φθονεῖν,
769 3367 864 3418 κοιλ¹
896 3365 990 3418 νῦν
1023 3364 1130 3416 ἀπὸ
1155 3363 1249 3416 τοῦ
1282 3363 1474 3433 καιροῦ
1505 3365 1618 3424 τοῖς
1652 3361 1920 3431 θαύμασιν
1949 3363 2072 3414 ἐπι-

501 3452 764 3520 σκήπτειν
801 3447 1071 3515 λέγοντες,
1114 3447 1194 3498 ὅτι
1231 3449 1286 3498 ἐν
1333 3445 1586 3516 σαϐϐάτῳ
1630 3444 1940 3515 θεραπεύει,
1978 3443 2072 3497 νῦν

499 3533 557 3585 δὲ
591 3531 698 3585 ἀπὸ
738 3531 830 3584 τοῦ
889 3530 1002 3599 βίου
1038 3529 1142 3582 τῶν
1190 3529 1656 3598 εὐεργετουμένων
1699 3528 1980 3595 λέγοντες·
2007 3530 2075 3580 Ei

499 3612 581 3684 ἦν
611 3612 919 3682 προφήτης
952 3607 1149 3676 οὗτος,
1188 3611 1317 3680 ᾔδει
1355 3611 1446 3676 τίς
1473 3607 1606 3679 ﬁam)
1639 3610 1792 3677 γυνὴ
1816 3613 1852 3677 ἠ
1889 3611 2073 3662 ἁπτο-

501 3697 654 3768 μένη
689 3695 891 3749 αὑτοῦ·
920 3695 1020 3747 οὑκ
1061 3694 1282 3759 εἰδότες,
1323 3694 1404 3746 ὃτι
1437 3693 1620 3764 ἰατροῦ
1661 3693 1894 3762 μάλιστα
1920 3693 2076 3746 τοῦτό

506 3783 623 3833 ἐστι
660 3780 722 3832 16
769 3781 880 3841 τοῖς
921 3777 1291 3849 ἀρρωστοῦσιν
1339 3777 1754 3846 ἀναμίγνυσθαι,
1787 3777 1882 3828 καὶ⁴
1928 3776 2078 3846 παρά

504 3865 630 3926 τοὺς
651 3860 936 3924 νοσοῦντας
965 3861 1050 3914 ἀεὶ
1073 3859 1374 3929 φαίνεσθαι,
1404 3858 1538 3912 ἀλλά
1569 3860 1641 3928 μὴ
1671 3863 1859 3927 φυγεῖν
1883 3860 2078 3922 αὐτοὺς

503 3942 641 4012 μηδὲ
690 3944 996 4014 ἀποπηδᾷν.
1039 3943 1215 4013 Ὅπερ
1248 3939 1338 3995 οὖν
1382 3942 1474 3994 καὶ
1511 3942 1646 4012 πρὸς
1686 3943 1925 4006 ἐκείνους
1965 3941 2076 4014 [42]

510 4027 922 4096 ἀποτεινόμενος
953 4026 1165 4093 ἔλεγεν·
1201 4027 1281 4078 οὐ
1307 4025 1515 4094 χρείαν
1540 4025 1790 4092 ἔχουσιν
1811 4029 1862 4078 οί
1894 4027 2080 4096 ὑγιαί-

510 4125 721 4174 νοντες
765 4108 984 4177 ἰατροῦ,
1023 4109 1156 4162 ἀλλ’
1191 4112 1242 4161 οὶ
1284 4106 1481 4172 κακῶς
1520 4106 1785 4174 ἔχοντες.
1832 4105 1947 4161 Ἵνα
1987 4105 2079 4161 οῦν

515 4192 591 4262 μὴ
633 4192 700 4244 τὰ
728 4193 868 4244 αὑτά
899 4192 1060 4245 πάλιν
1095 4191 1385 4259 ἐγκαλῶσι.
1412 4189 1672 4261 πρότερον
1701 4190 1973 4243 δείκνυσιν
2005 4191 2080 4255 ὡς

511 4275 652 4340 ἄξιοι
684 4276 782 4344 τῆς
813 4275 1105 4344 θεραπείας
1151 4276 1286 4327 εἰσὶν
1318 4276 1368 4326 οἱ
1409 4275 1721 4342 προσιόντες
1751 4273 1837 4328 διά
1868 4275 1966 4344 τὴν
1993 4275 2082 4326 πί-

514 4375 651 4420 στιν,
687 4359 751 4428 ἦν
779 4359 1163 4412 ἐκδείκνυνται.
1197 4358 1295 4410 Διά
1330 4357 1486 4411 τοῦτο
1531 4357 1784 4410 κάκείνου
1826 4358 1925 4428 τὴν
1954 4361 2083 4428 ἐρη-

515 4442 663 4512 μίαν.
695 4442 788 4493 καὶ
833 4440 1022 4494 τούτου
1055 4442 1152 4510 τὴν
1177 4441 1404 4502 ζέουσαν
1442 4441 1622 4495 πίστιν
1659 4441 1752 4494 καὶ
1778 4442 2082 4511 προθυμίαν

513 4524 683 4588 ἔδειξε
708 4541 720 4554 ·
776 4523 862 4575 διὰ
898 4523 1056 4576 τοῦτο
1093 4525 1297 4576 ἐκεῖνον
1351 4523 1450 4593 μὲν
1486 4527 1542 4576 ἐν
1597 4524 1850 4592 σαϐϐάτῳ
1893 4523 2082 4594 ἐθερά-

510 4625 700 4671 πευσε,
721 4602 909 4659 τοῦτον
928 4605 984 4658 δέ
1010 4606 1108 4658 οὐκ
1126 4607 1181 4658 ἐν
1195 4605 1452 4676 σαϐϐάτῳ
1473 4621 1484 4632 '
1521 4606 1609 4669 ἶν’,
1636 4607 1760 4660 ὅταν
1781 4607 1894 4676 ἴδῃς
1912 4607 2004 4660 καὶ
2027 4610 2084 4660 ἐν

512 4690 864 4761 ἐτέραήμέρᾳ
881 4688 1242 4757 ἐγκαλοῦντας
1265 4691 1355 4741 καὶ
1373 4689 1736 4759 ἐπιτιμῶντας
1752 4691 1828 4760 τῷ
1842 4691 2081 4760 Χριστῷ,

517 4773 712 4842 μάθῃς,
743 4773 826 4825 ὅτι
863 4772 957 4824 καὶ
1000 4772 1120 4823 τότε
1151 4771 1212 4823 οὑ
1239 4771 1325 4823 διὰ
1357 4771 1456 4842 τὴν
1493 4771 1586 4824 τοῦ
1625 4771 1790 4842 νόμου
1833 4777 2082 4845 παρατή-

516 4871 672 4924 ρησιν
706 4854 1008 4914 ἐνεκάλουν,
1038 4853 1174 4906 ἀλλὰ
1200 4852 1299 4923 τὴν
1337 4853 1544 4907 οίκείαν
1572 4853 1868 4923 βασκανίαν
1898 4857 2085 4926 φέρειν

515 4937 614 4988 οὑκ
664 4936 894 5006 ἔχοντες.
935 4937 1033 4990 Διά
1074 4936 1126 4988 τί
1157 4936 1212 4988 δὲ
1254 4936 1354 4988 οὑκ
1406 4938 1500 4989 ἐπὶ
1532 4936 1592 4988 τὸ
1635 4937 1734 5007 τὴν
1782 4939 2084 5008 παράλυσιν

514 5017 750 5089 ὀρθῶσαι
779 5021 1042 5092 πρότερον
1061 5014 1244 5090 ἦλθεν,
1271 5017 1412 5073 ἀλλά
1424 5035 1576 5090 φησι·
1599 5018 1836 5088 Θάρσει,
1853 5022 2087 5089 τέκνον,

514 5095 814 5164 ἀφέωνταί
826 5116 942 5153 σου
955 5104 1011 5155 al
1027 5102 1324 5169 ἁμαρτίαις
1350 5101 1458 5151 Καὶ
1479 5099 1634 5153 τοῦτο
1656 5101 1857 5172 σφόδρα
1883 5104 2080 5172 σοφῶς.

519 5179 628 5232 Καὶ
653 5178 760 5248 γάρ
791 5183 902 5241 τοῖς
930 5182 1132 5251 ἰατροῖς
1153 5181 1270 5245 ἔθος
1302 5183 1418 5234 ἐστί
1447 5184 1520 5252 μὴ
1547 5183 1808 5254 πρότερον
1829 5185 1895 5238 τὰ
1923 5189 2084 5256 νοσή-

523 5275 670 5330 ματα
701 5261 870 5326 λύειν,
911 5262 1046 5316 ἀλλά
1077 5264 1174 5327 τὰς
1214 5263 1397 5334 πηγὰς
1439 5265 1617 5318 αὑτῶν
1660 5267 1920 5336 ἀναιρεῖν.
1962 5266 2085 5323 Οίον

522 5340 782 5402 πολλάκις
865 5344 968 5396 ὑπὸ
1017 5347 1252 5417 πονηροῦ
1313 5347 1485 5416 χυμοῦ
1544 5350 1637 5402 καὶ
1691 5349 2084 5423 διεφθαρμένου

517 5428 788 5501 ῥεύματος
833 5427 1230 5497 ἐνοχλουμένων
1268 5429 1581 5499 ὀφθαλμῶν,
1627 5433 1786 5500 ἀφεὶς
1828 5434 1857 5484 6
1906 5437 2085 5506 ἰατρὸς

519 5510 615 5582 τὴν
648 5508 906 5563 νοσοῦσαν
949 5510 1279 5582 θεραπεῦσαι
1319 5513 1506 5584 κόρην,
1546 5514 1643 5582 τῆς
1686 5514 1928 5586 κεφαλῆς
1961 5519 2087 5570 ἐπει

523 5591 812 5670 μελήσατο,
840 5591 1026 5665 ἔνθαὴ
1073 5593 1197 5663 ρίζα
1227 5596 1320 5648 καὶ
1359 5597 1390 5665 ἡ
1445 5597 1595 5666 πηγὴ
1628 5597 1728 5666 τῆς
1773 5601 2085 5670 ἀρρωστίας

522 5666 614 5744 ἦν·
655 5672 797 5727 οὑτω
836 5675 929 5728 καὶ
961 5678 989 5729 6
1041 5677 1273 5748 Χριστος
1309 5678 1549 5749 ἐποίησε,
1599 5680 1695 5751 τὴν
1738 5666 1917 5752 πηγὴν
1960 5684 2084 5736 ἀνα-

2163 372 2368 426 στέλλει
2407 375 2514 426 τῶν
2545 375 2729 427 κακῶν
2768 375 3052 446 πρότερον.
3096 373 3252 445 ῐῐηγὴ
3284 373 3392 445 γάρ
3422 374 3613 429 κακῶν
3642 379 3746 429 καὶ

2162 465 2287 536 ῥίζα
2316 467 2408 518 καὶ
2443 468 2626 538 μήτηρ
2660 469 2877 522 πάντων
2906 467 3023 520 ἐστὶ
3056 467 3154 536 τῆς
3185 467 3456 536 ἁμαρτίας
3485 466 3520 538 ἡ
3552 466 3744 534 φύσις.

2159 554 2309 626 Αῦτη
2344 556 2410 608 τά
2457 557 2686 627 σώματα
2709 558 2868 630 ἡμῶν
2915 557 3212 628 παραλύει·
3246 555 3383 627 αὕτη
3421 557 3519 618 τὰς
3544 557 3748 622 νόσους

2160 646 2356 715 ἐπάγει
2378 663 2393 678 ο
2415 647 2500 701 διὰ
2520 648 2677 700 τοῦτο
2693 650 2786 702 καὶ
2802 647 3038 702 ἐνταῦθά
3054 665 3186 717 φησι
3202 662 3213 674 ·
3241 646 3476 714 Θάρσει,
3494 646 3742 712 τέκνον,

2160 739 2457 807 ἀφέωνταί
2501 753 2617 795 σου
2665 744 2724 795 al
2773 741 3077 811 ἁμαρτίαι·
3125 742 3285 794 κάκεῖ
3328 756 3526 811 φησιν’
3581 741 3747 796 Ἰδοὺ

2161 832 2336 901 ὑγιὴς
2366 834 2638 904 γέγονας,
2679 835 2889 904 μηκέτι
2929 834 3250 904 ἁμάρτανε,
3291 834 3389 886 ἵνα
3418 832 3503 901 μὴ
3534 834 3749 902 χεῷόν

2163 927 2218 978 τί
2249 943 2344 980 σοι
2369 927 2629 995 γένηται,
2663 928 2836 998 δηλῶν
2875 928 3226 996 ἀμφοτέροις,
3261 923 3342 978 δτι
3378 924 3434 989 ἐξ
3489 926 3748 997 ἁμαρτη-

2168 1015 2350 1084 μάτων
2383 1017 2680 1088 ἐτέχθησαν
2729 1013 2887 1071 αὑται
2927 1021 2980 1070 αἱ
3021 1019 3188 1071 νόσοι.
3222 1018 3330 1070 Καὶ
3373 1020 3430 1070 ἐν
3463 1019 3606 1088 ἀρχῇ
3646 1020 3747 1069 καὶ

2166 1105 2222 1156 ἐν
2254 1107 2557 1176 προοιμίοις
2591 1107 2689 1177 τῆς
2734 1109 2964 1170 κτίσεως
2999 1109 3056 1174 ἐξ
3088 1108 3361 1180 ἁμαρτίας
3406 1110 3439 1178 ἡ
3473 1109 3629 1170 νόσος
3663 1109 3749 1170 εἰς

2165 1197 2224 1248 16
2253 1196 2344 1248 106
2381 1198 2518 1252 Κάῖν
2547 1199 2857 1270 κατέσκηψε
2891 1199 3069 1270 σῶμα.
3094 1200 3203 1254 Καὶ
3229 1200 3337 1271 γάρ
3370 1203 3574 1262 ἐκεῖνος
3599 1199 3750 1270 μετὰ

2167 1291 2264 1358 τὴν
2309 1290 2740 1358 ἀδελφοκτονίαν,
2787 1292 2926 1360 μετά
2964 1292 3063 1362 τὴν
3110 1291 3450 1362 παρανομίαν
3498 1292 3742 1360 ἐκείνην,

2166 1383 2285 1434 τότε
2322 1384 2595 1454 παρελύθη
2642 1384 2700 1436 16
2737 1385 2914 1454 σῶμα.
2948 1385 3022 1437 T6
3050 1385 3156 1455 γάρ
3182 1386 3404 1456 τρέμειν
3434 1385 3582 1438 οὐδὲν
3623 1384 3750 1436 ’ἐτε-

2171 1474 2261 1544 ρόν
2284 1475 2427 1526 ἐστιν
2465 1475 2498 1544 ἦ
2533 1475 2852 1544 παράλυσις.
2889 1476 2997 1529 Καὶ
3035 1475 3143 1546 γὰρ
3175 1476 3302 1529 ὅταν
3331 1477 3363 1545 ἡ
3404 1475 3464 1527 16
3498 1474 3637 1539 ζῶον
3661 1476 3747 1525 οἱ-

2169 1565 2471 1634 κονομοῦσα
2529 1566 2755 1638 δύναμις
2809 1567 3170 1638 ἀσθενεστέρα
3242 1567 3494 1637 γένηται,
3555 1566 3750 1619 οὑκέτι

2168 1657 2438 1727 δυναμένη
2466 1659 2642 1711 πάντα
2668 1658 3046 1721 διαϐαστάζειν
3072 1661 3141 1712 τὰ
3169 1658 3322 1729 μέλη,
3350 1659 3572 1726 ἀφίησιν
3599 1657 3750 1710 αὐτὰ

2169 1749 2268 1818 τῆς
2297 1749 2500 1812 οἰκείας
2530 1751 2804 1818 προνοίας,
2827 1747 2944 1804 εἶτα
2983 1751 3316 1821 χαλασθέντα
3343 1753 3522 1804 ἐκεῖνα
3544 1750 3745 1821 τρέμει

2171 1839 2264 1891 καὶ
2291 1840 2663 1911 περιφέρεται.

2240 1978 2313 2044 ς’.
2333 1980 2504 2036 Τοῦτο
2518 1980 2614 2034 καὶ
2635 1975 2841 2040 Παῦλος
2866 1978 3128 2048 ἐδήλωσεν
3148 1991 3162 2006 ⁶
3183 1977 3450 2048 ἁμαρτίαν
3484 1978 3588 2046 γάρ
3617 1993 3755 2028 τινα.

2171 2067 2479 2138 Κορινθίοις
2521 2069 2766 2137 ἐγκαλῶν
2821 2083 2988 2139 φησι·
3043 2071 3144 2124 Διά
3190 2072 3365 2124 τοῦτο
3399 2071 3612 2124 πολλοὶ
3677 2071 3754 2123 ἐν

2170 2159 2313 2228 ὑμῖν
2331 2161 2606 2227 ἀσθενεῖς
2633 2162 2729 2214 καὶ
2758 2162 3080 2231 ἄρρωστον
3115 2162 3204 2216 διὰ
3238 2164 3395 2216 τοῦτο
3433 2165 3524 2216 καὶ
3553 2165 3580 2216 6
3608 2161 3752 2232 Χρι-

2173 2253 2297 2313 στὸς
2342 2253 2604 2324 πρότερον
2637 2255 2738 2324 τὴν
2774 2255 2953 2308 αἰτίαν
2988 2256 3201 2326 ἀναιρεῖ
3247 2254 3356 2308 τῶν
3401 2255 3608 2318 κακῶν,
3647 2255 3753 2306 καὶ

2172 2343 2360 2406 εἰπὼν,
2390 2345 2627 2414 Θάρσει,
2652 2347 2884 2411 τέκνον,
2901 2347 3199 2417 ἀφέωνταί
3219 2363 3334 2402 σου
3355 2350 3414 2401 al
3446 2347 3752 2416 ἁμαρτίαι,

2173 2440 2452 2509 ἀνίστησιν
2484 2439 2648 2493 αὑτοῦ
2681 2439 2742 2492 τὸ
2784 2439 3059 2510 φρόνημα,
3099 2440 3353 2510 διεγείρει
3404 2439 3754 2507 καταϐεϐλη-

2179 2533 2345 2603 μένην
2374 2533 2472 2603 τήν
2501 2533 2681 2603 ψυχήν
2702 2551 2715 2562 ·
2747 2536 2776 2586 6
2797 2533 2904 2604 γὰρ
2926 2533 3082 2602 λόγος
3112 2533 3271 2603 ἔργον
3299 2533 3526 2601 ἐγίνετο,
3551 2531 3638 2585 καὶ
3671 2534 3759 2594 είς

2174 2626 2234 2678 τὸ
2268 2624 2502 2688 συνειδὸς
2542 2625 2796 2680 εἰσελθὼν
2835 2626 3005 2696 αὑτῆς
3043 2629 3244 2697 ἥπτετο
3294 2627 3391 2696 τῆς
3421 2626 3616 2697 ψυχῆς,
3651 2628 3759 2679 καὶ

2176 2719 2356 2770 πᾶσαν
2402 2719 2638 2785 ἀγωνίαν
2673 2717 2944 2782 ἐξέϐαλεν.
2977 2718 3140 2771 υὺδέν
3192 2718 3302 2790 γάρ
3333 2717 3504 2781 οὑτως
3545 2717 3756 2788 ἡδονὴν

2176 2811 2339 2873 ποιεῖ,
2381 2810 2474 2863 καὶ
2499 2811 2728 2880 παρέχει
2761 2809 2982 2882 θαρρεῖν
3023 2810 3098 2875 ὡς
3129 2808 3191 2862 16
3229 2807 3393 2880 μηδὲν
3422 2807 3610 2862 ἐαυτοῦ
3656 2825 3761 2860 κα-

2175 2903 2446 2971 τηγορεῖν.
2482 2901 2717 2969 Θάρσει,
2744 2903 2978 2964 τέκνον,
3003 2901 3296 2971 ἀφέωνταί
3329 2916 3444 2955 σου
3465 2903 3521 2954 αὶ
3560 2901 3761 2967 ἁμαρ·-

2177 2994 2312 3047 τίαι.
2346 2993 2518 3046 Ὅπου
2548 2997 2654 3064 γάρ
2701 2994 3112 3065 ἁμαρτημάτων
3157 2992 3372 3062 ἄφεσις,
3414 2994 3528 3045 ἐκεῖ
3577 2992 3762 3044 υἱοθε-

2181 3081 2290 3135 σία.
2343 3081 2499 3134 Οὑτω
2535 3082 2664 3151 γοῦν
2707 3083 2800 3135 καὶ
2834 3085 2998 3153 ἡμεῖς
3051 3083 3111 3135 οὑ
3167 3083 3432 3153 πρότερον
3475 3081 3763 3150 δυνάμεθα

2179 3174 2403 3226 καλέσαι
2438 3174 2674 3245 Πατέρα,
2710 3174 2814 3238 ἓως
2847 3176 2905 3226 ἐν
2930 3177 2995 3244 τῇ
3027 3173 3379 3244 κολυμϐήθρα
3410 3173 3516 3225 τῶν
3545 3173 3764 3225 ὑδάτων

2179 3265 2286 3318 τῶν
2316 3266 2484 3332 ἀγίων
2508 3265 2899 3336 ἀπονιψώμεθα
2928 3266 2993 3319 τά
3009 3266 3227 3337 ἀμαρτή
3237 3279 3400 3335 ματα.
3433 3265 3598 3317 Ὅταν
3620 3264 3765 3332 γοῦν

2180 3356 2390 3409 ἐκεῖθεν
2427 3356 2740 3427 ἀνέλθωμεν
2771 3357 2832 3410 τὸ
2865 3357 3100 3428 πονηρὸν
3146 3359 3319 3408 ἐκεῖνο
3365 3354 3580 3427 φορτίον
3617 3356 3768 3408 ἀπο-

2182 3448 2416 3520 θέμενοι,
2448 3449 2566 3502 τότε
2595 3451 2843 3522 λέγομεν,
2866 3450 3056 3518 Πάτερ
3082 3447 3271 3520 ἡμῶν,
3304 3452 3335 3504 ὀ
3354 3448 3423 3501 ἐν
3443 3447 3562 3512 τοῖς
3586 3448 3770 3513 οἰιραο

2181 3541 2330 3608 νοῖς.
2378 3542 2537 3595 Ἀλλά
2582 3543 2724 3606 τίνος
2768 3542 2952 3596 ένεκεν
3003 3544 3096 3594 ἐπὶ
3131 3541 3225 3594 τοῦ
3275 3541 3563 3612 τριάκοντα
3608 3537 3768 3590 ὀκτὼ

2183 3633 2396 3703 ἔχοντος
2447 3635 2544 3704 οὑχ
2594 3631 2766 3696 οὕτως
2816 3633 3091 3702 ἐποίησεν,
3130 3633 3264 3688 ἀλλά
3303 3632 3365 3685 16
3400 3631 3556 3700 σῶμα
3589 3629 3768 3682 αὑτοῦ

2187 3723 2300 3796 [45]
2329 3723 2604 3794 διώρθωσε
2645 3725 2905 3797 πρότερον
2930 3741 2943 3785 ;
2982 3725 3104 3777 Ὂτι
3145 3724 3338 3795 ἐκείνῳ
3366 3723 3462 3792 μὲν
3491 3722 3568 3791 τῷ
3590 3723 3771 3792 μήκει

2183 3816 2278 3868 τοῦ
2307 3815 2494 3886 χρόνου
2515 3815 2582 3868 τὰ
2609 3816 2984 3886 ἁμαρτήματα
3011 3813 3345 3885 δεδαπάνητο
3365 3832 3378 3844 ·
3405 3812 3624 3866 δύναται
3649 3812 3773 3882 γάρ

2185 3904 2490 3976 πειρασμοῦ
2541 3904 2768 3974 μέγεθος
2820 3904 2881 3957 16
2928 3903 3037 3956 τῶν
3091 3903 3498 3976 ἁμαρτημάτων
3543 3903 3774 3972 φορτίον

2186 3995 2385 4063 κοῦφον
2410 3996 2612 4047 ποιεῖν’
2647 3993 2835 4064 ῶσπερ
2867 3989 2960 4047 οῦν
2991 3992 3084 4044 καὶ
3122 3992 3214 4044 ἐπὶ
3242 3991 3336 4043 τοῦ
3369 3988 3615 4060 Λαζάρου
3656 4004 3776 4057 φη-

2190 4089 2292 4148 σὶν,
2323 4086 2404 4139 ὅτι
2433 4084 2671 4138 ἀπέλαϐε
2693 4083 2762 4136 τὰ
2787 4083 2933 4136 κακά
2970 4081 3157 4147 αὑτοῦ,
3191 4083 3286 4136 καὶ
3317 4079 3546 4135 ἐνταῦθα
3579 4094 3775 4148 παρα-

2189 4177 2432 4229 καλεῖται
2459 4190 2471 4202 ·
2525 4175 2619 4227 καὶ
2662 4174 2824 4226 πάλιν
2879 4171 3111 4242 ἀλλαχοῦ
3156 4185 3318 4241 φησι·
3359 4168 3776 4239 Παρακαλεῒτε

2189 4267 2296 4321 τὸν
2326 4269 2479 4320 λαόν
2500 4284 2640 4335 μου,
2671 4264 2981 4332 λαλήσατε
3008 4267 3094 4330 εἰς
3117 4263 3231 4332 τὴν
3257 4262 3508 4331 καρδίαν
3545 4261 3779 4329 Ἰερου-

2190 4359 2420 4428 σαλὴμ,
2461 4358 2554 4411 ὅτι
2591 4357 2836 4421 ἐδέξατο
2875 4358 2943 4410 ἐκ
2975 4357 3172 4426 χειρὸς
3212 4356 3431 4422 Κυρίου
3470 4352 3653 4407 διπλᾶ
3696 4355 3780 4408 τὰ

2193 4448 2576 4517 ἁμαρτήματα
2599 4446 2807 4514 αὐτῆς.
2845 4448 2953 4499 Καὶ
2979 4447 3138 4499 πάλιν
3167 4447 3194 4496 6
3230 4445 3532 4514 προφήτης,
3565 4443 3776 4512 Κύριε,

2191 4542 2439 4610 εἰρήνην
2488 4540 2594 4606 δὸς
2642 4539 2804 4610 ἡμῖν,
2841 4537 3037 4592 πάντα
3087 4539 3196 4608 γὰρ
3243 4537 3554 4601 ἀπέδωκας
3598 4537 3778 4604 ἡμῖν,

2192 4633 2494 4704 ἐμφαίνων,
2528 4633 2608 4685 ὅτι
2638 4633 2696 4684 αί
2737 4631 2996 4702 τιμωρίαι
3038 4631 3132 4682 καὶ
3159 4630 3212 4682 αἱ
3242 4628 3491 4690 κολάσεις
3518 4628 3782 4698 ἁμαρτη-

2195 4727 2381 4795 μάτων
2429 4724 2772 4794 συγχώρησιν
2823 4721 3054 4786 ποιοῦσι,
3096 4720 3190 4774 καὶ
3239 4718 3563 4790 πολλαχόθεν
3609 4718 3785 4771 τοῦτό

2194 4821 2313 4872 ἐστι
2341 4817 2574 4888 φανερὸν
2595 4814 2839 4884 ποιῆσαι.

2276 4949 2429 5020 Ἐμοὶ
2461 4949 2635 5002 τοίνυν
2654 4948 2802 5000 δοκεῖ
2819 4946 2984 5018 μηδὲν
3006 4944 3197 5015 ἐκείνῳ
3231 4945 3356 5014 περὶ
3378 4942 3624 5012 ἀφέσεως
3646 4939 3750 4993 δια
3766 4971 3786 4982 ς

2191 5041 2469 5111 λεχθῆναι,
2499 5039 2634 5092 ἀλλά
2676 5038 2812 5109 πρὸς
2843 5036 2903 5090 16
2936 5036 3124 5106 μέλλον
3153 5035 3314 5089 αὑτὸν
3345 5030 3787 5102 ἀσφαλίσασθαι,

2191 5134 2267 5196 ὡς
2301 5133 2410 5187 τῶν
2444 5131 2543 5203 ἤδη
2603 5130 3100 5202 πλημμεληθέντων
3134 5128 3212 5199 τῷ
3247 5128 3411 5197 μήκει
3452 5127 3554 5195 τῆς
3587 5126 3787 5195 ἀρρω-

2196 5226 2346 5288 στίας
2372 5242 2384 5255 ·
2424 5223 2457 5294 ἢ
2489 5225 2535 5276 εί
2579 5223 2652 5293 μὴ
2692 5221 2870 5285 τοῦτο,
2903 5220 2989 5274 διὰ
3037 5220 3099 5273 16
3141 5219 3303 5289 μηδὲν
3340 5215 3501 5270 αὑτὸν
3551 5215 3790 5287 μηδέπω

2197 5319 2325 5389 περὶ
2369 5315 2462 5369 τοῦ
2493 5315 2727 5385 Χριστοῦ
2774 5311 3061 5366 πεπεῖσθαι
3095 5311 3256 5382 μέγα,
3287 5310 3376 5363 διὰ
3411 5309 3570 5363 τοῦτο
3603 5309 3703 5362 ἐπὶ
3725 5310 3791 5363 16

2192 5409 2410 5462 ἔλαττον
2471 5407 2731 5477 πρότερον
2776 5400 2929 5475 ἦλθε,
2957 5405 3052 5457 καὶ⁹
3103 5403 3165 5455 16
3193 5402 3420 5474 φανερὸν
3462 5401 3557 5454 καὶ
3595 5398 3787 5470 δῆλον,

2189 5495 2286 5567 τὴν
2305 5499 2401 5553 τοῦ
2437 5497 2684 5568 σώματος
2737 5496 2923 5564 ὑγείαν
2946 5512 2959 5524 ·
3001 5496 3094 5548 ἐπὶ
3132 5495 3190 5548 δέ
3231 5493 3421 5546 τούτου
3451 5495 3553 5563 οὑχ
3580 5491 3790 5558 οὑτως.

2191 5593 2306 5644 ἀλλ’
2336 5591 2521 5661 ἐπειδὴ
2563 5590 2762 5662 μᾶλλον
2814 5591 3124 5651 ἐπίστευσε,
3169 5587 3263 5639 καὶ
3293 5586 3631 5657 ὑψηλοτέραν
3662 5582 3793 5658 εἶχε

2192 5685 2386 5754 ψυχὴν,
2416 5684 2502 5736 διά
2562 5683 2715 5736 τεῦτο
2761 5682 2908 5753 αὑτῴ
2935 5683 3061 5753 περὶ
3090 5682 3184 5752 τῆς
3228 5679 3618 5751 χαλεπωτέρας
3648 5683 3797 5752 πρό·-
