4010 6342
360 221 443 275 57
1260 217 1329 274 lN
1362 215 1854 279 PARALYTICUM
1886 215 2231 278 DEMISSUII
2274 222 2408 281 PER
2448 226 2745 286 TEC‘I‘UM.
3597 235 3667 291 58

355 332 595 401 invenit,
623 341 676 389 et
701 333 929 404 pulsanti
955 335 1224 403 aperietur
1254 332 1403 405 (Luc.
1434 335 1521 389 ll.
1547 334 1664 404 10).
1695 332 1811 388 Νοη
1832 332 1968 387 dixit

374 426 694 496 propinquis
735 426 877 493 suis,
909 426 1047 494 Quid
1075 426 1179 481 hoc
1205 427 1283 481 rei
1310 427 1426 481 est?
1462 426 1597 495 Quid
1643 423 1967 480 turbamini?

360 518 497 587 quid
521 533 648 573 vero
676 518 1020 588 properatis?
1063 517 1449 589 Exspectemus
1474 531 1749 589 quousque
1775 516 1968 571 domus

362 618 691 677 evscuetur,
735 610 1000 667 theatrum
1039 610 1382 666 dimittatur:
1410 610 1673 666 recedent
1711 610 1802 679 qui
1834 622 1965 663 con-

360 702 571 773 gregati
614 712 775 767 sunt,
820 703 1113 771 poterimus
1140 702 1385 772 privatim
1412 701 1477 757 ad
1507 702 1656 757 illum
1684 701 1964 768 accedere,

360 809 430 847 ac
461 793 528 847 de
553 793 635 847 his
656 793 818 848 rebus
845 793 992 847 illum
1019 793 1320 848 consulere.
1352 792 1488 860 Quid
1519 807 1654 863 opus
1681 801 1763 847 est
1793 792 1967 862 inspe-

356 885 635 940 ctantibus
674 886 926 941 omnibus
960 886 1291 941 calamitates
1319 900 1467 941 meas
1498 886 1548 940 in
1580 884 1811 940 medium
1841 900 1966 954 pro-

356 976 535 1045 ferri,
564 989 619 1034 et
651 978 883 1049 desuper
918 979 1192 1045 submitti,
1242 987 1402 1049 atque
1432 978 1681 1034 indecore
1720 978 1967 1035 moveri?

355 1070 571 1126 llorum
609 1071 741 1127 nihil
771 1081 863 1127 aut
885 1073 1022 1142 apud
1054 1089 1112 1128 se
1136 1081 1227 1127 aut
1262 1073 1330 1129 ad
1360 1088 1455 1129 eos
1479 1074 1567 1144 qui
1599 1089 1657 1128 se
1682 1072 1966 1143 gestabant

353 1165 648 1235 eloquutus
671 1176 790 1229 est,
823 1166 918 1222 sed
951 1176 1267 1223 ornamento
1294 1168 1393 1222 sibi
1421 1183 1541 1222 esse
1567 1167 1740 1231 duxit,
1772 1176 1829 1222 ut
1856 1177 1962 1223 tam

354 1259 562 1313 multos
602 1259 898 1314 curationis
943 1274 1054 1315 suae
1094 1268 1261 1316 testes
1308 1260 1579 1316 redderet.
1609 1261 1791 1332 Neque
1834 1276 1965 1316 vero

354 1358 569 1405 tantum
602 1366 668 1406 ex
711 1350 814 1405 hoc
845 1351 979 1406 fides
1008 1351 1124 1422 ejus
1144 1351 1291 1408 cerni
1316 1362 1557 1422 poterat,
1587 1353 1680 1409 sed
1710 1353 1867 1408 etiam
1896 1369 1963 1409 ex

354 1444 495 1513 ipsis
518 1443 718 1501 Christi
760 1448 961 1502 verbis.
1007 1446 1296 1518 Postquam
1326 1450 1471 1503 enim
1512 1449 1777 1504 demissus
1801 1456 1883 1503 est
1908 1457 1964 1503 et

350 1537 590 1605 oblatus,
616 1540 689 1593 ait
716 1539 787 1593 illi
811 1537 1077 1607 Christus,
1108 1540 1339 1610 Conﬁde,
1373 1542 1484 1610 ﬁli,
1515 1543 1839 1596 remittuntur
1867 1542 1957 1596 tibi

352 1637 585 1696 peccata.
620 1627 711 1682 His
740 1628 828 1683 ille
853 1628 1049 1685 auditis
1082 1645 1185 1685 non
1208 1646 1349 1700 :egre
1378 1631 1513 1695 tulit,
1543 1648 1647 1687 non
1678 1631 1813 1688 dixit
1840 1647 1957 1686 me-

354 1718 484 1775 dico
518 1737 531 1774 :
565 1720 707 1787 Quid
737 1720 839 1777 hoc
860 1721 935 1777 rei
967 1730 1048 1778 est
1068 1721 1092 1775 ἲ
1112 1723 1196 1778 Ah
1225 1724 1394 1779 altero
1431 1723 1622 1778 morbo
1651 1732 1707 1777 ut
1737 1738 1960 1779 sanarer

354 1812 591 1879 adveni,
635 1822 690 1867 et
731 1813 956 1869 alterum
1004 1814 1119 1883 ipse
1158 1814 1349 1869 sanat?
1380 1813 1480 1869 lsta
1503 1823 1804 1870 commenta
1834 1822 1959 1868 sunt

353 1915 417 1959 et
461 1913 788 1975 pnetextus,
839 1915 895 1961 et
936 1906 1316 1963 imbecillitatis
1359 1917 1687 1980 tegumenta.
1732 1908 1956 1963 Peccata

352 2011 538 2060 sanas,
564 2012 685 2068 quae
712 2015 818 2054 non
846 2002 1181 2055 cernuntur?
1202 2000 1342 2056 Nihil
1374 2000 1564 2057 horum
1596 2016 1769 2071 neque
1786 2001 1952 2066 dixit,

349 2104 531 2159 neque
554 2091 848 2162 cogitavit,
887 2091 982 2147 sed
1020 2095 1353 2162 exspectavit
1380 2095 1728 2165 permittens,
1759 2103 1818 2150 ut
1838 2110 1954 2150 me-

345 2180 505 2235 dicus
531 2196 652 2236 eam
693 2181 991 2239 curationis
1029 2184 1168 2239 viam
1200 2194 1433 2251 teneret,
1467 2202 1626 2257 quam
1652 2187 1832 2241 vellet.
1868 2186 1954 2240 ld-

355 2273 506 2328 circo
532 2275 695 2328 etiam
723 2273 971 2331 Christus
1013 2292 1117 2331 non
1160 2278 1228 2332 ad
1273 2293 1396 2332 eum
1444 2279 1708 2347 perrexit,
1736 2278 1829 2335 sed
1856 2294 1954 2334 ex-

351 2366 624 2433 spectavit
647 2365 773 2421 dum
804 2365 1045 2433 veniret,
1081 2376 1137 2421 ut
1165 2367 1323 2422 fidem
1352 2369 1516 2431 ipsius
1545 2370 1749 2425 cunctis
1774 2379 1953 2424 osten-

348 2454 527 2511 deret.
576 2454 844 2526 Numquid
881 2458 1025 2511 enim
1086 2458 1293 2514 facilem
1339 2460 1412 2514 illi
1460 2462 1629 2528 potuit
1678 2476 1951 2516 accessum

346 2548 582 2604 reddere
603 2550 627 2603 ?
646 2549 750 2605 Sed
779 2550 906 2606 nihil
934 2550 1124 2606 horum
1156 2552 1281 2609 fecit
1300 2594 1317 2619 ,
1349 2563 1407 2608 ut
1435 2553 1550 2623 ejus
1576 2554 1811 2609 studium
1840 2571 1954 2609 om-

346 2642 509 2699 nibus
536 2644 893 2712 patefaceret,
942 2654 998 2700 et
1036 2645 1195 2701 ﬁdem
1226 2646 1528 2702 ardentem.
1581 2647 1714 2702 Nam
1760 2664 1952 2718 quem-

343 2734 640 2790 admodum
659 2735 725 2790 ad
745 2736 892 2791 illum
913 2736 1191 2808 adivit,qui
1214 2747 1336 2793 octo
1349 2748 1401 2795 et
1426 2739 1639 2811 triginta
1652 2740 1763 2808 jam
1781 2755 1952 2795 annos

346 2825 623 2893 habebat,
665 2843 732 2883 eo
769 2829 914 2900 quod
964 2846 1122 2886 nemo
1167 2832 1240 2885 illi
1271 2832 1484 2887 adesset
1517 2852 1530 2889 :
1560 2834 1638 2889 sic
1662 2842 1718 2889 et
1743 2834 1903 2889 istum
1933 2876 1950 2901 ,

347 2928 640 2988 propterea
668 2920 809 2991 quod
838 2922 1034 2977 multos
1062 2922 1289 2980 habebat
1322 2925 1647 2996 propinquos
1666 2968 1682 2994 ,
1728 2926 1855 2982 dum
1884 2927 1951 2982 ad

346 3024 415 3063 se
436 3012 661 3072 veniret.
694 3014 1043 3083 exspectavit,
1077 3023 1133 3069 ut
1162 3023 1215 3068 et
1247 3016 1397 3070 istius
1424 3016 1761 3073 manifestam
1794 3018 1950 3074 fidem

352 3102 637 3169 redderet,
672 3118 738 3158 eo
766 3104 910 3175 quod
961 3104 1172 3160 oblatus
1210 3107 1407 3163 fuerit:
1438 3118 1493 3163 et
1532 3108 1674 3163 illius
1704 3108 1950 3164 solitudi-

350 3210 477 3249 nem
526 3212 623 3251 oos
662 3196 907 3264 doceret,
953 3214 1021 3254 eo
1054 3198 1195 3270 quod
1225 3200 1290 3254 ad
1322 3200 1493 3270 ipsum
1525 3202 1851 3266 accesserit,
1898 3211 1953 3257 et

346 3295 459 3340 tam
505 3288 661 3344 istius
703 3290 977 3357 studium,
1005 3307 1165 3362 quam
1209 3292 1353 3348 illius
1394 3294 1702 3364 patientiam
1741 3298 1951 3350 cunctis

346 3379 627 3450 clo-tegeret
650 3422 666 3446 ,
709 3393 869 3453 atque
917 3384 1020 3437 illis
1052 3386 1327 3455 prmcipue
1354 3386 1442 3457 qui
1472 3386 1774 3442 adstabant.
1816 3387 1948 3443 Nam

348 3473 607 3540 quoniam
645 3474 815 3530 Judaei
860 3474 1106 3530 homines
1147 3477 1310 3532 invidi
1357 3488 1413 3533 et
1459 3478 1734 3533 hominum
1766 3494 1951 3534 osores

345 3565 714 3635 proximorum
738 3566 1017 3623 beneficiis
1043 3568 1279 3624 invidere
1300 3578 1710 3635 consueverunt,
1735 3580 1790 3625 et
1811 3586 1950 3626 nunc

344 3667 562 3726 sumpta
582 3660 867 3716 occasione
891 3676 919 3713 a
952 3671 1192 3732 tempore
1220 3663 1472 3718 miracula
1490 3679 1733 3734 carpere,
1763 3664 1949 3719 dicen-

347 3757 434 3801 tes
461 3764 583 3802 eum
625 3749 676 3803 in
706 3750 929 3806 sabbato
953 3766 1143 3807 curare
1165 3795 1180 3819 ,
1215 3769 1357 3811 nunc
1382 3754 1450 3809 ab
1472 3770 1659 3809 eorum
1689 3756 1827 3821 vita,
1858 3756 1946 3825 qui

343 3844 717 3909 curabantur,
762 3844 1033 3911 dicentes,
1069 3845 1171 3900 Hic
1212 3848 1256 3901 si
1293 3858 1420 3903 esset
1468 3849 1715 3918 propheta
1739 3890 1754 3913 ,
1797 3850 1948 3903 sciret

352 3952 583 4003 {umnam
606 3937 672 3990 sit
699 3939 903 4002 mulier,
935 3956 1051 4008 qua:
1076 3942 1237 4011 tangit
1266 3958 1380 3995 eum
1422 3941 1574 4013 (Luc.
1606 3943 1657 3995 7.
1694 3942 1817 4011 59),
1850 3959 1944 3997 ne-

342 4027 581 4082 scientes
635 4025 740 4083 hoc
790 4044 910 4084 esse
958 4031 1224 4099 praecipue
1273 4032 1507 4098 medici,
1563 4049 1683 4089 cum
1728 4036 1946 4105 a-grotis

344 4121 587 4188 misceri,
616 4133 671 4178 et
692 4121 841 4193 juxta
872 4125 1115 4180 inﬁrmos
1142 4143 1356 4197 semper
1383 4128 1611 4193 versari,
1637 4146 1740 4183 non
1767 4142 1945 4185 autem

346 4211 475 4266 illos
502 4211 713 4283 fugere,
750 4225 803 4269 et
829 4216 898 4269 ab
928 4216 1032 4271 illis
1062 4219 1287 4272 resilire.
1317 4218 1467 4286 Quod
1495 4221 1708 4291 quidem
1740 4232 1795 4277 et
1823 4238 1944 4277 cum

348 4301 403 4355 in
447 4316 542 4356 eos
578 4304 923 4360 inveheretur
947 4307 1157 4362 dicebat
1190 4328 1201 4361 :
1234 4308 1356 4364 Non
1395 4322 1466 4367 est
1512 4329 1638 4381 opus
1666 4314 1948 4369 valentibus

340 4396 541 4449 mdico
562 4438 577 4461 ,
600 4399 695 4454 sed
719 4398 854 4454 niale
882 4401 1181 4457 habentibus
1204 4403 1429 4473 (Matth.
1455 4406 1506 4461 9.
1534 4406 1642 4479 19).
1686 4407 1761 4462 Ne
1788 4409 1946 4478 igitur

340 4487 533 4542 eadem
563 4506 755 4546 rursus
779 4492 1107 4562 objicerent,
1138 4499 1284 4564 prius
1322 4497 1520 4561 indicat
1548 4514 1643 4555 eos
1669 4500 1946 4554 curatione

344 4580 539 4649 dignos
579 4596 698 4635 esse
718 4623 734 4647 ,
770 4584 859 4653 qui
895 4586 1260 4653 accedebant,
1286 4589 1355 4642 ob
1376 4588 1535 4646 ﬁdem
1557 4605 1715 4660 quam
1746 4606 1857 4660 pra:
1885 4607 1946 4646 se

340 4672 604 4727 lcrebant.
636 4674 922 4744 Propterea
950 4685 1005 4730 et
1030 4678 1170 4732 illius
1196 4679 1537 4736 solitudinem
1563 4690 1619 4738 et
1644 4682 1942 4741 ferventem

337 4763 498 4819 istius
538 4764 702 4821 ﬁdem
752 4775 807 4822 et
859 4768 1020 4824 animi
1070 4772 1545 4841 promptitudinem
1597 4774 1887 4830 declaravit
1927 4793 1942 4830 :

339 4863 623 4923 propterea
652 4865 765 4912 tum
796 4858 944 4913 illum
991 4859 1046 4917 in
1078 4862 1316 4917 sabbato
1346 4865 1553 4920 curavit
1576 4905 1591 4928 .
1637 4875 1747 4921 tum
1797 4865 1942 4923 hunc

340 4963 451 5000 non
491 4948 542 5002 in
573 4948 839 5005 sabbato:
868 4962 958 5018 ut,
989 4968 1116 5013 cum
1144 4954 1267 5009 illos
1292 4955 1464 5010 altero
1501 4954 1589 5012 die
1628 4957 1826 5013 videris
1851 4974 1939 5013 re-

341 5038 681 5105 prehendere
734 5051 789 5098 et
836 5043 1118 5115 increpare
1164 5046 1474 5114 Christum,
1525 5049 1788 5121 intelligas
1829 5059 1941 5105 tum

344 5134 604 5202 temporis
623 5136 808 5201 etiam,
837 5152 944 5192 non
974 5139 1117 5209 quod
1144 5140 1367 5197 studiosi
1391 5152 1572 5198 essent
1598 5142 1730 5213 legis
1750 5142 1943 5198 obser-

337 5224 551 5289 vaudte,
566 5226 1011 5297 reprehendisse,
1038 5245 1225 5285 verum
1246 5246 1368 5286 cum
1397 5233 1665 5303 propriam
1690 5233 1942 5288 invidiam

339 5318 489 5372 ferre
526 5332 631 5373 non
676 5329 912 5389 possent.
942 5321 1119 5389 Quare
1163 5338 1293 5378 vero
1327 5339 1433 5379 non
1478 5326 1622 5394 prius
1653 5326 1941 5395 paralysim

338 5424 533 5463 sanare
555 5425 839 5481 aggressus
868 5422 993 5480 est,
1025 5414 1118 5469 sed
1142 5414 1313 5480 dixit,
1344 5416 1586 5485 Conﬁde.
1620 5418 1735 5487 ﬁli,
1768 5419 1942 5472 dimit-

335 5508 515 5554 tuntur
559 5513 766 5571 peccata
809 5505 946 5558 tua?
970 5504 1037 5562 Et
1063 5506 1164 5562 hoc
1204 5509 1476 5577 sapienter
1515 5510 1822 5564 admodum.
1858 5510 1941 5565 Si-

341 5593 556 5664 quidem
590 5604 673 5651 est
702 5596 802 5651 hoc
834 5598 884 5652 in
921 5612 1072 5654 more
1100 5601 1333 5669 positum
1356 5601 1687 5657 medicorum
1710 5645 1723 5667 ,
1753 5613 1809 5657 ut
1834 5619 1939 5658 non

339 5686 489 5755 prius
536 5686 755 5741 morbos
807 5689 1042 5758 abigant,
1100 5693 1194 5746 sed
1256 5708 1441 5748 eorum
1490 5694 1663 5749 fontes
1723 5695 1932 5751 tollant.

671 5801 944 5863 PATBOL.
991 5807 1107 5866 Gn.
1160 5802 1257 5865 Ll.

2079 336 2331 410 Exempli
2362 357 2521 398 causa
2548 358 2919 414 saepenumero
2949 358 3068 401 cum
3097 359 3123 397 a
3174 359 3343 416 pravo
3375 343 3598 403 humore
3616 354 3671 402 et

2072 442 2320 503 corrupta
2352 434 2594 491 ﬂuxione
2617 437 2939 494 infestantur
2956 439 3118 506 oculi,
3148 440 3387 497 medicus
3416 442 3671 497 omittens

2075 525 2327 594 pupillam
2372 542 2568 597 aegram
2616 544 2838 595 curare,
2885 530 3074 600 capitis
3118 546 3300 587 curam
3340 531 3529 602 gerit,
3578 534 3669 587 tibi

2070 616 2220 672 radix
2249 627 2302 672 et
2323 617 2445 674 fons
2487 629 2604 675 erat
2654 621 2986 691 aegritudinis
3016 622 3129 677 :ita
3174 638 3388 692 quoque
3424 622 3668 679 Christus

2069 711 2221 779 agit:
2253 712 2401 780 prius
2440 713 2701 769 malorum
2742 714 2950 771 fontem
2995 716 3257 787 reprimit.
3280 716 3431 773 Fons
3473 718 3670 788 quippe

2072 803 2337 858 malorum
2356 812 2422 861 et
2450 806 2599 861 radix
2628 815 2683 861 et
2706 816 2879 865 mater
2924 816 3007 865 est
3048 809 3289 863 omnium
3329 818 3513 864 natura
3541 824 3668 878 pec—

2069 894 2195 949 cati.
2242 894 2368 950 llaec
2405 905 2487 951 est
2529 913 2648 967 qua:
2688 913 2915 967 corpora
2970 908 3151 955 nostra
3198 909 3361 955 vexat
3394 900 3665 971 paralysi,

2070 982 2188 1040 haec
2217 986 2438 1043 morbos
2467 988 2712 1061 invehit;
2746 989 2946 1045 idcirco
2988 990 3147 1044 etiam
3180 990 3350 1059 inquit
3372 989 3476 1045 hoc
3505 989 3624 1044 loco
3645 1031 3660 1051 ,

2069 1074 2318 1146 Conﬁde,
2368 1079 2476 1147 ﬁli,
2518 1080 2847 1135 dimittuntur
2892 1092 3099 1151 peccata
3144 1090 3268 1147 tua;
3309 1090 3364 1137 et
3401 1081 3511 1137 illic
3551 1082 3661 1136 ait:

2066 1167 2203 1223 Ecce
2241 1187 2398 1225 sanus
2445 1174 2612 1242 factus
2651 1189 2733 1236 es,
2780 1174 2885 1227 noli
2933 1173 3156 1243 amplius
3181 1190 3425 1245 peccare,
3459 1174 3667 1243 nequid

2068 1261 2286 1317 deterius
2312 1263 2401 1317 tibi
2425 1266 2726 1338 contingat;
2754 1275 2984 1337 utroque
3008 1267 3125 1322 loco
3146 1267 3426 1322 declarans
3445 1269 3666 1322 morbos

2070 1352 2200 1409 istos
2230 1370 2297 1409 ex
2325 1366 2546 1426 peccato
2585 1365 2740 1413 natos
2782 1373 2923 1413 esse.
2954 1358 3020 1412 Et
3045 1358 3096 1412 in
3129 1358 3391 1428 principio
3414 1366 3573 1429 atque
3608 1360 3664 1415 in

2067 1445 2291 1500 exordio
2326 1448 2614 1502 creationis
2654 1463 2721 1503 ex
2763 1458 2984 1517 peccato
3033 1448 3251 1503 morbus
3291 1448 3440 1503 Caini
3466 1463 3663 1518 corpus

2067 1538 2279 1594 invasit.
2311 1538 2445 1594 Nam
2473 1549 2527 1595 et
2551 1540 2642 1595 ille
2668 1549 2789 1610 post
2814 1540 3164 1597 fratricidium
3186 1581 3203 1606 ,
3239 1551 3357 1610 post
3386 1540 3512 1597 illud
3539 1555 3662 1595 soe-

2066 1630 2168 1697 lus,
2190 1639 2299 1685 tum
2328 1632 2554 1703 paralysi
2572 1633 2813 1702 corporis
2841 1642 2923 1688 est
2947 1641 3247 1702 correptus.
3273 1632 3497 1687 Tremor
3515 1632 3658 1689 enim

2064 1725 2154 1779 ille
2181 1725 2312 1780 nihil
2340 1726 2484 1781 aliud
2516 1726 2614 1781 fuit
2636 1742 2797 1796 quam
2832 1728 3107 1797 paralysis.
3143 1727 3368 1795 Quando
3394 1727 3537 1787 enim
3569 1728 3655 1784 illa

2064 1819 2254 1884 virtus,
2285 1834 2405 1889 qua:
2434 1818 2631 1874 animal
2656 1820 2813 1889 regit,
2847 1819 3168 1874 imbecillior
3191 1829 3273 1874 est
3302 1818 3531 1883 reddita,
3560 1834 3661 1874 nec

2060 1912 2288 1980 amplius
2335 1912 2510 1967 omnia
2552 1921 2726 1982 potest
2772 1912 3009 1967 membra
3034 1921 3378 1979 sustentare,
3411 1927 3502 1968 sua
3530 1928 3659 1967 cura

2063 2000 2149 2055 illa
2168 2001 2429 2067 destituit,
2444 2012 2602 2073 atque
2616 2004 2704 2057 illa
2721 2004 2959 2058 relaxata
2982 2004 3651 2073 tremuntctexagitantur.

2131 2094 2183 2147 6.
2213 2093 2325 2148 lloc
2378 2094 2538 2149 etiam
2589 2095 2840 2151 indicavit
2902 2095 3131 2160 Paulus,
3176 2110 3297 2149 cum
3341 2093 3639 2155 Corinthiis

2061 2192 2335 2254 peccatum
2381 2185 2650 2255 quoddam
2695 2184 3033 2256 exprobrans
3078 2187 3153 2241 ait
3181 2205 3193 2239 :
3220 2184 3348 2241 Ideo
3396 2187 3527 2241 inter
3566 2203 3655 2243 vos

2060 2276 2204 2328 multi
2229 2276 2419 2344 inﬁrmi
2445 2285 2493 2329 et
2530 2276 2798 2331 imbecilles
2821 2277 2897 2347 (1.
2926 2276 3044 2331 Cor.
3078 2279 3163 2332 11.
3195 2277 3288 2347 50)
3315 2295 3328 2332 :
3363 2277 3482 2334 ideo
3503 2277 3659 2333 Chri-

2058 2377 2178 2419 stus
2219 2381 2433 2435 quoque
2483 2367 2629 2437 prius
2658 2382 2877 2424 causam
2928 2369 3190 2422 malorum
3227 2368 3398 2436 tollit,
3425 2384 3658 2440 cumque

2057 2458 2315 2513 dixisset:
2344 2457 2575 2526 Conﬁde,
2600 2459 2698 2527 ﬁli,
2722 2459 3044 2513 dimittuntur
3067 2469 3273 2531 peccata
3295 2470 3402 2528 tua,
3418 2461 3655 2517 animum

2057 2549 2174 2619 ejus
2216 2548 2409 2618 erigit,
2458 2550 2836 2621 dejectamque
2887 2559 3125 2606 mentem
3177 2550 3653 2623 excitatzquippe

2057 2657 2239 2697 sermo
2265 2643 2512 2713 prodibat
2535 2644 2586 2698 in
2612 2658 2771 2715 opus,
2792 2652 2845 2699 et
2872 2644 2924 2698 in
2957 2643 3341 2699 conscientiam
3367 2654 3654 2714 penetrans

2056 2736 2289 2788 animam
2323 2735 2493 2803 ipsam
2524 2735 2773 2791 movebat
2794 2778 2809 2801 ,
2841 2751 2903 2791 ac
2931 2744 3130 2791 metum
3176 2750 3390 2791 omnem
3420 2735 3659 2806 expelle-

2058 2826 2167 2881 bat.
2193 2825 2353 2900 [Nihil
2385 2828 2527 2883 enim
2556 2836 2641 2882 est
2673 2828 2814 2897 quod
2839 2828 2906 2882 ita
2950 2826 3290 2883 formidinem
3318 2842 3382 2882 ac
3404 2828 3653 2883 timorem

2057 2917 2296 2995 injiciat,
2323 2928 2379 2973 ut
2403 2919 2735 2975 conscientia
2763 2928 3105 2990 peccatorum
3139 2938 3152 2974 :
3187 2918 3205 2993 ]
3246 2918 3376 2975 nihil
3401 2920 3472 2977 ita
3497 2921 3653 2975 volu-

2058 3021 2258 3081 ptatem
2288 3012 2445 3081 parit,
2475 3021 2530 3066 et
2556 3012 2933 3068 confidentiam
2966 3012 3264 3082 ingenerat,
3292 3027 3355 3068 ac
3378 3014 3423 3067 si
3452 3013 3651 3068 nullius

2056 3105 2175 3175 quis
2200 3104 2423 3159 sceleris
2451 3104 2551 3158 sibi
2578 3105 2647 3158 sit
2675 3104 2941 3163 conscius.
2973 3103 3206 3174 Con/ide,
3231 3104 3311 3175 ﬁli
3335 3144 3350 3168 ,
3372 3104 3648 3161 dimittun-

2057 3207 2140 3251 tur
2165 3207 2373 3267 peccata
2414 3207 2523 3251 tua.
2553 3197 2653 3253 Ubi
2680 3198 2823 3253 enim
2871 3197 3119 3253 remissio
3144 3207 3227 3254 est
3254 3206 3596 3269 peccatorum
3632 3238 3647 3260 ,

2061 3288 2169 3344 illic
2194 3298 2247 3345 et
2273 3289 2490 3359 adeptio
2512 3297 2595 3344 est
2618 3288 2868 3345 filiorum.
2904 3289 2980 3344 lta
3007 3304 3106 3343 nos
3132 3304 3343 3360 quoque
3368 3305 3474 3344 non
3497 3290 3647 3358 prius

2062 3379 2275 3435 Patrem
2302 3381 2898 3450 possumusaopellare,
2922 3396 3080 3450 quam
3104 3381 3156 3435 in
3186 3397 3461 3437 sacrarum
3484 3396 3653 3451 aqua-

2057 3486 2174 3525 rum
2203 3471 2415 3527 lavacro
2460 3480 2676 3541 peccata
2720 3471 3154 3527 absterserimus.
3208 3472 3438 3540 Quando
3492 3472 3653 3543 igitur

2055 3566 2196 3620 mala
2226 3566 2312 3620 illa
2341 3566 2823 3636 depositasarcina
2857 3565 2980 3621 inde
2998 3564 3361 3632 ascendimus,
3388 3574 3501 3619 tum
3528 3564 3657 3619 diri-

2058 3673 2210 3721 mns,
2249 3655 2409 3711 Pater
2434 3667 2623 3724 noster,
2651 3657 2737 3727 qui
2761 3674 2813 3713 es
2852 3659 2904 3711 in
2930 3658 3089 3713 (telis.
3114 3655 3314 3713 Verum
3348 3657 3490 3712 enim
3522 3672 3653 3711 vero

2056 3748 2208 3819 cujus
2238 3749 2314 3804 rei
2338 3750 2512 3819 gratia
2545 3764 2649 3803 non
2679 3750 2750 3804 ita
2778 3766 2838 3804 se
2863 3751 3031 3821 gessit
3056 3766 3183 3821 erga
3215 3750 3398 3816 illum,
3433 3749 3522 3821 qui
3552 3750 3654 3803 tri-

2056 3842 2199 3911 ginta
2247 3850 2371 3895 oeto
2413 3857 2583 3897 annos
2629 3840 2896 3906 habebat,
2940 3842 3046 3896 sed
3074 3842 3229 3911 prius
3273 3841 3414 3897 illius
3456 3856 3655 3912 corpus

2055 3933 2300 3987 curavit?
2339 3932 2600 3999 Quoniam
2650 3931 2725 3987 illi
2779 3933 2995 4002 quidem
3042 3933 3299 4001 temporis
3350 3932 3655 4002 prolixitate

2058 4026 2265 4082 fuerant
2292 4036 2605 4097 consumpta
2630 4038 2849 4097 peccata
2880 4045 2892 4080 :
2925 4037 3095 4097 potest
3126 4028 3267 4082 enim
3301 4028 3651 4085 tentationum

2053 4119 2290 4188 gravitas
2341 4135 2480 4173 onus
2522 4129 2862 4189 peccatorum
2923 4119 3091 4174 levius
3132 4118 3357 4175 reddere
3399 4136 3415 4174 :
3462 4136 3653 4190 quem-

2057 4209 2347 4265 admodum
2368 4222 2422 4264 et
2447 4210 2516 4265 de
2540 4210 2744 4266 Lazaro
2771 4211 2930 4277 dixit,
2944 4227 3064 4265 eum
3088 4210 3225 4269 mala
3239 4225 3335 4265 sua
3362 4211 3650 4281 recepisse,

2059 4310 2219 4370 atque
2252 4301 2339 4355 hic
2363 4301 2630 4356 consolari
2662 4318 2675 4353 :
2708 4310 2763 4354 et
2789 4302 3076 4359 rursus,ait
3101 4301 3228 4356 alibi
3259 4318 3272 4354 :
3306 4297 3654 4357 Consalamini

2058 4395 2305 4464 populum
2332 4412 2496 4448 meum
2522 4435 2536 4460 ,
2578 4394 2842 4465 loquimini
2870 4395 2939 4449 ad
2968 4411 3057 4449 car
3078 4393 3389 4459 Jerusalem,
3408 4394 3539 4464 quia
3567 4410 3653 4447 re-

2054 4488 2183 4557 cepit
2213 4490 2276 4542 de
2302 4504 2458 4541 manu
2497 4486 2704 4542 Domini
2740 4487 2967 4558 duplicia
2994 4493 3319 4554 peccatasua
3345 4482 3538 4556 (ﬂeui.
3557 4480 3648 4546 40,

2058 4582 2107 4634 1.
2137 4580 2218 4651 2).
2243 4581 2310 4635 Et
2334 4582 2526 4637 iterum
2557 4580 2817 4651 propheta
2853 4599 2865 4634 :
2900 4579 3120 4635 Domine
3139 4621 3156 4647 ,
3181 4580 3443 4650 pacanda
3472 4579 3614 4634 nobis
3632 4620 3648 4645 ,

2055 4674 2228 4727 omnia
2251 4673 2386 4729 enim
2412 4674 2678 4728 reddidisti
2706 4674 2848 4727 nobis
2878 4671 3030 4745 (lies.
3061 4671 3151 4727 26.
3181 4673 3273 4743 12)
3294 4714 3308 4737 ,
3337 4672 3649 4741 significans

2056 4780 2245 4834 pmoas
2287 4774 2343 4820 et
2370 4765 2632 4835 supplicia
2674 4766 2883 4820 veniam
2920 4764 3211 4834 impetrare
3265 4770 3607 4833 peccatorum
3632 4803 3650 4829 ,

2056 4856 2217 4927 idque
2238 4856 2577 4927 plurimis-ex
2607 4858 2741 4913 locis
2763 4868 2944 4929 potest
2960 4856 3342 4913 demonstrari.

2133 4948 2457 5004 vicinitatem
2488 4966 2633 5007 suam
2672 4950 2870 5004 indicat
2908 4947 3157 5013 Christus.
3187 4975 3258 4989 οι⁴
3288 4945 3470 5017 Itaque
3518 4944 3652 4999 nihil

2052 5040 2184 5096 mihi
2231 5041 2441 5097 videtur
2464 5041 2532 5098 de
2550 5051 2901 5113 peccatorum
2941 5039 3260 5096 remissione
3277 5037 3482 5093 dixisse
3506 5079 3523 5104 ,
3551 5035 3649 5093 sed

2054 5131 2106 5185 in
2134 5143 2408 5203 posterum
2430 5133 2578 5189 illum
2596 5133 2975 5203 ,prmmunissc,
2991 5147 3113 5188 cum
3130 5145 3196 5187 ea
3216 5147 3336 5202 quae
3356 5130 3568 5186 fuerant
3585 5130 3654 5183 ab

2056 5227 2149 5283 illo
2174 5227 2460 5283 commissa
2478 5227 2589 5298 jam
2617 5226 2948 5298 aegritudinis
2974 5223 3478 5295 essentprolixitate
3503 5222 3649 5277 dele-

2057 5330 2107 5375 ta
2142 5337 2157 5375 :
2188 5328 2281 5375 aut
2304 5321 2347 5375 si
2374 5318 2478 5377 hoc
2498 5334 2604 5376 non
2631 5321 2721 5385 sit,
2748 5328 3028 5391 propterea
3056 5318 3198 5391 quod
3218 5317 3467 5373 nondum
3487 5312 3648 5384 quid-

2058 5427 2219 5481 quam
2250 5426 2504 5483 magnum
2533 5411 2606 5468 illi
2635 5411 2812 5467 fuerat
2837 5411 2906 5467 de
2943 5409 3162 5467 Christo
3185 5423 3499 5483 persuasum
3523 5448 3539 5475 ,
3572 5406 3654 5461 id.

2055 5506 2201 5561 circo
2222 5504 2289 5561 ad
2311 5504 2361 5561 id
2391 5505 2531 5576 quod
2565 5506 2741 5562 minus
2765 5515 2882 5562 erat
2902 5548 2918 5572 ,
2946 5507 3092 5576 prius
3131 5505 3395 5570 accessit,
3426 5512 3481 5559 et
3508 5500 3653 5573 quod

2055 5600 2278 5657 evidens
2302 5614 2365 5654 ac
2396 5599 3032 5665 manifesttun,.nimirum
3054 5597 3298 5668 corporis
3314 5596 3597 5652 sanitatem
3628 5609 3645 5649 :

2055 5697 2111 5750 in
2143 5695 2243 5750 hoc
2273 5702 2451 5749 autem
2478 5707 2582 5749 non
2609 5693 2678 5747 ita
2699 5732 2716 5759 ,
2743 5691 2836 5748 scd
2863 5691 3115 5761 quoniam
3158 5690 3328 5759 magis
3368 5685 3639 5749 credebat,

3202 5787 3241 5850 Ιι
