  <div class='ocr_page' id='page_1' title='image "/cluster/home/n/w/nwhite01/storage/ocr_20150623/51/nnc1.0046978275/059.png"; bbox 0 0 4010 6342; ppageno 0'>
   <div class='ocr_carea' id='block_1_1' title="bbox 359 199 3658 294">
    <p class='ocr_par' dir='ltr' id='par_1_1' title="bbox 359 199 3658 294">
     <span class='ocr_line' id='line_1_1' title="bbox 359 199 3658 294; baseline 0.003 -9"><span class='ocrx_word' id='word_1_1' title='bbox 359 229 431 285; x_wconf 78' lang='lat'><strong>59</strong></span> <span class='ocrx_word' id='word_1_2' title='bbox 1084 231 1142 284; x_wconf 83' lang='lat' dir='ltr'><strong>S.</strong></span> <span class='ocrx_word' id='word_1_3' title='bbox 1187 228 1467 285; x_wconf 72' lang='lat' dir='ltr'><strong>JOANNIS</strong></span> <span class='ocrx_word' id='word_1_4' title='bbox 1498 229 1973 285; x_wconf 73' lang='lat' dir='ltr'><strong>CllllYSOSTOMi</strong></span> <span class='ocrx_word' id='word_1_5' title='bbox 2010 230 2327 288; x_wconf 64' lang='lat' dir='ltr'><strong>AliCHlF-ZP.</strong></span> <span class='ocrx_word' id='word_1_6' title='bbox 2368 232 2914 290; x_wconf 67' lang='lat' dir='ltr'><strong>CONSTANTINOP.</strong></span> 
     </span>
    </p>
   </div>
   <div class='ocr_carea' id='block_1_2' title="bbox 361 339 1949 414">
    <p class='ocr_par' dir='ltr' id='par_1_2' title="bbox 361 339 1949 414">
     <span class='ocr_line' id='line_1_2' title="bbox 361 339 1949 414; baseline 0 -16"><span class='ocrx_word' id='word_1_7' title='bbox 361 356 418 398; x_wconf 84' lang='lat' dir='ltr'><strong>et</strong></span> <span class='ocrx_word' id='word_1_8' title='bbox 441 343 738 397; x_wconf 85' lang='lat' dir='ltr'><strong>sublimiori</strong></span> <span class='ocrx_word' id='word_1_9' title='bbox 767 352 942 397; x_wconf 89' lang='lat' dir='ltr'><strong>mente</strong></span> <span class='ocrx_word' id='word_1_10' title='bbox 971 339 1225 412; x_wconf 79' lang='lat' dir='ltr'><strong>pra-ditus</strong></span> <span class='ocrx_word' id='word_1_11' title='bbox 1254 356 1368 398; x_wconf 88' lang='lat' dir='ltr'><strong>erat</strong></span> <span class='ocrx_word' id='word_1_12' title='bbox 1389 387 1402 410; x_wconf 94' lang='lat'><strong>,</strong></span> <span class='ocrx_word' id='word_1_13' title='bbox 1436 355 1717 414; x_wconf 71' lang='lat' dir='ltr'><strong>propterea</strong></span> <span class='ocrx_word' id='word_1_14' title='bbox 1741 343 1806 398; x_wconf 90' lang='lat' dir='ltr'><strong>de</strong></span> <span class='ocrx_word' id='word_1_15' title='bbox 1831 360 1949 414; x_wconf 88' lang='lat' dir='ltr'><strong>gra-</strong></span> 
     </span>
    </p>
   </div>
   <div class='ocr_carea' id='block_1_3' title="bbox 361 434 1955 506">
    <p class='ocr_par' dir='ltr' id='par_1_3' title="bbox 361 434 1955 506">
     <span class='ocr_line' id='line_1_3' title="bbox 361 434 1955 506; baseline 0.002 -19"><span class='ocrx_word' id='word_1_16' title='bbox 361 437 495 490; x_wconf 88' lang='lat' dir='ltr'><strong>viori</strong></span> <span class='ocrx_word' id='word_1_17' title='bbox 530 437 678 505; x_wconf 91' lang='lat' dir='ltr'><strong>prius</strong></span> <span class='ocrx_word' id='word_1_18' title='bbox 708 434 848 505; x_wconf 88' lang='lat' dir='ltr'><strong>apud</strong></span> <span class='ocrx_word' id='word_1_19' title='bbox 882 435 1030 489; x_wconf 89' lang='lat' dir='ltr'><strong>illum</strong></span> <span class='ocrx_word' id='word_1_20' title='bbox 1070 437 1261 490; x_wconf 90' lang='lat' dir='ltr'><strong>morbo</strong></span> <span class='ocrx_word' id='word_1_21' title='bbox 1287 436 1540 490; x_wconf 74' lang='lat' dir='ltr'><strong>disseruit</strong></span> <span class='ocrx_word' id='word_1_22' title='bbox 1572 453 1584 488; x_wconf 91' lang='lat'>:</span> <span class='ocrx_word' id='word_1_23' title='bbox 1615 446 1810 506; x_wconf 75' lang='lat' dir='ltr'><strong>przeter</strong></span> <span class='ocrx_word' id='word_1_24' title='bbox 1841 437 1955 490; x_wconf 73' lang='lat' dir='ltr'><strong>hrec</strong></span> 
     </span>
    </p>
   </div>
   <div class='ocr_carea' id='block_1_4' title="bbox 362 526 1957 596">
    <p class='ocr_par' dir='ltr' id='par_1_4' title="bbox 362 526 1957 596">
     <span class='ocr_line' id='line_1_4' title="bbox 362 526 1957 596; baseline 0.001 -18"><span class='ocrx_word' id='word_1_25' title='bbox 362 527 562 589; x_wconf 88' lang='lat' dir='ltr'><strong>omnia,</strong></span> <span class='ocrx_word' id='word_1_26' title='bbox 589 536 646 580; x_wconf 89' lang='lat' dir='ltr'><strong>ut</strong></span> <span class='ocrx_word' id='word_1_27' title='bbox 665 526 767 580; x_wconf 83' lang='lat' dir='ltr'><strong>sibi</strong></span> <span class='ocrx_word' id='word_1_28' title='bbox 813 526 1074 596; x_wconf 64' lang='lat' dir='ltr'><strong>aequalem</strong></span> <span class='ocrx_word' id='word_1_29' title='bbox 1119 543 1240 581; x_wconf 91' lang='lat' dir='ltr'><strong>cum</strong></span> <span class='ocrx_word' id='word_1_30' title='bbox 1287 526 1447 582; x_wconf 84' lang='lat' dir='ltr'><strong>Patre</strong></span> <span class='ocrx_word' id='word_1_31' title='bbox 1471 526 1656 583; x_wconf 85' lang='lat' dir='ltr'><strong>deberi</strong></span> <span class='ocrx_word' id='word_1_32' title='bbox 1697 527 1957 580; x_wconf 85' lang='lat' dir='ltr'><strong>honorem</strong></span> 
     </span>
    </p>
   </div>
   <div class='ocr_carea' id='block_1_5' title="bbox 359 617 1958 689">
    <p class='ocr_par' dir='ltr' id='par_1_5' title="bbox 359 617 1958 689">
     <span class='ocr_line' id='line_1_5' title="bbox 359 617 1958 689; baseline 0.001 -18"><span class='ocrx_word' id='word_1_33' title='bbox 359 619 696 674; x_wconf 80' lang='lat' dir='ltr'><strong>ostenderet.</strong></span> <span class='ocrx_word' id='word_1_34' title='bbox 740 617 811 674; x_wconf 95' lang='lat' dir='ltr'><strong>Ut</strong></span> <span class='ocrx_word' id='word_1_35' title='bbox 845 620 989 674; x_wconf 91' lang='lat' dir='ltr'><strong>enim</strong></span> <span class='ocrx_word' id='word_1_36' title='bbox 1039 619 1147 674; x_wconf 90' lang='lat' dir='ltr'><strong>illic</strong></span> <span class='ocrx_word' id='word_1_37' title='bbox 1177 620 1232 673; x_wconf 91' lang='lat' dir='ltr'><strong>in</strong></span> <span class='ocrx_word' id='word_1_38' title='bbox 1284 620 1508 675; x_wconf 91' lang='lat' dir='ltr'><strong>sabbato</strong></span> <span class='ocrx_word' id='word_1_39' title='bbox 1546 621 1785 682; x_wconf 89' lang='lat' dir='ltr'><strong>curavit,</strong></span> <span class='ocrx_word' id='word_1_40' title='bbox 1817 618 1958 689; x_wconf 90' lang='lat' dir='ltr'><strong>quod</strong></span> 
     </span>
    </p>
   </div>
   <div class='ocr_carea' id='block_1_6' title="bbox 361 710 1960 779">
    <p class='ocr_par' dir='ltr' id='par_1_6' title="bbox 361 710 1960 779">
     <span class='ocr_line' id='line_1_6' title="bbox 361 710 1960 779; baseline 0.001 -18"><span class='ocrx_word' id='word_1_41' title='bbox 361 726 460 764; x_wconf 67' lang='lat' dir='ltr'><strong>vos</strong></span> <span class='ocrx_word' id='word_1_42' title='bbox 485 712 644 766; x_wconf 79' lang='lat' dir='ltr'><strong>vellet</strong></span> <span class='ocrx_word' id='word_1_43' title='bbox 671 725 702 766; x_wconf 96' lang='lat' dir='ltr'><strong>a</strong></span> <span class='ocrx_word' id='word_1_44' title='bbox 727 710 949 766; x_wconf 83' lang='lat' dir='ltr'><strong>Judaica</strong></span> <span class='ocrx_word' id='word_1_45' title='bbox 969 711 1345 767; x_wconf 84' lang='lat' dir='ltr'><strong>observatione</strong></span> <span class='ocrx_word' id='word_1_46' title='bbox 1374 725 1632 766; x_wconf 87' lang='lat' dir='ltr'><strong>revocare</strong></span> <span class='ocrx_word' id='word_1_47' title='bbox 1659 750 1673 773; x_wconf 92' lang='lat'><strong>,</strong></span> <span class='ocrx_word' id='word_1_48' title='bbox 1704 720 1866 779; x_wconf 89' lang='lat' dir='ltr'><strong>atque</strong></span> <span class='ocrx_word' id='word_1_49' title='bbox 1895 725 1960 764; x_wconf 84' lang='lat' dir='ltr'><strong>ex</strong></span> 
     </span>
    </p>
   </div>
   <div class='ocr_carea' id='block_1_7' title="bbox 369 802 1961 873">
    <p class='ocr_par' dir='ltr' id='par_1_7' title="bbox 369 802 1961 873">
     <span class='ocr_line' id='line_1_7' title="bbox 369 802 1961 873; baseline -0.002 -15"><span class='ocrx_word' id='word_1_50' title='bbox 369 806 582 859; x_wconf 88' lang='lat' dir='ltr'><strong>illorum</strong></span> <span class='ocrx_word' id='word_1_51' title='bbox 605 805 1068 859; x_wconf 90' lang='lat' dir='ltr'><strong>criminationibus</strong></span> <span class='ocrx_word' id='word_1_52' title='bbox 1090 805 1426 859; x_wconf 85' lang='lat' dir='ltr'><strong>occasionem</strong></span> <span class='ocrx_word' id='word_1_53' title='bbox 1447 811 1687 873; x_wconf 85' lang='lat' dir='ltr'><strong>captaret</strong></span> <span class='ocrx_word' id='word_1_54' title='bbox 1702 802 1961 872; x_wconf 67' lang='lat' dir='ltr'><strong>aequalem</strong></span> 
     </span>
    </p>
   </div>
   <div class='ocr_carea' id='block_1_8' title="bbox 368 895 1966 965">
    <p class='ocr_par' dir='ltr' id='par_1_8' title="bbox 368 895 1966 965">
     <span class='ocr_line' id='line_1_8' title="bbox 368 895 1966 965; baseline -0.004 -11"><span class='ocrx_word' id='word_1_55' title='bbox 368 916 428 954; x_wconf 84' lang='lat' dir='ltr'><strong>se</strong></span> <span class='ocrx_word' id='word_1_56' title='bbox 444 899 684 953; x_wconf 89' lang='lat' dir='ltr'><strong>Genitori</strong></span> <span class='ocrx_word' id='word_1_57' title='bbox 716 897 1037 954; x_wconf 85' lang='lat' dir='ltr'><strong>ostendendi</strong></span> <span class='ocrx_word' id='word_1_58' title='bbox 1063 916 1075 950; x_wconf 93' lang='lat'>:</span> <span class='ocrx_word' id='word_1_59' title='bbox 1101 899 1172 952; x_wconf 87' lang='lat' dir='ltr'><strong>ita</strong></span> <span class='ocrx_word' id='word_1_60' title='bbox 1198 896 1449 950; x_wconf 89' lang='lat' dir='ltr'><strong>nimirum</strong></span> <span class='ocrx_word' id='word_1_61' title='bbox 1475 905 1530 950; x_wconf 83' lang='lat' dir='ltr'><strong>et</strong></span> <span class='ocrx_word' id='word_1_62' title='bbox 1551 895 1637 951; x_wconf 90' lang='lat' dir='ltr'><strong>hic</strong></span> <span class='ocrx_word' id='word_1_63' title='bbox 1666 895 1966 965; x_wconf 72' lang='lat' dir='ltr'><strong>przcvidens</strong></span> 
     </span>
    </p>
   </div>
   <div class='ocr_carea' id='block_1_9' title="bbox 372 985 1963 1062">
    <p class='ocr_par' dir='ltr' id='par_1_9' title="bbox 372 985 1963 1062">
     <span class='ocr_line' id='line_1_9' title="bbox 372 985 1963 1062; baseline -0.006 -15"><span class='ocrx_word' id='word_1_64' title='bbox 372 991 515 1062; x_wconf 90' lang='lat' dir='ltr'><strong>quod</strong></span> <span class='ocrx_word' id='word_1_65' title='bbox 541 1001 696 1046; x_wconf 86' lang='lat' dir='ltr'><strong>erant</strong></span> <span class='ocrx_word' id='word_1_66' title='bbox 725 990 943 1056; x_wconf 91' lang='lat' dir='ltr'><strong>dicturi,</strong></span> <span class='ocrx_word' id='word_1_67' title='bbox 974 992 1089 1044; x_wconf 64' lang='lat' dir='ltr'><strong>haec</strong></span> <span class='ocrx_word' id='word_1_68' title='bbox 1107 988 1266 1043; x_wconf 84' lang='lat' dir='ltr'><strong>verba</strong></span> <span class='ocrx_word' id='word_1_69' title='bbox 1297 987 1550 1058; x_wconf 91' lang='lat' dir='ltr'><strong>protulit,</strong></span> <span class='ocrx_word' id='word_1_70' title='bbox 1580 997 1635 1040; x_wconf 93' lang='lat' dir='ltr'><strong>ut</strong></span> <span class='ocrx_word' id='word_1_71' title='bbox 1662 986 1785 1039; x_wconf 92' lang='lat' dir='ltr'><strong>hinc</strong></span> <span class='ocrx_word' id='word_1_72' title='bbox 1811 985 1963 1038; x_wconf 86' lang='lat' dir='ltr'><strong>initio</strong></span> 
     </span>
    </p>
   </div>
   <div class='ocr_carea' id='block_1_10' title="bbox 375 1079 1968 1153">
    <p class='ocr_par' dir='ltr' id='par_1_10' title="bbox 375 1079 1968 1153">
     <span class='ocr_line' id='line_1_10' title="bbox 375 1079 1968 1153; baseline -0.006 -14"><span class='ocrx_word' id='word_1_73' title='bbox 375 1086 555 1152; x_wconf 91' lang='lat' dir='ltr'><strong>ducto,</strong></span> <span class='ocrx_word' id='word_1_74' title='bbox 575 1095 628 1140; x_wconf 93' lang='lat' dir='ltr'><strong>et</strong></span> <span class='ocrx_word' id='word_1_75' title='bbox 649 1084 930 1138; x_wconf 87' lang='lat' dir='ltr'><strong>occasione</strong></span> <span class='ocrx_word' id='word_1_76' title='bbox 955 1090 1163 1153; x_wconf 91' lang='lat' dir='ltr'><strong>sumpta</strong></span> <span class='ocrx_word' id='word_1_77' title='bbox 1187 1081 1521 1136; x_wconf 80' lang='lat' dir='ltr'><strong>demonstret</strong></span> <span class='ocrx_word' id='word_1_78' title='bbox 1543 1079 1731 1148; x_wconf 66' lang='lat' dir='ltr'><strong>inquali</strong></span> <span class='ocrx_word' id='word_1_79' title='bbox 1762 1093 1821 1132; x_wconf 92' lang='lat' dir='ltr'><strong>se</strong></span> <span class='ocrx_word' id='word_1_80' title='bbox 1846 1091 1968 1131; x_wconf 92' lang='lat' dir='ltr'><strong>cum</strong></span> 
     </span>
    </p>
   </div>
   <div class='ocr_carea' id='block_1_11' title="bbox 378 1174 1972 1248">
    <p class='ocr_par' dir='ltr' id='par_1_11' title="bbox 378 1174 1972 1248">
     <span class='ocr_line' id='line_1_11' title="bbox 378 1174 1972 1248; baseline -0.008 -13"><span class='ocrx_word' id='word_1_81' title='bbox 378 1180 635 1235; x_wconf 86' lang='lat' dir='ltr'><strong>Genitore</strong></span> <span class='ocrx_word' id='word_1_82' title='bbox 682 1178 901 1248; x_wconf 87' lang='lat' dir='ltr'><strong>dignum</strong></span> <span class='ocrx_word' id='word_1_83' title='bbox 935 1176 1158 1230; x_wconf 90' lang='lat' dir='ltr'><strong>honore.</strong></span> <span class='ocrx_word' id='word_1_84' title='bbox 1183 1174 1296 1230; x_wconf 85' lang='lat' dir='ltr'><strong>Non</strong></span> <span class='ocrx_word' id='word_1_85' title='bbox 1337 1174 1480 1229; x_wconf 92' lang='lat' dir='ltr'><strong>enim</strong></span> <span class='ocrx_word' id='word_1_86' title='bbox 1511 1187 1576 1228; x_wconf 70' lang='lat' dir='ltr'><strong>ex</strong></span> <span class='ocrx_word' id='word_1_87' title='bbox 1616 1186 1770 1242; x_wconf 77' lang='lat' dir='ltr'><strong>:equo</strong></span> <span class='ocrx_word' id='word_1_88' title='bbox 1798 1185 1856 1225; x_wconf 88' lang='lat' dir='ltr'><strong>se</strong></span> <span class='ocrx_word' id='word_1_89' title='bbox 1886 1185 1972 1224; x_wconf 91' lang='lat' dir='ltr'><strong>res</strong></span> 
     </span>
    </p>
   </div>
   <div class='ocr_carea' id='block_1_12' title="bbox 381 1267 1971 1340">
    <p class='ocr_par' dir='ltr' id='par_1_12' title="bbox 381 1267 1971 1340">
     <span class='ocr_line' id='line_1_12' title="bbox 381 1267 1971 1340; baseline -0.008 -11"><span class='ocrx_word' id='word_1_90' title='bbox 381 1275 577 1338; x_wconf 86' lang='lat' dir='ltr'><strong>habet,</strong></span> <span class='ocrx_word' id='word_1_91' title='bbox 610 1274 653 1328; x_wconf 91' lang='lat' dir='ltr'><strong>si</strong></span> <span class='ocrx_word' id='word_1_92' title='bbox 688 1272 900 1326; x_wconf 89' lang='lat' dir='ltr'><strong>nemine</strong></span> <span class='ocrx_word' id='word_1_93' title='bbox 943 1267 1377 1340; x_wconf 85' lang='lat' dir='ltr'><strong>reprehendente</strong></span> <span class='ocrx_word' id='word_1_94' title='bbox 1403 1267 1486 1322; x_wconf 87' lang='lat' dir='ltr'><strong>vel</strong></span> <span class='ocrx_word' id='word_1_95' title='bbox 1525 1274 1811 1321; x_wconf 79' lang='lat' dir='ltr'><strong>accusante</strong></span> <span class='ocrx_word' id='word_1_96' title='bbox 1831 1306 1844 1327; x_wconf 91' lang='lat'><strong>,</strong></span> <span class='ocrx_word' id='word_1_97' title='bbox 1877 1277 1971 1318; x_wconf 90' lang='lat' dir='ltr'><strong>sua</strong></span> 
     </span>
    </p>
   </div>
   <div class='ocr_carea' id='block_1_13' title="bbox 381 1356 1976 1436">
    <p class='ocr_par' dir='ltr' id='par_1_13' title="bbox 381 1356 1976 1436">
     <span class='ocr_line' id='line_1_13' title="bbox 381 1356 1976 1436; baseline -0.007 -17"><span class='ocrx_word' id='word_1_98' title='bbox 381 1372 575 1436; x_wconf 87' lang='lat' dir='ltr'><strong>sponte</strong></span> <span class='ocrx_word' id='word_1_99' title='bbox 605 1364 724 1434; x_wconf 87' lang='lat' dir='ltr'><strong>quis</strong></span> <span class='ocrx_word' id='word_1_100' title='bbox 748 1363 799 1416; x_wconf 92' lang='lat' dir='ltr'><strong>in</strong></span> <span class='ocrx_word' id='word_1_101' title='bbox 831 1375 1135 1416; x_wconf 90' lang='lat' dir='ltr'><strong>sermonem</strong></span> <span class='ocrx_word' id='word_1_102' title='bbox 1177 1359 1245 1414; x_wconf 92' lang='lat' dir='ltr'><strong>de</strong></span> <span class='ocrx_word' id='word_1_103' title='bbox 1277 1359 1360 1413; x_wconf 91' lang='lat' dir='ltr'><strong>his</strong></span> <span class='ocrx_word' id='word_1_104' title='bbox 1389 1357 1689 1422; x_wconf 84' lang='lat' dir='ltr'><strong>delabatur,</strong></span> <span class='ocrx_word' id='word_1_105' title='bbox 1721 1365 1776 1411; x_wconf 92' lang='lat' dir='ltr'><strong>et</strong></span> <span class='ocrx_word' id='word_1_106' title='bbox 1813 1356 1857 1409; x_wconf 90' lang='lat' dir='ltr'><strong>si</strong></span> <span class='ocrx_word' id='word_1_107' title='bbox 1873 1370 1976 1409; x_wconf 75' lang='lat' dir='ltr'><strong>ca:-</strong></span> 
     </span>
    </p>
   </div>
   <div class='ocr_carea' id='block_1_14' title="bbox 384 1447 1979 1524">
    <p class='ocr_par' dir='ltr' id='par_1_14' title="bbox 384 1447 1979 1524">
     <span class='ocr_line' id='line_1_14' title="bbox 384 1447 1979 1524; baseline -0.008 -13"><span class='ocrx_word' id='word_1_108' title='bbox 384 1459 513 1512; x_wconf 91' lang='lat' dir='ltr'><strong>teris</strong></span> <span class='ocrx_word' id='word_1_109' title='bbox 541 1471 757 1510; x_wconf 88' lang='lat' dir='ltr'><strong>causam</strong></span> <span class='ocrx_word' id='word_1_110' title='bbox 784 1455 1164 1524; x_wconf 64' lang='lat' dir='ltr'><strong>praebentibus,</strong></span> <span class='ocrx_word' id='word_1_111' title='bbox 1186 1456 1403 1506; x_wconf 90' lang='lat' dir='ltr'><strong>nomine</strong></span> <span class='ocrx_word' id='word_1_112' title='bbox 1425 1465 1488 1504; x_wconf 90' lang='lat' dir='ltr'><strong>ac</strong></span> <span class='ocrx_word' id='word_1_113' title='bbox 1518 1449 1696 1519; x_wconf 86' lang='lat' dir='ltr'><strong>specie</strong></span> <span class='ocrx_word' id='word_1_114' title='bbox 1718 1447 1979 1502; x_wconf 86' lang='lat' dir='ltr'><strong>defensio-</strong></span> 
     </span>
    </p>
   </div>
   <div class='ocr_carea' id='block_1_15' title="bbox 385 1537 1976 1617">
    <p class='ocr_par' dir='ltr' id='par_1_15' title="bbox 385 1537 1976 1617">
     <span class='ocr_line' id='line_1_15' title="bbox 385 1537 1976 1617; baseline -0.005 -15"><span class='ocrx_word' id='word_1_115' title='bbox 385 1549 470 1604; x_wconf 90' lang='lat' dir='ltr'><strong>nis</strong></span> <span class='ocrx_word' id='word_1_116' title='bbox 498 1548 602 1603; x_wconf 91' lang='lat' dir='ltr'><strong>hoc</strong></span> <span class='ocrx_word' id='word_1_117' title='bbox 646 1537 818 1617; x_wconf 74' lang='lat' dir='ltr'><strong>ipsum</strong></span> <span class='ocrx_word' id='word_1_118' title='bbox 847 1547 1177 1616; x_wconf 64' lang='lat' dir='ltr'><strong>praestiterit.</strong></span> <span class='ocrx_word' id='word_1_119' title='bbox 1226 1544 1358 1599; x_wconf 86' lang='lat' dir='ltr'><strong>Nam</strong></span> <span class='ocrx_word' id='word_1_120' title='bbox 1392 1543 1482 1598; x_wconf 90' lang='lat' dir='ltr'><strong>ille</strong></span> <span class='ocrx_word' id='word_1_121' title='bbox 1511 1541 1728 1613; x_wconf 82' lang='lat' dir='ltr'><strong>quidem</strong></span> <span class='ocrx_word' id='word_1_122' title='bbox 1756 1541 1976 1596; x_wconf 87' lang='lat' dir='ltr'><strong>demon-</strong></span> 
     </span>
    </p>
   </div>
   <div class='ocr_carea' id='block_1_16' title="bbox 394 1631 1976 1694">
    <p class='ocr_par' dir='ltr' id='par_1_16' title="bbox 394 1631 1976 1694">
     <span class='ocr_line' id='line_1_16' title="bbox 394 1631 1976 1694; baseline -0.007 0"><span class='ocrx_word' id='word_1_123' title='bbox 394 1639 684 1694; x_wconf 58' lang='lat' dir='ltr'><strong>strationis.</strong></span> <span class='ocrx_word' id='word_1_124' title='bbox 709 1638 900 1693; x_wconf 91' lang='lat' dir='ltr'><strong>modus</strong></span> <span class='ocrx_word' id='word_1_125' title='bbox 931 1637 1201 1691; x_wconf 87' lang='lat' dir='ltr'><strong>auditores</strong></span> <span class='ocrx_word' id='word_1_126' title='bbox 1221 1634 1572 1689; x_wconf 72' lang='lat' dir='ltr'><strong>offendisset:</strong></span> <span class='ocrx_word' id='word_1_127' title='bbox 1607 1633 1692 1687; x_wconf 90' lang='lat' dir='ltr'><strong>hic</strong></span> <span class='ocrx_word' id='word_1_128' title='bbox 1723 1647 1851 1686; x_wconf 87' lang='lat' dir='ltr'><strong>vero</strong></span> <span class='ocrx_word' id='word_1_129' title='bbox 1878 1631 1976 1684; x_wconf 92' lang='lat' dir='ltr'><strong>mi-</strong></span> 
     </span>
    </p>
   </div>
   <div class='ocr_carea' id='block_1_17' title="bbox 390 1723 1980 1796">
    <p class='ocr_par' dir='ltr' id='par_1_17' title="bbox 390 1723 1980 1796">
     <span class='ocr_line' id='line_1_17' title="bbox 390 1723 1980 1796; baseline -0.006 -10"><span class='ocrx_word' id='word_1_130' title='bbox 390 1732 736 1786; x_wconf 62' lang='lat' dir='ltr'><strong>nns&#39;odiosus</strong></span> <span class='ocrx_word' id='word_1_131' title='bbox 784 1740 935 1796; x_wconf 89' lang='lat' dir='ltr'><strong>erat,</strong></span> <span class='ocrx_word' id='word_1_132' title='bbox 969 1740 1023 1784; x_wconf 91' lang='lat' dir='ltr'><strong>et</strong></span> <span class='ocrx_word' id='word_1_133' title='bbox 1053 1725 1263 1784; x_wconf 80' lang='lat' dir='ltr'><strong>facilius</strong></span> <span class='ocrx_word' id='word_1_134' title='bbox 1310 1727 1518 1782; x_wconf 88' lang='lat' dir='ltr'><strong>admitti</strong></span> <span class='ocrx_word' id='word_1_135' title='bbox 1552 1735 1794 1796; x_wconf 87' lang='lat' dir='ltr'><strong>poterat,</strong></span> <span class='ocrx_word' id='word_1_136' title='bbox 1831 1723 1980 1778; x_wconf 54' lang='lat' dir='ltr'><strong>vide-</strong></span> 
     </span>
    </p>
   </div>
   <div class='ocr_carea' id='block_1_18' title="bbox 391 1821 1982 1894">
    <p class='ocr_par' dir='ltr' id='par_1_18' title="bbox 391 1821 1982 1894">
     <span class='ocr_line' id='line_1_18' title="bbox 391 1821 1982 1894; baseline -0.008 -15"><span class='ocrx_word' id='word_1_137' title='bbox 391 1839 618 1894; x_wconf 81' lang='lat' dir='ltr'><strong>unisque</strong></span> <span class='ocrx_word' id='word_1_138' title='bbox 642 1823 911 1878; x_wconf 80' lang='lat' dir='ltr'><strong>Christum</strong></span> <span class='ocrx_word' id='word_1_139' title='bbox 942 1823 1044 1876; x_wconf 92' lang='lat' dir='ltr'><strong>hoc</strong></span> <span class='ocrx_word' id='word_1_140' title='bbox 1085 1821 1285 1888; x_wconf 87' lang='lat' dir='ltr'><strong>ubique</strong></span> <span class='ocrx_word' id='word_1_141' title='bbox 1329 1827 1587 1889; x_wconf 62' lang='lat' dir='ltr'><strong>praestare</strong></span> <span class='ocrx_word' id='word_1_142' title='bbox 1611 1857 1626 1882; x_wconf 90' lang='lat'><strong>,</strong></span> <span class='ocrx_word' id='word_1_143' title='bbox 1654 1830 1827 1887; x_wconf 87' lang='lat' dir='ltr'><strong>neque</strong></span> <span class='ocrx_word' id='word_1_144' title='bbox 1875 1824 1982 1868; x_wconf 89' lang='lat' dir='ltr'><strong>tam</strong></span> 
     </span>
    </p>
   </div>
   <div class='ocr_carea' id='block_1_19' title="bbox 395 1905 1988 1986">
    <p class='ocr_par' dir='ltr' id='par_1_19' title="bbox 395 1905 1988 1986">
     <span class='ocr_line' id='line_1_19' title="bbox 395 1905 1988 1986; baseline -0.006 -17"><span class='ocrx_word' id='word_1_145' title='bbox 395 1917 572 1971; x_wconf 80' lang='lat' dir='ltr'><strong>verbis</strong></span> <span class='ocrx_word' id='word_1_146' title='bbox 601 1931 760 1986; x_wconf 89' lang='lat' dir='ltr'><strong>quam</strong></span> <span class='ocrx_word' id='word_1_147' title='bbox 793 1915 947 1969; x_wconf 82' lang='lat' dir='ltr'><strong>factis</strong></span> <span class='ocrx_word' id='word_1_148' title='bbox 972 1913 1334 1982; x_wconf 74' lang='lat' dir='ltr'><strong>aequalitatem</strong></span> <span class='ocrx_word' id='word_1_149' title='bbox 1362 1925 1512 1964; x_wconf 90' lang='lat' dir='ltr'><strong>suam</strong></span> <span class='ocrx_word' id='word_1_150' title='bbox 1542 1908 1846 1963; x_wconf 90' lang='lat' dir='ltr'><strong>ostendere.</strong></span> <span class='ocrx_word' id='word_1_151' title='bbox 1876 1905 1988 1960; x_wconf 85' lang='lat' dir='ltr'><strong>Hoc</strong></span> 
     </span>
    </p>
   </div>
   <div class='ocr_carea' id='block_1_20' title="bbox 394 1995 1986 2077">
    <p class='ocr_par' dir='ltr' id='par_1_20' title="bbox 394 1995 1986 2077">
     <span class='ocr_line' id='line_1_20' title="bbox 394 1995 1986 2077; baseline -0.006 -17"><span class='ocrx_word' id='word_1_152' title='bbox 394 2007 609 2077; x_wconf 90' lang='lat' dir='ltr'><strong>quidem</strong></span> <span class='ocrx_word' id='word_1_153' title='bbox 646 2017 794 2062; x_wconf 90' lang='lat' dir='ltr'><strong>certe</strong></span> <span class='ocrx_word' id='word_1_154' title='bbox 825 2003 1170 2060; x_wconf 88' lang='lat' dir='ltr'><strong>subindicans</strong></span> <span class='ocrx_word' id='word_1_155' title='bbox 1197 2001 1523 2071; x_wconf 84' lang='lat' dir='ltr'><strong>evangelista</strong></span> <span class='ocrx_word' id='word_1_156' title='bbox 1565 1999 1776 2053; x_wconf 91' lang='lat' dir='ltr'><strong>dicebat</strong></span> <span class='ocrx_word' id='word_1_157' title='bbox 1806 1995 1986 2067; x_wconf 81' lang='lat' dir='ltr'><strong>(Joan.</strong></span> 
     </span>
    </p>
   </div>
   <div class='ocr_carea' id='block_1_21' title="bbox 398 2088 1990 2170">
    <p class='ocr_par' dir='ltr' id='par_1_21' title="bbox 398 2088 1990 2170">
     <span class='ocr_line' id='line_1_21' title="bbox 398 2088 1990 2170; baseline -0.008 -16"><span class='ocrx_word' id='word_1_158' title='bbox 398 2099 452 2154; x_wconf 80' lang='grc'><strong>5.</strong></span> <span class='ocrx_word' id='word_1_159' title='bbox 482 2099 572 2170; x_wconf 81' lang='grc'>16)</span> <span class='ocrx_word' id='word_1_160' title='bbox 601 2139 618 2163; x_wconf 87' lang='grc'><em>,</em></span> <span class='ocrx_word' id='word_1_161' title='bbox 657 2107 940 2168; x_wconf 90' lang='lat' dir='ltr'><strong>propterea</strong></span> <span class='ocrx_word' id='word_1_162' title='bbox 981 2104 1334 2164; x_wconf 86' lang='lat' dir='ltr'><strong>persequutos</strong></span> <span class='ocrx_word' id='word_1_163' title='bbox 1378 2107 1500 2146; x_wconf 90' lang='lat' dir='ltr'><strong>cum</strong></span> <span class='ocrx_word' id='word_1_164' title='bbox 1547 2089 1710 2144; x_wconf 90' lang='lat' dir='ltr'><strong>fuisse</strong></span> <span class='ocrx_word' id='word_1_165' title='bbox 1738 2088 1951 2144; x_wconf 76' lang='lat' dir='ltr'><strong>Judacos</strong></span> <span class='ocrx_word' id='word_1_166' title='bbox 1975 2128 1990 2150; x_wconf 90' lang='lat'><strong>,</strong></span> 
     </span>
    </p>
   </div>
   <div class='ocr_carea' id='block_1_22' title="bbox 404 2185 1993 2261">
    <p class='ocr_par' dir='ltr' id='par_1_22' title="bbox 404 2185 1993 2261">
     <span class='ocr_line' id='line_1_22' title="bbox 404 2185 1993 2261; baseline -0.005 -17"><span class='ocrx_word' id='word_1_167' title='bbox 404 2205 510 2246; x_wconf 90' lang='lat' dir='ltr'><strong>non</strong></span> <span class='ocrx_word' id='word_1_168' title='bbox 535 2191 710 2246; x_wconf 88' lang='lat' dir='ltr'><strong>solum</strong></span> <span class='ocrx_word' id='word_1_169' title='bbox 737 2191 861 2261; x_wconf 88' lang='lat' dir='ltr'><strong>quia</strong></span> <span class='ocrx_word' id='word_1_170' title='bbox 909 2190 1149 2244; x_wconf 89' lang='lat' dir='ltr'><strong>solvebat</strong></span> <span class='ocrx_word' id='word_1_171' title='bbox 1177 2187 1464 2242; x_wconf 88' lang='lat' dir='ltr'><strong>sabbatum</strong></span> <span class='ocrx_word' id='word_1_172' title='bbox 1487 2228 1503 2252; x_wconf 97' lang='lat'><strong>,</strong></span> <span class='ocrx_word' id='word_1_173' title='bbox 1528 2185 1623 2240; x_wconf 89' lang='lat' dir='ltr'><strong>sed</strong></span> <span class='ocrx_word' id='word_1_174' title='bbox 1655 2193 1710 2239; x_wconf 92' lang='lat' dir='ltr'><strong>et</strong></span> <span class='ocrx_word' id='word_1_175' title='bbox 1748 2185 1870 2253; x_wconf 86' lang='lat' dir='ltr'><strong>quia</strong></span> <span class='ocrx_word' id='word_1_176' title='bbox 1900 2198 1993 2253; x_wconf 88' lang='lat' dir='ltr'><strong>pa-</strong></span> 
     </span>
    </p>
   </div>
   <div class='ocr_carea' id='block_1_23' title="bbox 402 2276 1990 2350">
    <p class='ocr_par' dir='ltr' id='par_1_23' title="bbox 402 2276 1990 2350">
     <span class='ocr_line' id='line_1_23' title="bbox 402 2276 1990 2350; baseline -0.005 -12"><span class='ocrx_word' id='word_1_177' title='bbox 402 2293 539 2339; x_wconf 88' lang='lat' dir='ltr'><strong>trem</strong></span> <span class='ocrx_word' id='word_1_178' title='bbox 569 2299 724 2338; x_wconf 92' lang='lat' dir='ltr'><strong>suum</strong></span> <span class='ocrx_word' id='word_1_179' title='bbox 755 2281 969 2338; x_wconf 88' lang='lat' dir='ltr'><strong>dicebat</strong></span> <span class='ocrx_word' id='word_1_180' title='bbox 994 2281 1194 2344; x_wconf 90' lang='lat' dir='ltr'><strong>Deum,</strong></span> <span class='ocrx_word' id='word_1_181' title='bbox 1223 2280 1485 2350; x_wconf 72' lang='lat' dir='ltr'><strong>aequalem</strong></span> <span class='ocrx_word' id='word_1_182' title='bbox 1511 2292 1570 2332; x_wconf 92' lang='lat' dir='ltr'><strong>se</strong></span> <span class='ocrx_word' id='word_1_183' title='bbox 1618 2277 1820 2332; x_wconf 89' lang='lat' dir='ltr'><strong>faciens</strong></span> <span class='ocrx_word' id='word_1_184' title='bbox 1846 2276 1959 2331; x_wconf 90' lang='lat' dir='ltr'><strong>Deo</strong></span> <span class='ocrx_word' id='word_1_185' title='bbox 1977 2317 1990 2340; x_wconf 90' lang='lat'><strong>,</strong></span> 
     </span>
    </p>
   </div>
   <div class='ocr_carea' id='block_1_24' title="bbox 405 2371 1996 2446">
    <p class='ocr_par' dir='ltr' id='par_1_24' title="bbox 405 2371 1996 2446">
     <span class='ocr_line' id='line_1_24' title="bbox 405 2371 1996 2446; baseline -0.006 -15"><span class='ocrx_word' id='word_1_186' title='bbox 405 2374 550 2446; x_wconf 88' lang='lat' dir='ltr'><strong>quod</strong></span> <span class='ocrx_word' id='word_1_187' title='bbox 578 2374 750 2430; x_wconf 91' lang='lat' dir='ltr'><strong>multo</strong></span> <span class='ocrx_word' id='word_1_188' title='bbox 801 2382 886 2429; x_wconf 91' lang='lat' dir='ltr'><strong>est</strong></span> <span class='ocrx_word' id='word_1_189' title='bbox 915 2373 1088 2442; x_wconf 81' lang='lat' dir='ltr'><strong>majus</strong></span> <span class='ocrx_word' id='word_1_190' title='bbox 1118 2390 1130 2426; x_wconf 91' lang='lat'><strong>:</strong></span> <span class='ocrx_word' id='word_1_191' title='bbox 1161 2371 1264 2426; x_wconf 92' lang='lat' dir='ltr'><strong>hoc</strong></span> <span class='ocrx_word' id='word_1_192' title='bbox 1293 2371 1436 2426; x_wconf 90' lang='lat' dir='ltr'><strong>enim</strong></span> <span class='ocrx_word' id='word_1_193' title='bbox 1479 2371 1652 2440; x_wconf 88' lang='lat' dir='ltr'><strong>ipsum</strong></span> <span class='ocrx_word' id='word_1_194' title='bbox 1683 2383 1780 2439; x_wconf 92' lang='lat' dir='ltr'><strong>per</strong></span> <span class='ocrx_word' id='word_1_195' title='bbox 1817 2383 1996 2423; x_wconf 88' lang='lat' dir='ltr'><strong>rerum</strong></span> 
     </span>
    </p>
   </div>
   <div class='ocr_carea' id='block_1_25' title="bbox 405 2460 1999 2532">
    <p class='ocr_par' dir='ltr' id='par_1_25' title="bbox 405 2460 1999 2532">
     <span class='ocr_line' id='line_1_25' title="bbox 405 2460 1999 2532; baseline -0.006 -9"><span class='ocrx_word' id='word_1_196' title='bbox 405 2466 921 2523; x_wconf 88' lang='lat' dir='ltr'><strong>demonstrationem</strong></span> <span class='ocrx_word' id='word_1_197' title='bbox 956 2465 1287 2520; x_wconf 88' lang='lat' dir='ltr'><strong>adstruebat.</strong></span> <span class='ocrx_word' id='word_1_198' title='bbox 1333 2462 1470 2531; x_wconf 84' lang='lat' dir='ltr'><strong>Quid</strong></span> <span class='ocrx_word' id='word_1_199' title='bbox 1520 2463 1682 2532; x_wconf 80' lang='lat' dir='ltr'><strong>igitur</strong></span> <span class='ocrx_word' id='word_1_200' title='bbox 1712 2460 1875 2515; x_wconf 89' lang='lat' dir='ltr'><strong>invidi</strong></span> <span class='ocrx_word' id='word_1_201' title='bbox 1925 2460 1999 2514; x_wconf 91' lang='lat' dir='ltr'><strong>illi</strong></span> 
     </span>
    </p>
   </div>
   <div class='ocr_carea' id='block_1_26' title="bbox 407 2555 2002 2630">
    <p class='ocr_par' dir='ltr' id='par_1_26' title="bbox 407 2555 2002 2630">
     <span class='ocr_line' id='line_1_26' title="bbox 407 2555 2002 2630; baseline -0.006 -16"><span class='ocrx_word' id='word_1_202' title='bbox 407 2569 568 2630; x_wconf 88' lang='lat' dir='ltr'><strong>atque</strong></span> <span class='ocrx_word' id='word_1_203' title='bbox 604 2558 887 2623; x_wconf 88' lang='lat' dir='ltr'><strong>scelerati,</strong></span> <span class='ocrx_word' id='word_1_204' title='bbox 919 2558 1011 2628; x_wconf 90' lang='lat' dir='ltr'><strong>qui</strong></span> <span class='ocrx_word' id='word_1_205' title='bbox 1059 2557 1287 2611; x_wconf 89' lang='lat' dir='ltr'><strong>aliorum</strong></span> <span class='ocrx_word' id='word_1_206' title='bbox 1338 2555 1493 2609; x_wconf 89' lang='lat' dir='ltr'><strong>bonis</strong></span> <span class='ocrx_word' id='word_1_207' title='bbox 1537 2562 1900 2614; x_wconf 85' lang='lat' dir='ltr'><strong>macerantur,</strong></span> <span class='ocrx_word' id='word_1_208' title='bbox 1948 2560 2002 2605; x_wconf 92' lang='lat' dir='ltr'><strong>et</strong></span> 
     </span>
    </p>
   </div>
   <div class='ocr_carea' id='block_1_27' title="bbox 411 2645 2002 2720">
    <p class='ocr_par' dir='ltr' id='par_1_27' title="bbox 411 2645 2002 2720">
     <span class='ocr_line' id='line_1_27' title="bbox 411 2645 2002 2720; baseline -0.003 -16"><span class='ocrx_word' id='word_1_209' title='bbox 411 2651 644 2720; x_wconf 88' lang='lat' dir='ltr'><strong>tmdique</strong></span> <span class='ocrx_word' id='word_1_210' title='bbox 671 2666 854 2705; x_wconf 90' lang='lat' dir='ltr'><strong>ansam</strong></span> <span class='ocrx_word' id='word_1_211' title='bbox 882 2648 1312 2720; x_wconf 88' lang='lat' dir='ltr'><strong>reprehendendi</strong></span> <span class='ocrx_word' id='word_1_212' title='bbox 1345 2646 1702 2717; x_wconf 84' lang='lat' dir='ltr'><strong>perquirunt?</strong></span> <span class='ocrx_word' id='word_1_213' title='bbox 1729 2645 1865 2713; x_wconf 89' lang='lat' dir='ltr'><strong>Qttid</strong></span> <span class='ocrx_word' id='word_1_214' title='bbox 1887 2645 2002 2709; x_wconf 91' lang='lat' dir='ltr'><strong>hic,</strong></span> 
     </span>
    </p>
   </div>
   <div class='ocr_carea' id='block_1_28' title="bbox 407 2736 2004 2814">
    <p class='ocr_par' dir='ltr' id='par_1_28' title="bbox 407 2736 2004 2814">
     <span class='ocr_line' id='line_1_28' title="bbox 407 2736 2004 2814; baseline -0.004 -17"><span class='ocrx_word' id='word_1_215' title='bbox 407 2743 689 2814; x_wconf 91' lang='lat' dir='ltr'><strong>inquiunt,</strong></span> <span class='ocrx_word' id='word_1_216' title='bbox 723 2741 1098 2812; x_wconf 82' lang='lat' dir='ltr'><strong>blasphemat?</strong></span> <span class='ocrx_word' id='word_1_217' title='bbox 1121 2739 1289 2795; x_wconf 84' lang='lat' dir='ltr'><strong>Nemo</strong></span> <span class='ocrx_word' id='word_1_218' title='bbox 1315 2740 1449 2793; x_wconf 88' lang='lat' dir='ltr'><strong>enim</strong></span> <span class='ocrx_word' id='word_1_219' title='bbox 1483 2747 1643 2809; x_wconf 80' lang='lat' dir='ltr'><strong>potest</strong></span> <span class='ocrx_word' id='word_1_220' title='bbox 1680 2745 1887 2807; x_wconf 78' lang='lat' dir='ltr'><strong>peccata</strong></span> <span class='ocrx_word' id='word_1_221' title='bbox 1920 2736 2004 2790; x_wconf 69' lang='lat' dir='ltr'><strong>di-</strong></span> 
     </span>
    </p>
   </div>
   <div class='ocr_carea' id='block_1_29' title="bbox 408 2826 2006 2902">
    <p class='ocr_par' dir='ltr' id='par_1_29' title="bbox 408 2826 2006 2902">
     <span class='ocr_line' id='line_1_29' title="bbox 408 2826 2006 2902; baseline -0.004 -16"><span class='ocrx_word' id='word_1_222' title='bbox 408 2835 605 2888; x_wconf 77' lang='lat' dir='ltr'><strong>mittere</strong></span> <span class='ocrx_word' id='word_1_223' title='bbox 627 2874 643 2900; x_wconf 95' lang='lat'><strong>,</strong></span> <span class='ocrx_word' id='word_1_224' title='bbox 675 2832 774 2887; x_wconf 87' lang='lat' dir='ltr'><strong>nisi</strong></span> <span class='ocrx_word' id='word_1_225' title='bbox 817 2831 955 2887; x_wconf 81' lang='lat' dir='ltr'><strong>solus</strong></span> <span class='ocrx_word' id='word_1_226' title='bbox 981 2829 1118 2886; x_wconf 86' lang='lat' dir='ltr'><strong>Deus</strong></span> <span class='ocrx_word' id='word_1_227' title='bbox 1156 2829 1348 2902; x_wconf 77' lang='lat' dir='ltr'><strong>(Marc.</strong></span> <span class='ocrx_word' id='word_1_228' title='bbox 1370 2828 1426 2883; x_wconf 92' lang='lat'><strong>2.</strong></span> <span class='ocrx_word' id='word_1_229' title='bbox 1454 2829 1530 2899; x_wconf 90' lang='lat'><strong>7).</strong></span> <span class='ocrx_word' id='word_1_230' title='bbox 1559 2826 1710 2884; x_wconf 88' lang='lat' dir='ltr'><strong>Sicut</strong></span> <span class='ocrx_word' id='word_1_231' title='bbox 1755 2826 1861 2882; x_wconf 92' lang='lat' dir='ltr'><strong>illic</strong></span> <span class='ocrx_word' id='word_1_232' title='bbox 1883 2841 2006 2882; x_wconf 73' lang='lat' dir='ltr'><strong>enim</strong></span> 
     </span>
    </p>
   </div>
   <div class='ocr_carea' id='block_1_30' title="bbox 411 2919 2009 2997">
    <p class='ocr_par' dir='ltr' id='par_1_30' title="bbox 411 2919 2009 2997">
     <span class='ocr_line' id='line_1_30' title="bbox 411 2919 2009 2997; baseline -0.006 -16"><span class='ocrx_word' id='word_1_233' title='bbox 411 2925 890 2997; x_wconf 89' lang='lat' dir='ltr'><strong>persequebantur,</strong></span> <span class='ocrx_word' id='word_1_234' title='bbox 921 2923 1064 2994; x_wconf 92' lang='lat' dir='ltr'><strong>quod</strong></span> <span class='ocrx_word' id='word_1_235' title='bbox 1107 2923 1386 2978; x_wconf 80' lang='lat' dir='ltr'><strong>sabbatum</strong></span> <span class='ocrx_word' id='word_1_236' title='bbox 1415 2921 1677 2986; x_wconf 82' lang='lat' dir='ltr'><strong>solveret,</strong></span> <span class='ocrx_word' id='word_1_237' title='bbox 1699 2929 1754 2976; x_wconf 92' lang='lat' dir='ltr'><strong>et</strong></span> <span class='ocrx_word' id='word_1_238' title='bbox 1775 2934 1844 2975; x_wconf 78' lang='lat' dir='ltr'><strong>ex</strong></span> <span class='ocrx_word' id='word_1_239' title='bbox 1887 2919 2009 2974; x_wconf 83' lang='lat' dir='ltr'><strong>illoâ€”</strong></span> 
     </span>
    </p>
   </div>
   <div class='ocr_carea' id='block_1_31' title="bbox 416 3010 2011 3086">
    <p class='ocr_par' dir='ltr' id='par_1_31' title="bbox 416 3010 2011 3086">
     <span class='ocr_line' id='line_1_31' title="bbox 416 3010 2011 3086; baseline -0.004 -16"><span class='ocrx_word' id='word_1_240' title='bbox 416 3032 534 3071; x_wconf 91' lang='lat' dir='ltr'><strong>rum</strong></span> <span class='ocrx_word' id='word_1_241' title='bbox 579 3014 1089 3086; x_wconf 90' lang='lat' dir='ltr'><strong>reprehensionibus</strong></span> <span class='ocrx_word' id='word_1_242' title='bbox 1118 3023 1330 3084; x_wconf 89' lang='lat' dir='ltr'><strong>sumpta</strong></span> <span class='ocrx_word' id='word_1_243' title='bbox 1375 3013 1658 3070; x_wconf 86' lang='lat' dir='ltr'><strong>occasione</strong></span> <span class='ocrx_word' id='word_1_244' title='bbox 1686 3010 2011 3066; x_wconf 88' lang='lat' dir='ltr'><strong>defensionis</strong></span> 
     </span>
    </p>
   </div>
   <div class='ocr_carea' id='block_1_32' title="bbox 417 3105 2012 3179">
    <p class='ocr_par' dir='ltr' id='par_1_32' title="bbox 417 3105 2012 3179">
     <span class='ocr_line' id='line_1_32' title="bbox 417 3105 2012 3179; baseline -0.004 -15"><span class='ocrx_word' id='word_1_245' title='bbox 417 3109 722 3165; x_wconf 76' lang='lat' dir='ltr'><strong>nomine-ac</strong></span> <span class='ocrx_word' id='word_1_246' title='bbox 755 3111 936 3179; x_wconf 91' lang='lat' dir='ltr'><strong>specie</strong></span> <span class='ocrx_word' id='word_1_247' title='bbox 984 3124 1135 3164; x_wconf 91' lang='lat' dir='ltr'><strong>suam</strong></span> <span class='ocrx_word' id='word_1_248' title='bbox 1170 3123 1292 3162; x_wconf 91' lang='lat' dir='ltr'><strong>cum</strong></span> <span class='ocrx_word' id='word_1_249' title='bbox 1341 3107 1500 3162; x_wconf 85' lang='lat' dir='ltr'><strong>Patre</strong></span> <span class='ocrx_word' id='word_1_250' title='bbox 1527 3105 1887 3177; x_wconf 69' lang='lat' dir='ltr'><strong>aequalitatem</strong></span> <span class='ocrx_word' id='word_1_251' title='bbox 1925 3118 2012 3157; x_wconf 91' lang='lat' dir='ltr'><strong>os-</strong></span> 
     </span>
    </p>
   </div>
   <div class='ocr_carea' id='block_1_33' title="bbox 420 3199 2015 3268">
    <p class='ocr_par' dir='ltr' id='par_1_33' title="bbox 420 3199 2015 3268">
     <span class='ocr_line' id='line_1_33' title="bbox 420 3199 2015 3268; baseline -0.004 -14"><span class='ocrx_word' id='word_1_252' title='bbox 420 3200 590 3256; x_wconf 90' lang='lat' dir='ltr'><strong>tendit</strong></span> <span class='ocrx_word' id='word_1_253' title='bbox 611 3243 626 3264; x_wconf 88' lang='lat'><strong>,</strong></span> <span class='ocrx_word' id='word_1_254' title='bbox 654 3215 716 3255; x_wconf 90' lang='lat' dir='ltr'><strong>ac</strong></span> <span class='ocrx_word' id='word_1_255' title='bbox 755 3199 888 3254; x_wconf 84' lang='lat' dir='ltr'><strong>dixit</strong></span> <span class='ocrx_word' id='word_1_256' title='bbox 915 3218 928 3254; x_wconf 90' lang='lat'>:</span> <span class='ocrx_word' id='word_1_257' title='bbox 955 3199 1112 3253; x_wconf 88' lang='lat' dir='ltr'><strong>Pater</strong></span> <span class='ocrx_word' id='word_1_258' title='bbox 1145 3215 1286 3253; x_wconf 86' lang='lat' dir='ltr'><strong>meus</strong></span> <span class='ocrx_word' id='word_1_259' title='bbox 1336 3208 1595 3268; x_wconf 83' lang='lat' dir='ltr'><strong>operatur,</strong></span> <span class='ocrx_word' id='word_1_260' title='bbox 1631 3208 1677 3250; x_wconf 90' lang='lat' dir='ltr'><strong>et</strong></span> <span class='ocrx_word' id='word_1_261' title='bbox 1708 3213 1798 3268; x_wconf 85' lang='lat' dir='ltr'><strong>ego</strong></span> <span class='ocrx_word' id='word_1_262' title='bbox 1835 3211 2015 3266; x_wconf 84' lang='lat' dir='ltr'><strong>aperor</strong></span> 
     </span>
    </p>
   </div>
   <div class='ocr_carea' id='block_1_34' title="bbox 424 3290 2013 3364">
    <p class='ocr_par' dir='ltr' id='par_1_34' title="bbox 424 3290 2013 3364">
     <span class='ocr_line' id='line_1_34' title="bbox 424 3290 2013 3364; baseline -0.001 -20"><span class='ocrx_word' id='word_1_263' title='bbox 424 3293 604 3364; x_wconf 86' lang='lat' dir='ltr'><strong>(Joan.</strong></span> <span class='ocrx_word' id='word_1_264' title='bbox 631 3293 684 3348; x_wconf 82' lang='lat'><strong>5.</strong></span> <span class='ocrx_word' id='word_1_265' title='bbox 715 3292 804 3363; x_wconf 81' lang='lat' dir='ltr'><strong>l7)</strong></span> <span class='ocrx_word' id='word_1_266' title='bbox 841 3292 955 3346; x_wconf 93' lang='lat' dir='ltr'><strong>:sic</strong></span> <span class='ocrx_word' id='word_1_267' title='bbox 985 3292 1237 3346; x_wconf 89' lang='lat' dir='ltr'><strong>nimirum</strong></span> <span class='ocrx_word' id='word_1_268' title='bbox 1274 3292 1374 3345; x_wconf 88' lang='lat' dir='ltr'><strong>hoc</strong></span> <span class='ocrx_word' id='word_1_269' title='bbox 1413 3291 1532 3345; x_wconf 92' lang='lat' dir='ltr'><strong>loco</strong></span> <span class='ocrx_word' id='word_1_270' title='bbox 1571 3306 1636 3344; x_wconf 84' lang='lat' dir='ltr'><strong>ex</strong></span> <span class='ocrx_word' id='word_1_271' title='bbox 1666 3290 1731 3344; x_wconf 92' lang='lat' dir='ltr'><strong>iis</strong></span> <span class='ocrx_word' id='word_1_272' title='bbox 1766 3305 1885 3360; x_wconf 72' lang='lat' dir='ltr'><strong>qua:</strong></span> <span class='ocrx_word' id='word_1_273' title='bbox 1916 3290 2013 3358; x_wconf 90' lang='lat' dir='ltr'><strong>ipsi</strong></span> 
     </span>
    </p>
   </div>
   <div class='ocr_carea' id='block_1_35' title="bbox 421 3379 2012 3452">
    <p class='ocr_par' dir='ltr' id='par_1_35' title="bbox 421 3379 2012 3452">
     <span class='ocr_line' id='line_1_35' title="bbox 421 3379 2012 3452; baseline -0.003 -16"><span class='ocrx_word' id='word_1_274' title='bbox 421 3383 700 3451; x_wconf 89' lang='lat' dir='ltr'><strong>objiciunt,</strong></span> <span class='ocrx_word' id='word_1_275' title='bbox 727 3382 869 3436; x_wconf 87' lang='lat' dir='ltr'><strong>Patri</strong></span> <span class='ocrx_word' id='word_1_276' title='bbox 899 3397 995 3452; x_wconf 90' lang='lat' dir='ltr'><strong>per</strong></span> <span class='ocrx_word' id='word_1_277' title='bbox 1020 3382 1199 3437; x_wconf 86' lang='lat' dir='ltr'><strong>omnia</strong></span> <span class='ocrx_word' id='word_1_278' title='bbox 1230 3381 1459 3436; x_wconf 88' lang='lat' dir='ltr'><strong>similem</strong></span> <span class='ocrx_word' id='word_1_279' title='bbox 1489 3380 1725 3450; x_wconf 88' lang='lat' dir='ltr'><strong>seipsum</strong></span> <span class='ocrx_word' id='word_1_280' title='bbox 1755 3379 2012 3435; x_wconf 90' lang='lat' dir='ltr'><strong>ostendit.</strong></span> 
     </span>
    </p>
   </div>
   <div class='ocr_carea' id='block_1_36' title="bbox 425 3472 2020 3543">
    <p class='ocr_par' dir='ltr' id='par_1_36' title="bbox 425 3472 2020 3543">
     <span class='ocr_line' id='line_1_36' title="bbox 425 3472 2020 3543; baseline -0.004 -14"><span class='ocrx_word' id='word_1_281' title='bbox 425 3475 561 3542; x_wconf 75' lang='lat' dir='ltr'><strong>Quid</strong></span> <span class='ocrx_word' id='word_1_282' title='bbox 591 3475 731 3528; x_wconf 90' lang='lat' dir='ltr'><strong>enim</strong></span> <span class='ocrx_word' id='word_1_283' title='bbox 755 3475 870 3528; x_wconf 84' lang='lat' dir='ltr'><strong>ait?</strong></span> <span class='ocrx_word' id='word_1_284' title='bbox 900 3473 1068 3528; x_wconf 87' lang='lat' dir='ltr'><strong>Nemo</strong></span> <span class='ocrx_word' id='word_1_285' title='bbox 1090 3483 1248 3543; x_wconf 78' lang='lat' dir='ltr'><strong>potest</strong></span> <span class='ocrx_word' id='word_1_286' title='bbox 1271 3483 1475 3542; x_wconf 87' lang='lat' dir='ltr'><strong>peccata</strong></span> <span class='ocrx_word' id='word_1_287' title='bbox 1495 3473 1747 3526; x_wconf 83' lang='lat' dir='ltr'><strong>dimittere</strong></span> <span class='ocrx_word' id='word_1_288' title='bbox 1769 3472 1867 3526; x_wconf 90' lang='lat' dir='ltr'><strong>nisi</strong></span> <span class='ocrx_word' id='word_1_289' title='bbox 1883 3473 2020 3526; x_wconf 82' lang='lat' dir='ltr'><strong>solus</strong></span> 
     </span>
    </p>
   </div>
   <div class='ocr_carea' id='block_1_37' title="bbox 427 3565 2016 3637">
    <p class='ocr_par' dir='ltr' id='par_1_37' title="bbox 427 3565 2016 3637">
     <span class='ocr_line' id='line_1_37' title="bbox 427 3565 2016 3637; baseline -0.002 -17"><span class='ocrx_word' id='word_1_290' title='bbox 427 3567 588 3621; x_wconf 80' lang='lat' dir='ltr'><strong>Deus.</strong></span> <span class='ocrx_word' id='word_1_291' title='bbox 633 3566 859 3633; x_wconf 87' lang='lat' dir='ltr'><strong>Quando</strong></span> <span class='ocrx_word' id='word_1_292' title='bbox 895 3566 1056 3637; x_wconf 82' lang='lat' dir='ltr'><strong>igitur</strong></span> <span class='ocrx_word' id='word_1_293' title='bbox 1084 3566 1186 3636; x_wconf 91' lang='lat' dir='ltr'><strong>ipsi</strong></span> <span class='ocrx_word' id='word_1_294' title='bbox 1230 3565 1372 3620; x_wconf 92' lang='lat' dir='ltr'><strong>hunc</strong></span> <span class='ocrx_word' id='word_1_295' title='bbox 1420 3565 1642 3620; x_wconf 90' lang='lat' dir='ltr'><strong>limitem</strong></span> <span class='ocrx_word' id='word_1_296' title='bbox 1689 3572 2016 3634; x_wconf 90' lang='lat' dir='ltr'><strong>posuerunt,</strong></span> 
     </span>
    </p>
   </div>
   <div class='ocr_carea' id='block_1_38' title="bbox 428 3657 2018 3729">
    <p class='ocr_par' dir='ltr' id='par_1_38' title="bbox 428 3657 2018 3729">
     <span class='ocr_line' id='line_1_38' title="bbox 428 3657 2018 3729; baseline -0.001 -19"><span class='ocrx_word' id='word_1_297' title='bbox 428 3658 528 3728; x_wconf 89' lang='lat' dir='ltr'><strong>ipsi</strong></span> <span class='ocrx_word' id='word_1_298' title='bbox 570 3659 706 3713; x_wconf 88' lang='lat' dir='ltr'><strong>hanc</strong></span> <span class='ocrx_word' id='word_1_299' title='bbox 735 3659 970 3729; x_wconf 87' lang='lat' dir='ltr'><strong>regulam</strong></span> <span class='ocrx_word' id='word_1_300' title='bbox 1014 3657 1372 3723; x_wconf 83' lang='lat' dir='ltr'><strong>induxerunt,</strong></span> <span class='ocrx_word' id='word_1_301' title='bbox 1405 3657 1505 3727; x_wconf 88' lang='lat' dir='ltr'><strong>ipsi</strong></span> <span class='ocrx_word' id='word_1_302' title='bbox 1532 3658 1700 3727; x_wconf 91' lang='lat' dir='ltr'><strong>legem</strong></span> <span class='ocrx_word' id='word_1_303' title='bbox 1749 3657 2018 3724; x_wconf 84' lang='lat' dir='ltr'><strong>tulerunt,</strong></span> 
     </span>
    </p>
   </div>
   <div class='ocr_carea' id='block_1_39' title="bbox 435 3745 2023 3818">
    <p class='ocr_par' dir='ltr' id='par_1_39' title="bbox 435 3745 2023 3818">
     <span class='ocr_line' id='line_1_39' title="bbox 435 3745 2023 3818; baseline 0.001 -20"><span class='ocrx_word' id='word_1_304' title='bbox 435 3749 663 3818; x_wconf 81' lang='lat' dir='ltr'><strong>propriis</strong></span> <span class='ocrx_word' id='word_1_305' title='bbox 693 3749 811 3803; x_wconf 90' lang='lat' dir='ltr'><strong>illos</strong></span> <span class='ocrx_word' id='word_1_306' title='bbox 837 3749 1014 3804; x_wconf 89' lang='lat' dir='ltr'><strong>verbis</strong></span> <span class='ocrx_word' id='word_1_307' title='bbox 1044 3748 1236 3802; x_wconf 90' lang='lat' dir='ltr'><strong>irretit.</strong></span> <span class='ocrx_word' id='word_1_308' title='bbox 1255 3747 1386 3814; x_wconf 83' lang='lat' dir='ltr'><strong>Vos,</strong></span> <span class='ocrx_word' id='word_1_309' title='bbox 1417 3747 1608 3817; x_wconf 90' lang='lat' dir='ltr'><strong>inquit,</strong></span> <span class='ocrx_word' id='word_1_310' title='bbox 1633 3745 1862 3801; x_wconf 80' lang='lat' dir='ltr'><strong>confessi</strong></span> <span class='ocrx_word' id='word_1_311' title='bbox 1893 3748 2023 3800; x_wconf 88' lang='lat' dir='ltr'><strong>estis</strong></span> 
     </span>
    </p>
   </div>
   <div class='ocr_carea' id='block_1_40' title="bbox 432 3837 2026 3910">
    <p class='ocr_par' dir='ltr' id='par_1_40' title="bbox 432 3837 2026 3910">
     <span class='ocr_line' id='line_1_40' title="bbox 432 3837 2026 3910; baseline -0.001 -18"><span class='ocrx_word' id='word_1_312' title='bbox 432 3841 598 3894; x_wconf 83' lang='lat' dir='ltr'><strong>solius</strong></span> <span class='ocrx_word' id='word_1_313' title='bbox 618 3855 737 3894; x_wconf 91' lang='lat' dir='ltr'><strong>esse</strong></span> <span class='ocrx_word' id='word_1_314' title='bbox 764 3841 855 3894; x_wconf 85' lang='lat' dir='ltr'><strong>Dei</strong></span> <span class='ocrx_word' id='word_1_315' title='bbox 880 3848 1095 3910; x_wconf 89' lang='lat' dir='ltr'><strong>peccata</strong></span> <span class='ocrx_word' id='word_1_316' title='bbox 1111 3839 1404 3905; x_wconf 90' lang='lat' dir='ltr'><strong>dimittere;</strong></span> <span class='ocrx_word' id='word_1_317' title='bbox 1428 3837 1726 3894; x_wconf 89' lang='lat' dir='ltr'><strong>indubitata</strong></span> <span class='ocrx_word' id='word_1_318' title='bbox 1756 3839 1915 3908; x_wconf 82' lang='lat' dir='ltr'><strong>igitur</strong></span> <span class='ocrx_word' id='word_1_319' title='bbox 1943 3847 2026 3891; x_wconf 90' lang='lat' dir='ltr'><strong>est</strong></span> 
     </span>
    </p>
   </div>
   <div class='ocr_carea' id='block_1_41' title="bbox 433 3929 2027 4003">
    <p class='ocr_par' dir='ltr' id='par_1_41' title="bbox 433 3929 2027 4003">
     <span class='ocr_line' id='line_1_41' title="bbox 433 3929 2027 4003; baseline -0.002 -17"><span class='ocrx_word' id='word_1_320' title='bbox 433 3933 729 4002; x_wconf 68' lang='lat' dir='ltr'><strong>sequalitas.</strong></span> <span class='ocrx_word' id='word_1_321' title='bbox 752 3932 935 4003; x_wconf 76' lang='lat' dir='ltr'><strong>Neque</strong></span> <span class='ocrx_word' id='word_1_322' title='bbox 960 3947 1089 3988; x_wconf 87' lang='lat' dir='ltr'><strong>vero</strong></span> <span class='ocrx_word' id='word_1_323' title='bbox 1128 3932 1215 3987; x_wconf 92' lang='lat' dir='ltr'><strong>isti</strong></span> <span class='ocrx_word' id='word_1_324' title='bbox 1253 3933 1427 3986; x_wconf 90' lang='lat' dir='ltr'><strong>solum</strong></span> <span class='ocrx_word' id='word_1_325' title='bbox 1472 3931 1574 3986; x_wconf 90' lang='lat' dir='ltr'><strong>hoc</strong></span> <span class='ocrx_word' id='word_1_326' title='bbox 1601 3931 1820 3998; x_wconf 92' lang='lat' dir='ltr'><strong>dicunt,</strong></span> <span class='ocrx_word' id='word_1_327' title='bbox 1850 3929 1943 3984; x_wconf 89' lang='lat' dir='ltr'><strong>sed</strong></span> <span class='ocrx_word' id='word_1_328' title='bbox 1975 3942 2027 3984; x_wconf 90' lang='lat' dir='ltr'><strong>et</strong></span> 
     </span>
    </p>
   </div>
   <div class='ocr_carea' id='block_1_42' title="bbox 434 4021 2030 4095">
    <p class='ocr_par' dir='ltr' id='par_1_42' title="bbox 434 4021 2030 4095">
     <span class='ocr_line' id='line_1_42' title="bbox 434 4021 2030 4095; baseline -0.002 -18"><span class='ocrx_word' id='word_1_329' title='bbox 434 4025 728 4095; x_wconf 88' lang='lat' dir='ltr'><strong>propheta,</strong></span> <span class='ocrx_word' id='word_1_330' title='bbox 769 4024 895 4078; x_wconf 90' lang='lat' dir='ltr'><strong>dum</strong></span> <span class='ocrx_word' id='word_1_331' title='bbox 948 4024 1018 4078; x_wconf 86' lang='lat' dir='ltr'><strong>ita</strong></span> <span class='ocrx_word' id='word_1_332' title='bbox 1072 4025 1308 4094; x_wconf 90' lang='lat' dir='ltr'><strong>loquitur</strong></span> <span class='ocrx_word' id='word_1_333' title='bbox 1348 4021 1518 4088; x_wconf 86' lang='lat' dir='ltr'><strong>:Quis</strong></span> <span class='ocrx_word' id='word_1_334' title='bbox 1565 4022 1702 4077; x_wconf 87' lang='lat' dir='ltr'><strong>Deus</strong></span> <span class='ocrx_word' id='word_1_335' title='bbox 1752 4023 1882 4077; x_wconf 83' lang='lat' dir='ltr'><strong>sicut</strong></span> <span class='ocrx_word' id='word_1_336' title='bbox 1934 4023 2030 4074; x_wconf 84' lang='lat' dir='ltr'><strong>tu?</strong></span> 
     </span>
    </p>
   </div>
   <div class='ocr_carea' id='block_1_43' title="bbox 436 4113 2029 4186">
    <p class='ocr_par' dir='ltr' id='par_1_43' title="bbox 436 4113 2029 4186">
     <span class='ocr_line' id='line_1_43' title="bbox 436 4113 2029 4186; baseline -0.002 -18"><span class='ocrx_word' id='word_1_337' title='bbox 436 4116 632 4170; x_wconf 91' lang='lat' dir='ltr'><strong>deinde</strong></span> <span class='ocrx_word' id='word_1_338' title='bbox 675 4115 802 4185; x_wconf 91' lang='lat' dir='ltr'><strong>quid</strong></span> <span class='ocrx_word' id='word_1_339' title='bbox 831 4118 903 4170; x_wconf 91' lang='lat' dir='ltr'><strong>sit</strong></span> <span class='ocrx_word' id='word_1_340' title='bbox 930 4116 1201 4186; x_wconf 89' lang='lat' dir='ltr'><strong>proprium</strong></span> <span class='ocrx_word' id='word_1_341' title='bbox 1246 4116 1488 4170; x_wconf 84' lang='lat' dir='ltr'><strong>indicans</strong></span> <span class='ocrx_word' id='word_1_342' title='bbox 1518 4114 1746 4184; x_wconf 87' lang='lat' dir='ltr'><strong>adjecit,</strong></span> <span class='ocrx_word' id='word_1_343' title='bbox 1781 4113 2029 4183; x_wconf 78' lang='lat' dir='ltr'><strong>Auferens</strong></span> 
     </span>
    </p>
   </div>
   <div class='ocr_carea' id='block_1_44' title="bbox 437 4209 2029 4282">
    <p class='ocr_par' dir='ltr' id='par_1_44' title="bbox 437 4209 2029 4282">
     <span class='ocr_line' id='line_1_44' title="bbox 437 4209 2029 4282; baseline 0 -20"><span class='ocrx_word' id='word_1_344' title='bbox 437 4209 728 4279; x_wconf 84' lang='lat' dir='ltr'><strong>iniquitates</strong></span> <span class='ocrx_word' id='word_1_345' title='bbox 749 4252 762 4273; x_wconf 93' lang='lat'><strong>,</strong></span> <span class='ocrx_word' id='word_1_346' title='bbox 809 4219 854 4262; x_wconf 91' lang='lat' dir='ltr'><strong>et</strong></span> <span class='ocrx_word' id='word_1_347' title='bbox 901 4211 1258 4266; x_wconf 88' lang='lat' dir='ltr'><strong>transcendens</strong></span> <span class='ocrx_word' id='word_1_348' title='bbox 1287 4211 1570 4280; x_wconf 85' lang='lat' dir='ltr'><strong>impietates</strong></span> <span class='ocrx_word' id='word_1_349' title='bbox 1597 4209 1785 4282; x_wconf 79' lang='lat' dir='ltr'><strong>(Mich.</strong></span> <span class='ocrx_word' id='word_1_350' title='bbox 1835 4209 1886 4263; x_wconf 87' lang='lat'><strong>7.</strong></span> <span class='ocrx_word' id='word_1_351' title='bbox 1917 4209 2029 4276; x_wconf 78' lang='lat'><strong>18).</strong></span> 
     </span>
    </p>
   </div>
   <div class='ocr_carea' id='block_1_45' title="bbox 439 4299 2042 4372">
    <p class='ocr_par' dir='ltr' id='par_1_45' title="bbox 439 4299 2042 4372">
     <span class='ocr_line' id='line_1_45' title="bbox 439 4299 2042 4372; baseline -0.002 -17"><span class='ocrx_word' id='word_1_352' title='bbox 439 4299 496 4355; x_wconf 92' lang='lat' dir='ltr'><strong>Si</strong></span> <span class='ocrx_word' id='word_1_353' title='bbox 521 4301 641 4370; x_wconf 88' lang='lat' dir='ltr'><strong>quis</strong></span> <span class='ocrx_word' id='word_1_354' title='bbox 670 4315 799 4370; x_wconf 89' lang='lat' dir='ltr'><strong>ergo</strong></span> <span class='ocrx_word' id='word_1_355' title='bbox 840 4301 978 4355; x_wconf 92' lang='lat' dir='ltr'><strong>alius</strong></span> <span class='ocrx_word' id='word_1_356' title='bbox 1001 4310 1283 4372; x_wconf 84' lang='lat' dir='ltr'><strong>appareat,</strong></span> <span class='ocrx_word' id='word_1_357' title='bbox 1317 4302 1408 4371; x_wconf 91' lang='lat' dir='ltr'><strong>qui</strong></span> <span class='ocrx_word' id='word_1_358' title='bbox 1449 4301 1550 4356; x_wconf 93' lang='lat' dir='ltr'><strong>hoc</strong></span> <span class='ocrx_word' id='word_1_359' title='bbox 1581 4304 1753 4371; x_wconf 88' lang='lat' dir='ltr'><strong>ipsum</strong></span> <span class='ocrx_word' id='word_1_360' title='bbox 1794 4301 2042 4370; x_wconf 80' lang='lat' dir='ltr'><strong>ita&#39;pra--&#39;</strong></span> 
     </span>
    </p>
   </div>
   <div class='ocr_carea' id='block_1_46' title="bbox 441 4390 2032 4461">
    <p class='ocr_par' dir='ltr' id='par_1_46' title="bbox 441 4390 2032 4461">
     <span class='ocr_line' id='line_1_46' title="bbox 441 4390 2032 4461; baseline 0 -17"><span class='ocrx_word' id='word_1_361' title='bbox 441 4398 584 4455; x_wconf 87' lang='lat' dir='ltr'><strong>stet,</strong></span> <span class='ocrx_word' id='word_1_362' title='bbox 613 4390 775 4444; x_wconf 92' lang='lat' dir='ltr'><strong>etiam</strong></span> <span class='ocrx_word' id='word_1_363' title='bbox 818 4390 959 4446; x_wconf 90' lang='lat' dir='ltr'><strong>Deus</strong></span> <span class='ocrx_word' id='word_1_364' title='bbox 999 4401 1114 4457; x_wconf 91' lang='lat' dir='ltr'><strong>est,</strong></span> <span class='ocrx_word' id='word_1_365' title='bbox 1148 4402 1202 4446; x_wconf 92' lang='lat' dir='ltr'><strong>et</strong></span> <span class='ocrx_word' id='word_1_366' title='bbox 1246 4391 1388 4446; x_wconf 91' lang='lat' dir='ltr'><strong>Deus</strong></span> <span class='ocrx_word' id='word_1_367' title='bbox 1425 4390 1872 4461; x_wconf 90' lang='lat' dir='ltr'><strong>quemadmodum</strong></span> <span class='ocrx_word' id='word_1_368' title='bbox 1924 4392 2032 4446; x_wconf 78' lang='lat' dir='ltr'><strong>ille.</strong></span> 
     </span>
    </p>
   </div>
   <div class='ocr_carea' id='block_1_47' title="bbox 449 4480 2036 4553">
    <p class='ocr_par' dir='ltr' id='par_1_47' title="bbox 449 4480 2036 4553">
     <span class='ocr_line' id='line_1_47' title="bbox 449 4480 2036 4553; baseline -0.001 -18"><span class='ocrx_word' id='word_1_369' title='bbox 449 4480 558 4536; x_wconf 92' lang='lat' dir='ltr'><strong>Sed</strong></span> <span class='ocrx_word' id='word_1_370' title='bbox 603 4481 877 4536; x_wconf 90' lang='lat' dir='ltr'><strong>videamus</strong></span> <span class='ocrx_word' id='word_1_371' title='bbox 921 4495 1030 4551; x_wconf 91' lang='lat' dir='ltr'><strong>quo</strong></span> <span class='ocrx_word' id='word_1_372' title='bbox 1075 4491 1229 4552; x_wconf 74' lang='lat' dir='ltr'><strong>pact)</strong></span> <span class='ocrx_word' id='word_1_373' title='bbox 1272 4481 1390 4537; x_wconf 90' lang='lat' dir='ltr'><strong>illos</strong></span> <span class='ocrx_word' id='word_1_374' title='bbox 1427 4483 1752 4553; x_wconf 83' lang='lat' dir='ltr'><strong>argumentis</strong></span> <span class='ocrx_word' id='word_1_375' title='bbox 1788 4481 2036 4536; x_wconf 86' lang='lat' dir='ltr'><strong>Christus</strong></span> 
     </span>
    </p>
   </div>
   <div class='ocr_carea' id='block_1_48' title="bbox 449 4574 2034 4644">
    <p class='ocr_par' dir='ltr' id='par_1_48' title="bbox 449 4574 2034 4644">
     <span class='ocr_line' id='line_1_48' title="bbox 449 4574 2034 4644; baseline 0 -16"><span class='ocrx_word' id='word_1_376' title='bbox 449 4583 654 4643; x_wconf 84' lang='lat' dir='ltr'><strong>urgeat.</strong></span> <span class='ocrx_word' id='word_1_377' title='bbox 685 4591 844 4644; x_wconf 91' lang='lat' dir='ltr'><strong>quam</strong></span> <span class='ocrx_word' id='word_1_378' title='bbox 873 4583 1151 4631; x_wconf 81' lang='lat' dir='ltr'><strong>mansuete</strong></span> <span class='ocrx_word' id='word_1_379' title='bbox 1184 4590 1245 4630; x_wconf 90' lang='lat' dir='ltr'><strong>ac</strong></span> <span class='ocrx_word' id='word_1_380' title='bbox 1270 4574 1510 4629; x_wconf 89' lang='lat' dir='ltr'><strong>modeste</strong></span> <span class='ocrx_word' id='word_1_381' title='bbox 1535 4618 1546 4636; x_wconf 89' lang='lat'><strong>,</strong></span> <span class='ocrx_word' id='word_1_382' title='bbox 1576 4591 1888 4644; x_wconf 89' lang='lat' dir='ltr'><strong>summaque</strong></span> <span class='ocrx_word' id='word_1_383' title='bbox 1915 4590 2034 4629; x_wconf 89' lang='lat' dir='ltr'><strong>cum</strong></span> 
     </span>
    </p>
   </div>
   <div class='ocr_carea' id='block_1_49' title="bbox 449 4667 2038 4738">
    <p class='ocr_par' dir='ltr' id='par_1_49' title="bbox 449 4667 2038 4738">
     <span class='ocr_line' id='line_1_49' title="bbox 449 4667 2038 4738; baseline -0.002 -15"><span class='ocrx_word' id='word_1_384' title='bbox 449 4669 826 4726; x_wconf 79' lang='lat' dir='ltr'><strong>sollicitudine.</strong></span> <span class='ocrx_word' id='word_1_385' title='bbox 872 4667 938 4721; x_wconf 72' lang='lat' dir='ltr'><strong>Et</strong></span> <span class='ocrx_word' id='word_1_386' title='bbox 966 4684 1074 4722; x_wconf 79' lang='lat' dir='ltr'><strong>ecce</strong></span> <span class='ocrx_word' id='word_1_387' title='bbox 1119 4669 1324 4738; x_wconf 86' lang='lat' dir='ltr'><strong>quidam</strong></span> <span class='ocrx_word' id='word_1_388' title='bbox 1361 4669 1424 4721; x_wconf 91' lang='lat' dir='ltr'><strong>de</strong></span> <span class='ocrx_word' id='word_1_389' title='bbox 1449 4669 1626 4721; x_wconf 77' lang='lat' dir='ltr'><strong>scn&#39;bis</strong></span> <span class='ocrx_word' id='word_1_390' title='bbox 1647 4668 1877 4721; x_wconf 78' lang='lat' dir='ltr'><strong>dicebant</strong></span> <span class='ocrx_word' id='word_1_391' title='bbox 1904 4668 2038 4720; x_wconf 86' lang='lat' dir='ltr'><strong>intra</strong></span> 
     </span>
    </p>
   </div>
   <div class='ocr_carea' id='block_1_50' title="bbox 447 4758 2037 4830">
    <p class='ocr_par' dir='ltr' id='par_1_50' title="bbox 447 4758 2037 4830">
     <span class='ocr_line' id='line_1_50' title="bbox 447 4758 2037 4830; baseline -0.004 -15"><span class='ocrx_word' id='word_1_392' title='bbox 447 4762 639 4830; x_wconf 82' lang='lat' dir='ltr'><strong>seipsos</strong></span> <span class='ocrx_word' id='word_1_393' title='bbox 667 4778 691 4818; x_wconf 87' lang='lat'><strong><em>:</em></strong></span> <span class='ocrx_word' id='word_1_394' title='bbox 720 4760 820 4813; x_wconf 84' lang='lat' dir='ltr'><strong>llic</strong></span> <span class='ocrx_word' id='word_1_395' title='bbox 870 4761 1184 4830; x_wconf 83' lang='lat' dir='ltr'><strong>blasphemat</strong></span> <span class='ocrx_word' id='word_1_396' title='bbox 1214 4759 1425 4829; x_wconf 82' lang='lat' dir='ltr'><strong>(Matth.</strong></span> <span class='ocrx_word' id='word_1_397' title='bbox 1465 4758 1518 4812; x_wconf 93' lang='lat'><strong>9.</strong></span> <span class='ocrx_word' id='word_1_398' title='bbox 1571 4759 1647 4829; x_wconf 82' lang='lat'><strong>5).</strong></span> <span class='ocrx_word' id='word_1_399' title='bbox 1697 4759 2037 4828; x_wconf 84' lang='lat' dir='ltr'><strong>Nequaquam</strong></span> 
     </span>
    </p>
   </div>
   <div class='ocr_carea' id='block_1_51' title="bbox 448 4849 2040 4920">
    <p class='ocr_par' dir='ltr' id='par_1_51' title="bbox 448 4849 2040 4920">
     <span class='ocr_line' id='line_1_51' title="bbox 448 4849 2040 4920; baseline 0 -18"><span class='ocrx_word' id='word_1_400' title='bbox 448 4853 669 4905; x_wconf 82' lang='lat' dir='ltr'><strong>verbum</strong></span> <span class='ocrx_word' id='word_1_401' title='bbox 697 4851 1053 4920; x_wconf 89' lang='lat' dir='ltr'><strong>protulerunt,</strong></span> <span class='ocrx_word' id='word_1_402' title='bbox 1087 4866 1194 4905; x_wconf 91' lang='lat' dir='ltr'><strong>non</strong></span> <span class='ocrx_word' id='word_1_403' title='bbox 1222 4850 1631 4920; x_wconf 88' lang='lat' dir='ltr'><strong>pronuntiarunt</strong></span> <span class='ocrx_word' id='word_1_404' title='bbox 1651 4851 1851 4919; x_wconf 78' lang='lat' dir='ltr'><strong>lingua,</strong></span> <span class='ocrx_word' id='word_1_405' title='bbox 1872 4849 1963 4903; x_wconf 92' lang='lat' dir='ltr'><strong>sed</strong></span> <span class='ocrx_word' id='word_1_406' title='bbox 1988 4850 2040 4902; x_wconf 92' lang='lat' dir='ltr'><strong>in</strong></span> 
     </span>
    </p>
   </div>
   <div class='ocr_carea' id='block_1_52' title="bbox 450 4939 2041 5013">
    <p class='ocr_par' dir='ltr' id='par_1_52' title="bbox 450 4939 2041 5013">
     <span class='ocr_line' id='line_1_52' title="bbox 450 4939 2041 5013; baseline -0.005 -17"><span class='ocrx_word' id='word_1_407' title='bbox 450 4943 648 4996; x_wconf 88' lang='lat' dir='ltr'><strong>mentis</strong></span> <span class='ocrx_word' id='word_1_408' title='bbox 687 4958 884 4998; x_wconf 79' lang='lat' dir='ltr'><strong>arcano</strong></span> <span class='ocrx_word' id='word_1_409' title='bbox 926 4942 1252 5013; x_wconf 80' lang='lat' dir='ltr'><strong>cogitabant.</strong></span> <span class='ocrx_word' id='word_1_410' title='bbox 1283 4941 1421 5009; x_wconf 90' lang='lat' dir='ltr'><strong>Quid</strong></span> <span class='ocrx_word' id='word_1_411' title='bbox 1454 4956 1582 5010; x_wconf 83' lang='lat' dir='ltr'><strong>ergo</strong></span> <span class='ocrx_word' id='word_1_412' title='bbox 1602 4939 1890 4995; x_wconf 83' lang='lat' dir='ltr'><strong>Christus?</strong></span> <span class='ocrx_word' id='word_1_413' title='bbox 1921 4939 2041 4993; x_wconf 83' lang='lat' dir='ltr'><strong>Illo-</strong></span> 
     </span>
    </p>
   </div>
   <div class='ocr_carea' id='block_1_53' title="bbox 453 5033 2044 5104">
    <p class='ocr_par' dir='ltr' id='par_1_53' title="bbox 453 5033 2044 5104">
     <span class='ocr_line' id='line_1_53' title="bbox 453 5033 2044 5104; baseline -0.001 -18"><span class='ocrx_word' id='word_1_414' title='bbox 453 5049 574 5086; x_wconf 93' lang='lat' dir='ltr'><strong>rum</strong></span> <span class='ocrx_word' id='word_1_415' title='bbox 619 5048 842 5088; x_wconf 84' lang='lat' dir='ltr'><strong>arcanas</strong></span> <span class='ocrx_word' id='word_1_416' title='bbox 889 5035 1240 5104; x_wconf 78' lang='lat' dir='ltr'><strong>cogitationes</strong></span> <span class='ocrx_word' id='word_1_417' title='bbox 1272 5034 1488 5102; x_wconf 90' lang='lat' dir='ltr'><strong>protulit</strong></span> <span class='ocrx_word' id='word_1_418' title='bbox 1516 5035 1571 5088; x_wconf 91' lang='lat' dir='ltr'><strong>in</strong></span> <span class='ocrx_word' id='word_1_419' title='bbox 1605 5033 1869 5097; x_wconf 86' lang='lat' dir='ltr'><strong>medium,</strong></span> <span class='ocrx_word' id='word_1_420' title='bbox 1894 5043 2044 5086; x_wconf 83' lang='lat' dir='ltr'><strong>antc-</strong></span> 
     </span>
    </p>
   </div>
   <div class='ocr_carea' id='block_1_54' title="bbox 455 5124 2045 5195">
    <p class='ocr_par' dir='ltr' id='par_1_54' title="bbox 455 5124 2045 5195">
     <span class='ocr_line' id='line_1_54' title="bbox 455 5124 2045 5195; baseline -0.002 -17"><span class='ocrx_word' id='word_1_421' title='bbox 455 5139 614 5193; x_wconf 86' lang='lat' dir='ltr'><strong>quam</strong></span> <span class='ocrx_word' id='word_1_422' title='bbox 639 5124 703 5177; x_wconf 92' lang='lat' dir='ltr'><strong>ad</strong></span> <span class='ocrx_word' id='word_1_423' title='bbox 729 5125 1239 5180; x_wconf 88' lang='lat' dir='ltr'><strong>demonstrationem</strong></span> <span class='ocrx_word' id='word_1_424' title='bbox 1274 5125 1498 5189; x_wconf 87' lang='lat' dir='ltr'><strong>veniret,</strong></span> <span class='ocrx_word' id='word_1_425' title='bbox 1525 5141 1680 5195; x_wconf 92' lang='lat' dir='ltr'><strong>quam</strong></span> <span class='ocrx_word' id='word_1_426' title='bbox 1709 5140 1773 5178; x_wconf 81' lang='lat' dir='ltr'><strong>ex</strong></span> <span class='ocrx_word' id='word_1_427' title='bbox 1805 5126 2045 5194; x_wconf 86' lang='lat' dir='ltr'><strong>corporis</strong></span> 
     </span>
    </p>
   </div>
   <div class='ocr_carea' id='block_1_55' title="bbox 456 5213 2044 5285">
    <p class='ocr_par' dir='ltr' id='par_1_55' title="bbox 456 5213 2044 5285">
     <span class='ocr_line' id='line_1_55' title="bbox 456 5213 2044 5285; baseline 0.001 -18"><span class='ocrx_word' id='word_1_428' title='bbox 456 5213 735 5285; x_wconf 86' lang='lat' dir='ltr'><strong>paralytici</strong></span> <span class='ocrx_word' id='word_1_429' title='bbox 761 5218 1035 5270; x_wconf 87' lang='lat' dir='ltr'><strong>curatione</strong></span> <span class='ocrx_word' id='word_1_430' title='bbox 1086 5216 1387 5285; x_wconf 88' lang='lat' dir='ltr'><strong>prolaturus</strong></span> <span class='ocrx_word' id='word_1_431' title='bbox 1426 5225 1576 5281; x_wconf 88' lang='lat' dir='ltr'><strong>erat,</strong></span> <span class='ocrx_word' id='word_1_432' title='bbox 1615 5216 1757 5285; x_wconf 93' lang='lat' dir='ltr'><strong>quod</strong></span> <span class='ocrx_word' id='word_1_433' title='bbox 1801 5217 1906 5270; x_wconf 88' lang='lat' dir='ltr'><strong>illis</strong></span> <span class='ocrx_word' id='word_1_434' title='bbox 1935 5232 2044 5268; x_wconf 78' lang='lat' dir='ltr'><strong>sua:</strong></span> 
     </span>
    </p>
   </div>
   <div class='ocr_carea' id='block_1_56' title="bbox 456 5307 2048 5378">
    <p class='ocr_par' dir='ltr' id='par_1_56' title="bbox 456 5307 2048 5378">
     <span class='ocr_line' id='line_1_56' title="bbox 456 5307 2048 5378; baseline -0.002 -15"><span class='ocrx_word' id='word_1_435' title='bbox 456 5309 752 5364; x_wconf 83' lang='lat' dir='ltr'><strong>divinitatis</strong></span> <span class='ocrx_word' id='word_1_436' title='bbox 771 5310 932 5363; x_wconf 86' lang='lat' dir='ltr'><strong>vellet</strong></span> <span class='ocrx_word' id='word_1_437' title='bbox 978 5311 1267 5378; x_wconf 87' lang='lat' dir='ltr'><strong>potentiam</strong></span> <span class='ocrx_word' id='word_1_438' title='bbox 1307 5309 1607 5364; x_wconf 75' lang='lat' dir='ltr'><strong>declarare.</strong></span> <span class='ocrx_word' id='word_1_439' title='bbox 1638 5307 1706 5364; x_wconf 90' lang='lat' dir='ltr'><strong>Ut</strong></span> <span class='ocrx_word' id='word_1_440' title='bbox 1750 5310 1891 5362; x_wconf 91' lang='lat' dir='ltr'><strong>enim</strong></span> <span class='ocrx_word' id='word_1_441' title='bbox 1918 5324 2048 5361; x_wconf 91' lang='lat' dir='ltr'><strong>con-</strong></span> 
     </span>
    </p>
   </div>
   <div class='ocr_carea' id='block_1_57' title="bbox 460 5399 2049 5469">
    <p class='ocr_par' dir='ltr' id='par_1_57' title="bbox 460 5399 2049 5469">
     <span class='ocr_line' id='line_1_57' title="bbox 460 5399 2049 5469; baseline -0.005 -9"><span class='ocrx_word' id='word_1_442' title='bbox 460 5411 565 5460; x_wconf 66' lang='lat' dir='ltr'><strong>stet</strong></span> <span class='ocrx_word' id='word_1_443' title='bbox 615 5401 783 5455; x_wconf 88' lang='lat' dir='ltr'><strong>solius</strong></span> <span class='ocrx_word' id='word_1_444' title='bbox 829 5401 920 5454; x_wconf 88' lang='lat' dir='ltr'><strong>Dei</strong></span> <span class='ocrx_word' id='word_1_445' title='bbox 970 5416 1088 5456; x_wconf 82' lang='lat' dir='ltr'><strong>csse</strong></span> <span class='ocrx_word' id='word_1_446' title='bbox 1139 5403 1334 5456; x_wconf 85' lang='lat' dir='ltr'><strong>mentis</strong></span> <span class='ocrx_word' id='word_1_447' title='bbox 1376 5417 1568 5456; x_wconf 86' lang='lat' dir='ltr'><strong>arcana</strong></span> <span class='ocrx_word' id='word_1_448' title='bbox 1611 5401 1942 5469; x_wconf 61' lang='lat' dir='ltr'><strong>patefacere,</strong></span> <span class='ocrx_word' id='word_1_449' title='bbox 1978 5399 2049 5452; x_wconf 86' lang='lat' dir='ltr'><strong>Tu</strong></span> 
     </span>
    </p>
   </div>
   <div class='ocr_carea' id='block_1_58' title="bbox 461 5492 2050 5565">
    <p class='ocr_par' dir='ltr' id='par_1_58' title="bbox 461 5492 2050 5565">
     <span class='ocr_line' id='line_1_58' title="bbox 461 5492 2050 5565; baseline -0.002 -18"><span class='ocrx_word' id='word_1_450' title='bbox 461 5510 669 5564; x_wconf 75' lang='lat' dir='ltr'><strong>prorsus</strong></span> <span class='ocrx_word' id='word_1_451' title='bbox 696 5495 832 5547; x_wconf 77' lang='lat' dir='ltr'><strong>solus</strong></span> <span class='ocrx_word' id='word_1_452' title='bbox 859 5497 987 5548; x_wconf 81' lang='lat' dir='ltr'><strong>nosti</strong></span> <span class='ocrx_word' id='word_1_453' title='bbox 1009 5497 1163 5549; x_wconf 77' lang='lat' dir='ltr'><strong>corda</strong></span> <span class='ocrx_word' id='word_1_454' title='bbox 1189 5497 1244 5564; x_wconf 81' lang='grc'><strong>(3</strong></span> <span class='ocrx_word' id='word_1_455' title='bbox 1272 5494 1404 5565; x_wconf 82' lang='lat' dir='ltr'><strong>Reg.</strong></span> <span class='ocrx_word' id='word_1_456' title='bbox 1433 5495 1486 5549; x_wconf 87' lang='lat'><strong>8.</strong></span> <span class='ocrx_word' id='word_1_457' title='bbox 1519 5494 1634 5562; x_wconf 83' lang='lat'><strong>59),</strong></span> <span class='ocrx_word' id='word_1_458' title='bbox 1668 5493 1858 5561; x_wconf 87' lang='lat' dir='ltr'><strong>inquit.</strong></span> <span class='ocrx_word' id='word_1_459' title='bbox 1893 5492 2050 5545; x_wconf 81' lang='lat' dir='ltr'><strong>Vides</strong></span> 
     </span>
    </p>
   </div>
   <div class='ocr_carea' id='block_1_59' title="bbox 461 5583 2050 5642">
    <p class='ocr_par' dir='ltr' id='par_1_59' title="bbox 461 5583 2050 5642">
     <span class='ocr_line' id='line_1_59' title="bbox 461 5583 2050 5642; baseline -0.002 -2"><span class='ocrx_word' id='word_1_460' title='bbox 461 5585 594 5640; x_wconf 83' lang='lat' dir='ltr'><strong>illud</strong></span> <span class='ocrx_word' id='word_1_461' title='bbox 626 5586 778 5640; x_wconf 87' lang='lat' dir='ltr'><strong>Solus</strong></span> <span class='ocrx_word' id='word_1_462' title='bbox 807 5603 990 5640; x_wconf 79' lang='lat' dir='ltr'><strong>rursus</strong></span> <span class='ocrx_word' id='word_1_463' title='bbox 1019 5602 1122 5641; x_wconf 92' lang='lat' dir='ltr'><strong>non</strong></span> <span class='ocrx_word' id='word_1_464' title='bbox 1160 5587 1228 5642; x_wconf 92' lang='lat' dir='ltr'><strong>ad</strong></span> <span class='ocrx_word' id='word_1_465' title='bbox 1257 5586 1656 5641; x_wconf 88' lang='lat' dir='ltr'><strong>distinctionem</strong></span> <span class='ocrx_word' id='word_1_466' title='bbox 1687 5585 1806 5639; x_wconf 84' lang='lat' dir='ltr'><strong>Filii</strong></span> <span class='ocrx_word' id='word_1_467' title='bbox 1847 5583 2050 5638; x_wconf 82' lang='lat' dir='ltr'><strong>dictum</strong></span> 
     </span>
    </p>
   </div>
   <div class='ocr_carea' id='block_1_60' title="bbox 463 5676 2110 5740">
    <p class='ocr_par' dir='ltr' id='par_1_60' title="bbox 463 5676 2110 5740">
     <span class='ocr_line' id='line_1_60' title="bbox 463 5676 2110 5740; baseline -0.001 -6"><span class='ocrx_word' id='word_1_468' title='bbox 463 5679 623 5734; x_wconf 75' lang='lat' dir='ltr'><strong>esse?</strong></span> <span class='ocrx_word' id='word_1_469' title='bbox 651 5678 703 5735; x_wconf 71' lang='lat' dir='ltr'><strong>Sâ€˜</strong></span> <span class='ocrx_word' id='word_1_470' title='bbox 745 5680 868 5736; x_wconf 89' lang='lat' dir='ltr'><strong>enin</strong></span> <span class='ocrx_word' id='word_1_471' title='bbox 914 5677 1068 5740; x_wconf 76' lang='lat' dir='ltr'><strong>lâ€˜ater</strong></span> <span class='ocrx_word' id='word_1_472' title='bbox 1089 5678 1232 5736; x_wconf 80' lang='lat' dir='ltr'><strong>soles</strong></span> <span class='ocrx_word' id='word_1_473' title='bbox 1272 5677 1434 5737; x_wconf 66' lang='lat' dir='ltr'><strong>cartha</strong></span> <span class='ocrx_word' id='word_1_474' title='bbox 1468 5679 1638 5736; x_wconf 77' lang='lat' dir='ltr'><strong>nevit.</strong></span> <span class='ocrx_word' id='word_1_475' title='bbox 1671 5676 2048 5736; x_wconf 57' lang='lat' dir='ltr'><strong>uuomodofi.</strong></span> <span class='ocrx_word' id='word_1_476' title='bbox 2099 5712 2110 5719; x_wconf 56' lang='lat'><strong>.</strong></span> 
     </span>
    </p>
   </div>
   <div class='ocr_carea' id='block_1_61' title="bbox 2071 344 3661 418">
    <p class='ocr_par' dir='ltr' id='par_1_61' title="bbox 2071 344 3661 418">
     <span class='ocr_line' id='line_1_61' title="bbox 2071 344 3661 418; baseline 0.004 -20"><span class='ocrx_word' id='word_1_477' title='bbox 2071 344 2174 400; x_wconf 89' lang='lat' dir='ltr'><strong>lius</strong></span> <span class='ocrx_word' id='word_1_478' title='bbox 2205 347 2349 400; x_wconf 77' lang='lat' dir='ltr'><strong>novit</strong></span> <span class='ocrx_word' id='word_1_479' title='bbox 2377 346 2686 403; x_wconf 86' lang='lat' dir='ltr'><strong>abscondita</strong></span> <span class='ocrx_word' id='word_1_480' title='bbox 2710 347 2912 402; x_wconf 85' lang='lat' dir='ltr'><strong>cordis?</strong></span> <span class='ocrx_word' id='word_1_481' title='bbox 2941 347 3063 418; x_wconf 83' lang='lat' dir='ltr'><strong>Ipse</strong></span> <span class='ocrx_word' id='word_1_482' title='bbox 3083 350 3234 413; x_wconf 86' lang='lat' dir='ltr'><strong>enim,</strong></span> <span class='ocrx_word' id='word_1_483' title='bbox 3261 350 3446 417; x_wconf 91' lang='lat' dir='ltr'><strong>inquit,</strong></span> <span class='ocrx_word' id='word_1_484' title='bbox 3469 351 3661 404; x_wconf 79' lang='lat' dir='ltr'><strong>sciebat</strong></span> 
     </span>
    </p>
   </div>
   <div class='ocr_carea' id='block_1_62' title="bbox 2067 437 3738 510">
    <p class='ocr_par' dir='ltr' id='par_1_62' title="bbox 2067 437 3738 510">
     <span class='ocr_line' id='line_1_62' title="bbox 2067 437 3738 510; baseline 0.004 -20"><span class='ocrx_word' id='word_1_485' title='bbox 2067 437 2189 507; x_wconf 89' lang='lat' dir='ltr'><strong>quid</strong></span> <span class='ocrx_word' id='word_1_486' title='bbox 2209 448 2336 491; x_wconf 82' lang='lat' dir='ltr'><strong>esset</strong></span> <span class='ocrx_word' id='word_1_487' title='bbox 2355 439 2407 492; x_wconf 91' lang='lat' dir='ltr'><strong>in</strong></span> <span class='ocrx_word' id='word_1_488' title='bbox 2435 439 2636 493; x_wconf 85' lang='lat' dir='ltr'><strong>homine</strong></span> <span class='ocrx_word' id='word_1_489' title='bbox 2667 437 2844 509; x_wconf 82' lang='lat' dir='ltr'><strong>(Joan.</strong></span> <span class='ocrx_word' id='word_1_490' title='bbox 2871 439 3037 510; x_wconf 87' lang='lat'><strong>2.25)</strong></span> <span class='ocrx_word' id='word_1_491' title='bbox 3067 458 3080 495; x_wconf 92' lang='lat'>:</span> <span class='ocrx_word' id='word_1_492' title='bbox 3114 450 3169 494; x_wconf 92' lang='lat' dir='ltr'><strong>et</strong></span> <span class='ocrx_word' id='word_1_493' title='bbox 3199 441 3391 495; x_wconf 88' lang='lat' dir='ltr'><strong>Paulus</strong></span> <span class='ocrx_word' id='word_1_494' title='bbox 3415 443 3663 496; x_wconf 78' lang='lat' dir='ltr'><strong>indicans</strong></span> <span class='ocrx_word' id='word_1_495' title='bbox 3731 445 3738 449; x_wconf 86' lang='grc'><em>â€™</em></span> 
     </span>
    </p>
   </div>
   <div class='ocr_carea' id='block_1_63' title="bbox 2072 530 3664 601">
    <p class='ocr_par' dir='ltr' id='par_1_63' title="bbox 2072 530 3664 601">
     <span class='ocr_line' id='line_1_63' title="bbox 2072 530 3664 601; baseline 0.003 -21"><span class='ocrx_word' id='word_1_496' title='bbox 2072 530 2341 600; x_wconf 87' lang='lat' dir='ltr'><strong>proprium</strong></span> <span class='ocrx_word' id='word_1_497' title='bbox 2373 544 2494 585; x_wconf 91' lang='lat' dir='ltr'><strong>esse</strong></span> <span class='ocrx_word' id='word_1_498' title='bbox 2521 530 2614 586; x_wconf 92' lang='lat' dir='ltr'><strong>Dei</strong></span> <span class='ocrx_word' id='word_1_499' title='bbox 2655 541 2862 585; x_wconf 91' lang='lat' dir='ltr'><strong>secreta</strong></span> <span class='ocrx_word' id='word_1_500' title='bbox 2905 545 3264 601; x_wconf 83' lang='lat' dir='ltr'><strong>cognoscere,</strong></span> <span class='ocrx_word' id='word_1_501' title='bbox 3296 532 3369 586; x_wconf 91' lang='lat' dir='ltr'><strong>ait</strong></span> <span class='ocrx_word' id='word_1_502' title='bbox 3397 551 3410 587; x_wconf 91' lang='lat'>:</span> <span class='ocrx_word' id='word_1_503' title='bbox 3438 532 3539 599; x_wconf 82' lang='lat' dir='ltr'><strong>Qui</strong></span> <span class='ocrx_word' id='word_1_504' title='bbox 3557 550 3664 585; x_wconf 82' lang='lat' dir='ltr'><strong>au-</strong></span> 
     </span>
    </p>
   </div>
   <div class='ocr_carea' id='block_1_64' title="bbox 2073 621 3667 696">
    <p class='ocr_par' dir='ltr' id='par_1_64' title="bbox 2073 621 3667 696">
     <span class='ocr_line' id='line_1_64' title="bbox 2073 621 3667 696; baseline 0.001 -21"><span class='ocrx_word' id='word_1_505' title='bbox 2073 632 2168 675; x_wconf 86' lang='lat' dir='ltr'><strong>tem</strong></span> <span class='ocrx_word' id='word_1_506' title='bbox 2212 631 2469 675; x_wconf 85' lang='lat' dir='ltr'><strong>scrutatur</strong></span> <span class='ocrx_word' id='word_1_507' title='bbox 2501 621 2654 675; x_wconf 88' lang='lat' dir='ltr'><strong>corda</strong></span> <span class='ocrx_word' id='word_1_508' title='bbox 2684 621 2862 691; x_wconf 85' lang='lat' dir='ltr'><strong>(Rom.</strong></span> <span class='ocrx_word' id='word_1_509' title='bbox 2905 621 2956 678; x_wconf 90' lang='lat'><strong>8.</strong></span> <span class='ocrx_word' id='word_1_510' title='bbox 2989 621 3081 696; x_wconf 88' lang='lat'><strong>27)</strong></span> <span class='ocrx_word' id='word_1_511' title='bbox 3116 641 3129 676; x_wconf 88' lang='lat'><strong>:</strong></span> <span class='ocrx_word' id='word_1_512' title='bbox 3159 624 3350 693; x_wconf 88' lang='lat' dir='ltr'><strong>quibus</strong></span> <span class='ocrx_word' id='word_1_513' title='bbox 3384 624 3562 678; x_wconf 88' lang='lat' dir='ltr'><strong>verbis</strong></span> <span class='ocrx_word' id='word_1_514' title='bbox 3594 627 3667 677; x_wconf 86' lang='lat' dir='ltr'><strong>si-</strong></span> 
     </span>
    </p>
   </div>
   <div class='ocr_carea' id='block_1_65' title="bbox 2072 713 3670 786">
    <p class='ocr_par' dir='ltr' id='par_1_65' title="bbox 2072 713 3670 786">
     <span class='ocr_line' id='line_1_65' title="bbox 2072 713 3670 786; baseline 0.001 -20"><span class='ocrx_word' id='word_1_515' title='bbox 2072 713 2288 784; x_wconf 78' lang='lat' dir='ltr'><strong>gniï¬cat</strong></span> <span class='ocrx_word' id='word_1_516' title='bbox 2311 713 2425 769; x_wconf 70' lang='lat' dir='ltr'><strong>haec</strong></span> <span class='ocrx_word' id='word_1_517' title='bbox 2450 714 2694 769; x_wconf 87' lang='lat' dir='ltr'><strong>eamdem</strong></span> <span class='ocrx_word' id='word_1_518' title='bbox 2723 715 2828 768; x_wconf 85' lang='lat' dir='ltr'><strong>vim</strong></span> <span class='ocrx_word' id='word_1_519' title='bbox 2863 714 3080 781; x_wconf 89' lang='lat' dir='ltr'><strong>habere,</strong></span> <span class='ocrx_word' id='word_1_520' title='bbox 3111 731 3270 786; x_wconf 90' lang='lat' dir='ltr'><strong>quam</strong></span> <span class='ocrx_word' id='word_1_521' title='bbox 3303 716 3413 784; x_wconf 89' lang='lat' dir='ltr'><strong>ipsa</strong></span> <span class='ocrx_word' id='word_1_522' title='bbox 3444 716 3540 770; x_wconf 89' lang='lat' dir='ltr'><strong>Dei</strong></span> <span class='ocrx_word' id='word_1_523' title='bbox 3568 713 3670 768; x_wconf 78' lang='lat' dir='ltr'><strong>Ita-</strong></span> 
     </span>
    </p>
   </div>
   <div class='ocr_carea' id='block_1_66' title="bbox 2074 805 3671 878">
    <p class='ocr_par' dir='ltr' id='par_1_66' title="bbox 2074 805 3671 878">
     <span class='ocr_line' id='line_1_66' title="bbox 2074 805 3671 878; baseline 0 -16"><span class='ocrx_word' id='word_1_524' title='bbox 2074 807 2163 863; x_wconf 89' lang='lat' dir='ltr'><strong>bet</strong></span> <span class='ocrx_word' id='word_1_525' title='bbox 2189 807 2495 876; x_wconf 82' lang='lat' dir='ltr'><strong>appellatio.</strong></span> <span class='ocrx_word' id='word_1_526' title='bbox 2525 805 2596 862; x_wconf 91' lang='lat' dir='ltr'><strong>Ut</strong></span> <span class='ocrx_word' id='word_1_527' title='bbox 2618 807 2762 862; x_wconf 91' lang='lat' dir='ltr'><strong>enim</strong></span> <span class='ocrx_word' id='word_1_528' title='bbox 2791 822 2912 862; x_wconf 91' lang='lat' dir='ltr'><strong>cum</strong></span> <span class='ocrx_word' id='word_1_529' title='bbox 2943 807 3101 874; x_wconf 89' lang='lat' dir='ltr'><strong>dico,</strong></span> <span class='ocrx_word' id='word_1_530' title='bbox 3133 808 3223 878; x_wconf 90' lang='lat' dir='ltr'><strong>qui</strong></span> <span class='ocrx_word' id='word_1_531' title='bbox 3253 807 3386 878; x_wconf 92' lang='lat' dir='ltr'><strong>pluit</strong></span> <span class='ocrx_word' id='word_1_532' title='bbox 3411 850 3428 876; x_wconf 95' lang='lat'><strong>,</strong></span> <span class='ocrx_word' id='word_1_533' title='bbox 3459 808 3671 863; x_wconf 81' lang='lat' dir='ltr'><strong>nullum</strong></span> 
     </span>
    </p>
   </div>
   <div class='ocr_carea' id='block_1_67' title="bbox 2077 899 3673 971">
    <p class='ocr_par' dir='ltr' id='par_1_67' title="bbox 2077 899 3673 971">
     <span class='ocr_line' id='line_1_67' title="bbox 2077 899 3673 971; baseline -0.001 -18"><span class='ocrx_word' id='word_1_534' title='bbox 2077 901 2239 954; x_wconf 90' lang='lat' dir='ltr'><strong>alium</strong></span> <span class='ocrx_word' id='word_1_535' title='bbox 2267 909 2461 968; x_wconf 64' lang='lat' dir='ltr'><strong>praeter</strong></span> <span class='ocrx_word' id='word_1_536' title='bbox 2486 899 2654 953; x_wconf 83' lang='lat' dir='ltr'><strong>Deum</strong></span> <span class='ocrx_word' id='word_1_537' title='bbox 2687 899 2910 969; x_wconf 89' lang='lat' dir='ltr'><strong>designo</strong></span> <span class='ocrx_word' id='word_1_538' title='bbox 2938 915 3032 969; x_wconf 88' lang='lat' dir='ltr'><strong>per</strong></span> <span class='ocrx_word' id='word_1_539' title='bbox 3059 914 3172 953; x_wconf 90' lang='lat' dir='ltr'><strong>rem</strong></span> <span class='ocrx_word' id='word_1_540' title='bbox 3203 899 3378 966; x_wconf 81' lang='lat' dir='ltr'><strong>illaut,</strong></span> <span class='ocrx_word' id='word_1_541' title='bbox 3411 899 3673 971; x_wconf 83' lang='lat' dir='ltr'><strong>quoniam</strong></span> 
     </span>
    </p>
   </div>
   <div class='ocr_carea' id='block_1_68' title="bbox 2082 990 3677 1061">
    <p class='ocr_par' dir='ltr' id='par_1_68' title="bbox 2082 990 3677 1061">
     <span class='ocr_line' id='line_1_68' title="bbox 2082 990 3677 1061; baseline 0 -17"><span class='ocrx_word' id='word_1_542' title='bbox 2082 991 2174 1044; x_wconf 86' lang='lat' dir='ltr'><strong>Dei</strong></span> <span class='ocrx_word' id='word_1_543' title='bbox 2205 990 2374 1045; x_wconf 90' lang='lat' dir='ltr'><strong>solius</strong></span> <span class='ocrx_word' id='word_1_544' title='bbox 2401 1001 2484 1045; x_wconf 91' lang='lat' dir='ltr'><strong>est</strong></span> <span class='ocrx_word' id='word_1_545' title='bbox 2506 990 2632 1044; x_wconf 90' lang='lat' dir='ltr'><strong>illud</strong></span> <span class='ocrx_word' id='word_1_546' title='bbox 2655 1006 2832 1061; x_wconf 85' lang='lat' dir='ltr'><strong>agere;</strong></span> <span class='ocrx_word' id='word_1_547' title='bbox 2857 1001 2910 1045; x_wconf 91' lang='lat' dir='ltr'><strong>et</strong></span> <span class='ocrx_word' id='word_1_548' title='bbox 2939 991 2982 1044; x_wconf 93' lang='lat' dir='ltr'><strong>si</strong></span> <span class='ocrx_word' id='word_1_549' title='bbox 3010 990 3202 1056; x_wconf 91' lang='lat' dir='ltr'><strong>dicam,</strong></span> <span class='ocrx_word' id='word_1_550' title='bbox 3227 991 3316 1061; x_wconf 88' lang='lat' dir='ltr'><strong>qui</strong></span> <span class='ocrx_word' id='word_1_551' title='bbox 3343 991 3511 1046; x_wconf 90' lang='lat' dir='ltr'><strong>solem</strong></span> <span class='ocrx_word' id='word_1_552' title='bbox 3541 990 3677 1045; x_wconf 88' lang='lat' dir='ltr'><strong>oriri</strong></span> 
     </span>
    </p>
   </div>
   <div class='ocr_carea' id='block_1_69' title="bbox 2082 1081 3679 1153">
    <p class='ocr_par' dir='ltr' id='par_1_69' title="bbox 2082 1081 3679 1153">
     <span class='ocr_line' id='line_1_69' title="bbox 2082 1081 3679 1153; baseline -0.001 -17"><span class='ocrx_word' id='word_1_553' title='bbox 2082 1083 2227 1150; x_wconf 87' lang='lat' dir='ltr'><strong>facit,</strong></span> <span class='ocrx_word' id='word_1_554' title='bbox 2256 1097 2356 1136; x_wconf 91' lang='lat' dir='ltr'><strong>nec</strong></span> <span class='ocrx_word' id='word_1_555' title='bbox 2389 1081 2581 1136; x_wconf 88' lang='lat' dir='ltr'><strong>addam</strong></span> <span class='ocrx_word' id='word_1_556' title='bbox 2603 1123 2618 1145; x_wconf 92' lang='lat'><strong>,</strong></span> <span class='ocrx_word' id='word_1_557' title='bbox 2674 1083 2846 1145; x_wconf 88' lang='lat' dir='ltr'><strong>Deus,</strong></span> <span class='ocrx_word' id='word_1_558' title='bbox 2883 1092 3057 1136; x_wconf 89' lang='lat' dir='ltr'><strong>tamen</strong></span> <span class='ocrx_word' id='word_1_559' title='bbox 3105 1097 3201 1153; x_wconf 86' lang='lat' dir='ltr'><strong>per</strong></span> <span class='ocrx_word' id='word_1_560' title='bbox 3229 1098 3341 1137; x_wconf 85' lang='lat' dir='ltr'><strong>rem</strong></span> <span class='ocrx_word' id='word_1_561' title='bbox 3375 1082 3519 1137; x_wconf 87' lang='lat' dir='ltr'><strong>illam</strong></span> <span class='ocrx_word' id='word_1_562' title='bbox 3549 1096 3679 1136; x_wconf 89' lang='lat' dir='ltr'><strong>eum</strong></span> 
     </span>
    </p>
   </div>
   <div class='ocr_carea' id='block_1_70' title="bbox 2081 1174 3683 1240">
    <p class='ocr_par' dir='ltr' id='par_1_70' title="bbox 2081 1174 3683 1240">
     <span class='ocr_line' id='line_1_70' title="bbox 2081 1174 3683 1240; baseline 0 -9"><span class='ocrx_word' id='word_1_563' title='bbox 2081 1177 2308 1231; x_wconf 86' lang='lat' dir='ltr'><strong>ostendo</strong></span> <span class='ocrx_word' id='word_1_564' title='bbox 2337 1191 2349 1228; x_wconf 89' lang='lat'>:</span> <span class='ocrx_word' id='word_1_565' title='bbox 2378 1177 2453 1230; x_wconf 90' lang='lat' dir='ltr'><strong>sic</strong></span> <span class='ocrx_word' id='word_1_566' title='bbox 2483 1176 2733 1229; x_wconf 90' lang='lat' dir='ltr'><strong>nimirum</strong></span> <span class='ocrx_word' id='word_1_567' title='bbox 2767 1185 2822 1230; x_wconf 94' lang='lat' dir='ltr'><strong>et</strong></span> <span class='ocrx_word' id='word_1_568' title='bbox 2855 1175 3052 1230; x_wconf 82' lang='lat' dir='ltr'><strong>Paulus</strong></span> <span class='ocrx_word' id='word_1_569' title='bbox 3097 1190 3218 1231; x_wconf 90' lang='lat' dir='ltr'><strong>cum</strong></span> <span class='ocrx_word' id='word_1_570' title='bbox 3245 1177 3319 1230; x_wconf 91' lang='lat' dir='ltr'><strong>ait</strong></span> <span class='ocrx_word' id='word_1_571' title='bbox 3351 1194 3364 1230; x_wconf 91' lang='lat'><strong>:</strong></span> <span class='ocrx_word' id='word_1_572' title='bbox 3395 1174 3496 1240; x_wconf 83' lang='lat' dir='ltr'><strong>Qui</strong></span> <span class='ocrx_word' id='word_1_573' title='bbox 3527 1192 3683 1231; x_wconf 73' lang='lat' dir='ltr'><strong>scru-</strong></span> 
     </span>
    </p>
   </div>
   <div class='ocr_carea' id='block_1_71' title="bbox 2086 1267 3681 1336">
    <p class='ocr_par' dir='ltr' id='par_1_71' title="bbox 2086 1267 3681 1336">
     <span class='ocr_line' id='line_1_71' title="bbox 2086 1267 3681 1336; baseline -0.002 -14"><span class='ocrx_word' id='word_1_574' title='bbox 2086 1278 2222 1322; x_wconf 88' lang='lat' dir='ltr'><strong>tatur</strong></span> <span class='ocrx_word' id='word_1_575' title='bbox 2247 1268 2422 1333; x_wconf 85' lang='lat' dir='ltr'><strong>corda,</strong></span> <span class='ocrx_word' id='word_1_576' title='bbox 2448 1267 2616 1321; x_wconf 88' lang='lat' dir='ltr'><strong>solius</strong></span> <span class='ocrx_word' id='word_1_577' title='bbox 2647 1267 2812 1336; x_wconf 75' lang='lat' dir='ltr'><strong>ipsius</strong></span> <span class='ocrx_word' id='word_1_578' title='bbox 2837 1283 2957 1323; x_wconf 89' lang='lat' dir='ltr'><strong>esse</strong></span> <span class='ocrx_word' id='word_1_579' title='bbox 2974 1269 3196 1322; x_wconf 90' lang='lat' dir='ltr'><strong>scrutari</strong></span> <span class='ocrx_word' id='word_1_580' title='bbox 3227 1267 3387 1323; x_wconf 89' lang='lat' dir='ltr'><strong>corda</strong></span> <span class='ocrx_word' id='word_1_581' title='bbox 3415 1267 3681 1323; x_wconf 84' lang='lat' dir='ltr'><strong>declarat.</strong></span> 
     </span>
    </p>
   </div>
   <div class='ocr_carea' id='block_1_72' title="bbox 2086 1359 3684 1429">
    <p class='ocr_par' dir='ltr' id='par_1_72' title="bbox 2086 1359 3684 1429">
     <span class='ocr_line' id='line_1_72' title="bbox 2086 1359 3684 1429; baseline 0 -15"><span class='ocrx_word' id='word_1_582' title='bbox 2086 1359 2198 1414; x_wconf 85' lang='lat' dir='ltr'><strong>Nisi</strong></span> <span class='ocrx_word' id='word_1_583' title='bbox 2228 1359 2368 1413; x_wconf 89' lang='lat' dir='ltr'><strong>enim</strong></span> <span class='ocrx_word' id='word_1_584' title='bbox 2403 1359 2502 1413; x_wconf 94' lang='lat' dir='ltr'><strong>hoc</strong></span> <span class='ocrx_word' id='word_1_585' title='bbox 2529 1359 2774 1414; x_wconf 86' lang='lat' dir='ltr'><strong>eamdem</strong></span> <span class='ocrx_word' id='word_1_586' title='bbox 2813 1361 2919 1413; x_wconf 91' lang='lat' dir='ltr'><strong>vim</strong></span> <span class='ocrx_word' id='word_1_587' title='bbox 2951 1359 3207 1425; x_wconf 88' lang='lat' dir='ltr'><strong>haberet,</strong></span> <span class='ocrx_word' id='word_1_588' title='bbox 3250 1375 3407 1429; x_wconf 88' lang='lat' dir='ltr'><strong>quam</strong></span> <span class='ocrx_word' id='word_1_589' title='bbox 3437 1374 3643 1414; x_wconf 88' lang='lat' dir='ltr'><strong>nomen</strong></span> <span class='ocrx_word' id='word_1_590' title='bbox 3668 1400 3684 1421; x_wconf 92' lang='lat'><strong>.</strong></span> 
     </span>
    </p>
   </div>
   <div class='ocr_carea' id='block_1_73' title="bbox 2089 1453 3665 1524">
    <p class='ocr_par' dir='ltr' id='par_1_73' title="bbox 2089 1453 3665 1524">
     <span class='ocr_line' id='line_1_73' title="bbox 2089 1453 3665 1524; baseline 0 -16"><span class='ocrx_word' id='word_1_591' title='bbox 2089 1453 2254 1520; x_wconf 88' lang='lat' dir='ltr'><strong>Deus,</strong></span> <span class='ocrx_word' id='word_1_592' title='bbox 2287 1454 2352 1507; x_wconf 90' lang='lat' dir='ltr'><strong>ad</strong></span> <span class='ocrx_word' id='word_1_593' title='bbox 2374 1469 2496 1508; x_wconf 91' lang='lat' dir='ltr'><strong>eum</strong></span> <span class='ocrx_word' id='word_1_594' title='bbox 2521 1454 2673 1508; x_wconf 88' lang='lat' dir='ltr'><strong>nobis</strong></span> <span class='ocrx_word' id='word_1_595' title='bbox 2699 1453 3037 1508; x_wconf 89' lang='lat' dir='ltr'><strong>indicandum</strong></span> <span class='ocrx_word' id='word_1_596' title='bbox 3060 1453 3147 1523; x_wconf 92' lang='lat' dir='ltr'><strong>qni</strong></span> <span class='ocrx_word' id='word_1_597' title='bbox 3175 1453 3570 1524; x_wconf 89' lang='lat' dir='ltr'><strong>designabatur,</strong></span> <span class='ocrx_word' id='word_1_598' title='bbox 3594 1467 3665 1507; x_wconf 85' lang='lat' dir='ltr'><strong>so</strong></span> 
     </span>
    </p>
   </div>
   <div class='ocr_carea' id='block_1_74' title="bbox 2091 1545 3689 1616">
    <p class='ocr_par' dir='ltr' id='par_1_74' title="bbox 2091 1545 3689 1616">
     <span class='ocr_line' id='line_1_74' title="bbox 2091 1545 3689 1616; baseline -0.001 -17"><span class='ocrx_word' id='word_1_599' title='bbox 2091 1545 2197 1600; x_wconf 89' lang='lat' dir='ltr'><strong>lum</strong></span> <span class='ocrx_word' id='word_1_600' title='bbox 2231 1545 2282 1600; x_wconf 90' lang='lat' dir='ltr'><strong>id</strong></span> <span class='ocrx_word' id='word_1_601' title='bbox 2315 1546 2534 1600; x_wconf 90' lang='lat' dir='ltr'><strong>minime</strong></span> <span class='ocrx_word' id='word_1_602' title='bbox 2574 1547 2862 1616; x_wconf 90' lang='lat' dir='ltr'><strong>posuisset.</strong></span> <span class='ocrx_word' id='word_1_603' title='bbox 2892 1545 3024 1600; x_wconf 86' lang='lat' dir='ltr'><strong>Nam</strong></span> <span class='ocrx_word' id='word_1_604' title='bbox 3048 1547 3090 1599; x_wconf 90' lang='lat' dir='ltr'><strong>si</strong></span> <span class='ocrx_word' id='word_1_605' title='bbox 3127 1545 3227 1599; x_wconf 84' lang='lat' dir='ltr'><strong>huc</strong></span> <span class='ocrx_word' id='word_1_606' title='bbox 3256 1554 3398 1600; x_wconf 83' lang='lat' dir='ltr'><strong>esset</strong></span> <span class='ocrx_word' id='word_1_607' title='bbox 3442 1545 3516 1599; x_wconf 92' lang='lat' dir='ltr'><strong>illi</strong></span> <span class='ocrx_word' id='word_1_608' title='bbox 3558 1560 3689 1598; x_wconf 79' lang='lat' dir='ltr'><strong>cum</strong></span> 
     </span>
    </p>
   </div>
   <div class='ocr_carea' id='block_1_75' title="bbox 2092 1637 3672 1707">
    <p class='ocr_par' dir='ltr' id='par_1_75' title="bbox 2092 1637 3672 1707">
     <span class='ocr_line' id='line_1_75' title="bbox 2092 1637 3672 1707; baseline -0.003 -15"><span class='ocrx_word' id='word_1_609' title='bbox 2092 1647 2337 1693; x_wconf 89' lang='lat' dir='ltr'><strong>creatura</strong></span> <span class='ocrx_word' id='word_1_610' title='bbox 2369 1653 2672 1703; x_wconf 89' lang='lat' dir='ltr'><strong>commune,</strong></span> <span class='ocrx_word' id='word_1_611' title='bbox 2691 1638 2840 1691; x_wconf 92' lang='lat' dir='ltr'><strong>illum</strong></span> <span class='ocrx_word' id='word_1_612' title='bbox 2863 1638 2950 1706; x_wconf 89' lang='lat' dir='ltr'><strong>qui</strong></span> <span class='ocrx_word' id='word_1_613' title='bbox 2969 1637 3278 1707; x_wconf 84' lang='lat' dir='ltr'><strong>designatur</strong></span> <span class='ocrx_word' id='word_1_614' title='bbox 3304 1651 3410 1690; x_wconf 87' lang='lat' dir='ltr'><strong>non</strong></span> <span class='ocrx_word' id='word_1_615' title='bbox 3434 1649 3672 1705; x_wconf 80' lang='lat' dir='ltr'><strong>agnosce</strong></span> 
     </span>
    </p>
   </div>
   <div class='ocr_carea' id='block_1_76' title="bbox 2095 1727 3695 1796">
    <p class='ocr_par' dir='ltr' id='par_1_76' title="bbox 2095 1727 3695 1796">
     <span class='ocr_line' id='line_1_76' title="bbox 2095 1727 3695 1796; baseline -0.004 -12"><span class='ocrx_word' id='word_1_616' title='bbox 2095 1745 2295 1792; x_wconf 88' lang='lat' dir='ltr'><strong>remus,</strong></span> <span class='ocrx_word' id='word_1_617' title='bbox 2328 1746 2450 1784; x_wconf 91' lang='lat' dir='ltr'><strong>cum</strong></span> <span class='ocrx_word' id='word_1_618' title='bbox 2483 1731 2840 1784; x_wconf 89' lang='lat' dir='ltr'><strong>communitas</strong></span> <span class='ocrx_word' id='word_1_619' title='bbox 2867 1730 2955 1783; x_wconf 90' lang='lat' dir='ltr'><strong>illa</strong></span> <span class='ocrx_word' id='word_1_620' title='bbox 2983 1728 3357 1796; x_wconf 82' lang='lat' dir='ltr'><strong>confusionem</strong></span> <span class='ocrx_word' id='word_1_621' title='bbox 3393 1727 3445 1780; x_wconf 92' lang='lat' dir='ltr'><strong>in</strong></span> <span class='ocrx_word' id='word_1_622' title='bbox 3492 1738 3695 1780; x_wconf 73' lang='lat' dir='ltr'><strong>menti.</strong></span> 
     </span>
    </p>
   </div>
   <div class='ocr_carea' id='block_1_77' title="bbox 2097 1816 3697 1893">
    <p class='ocr_par' dir='ltr' id='par_1_77' title="bbox 2097 1816 3697 1893">
     <span class='ocr_line' id='line_1_77' title="bbox 2097 1816 3697 1893; baseline -0.004 -17"><span class='ocrx_word' id='word_1_623' title='bbox 2097 1823 2197 1878; x_wconf 91' lang='lat' dir='ltr'><strong>bus</strong></span> <span class='ocrx_word' id='word_1_624' title='bbox 2240 1825 2482 1893; x_wconf 83' lang='lat' dir='ltr'><strong>gigneret</strong></span> <span class='ocrx_word' id='word_1_625' title='bbox 2518 1821 2841 1876; x_wconf 89' lang='lat' dir='ltr'><strong>auditorum.</strong></span> <span class='ocrx_word' id='word_1_626' title='bbox 2895 1819 3031 1875; x_wconf 90' lang='lat' dir='ltr'><strong>Cum</strong></span> <span class='ocrx_word' id='word_1_627' title='bbox 3080 1820 3239 1889; x_wconf 84' lang='lat' dir='ltr'><strong>igitur</strong></span> <span class='ocrx_word' id='word_1_628' title='bbox 3281 1826 3536 1888; x_wconf 88' lang='lat' dir='ltr'><strong>appareat</strong></span> <span class='ocrx_word' id='word_1_629' title='bbox 3583 1816 3697 1871; x_wconf 91' lang='lat' dir='ltr'><strong>hoc</strong></span> 
     </span>
    </p>
   </div>
   <div class='ocr_carea' id='block_1_78' title="bbox 2097 1911 3697 1986">
    <p class='ocr_par' dir='ltr' id='par_1_78' title="bbox 2097 1911 3697 1986">
     <span class='ocr_line' id='line_1_78' title="bbox 2097 1911 3697 1986; baseline -0.004 -19"><span class='ocrx_word' id='word_1_630' title='bbox 2097 1916 2375 1986; x_wconf 85' lang='lat' dir='ltr'><strong>pr0prium</strong></span> <span class='ocrx_word' id='word_1_631' title='bbox 2411 1915 2580 1968; x_wconf 82' lang='lat' dir='ltr'><strong>Patris</strong></span> <span class='ocrx_word' id='word_1_632' title='bbox 2610 1929 2730 1968; x_wconf 82' lang='lat' dir='ltr'><strong>esse</strong></span> <span class='ocrx_word' id='word_1_633' title='bbox 2751 1956 2766 1979; x_wconf 94' lang='lat'><strong>,</strong></span> <span class='ocrx_word' id='word_1_634' title='bbox 2796 1914 3029 1982; x_wconf 88' lang='lat' dir='ltr'><strong>itemque</strong></span> <span class='ocrx_word' id='word_1_635' title='bbox 3057 1911 3192 1966; x_wconf 87' lang='lat' dir='ltr'><strong>Filio</strong></span> <span class='ocrx_word' id='word_1_636' title='bbox 3234 1919 3447 1965; x_wconf 77' lang='lat' dir='ltr'><strong>constet</strong></span> <span class='ocrx_word' id='word_1_637' title='bbox 3473 1924 3697 1977; x_wconf 79' lang='lat' dir='ltr'><strong>compc-</strong></span> 
     </span>
    </p>
   </div>
   <div class='ocr_carea' id='block_1_79' title="bbox 2101 2001 3684 2074">
    <p class='ocr_par' dir='ltr' id='par_1_79' title="bbox 2101 2001 3684 2074">
     <span class='ocr_line' id='line_1_79' title="bbox 2101 2001 3684 2074; baseline -0.004 -16"><span class='ocrx_word' id='word_1_638' title='bbox 2101 2016 2214 2059; x_wconf 87' lang='lat' dir='ltr'><strong>tere</strong></span> <span class='ocrx_word' id='word_1_639' title='bbox 2234 2047 2248 2068; x_wconf 90' lang='lat'><strong>,</strong></span> <span class='ocrx_word' id='word_1_640' title='bbox 2277 2021 2398 2059; x_wconf 92' lang='lat' dir='ltr'><strong>cum</strong></span> <span class='ocrx_word' id='word_1_641' title='bbox 2429 2020 2535 2074; x_wconf 91' lang='lat' dir='ltr'><strong>quo</strong></span> <span class='ocrx_word' id='word_1_642' title='bbox 2562 2005 2853 2058; x_wconf 87' lang='lat' dir='ltr'><strong>indubitata</strong></span> <span class='ocrx_word' id='word_1_643' title='bbox 2881 2003 3196 2073; x_wconf 91' lang='lat' dir='ltr'><strong>relinquitur</strong></span> <span class='ocrx_word' id='word_1_644' title='bbox 3224 2001 3345 2056; x_wconf 92' lang='lat' dir='ltr'><strong>inde</strong></span> <span class='ocrx_word' id='word_1_645' title='bbox 3374 2001 3684 2072; x_wconf 57' lang='lat' dir='ltr'><strong>aequalitas,</strong></span> 
     </span>
    </p>
   </div>
   <div class='ocr_carea' id='block_1_80' title="bbox 2103 2094 3703 2169">
    <p class='ocr_par' dir='ltr' id='par_1_80' title="bbox 2103 2094 3703 2169">
     <span class='ocr_line' id='line_1_80' title="bbox 2103 2094 3703 2169; baseline -0.005 -15"><span class='ocrx_word' id='word_1_646' title='bbox 2103 2101 2342 2164; x_wconf 91' lang='lat' dir='ltr'><strong>idcirco,</strong></span> <span class='ocrx_word' id='word_1_647' title='bbox 2395 2100 2530 2166; x_wconf 85' lang='lat' dir='ltr'><strong>Quid</strong></span> <span class='ocrx_word' id='word_1_648' title='bbox 2580 2099 2848 2169; x_wconf 85' lang='lat' dir='ltr'><strong>cogitatis,</strong></span> <span class='ocrx_word' id='word_1_649' title='bbox 2905 2098 3106 2167; x_wconf 86' lang='lat' dir='ltr'><strong>inquit,</strong></span> <span class='ocrx_word' id='word_1_650' title='bbox 3160 2097 3296 2149; x_wconf 87' lang='lat' dir='ltr'><strong>mala</strong></span> <span class='ocrx_word' id='word_1_651' title='bbox 3357 2096 3409 2148; x_wconf 87' lang='lat' dir='ltr'><strong>in</strong></span> <span class='ocrx_word' id='word_1_652' title='bbox 3459 2094 3703 2148; x_wconf 78' lang='lat' dir='ltr'><strong>cordibus</strong></span> 
     </span>
    </p>
   </div>
   <div class='ocr_carea' id='block_1_81' title="bbox 2104 2187 3702 2262">
    <p class='ocr_par' dir='ltr' id='par_1_81' title="bbox 2104 2187 3702 2262">
     <span class='ocr_line' id='line_1_81' title="bbox 2104 2187 3702 2262; baseline -0.006 -15"><span class='ocrx_word' id='word_1_653' title='bbox 2104 2195 2325 2249; x_wconf 80' lang='lat' dir='ltr'><strong>vestris?</strong></span> <span class='ocrx_word' id='word_1_654' title='bbox 2353 2193 2491 2259; x_wconf 85' lang='lat' dir='ltr'><strong>Quid</strong></span> <span class='ocrx_word' id='word_1_655' title='bbox 2522 2195 2652 2247; x_wconf 79' lang='lat' dir='ltr'><strong>enim</strong></span> <span class='ocrx_word' id='word_1_656' title='bbox 2683 2202 2750 2246; x_wconf 75' lang='lat' dir='ltr'><strong>est</strong></span> <span class='ocrx_word' id='word_1_657' title='bbox 2775 2193 2979 2262; x_wconf 76' lang='lat' dir='ltr'><strong>facilius</strong></span> <span class='ocrx_word' id='word_1_658' title='bbox 3009 2191 3193 2254; x_wconf 80' lang='lat' dir='ltr'><strong>dicere,</strong></span> <span class='ocrx_word' id='word_1_659' title='bbox 3225 2187 3551 2242; x_wconf 85' lang='lat' dir='ltr'><strong>Dimittuntur</strong></span> <span class='ocrx_word' id='word_1_660' title='bbox 3577 2201 3702 2256; x_wconf 74' lang='lat' dir='ltr'><strong>pec-</strong></span> 
     </span>
    </p>
   </div>
   <div class='ocr_carea' id='block_1_82' title="bbox 2106 2278 3706 2356">
    <p class='ocr_par' dir='ltr' id='par_1_82' title="bbox 2106 2278 3706 2356">
     <span class='ocr_line' id='line_1_82' title="bbox 2106 2278 3706 2356; baseline -0.008 -14"><span class='ocrx_word' id='word_1_661' title='bbox 2106 2298 2221 2342; x_wconf 84' lang='lat' dir='ltr'><strong>cata</strong></span> <span class='ocrx_word' id='word_1_662' title='bbox 2249 2297 2356 2352; x_wconf 88' lang='lat' dir='ltr'><strong>tua,</strong></span> <span class='ocrx_word' id='word_1_663' title='bbox 2379 2304 2444 2340; x_wconf 90' lang='lat' dir='ltr'><strong>an</strong></span> <span class='ocrx_word' id='word_1_664' title='bbox 2468 2287 2653 2352; x_wconf 87' lang='lat' dir='ltr'><strong>dicere,</strong></span> <span class='ocrx_word' id='word_1_665' title='bbox 2687 2286 2853 2356; x_wconf 85' lang='lat' dir='ltr'><strong>Surge</strong></span> <span class='ocrx_word' id='word_1_666' title='bbox 2880 2294 2927 2338; x_wconf 89' lang='lat' dir='ltr'><strong>et</strong></span> <span class='ocrx_word' id='word_1_667' title='bbox 2953 2283 3154 2338; x_wconf 86' lang='lat' dir='ltr'><strong>ambula</strong></span> <span class='ocrx_word' id='word_1_668' title='bbox 3185 2281 3400 2352; x_wconf 74' lang='lat' dir='ltr'><strong>(Matth.</strong></span> <span class='ocrx_word' id='word_1_669' title='bbox 3426 2279 3480 2336; x_wconf 92' lang='lat'><strong>9.</strong></span> <span class='ocrx_word' id='word_1_670' title='bbox 3510 2282 3562 2334; x_wconf 80' lang='grc'><strong>4.</strong></span> <span class='ocrx_word' id='word_1_671' title='bbox 3591 2278 3654 2349; x_wconf 88' lang='grc'>5)</span> <span class='ocrx_word' id='word_1_672' title='bbox 3679 2278 3706 2330; x_wconf 68' lang='lat' dir='ltr'><strong>Y</strong></span> 
     </span>
    </p>
   </div>
   <div class='ocr_carea' id='block_1_83' title="bbox 2181 2367 3708 2440">
    <p class='ocr_par' dir='ltr' id='par_1_83' title="bbox 2181 2367 3708 2440">
     <span class='ocr_line' id='line_1_83' title="bbox 2181 2367 3708 2440; baseline -0.005 -9"><span class='ocrx_word' id='word_1_673' title='bbox 2181 2377 2234 2431; x_wconf 88' lang='lat'><strong>7.</strong></span> <span class='ocrx_word' id='word_1_674' title='bbox 2255 2377 2428 2431; x_wconf 83' lang='lat' dir='ltr'><strong>Altera</strong></span> <span class='ocrx_word' id='word_1_675' title='bbox 2443 2376 2803 2430; x_wconf 88' lang='lat' dir='ltr'><strong>demonstratio</strong></span> <span class='ocrx_word' id='word_1_676' title='bbox 2823 2373 3130 2428; x_wconf 86' lang='lat' dir='ltr'><strong>remissionis</strong></span> <span class='ocrx_word' id='word_1_677' title='bbox 3144 2367 3708 2440; x_wconf 65' lang='lat' dir='ltr'><strong>peccatorumâ€”Ecce</strong></span> 
     </span>
    </p>
   </div>
   <div class='ocr_carea' id='block_1_84' title="bbox 2110 2459 3709 2534">
    <p class='ocr_par' dir='ltr' id='par_1_84' title="bbox 2110 2459 3709 2534">
     <span class='ocr_line' id='line_1_84' title="bbox 2110 2459 3709 2534; baseline -0.008 -10"><span class='ocrx_word' id='word_1_678' title='bbox 2110 2471 2332 2526; x_wconf 89' lang='lat' dir='ltr'><strong>alteram</strong></span> <span class='ocrx_word' id='word_1_679' title='bbox 2379 2470 2538 2524; x_wconf 91' lang='lat' dir='ltr'><strong>etiam</strong></span> <span class='ocrx_word' id='word_1_680' title='bbox 2589 2467 2809 2524; x_wconf 78' lang='lat' dir='ltr'><strong>exhibet</strong></span> <span class='ocrx_word' id='word_1_681' title='bbox 2850 2465 3184 2521; x_wconf 89' lang='lat' dir='ltr'><strong>remissionis</strong></span> <span class='ocrx_word' id='word_1_682' title='bbox 3229 2471 3566 2534; x_wconf 87' lang='lat' dir='ltr'><strong>peccatorqu</strong></span> <span class='ocrx_word' id='word_1_683' title='bbox 3601 2459 3709 2514; x_wconf 78' lang='lat' dir='ltr'><strong>de-</strong></span> 
     </span>
    </p>
   </div>
   <div class='ocr_carea' id='block_1_85' title="bbox 2113 2550 3712 2624">
    <p class='ocr_par' dir='ltr' id='par_1_85' title="bbox 2113 2550 3712 2624">
     <span class='ocr_line' id='line_1_85' title="bbox 2113 2550 3712 2624; baseline -0.01 -7"><span class='ocrx_word' id='word_1_684' title='bbox 2113 2562 2582 2617; x_wconf 89' lang='lat' dir='ltr'><strong>monstrationem.</strong></span> <span class='ocrx_word' id='word_1_685' title='bbox 2614 2558 2746 2613; x_wconf 86' lang='lat' dir='ltr'><strong>Nam</strong></span> <span class='ocrx_word' id='word_1_686' title='bbox 2787 2557 3058 2612; x_wconf 89' lang='lat' dir='ltr'><strong>dimittere</strong></span> <span class='ocrx_word' id='word_1_687' title='bbox 3089 2566 3304 2624; x_wconf 88' lang='lat' dir='ltr'><strong>peccata</strong></span> <span class='ocrx_word' id='word_1_688' title='bbox 3335 2552 3501 2606; x_wconf 91' lang='lat' dir='ltr'><strong>multo</strong></span> <span class='ocrx_word' id='word_1_689' title='bbox 3530 2550 3712 2619; x_wconf 83' lang='lat' dir='ltr'><strong>majus</strong></span> 
     </span>
    </p>
   </div>
   <div class='ocr_carea' id='block_1_86' title="bbox 2112 2643 3714 2722">
    <p class='ocr_par' dir='ltr' id='par_1_86' title="bbox 2112 2643 3714 2722">
     <span class='ocr_line' id='line_1_86' title="bbox 2112 2643 3714 2722; baseline -0.009 -15"><span class='ocrx_word' id='word_1_690' title='bbox 2112 2664 2236 2719; x_wconf 88' lang='lat' dir='ltr'><strong>est,</strong></span> <span class='ocrx_word' id='word_1_691' title='bbox 2265 2666 2425 2722; x_wconf 88' lang='lat' dir='ltr'><strong>quam</strong></span> <span class='ocrx_word' id='word_1_692' title='bbox 2459 2665 2655 2720; x_wconf 91' lang='lat' dir='ltr'><strong>corpus</strong></span> <span class='ocrx_word' id='word_1_693' title='bbox 2700 2662 2892 2703; x_wconf 90' lang='lat' dir='ltr'><strong>sanare</strong></span> <span class='ocrx_word' id='word_1_694' title='bbox 2917 2688 2932 2714; x_wconf 97' lang='lat'><strong>,</strong></span> <span class='ocrx_word' id='word_1_695' title='bbox 2965 2656 3222 2716; x_wconf 91' lang='lat' dir='ltr'><strong>tantoque</strong></span> <span class='ocrx_word' id='word_1_696' title='bbox 3272 2643 3442 2713; x_wconf 88' lang='lat' dir='ltr'><strong>majus</strong></span> <span class='ocrx_word' id='word_1_697' title='bbox 3465 2684 3479 2707; x_wconf 93' lang='lat'><strong>,</strong></span> <span class='ocrx_word' id='word_1_698' title='bbox 3503 2650 3714 2711; x_wconf 89' lang='lat' dir='ltr'><strong>quanto</strong></span> 
     </span>
    </p>
   </div>
   <div class='ocr_carea' id='block_1_87' title="bbox 2115 2733 3715 2815">
    <p class='ocr_par' dir='ltr' id='par_1_87' title="bbox 2115 2733 3715 2815">
     <span class='ocr_line' id='line_1_87' title="bbox 2115 2733 3715 2815; baseline -0.011 -13"><span class='ocrx_word' id='word_1_699' title='bbox 2115 2749 2293 2802; x_wconf 84' lang='lat' dir='ltr'><strong>anima</strong></span> <span class='ocrx_word' id='word_1_700' title='bbox 2318 2759 2566 2815; x_wconf 88' lang='lat' dir='ltr'><strong>corpore.</strong></span> <span class='ocrx_word' id='word_1_701' title='bbox 2598 2742 2669 2799; x_wconf 92' lang='lat' dir='ltr'><strong>Ut</strong></span> <span class='ocrx_word' id='word_1_702' title='bbox 2693 2742 2834 2797; x_wconf 90' lang='lat' dir='ltr'><strong>enim</strong></span> <span class='ocrx_word' id='word_1_703' title='bbox 2875 2740 3120 2810; x_wconf 89' lang='lat' dir='ltr'><strong>corporis</strong></span> <span class='ocrx_word' id='word_1_704' title='bbox 3143 2738 3360 2793; x_wconf 88' lang='lat' dir='ltr'><strong>morbus</strong></span> <span class='ocrx_word' id='word_1_705' title='bbox 3387 2745 3468 2791; x_wconf 89' lang='lat' dir='ltr'><strong>est</strong></span> <span class='ocrx_word' id='word_1_706' title='bbox 3488 2733 3715 2805; x_wconf 82' lang='lat' dir='ltr'><strong>paraly-</strong></span> 
     </span>
    </p>
   </div>
   <div class='ocr_carea' id='block_1_88' title="bbox 2117 2824 3716 2907">
    <p class='ocr_par' dir='ltr' id='par_1_88' title="bbox 2117 2824 3716 2907">
     <span class='ocr_line' id='line_1_88' title="bbox 2117 2824 3716 2907; baseline -0.011 -13"><span class='ocrx_word' id='word_1_707' title='bbox 2117 2839 2214 2907; x_wconf 90' lang='lat' dir='ltr'><strong>sis,</strong></span> <span class='ocrx_word' id='word_1_708' title='bbox 2245 2837 2323 2893; x_wconf 91' lang='lat' dir='ltr'><strong>sic</strong></span> <span class='ocrx_word' id='word_1_709' title='bbox 2349 2847 2404 2892; x_wconf 92' lang='lat' dir='ltr'><strong>et</strong></span> <span class='ocrx_word' id='word_1_710' title='bbox 2429 2837 2624 2890; x_wconf 70' lang='lat' dir='ltr'><strong>anima:</strong></span> <span class='ocrx_word' id='word_1_711' title='bbox 2657 2833 2880 2888; x_wconf 88' lang='lat' dir='ltr'><strong>morbus</strong></span> <span class='ocrx_word' id='word_1_712' title='bbox 2915 2840 3192 2902; x_wconf 89' lang='lat' dir='ltr'><strong>peccatum</strong></span> <span class='ocrx_word' id='word_1_713' title='bbox 3219 2841 3300 2884; x_wconf 90' lang='lat' dir='ltr'><strong>est</strong></span> <span class='ocrx_word' id='word_1_714' title='bbox 3329 2847 3340 2883; x_wconf 92' lang='lat'><strong>:</strong></span> <span class='ocrx_word' id='word_1_715' title='bbox 3367 2842 3546 2881; x_wconf 87' lang='lat' dir='ltr'><strong>verum</strong></span> <span class='ocrx_word' id='word_1_716' title='bbox 3575 2824 3716 2878; x_wconf 89' lang='lat' dir='ltr'><strong>illud</strong></span> 
     </span>
    </p>
   </div>
   <div class='ocr_carea' id='block_1_89' title="bbox 2118 2919 3718 3000">
    <p class='ocr_par' dir='ltr' id='par_1_89' title="bbox 2118 2919 3718 3000">
     <span class='ocr_line' id='line_1_89' title="bbox 2118 2919 3718 3000; baseline -0.009 -14"><span class='ocrx_word' id='word_1_717' title='bbox 2118 2932 2219 2986; x_wconf 87' lang='lat' dir='ltr'><strong>etsi</strong></span> <span class='ocrx_word' id='word_1_718' title='bbox 2246 2930 2417 3000; x_wconf 91' lang='lat' dir='ltr'><strong>majus</strong></span> <span class='ocrx_word' id='word_1_719' title='bbox 2445 2937 2560 2983; x_wconf 88' lang='lat' dir='ltr'><strong>erat</strong></span> <span class='ocrx_word' id='word_1_720' title='bbox 2581 2970 2596 2992; x_wconf 91' lang='lat'><strong>,</strong></span> <span class='ocrx_word' id='word_1_721' title='bbox 2627 2928 2913 2982; x_wconf 90' lang='lat' dir='ltr'><strong>obscurum</strong></span> <span class='ocrx_word' id='word_1_722' title='bbox 2949 2935 3064 2979; x_wconf 91' lang='lat' dir='ltr'><strong>erat</strong></span> <span class='ocrx_word' id='word_1_723' title='bbox 3087 2944 3098 2977; x_wconf 86' lang='lat'><strong>:</strong></span> <span class='ocrx_word' id='word_1_724' title='bbox 3127 2923 3228 2976; x_wconf 91' lang='lat' dir='ltr'><strong>hoc</strong></span> <span class='ocrx_word' id='word_1_725' title='bbox 3253 2938 3381 2977; x_wconf 90' lang='lat' dir='ltr'><strong>vero</strong></span> <span class='ocrx_word' id='word_1_726' title='bbox 3404 2921 3505 2975; x_wconf 88' lang='lat' dir='ltr'><strong>etsi</strong></span> <span class='ocrx_word' id='word_1_727' title='bbox 3528 2919 3718 2973; x_wconf 85' lang='lat' dir='ltr'><strong>minus</strong></span> 
     </span>
    </p>
   </div>
   <div class='ocr_carea' id='block_1_90' title="bbox 2121 3011 3720 3090">
    <p class='ocr_par' dir='ltr' id='par_1_90' title="bbox 2121 3011 3720 3090">
     <span class='ocr_line' id='line_1_90' title="bbox 2121 3011 3720 3090; baseline -0.009 -12"><span class='ocrx_word' id='word_1_728' title='bbox 2121 3032 2276 3090; x_wconf 90' lang='lat' dir='ltr'><strong>erat,</strong></span> <span class='ocrx_word' id='word_1_729' title='bbox 2309 3021 2649 3077; x_wconf 81' lang='lat' dir='ltr'><strong>manifestum</strong></span> <span class='ocrx_word' id='word_1_730' title='bbox 2683 3029 2819 3074; x_wconf 86' lang='lat' dir='ltr'><strong>erat.</strong></span> <span class='ocrx_word' id='word_1_731' title='bbox 2868 3017 3132 3086; x_wconf 92' lang='lat' dir='ltr'><strong>Quoniam</strong></span> <span class='ocrx_word' id='word_1_732' title='bbox 3170 3015 3328 3084; x_wconf 89' lang='lat' dir='ltr'><strong>igitur</strong></span> <span class='ocrx_word' id='word_1_733' title='bbox 3380 3013 3446 3067; x_wconf 91' lang='lat' dir='ltr'><strong>ad</strong></span> <span class='ocrx_word' id='word_1_734' title='bbox 3488 3011 3720 3066; x_wconf 73' lang='lat' dir='ltr'><strong>demon-</strong></span> 
     </span>
    </p>
   </div>
   <div class='ocr_carea' id='block_1_91' title="bbox 2122 3103 3724 3181">
    <p class='ocr_par' dir='ltr' id='par_1_91' title="bbox 2122 3103 3724 3181">
     <span class='ocr_line' id='line_1_91' title="bbox 2122 3103 3724 3181; baseline -0.008 -12"><span class='ocrx_word' id='word_1_735' title='bbox 2122 3116 2435 3170; x_wconf 87' lang='lat' dir='ltr'><strong>strationem</strong></span> <span class='ocrx_word' id='word_1_736' title='bbox 2480 3113 2698 3181; x_wconf 86' lang='lat' dir='ltr'><strong>majoris</strong></span> <span class='ocrx_word' id='word_1_737' title='bbox 2743 3124 2936 3164; x_wconf 86' lang='lat' dir='ltr'><strong>usurus</strong></span> <span class='ocrx_word' id='word_1_738' title='bbox 2961 3118 3041 3162; x_wconf 91' lang='lat' dir='ltr'><strong>est</strong></span> <span class='ocrx_word' id='word_1_739' title='bbox 3075 3107 3264 3162; x_wconf 90' lang='lat' dir='ltr'><strong>minori</strong></span> <span class='ocrx_word' id='word_1_740' title='bbox 3292 3149 3306 3171; x_wconf 97' lang='lat'><strong>,</strong></span> <span class='ocrx_word' id='word_1_741' title='bbox 3337 3103 3620 3159; x_wconf 90' lang='lat' dir='ltr'><strong>ostendens</strong></span> <span class='ocrx_word' id='word_1_742' title='bbox 3655 3117 3724 3156; x_wconf 81' lang='lat' dir='ltr'><strong>se</strong></span> 
     </span>
    </p>
   </div>
   <div class='ocr_carea' id='block_1_92' title="bbox 2125 3195 3727 3279">
    <p class='ocr_par' dir='ltr' id='par_1_92' title="bbox 2125 3195 3727 3279">
     <span class='ocr_line' id='line_1_92' title="bbox 2125 3195 3727 3279; baseline -0.01 -17"><span class='ocrx_word' id='word_1_743' title='bbox 2125 3219 2341 3279; x_wconf 88' lang='lat' dir='ltr'><strong>propter</strong></span> <span class='ocrx_word' id='word_1_744' title='bbox 2368 3207 2579 3262; x_wconf 90' lang='lat' dir='ltr'><strong>illorum</strong></span> <span class='ocrx_word' id='word_1_745' title='bbox 2607 3205 2970 3259; x_wconf 86' lang='lat' dir='ltr'><strong>infirmitatem</strong></span> <span class='ocrx_word' id='word_1_746' title='bbox 3003 3203 3074 3256; x_wconf 92' lang='lat' dir='ltr'><strong>ita</strong></span> <span class='ocrx_word' id='word_1_747' title='bbox 3099 3201 3295 3256; x_wconf 89' lang='lat' dir='ltr'><strong>fecisse</strong></span> <span class='ocrx_word' id='word_1_748' title='bbox 3317 3240 3332 3263; x_wconf 93' lang='lat'><strong>,</strong></span> <span class='ocrx_word' id='word_1_749' title='bbox 3367 3208 3524 3268; x_wconf 89' lang='lat' dir='ltr'><strong>atque</strong></span> <span class='ocrx_word' id='word_1_750' title='bbox 3549 3195 3612 3249; x_wconf 88' lang='lat' dir='ltr'><strong>ad</strong></span> <span class='ocrx_word' id='word_1_751' title='bbox 3649 3196 3727 3248; x_wconf 81' lang='lat' dir='ltr'><strong>il-</strong></span> 
     </span>
    </p>
   </div>
   <div class='ocr_carea' id='block_1_93' title="bbox 2125 3287 3725 3358">
    <p class='ocr_par' dir='ltr' id='par_1_93' title="bbox 2125 3287 3725 3358">
     <span class='ocr_line' id='line_1_93' title="bbox 2125 3287 3725 3358; baseline -0.011 -3"><span class='ocrx_word' id='word_1_752' title='bbox 2125 3302 2295 3356; x_wconf 89' lang='lat' dir='ltr'><strong>lorum</strong></span> <span class='ocrx_word' id='word_1_753' title='bbox 2339 3298 2690 3353; x_wconf 89' lang='lat' dir='ltr'><strong>humilitatem</strong></span> <span class='ocrx_word' id='word_1_754' title='bbox 2735 3311 2793 3350; x_wconf 92' lang='lat' dir='ltr'><strong>se</strong></span> <span class='ocrx_word' id='word_1_755' title='bbox 2839 3294 3154 3357; x_wconf 84' lang='lat' dir='ltr'><strong>demisisse,</strong></span> <span class='ocrx_word' id='word_1_756' title='bbox 3183 3291 3318 3358; x_wconf 84' lang='lat' dir='ltr'><strong>Quid</strong></span> <span class='ocrx_word' id='word_1_757' title='bbox 3363 3301 3435 3343; x_wconf 85' lang='lat' dir='ltr'><strong>est</strong></span> <span class='ocrx_word' id='word_1_758' title='bbox 3479 3287 3725 3358; x_wconf 74' lang='lat' dir='ltr'><strong>facilius,</strong></span> 
     </span>
    </p>
   </div>
   <div class='ocr_carea' id='block_1_94' title="bbox 2127 3377 3734 3463">
    <p class='ocr_par' dir='ltr' id='par_1_94' title="bbox 2127 3377 3734 3463">
     <span class='ocr_line' id='line_1_94' title="bbox 2127 3377 3734 3463; baseline -0.011 -16"><span class='ocrx_word' id='word_1_759' title='bbox 2127 3393 2316 3463; x_wconf 90' lang='lat' dir='ltr'><strong>inquit,</strong></span> <span class='ocrx_word' id='word_1_760' title='bbox 2343 3392 2526 3454; x_wconf 87' lang='lat' dir='ltr'><strong>dicere,</strong></span> <span class='ocrx_word' id='word_1_761' title='bbox 2549 3388 2888 3442; x_wconf 88' lang='lat' dir='ltr'><strong>Dimittuntur</strong></span> <span class='ocrx_word' id='word_1_762' title='bbox 2908 3395 3113 3456; x_wconf 90' lang='lat' dir='ltr'><strong>peccata</strong></span> <span class='ocrx_word' id='word_1_763' title='bbox 3131 3395 3234 3446; x_wconf 84' lang='lat' dir='ltr'><strong>tua,</strong></span> <span class='ocrx_word' id='word_1_764' title='bbox 3257 3399 3324 3435; x_wconf 87' lang='lat' dir='ltr'><strong>an</strong></span> <span class='ocrx_word' id='word_1_765' title='bbox 3344 3382 3528 3443; x_wconf 89' lang='lat' dir='ltr'><strong>dicere,</strong></span> <span class='ocrx_word' id='word_1_766' title='bbox 3554 3377 3734 3447; x_wconf 83' lang='lat' dir='ltr'><strong>Surge</strong></span> 
     </span>
    </p>
   </div>
   <div class='ocr_carea' id='block_1_95' title="bbox 2128 3465 3734 3552">
    <p class='ocr_par' dir='ltr' id='par_1_95' title="bbox 2128 3465 3734 3552">
     <span class='ocr_line' id='line_1_95' title="bbox 2128 3465 3734 3552; baseline -0.012 -12"><span class='ocrx_word' id='word_1_767' title='bbox 2128 3471 2432 3540; x_wconf 8' lang='lat' dir='ltr'><strong>etiambula?</strong></span> <span class='ocrx_word' id='word_1_768' title='bbox 2459 3465 2567 3537; x_wconf 84' lang='lat' dir='ltr'><strong>Cur</strong></span> <span class='ocrx_word' id='word_1_769' title='bbox 2611 3483 2769 3552; x_wconf 87' lang='lat' dir='ltr'><strong>igitur</strong></span> <span class='ocrx_word' id='word_1_770' title='bbox 2799 3480 2862 3534; x_wconf 89' lang='lat' dir='ltr'><strong>ad</strong></span> <span class='ocrx_word' id='word_1_771' title='bbox 2910 3479 3089 3532; x_wconf 89' lang='lat' dir='ltr'><strong>minus</strong></span> <span class='ocrx_word' id='word_1_772' title='bbox 3139 3485 3356 3546; x_wconf 89' lang='lat' dir='ltr'><strong>propter</strong></span> <span class='ocrx_word' id='word_1_773' title='bbox 3388 3474 3506 3527; x_wconf 90' lang='lat' dir='ltr'><strong>illos</strong></span> <span class='ocrx_word' id='word_1_774' title='bbox 3535 3469 3734 3523; x_wconf 77' lang='lat' dir='ltr'><strong>venis?</strong></span> 
     </span>
    </p>
   </div>
   <div class='ocr_carea' id='block_1_96' title="bbox 2129 3561 3733 3643">
    <p class='ocr_par' dir='ltr' id='par_1_96' title="bbox 2129 3561 3733 3643">
     <span class='ocr_line' id='line_1_96' title="bbox 2129 3561 3733 3643; baseline -0.012 -14"><span class='ocrx_word' id='word_1_775' title='bbox 2129 3577 2392 3643; x_wconf 87' lang='lat' dir='ltr'><strong>Quoniam</strong></span> <span class='ocrx_word' id='word_1_776' title='bbox 2429 3575 2478 3627; x_wconf 94' lang='lat' dir='ltr'><strong>id</strong></span> <span class='ocrx_word' id='word_1_777' title='bbox 2508 3573 2648 3643; x_wconf 88' lang='lat' dir='ltr'><strong>quod</strong></span> <span class='ocrx_word' id='word_1_778' title='bbox 2681 3569 3020 3626; x_wconf 86' lang='lat' dir='ltr'><strong>manifestum</strong></span> <span class='ocrx_word' id='word_1_779' title='bbox 3042 3576 3156 3628; x_wconf 90' lang='lat' dir='ltr'><strong>cst,</strong></span> <span class='ocrx_word' id='word_1_780' title='bbox 3179 3566 3410 3619; x_wconf 87' lang='lat' dir='ltr'><strong>obscuro</strong></span> <span class='ocrx_word' id='word_1_781' title='bbox 3440 3561 3733 3616; x_wconf 77' lang='lat' dir='ltr'><strong>clariorem</strong></span> 
     </span>
    </p>
   </div>
   <div class='ocr_carea' id='block_1_97' title="bbox 2131 3652 3738 3729">
    <p class='ocr_par' dir='ltr' id='par_1_97' title="bbox 2131 3652 3738 3729">
     <span class='ocr_line' id='line_1_97' title="bbox 2131 3652 3738 3729; baseline -0.014 -7"><span class='ocrx_word' id='word_1_782' title='bbox 2131 3668 2348 3723; x_wconf 82' lang='lat' dir='ltr'><strong>exhibet</strong></span> <span class='ocrx_word' id='word_1_783' title='bbox 2373 3665 2909 3721; x_wconf 84' lang='lat' dir='ltr'><strong>demonstrationem.</strong></span> <span class='ocrx_word' id='word_1_784' title='bbox 2943 3661 3230 3729; x_wconf 87' lang='lat' dir='ltr'><strong>Propterea</strong></span> <span class='ocrx_word' id='word_1_785' title='bbox 3265 3672 3369 3710; x_wconf 94' lang='lat' dir='ltr'><strong>non</strong></span> <span class='ocrx_word' id='word_1_786' title='bbox 3400 3654 3543 3725; x_wconf 88' lang='lat' dir='ltr'><strong>prius</strong></span> <span class='ocrx_word' id='word_1_787' title='bbox 3576 3652 3738 3705; x_wconf 86' lang='lat' dir='ltr'><strong>illum</strong></span> 
     </span>
    </p>
   </div>
   <div class='ocr_carea' id='block_1_98' title="bbox 2132 3741 3738 3830">
    <p class='ocr_par' dir='ltr' id='par_1_98' title="bbox 2132 3741 3738 3830">
     <span class='ocr_line' id='line_1_98' title="bbox 2132 3741 3738 3830; baseline -0.016 -11"><span class='ocrx_word' id='word_1_788' title='bbox 2132 3763 2322 3823; x_wconf 75' lang='lat' dir='ltr'><strong>erexit,</strong></span> <span class='ocrx_word' id='word_1_789' title='bbox 2351 3775 2512 3830; x_wconf 83' lang='lat' dir='ltr'><strong>qualn</strong></span> <span class='ocrx_word' id='word_1_790' title='bbox 2534 3758 2670 3812; x_wconf 78' lang='lat' dir='ltr'><strong>dixit</strong></span> <span class='ocrx_word' id='word_1_791' title='bbox 2699 3756 2839 3810; x_wconf 90' lang='lat' dir='ltr'><strong>illis:</strong></span> <span class='ocrx_word' id='word_1_792' title='bbox 2877 3753 2943 3808; x_wconf 90' lang='lat' dir='ltr'><strong>Ut</strong></span> <span class='ocrx_word' id='word_1_793' title='bbox 2981 3763 3156 3805; x_wconf 88' lang='lat' dir='ltr'><strong>autem</strong></span> <span class='ocrx_word' id='word_1_794' title='bbox 3183 3749 3386 3809; x_wconf 84' lang='lat' dir='ltr'><strong>sciatis,</strong></span> <span class='ocrx_word' id='word_1_795' title='bbox 3413 3746 3531 3815; x_wconf 86' lang='lat' dir='ltr'><strong>quia</strong></span> <span class='ocrx_word' id='word_1_796' title='bbox 3559 3741 3738 3795; x_wconf 75' lang='lat' dir='ltr'><strong>Filius</strong></span> 
     </span>
    </p>
   </div>
   <div class='ocr_carea' id='block_1_99' title="bbox 2136 3839 3738 3920">
    <p class='ocr_par' dir='ltr' id='par_1_99' title="bbox 2136 3839 3738 3920">
     <span class='ocr_line' id='line_1_99' title="bbox 2136 3839 3738 3920; baseline -0.014 -13"><span class='ocrx_word' id='word_1_797' title='bbox 2136 3855 2352 3908; x_wconf 83' lang='lat' dir='ltr'><strong>hominis</strong></span> <span class='ocrx_word' id='word_1_798' title='bbox 2393 3852 2540 3905; x_wconf 87' lang='lat' dir='ltr'><strong>habet</strong></span> <span class='ocrx_word' id='word_1_799' title='bbox 2570 3857 2863 3920; x_wconf 83' lang='lat' dir='ltr'><strong>potestatem</strong></span> <span class='ocrx_word' id='word_1_800' title='bbox 2903 3847 2956 3899; x_wconf 89' lang='lat' dir='ltr'><strong>in</strong></span> <span class='ocrx_word' id='word_1_801' title='bbox 3001 3855 3136 3898; x_wconf 91' lang='lat' dir='ltr'><strong>terra</strong></span> <span class='ocrx_word' id='word_1_802' title='bbox 3166 3839 3448 3894; x_wconf 88' lang='lat' dir='ltr'><strong>dimittendi</strong></span> <span class='ocrx_word' id='word_1_803' title='bbox 3499 3844 3738 3906; x_wconf 77' lang='lat' dir='ltr'><strong>peccatu,</strong></span> 
     </span>
    </p>
   </div>
   <div class='ocr_carea' id='block_1_100' title="bbox 2137 3925 3738 4012">
    <p class='ocr_par' dir='ltr' id='par_1_100' title="bbox 2137 3925 3738 4012">
     <span class='ocr_line' id='line_1_100' title="bbox 2137 3925 3738 4012; baseline -0.012 -15"><span class='ocrx_word' id='word_1_804' title='bbox 2137 3956 2254 3997; x_wconf 90' lang='lat' dir='ltr'><strong>tunc</strong></span> <span class='ocrx_word' id='word_1_805' title='bbox 2301 3944 2372 3996; x_wconf 90' lang='lat' dir='ltr'><strong>ait</strong></span> <span class='ocrx_word' id='word_1_806' title='bbox 2427 3941 2706 4012; x_wconf 78' lang='lat' dir='ltr'><strong>paralytico</strong></span> <span class='ocrx_word' id='word_1_807' title='bbox 2731 3980 2746 4003; x_wconf 95' lang='lat'><strong>,</strong></span> <span class='ocrx_word' id='word_1_808' title='bbox 2777 3937 2946 4006; x_wconf 83' lang='lat' dir='ltr'><strong>Surge</strong></span> <span class='ocrx_word' id='word_1_809' title='bbox 2970 3945 3017 3988; x_wconf 90' lang='lat' dir='ltr'><strong>et</strong></span> <span class='ocrx_word' id='word_1_810' title='bbox 3053 3931 3260 3985; x_wconf 89' lang='lat' dir='ltr'><strong>ambula</strong></span> <span class='ocrx_word' id='word_1_811' title='bbox 3298 3927 3511 3998; x_wconf 80' lang='lat' dir='ltr'><strong>(Matth.</strong></span> <span class='ocrx_word' id='word_1_812' title='bbox 3538 3925 3592 3979; x_wconf 87' lang='lat'><strong>9.</strong></span> <span class='ocrx_word' id='word_1_813' title='bbox 3627 3926 3691 3988; x_wconf 70' lang='lat'><strong>6&#39;)</strong></span> <span class='ocrx_word' id='word_1_814' title='bbox 3723 3942 3738 3978; x_wconf 85' lang='lat'>:</span> 
     </span>
    </p>
   </div>
   <div class='ocr_carea' id='block_1_101' title="bbox 2137 4018 3743 4106">
    <p class='ocr_par' dir='ltr' id='par_1_101' title="bbox 2137 4018 3743 4106">
     <span class='ocr_line' id='line_1_101' title="bbox 2137 4018 3743 4106; baseline -0.014 -15"><span class='ocrx_word' id='word_1_815' title='bbox 2137 4036 2287 4106; x_wconf 87' lang='lat' dir='ltr'><strong>quasi</strong></span> <span class='ocrx_word' id='word_1_816' title='bbox 2337 4034 2571 4096; x_wconf 88' lang='lat' dir='ltr'><strong>diceret,</strong></span> <span class='ocrx_word' id='word_1_817' title='bbox 2605 4030 2779 4101; x_wconf 90' lang='lat' dir='ltr'><strong>majus</strong></span> <span class='ocrx_word' id='word_1_818' title='bbox 2827 4027 3042 4098; x_wconf 91' lang='lat' dir='ltr'><strong>quidem</strong></span> <span class='ocrx_word' id='word_1_819' title='bbox 3085 4026 3295 4095; x_wconf 89' lang='lat' dir='ltr'><strong>signum</strong></span> <span class='ocrx_word' id='word_1_820' title='bbox 3351 4031 3435 4076; x_wconf 84' lang='lat' dir='ltr'><strong>est</strong></span> <span class='ocrx_word' id='word_1_821' title='bbox 3480 4018 3743 4073; x_wconf 79' lang='lat' dir='ltr'><strong>remissio</strong></span> 
     </span>
    </p>
   </div>
   <div class='ocr_carea' id='block_1_102' title="bbox 2141 4108 3743 4200">
    <p class='ocr_par' dir='ltr' id='par_1_102' title="bbox 2141 4108 3743 4200">
     <span class='ocr_line' id='line_1_102' title="bbox 2141 4108 3743 4200; baseline -0.01 -19"><span class='ocrx_word' id='word_1_822' title='bbox 2141 4138 2506 4200; x_wconf 79' lang='lat' dir='ltr'><strong>peCCatorum,</strong></span> <span class='ocrx_word' id='word_1_823' title='bbox 2525 4123 2618 4178; x_wconf 89' lang='lat' dir='ltr'><strong>sed</strong></span> <span class='ocrx_word' id='word_1_824' title='bbox 2642 4131 2864 4193; x_wconf 90' lang='lat' dir='ltr'><strong>propter</strong></span> <span class='ocrx_word' id='word_1_825' title='bbox 2892 4134 2989 4173; x_wconf 90' lang='lat' dir='ltr'><strong>vos</strong></span> <span class='ocrx_word' id='word_1_826' title='bbox 3021 4116 3162 4187; x_wconf 91' lang='lat' dir='ltr'><strong>quod</strong></span> <span class='ocrx_word' id='word_1_827' title='bbox 3190 4115 3366 4169; x_wconf 92' lang='lat' dir='ltr'><strong>minus</strong></span> <span class='ocrx_word' id='word_1_828' title='bbox 3389 4121 3472 4166; x_wconf 92' lang='lat' dir='ltr'><strong>est</strong></span> <span class='ocrx_word' id='word_1_829' title='bbox 3499 4108 3697 4178; x_wconf 83' lang='lat' dir='ltr'><strong>adjicio</strong></span> <span class='ocrx_word' id='word_1_830' title='bbox 3727 4153 3743 4165; x_wconf 92' lang='lat'><strong>.</strong></span> 
     </span>
    </p>
   </div>
   <div class='ocr_carea' id='block_1_103' title="bbox 2140 4200 3746 4292">
    <p class='ocr_par' dir='ltr' id='par_1_103' title="bbox 2140 4200 3746 4292">
     <span class='ocr_line' id='line_1_103' title="bbox 2140 4200 3746 4292; baseline -0.016 -16"><span class='ocrx_word' id='word_1_831' title='bbox 2140 4217 2573 4292; x_wconf 92' lang='lat' dir='ltr'><strong>quandoquidem</strong></span> <span class='ocrx_word' id='word_1_832' title='bbox 2601 4215 2702 4268; x_wconf 91' lang='lat' dir='ltr'><strong>hoc</strong></span> <span class='ocrx_word' id='word_1_833' title='bbox 2732 4213 2885 4268; x_wconf 87' lang='lat' dir='ltr'><strong>vobis</strong></span> <span class='ocrx_word' id='word_1_834' title='bbox 2916 4211 3056 4265; x_wconf 90' lang='lat' dir='ltr'><strong>illius</strong></span> <span class='ocrx_word' id='word_1_835' title='bbox 3097 4223 3216 4263; x_wconf 90' lang='lat' dir='ltr'><strong>esse</strong></span> <span class='ocrx_word' id='word_1_836' title='bbox 3241 4202 3632 4260; x_wconf 88' lang='lat' dir='ltr'><strong>demonstratio</strong></span> <span class='ocrx_word' id='word_1_837' title='bbox 3654 4200 3746 4251; x_wconf 79' lang='lat' dir='ltr'><strong>vi-</strong></span> 
     </span>
    </p>
   </div>
   <div class='ocr_carea' id='block_1_104' title="bbox 2141 4295 3746 4381">
    <p class='ocr_par' dir='ltr' id='par_1_104' title="bbox 2141 4295 3746 4381">
     <span class='ocr_line' id='line_1_104' title="bbox 2141 4295 3746 4381; baseline -0.017 -10"><span class='ocrx_word' id='word_1_838' title='bbox 2141 4318 2317 4372; x_wconf 92' lang='lat' dir='ltr'><strong>detur.</strong></span> <span class='ocrx_word' id='word_1_839' title='bbox 2361 4314 2493 4368; x_wconf 87' lang='lat' dir='ltr'><strong>Nam</strong></span> <span class='ocrx_word' id='word_1_840' title='bbox 2540 4305 2992 4381; x_wconf 88' lang='lat' dir='ltr'><strong>quemadmodum</strong></span> <span class='ocrx_word' id='word_1_841' title='bbox 3041 4303 3147 4357; x_wconf 92' lang='lat' dir='ltr'><strong>illic</strong></span> <span class='ocrx_word' id='word_1_842' title='bbox 3202 4316 3325 4354; x_wconf 89' lang='lat' dir='ltr'><strong>cum</strong></span> <span class='ocrx_word' id='word_1_843' title='bbox 3361 4295 3746 4351; x_wconf 78' lang='lat' dir='ltr'><strong>oetiturionem</strong></span> 
     </span>
    </p>
   </div>
   <div class='ocr_carea' id='block_1_105' title="bbox 2144 4383 3749 4474">
    <p class='ocr_par' dir='ltr' id='par_1_105' title="bbox 2144 4383 3749 4474">
     <span class='ocr_line' id='line_1_105' title="bbox 2144 4383 3749 4474; baseline -0.015 -12"><span class='ocrx_word' id='word_1_844' title='bbox 2144 4407 2412 4464; x_wconf 87' lang='lat' dir='ltr'><strong>laudasset</strong></span> <span class='ocrx_word' id='word_1_845' title='bbox 2440 4405 2530 4474; x_wconf 89' lang='lat' dir='ltr'><strong>qui</strong></span> <span class='ocrx_word' id='word_1_846' title='bbox 2553 4402 2796 4458; x_wconf 75' lang='lat' dir='ltr'><strong>dixerat:</strong></span> <span class='ocrx_word' id='word_1_847' title='bbox 2822 4399 2918 4452; x_wconf 90' lang='lat' dir='ltr'><strong>Dic</strong></span> <span class='ocrx_word' id='word_1_848' title='bbox 2961 4406 3158 4450; x_wconf 87' lang='lat' dir='ltr'><strong>tantum</strong></span> <span class='ocrx_word' id='word_1_849' title='bbox 3187 4391 3332 4446; x_wconf 82' lang='lat' dir='ltr'><strong>verbo</strong></span> <span class='ocrx_word' id='word_1_850' title='bbox 3357 4431 3371 4453; x_wconf 94' lang='lat'><strong>,</strong></span> <span class='ocrx_word' id='word_1_851' title='bbox 3403 4399 3448 4442; x_wconf 91' lang='lat' dir='ltr'><strong>et</strong></span> <span class='ocrx_word' id='word_1_852' title='bbox 3475 4383 3749 4440; x_wconf 75' lang='lat' dir='ltr'><strong>sanabitur</strong></span> 
     </span>
    </p>
   </div>
   <div class='ocr_carea' id='block_1_106' title="bbox 2146 4479 3747 4570">
    <p class='ocr_par' dir='ltr' id='par_1_106' title="bbox 2146 4479 3747 4570">
     <span class='ocr_line' id='line_1_106' title="bbox 2146 4479 3747 4570; baseline -0.017 -16"><span class='ocrx_word' id='word_1_853' title='bbox 2146 4517 2272 4570; x_wconf 87' lang='lat' dir='ltr'><strong>puer</strong></span> <span class='ocrx_word' id='word_1_854' title='bbox 2301 4515 2439 4552; x_wconf 87' lang='lat' dir='ltr'><strong>meus</strong></span> <span class='ocrx_word' id='word_1_855' title='bbox 2464 4512 2620 4550; x_wconf 87' lang='lat' dir='ltr'><strong>:nam</strong></span> <span class='ocrx_word' id='word_1_856' title='bbox 2649 4503 2694 4548; x_wconf 87' lang='lat' dir='ltr'><strong>et</strong></span> <span class='ocrx_word' id='word_1_857' title='bbox 2714 4509 2804 4563; x_wconf 88' lang='lat' dir='ltr'><strong>ego</strong></span> <span class='ocrx_word' id='word_1_858' title='bbox 2822 4493 2936 4544; x_wconf 86' lang='lat' dir='ltr'><strong>dico</strong></span> <span class='ocrx_word' id='word_1_859' title='bbox 2958 4489 3094 4550; x_wconf 84' lang='lat' dir='ltr'><strong>huic,</strong></span> <span class='ocrx_word' id='word_1_860' title='bbox 3123 4485 3286 4550; x_wconf 85' lang='lat' dir='ltr'><strong>Vade,</strong></span> <span class='ocrx_word' id='word_1_861' title='bbox 3303 4492 3348 4537; x_wconf 88' lang='lat' dir='ltr'><strong>et</strong></span> <span class='ocrx_word' id='word_1_862' title='bbox 3372 4481 3531 4543; x_wconf 79' lang='lat' dir='ltr'><strong>vadit,</strong></span> <span class='ocrx_word' id='word_1_863' title='bbox 3550 4488 3596 4531; x_wconf 92' lang='lat' dir='ltr'><strong>et</strong></span> <span class='ocrx_word' id='word_1_864' title='bbox 3623 4479 3747 4536; x_wconf 84' lang='lat' dir='ltr'><strong>alii,</strong></span> 
     </span>
    </p>
   </div>
   <div class='ocr_carea' id='block_1_107' title="bbox 2159 4569 3836 4658">
    <p class='ocr_par' dir='ltr' id='par_1_107' title="bbox 2159 4569 3836 4658">
     <span class='ocr_line' id='line_1_107' title="bbox 2159 4569 3836 4658; baseline -0.015 -13"><span class='ocrx_word' id='word_1_865' title='bbox 2159 4590 2301 4654; x_wconf 86' lang='lat' dir='ltr'><strong>Veni,</strong></span> <span class='ocrx_word' id='word_1_866' title='bbox 2325 4601 2373 4644; x_wconf 87' lang='lat' dir='ltr'><strong>et</strong></span> <span class='ocrx_word' id='word_1_867' title='bbox 2402 4589 2532 4643; x_wconf 86' lang='lat' dir='ltr'><strong>venit</strong></span> <span class='ocrx_word' id='word_1_868' title='bbox 2563 4585 2774 4658; x_wconf 78' lang='lat' dir='ltr'><strong>(Matth.</strong></span> <span class='ocrx_word' id='word_1_869' title='bbox 2805 4582 2858 4639; x_wconf 89' lang='lat'><strong>8.</strong></span> <span class='ocrx_word' id='word_1_870' title='bbox 2907 4581 2960 4636; x_wconf 92' lang='lat'><strong>8.</strong></span> <span class='ocrx_word' id='word_1_871' title='bbox 2983 4581 3063 4651; x_wconf 90' lang='lat'><strong>9),</strong></span> <span class='ocrx_word' id='word_1_872' title='bbox 3090 4579 3327 4631; x_wconf 89' lang='lat' dir='ltr'><strong>animum</strong></span> <span class='ocrx_word' id='word_1_873' title='bbox 3357 4575 3474 4642; x_wconf 86' lang='lat' dir='ltr'><strong>ejus</strong></span> <span class='ocrx_word' id='word_1_874' title='bbox 3494 4569 3753 4625; x_wconf 79' lang='lat' dir='ltr'><strong>laudibus</strong></span> <span class='ocrx_word' id='word_1_875' title='bbox 3819 4613 3836 4635; x_wconf 33' lang='grc' dir='ltr'><strong><em>Îµ</em></strong></span> 
     </span>
    </p>
   </div>
   <div class='ocr_carea' id='block_1_108' title="bbox 2149 4660 3754 4739">
    <p class='ocr_par' dir='ltr' id='par_1_108' title="bbox 2149 4660 3754 4739">
     <span class='ocr_line' id='line_1_108' title="bbox 2149 4660 3754 4739; baseline -0.017 0"><span class='ocrx_word' id='word_1_876' title='bbox 2149 4681 2486 4739; x_wconf 81' lang='lat' dir='ltr'><strong>conï¬rmavit</strong></span> <span class='ocrx_word' id='word_1_877' title='bbox 2512 4696 2527 4734; x_wconf 90' lang='lat'>:</span> <span class='ocrx_word' id='word_1_878' title='bbox 2555 4689 2608 4734; x_wconf 91' lang='lat' dir='ltr'><strong>et</strong></span> <span class='ocrx_word' id='word_1_879' title='bbox 2641 4691 2836 4732; x_wconf 85' lang='lat' dir='ltr'><strong>rursus</strong></span> <span class='ocrx_word' id='word_1_880' title='bbox 2879 4690 3000 4729; x_wconf 90' lang='lat' dir='ltr'><strong>cum</strong></span> <span class='ocrx_word' id='word_1_881' title='bbox 3050 4670 3266 4726; x_wconf 64' lang='lat' dir='ltr'><strong>Judatos</strong></span> <span class='ocrx_word' id='word_1_882' title='bbox 3305 4660 3754 4735; x_wconf 78' lang='lat' dir='ltr'><strong>reprehendisset</strong></span> 
     </span>
    </p>
   </div>
   <div class='ocr_carea' id='block_1_109' title="bbox 2151 4755 3753 4843">
    <p class='ocr_par' dir='ltr' id='par_1_109' title="bbox 2151 4755 3753 4843">
     <span class='ocr_line' id='line_1_109' title="bbox 2151 4755 3753 4843; baseline -0.015 -13"><span class='ocrx_word' id='word_1_883' title='bbox 2151 4775 2252 4830; x_wconf 91' lang='lat' dir='ltr'><strong>sibi</strong></span> <span class='ocrx_word' id='word_1_884' title='bbox 2281 4774 2595 4843; x_wconf 89' lang='lat' dir='ltr'><strong>objicientes</strong></span> <span class='ocrx_word' id='word_1_885' title='bbox 2644 4771 2698 4824; x_wconf 92' lang='lat' dir='ltr'><strong>in</strong></span> <span class='ocrx_word' id='word_1_886' title='bbox 2723 4768 2947 4823; x_wconf 89' lang='lat' dir='ltr'><strong>sabbato</strong></span> <span class='ocrx_word' id='word_1_887' title='bbox 2994 4765 3164 4835; x_wconf 75' lang='lat' dir='ltr'><strong>legem</strong></span> <span class='ocrx_word' id='word_1_888' title='bbox 3197 4763 3264 4816; x_wconf 91' lang='lat' dir='ltr'><strong>ab</strong></span> <span class='ocrx_word' id='word_1_889' title='bbox 3285 4763 3400 4830; x_wconf 90' lang='lat' dir='ltr'><strong>ipso</strong></span> <span class='ocrx_word' id='word_1_890' title='bbox 3431 4755 3657 4820; x_wconf 83' lang='lat' dir='ltr'><strong>violari,</strong></span> <span class='ocrx_word' id='word_1_891' title='bbox 3689 4759 3753 4806; x_wconf 79' lang='lat' dir='ltr'><strong>â€˜m</strong></span> 
     </span>
    </p>
   </div>
   <div class='ocr_carea' id='block_1_110' title="bbox 2151 4853 3754 4937">
    <p class='ocr_par' dir='ltr' id='par_1_110' title="bbox 2151 4853 3754 4937">
     <span class='ocr_line' id='line_1_110' title="bbox 2151 4853 3754 4937; baseline -0.011 -15"><span class='ocrx_word' id='word_1_892' title='bbox 2151 4883 2246 4922; x_wconf 86' lang='lat' dir='ltr'><strong>sua</strong></span> <span class='ocrx_word' id='word_1_893' title='bbox 2275 4875 2536 4937; x_wconf 81' lang='lat' dir='ltr'><strong>potestate</strong></span> <span class='ocrx_word' id='word_1_894' title='bbox 2581 4865 2743 4919; x_wconf 90' lang='lat' dir='ltr'><strong>situm</strong></span> <span class='ocrx_word' id='word_1_895' title='bbox 2784 4875 2904 4916; x_wconf 89' lang='lat' dir='ltr'><strong>esse</strong></span> <span class='ocrx_word' id='word_1_896' title='bbox 2947 4857 3180 4913; x_wconf 86' lang='lat' dir='ltr'><strong>ostendit</strong></span> <span class='ocrx_word' id='word_1_897' title='bbox 3224 4856 3369 4924; x_wconf 87' lang='lat' dir='ltr'><strong>leges</strong></span> <span class='ocrx_word' id='word_1_898' title='bbox 3414 4853 3697 4905; x_wconf 86' lang='lat' dir='ltr'><strong>immutare</strong></span> <span class='ocrx_word' id='word_1_899' title='bbox 3736 4889 3754 4904; x_wconf 91' lang='lat'><strong>.</strong></span> 
     </span>
    </p>
   </div>
   <div class='ocr_carea' id='block_1_111' title="bbox 2154 4938 3757 5020">
    <p class='ocr_par' dir='ltr' id='par_1_111' title="bbox 2154 4938 3757 5020">
     <span class='ocr_line' id='line_1_111' title="bbox 2154 4938 3757 5020; baseline -0.016 -4"><span class='ocrx_word' id='word_1_900' title='bbox 2154 4964 2231 5016; x_wconf 91' lang='lat' dir='ltr'><strong>sic</strong></span> <span class='ocrx_word' id='word_1_901' title='bbox 2253 4961 2505 5016; x_wconf 90' lang='lat' dir='ltr'><strong>nimirum</strong></span> <span class='ocrx_word' id='word_1_902' title='bbox 2536 4958 2638 5012; x_wconf 91' lang='lat' dir='ltr'><strong>hoc</strong></span> <span class='ocrx_word' id='word_1_903' title='bbox 2667 4957 2786 5010; x_wconf 91' lang='lat' dir='ltr'><strong>loco</strong></span> <span class='ocrx_word' id='word_1_904' title='bbox 2807 4997 2821 5020; x_wconf 98' lang='lat'><strong>,</strong></span> <span class='ocrx_word' id='word_1_905' title='bbox 2853 4969 2974 5007; x_wconf 92' lang='lat' dir='ltr'><strong>cum</strong></span> <span class='ocrx_word' id='word_1_906' title='bbox 3025 4952 3099 5005; x_wconf 92' lang='lat' dir='ltr'><strong>illi</strong></span> <span class='ocrx_word' id='word_1_907' title='bbox 3128 4948 3428 5008; x_wconf 77' lang='lat' dir='ltr'><strong>dixissent,</strong></span> <span class='ocrx_word' id='word_1_908' title='bbox 3461 4938 3757 5012; x_wconf 65' lang='lat' dir='ltr'><strong>Equalcm</strong></span> 
     </span>
    </p>
   </div>
   <div class='ocr_carea' id='block_1_112' title="bbox 2156 5037 3756 5123">
    <p class='ocr_par' dir='ltr' id='par_1_112' title="bbox 2156 5037 3756 5123">
     <span class='ocr_line' id='line_1_112' title="bbox 2156 5037 3756 5123; baseline -0.015 -13"><span class='ocrx_word' id='word_1_909' title='bbox 2156 5067 2208 5110; x_wconf 88' lang='lat' dir='ltr'><strong>te</strong></span> <span class='ocrx_word' id='word_1_910' title='bbox 2245 5057 2416 5123; x_wconf 89' lang='lat' dir='ltr'><strong>ipsum</strong></span> <span class='ocrx_word' id='word_1_911' title='bbox 2462 5052 2591 5106; x_wconf 82' lang='lat' dir='ltr'><strong>facis</strong></span> <span class='ocrx_word' id='word_1_912' title='bbox 2614 5050 2722 5104; x_wconf 91' lang='lat' dir='ltr'><strong>Deo</strong></span> <span class='ocrx_word' id='word_1_913' title='bbox 2744 5092 2758 5110; x_wconf 88' lang='lat'><strong>,</strong></span> <span class='ocrx_word' id='word_1_914' title='bbox 2790 5046 3105 5118; x_wconf 87' lang='lat' dir='ltr'><strong>promittens</strong></span> <span class='ocrx_word' id='word_1_915' title='bbox 3137 5058 3198 5096; x_wconf 89' lang='lat' dir='ltr'><strong>ea</strong></span> <span class='ocrx_word' id='word_1_916' title='bbox 3221 5084 3235 5107; x_wconf 96' lang='lat'><strong>,</strong></span> <span class='ocrx_word' id='word_1_917' title='bbox 3259 5055 3378 5110; x_wconf 69' lang='lat' dir='ltr'><strong>qua:</strong></span> <span class='ocrx_word' id='word_1_918' title='bbox 3408 5037 3571 5092; x_wconf 85' lang='lat' dir='ltr'><strong>solius</strong></span> <span class='ocrx_word' id='word_1_919' title='bbox 3623 5046 3756 5086; x_wconf 86' lang='lat' dir='ltr'><strong>sunt</strong></span> 
     </span>
    </p>
   </div>
   <div class='ocr_carea' id='block_1_113' title="bbox 2155 5137 3753 5212">
    <p class='ocr_par' dir='ltr' id='par_1_113' title="bbox 2155 5137 3753 5212">
     <span class='ocr_line' id='line_1_113' title="bbox 2155 5137 3753 5212; baseline -0.018 -10"><span class='ocrx_word' id='word_1_920' title='bbox 2155 5147 2348 5204; x_wconf 85' lang='lat' dir='ltr'><strong>Patris.</strong></span> <span class='ocrx_word' id='word_1_921' title='bbox 2379 5141 2779 5212; x_wconf 79' lang='lat' dir='ltr'><strong>reprehendens</strong></span> <span class='ocrx_word' id='word_1_922' title='bbox 2803 5153 2898 5192; x_wconf 91' lang='lat' dir='ltr'><strong>eos</strong></span> <span class='ocrx_word' id='word_1_923' title='bbox 2918 5176 2933 5199; x_wconf 90' lang='lat'><strong>,</strong></span> <span class='ocrx_word' id='word_1_924' title='bbox 2968 5147 3022 5190; x_wconf 90' lang='lat' dir='ltr'><strong>et</strong></span> <span class='ocrx_word' id='word_1_925' title='bbox 3049 5147 3305 5187; x_wconf 52' lang='lat' dir='ltr'><strong>accusans</strong></span> <span class='ocrx_word' id='word_1_926' title='bbox 3332 5171 3346 5193; x_wconf 94' lang='lat'><strong>,</strong></span> <span class='ocrx_word' id='word_1_927' title='bbox 3379 5138 3538 5193; x_wconf 78' lang='lat' dir='ltr'><strong>atque</strong></span> <span class='ocrx_word' id='word_1_928' title='bbox 3562 5137 3753 5191; x_wconf 80' lang='lat' dir='ltr'><strong>oper.-</strong></span> 
     </span>
    </p>
   </div>
   <div class='ocr_carea' id='block_1_114' title="bbox 2156 5214 3758 5308">
    <p class='ocr_par' dir='ltr' id='par_1_114' title="bbox 2156 5214 3758 5308">
     <span class='ocr_line' id='line_1_114' title="bbox 2156 5214 3758 5308; baseline -0.018 -13"><span class='ocrx_word' id='word_1_929' title='bbox 2156 5241 2255 5295; x_wconf 90' lang='lat' dir='ltr'><strong>bus</strong></span> <span class='ocrx_word' id='word_1_930' title='bbox 2281 5239 2408 5308; x_wconf 87' lang='lat' dir='ltr'><strong>ipsis</strong></span> <span class='ocrx_word' id='word_1_931' title='bbox 2435 5235 2726 5290; x_wconf 88' lang='lat' dir='ltr'><strong>ostendens</strong></span> <span class='ocrx_word' id='word_1_932' title='bbox 2753 5248 2810 5286; x_wconf 93' lang='lat' dir='ltr'><strong>se</strong></span> <span class='ocrx_word' id='word_1_933' title='bbox 2851 5230 3069 5284; x_wconf 90' lang='lat' dir='ltr'><strong>minime</strong></span> <span class='ocrx_word' id='word_1_934' title='bbox 3097 5223 3466 5295; x_wconf 76' lang='lat' dir='ltr'><strong>blasphemare</strong></span> <span class='ocrx_word' id='word_1_935' title='bbox 3492 5261 3505 5282; x_wconf 93' lang='lat'><strong>,</strong></span> <span class='ocrx_word' id='word_1_936' title='bbox 3539 5214 3758 5270; x_wconf 82' lang='lat' dir='ltr'><strong>indubi-</strong></span> 
     </span>
    </p>
   </div>
   <div class='ocr_carea' id='block_1_115' title="bbox 2159 5317 3762 5397">
    <p class='ocr_par' dir='ltr' id='par_1_115' title="bbox 2159 5317 3762 5397">
     <span class='ocr_line' id='line_1_115' title="bbox 2159 5317 3762 5397; baseline -0.016 -11"><span class='ocrx_word' id='word_1_937' title='bbox 2159 5341 2318 5386; x_wconf 89' lang='lat' dir='ltr'><strong>tatam</strong></span> <span class='ocrx_word' id='word_1_938' title='bbox 2361 5330 2512 5382; x_wconf 87' lang='lat' dir='ltr'><strong>nobis</strong></span> <span class='ocrx_word' id='word_1_939' title='bbox 2542 5325 2768 5397; x_wconf 67' lang='lat' dir='ltr'><strong>prmbuit</strong></span> <span class='ocrx_word' id='word_1_940' title='bbox 2792 5320 3335 5380; x_wconf 85' lang='lat' dir='ltr'><strong>demonstrationem,</strong></span> <span class='ocrx_word' id='word_1_941' title='bbox 3365 5317 3504 5366; x_wconf 88' lang='lat' dir='ltr'><strong>unde</strong></span> <span class='ocrx_word' id='word_1_942' title='bbox 3539 5317 3762 5397; x_wconf 79' lang='lat' dir='ltr'><strong>consth</strong></span> 
     </span>
    </p>
   </div>
   <div class='ocr_carea' id='block_1_116' title="bbox 2158 5395 3762 5491">
    <p class='ocr_par' dir='ltr' id='par_1_116' title="bbox 2158 5395 3762 5491">
     <span class='ocr_line' id='line_1_116' title="bbox 2158 5395 3762 5491; baseline -0.016 -13"><span class='ocrx_word' id='word_1_943' title='bbox 2158 5423 2342 5478; x_wconf 88' lang='lat' dir='ltr'><strong>eadem</strong></span> <span class='ocrx_word' id='word_1_944' title='bbox 2397 5395 2572 5491; x_wconf 85' lang='lat' dir='ltr'><strong>ipsum</strong></span> <span class='ocrx_word' id='word_1_945' title='bbox 2588 5448 2604 5491; x_wconf 85' lang='lat'><strong>_-,</strong></span> <span class='ocrx_word' id='word_1_946' title='bbox 2648 5432 2766 5487; x_wconf 75' lang='lat' dir='ltr'><strong>quae</strong></span> <span class='ocrx_word' id='word_1_947' title='bbox 2816 5413 3060 5478; x_wconf 87' lang='lat' dir='ltr'><strong>Genitor,</strong></span> <span class='ocrx_word' id='word_1_948' title='bbox 3096 5423 3252 5480; x_wconf 87' lang='lat' dir='ltr'><strong>posse</strong></span> <span class='ocrx_word' id='word_1_949' title='bbox 3299 5413 3577 5476; x_wconf 57' lang='lat' dir='ltr'><strong>praestare.</strong></span> <span class='ocrx_word' id='word_1_950' title='bbox 3612 5395 3762 5453; x_wconf 82' lang='lat' dir='ltr'><strong>Vide</strong></span> 
     </span>
    </p>
   </div>
   <div class='ocr_carea' id='block_1_117' title="bbox 2159 5491 3766 5585">
    <p class='ocr_par' dir='ltr' id='par_1_117' title="bbox 2159 5491 3766 5585">
     <span class='ocr_line' id='line_1_117' title="bbox 2159 5491 3766 5585; baseline -0.015 -16"><span class='ocrx_word' id='word_1_951' title='bbox 2159 5516 2338 5585; x_wconf 87' lang='lat' dir='ltr'><strong>igitur,</strong></span> <span class='ocrx_word' id='word_1_952' title='bbox 2370 5527 2476 5582; x_wconf 93' lang='lat' dir='ltr'><strong>quo</strong></span> <span class='ocrx_word' id='word_1_953' title='bbox 2501 5521 2652 5580; x_wconf 89' lang='lat' dir='ltr'><strong>pacto</strong></span> <span class='ocrx_word' id='word_1_954' title='bbox 2675 5507 2814 5563; x_wconf 92' lang='lat' dir='ltr'><strong>istud</strong></span> <span class='ocrx_word' id='word_1_955' title='bbox 2849 5505 3137 5560; x_wconf 87' lang='lat' dir='ltr'><strong>contendat</strong></span> <span class='ocrx_word' id='word_1_956' title='bbox 3163 5500 3442 5555; x_wconf 84' lang='lat' dir='ltr'><strong>adstruere</strong></span> <span class='ocrx_word' id='word_1_957' title='bbox 3465 5537 3480 5561; x_wconf 93' lang='lat'><strong>,</strong></span> <span class='ocrx_word' id='word_1_958' title='bbox 3508 5507 3627 5565; x_wconf 67' lang='lat' dir='ltr'><strong>qua!</strong></span> <span class='ocrx_word' id='word_1_959' title='bbox 3653 5491 3766 5546; x_wconf 81' lang='lat' dir='ltr'><strong>Pa-</strong></span> 
     </span>
    </p>
   </div>
   <div class='ocr_carea' id='block_1_118' title="bbox 2163 5585 3762 5670">
    <p class='ocr_par' dir='ltr' id='par_1_118' title="bbox 2163 5585 3762 5670">
     <span class='ocr_line' id='line_1_118' title="bbox 2163 5585 3762 5670; baseline -0.015 -10"><span class='ocrx_word' id='word_1_960' title='bbox 2163 5609 2260 5662; x_wconf 89' lang='lat' dir='ltr'><strong>tris</strong></span> <span class='ocrx_word' id='word_1_961' title='bbox 2288 5606 2454 5659; x_wconf 88' lang='lat' dir='ltr'><strong>solius</strong></span> <span class='ocrx_word' id='word_1_962' title='bbox 2474 5613 2634 5670; x_wconf 87' lang='lat' dir='ltr'><strong>sunt,</strong></span> <span class='ocrx_word' id='word_1_963' title='bbox 2657 5616 2719 5658; x_wconf 87' lang='lat' dir='ltr'><strong>ea</strong></span> <span class='ocrx_word' id='word_1_964' title='bbox 2746 5601 2915 5670; x_wconf 89' lang='lat' dir='ltr'><strong>ipsius</strong></span> <span class='ocrx_word' id='word_1_965' title='bbox 2949 5609 3109 5653; x_wconf 75' lang='lat' dir='ltr'><strong>etiam</strong></span> <span class='ocrx_word' id='word_1_966' title='bbox 3135 5609 3254 5651; x_wconf 90' lang='lat' dir='ltr'><strong>esse</strong></span> <span class='ocrx_word' id='word_1_967' title='bbox 3279 5612 3291 5646; x_wconf 90' lang='lat'><strong>:</strong></span> <span class='ocrx_word' id='word_1_968' title='bbox 3315 5606 3424 5647; x_wconf 90' lang='lat' dir='ltr'><strong>non</strong></span> <span class='ocrx_word' id='word_1_969' title='bbox 3455 5589 3598 5644; x_wconf 85' lang='lat' dir='ltr'><strong>enim</strong></span> <span class='ocrx_word' id='word_1_970' title='bbox 3624 5585 3762 5639; x_wconf 81' lang='lat' dir='ltr'><strong>sitn-</strong></span> 
     </span>
    </p>
   </div>
   <div class='ocr_carea' id='block_1_119' title="bbox 2165 5681 3763 5767">
    <p class='ocr_par' dir='ltr' id='par_1_119' title="bbox 2165 5681 3763 5767">
     <span class='ocr_line' id='line_1_119' title="bbox 2165 5681 3763 5767; baseline -0.018 -9"><span class='ocrx_word' id='word_1_971' title='bbox 2165 5699 2382 5766; x_wconf 78' lang='lat' dir='ltr'><strong>pliciter</strong></span> <span class='ocrx_word' id='word_1_972' title='bbox 2401 5697 2752 5767; x_wconf 81' lang='lat' dir='ltr'><strong>paralyticum</strong></span> <span class='ocrx_word' id='word_1_973' title='bbox 2780 5692 2970 5761; x_wconf 79' lang='lat' dir='ltr'><strong>erexit,</strong></span> <span class='ocrx_word' id='word_1_974' title='bbox 3005 5688 3099 5749; x_wconf 84' lang='lat' dir='ltr'><strong>sed</strong></span> <span class='ocrx_word' id='word_1_975' title='bbox 3128 5702 3251 5746; x_wconf 90' lang='lat' dir='ltr'><strong>cum</strong></span> <span class='ocrx_word' id='word_1_976' title='bbox 3273 5682 3532 5748; x_wconf 73' lang='lat' dir='ltr'><strong>dixisset,</strong></span> <span class='ocrx_word' id='word_1_977' title='bbox 3563 5681 3625 5740; x_wconf 87' lang='lat' dir='ltr'><strong>Ut</strong></span> <span class='ocrx_word' id='word_1_978' title='bbox 3656 5696 3763 5734; x_wconf 83' lang='lat' dir='ltr'><strong>at.-</strong></span> 
     </span>
    </p>
   </div>
  </div>
