4010 6342
375 253 452 311 59
1300 255 1370 313 IN
1406 248 1900 311 PARALYTICUM
1945 245 2295 303 DEMISSUM
2339 246 2468 303 PER
2501 241 2802 300 TECTUM.
3592 228 3661 285 oo

371 386 533 440 τερον
558 369 801 444 διελέχθη
833 372 985 426 νόσου
1011 388 1024 403 ο
1055 372 1145 426 καὶ
1169 370 1303 443 πρὸς
1324 369 1535 432 τούτοις
1552 368 1609 420 δὲ
1635 368 1857 427 ἅπασιν,
1881 364 1967 416 ἵνα

367 453 473 522 τὴν
504 454 582 515 είς
634 454 724 505 τὸν
772 457 989 527 Πατέρα
1043 455 1312 524 ἰσοτιμίαν
1360 448 1713 523 ἐπιδείξηται.
1759 448 1968 516 Ὥσπερ

372 537 487 606 γάρ
512 537 628 588 ἐκεῖ
658 539 717 590 ἐν
740 537 994 609 σαϐϐάτῳ
1021 537 1377 608 ἐθεράπευσε,
1406 535 1730 607 βουλόμενος
1772 529 1969 591 αὐτοὺς

366 619 473 687 τῆς
524 622 957 692 παρατηρήσεως
1007 622 1315 689 ἀπαγαγεῖν
1352 620 1451 689 τῆς
1507 616 1826 685 Ἰουδαϊκῆς,
1879 612 1972 666 καὶ

368 703 440 753 ἐκ
470 700 577 753 τῶν
616 704 978 774 ἐγκλημάτων
1016 705 1122 757 τῶν
1158 703 1338 757 αὐτῶν
1369 702 1555 756 λαϐεῖν
1595 699 1850 771 ἀφορμὴν
1874 697 1969 750 106

366 784 543 850 δεῖξαι
578 786 767 840 ἐαυτὸν
793 788 905 841 ἴσον
930 788 1009 858 τῷ
1052 787 1402 858 γεγεννηκότι
1433 803 1443 815 ·
1488 785 1628 838 οὕτω
1659 785 1723 854 δὴ
1759 782 1854 836 καὶ
1882 783 1969 833 ἐν-

365 867 549 923 ταῦθα
576 872 861 941 προειδώς,
895 873 1030 944 ὅπερ
1071 872 1304 943 ἤμελλον
1335 872 1503 943 ἐρεῖν,
1539 865 1658 923 εἷπε
1703 870 1875 922 ταῦτα
1902 865 1971 919 τά

370 954 627 1022 ῥήματα,
673 954 739 1009 ἵν’
791 956 1041 1009 ἐντεῦθεν
1087 956 1267 1009 λαϐὼν
1319 956 1493 1027 ἀρχὴν
1539 956 1635 1008 καὶ
1700 952 1972 1025 πρόφασιν

365 1034 521 1108 δείξῃ
540 1037 618 1107 τῷ
638 1039 990 1109 γεγεννηκότι
1026 1040 1286 1110 ὁμότιμον
1332 1040 1460 1092 ὄντα
1487 1038 1695 1092 ἑαυτόν.
1748 1037 1823 1090 υύ
1862 1036 1971 1107 γάρ

371 1117 492 1171 ἴσον
512 1120 734 1191 μηδενὸς
769 1121 1149 1189 ἐγκαλοῦντος,
1185 1122 1319 1194 μηδέ
1350 1122 1671 1191 αἰτιωμένου
1692 1162 1707 1186 ,
1735 1121 1825 1188 ἀφ’
1853 1120 1971 1173 ἐαυ-

367 1201 469 1253 τοῦ
499 1204 580 1266 είς
613 1204 705 1255 τὸν
737 1205 864 1275 περὶ
891 1205 1099 1259 τούτων
1136 1205 1380 1260 καθεῖναι
1420 1206 1597 1273 λόγον,
1642 1205 1736 1257 καὶ
1768 1203 1970 1274 ἐτέρων

371 1287 728 1357 παρεχόντων
761 1288 858 1351 τὰς
888 1289 1067 1353 αἰτίας
1103 1290 1161 1343 ἐν
1190 1289 1482 1358 ἀπολογίας
1526 1288 1680 1353 τάξει
1720 1289 1816 1342 καὶ
1847 1288 1971 1357 σχή-

374 1386 511 1437 ματι
541 1370 698 1423 10610
750 1372 882 1424 αὐτὸ
938 1375 1370 1428 κατασκευάσαι.
1407 1373 1652 1443 Ἐκείνης
1710 1371 1810 1441 μὲν
1859 1370 1969 1440 γὰρ

366 1451 471 1521 τῆς
506 1453 832 1519 ἀποδείξεως
861 1458 889 1508 6
925 1456 1125 1527 τρόπος
1154 1458 1445 1529 ἀντέκρουε
1496 1459 1608 1518 τοῖς
1641 1454 1929 1509 ἁκούουσιν
1953 1466 1967 1480 ⁶

366 1528 527 1599 οὗτος
566 1537 624 1588 δὲ
652 1539 1116 1611 ἀνεπαχθέστερος
1142 1535 1231 1611 ἦν,
1271 1528 1366 1593 καὶ
1400 1539 1807 1610 εὑπαράδεκτος
1844 1536 1968 1607 μᾶλ-

368 1618 485 1683 λον,
518 1622 613 1674 καὶ
651 1622 927 1692 πανταχοῦ
967 1623 1022 1676 δέ
1054 1625 1269 1695 ὁρῶμεν
1302 1624 1460 1678 τοῦτο
1490 1624 1652 1678 αὑτὸν
1687 1621 1965 1685 ποιοῦντα,

367 1706 468 1755 καὶ
499 1704 595 1773 οὐχ
620 1704 760 1757 οὕτω
790 1704 878 1758 διὰ
914 1707 1196 1778 ῥημάτων,
1228 1708 1303 1770 ὡς
1349 1708 1438 1760 διὰ
1468 1706 1810 1778 πραγμάτων
1850 1708 1969 1758 ἐπι-

365 1784 722 1856 δεικνύμενον
746 1788 845 1858 τὴν
872 1790 1111 1860 ἰσότητα.
1151 1792 1322 1843 Τοῦτο
1355 1789 1484 1858 γοῦν
1504 1782 1601 1843 καὶ
1621 1792 1649 1842 6
1680 1787 1967 1857 εὐαγγελι-

370 1869 505 1937 στὴς
532 1870 905 1941 αἰνιττόμενος
956 1872 1164 1940 ἔλεγεν,
1205 1876 1288 1926 ὅτι
1311 1875 1533 1927 ἐδίωκον
1563 1873 1723 1926 αὐτὸν
1755 1875 1804 1926 οί
1839 1872 1968 1925 Ἰου-

365 1950 527 2014 δαῖοι,
556 1954 653 2022 οὐχ
688 1955 771 2006 ὅτι
832 1955 992 2023 μόνον
1022 1956 1143 2009 ἔλυε
1184 1958 1243 2009 τὸ
1277 1957 1565 2019 σάϐϐατον,
1596 1956 1711 2010 ἀλλ’
1751 1958 1831 2009 ὅτι
1874 1954 1967 2007 καὶ

368 2036 586 2106 πατέρα
622 2037 751 2090 ἴδιον
786 2037 939 2106 ἔλεγε
981 2039 1070 2091 τὸν
1110 2039 1263 2105 Θεὸν,
1317 2043 1430 2093 ῐσον
1461 2041 1652 2094 ἐαυτὸν
1685 2040 1854 2094 ποιῶν
1890 2037 1968 2107 τῷ

365 2118 509 2188 Θεῷ,
538 2119 566 2171 6
621 2120 800 2190 πολλῷ
842 2121 1025 2192 μεῖζόν
1068 2125 1252 2176 ἐστιν·
1285 2124 1373 2178 διὰ
1409 2124 1513 2196 γάρ
1561 2125 1660 2194 τῆς
1692 2123 1798 2177 τῶν
1827 2139 1969 2193 πρα-

366 2202 599 2271 γμάτων
629 2204 960 2269 ἀποδείξεως
981 2206 1139 2259 τοῦτο
1162 2207 1293 2260 αὐτὸ
1316 2206 1704 2273 κατεσκεύαζε.
1729 2207 1795 2259 Τί
1810 2203 1902 2258 οὖν
1917 2207 1966 2258 οί

369 2284 636 2351 βάσκανοι
662 2288 756 2339 καὶ
792 2290 1040 2358 πονηροὶ,
1077 2290 1171 2343 καὶ
1209 2294 1321 2353 τοῖς
1346 2290 1646 2361 ἀλλοτρίοις
1675 2290 1965 2361 τηκόμενοι

367 2368 575 2433 καλοῖς,
634 2371 728 2423 καὶ
778 2372 1114 2442 πανταχόθεν
1146 2373 1313 2436 λαϐάς
1342 2374 1629 2444 ζητοῦντες
1658 2375 1871 2444 εὑρεϊν;
1903 2373 1945 2423 Τ
1952 2370 1966 2422 ί

368 2447 542 2515 οὗτος,
568 2454 721 2524 φησὶ.
746 2454 957 2526 βλασφη
968 2460 1074 2525 μεῖ;
1100 2456 1309 2523 Οὐδείς
1330 2460 1438 2525 γὰρ
1472 2456 1719 2511 δύναται
1733 2456 1967 2525 ἀφιέναι

366 2534 661 2601 ἁμαρτίας
691 2539 741 2591 εὶ
775 2538 863 2607 μὴ
892 2539 1082 2606 μόνος
1112 2542 1144 2593 ό
1184 2542 1346 2605 Θεός.
1368 2540 1577 2611 Ὥσπερ
1610 2542 1727 2593 ἐκεῖ
1749 2539 1967 2592 ἐδίωκον

366 2616 533 2669 αὑτὸν
558 2618 643 2671 ὅτι
677 2620 798 2673 ἐλυε
831 2623 893 2673 τὸ
938 2622 1227 2683 σάϐϐατον,
1258 2626 1352 2676 καὶ
1394 2625 1542 2694 παρά
1566 2623 1673 2676 τῶν
1697 2620 1969 2694 ἐγκλημά-

367 2697 478 2750 τῶν
506 2700 687 2754 αὐτῶν
716 2703 892 2758 λαϐὼν
924 2706 1177 2776 ἀφορμὴν
1210 2705 1307 2776 τὴν
1336 2706 1557 2777 ἰσότητα
1591 2707 1649 2758 ἐν
1674 2705 1968 2773 ἀπολογίας

368 2787 524 2852 τάξει
552 2788 652 2858 τὴν
683 2791 819 2861 πρὸς
842 2791 934 2845 τὸν
966 2794 1331 2865 γεγεννηκότα
1373 2793 1640 2863 ἐδήλωσεν
1670 2791 1838 2846 εἰπών
1864 2809 1877 2821 ·
1909 2787 1981 2844 Ὀ

370 2876 575 2943 Πατήρ
604 2896 721 2946 μου
749 2879 1067 2949 ἐργάζεται,
1090 2882 1252 2952 κάγὼ
1273 2880 1601 2951 ἐργάζομαιο
1629 2880 1771 2934 οὕτω
1787 2881 1850 2950 δὴ
1877 2882 1969 2934 καὶ

372 2965 627 3029 ἐνταῦθα,
666 2968 758 3037 ἀφ’
812 2962 888 3022 ὧν
944 2970 1289 3039 ἐγκαλοῦσιν,
1331 2971 1438 3024 ἀπὸ
1492 2969 1690 3026 τούτων
1727 2969 1790 3023 τὸ
1833 2969 1970 3039 πρὸς

370 3052 463 3104 τὸν
520 3054 739 3125 Πατέρα
784 3057 1202 3128 ἀπαράλλακτον
1233 3058 1492 3112 δείκνυσι.
1529 3057 1593 3109 Τί
1630 3057 1737 3129 γάρ
1769 3073 1967 3127 φησιν;

378 3140 588 3207 Οὐδεὶς
609 3142 856 3197 δύναται
910 3145 1148 3213 ἀφιέναι
1187 3145 1496 3214 ἁμαρτίας,
1527 3146 1580 3197 εὶ
1597 3143 1684 3213 μὴ
1718 3146 1908 3214 μόνος
1938 3147 1971 3198 ὁ

377 3229 540 3294 Θεός.
582 3230 737 3284 Ἐπεὶ
766 3228 859 3286 οὖν
885 3233 1039 3285 αὐτοὶ
1068 3232 1158 3285 τὸν
1190 3233 1314 3303 ὅρον
1343 3232 1549 3303 ἔθηκαν
1572 3231 1781 3296 τοῦτον,
1818 3232 1972 3285 αὐτοὶ

374 3317 465 3368 τὸν
494 3318 696 3371 κανόνα
728 3320 1072 3391 εἰσήνεγκαν,
1103 3321 1259 3374 6:610).
1288 3320 1378 3373 τὸν
1414 3321 1577 3391 νόμον
1610 3319 1876 3391 ἔγραψαν,
1908 3322 1973 3373 ἐκ

380 3402 491 3476 [Η]
524 3404 632 3480 τῶν
653 3406 871 3461 οἰκείων
900 3408 1096 3472 αὐτοὺς
1126 3408 1313 3462 λοιπὸν
1341 3408 1659 3479 συμποδίζει
1688 3409 1967 3480 ῥημάτων.

390 3491 597 3562 Ὑμεῖς,
622 3493 810 3564 φησὶν,
854 3494 1241 3567 ὡμολογήσατε
1280 3497 1361 3549 ὅτι
1408 3492 1542 3549 Θεοῦ
1582 3496 1741 3566 μόνον
1771 3496 1885 3548 ἐστὶ
1913 3497 1973 3549 τὸ

376 3580 597 3646 ἀφιέναι
649 3581 950 3652 ἁμαρτίας·
1000 3583 1480 3654 ἀναμφισϐήτητός
1540 3584 1687 3636 ἐστιν
1768 3584 1967 3654 ἰσότης.

376 3667 487 3720 Καὶ
514 3669 615 3738 οὐχ
640 3664 784 3722 οὗτοι
817 3669 873 3722 δὲ
893 3671 1049 3723 τοῦτο
1088 3672 1246 3741 μόνον
1270 3672 1453 3740 φασὶν,
1489 3672 1625 3725 ἀλλά
1655 3672 1748 3726 καὶ
1769 3675 1797 3725 6
1835 3690 1969 3742 προ-

378 3757 554 3826 φήτης
577 3754 721 3809 οὕτω
736 3756 910 3825 λέγων
928 3774 942 3787 ⁸
985 3759 1080 3823 Τίς
1113 3758 1255 3824 Θεὸς
1271 3759 1473 3827 ὥσπερ
1489 3761 1569 3814 σύ
1588 3779 1605 3825 ;
1632 3756 1749 3813 εἷτα
1761 3760 1973 3824 δεικνὺς

377 3843 427 3893 τί
451 3842 602 3906 ἴδιον,
627 3846 928 3914 ἐπήγαγεν,
968 3844 1254 3914 Ἐξαιζρων
1280 3848 1549 3916 ἀνομίας,
1570 3849 1667 3902 καὶ
1697 3850 1973 3917 ὑπερϐαί-

379 3948 501 3984 νων
560 3931 820 3997 ἀδικίας.
850 3933 947 3987 Ἂν
983 3933 1163 3987 τοίνυν
1191 3938 1331 4006 φανῇ
1365 3953 1449 3999 τις
1487 3937 1671 4006 ἐτερος
1704 3937 1875 4000 οὕτως
1911 3937 1973 3989 τὸ

381 4018 513 4071 αὐτὸ
536 4017 697 4072 τοῦτο
744 4019 934 4084 ποιῶν,
965 4021 1062 4074 καὶ
1116 4020 1249 4085 Θεός
1285 4025 1452 4086 ἐστιν,
1492 4025 1584 4076 καὶ
1616 4024 1747 4087 Θεὸς
1784 4024 1972 4095 ὥσπερ

380 4108 607 4169 ἐκεῖνος.
651 4107 789 4159 Ἀλλ’
830 4108 1029 4178 ἴδωμεν
1070 4109 1187 4173 πῶς
1220 4111 1403 4175 αὐτοῖς
1434 4112 1462 4163 6
1484 4112 1715 4182 Χριστὸς
1732 4113 1975 4181 συλλογί-

382 4196 552 4261 ζεται,
582 4196 699 4258 πῶς
731 4195 941 4264 πράως.
974 4198 1068 4250 καὶ
1090 4198 1473 4261 ἐπιεικῶς,κα“ι
1494 4200 1630 4268 μετὰ
1652 4200 1974 4270 κηδεμονίας

381 4284 618 4354 ἀπάσης.
642 4285 747 4337 Καὶ
798 4282 925 4336 ἰδού
953 4300 1114 4350 τινες
1146 4283 1265 4337 τῶν
1287 4286 1669 4355 γραμματέων
1702 4283 1876 4340 εἶπον
1904 4285 1973 4339 ἐν

381 4371 655 4435 ἑαυτοῖς·
721 4366 911 4437 Οὗτος
966 4372 1340 4441 βλασφημεῖ.
1404 4374 1517 4427 Ούκ
1571 4374 1869 4445 ἐξήνεγκαν
1911 4376 1973 4429 τὸ

388 4459 555 4528 ῥῆμα,
584 4460 645 4512 ού
666 4461 1010 4529 προήνεγκαν
1037 4459 1122 4512 διὰ
1143 4460 1412 4531 γλώσσης,
1436 4461 1550 4514 ἀλλ’
1581 4466 1638 4514 ἐν
1667 4464 1778 4525 τοῖς
1803 4462 1973 4534 ἀπορο

390 4548 573 4617 ρήτοις
612 4548 711 4618 τῆς
759 4547 997 4610 διανοίας
1035 4548 1356 4615 ἐλογίζοντο.
1403 4549 1467 4601 Τί
1504 4545 1596 4603 οὖν
1632 4552 1661 4603 6
1705 4551 1969 4619 Χριστός;

388 4638 618 4705 ἧνεγκεν
647 4637 727 4697 εἰς
752 4635 815 4687 τὸ
847 4635 1011 4705 μέσον
1039 4634 1110 4687 τά
1158 4636 1448 4707 ἀπόρρητα
1474 4637 1700 4690 ἐκείνων
1758 4638 1975 4708 βουλεύ-

389 4742 534 4793 ματα
594 4722 700 4792 πρὸ
743 4723 841 4793 τῆς
878 4723 1203 4787 ἀποδείξεως
1250 4724 1348 4795 τῆς
1398 4726 1538 4777 κατὰ
1581 4726 1678 4795 τὴν
1711 4726 1851 4780 ἴασιν
1880 4725 1972 4779 106

385 4811 636 4881 σώματος
658 4809 753 4863 106
778 4810 1176 4879 παραλυτικοῢ,
1218 4811 1543 4882 βουλόμενος
1581 4813 1761 4876 αὐτοῖς
1805 4813 1973 4879 δεῖξαι

382 4900 481 4969 τῆς
509 4896 674 4952 αὐτοῦ
697 4898 950 4968 θεότητος
1003 4900 1100 4970 τὴν
1135 4899 1304 4971 ἰσχύν.
1343 4901 1462 4954 ’Ὁτι
1516 4901 1622 4973 γὰρ
1652 4902 1786 4955 Θεοῦ
1818 4903 1975 4972 μόνον

384 4988 501 5041 ἐστὶ
529 4988 598 5040 τὰ
624 4989 915 5058 ἀπόρρητα
941 4988 1036 5057 τῆς
1065 4988 1301 5050 διανοίας
1340 4987 1510 5053 δεῖξαι
1538 4989 1637 5058 τῆς
1668 4989 1830 5043 αὐτοῦ
1861 4989 1976 5043 θεό-

383 5092 565 5147 τητος,
595 5074 678 5128 Σὺ
726 5075 1048 5128 ἐπίστασαι
1091 5075 1337 5143 καρδίας
1368 5075 1742 5145 μονώτατος,
1777 5078 1964 5148 φησίν.

397 5163 562 5234 Ὁρᾷς
580 5165 662 5216 ὃτι
688 5164 747 5216 τὸ
782 5163 975 5231 μόνος
1003 5164 1165 5216 πάλιν
1193 5165 1253 5217 οὐ
1284 5165 1417 5236 πρὸς
1448 5166 1544 5236 τὴν
1573 5164 1975 5235 ἀντιδιαστολὴν

383 5250 479 5304 τοῦ
510 5251 639 5304 Υίοῦ
662 5252 877 5319 λέγεται
900 5269 914 5315 ς
952 5252 1012 5304 Εἰ
1040 5253 1146 5323 γάρ
1170 5253 1199 5304 6
1223 5252 1410 5323 Πατὴρ
1440 5252 1724 5305 ἐπίσταται
1749 5251 1976 5324 καρδίας

389 5338 717 5408 μονώτατος,
773 5338 890 5400 πῶς
925 5341 954 5392 6
1001 5339 1126 5403 Υἱὸς
1163 5336 1271 5392 οἶδε
1307 5339 1375 5391 τὰ
1423 5339 1707 5411 ἀπόρρητα
1743 5340 1841 5408 τῆς
1861 5340 1978 5393 δια-

388 5426 566 5489 νοίαςς
601 5426 793 5492 Αὐτὸς
808 5425 920 5495 γὰρ
943 5426 1092 5493 ῇδει,
1111 5428 1264 5496 φησὶ,
1292 5428 1350 5480 τί
1375 5422 1454 5495 ἦν
1474 5428 1543 5480 ἐν
1562 5427 1641 5491 τῷ
1656 5428 1942 5495 ἀνθρώπῳ
1959 5444 1973 5457 ·

389 5515 482 5567 καὶ
506 5516 537 5565 6
569 5512 780 5575 Παῦλος
814 5512 1047 5579 δεικνὺς,
1078 5514 1159 5566 ὅτι
1188 5514 1316 5566 ἴδιον
1344 5514 1479 5566 Θεοῦ
1510 5515 1666 5566 τοῦτό
1691 5516 1806 5567 ἐστι
1832 5514 1893 5567 τὸ
1911 5515 1978 5568 τὰ

389 5598 678 5672 ἀπόρρητα
723 5600 940 5663 εἰδέναι,
993 5602 1156 5670 φησίν
1180 5618 1194 5632 ·
1230 5604 1283 5651 '0
1314 5600 1380 5653 δὲ
1406 5598 1666 5670 ἐρευνῶν
1696 5602 1802 5667 τὰς
1839 5619 1979 5669 καρ-

388 5685 542 5751 δίας.
600 5688 833 5753 δεικνὺς,
889 5690 969 5743 ὅτι
1011 5693 1075 5760 τῇ
1122 5690 1253 5753 Θεὸς
1304 5691 1643 5763 προσηγορίᾳ
1676 5692 1773 5762 τὴν
1812 5692 1977 5763 αὐτὴν

2078 362 2229 431 ίσχὺν
2253 361 2364 431 ἔχει
2384 360 2557 414 10610.
2597 360 2805 427 Ὥσπερ
2834 353 2941 425 γάρ
2978 352 3071 406 ἐὰν
3108 348 3243 404 εἴπω
3261 348 3288 402 6
3311 344 3537 419 βρέχων,
3566 345 3656 399 o6-

2073 455 2198 507 δένα
2220 450 2377 509 ἄλλον
2393 451 2538 523 δηλῶ
2554 452 2587 521 ἢ
2637 450 2727 502 τὸν
2755 448 2887 502 Θεὸν
2906 446 2992 499 διὰ
3007 445 3100 499 τοῦ
3118 442 3461 516 πράγματος,
3480 438 3666 509 ἐπειδὴ

2070 537 2232 593 αὐτοῦ
2270 537 2426 609 μόνον
2474 533 2627 589 τοῦτό
2658 536 2808 587 ἐστι·
2841 530 2936 585 καὶ
2978 530 3072 583 ἐὰν
3112 530 3269 587 εἴπω,
3297 527 3325 578 6
3354 523 3659 579 ἀνατέλλων

2070 631 2161 683 τὸν
2198 629 2369 700 ἥλιον,
2396 626 2490 680 καὶ
2521 624 2595 696 μὴ
2627 622 2851 695 προσθῶ
2866 622 2924 675 τὸ
2957 620 3108 685 Θεὸς,
3135 620 3281 689 ὅμως
3326 615 3486 670 αὑτὸν
3513 612 3657 684 δηλῶ

2070 726 2158 779 διὰ
2196 724 2289 778 τοῦ
2345 722 2702 795 πράγματοςο
2737 718 2880 772 οὕτω
2937 716 3001 788 δὴ
3027 715 3120 769 κοιλ⁸
3168 716 3196 767 6
3249 711 3455 772 Παῦλός
3498 723 3661 779 φησιν

2072 815 2263 877 εἰπὼν,
2305 816 2357 869 Ὀ
2378 812 2639 884 ἐρευνῶν
2670 812 2777 877 τὰς
2812 808 3079 878 καρδίας,
3122 804 3339 868 ἔδειξεν,
3382 803 3466 855 ὃτι
3500 797 3662 855 αὑτοῦ

2076 910 2235 980 μόνον
2274 909 2388 963 ἐστὶ
2428 908 2490 960 τὸ
2524 906 2749 977 ἐρευνᾷν
2808 901 2905 964 τάς
2938 899 3181 968 καρδίας.
3218 899 3277 950 Εἰ
3313 895 3422 967 γὰρ
3464 894 3538 965 μὴ
3564 890 3663 963 τὴν

2073 1010 2243 1078 αὐτὴν
2283 1007 2434 1077 ἰσχὺν
2476 1002 2588 1075 εἶχε
2627 1003 2783 1057 τοῦτο
2848 1000 2928 1070 τῷ
2984 998 3114 1059 Θεὸς
3161 996 3386 1064 ὀνόματι
3426 991 3562 1063 πρὸς
3601 988 3664 1043 τὸ

2069 1100 2239 1168 δεῖξαι
2273 1101 2402 1170 ἡμῖν
2446 1098 2536 1149 τὸν
2602 1095 2951 1166 δηλούμενον,
2981 1091 3079 1144 οὐκ
3125 1089 3190 1143 ἂν
3222 1088 3354 1141 αὐτὸ
3383 1086 3501 1139 κατ’
3530 1083 3663 1137 αὐτὸ

2071 1207 2331 1260 τέθεικεν.
2366 1204 2469 1258 Καὶ
2528 1203 2636 1274 γάρ
2680 1204 2729 1256 εἰ
2766 1200 2942 1254 κοινὸν
2988 1193 3055 1267 ἦν
3088 1194 3236 1264 αὐτῷ
3267 1193 3362 1246 καὶ
3400 1191 3535 1262 πρὸς
3562 1188 3661 1259 τὴν

2071 1298 2245 1353 κτίσιν
2280 1297 2455 1357 τοῦτο,
2489 1295 2589 1348 οὐκ
2638 1294 2704 1347 ἂν
2746 1292 2990 1361 ἔγνωμεν
3040 1287 3131 1341 τὸν
3167 1284 3515 1355 δηλούμενον,
3563 1280 3661 1347 τῆς

2070 1391 2355 1454 κοινωνίας
2420 1388 2679 1459 σύγχυσιν
2735 1382 3114 1455 ἐμποιησάσης
3170 1380 3237 1449 τῇ
3288 1374 3497 1445 διανοίᾳ
3552 1371 3661 1424 τῶν

2069 1482 2370 1553 ἀκροατῶν.
2405 1482 2573 1534 Ὅταν
2624 1472 2716 1532 οὖν
2768 1474 3023 1546 φαίνηται
3072 1470 3203 1524 ἴδιον
3244 1466 3454 1535 Πατρὸς
3482 1461 3660 1553 τοῦτο,

2070 1549 2331 1642 φαίνηται
2358 1573 2413 1625 δὲ
2442 1573 2540 1625 καὶ
2568 1569 2645 1640 τῷ
2677 1568 2815 1636 Υίῷ,
2838 1565 2972 1636 πρὸς
2990 1563 3049 1616 ὃν
3066 1557 3549 1629 ἀναμφισϐήτητος
3563 1549 3660 1605 καὶ

2069 1667 2315 1721 ἐντεῦθεν
2344 1668 2377 1737 ἡ
2415 1668 2615 1734 ίσὸτης,
2640 1663 2726 1717 διὰ
2753 1661 2933 1719 τοῦτο,
2966 1658 3049 1720 Τί,
3069 1654 3223 1726 φησὶ,
3253 1648 3657 1720 διαλογίζεσθε

2068 1759 2301 1827 πονηρὰ
2329 1760 2398 1811 ἐν
2429 1757 2558 1822 ταῖς
2581 1754 2849 1823 καρδίαις
2880 1746 3049 1819 ὑμῶν
3070 1765 3088 1809 ;
3106 1746 3164 1801 τί
3188 1744 3298 1814 γὰρ
3325 1739 3652 1796 εὐκοπώτε-

2061 1869 2176 1921 ρον
2198 1853 2405 1911 εἰπεῖν,
2442 1848 2767 1919 Ἀφέωνταί
2802 1861 2919 1900 σου
2943 1844 3000 1895 al
3047 1838 3344 1909 ἁμαρτίαι,
3368 1834 3407 1901 ἢ
3442 1833 3651 1896 εἰπεῖν,

2073 1945 2325 2011 Ἔγειραι
2353 1941 2453 1996 καί
2482 1939 2786 2011 περιπάτει
2805 1954 2822 2000 ;

2137 2052 2201 2118 ζ’.
2250 2052 2377 2106 Ἰδοὺ
2410 2051 2501 2105 καὶ
2530 2048 2787 2118 δευτέραν
2824 2045 3095 2111 ἀπόδειξιν
3117 2045 3349 2097 ποιεῖται
3397 2043 3494 2113 τῆς
3550 2042 3656 2095 τῶν

2069 2145 2479 2216 ἁμαρτημάτων
2527 2141 2790 2210 ἀφέσεως.
2826 2138 2899 2192 Τὸ
2933 2139 3029 2209 μέν
3066 2136 3174 2208 γὰρ
3203 2134 3474 2207 ἁμαρτίας
3504 2133 3657 2201 ἀφιέ-

2068 2253 2156 2289 ναι
2184 2234 2277 2287 τοῦ
2303 2233 2463 2304 σῶμα
2494 2229 2831 2302 θεραπεῦσαι
2866 2225 3044 2297 πολλῷ
3081 2225 3279 2297 μᾶλλον
3307 2223 3487 2294 μεῖζόν
3517 2225 3655 2283 ἐστι,

2067 2327 2160 2379 καὶ
2195 2325 2447 2378 τοσοῦτον
2503 2321 2715 2393 μεῖζον,
2767 2322 2891 2375 ὅσον
2936 2319 3081 2390 ψυχὴ
3140 2317 3409 2387 σώματος.
3441 2316 3655 2387 ’Ὠσπερ

2067 2417 2177 2487 γὰρ
2220 2414 2315 2469 τοῦ
2365 2413 2616 2484 σώματος
2640 2413 2793 2475 νόσος
2817 2415 2850 2482 ή
2890 2410 3213 2481 παράλυσις,
3242 2407 3385 2462 οὕτω
3423 2408 3517 2461 καὶ
3556 2406 3655 2478 τῆς

2066 2509 2243 2579 ψυχῆς
2289 2507 2444 2569 νόσος
2490 2507 2524 2576 ἡ
2580 2505 2859 2577 ἁμαρτία·
2908 2503 3023 2559 ἀλλ’
3061 2504 3235 2556 ἐκεῖνο
3276 2502 3322 2553 εί
3349 2499 3443 2554 καὶ
3474 2498 3655 2570 μεῖζον

2066 2595 2155 2670 ἦν,
2189 2597 2385 2669 ἄδηλον
2414 2593 2511 2667 ἦν*
2539 2597 2697 2650 τοῦτο
2725 2596 2780 2649 δὲ
2813 2598 2860 2648 εἰ
2905 2596 3001 2648 καὶ
3032 2594 3251 2647 ἔλαττον
3295 2585 3385 2662 ἦν,
3422 2589 3655 2661 φανερὸν

2067 2684 2155 2761 ἦν.
2223 2687 2439 2758 Ἐπειδὴ
2478 2686 2659 2741 τοίνυν
2712 2685 2895 2756 μέλλει
2960 2684 3097 2756 πρὸς
3129 2683 3225 2753 τὴν
3265 2681 3536 2748 ἀπόδειξιν
3561 2679 3656 2733 106

2072 2777 2317 2848 μείζονος
2339 2776 2417 2846 τῷ
2441 2776 2684 2831 ἐλάττονι
2718 2774 3042 2845 κεχρῆσθαι,
3078 2773 3313 2837 δεικνὺς,
3345 2773 3426 2825 ὅτι
3445 2771 3533 2824 διὰ
3557 2770 3656 2840 τὴν

2068 2876 2350 2931 ἀσθένειαν
2386 2878 2485 2948 τὴν
2530 2875 2754 2930 ἐκείνων
2795 2874 2966 2937 οὕτως
2988 2872 3230 2945 ἐποίησε,
3258 2873 3351 2925 καὶ
3382 2886 3657 2941 συγκατα-

2069 2975 2267 3029 ϐαίνων
2292 2976 2470 3031 αὐτῶν
2505 2978 2570 3045 τῇ
2591 2974 2938 3043 ταπεινότητί
2994 2989 3125 3042 φησι
3145 2986 3158 2999 ·
3201 2973 3260 3025 Τί
3291 2970 3461 3024 ἐστιν
3486 2971 3659 3023 εὐκο-

2070 3075 2335 3144 πώτερον
2350 3075 2557 3141 εἰπεῖν,
2594 3073 2904 3144 Ἀφέονταί
2954 3090 3069 3127 σου
3097 3075 3155 3127 αἱ
3183 3072 3478 3142 ἁμαρτίαι,
3504 3070 3542 3139 ἢ
3575 3073 3657 3124 ει-

2072 3175 2227 3240 πεῖν,
2243 3176 2505 3245 Ἕτειραι
2526 3170 2625 3225 καὶ
2640 3172 3115 3245 περιπάτειήΰ]
3148 3172 3302 3236 Τίνος
3332 3166 3426 3225 οὗν
3471 3171 3657 3225 ἕνεκεν

2072 3274 2164 3326 ἐπὶ
2186 3273 2249 3326 τὸ
2284 3272 2502 3326 ἔλαττον
2525 3270 2658 3341 ἔρχῃ
2690 3271 2757 3323 δι’
2787 3271 3061 3335 ἐκείνους;
3091 3269 3308 3340 Ἐπειδὴ
3331 3268 3392 3322 τὸ
3425 3268 3657 3340 φανερὸν

2072 3376 2165 3430 106
2194 3375 2431 3443 ἀφανοῦς
2488 3374 2818 3445 τρανοτέραν
2862 3373 3160 3445 παρέχεται
3216 3371 3313 3441 τὴν
3362 3371 3654 3437 ἀπόδειξιν.

2073 3479 2170 3531 Διά
2197 3476 2354 3531 τοῦτο
2379 3478 2440 3530 οὐ
2470 3475 2731 3548 πρότερον
2759 3476 2921 3530 αὐτὸν
2947 3476 3263 3546 ἀνέστησεν,
3288 3475 3392 3538 ἐως
3412 3466 3472 3529 οὗ
3500 3467 3653 3528 εἶπεν

2073 3581 2287 3643 αὐτοῖς·
2331 3580 2455 3633 Ἵνα
2493 3577 2559 3630 δὲ
2595 3577 2810 3642 εἰδῆτε,
2844 3576 2932 3628 ὅτι
2969 3574 3260 3641 ἐξουσίαν
3302 3575 3427 3645 ἔχει
3455 3578 3487 3629 ό
3524 3575 3655 3640 Υίὸς

2072 3681 2179 3734 τοῦ
2203 3681 2515 3747 ἀνθρώπου
2531 3677 2765 3748 ἀφιέναι
2796 3677 3085 3748 ἁμαρτίας
3108 3676 3209 3729 ἐπὶ
3232 3672 3340 3741 τῆς
3365 3674 3500 3745 γῆς,
3526 3677 3659 3730 τότε

2072 3780 2224 3849 φησὶ
2285 3778 2365 3844 τῷ
2417 3773 2813 3849 παραλυτικῷ,
2865 3778 3115 3846 Ἕγειραι
3164 3778 3261 3831 καὶ
3329 3778 3652 3846 περιπάτει,

2071 3882 2492 3955 ιῖ›σανεὶ,ἒλεγε·
2528 3883 2729 3949 Μεῖζον
2760 3884 2857 3954 μέν
2880 3884 3235 3952 ἐστισημεῖον
3265 3884 3298 3953 ἡ
3325 3883 3433 3936 τῶν
3465 3883 3649 3954 ἀμαρ-

2071 3989 2330 4059 τημάτων
2357 3988 2548 4056 ἄφεσις
2571 4005 2583 4017 ·
2614 3985 2702 4040 διὰ
2735 3986 2791 4039 δέ
2834 3987 2979 4054 ὑμᾶς
3008 3985 3102 4037 καὶ
3138 3983 3200 4036 τὸ
3237 3983 3456 4038 ἔλαττον
3483 4001 3657 4058 προσ‹

2072 4089 2283 4159 τίθημι,
2312 4088 2497 4159 ἐπειδὴ
2516 4088 2671 4141 10610
2701 4088 2829 4156 ὑμῖν
2856 4084 3126 4150 ἀπόδειξις
3171 4084 3379 4138 ἐκείνου
3409 4080 3547 4139 εἶναι
3570 4085 3656 4139 δο-

2075 4193 2177 4243 κεῖ.
2232 4191 2441 4260 Ὥσπερ
2484 4187 2593 4257 γὰρ
2623 4190 2738 4241 ἐκεῖ
2775 4188 2866 4241 τὸν
2910 4183 3309 4256 ἑκατοντάρχην
3366 4186 3656 4248 ἐπαινέσας

2075 4290 2317 4354 εἰπόντα,
2348 4288 2494 4343 Είπὲ
2537 4289 2698 4358 λόγῳ
2726 4290 2941 4358 μόνον,
2979 4286 3079 4341 καὶ
3112 4287 3417 4353 ἰαθήσεται
3455 4288 3488 4340 ό
3516 4287 3655 4351 παῖς

2070 4406 2219 4459 μουο
2248 4390 2345 4444 καὶ
2383 4388 2493 4460 γὰρ
2531 4388 2646 4456 ἐγὼ
2687 4386 2842 4458 λέγω
2866 4387 3073 4452 τούτῳ,
3099 4387 3388 4456 Πορεύου,
3418 4384 3517 4439 καί
3552 4401 3658 4437 πο-

2066 4492 2322 4558 ρεύεται·
2355 4491 2451 4543 καὶ
2477 4488 2557 4553 τῷ
2586 4487 2771 4551 ἄλλῳ,
2795 4488 3038 4556 Ἔρχου,
3059 4481 3433 4553 καὶέρχεταιζ
3450 4480 3634 4552 ἐκύρω
3658 4514 3661 4519 ι

2078 4609 2168 4644 σεν
2193 4588 2356 4644 αὐτοῦ
2390 4589 2488 4659 τὴν
2514 4588 2738 4659 γνώμην
2770 4585 2857 4639 διά
2886 4585 2992 4639 τῶν
3024 4582 3343 4654 ἐγκωμίων⁹
3370 4582 3464 4635 καὶ
3496 4580 3659 4636 πάλιν

2073 4694 2186 4754 τοῖς
2222 4688 2494 4752 Ἰουδαίοις
2540 4688 2843 4755 ἐγκαλέσας
2872 4686 2966 4737 ἐπὶ
3002 4682 3095 4738 106
3128 4681 3399 4737 σαϐϐάτου
3450 4696 3660 4752 μεμφο-

2079 4793 2260 4861 μένοις
2293 4790 2460 4860 αύτῷ,
2490 4791 2574 4844 ὅτι
2622 4788 2783 4845 πάλιν
2832 4787 3099 4858 παραλύει
3134 4786 3223 4839 τὸν
3244 4784 3429 4853 νόμον,
3456 4781 3657 4847 ἔδειξεν

2075 4891 2157 4944 ὅτι
2204 4889 2389 4960 κύριός
2441 4889 2557 4943 ἐστι
2581 4886 2889 4960 μεταθεῖναι
2909 4887 3134 4957 νόμους’
3173 4884 3315 4938 οὕτω
3343 4884 3407 4954 δὴ
3436 4884 3530 4937 καὶ
3571 4884 3660 4937 ἐν-

2075 4991 2248 5046 ταῦθα
2278 4991 2498 5043 εἰπόντα
2551 4988 2756 5053 τοῦτον,
2804 4989 2916 5040 ῐσον
2970 4987 3161 5040 ἐαυτὸν
3214 4988 3358 5040 ποιεῖ
3404 4984 3482 5056 τῷ
3514 4982 3656 5055 Θεῷ,

2076 5089 2540 5159 ἐπαγγελλόμενος
2589 5087 2624 5141 ἀ
2652 5087 2747 5141 106
2781 5087 3022 5157 Πατέρος
3060 5086 3176 5138 ἐστὶ
3220 5086 3397 5156 μόνον,
3443 5085 3661 5157 μεμψά-

2082 5205 2241 5260 μενος
2293 5186 2489 5250 αύτοὺς
2539 5185 2632 5239 καὶ
2663 5184 3067 5255 αἰτιασάμενος,
3112 5185 3205 5238 καὶ
3231 5184 3320 5237 διὰ
3346 5184 3454 5238 τῶν
3484 5185 3660 5256 ἔργων

2077 5288 2347 5352 ἐπιδείξας
2378 5288 2459 5340 ὅτι
2506 5287 2566 5339 ού
2597 5285 2923 5355 βλασφημεῖ,
2950 5286 3339 5357 ἀναντίρρητον
3367 5287 3498 5356 ἡμῖν
3527 5301 3664 5356 παρ-

2078 5391 2234 5460 έσχεν
2262 5388 2555 5454 ἀπόδειξιν,
2581 5388 2665 5441 ὃτι
2693 5386 2865 5441 ταῦτα
2898 5386 3141 5451 δύναται,
3165 5386 3201 5441 ἃ
3229 5386 3322 5441 καὶ
3347 5386 3375 5439 6
3405 5401 3662 5456 γεγεννη-

2079 5490 2206 5555 κώς.
2241 5491 2381 5561 Ὅρα
2414 5490 2543 5559 γοῦν
2587 5489 2702 5553 πῶς
2747 5489 2903 5543 τοῦτο
2953 5487 3354 5542 κατασκευάσαι
3391 5485 3659 5555 βούλεται,

2079 5593 2159 5644 ὅτι
2197 5592 2231 5644 ἃ
2260 5592 2351 5644 τοῦ
2382 5590 2590 5662 Πατρός
2628 5592 2740 5643 ἐστι
2803 5590 2981 5660 μόνον,
3024 5587 3197 5643 ταῦτα
3231 5587 3324 5641 καὶ
3352 5586 3514 5640 αὑτοῦ
3537 5604 3548 5616 ⁸
3597 5588 3659 5641 ού

2083 5691 2189 5761 γὰρ
2226 5690 2407 5755 ἁπλῶς
2455 5695 2715 5763 ανὲστησε
2756 5690 2845 5743 τὸν
2878 5688 3267 5760 παραλυτικὸν,
3315 5687 3426 5741 ἀλλ’
3461 5682 3653 5737 εἰπών’
