4010 6342
389 287 450 346 61
1070 287 1130 342 S.
1169 279 1454 342 JOANNIS
1483 279 1967 341 '(IIIRVSOSTOMI

2070 277 2339 338 RCHIEP.
2373 275 2928 340 CONSTANTINOP.
3578 282 3655 336 (ἃ

386 401 520 458 Ἵνα
545 401 614 458 δὲ
642 402 834 472 εἰδῆτε
878 403 967 457 ὅτι
1004 403 1294 467 ἐξουσίαν
1313 403 1435 471 ἔχει
1480 406 1512 456 ὁ
1560 401 1692 467 mc
1724 398 1828 453 τοῦ
1861 398 1964 452 ἀν-

385 486 618 556 θρώπου
642 487 875 557 ἀφιέναι
901 486 999 538 ἐπὶ
1029 485 1139 554 τῆς
1158 486 1268 554 γῆς
1287 487 1595 555 ἁμαρτίας·
1613 485 1784 546 οὕτως
1809 483 1966 552 ἔργον

384 564 453 640 ῆν
480 569 629 640 αὐτῷ
656 571 749 623 καὶ
805 570 1008 640 σπουδὴ
1063 569 1219 622 τοῦτο
1252 570 1484 637 μάλιστα
1521 569 1713 635 δεῖξαι,
1747 569 1828 621 ὅτι
1869 565 1967 636 τὴν

385 653 552 724 αὐτὴν
578 653 861 707 αὑθεντίαν
897 652 1008 721 ἔχει
1040 652 1117 722 τῷ
1155 654 1344 723 Πατρί.

455 744 527 816 η’.
545 744 729 799 Ταῦτα
743 741 835 798 οὖν
855 745 1087 806 ἅπαντα,
1107 745 1199 798 καὶ
1222 745 1288 798 τὰ
1303 743 1491 815 πρῴην
1507 744 1602 797 καὶ
1616 741 1685 796 τὰ
1705 741 1811 812 πρὸ
1825 739 1967 793 ὲκεί-

383 845 480 898 νης
514 829 779 900 εἰρημένα
799 828 897 898 τῆς
930 829 1143 900 ἡμέρας
1163 829 1301 899 μετά
1326 828 1611 898 ἀκριϐείας
1627 826 1966 896 κατέχωμεν,

383 913 476 966 καὶ
529 913 619 966 τὸν
663 913 794 966 Θεὸν
837 911 1243 984 παρακαλῶμεν
1299 912 1530 980 ἀκίνητα
1572 911 1752 980 μένειν
1791 911 1849 961 ὲν
1898 912 1966 980 τῇ

381 994 590 1066 διανοίᾳ
616 999 683 1067 τῇ
711 995 972 1067 ἡμετέρᾳ,
995 997 1088 1049 καὶ
1111 995 1209 1066 τὴν
1250 997 1378 1066 παρ’
1427 993 1633 1048 ἑαυτῶν
1661 993 1968 1062 εἰσάγωμεν

386 1078 639 1150 σπουδὴν,
676 1081 769 1132 καὶ
795 1079 1032 1148 συνεχῶς
1052 1077 1286 1132 ἐνταῦθα
1314 1076 1660 1148 ἀπαντῶμεν.
1693 1074 1969 1146 Οὓτωγάρ

382 1161 473 1213 καὶ
500 1161 566 1214 τὰ
592 1162 826 1232 πρόσθεν
855 1161 1121 1232 εἰρημένα
1136 1161 1460 1232 φυλάξομεν,
1488 1160 1581 1212 καὶ
1608 1159 1769 1231 ἕτερα
1801 1175 1968 1229 atpos-

383 1244 694 1316 κτησόμεθα
716 1246 906 1300 πάλιν
936 1243 1037 1297 κᾶν
1060 1246 1308 1316 ἀπορρυῇ
1343 1262 1394 1298 τι
1429 1244 1506 1315 τῷ
1543 1244 1738 1316 χρόνῳ,
1773 1242 1969 1313 ῥαδίως

381 1327 520 1381 αύτά
566 1328 974 1400 ἀνακτήσασθαι
1025 1327 1362 1400 δυνησόμεθα
1385 1321 1449 1399 τῇ
1483 1331 1695 1398 συνεχεῖ
1718 1327 1971 1380 διδασκα-

381 1409 488 1482 λίᾳ.
528 1412 638 1464 Καὶ
661 1411 722 1464 ού
750 1412 816 1466 τά
837 1413 1075 1481 δόγματα
1116 1413 1273 1482 μόνον
1300 1413 1424 1482 ύγιῆ
1446 1413 1540 1465 καὶ
1570 1411 1779 1482 ἆφθορα
1798 1412 1966 1480 μενεῖ,

380 1493 515 1547 ἀλλά
555 1495 650 1549 καὶ
686 1498 715 1549 ό
745 1495 855 1566 βίος
887 1497 1084 1566 πολλῆς
1109 1496 1471 1550 ἀπολαύσεται
1506 1495 1604 1564 τῆς
1632 1492 1968 1564 ἐπιμελείας,

383 1579 478 1631 καὶ
537 1579 655 1650 μεθ’
693 1581 885 1651 ἡδονῆς
931 1582 1025 1635 καὶ
1077 1583 1190 1651 μετ’
1225 1580 1489 1647 εὖθυμίας
1538 1581 1635 1651 τὴν
1691 1578 1971 1650 παροῦσαν

380 1661 723 1734 δυνησόμεθα
775 1665 1020 1719 διανύσαι
1081 1664 1245 1736 ζωήν.
1321 1667 1536 1719 ὐποῖον
1604 1665 1714 1737 γάρ
1767 1665 1973 1736 ἐνοχλεῖ

383 1746 553 1810 πάθος
572 1747 669 1818 τὴν
702 1747 879 1821 ψυχὴν
909 1747 1140 1802 ἐνταῦθα
1171 1750 1623 1819 παραγινομένων
1658 1747 1836 1819 ἡμῶν.
1874 1750 1970 1819 ρα-

381 1829 507 1894 δίως
535 1831 845 1903 διαλυθῆναι
887 1833 1174 1904 δυνήσεται
1198 1850 1213 1864 ⁸
1267 1835 1388 1886 ἐπεὶ
1415 1833 1508 1886 καὶ
1537 1831 1633 1885 νῦν
1671 1834 1699 1884 ὁ
1740 1831 1972 1902 Χριστὸς

383 1913 634 1984 πάρεστι,
681 1917 772 1970 καὶ
815 1917 844 1968 ὁ
876 1915 1015 1985 μετά
1045 1917 1280 1980 πίστεως
1311 1914 1461 1986 αὐτῷ
1495 1915 1734 1987 προσιὼν
1763 1914 1971 1981 δέξεται

379 1997 479 2068 τὴν
535 1999 776 2071 ἰατρείαν
819 2000 1076 2064 εύκόλως,
1123 2000 1292 2072 Πενία
1325 2017 1408 2062 τις
1433 1998 1690 2052 πυκτεύει
1713 1998 1968 2068 διηνεκεῖ,

382 2081 476 2132 καὶ
510 2083 604 2151 τῆς
625 2083 930 2150 ἀναγκαίας
983 2083 1180 2153 ἀπορεῖ
1204 2082 1430 2152 τροφῆς,
1473 2083 1568 2134 καὶ
1607 2081 1804 2134 πεινῶν
1842 2082 1969 2134 ἐκα-

381 2164 608 2236 θεύδησε
640 2165 916 2229 πολλάκις,
949 2165 1206 2218 είσελθὼν
1238 2163 1294 2218 δὲ
1328 2165 1580 2226 ἐνταῦθα,
1607 2166 1700 2218 καὶ
1735 2163 1972 2228 ἀκούσας

382 2246 592 2301 Παύλου
625 2247 892 2318 λέγοντος,
923 2250 1004 2302 ὄτι
1027 2251 1083 2302 ὲν
1108 2249 1251 2321 λιμῷ
1281 2251 1373 2302 καὶ
1398 2250 1455 2302 ὲν
1483 2248 1623 2318 δίψει
1651 2248 1746 2301 καὶ
1769 2246 1972 2318 γυμνό-

380 2348 503 2404 τητι
530 2331 705 2404 διῆγε,
732 2334 825 2386 καὶ
852 2335 934 2387 ὅτι
963 2333 1063 2386 οὐκ
1079 2335 1136 2386 ὲν
1155 2335 1252 2405 μιᾷ
1273 2335 1365 2386 καὶ
1387 2332 1480 2387 δύο
1508 2335 1602 2386 καὶ
1621 2333 1798 2403 τρισὶν
1828 2331 1970 2402 ὴμέ-

383 2431 524 2486 ραις,
555 2415 689 2468 ἀλλά
716 2415 978 2486 διηνεκῶς
1014 2415 1169 2470 τοῦτο
1211 2416 1466 2486 ὑπέμεινε
1511 2415 1688 2485 (τοῦτο
1715 2414 1846 2484 γοῦν
1879 2417 1969 2466 ὲν-

377 2496 728 2568 δεικνύμενος
767 2498 984 2567 ἔλεγενο
1014 2501 1178 2569 Ἄχρι
1215 2499 1326 2568 τῆς
1362 2499 1494 2567 ἄρτι
1519 2497 1678 2567 ὥρας
1709 2497 1807 2551 καί
1842 2512 1967 2550 πει-

380 2579 596 2649 νῶμεν,
619 2582 719 2636 καὶ
753 2580 1042 2652 διψῶμεν,
1083 2585 1180 2638 καί
1219 2584 1710 2653 γυμνητεύομεν),
1742 2581 1970 2651 λήψεται

379 2664 734 2735 παραμυθίαν
765 2665 975 2737 ἱκανὴν,
1032 2667 1218 2737 μαθὼν
1266 2667 1354 2720 διὰ
1390 2667 1500 2720 τῶν
1533 2665 1860 2737 εἰρημένων,
1888 2667 1970 2718 ὅτι

378 2747 502 2818 ούχὶ
524 2749 698 2818 μισῶν
723 2750 882 2803 αὑτὸν
916 2753 945 2804 ό
978 2749 1107 2815 Θεὸς
1148 2752 1270 2804 ούδὲ
1311 2751 1808 2821 ἐγκαταλιμπάνων
1848 2769 1972 2803 συν-

379 2831 658 2904 εχώρησεν
690 2828 826 2888 εἶναι
857 2835 916 2888 ὲν
943 2837 1104 2908 πενία
1122 2855 1136 2868 ο
1169 2837 1228 2890 ού
1257 2837 1366 2908 γὰρ
1389 2836 1504 2909 [46]
1532 2837 1598 2890 ἂν
1621 2838 1669 2889 εἰ
1689 2834 1970 2906 μισοῦντος

377 2914 536 2968 τοῦτο
567 2911 655 2987 ῆν,
683 2917 774 2970 ἐπὶ
811 2917 905 2970 τοῦ
944 2918 1180 2979 Παύλου,
1205 2919 1294 2973 τοῦ
1315 2920 1467 2989 φίλου
1493 2919 1726 2991 μάλιστα
1754 2920 1970 2973 πάντων

377 2996 682 3070 ἀνθρώπων
708 2999 858 3064 ὄντος
883 3000 1053 3073 αύτῷ,
1077 3001 1237 3055 τοῦτο
1263 3001 1641 3074 συνεχώρησεν
1659 3019 1672 3032 ⁶
1697 3003 1832 3056 ἀλλὰ
1871 3019 1972 3074 κη-

375 3081 601 3153 δόμενος
631 3083 727 3136 καὶ
781 3085 1044 3155 προνοῶν,
1081 3086 1172 3138 καὶ
1217 3088 1295 3149 εἰς
1339 3086 1556 3139 πλείονα
1588 3087 1736 3156 άγων
1759 3088 1971 3156 φιλοσο-

378 3166 529 3235 φίαν.
581 3167 776 3232 Ἄλλος
813 3185 895 3229 τις
945 3168 1050 3222 ὑπὸ
1090 3171 1247 3222 νόσου
1289 3171 1382 3224 καὶ
1446 3171 1654 3243 μυρίων
1687 3171 1872 3225 κακῶν
1907 3172 1971 3225 τὸ

379 3249 540 3320 σῶμα
573 3250 685 3321 εχει
711 3251 1194 3322 πολιορκούμενονς
1237 3252 1420 3325 Ἰκανὴ
1441 3253 1616 3325 τούτῳ
1646 3256 1969 3327 παραμυθία

378 3338 574 3405 γένοιτ’
601 3338 668 3392 ἂν
699 3338 809 3393 τῶν
837 3339 1222 3411 παραλυτικῶν
1252 3340 1456 3394 τούτων
1491 3342 1559 3394 τὰ
1595 3341 1842 3413 σώματα,
1877 3345 1970 3397 καὶ

381 3423 520 3494 μετά
547 3426 753 3478 τούτων
775 3427 804 3478 ό
828 3427 1095 3497 μακάριος
1120 3429 1216 3481 καὶ
1242 3431 1484 3496 γενναῖος
1509 3429 1601 3483 τοῦ
1623 3429 1834 3484 Παύλου
1863 3449 1968 3502 μα-

379 3510 570 3583 θητὴς,
599 3513 658 3575 ὃς
690 3512 953 3584 διηνεκῶς
981 3515 1040 3565 ὲν
1086 3515 1419 3585 ἀρρωστίαις
1455 3513 1542 3588 ῆν.
1590 3516 1684 3570 καὶ
1715 3518 1968 3570 οὐδέποτε

377 3600 600 3653 ἀνέπνει
627 3603 693 3654 ὲκ
747 3600 846 3670 τῆς
900 3603 1116 3672 μακρᾶς
1164 3603 1468 3669 ἀσθενείας,
1504 3607 1640 3676 ὅπερ
1681 3603 1774 3659 οὖν
1821 3609 1913 3660 καὶ
1941 3609 1970 3658 ὁ

380 3686 588 3750 Παῦλος
616 3685 802 3756 ἔλεγεν
822 3703 834 3716 °
860 3690 1014 3754 Οίνῳ
1043 3691 1227 3759 ὀλίγῳ
1253 3692 1376 3759 χρῶ
1402 3692 1501 3745 διὰ
1534 3693 1640 3746 τόν
1661 3697 1972 3764 στόμαχόν

378 3791 517 3838 σου,
542 3776 642 3827 καὶ
656 3775 778 3841 ⁸τὰς
796 3777 1034 3842 πυκνάς
1061 3793 1180 3832 σου
1203 3779 1541 3846 ἀσθενείας,
1557 3784 1651 3834 καὶ
1664 3782 1763 3852 οὐχ
1784 3783 1969 3847 ἀπλῶς

378 3863 678 3928 ἀσθενείας.
713 3865 938 3935 Ἕτερος
972 3865 1397 3937 συκοφαντηθεὶς
1418 3870 1571 3939 παρά
1603 3872 1717 3933 τοῖς
1752 3871 1969 3936 πολλοῖς

379 3951 621 4022 πονηρὰν
655 3953 920 4023 ἐκτήσατο
953 3953 1129 4020 δόξαν,
1185 3956 1281 4008 καὶ
1327 3956 1485 4009 τοῦτο
1514 3957 1645 4010 αὐτὸ
1667 3958 1765 4029 τὴν
1790 3959 1969 4031 ψυχὴν

376 4040 536 4112 ὀδυνᾷ
565 4041 657 4094 καὶ
679 4043 954 4095 κατεσθίει
983 4043 1278 4112 διηνεκῶς·
1307 4045 1562 4113 είσελθὼν
1585 4048 1677 4100 καὶ
1707 4050 1966 4114 ἀκούσας,

376 4131 458 4183 ὅτι
503 4129 795 4199 Maluipr
835 4133 998 4195 ἐστε,
1031 4133 1180 4187 ὅταν
1229 4135 1614 4190 ὀνειδίσωσιν
1649 4136 1827 4207 ὑμᾶς,
1867 4142 1965 4192 καὶ

375 4219 587 4271 εἴπωσι
612 4221 740 4272 καθ’
766 4218 933 4288 ὑμῶν
966 4220 1089 4276 πᾶν
1117 4223 1387 4289 πονηρὸν
1409 4222 1648 4294 πρᾶγμα
1675 4227 1968 4295 ψευδόμε-

374 4320 467 4356 νοι
487 4321 500 4333 ο
534 4306 792 4373 χαίρετε,
828 4307 926 4359 καὶ
953 4306 1346 4377 ἀγαλλιᾶσθε,
1377 4310 1466 4364 ὅτι
1493 4315 1526 4365 ὀ
1560 4312 1774 4381 μισθὸς
1799 4314 1968 4383 ὑμῶν

312 4405 316 4410 ’
375 4391 570 4457 πολὺς
595 4391 666 4446 ἐν
687 4393 807 4460 τοῖς
839 4395 1138 4462 οὐρανοῖς,
1165 4395 1499 4468 ἀποϐήσεται
1533 4402 1713 4456 πᾶσαν
1729 4401 1966 4473 ἀθυμίαν

375 4479 469 4530 καὶ
506 4477 716 4542 δέξεται
749 4481 927 4534 πᾶσαν
951 4481 1145 4554 ἡδονήν
1166 4501 1179 4514 ·
1211 4485 1493 4553 Σκιρτὰτε
1518 4487 1628 4557 γὰρ
1655 4488 1753 4541 καὶ
1782 4490 1967 4559 ἀναει-

373 4564 608 4634 λιᾶσθε,
642 4567 831 4638 φησὶν,
877 4567 1024 4621 ὅταν
1067 4569 1450 4627 ἐκϐἀλλωσιν
1479 4575 1622 4644 ὑμῖν
1651 4575 1839 4646 ὄνομα
1866 4593 1966 4632 πο-

375 4658 581 4723 νηρόν.
624 4658 732 4711 Καὶ
756 4659 883 4720 τοὺς
925 4659 1024 4730 μὲν
1050 4660 1234 4725 κακῶς
1267 4662 1563 4729 ἀκούοντας
1585 4667 1760 4736 τούτῳ
1785 4684 1964 4739 παρα-

377 4743 621 4812 μυθεῖται
642 4743 719 4815 τῷ
755 4745 962 4816 τρόπῳ.
992 4748 1118 4811 τοὺς
1159 4747 1215 4800 δὲ
1254 4749 1441 4814 κακῶς
1473 4750 1727 4820 λέγοντας
1764 4755 1964 4826 ἑτέρως

374 4829 529 4897 φοϐεῖ
560 4829 753 4900 λέγων,
783 4833 864 4885 ὅτι
893 4829 1022 4888 Πᾶν
1061 4832 1230 4904 ῥῆμα
1267 4836 1474 4906 ἀργὸν,
1500 4839 1530 4892 ὃ
1550 4840 1660 4893 ἐὰν
1682 4841 1961 4909 λαλήσω-

373 4934 480 4971 σιν
497 4921 552 4972 οί
577 4919 898 4990 ἅνθρωποι,
919 4923 1188 4978 δώσουσι
1226 4927 1362 4995 περὶ
1394 4928 1582 4983 αὑτοῦ
1606 4932 1811 5002 λόγον,
1845 4936 1964 4986 εἴτε

374 5005 618 5074 ἀγαθὸν,
651 5009 771 5060 εἴτε
791 5011 1002 5064 κακόν.
1032 5011 1227 5074 ’Ἄλλος
1257 5028 1343 5078 τις
1370 5016 1665 5088 θυγάτριον
1690 5019 1966 5074 ἀπέϐαλεν

375 5093 409 5164 ἢ
445 5095 582 5159 υἱὸν,
610 5095 644 5164 ἡ
673 5111 798 5149 τινα
828 5096 936 5150 τῶν
960 5101 1369 5172 προσηκόντων,
1409 5106 1504 5158 καὶ
1551 5101 1702 5169 οὗτος
1732 5109 1965 5163 ἐνταῦθα

373 5183 818 5270 παραγενόμενος
855 5185 1069 5239 Παύλου
1123 5193 1472 5258 πενάζοντος
1500 5195 1593 5248 ἐπὶ
1617 5199 1684 5268 τῇ
1715 5198 1962 5270 παρούσῃ

374 5270 486 5340 ζωῇ
518 5268 613 5324 καὶ
654 5271 754 5340 τὴν
786 5270 1086 5340 μέλλουσαν
1126 5279 1518 5350 ἐπιθυμοῦντος
1551 5282 1708 5345 ίδεῖν,
1745 5268 1840 5338 καὶ
1869 5268 1963 5356 βαξ

374 5356 672 5428 ρυνομένου
717 5361 786 5430 τῇ
839 5360 1072 5415 ἐνταῦθα
1124 5364 1398 5439 διατριϐῇ,
1449 5372 1545 5424 καὶ
1585 5373 1746 5435 αὐτὸς
1785 5373 1963 5429 λαϐὼν

369 5445 551 5500 ἱκανὸν
577 5446 867 5518 φάρμακον
877 5449 1236 5513 ἀπελεύσεται
1264 5457 1502 5522 ἀκούσας
1515 5459 1680 5512 αὑτοῦ
1695 5462 1959 5530 λέγοντος·

373 5532 511 5598 Περὶ
531 5533 598 5585 δὲ
623 5533 742 5587 τῶν
773 5537 1215 5606 κεκοιμημένων
1236 5545 1308 5596 οὐ
1330 5544 1480 5598 θέλω
1505 5546 1662 5615 ὑμᾶς
1686 5549 1927 5617 ἀγνοεῖν
1945 5592 1959 5615 ,

373 5617 643 5707 ἀδελφοὶ,
669 5623 768 5674 ἵνα
795 5622 881 5690 μὴ
911 5624 1194 5693 λυπῆσθε
1224 5630 1306 5696 ὡς
1342 5632 1438 5684 καὶ
1468 5636 1521 5685 οἱ
1565 5634 1762 5689 λοιποὶ
1801 5640 1854 5690 οἱ
1873 5639 1960 5707 μὴ

372 5705 618 5774 ἔχοντες
647 5709 882 5766 ἐλπίδα.
906 5713 1018 5765 Ούκ
1036 5708 1178 5779 εἷπε,
1199 5715 1335 5795 Περὶ
1355 5722 1464 5774 τῶν
1489 5705 1956 5792 ἀποθνησκόντων,

2072 399 2228 462 ἀλλά,
2265 398 2406 473 Περὶ
2457 395 2567 452 τῶν
2613 395 3054 468 κεκοιμημένων,
3098 393 3313 459 δεικνὺς
3356 395 3436 448 ὃτι
3482 393 3658 458 ’ύπνος

2069 487 2217 540 ἐστὶν
2251 488 2280 540 ὁ
2309 486 2556 550 θάνατος.
2590 485 2803 556 Ὥσπερ
2827 479 2919 539 οὖν
2945 479 3011 538 ἀν
3046 483 3244 554 ἴδωμέν
3290 500 3411 536 τινα
3449 481 3660 536 καθεύ-

2067 573 2244 637 δοντα,
2277 575 2336 626 ού
2397 572 2791 645 θορυϐούμεθα,
2822 572 2942 625 οὐδὲ
2973 572 3206 642 ἀλύομεν
3243 571 3659 640 προσδοκῶντες

2069 661 2228 714 αὐτὸν
2257 660 2655 732 ἀναστήσεσθαι
2685 663 2899 723 πάντως
2919 674 2933 688 '
2955 659 3125 723 οὕτως
3155 661 3280 712 ὅταν
3307 659 3504 730 ἴδωμέν
3530 677 3661 712 τινα

2068 749 2424 808 ἀποθανόντα,
2448 751 2521 819 μὴ
2544 747 2920 820 θορυϐὡμεθα,
2939 748 3070 819 μηδὲ
3088 748 3539 818 καταπίπτωμενο
3557 748 3663 800 καὶ

2068 837 2178 908 γὰρ
2216 839 2311 891 καὶ
2336 837 2492 891 τοῦτο
2519 837 2684 901 ὕπνος
2707 839 3042 910 μακρότερος
3066 838 3186 908 μὲν,
3215 837 3378 900 ῦπνος
3401 835 3454 888 δὲ
3476 838 3658 907 ὅμως.

2070 925 2161 996 Τῷ
2193 927 2291 996 μὲν
2321 920 2414 980 οὖν
2461 925 2682 997 ὀνόματι
2729 928 2827 998 τῆς
2869 929 3182 997 κοιμήσεως
3222 925 3663 997 παρεμυθήσατο

2070 1015 2198 1078 τοὺς
2224 1014 2576 1078 πενθοῦντας,
2598 1015 2695 1087 τὴν
2714 1015 2769 1069 δὲ
2792 1015 3124 1086 κατηγορίαν
3147 1013 3255 1068 τῶν
3283 1015 3526 1068 ἀπίστων
3553 1013 3663 1066 ἀν-

2072 1101 2316 1174 έτρεψεν.
2336 1102 2460 1156 Ἐὰν
2486 1103 2709 1174 πενθῇς,
2732 1103 2888 1174 φησὶ,
2913 1105 3004 1157 τὸν
3021 1103 3322 1156 ἀπελθόντα
3339 1101 3660 1173 ἀφορήτως,

2072 1190 2192 1244 κατ’
2225 1193 2432 1244 ἐκεῖνον
2475 1192 2570 1262 ἔσῃ
2599 1191 2692 1245 τὸν
2730 1192 2956 1246 ἄπιστον
2993 1191 3085 1244 τὸν
3125 1191 3225 1244 οὐκ
3254 1190 3444 1260 ἔχοντα
3461 1189 3663 1242 ἐλπίδα

2071 1278 2441 1342 ἀναστάσεως.
2486 1279 2720 1343 Ἐκεῖνος
2782 1279 2960 1342 καλῶς
3003 1279 3208 1350 θρηνεῖ,
3261 1278 3357 1331 ἅτε
3385 1276 3514 1349 περὶ
3544 1277 3665 1330 τῶν

2075 1365 2376 1436 μελλόντων
2417 1368 2585 1438 μηδὲν
2619 1367 2915 1437 δυνάμενος
2940 1367 3248 1436 φιλοσοφεῖν
3264 1382 3276 1395 ·
3308 1368 3373 1420 σὺ
3393 1365 3449 1418 δὲ
3476 1367 3505 1418 ό
3530 1381 3666 1417 τοσ-

2072 1452 2242 1519 αύτας
2269 1455 2451 1510 λαϐὼν
2481 1455 2782 1522 ἀποδείξεις
2823 1455 2950 1526 περὶ
2988 1454 3089 1525 τῆς
3119 1454 3260 1525 μετά
3281 1453 3451 1507 ταῦτα
3482 1451 3662 1521 ζωῆς,

2069 1544 2216 1608 τίνος
2274 1545 2460 1598 ἕνεκεν
2487 1548 2567 1604 είς
2597 1544 2699 1617 τὴν
2739 1543 2910 1614 αὐτὴν
2945 1541 3226 1597 ἀσθένειαν
3245 1541 3438 1612 ἐκείνῳ
3481 1558 3664 1594 καται-

2071 1634 2330 1699 πίπτειςς
2363 1633 2460 1687 Διά
2499 1632 2658 1687 τοῦτό
2691 1646 2844 1704 φησι,
2876 1632 3011 1700 Περὶ
3055 1631 3125 1685 δὲ
3154 1630 3275 1684 τῶν
3303 1631 3666 1700 κεκοιμημὼ

2069 1737 2194 1774 νων
2227 1723 2299 1775 οὐ
2341 1721 2598 1791 θέλομεν
2624 1720 2780 1790 ὑμᾶς
2815 1719 3076 1790 ἀγνοεῖν,
3122 1720 3222 1772 ἵνα
3249 1719 3335 1787 μὴ
3367 1716 3663 1786 λυπῆσθε

2071 1809 2151 1874 ὡς
2175 1809 2272 1862 καί
2307 1810 2362 1862 oi
2382 1808 2580 1862 λοιποί
2610 1811 2662 1862 ot
2684 1807 2769 1878 μὴ
2803 1808 3050 1876 ἔχοντες
3075 1805 3313 1861 ἐλπίδα.

2142 1913 2255 1967 υύκ
2292 1913 2399 1968 ἀπὺ
2437 1913 2534 1985 τῆς
2559 1913 2770 1984 Καινῆς
2800 1914 2856 1966 δὲ
2887 1914 3064 1983 μόνον,
3100 1913 3236 1967 ἀλλά
3282 1913 3376 1966 καὶ
3417 1911 3525 1966 ἀπὸ
3551 1912 3664 1978 τῆς

2075 2013 2316 2076 Παλαιᾶς
2345 2011 2540 2084 ἱκανὴν
2565 2014 2677 2069 ἔστι
2708 2013 2894 2067 λαϐεῖν
2931 2011 3310 2083 παραμυθίαν.
3339 2012 3506 2064 Ὅταν
3541 2011 3665 2081 γὰρ

2073 2112 2315 2182 ἀκούσης
2353 2109 2447 2164 τοῦ
2496 2109 2617 2164 Ἰὼϐ
2664 2111 2803 2182 μετὰ
2841 2111 2941 2180 τὴν
2982 2109 3090 2164 τῶν
3124 2111 3424 2182 χρημάτων
3457 2109 3667 2163 ἀποϐο-

2071 2207 2188 2279 λὴν,
2227 2205 2364 2277 μετά
2394 2207 2494 2278 τὴν
2522 2206 2630 2260 τῶν
2662 2207 2955 2276 βουκολέων
2987 2207 3287 2270 ἀπώλειαν,
3315 2207 3412 2278 οὐχ
3437 2207 3531 2259 ἕνα
3557 2208 3666 2260 καὶ

2070 2303 2164 2358 δύο
2214 2302 2308 2356 καὶ
2357 2304 2526 2372 τρεῖς,
2587 2303 2704 2356 ἀλλ’
2744 2304 3042 2376 ὁλόκληρον
3106 2305 3266 2376 χορὸν
3314 2303 3666 2358 ἀποϐαλόντα.

2073 2401 2278 2456 παίδων
2316 2403 2375 2454 ὲν
2405 2400 2553 2470 αὐτῷ
2585 2402 2684 2472 τῆς
2711 2401 2928 2472 ἡλικίας
2961 2401 3040 2472 τῷ
3069 2402 3241 2464 ἄνθει,
3290 2401 3428 2472 μετά
3459 2402 3668 2454 τοσαύ-

2069 2521 2170 2573 την
2208 2502 2387 2574 ψυχῆς
2426 2499 2656 2572 ἀρετὴν,
2709 2499 2814 2553 κᾶν
2845 2499 3102 2553 ἁπάντων
3151 2499 3535 2571 ἀσθενέστερος
3565 2495 3668 2571 ᾗς.

2071 2599 2272 2671 δυνήσῃ
2321 2600 2518 2672 ῥᾳδίως
2563 2595 2676 2672 [47]
2710 2599 2901 2652 ἑαυτὸν
2949 2597 3362 2666 ἀνακτήσασθαι
3401 2599 3495 2652 καὶ
3534 2599 3673 2652 ἀνε-

2070 2699 2301 2766 νεγκεῖν.
2339 2697 2411 2750 Σὺ
2445 2697 2544 2767 μὲν
2577 2697 2705 2767 γὰρ,
2736 2695 3012 2767 ἄνθρωπε,
3041 2697 3135 2748 καί
3169 2693 3667 2766 παρηκολούθησας

2070 2794 2442 2866 ἀρρωστοῦντι
2475 2793 2554 2864 τῷ
2594 2794 2766 2854 παιδὶ,
2795 2797 2890 2848 καὶ
2933 2794 3396 2865 κατακλινόμενον
3429 2793 3522 2846 ἐπὶ
3558 2793 3667 2863 τῆς

2071 2892 2259 2963 κλίνης
2285 2885 2453 2955 εἶδες,
2481 2892 2576 2945 καὶ
2607 2890 2808 2963 ἔσχατα
2841 2891 3210 2963 φθεγγόμενον
3245 2893 3468 2962 ῥήματα
3496 2893 3667 2960 ηκου-

2072 3004 2194 3053 σας,
2227 2989 2324 3041 καὶ
2352 2987 2451 3052 τὰς
2489 2988 2806 3050 τελευταίας
2835 2987 3173 3043 ἀναπνέοντα
3199 2988 3477 3059 παρέστης
3521 2991 3666 3042 ἀνα-

2074 3085 2274 3150 πνοὰς,
2327 3088 2424 3141 καὶ
2476 3086 2724 3149 καθεῖλες
2769 3085 3103 3157 ὀφθαλμοὺς,
3157 3089 3250 3142 καὶ
3303 3087 3662 3152 συνέκλεισας

2073 3184 2249 3255 στόμα
2273 3201 2286 3214 ⁸
2320 3184 2525 3248 ἐκεῖνος
2557 3183 2613 3238 δὲ
2641 3183 2760 3237 οὐδὲ
2800 3184 3046 3256 παρέστη
3077 3185 3508 3258 ψυχορραγοῦσι,
3549 3187 3659 3239 οὐκ

2070 3279 2209 3340 εἶδεν
2256 3283 2609 3349 ἐκπνέοντας,
2664 3282 2779 3336 ἀλλ’
2809 3278 2888 3348 εἷς
2930 3283 3148 3351 ἐγένετο
3192 3285 3363 3351 τάφος
3406 3285 3570 3337 πᾶσιν
3617 3283 3664 3356 ἡ

2070 3383 2240 3447 οἰκία,
2269 3383 2364 3436 καὶ
2388 3383 2481 3434 ἐπὶ
2509 3383 2608 3453 τῆς
2633 3381 2804 3453 αὐτῆς
2830 3381 3109 3454 τραπέζης
3129 3380 3433 3451 ἐγκέφαλος
3453 3381 3665 3451 ὁμοίως

2071 3481 2168 3535 καὶ
2193 3474 2334 3552 αἷμα
2362 3481 2610 3550 ἑκέχυτο,
2635 3479 2732 3534 καὶ
2757 3479 2912 3546 ξύλα,
2948 3479 3308 3551 και-κέραμος
3326 3523 3341 3544 ,
3374 3481 3467 3534 καὶ
3484 3481 3663 3543 κόνις,

2069 3578 2164 3631 καὶ
2201 3578 2405 3648 σάρκες
2443 3576 2897 3648 διατετμημέναι,
2938 3577 3034 3631 καὶ
3063 3578 3245 3631 πάντα
3286 3579 3484 3648 ὁμοίως
3526 3577 3666 3647 ἐφύ-

2072 3692 2216 3746 ρετο.
2276 3674 2415 3727 Ἀλλ’
2465 3674 2616 3744 ὅμως
2670 3673 2808 3744 μετά
2851 3672 3076 3728 τοιαῦτα
3127 3675 3222 3728 καὶ
3272 3674 3511 3729 τοσαῦτα
3555 3675 3668 3728 οὐκ

2070 3771 2402 3844 ὲθρήνησεν,
2442 3771 2541 3824 οὐκ
2579 3770 3057 3841 άπεδυσπέτησεν,
3088 3771 3223 3825 ἀλλὰ
3261 3772 3316 3824 τί
3339 3787 3534 3842 φησινς
3593 3773 3667 3825 '0

2069 3869 2285 3936 Κύριος
2318 3867 2562 3932 ἔδωκεν,
2597 3871 2629 3922 ὀ
2672 3870 2884 3936 Κύριος
2919 3871 3219 3938 ἀφείλετο,
3251 3871 3332 3936 ὡς
3359 3870 3437 3933 τῷ
3465 3872 3670 3938 Κιφίῳ

2069 3965 2301 4029 ἔδοξεν,
2342 3966 2496 4020 οὕτω
2528 3967 2626 4020 καί
2649 3967 2904 4037 ἐγένετοο
2943 3968 3038 4036 εἴη
3074 3968 3140 4020 τὸ
3170 3967 3357 4038 ὄνομα
3397 3967 3501 4021 τοῦ
3538 3971 3666 4020 Κυ-

2060 4063 2200 4131 ρίου
2240 4062 2652 4133 εὐλογημένον
2692 4067 2780 4130 εἰς
2827 4064 2969 4132 τοὺς
3011 4062 3252 4132 αἰῶνας.
3299 4059 3516 4135 Ταύτην
3563 4067 3668 4119 καὶ

2069 4163 2232 4232 ἡμεῖς
2263 4161 2348 4232 ἐφ’
2372 4163 2588 4235 ἑκάστῳ
2623 4163 2733 4216 τῶν
2778 4165 3191 4234 συμϐαινόντων
3230 4167 3362 4238 ⁴ἡμῖν
3399 4164 3664 4236 φθεγγώ-

2071 4258 2211 4330 μεθα
2242 4260 2340 4330 τὴν
2365 4260 2570 4331 φωνὴν,
2596 4258 2698 4313 κᾶν
2720 4260 2892 4331 ζημία
2915 4261 3234 4331 χρημάτων,
3260 4262 3354 4315 καὶ
3385 4262 3665 4332 σωμάτων

2067 4357 2369 4428 ἀρρωστία,
2397 4358 2492 4411 καὶ
2518 4359 2773 4429 ὲπήρεια,
2805 4358 2900 4412 καὶ
2933 4359 3268 4429 συκοφαντία
3291 4399 3306 4422 ,
3343 4361 3448 4413 κᾶν
3474 4359 3665 4414 ὁτιοῦν

2067 4452 2176 4506 τῶν
2215 4453 2571 4526 ἀνθρωπίνων
2601 4455 2878 4528 συμϐαίνῃ
2920 4457 3128 4521 κακῶν,
3159 4455 3337 4511 ταῦτα
3363 4455 3616 4528 λέγωμεν
3639 4475 3656 4486 ·

2080 4549 2142 4602 '0
2176 4551 2388 4618 Κύριος
2407 4549 2649 4616 ἔδωκεν,
2679 4555 2713 4606 ὀ
2739 4553 2955 4622 Κύριος
2983 4555 3400 4624 ἁφείλποοὼς
3424 4554 3504 4620 τῷ
3529 4558 3663 4610 Ku-

2057 4649 2174 4715 ρίῳ
2199 4649 2432 4714 ἔδοξεν,
2452 4651 2604 4705 οὕτω
2626 4652 2721 4704 καί
2734 4652 2994 4722 ἐγένετο,
3018 4653 3110 4720 εἴη
3127 4651 3194 4704 τὸ
3222 4652 3411 4722 ὄνομα
3435 4653 3659 4720 Κυρίου

2065 4746 2475 4817 εὐλογημένον
2501 4750 2586 4814 είς
2613 4748 2757 4815 τοὺς
2784 4746 3027 4816 αἰῶνας.
3058 4751 3155 4803 Ἂν
3185 4749 3328 4803 οὕτω
3362 4750 3662 4820 φιλοσοφή-

2068 4859 2271 4915 σωμεν,
2310 4846 2462 4899 οὐδὲν
2490 4846 2744 4902 ούδέποτε
2779 4848 3083 4920 πεισόμεθα
3116 4849 3308 4913 κακὸν,
3340 4849 3445 4904 κάν
3483 4850 3658 4921 μυρία

2067 4941 2388 5012 πάσχωμεν·
2413 4943 2530 4996 ἀλλ’
2569 4944 2722 4998 ἔσται
2759 4946 2942 5017 μεῖζον
2976 4946 3077 5017 τῆς
3109 4947 3314 5018 ζημίας
3341 4947 3404 5000 τὸ
3435 4946 3654 5018 κέρδος,

2066 5036 2236 5091 πλείω
2276 5038 2386 5092 τῶν
2421 5039 2607 5094 κακῶν
2635 5040 2704 5094 τά
2728 5042 2929 5110 ἀγαθὰ,
2963 5043 3050 5097 διὰ
3091 5044 3200 5097 τῶν
3230 5044 3494 5115 ῥημάτων
3527 5044 3657 5097 τού-

2064 5153 2173 5190 των
2225 5137 2351 5190 ἵλεω
2391 5135 2481 5190 τὸν
2525 5138 2660 5191 Θεὸν
2701 5139 2914 5210 σεαυτῷ
2965 5141 3167 5204 ποιῶν,
3213 5143 3313 5212 τὴν
3355 5141 3656 5212 τυραννίόα

2063 5233 2523 5304 ἀποκρουόμενος.
2564 5233 2735 5305 Ὁμοῦ
2764 5237 2873 5307 γὰρ
2907 5237 3210 5306 ἐφθέγξατο
3247 5239 3282 5311 ἡ
3317 5237 3544 5307 γλῶσσα
3584 5238 3658 5294 τὰ

2065 5332 2289 5402 ῥήματα
2322 5331 2518 5398 ταῦτα,
2559 5335 2653 5386 καὶ
2680 5332 2884 5398 εὐθέως
2912 5336 3265 5406 ἀπεπήδησεν
3296 5338 3325 5390 ὁ
3353 5337 3606 5402 διάδοχος
3636 5355 3654 5368 ς

2063 5427 2272 5481 ἐκείνου
2297 5426 2356 5480 δὲ
2382 5427 2854 5500 ἀποπηδήσαντος,
2879 5433 2974 5486 καὶ
3009 5432 3071 5485 τὸ
3093 5435 3193 5504 τῆς
3219 5431 3458 5504 ἀθυμίας
3490 5434 3658 5504 νέφος

2063 5525 2447 5590 ἀπελαύνεται,
2487 5528 2583 5580 καὶ
2637 5527 2688 5579 οἱ
2735 5527 3010 5594 θλίϐοντες
3060 5531 3209 5601 ἡμᾶς
3252 5530 3657 5602 δραπετεύουσι

2063 5621 2334 5693 λογισμοὶ,
2367 5624 2814 5694 συνεκπηδῶντες
2850 5627 3044 5698 ἐκείνῳ
3069 5669 3083 5691 ,
3128 5629 3221 5682 καὶ
3261 5627 3400 5701 πρὸς
3436 5628 3656 5693 τούτοις

2063 5723 2196 5774 πᾶσι
2238 5723 2327 5774 καὶ
2353 5721 2460 5776 τῶν
2503 5721 2734 5777 ἐνταῦθα
2771 5724 3024 5796 ἀγαθῶν,
3063 5725 3294 5781 καὶτῶν
3333 5728 3391 5785 ἐν
3442 5725 3667 5798 οὐρανῷ
