4010 6342
321 330 387 389 ω
612 266 617 269 1
688 376 691 379 .
1215 331 1278 387 ΙΝ
1321 330 1806 389 PARALYTICUM
1850 330 2202 391 DElllSSllll
2246 340 2375 395 PER
2421 342 2718 401 TECTUM.
3534 365 3603 423 52

317 433 419 476 tem
461 422 665 487 sciatis,
696 424 814 492 quia
848 422 1013 478 Filius
1054 425 1271 480 hominis
1309 427 1456 480 habet
1503 437 1798 498 pauestatem
1844 429 1898 483 in

315 522 451 565 terra
489 512 776 566 dimittendi
802 526 1005 585 peccata
1033 514 1245 582 (Matth.
1279 517 1332 572 9.
1363 517 1431 587 6)
1470 537 1483 572 :
1512 517 1646 572 adeo
1684 518 1906 574 curabat
2008 524 2207 591 veniat,
2236 542 2361 583 cum
2384 529 2582 588 Paulus
2618 512 2835 607 propter
2872 512 3193 610 praisetiietn

312 618 379 658 ac
400 602 649 659 studebat
678 603 780 659 hoc
819 608 1045 661 maxime
1071 609 1355 664 ostendere
1393 609 1492 664 sibi
1516 610 1759 666 eamdem
1781 626 1903 666 esse

309 696 685 750 auctoritatem
712 712 834 751 cum
865 697 1040 753 Patre.

384 784 438 839 8.
484 783 731 856 Epilogus
758 790 1003 842 sermonis
1038 806 1138 859 quo
1174 792 1243 843 ad
1273 792 1566 861 patientiam
1594 794 1649 848 in
1676 795 1900 850 adversis

304 875 827 934 cohortatum—llaec
857 880 1015 950 igitur
1031 884 1208 937 omnia
1229 894 1283 939 et
1307 900 1427 956 quae
1456 885 1711 943 hesterno
1726 889 1812 945 die
1836 903 1900 945 ac

305 966 697 1023 nudiustertius
732 969 871 1025 dicta
913 982 1059 1037 sunt,
1105 973 1385 1045 diligenter
1428 979 1682 1033 memoria
1716 988 1897 1036 tenea-

302 1069 447 1121 mus,
469 1073 532 1113 ac
555 1060 721 1115 Deum
746 1078 1045 1130 precemur,
1074 1073 1133 1119 ut
1157 1082 1218 1121 ea
1247 1067 1297 1121 in
1321 1078 1501 1124 nostra
1528 1080 1705 1126 mente
1722 1071 1895 1127 defixa

304 1158 679 1216 permaneant,
703 1162 1055 1224 nostrumque
1080 1155 1315 1211 studium
1345 1159 1706 1228 conferamus,
1733 1172 1895 1233 atque

299 1234 372 1288 ad
400 1234 545 1293 hunc
575 1238 750 1294 locum
781 1239 1090 1313 frequenter
1116 1247 1450 1305 accedamus.
1495 1250 1585 1306 Sic
1609 1253 1750 1307 enim
1781 1253 1893 1322 fiet,

300 1335 360 1380 ut
390 1337 447 1382 et
474 1344 536 1384 ea
565 1347 684 1401 quae
711 1335 954 1403 superius
974 1336 1113 1391 dicta
1139 1350 1264 1394 sunt
1289 1356 1688 1413 conservemus,
1712 1356 1766 1402 et
1790 1349 1892 1404 alia

299 1431 490 1474 rursus
516 1424 855 1491 acquiramus
884 1441 899 1480 :
932 1429 1074 1497 quod
1101 1429 1145 1483 si
1173 1430 1299 1501 quid
1325 1430 1465 1489 forte
1499 1434 1650 1506 lapsu
1683 1449 1891 1511 tempo-

295 1509 376 1563 ris
401 1511 685 1579 eflluxerit,
716 1516 871 1573 facile
896 1519 1025 1574 illud
1056 1522 1267 1577 assidua
1294 1524 1535 1582 doctrina
1560 1530 1753 1585 exculti
1783 1509 1887 1602 po-

296 1601 521 1658 terimus
540 1621 879 1676 recuperare.
904 1610 1087 1680 Neque
1110 1629 1243 1669 vero
1268 1630 1396 1671 sana
1419 1627 1621 1674 tantum
1643 1621 1888 1693 dogmata

291 1697 688 1762 permanebunt
732 1709 788 1757 et
829 1703 1157 1775 incorrupta,
1204 1708 1300 1762 sed
1343 1719 1399 1764 et
1443 1712 1602 1767 vitam
1652 1726 1887 1771 nostram

292 1785 484 1854 tnajori
512 1804 641 1843 cura
679 1798 734 1845 et
760 1794 1008 1849 cautione
1031 1797 1341 1867 dirigemus,
1382 1810 1436 1855 et
1469 1817 1589 1857 cum
1619 1806 1889 1876 voluptate

289 1876 564 1948 animique
591 1884 971 1953 tranquillitate
1004 1887 1105 1943 hoc
1150 1905 1320 1945 aevum
1363 1891 1657 1965 transigere
1685 1898 1883 1955 licebit.

289 1964 424 2022 Nam
449 1985 794 2047 quarcumque
817 1977 1024 2033 tandem
1051 1981 1377 2050 perturbatio
1398 1964 1630 2043 nostram
1652 1990 1883 2047 animam

288 2060 547 2129 exagitet,
572 2062 700 2123 dum
730 2065 781 2120 in
810 2065 949 2123 hunc
979 2070 1155 2127 locum
1181 2075 1546 2145 convenimus,
1578 2078 1735 2136 facile
1763 2083 1880 2136 dis-

287 2151 401 2204 cuti
432 2157 632 2221 poterit
663 2173 677 2210 :
707 2158 1135 2230 quandoquidem
1165 2173 1221 2218 et
1246 2163 1487 2221 Christus
1526 2186 1668 2225 nunc
1706 2174 1877 2243 adest,

286 2253 344 2297 et
370 2245 605 2317 quicum
649 2249 753 2308 fide
782 2252 849 2306 ad
896 2254 1042 2310 illum
1072 2256 1301 2324 accedit,
1343 2257 1551 2316 facilem
1590 2264 1881 2335 adepturus

285 2346 370 2389 est
396 2339 745 2396 curationem.
780 2343 1097 2414 Paupertate
1128 2349 1247 2419 quis
1275 2351 1490 2407 assidua
1521 2355 1878 2425 conflictatur,

284 2436 340 2481 et
369 2434 688 2487 necessariis
710 2435 1015 2493 destituitur
1040 2441 1326 2508 alimentis,
1356 2452 1411 2499 et
1437 2445 1575 2501 fame
1603 2448 1878 2508 confectus

283 2536 655 2592 saepenumero
676 2527 869 2583 lectum
901 2534 1048 2601 petiit
1076 2550 1089 2587 :
1122 2543 1295 2590 tamen
1314 2536 1418 2593 huc
1440 2538 1730 2609 ingressus,
1755 2558 1876 2598 cum

281 2615 511 2672 audierit
535 2618 759 2675 Paulum
790 2623 1078 2693 dicentem,
1110 2628 1163 2681 in
1190 2627 1330 2685 fame
1357 2642 1411 2686 et
1438 2632 1525 2687 siti
1555 2643 1608 2689 et
1638 2636 1876 2693 nuditate

282 2722 343 2759 se
369 2707 587 2778 degere,
609 2726 770 2782 seque
798 2730 905 2769 non
928 2732 1051 2780 uno,
1084 2730 1177 2773 aut
1203 2720 1431 2789 duobus,
1456 2734 1548 2779 aut
1569 2726 1737 2781 tribus
1756 2728 1874 2784 die-

282 2797 400 2865 bus,
434 2794 528 2855 sed
559 2816 814 2872 perpetuo
857 2822 1070 2877 passum
1112 2826 1232 2867 esse
1272 2814 1433 2885 (quod
1472 2816 1686 2885 quidem
1731 2820 1871 2875 indi-

276 2905 410 2947 cans
436 2893 632 2959 aiebat,
666 2896 839 2968 Usque
866 2902 918 2954 in
946 2902 1076 2957 hanc
1104 2904 1281 2959 horam
1308 2916 1357 2960 et
1397 2910 1663 2978 esurimus,
1691 2921 1736 2965 et
1763 2914 1875 2968 stti-

280 2998 412 3044 mus,
443 2992 490 3037 et
514 2986 640 3039 nudi
666 2986 876 3059 sumusl
892 2993 916 3048 1
952 2991 1068 3046 Cor.
1099 2995 1153 3049 4.
1186 2991 1308 3063 11],
1332 2999 1684 3057 sufficientem
1712 3020 1779 3058 ex
1805 3021 1873 3060 eo

282 3075 705 3133 consolationem
737 3083 1012 3153 percipiet,
1044 3100 1166 3143 cum
1196 3103 1259 3144 ex
1304 3091 1370 3146 iis
1410 3108 1528 3163 qua:
1567 3094 1707 3157 dicta
1746 3108 1873 3153 sunt

276 3154 529 3223 didicerit
548 3168 738 3237 Deum,
767 3192 871 3230 non
892 3178 1032 3247 quod
1056 3179 1201 3236 illum
1226 3154 1446 3247 odisset;
1477 3188 1527 3241 in
1557 3154 1868 3261 paupertate

278 3263 481 3315 versari
506 3266 815 3332 permisisse
841 3288 854 3324 :
885 3287 1056 3342 neque
1074 3275 1239 3343 enim,
1267 3278 1313 3331 si
1341 3278 1465 3335 odio
1492 3286 1738 3355 prosequi
1764 3286 1866 3342 hoc

276 3362 446 3419 esset,
480 3354 646 3410 Paulo
676 3374 786 3428 prae
814 3364 1024 3419 caeteris
1049 3366 1297 3423 omnibus
1320 3372 1494 3426 amico
1521 3388 1619 3428 suo
1649 3354 1701 3430 id
1728 3378 1871 3433 acci-

274 3440 406 3497 dere
432 3446 761 3513 permisisset
789 3471 803 3505 :
835 3468 1016 3509 verum
1045 3457 1186 3527 quod
1223 3458 1291 3514 de
1314 3476 1381 3516 eo
1418 3463 1676 3522 sollicitus
1699 3478 1868 3539 esset,

274 3534 435 3604 eique
465 3540 787 3607 provideret,
831 3553 992 3615 atque
1037 3548 1104 3603 ad
1150 3551 1411 3622 majorem
1451 3554 1599 3613 illum
1626 3534 1869 3631 philoso;

274 3626 457 3692 phiam
486 3644 838 3697 promoveret.
884 3637 978 3692 Est
1004 3639 1138 3694 alius
1177 3642 1461 3713 quispiam,
1490 3626 1645 3717 cujus
1672 3666 1866 3722 corpus

274 3721 477 3779 morbis
521 3738 584 3778 ac
630 3728 781 3784 malis
814 3730 1109 3789 innumeris
1151 3734 1463 3794 obsidetur?
1500 3721 1865 3802 Sul'ficieutem

273 3807 398 3864 huic
443 3811 667 3871 aﬂ'ereut
717 3821 1143 3879 consolationem
1182 3828 1598 3899 paralyticorum
1642 3834 1867 3891 istorum

270 3915 518 3970 corpora,
553 3916 608 3959 et
636 3922 757 3961 cum
790 3910 891 3965 illis
920 3912 1109 3969 beatus
1143 3931 1205 3971 ac
1232 3933 1525 3988 generosus
1566 3924 1714 3981 Pauli
1755 3928 1866 3982 dis-

269 3993 500 4061 cipulus,
529 3997 618 4066 qui
645 4002 911 4070 perpetuis
934 4005 1135 4060 morbis
1162 4007 1588 4080 conflictabatur,
1617 4031 1715 4071 nec
1743 4032 1861 4070 um-

270 4101 433 4152 quam
452 4102 482 4141 a
511 4090 667 4162 longa
687 4095 1001 4164 aegritudine
1027 4100 1346 4169 respirabat,
1380 4105 1519 4174 quod
1542 4107 1702 4163 etiam
1725 4109 1865 4166 Pau-

269 4176 354 4232 lus
387 4179 601 4237 dicebat
650 4202 665 4241 :
708 4185 912 4242 Modico
955 4189 1068 4245 vino
1112 4194 1254 4247 utere
1293 4205 1500 4265 prapter
1545 4202 1860 4255 stomaclmm

270 4278 435 4336 tuum,
466 4281 514 4328 et
540 4276 827 4346 frequentes
856 4288 968 4333 tuas
1007 4282 1326 4352 inﬁrmitates
1357 4287 1377 4359 (
1402 4289 1451 4342 l.
1488 4287 1619 4343 Tim.
1651 4292 1704 4346 5.
1731 4291 1857 4363 25),

268 4378 375 4418 non
405 4365 719 4436 simpliciter
745 4369 880 4426 dixit
909 4372 1265 4431 infirmitates.
1297 4379 1448 4436 Alius
1473 4381 1736 4452 quispiam
1762 4401 1857 4440 ca-

267 4452 484 4512 lumniis
521 4460 792 4528 appetitus
820 4472 903 4518 est
931 4464 1000 4519 ab
1043 4465 1130 4534 iis,
1176 4468 1267 4539 qui
1309 4485 1553 4541 magnam
1595 4473 1668 4529 illi
1715 4476 1855 4546 apud

264 4547 523 4617 populum
542 4550 840 4607 conlarunt
856 4554 1147 4626 infamiam,
1176 4568 1335 4631 atque
1357 4559 1460 4617 hoc
1478 4563 1596 4634 ejus
1619 4565 1855 4623 animum

262 4641 500 4710 graviter
521 4644 668 4715 angit
695 4654 749 4700 et
778 4657 1036 4718 perpetuo
1061 4651 1264 4707 cruciat
1292 4671 1306 4707 :
1340 4655 1385 4709 si
1422 4653 1694 4727 ingressus
1735 4658 1854 4716 fue-

263 4732 352 4797 rit,
381 4741 439 4788 et
464 4733 710 4803 audierit,
740 4737 886 4793 Beati
910 4742 1048 4808 estis,
1076 4759 1193 4797 cum
1216 4744 1572 4804 maledixerint
1600 4751 1736 4806 vobis
1769 4752 1855 4808 ho-

264 4824 443 4889 mines,
476 4835 525 4880 et
550 4828 776 4883 dixerint
804 4847 950 4886 omne
974 4834 1167 4889 malum
1195 4837 1457 4893 aduersum
1486 4856 1573 4896 uos
1609 4846 1854 4900 mentien-

261 4926 333 4970 tes
356 4933 376 4971 :
403 4919 622 4990 gaudete
663 4932 710 4975 et
746 4923 1012 4991 exsultate,
1051 4929 1292 4997 quoniam
1334 4948 1519 4988 merces
1560 4947 1721 4989 vestra
1762 4954 1850 4992 co-

262 5011 408 5079 piosa
431 5021 504 5066 est
525 5012 577 5069 in
612 5031 750 5073 εωηε
772 5016 987 5085 (Matth.
1010 5019 1064 5079 5.
1110 5022 1198 5076 11.
1233 5023 1320 5092 12)
1346 5041 1361 5080 :
1383 5040 1597 5082 omnem
1618 5027 1853 5098 deponet

262 5117 572 5170 mererem,
590 5118 645 5163 et
666 5125 872 5165 summa
908 5113 1180 5183 voluptate
1208 5116 1587 5185 perfundetur;
1628 5122 1853 5179 subsilite

257 5197 402 5251 enim
429 5208 479 5252 et
507 5201 774 5263 exsultate,
816 5203 1006 5272 inquit,
1049 5223 1163 5260 cum
1204 5209 1465 5279 infecerint
1502 5214 1637 5269 vobis
1671 5232 1848 5272 nomen

257 5292 453 5345 malum
472 5291 624 5357 (Luc.
655 5294 708 5348 6.
734 5294 824 5349 22.
850 5297 965 5363 25).
991 5299 1163 5370 Atque
1185 5300 1305 5358 illos
1327 5303 1542 5372 quidem
1554 5307 1643 5376 qui
1661 5310 1846 5365 convi-

257 5382 351 5437 ciis
410 5383 734 5449 afficiuntur,
793 5386 893 5445 hoc
946 5390 1105 5443 modo
1155 5393 1461 5449 consolatur
1514 5412 1527 5450 :
1577 5412 1673 5453 eos
1717 5414 1847 5455 vero

255 5474 342 5541 qui
400 5476 655 5532 conviciis
708 5479 980 5547 afficiunt,
1041 5484 1196 5538 aliter
1254 5495 1450 5553 terret,
1509 5504 1633 5545 cum
1694 5492 1770 5547 ait
1827 5512 1841 5548 :

259 5566 420 5623 Omne
444 5570 646 5624 verbum
670 5573 907 5639 otiosum,
952 5576 1088 5645 quod
1126 5579 1319 5648 loquuti
1364 5582 1549 5651 fuerint
1594 5584 1841 5652 homines,

258 5662 463 5716 reddent
490 5665 555 5717 de
581 5680 640 5718 eo
668 5666 937 5731 rationem,
978 5668 1084 5722 sive
1111 5669 1294 5724 bonum
1321 5674 1494 5741 fuerit,
1525 5673 1627 5729 sive
1652 5676 1843 5732 malum

257 5749 465 5821 (Matth.
503 5754 586 5813 12-
621 5753 734 5827 56).
767 5757 1009 5813 Filiolam
1045 5760 1305 5832 quispiam
1347 5763 1479 5821 alius
1510 5764 1706 5836 amisit,
1745 5777 1840 5827 aut

2015 429 2202 500 filium,
2227 445 2315 489 aut
2343 437 2504 493 alium
2531 441 2758 513 aliquem
2781 459 2846 501 ex
2872 449 3205 522 propinquis,
3234 460 3289 511 et
3316 454 3403 512 hic
3423 458 3469 514 si
3496 459 3601 518 huc

3237 550 3400 605 vitam
3440 552 3561 624 inge

2008 614 2216 683 miscat,
2263 627 2318 673 et
2348 620 2575 677 futuram
2607 626 2787 683 videre
2811 632 3015 699 cupiat,
3039 650 3268 707 eumque
3291 614 3597 702 twdeatliic

2007 708 2203 762 tamdiu
2247 714 2465 780 morari,
2498 716 2783 776 sufficienti
2825 730 2880 777 et
2916 723 3029 793 ipse
3071 729 3459 788 medicamento
3497 751 3596 790 ac-

2002 810 2159 867 cepto
2187 801 2443 868 discedet,
2467 808 2553 863 ubi
2578 809 2842 869 dicentem
2871 816 3020 872 illum
3041 820 3301 879 audiverit
3328 843 3341 879 :
3364 825 3446 883 De
3467 829 3590 883 dor-

2002 893 2272 950 mientibus
2297 908 2467 953 autem
2491 904 2609 957 nolo
2634 921 2721 959 vos
2748 908 3002 979 ignorare,
3030 912 3231 983 fratres,
3260 929 3316 973 ut
3339 938 3440 975 non
3468 942 3588 979 con-

2002 985 2267 1041 tristemini
2294 991 2424 1045 sicut
2444 1002 2492 1046 et
2516 998 2702 1064 centeri,
2724 1001 2809 1069 qui
2829 1018 2968 1072 spem
2993 1022 3092 1061 non
3113 1009 3296 1067 habent
3323 1015 3370 1085 (l
3407 1014 3585 1072 Thess.

2000 1076 2053 1130 4.
2089 1076 2201 1146 is).
2248 1079 2361 1135 Non
2391 1082 2525 1139 dixit
2557 1087 2635 1142 De
2660 1092 3025 1161 morientibus,
3057 1099 3151 1155 sed
3180 1100 3260 1158 De
3288 1076 3583 1164 σιὸνηιεεηιε-

1998 1165 2110 1232 bus,
2150 1184 2396 1227 somnum
2436 1190 2555 1231 esse
2585 1189 2811 1236 mortem
2841 1188 3153 1246 ostendens.
3186 1191 3255 1250 Ut
3280 1195 3441 1266 igitur
3464 1215 3585 1256 ctttn

1998 1256 2233 1316 dormire
2274 1265 2557 1332 quemdam
2608 1270 2870 1341 videmus,
2919 1292 3026 1334 non
3073 1256 3366 1354 turbamur,
3413 1307 3586 1362 neque

1996 1364 2228 1407 moerere
2251 1353 2533 1425 efﬁcimur,
2558 1359 2705 1417 illum
2735 1364 2889 1433 plane
2911 1384 3332 1434 resurrecturum
3359 1353 3583 1452 speran-

1997 1449 2079 1494 tes
2108 1458 2123 1495 :
2152 1442 2223 1499 ita
2251 1460 2373 1501 cum
2402 1460 2628 1507 mortem
2655 1454 2854 1512 obiisse
2879 1463 3166 1530 quemdam
3204 1442 3467 1537 videmus,
3499 1477 3582 1530 ui-

1995 1532 2068 1586 bil
2095 1537 2485 1610 perturbemur,
2508 1559 2682 1615 neque
2707 1549 2887 1606 animo
2909 1555 3251 1615 concidamus
3275 1579 3290 1616 :
3318 1532 3581 1634 siquidem

1992 1625 2095 1682 hoc
2123 1644 2336 1702 quoque
2363 1647 2585 1694 somnus
2602 1649 2717 1707 est;
2746 1645 3003 1713 prolixior
3022 1651 3260 1719 quidem,
3282 1625 3579 1717 sed-tamen

1990 1734 2231 1779 somnus.
2262 1724 2445 1797 ltaque
2464 1729 2801 1791 domuitionis
2825 1741 3039 1797 nomine
3065 1744 3305 1814 lugentes
3328 1754 3576 1809 consola-

1991 1820 2077 1865 tus
2101 1822 2203 1881 est,
2231 1820 2626 1877 accusationem
2662 1835 2839 1881 autem
2870 1829 3160 1888 infidelium
3205 1838 3474 1897 refutavit.
3520 1844 3576 1902 Si

1987 1902 2293 1962 defunctum
2312 1909 2651 1981 impatienter
2671 1917 2838 1988 luges,
2866 1920 3132 1981 infidelem
3161 1929 3306 1986 illum
3330 1933 3572 2005 imitaris,

1986 1999 2075 2066 qui
2106 2005 2514 2060 resurrectionis
2543 2008 2701 2065 fidem
2736 2028 2838 2067 non
2868 2016 3045 2072 habet.
3090 2020 3178 2077 Ille
3224 2035 3366 2081 recte
3403 2028 3566 2100 luget,

1988 2100 2169 2159 utpote
2197 2095 2287 2163 qui
2313 2097 2442 2152 nihil
2472 2098 2539 2154 de
2570 2102 2726 2157 rebus
2759 2104 2949 2161 futuris
2978 2110 3337 2183 philosophari
3365 2095 3521 2188 queat

1986 2190 2042 2237 tu
2071 2200 2199 2241 vero
2226 2188 2312 2242 cui
2360 2198 2434 2245 tot
2462 2190 2599 2247 datre
2627 2206 2752 2250 sunt
2780 2198 2846 2254 de
2889 2201 3062 2257 futura
3096 2207 3199 2262 vita
3228 2209 3567 2273 demonstra-

1984 2274 2176 2345 tiones,
2204 2295 2363 2349 quam
2391 2283 2462 2338 ob
2488 2299 2704 2341 causam
2750 2290 2801 2342 iu
2838 2293 3081 2349 eamdem
3107 2311 3230 2353 cum
3261 2301 3354 2356 illo
3394 2305 3565 2361 imbe-

1979 2367 2252 2425 cillitatem
2274 2371 2604 2433 devolvcris?
2634 2378 2921 2449 l’r0pterea
2962 2386 3112 2453 dicit,
3160 2389 3238 2446 De
3273 2394 3571 2452 dormienti-

1980 2459 2069 2515 bus
2097 2463 2332 2519 nolumus
2361 2482 2447 2521 vos
2488 2469 2740 2541 ignorare,
2776 2486 2828 2529 ut
2871 2493 2973 2532 non
3013 2483 3395 2553 contristemint,
3438 2490 3567 2546 sicut

1979 2562 2026 2606 et
2052 2557 2243 2621 cwteri,
2270 2558 2357 2628 qui
2380 2577 2519 2630 spent
2544 2580 2645 2618 non
2672 2566 2877 2622 habent.

2050 2645 2354 2718 Exemplum
2394 2654 2667 2723 patientia.
2686 2689 2755 2699 -—-
2774 2660 2959 2733 Neque
2997 2680 3126 2723 vero
3164 2685 3229 2726 ex
3260 2672 3409 2729 Novo
3439 2685 3558 2733 tan-

1981 2747 2108 2804 tum,
2129 2740 2224 2795 sed
2244 2742 2404 2798 etiam
2417 2760 2485 2801 ex
2506 2746 2682 2805 Veteri
2701 2751 3047 2813 Testamento
3064 2776 3347 2830 possumus
3372 2784 3564 2825 conso-

1977 2831 2228 2888 lationem
2248 2834 2481 2894 haurire.
2497 2838 2632 2899 Cum
2647 2844 2790 2899 enim
2806 2845 2908 2902 Job
2922 2852 3073 2906 audis
3088 2863 3207 2923 post
3220 2861 3564 2925 pecuniarum

1970 2923 2255 2993 jacturam,
2288 2939 2410 2999 post
2436 2931 2709 2989 interitum
2749 2950 3136 3010 armentorum,
3168 2963 3276 3003 non
3308 2965 3471 3007 unum
3511 2965 3566 3010 et

1975 3017 2128 3085 duos,
2158 3035 2223 3076 ac
2251 3032 2379 3090 tres,
2409 3024 2503 3079 sed
2532 3025 2797 3100 integrum
2837 3046 3035 3089 emtum
3078 3039 3304 3095 filiorum
3349 3043 3401 3099 in
3446 3046 3565 3116 ipso

1973 3112 2146 3166 aetatis
2187 3113 2321 3170 flore
2362 3117 2626 3187 amisisse,
2671 3133 2793 3192 post
2835 3133 3036 3185 tantam
3078 3132 3243 3189 animi
3286 3112 3559 3209 virtutem,

1972 3207 2214 3274 quamvis
2255 3209 2492 3265 omnium
2537 3212 2615 3268 sis
2660 3214 3089 3289 infirmissimus,
3134 3225 3287 3284 facile
3327 3207 3558 3303 teipsunt

1972 3295 2270 3355 refocillare
2324 3303 2524 3370 poteris
2562 3319 2626 3361 ac
2670 3307 2915 3366 reficere.
2958 3312 3090 3370 Nam
3140 3325 3195 3372 tu
3238 3295 3477 3391 quidem,
3526 3344 3561 3381 ο

1972 3387 2153 3456 homo,
2185 3395 2466 3465 aegrotanti
2493 3395 2605 3452 filio
2627 3399 2866 3470 adfuisti,
2897 3387 3305 3468 decumbentem
3334 3414 3386 3470 in
3418 3387 3561 3473 lecto

1972 3480 2171 3548 vidisti,
2199 3494 2467 3552 postrema
2489 3490 2651 3545 verba
2672 3493 3028 3562 proferentem
3057 3501 3293 3572 audiisti,
3309 3515 3365 3561 et
3381 3518 3559 3566 extre-

1970 3586 2114 3626 mum
2137 3572 2360 3631 halitum
2378 3578 2643 3636 exhalanti
2660 3582 2931 3654 adstitisti,
2951 3589 3259 3661 depressisti
3276 3599 3481 3665 oculos,
3503 3612 3554 3656 et

1968 3680 2030 3720 os
2057 3667 2367 3724 conclusisti
2394 3688 2406 3724 :
2429 3681 2484 3727 at
2508 3673 2597 3731 ille
2619 3690 2789 3747 neque
2810 3680 3041 3736 animam
3068 3685 3439 3747 exhalantibus
3464 3693 3557 3749 ad-

1968 3756 2091 3825 fuit,
2106 3774 2205 3814 nec
2225 3762 2558 3832 exspirantes
2572 3770 2807 3836 aspexit,
2828 3786 3011 3828 verum
3032 3782 3300 3848 tamquam
3320 3796 3427 3837 uno
3436 3800 3556 3839 con-

1968 3849 2062 3903 diti
2105 3859 2231 3905 sunt
2267 3866 2458 3911 omnes
2491 3858 2739 3928 sepulcro
2781 3861 2985 3919 aedibus
3012 3866 3144 3932 suis,
3185 3879 3241 3925 et
3280 3871 3333 3927 in
3363 3875 3550 3933 eadem

1966 3958 2149 3998 mensa
2161 3948 2438 4003 cerebrum
2458 3952 2655 4020 pariter
2670 3961 2723 4008 et
2736 3958 2952 4028 sanguis
2969 3959 3307 4033 fundebatur,
3322 3975 3377 4024 et
3391 3968 3552 4040 ligna,

1964 4045 2018 4091 et
2038 4037 2246 4106 tegulae,
2269 4050 2321 4094 et
2339 4041 2531 4109 pulvis,
2545 4051 2599 4100 et
2610 4059 2799 4101 carnes
2814 4051 3065 4119 concisse,
3087 4064 3142 4110 et
3155 4059 3331 4115 omnia
3349 4037 3553 4132 pariter

1966 4128 2346 4185 miscebantur.
2376 4131 2749 4192 Verumtamen
2777 4151 2899 4210 post
2920 4152 2997 4198 tot
3024 4156 3077 4201 et
3104 4156 3249 4205 tanta
3276 4128 3413 4209 mala
3443 4172 3549 4212 non

1964 4217 2115 4285 luxit,
2135 4235 2240 4274 non
2261 4220 2600 4291 impatienter
2616 4226 2732 4282 tulit
2754 4246 2769 4283 :
2797 4231 2893 4287 sed
2910 4234 3036 4304 quid
3062 4238 3174 4294 ait?
3200 4240 3450 4300 Dominus
3466 4247 3554 4302 de-

1962 4307 2056 4372 dit,
2076 4307 2325 4366 Dominus
2342 4312 2565 4383 abstulit,
2583 4318 2712 4374 sicut
2738 4319 2959 4380 Domino
2981 4328 3191 4397 placuit,
3209 4334 3284 4387 ita
3297 4345 3344 4390 et
3362 4342 3549 4408 factum

1960 4408 2032 4452 est
2052 4402 2152 4454 :sit
2168 4418 2347 4458 nomen
2364 4404 2573 4462 Domini
2593 4409 2908 4469 benedictum
2924 4416 2977 4471 in
2997 4422 3186 4475 stecula
3223 4424 3343 4494 (Job
3433 4428 3549 4500 21).

1961 4489 2108 4547 llanc
2128 4508 2227 4548 nos
2240 4510 2455 4567 quoque
2470 4514 2654 4557 vocem
2677 4503 2730 4558 in
2752 4504 2972 4578 singulis
2986 4526 3105 4581 quae
3124 4489 3276 4570 nobis
3302 4489 3551 4575 accidunt

1958 4586 2311 4658 proferamus,
2361 4590 2476 4648 sive
2516 4596 2860 4665 pecuniarum
2895 4602 3126 4673 jactura,
3159 4606 3272 4664 sive
3303 4614 3546 4682 corporis

1959 4678 2257 4748 infirmitas,
2284 4683 2398 4741 sive
2418 4690 2765 4759 contumelia,
2783 4692 2897 4750 sive
2926 4696 3211 4765 calumnia,
3238 4700 3352 4757 sive
3375 4705 3548 4773 quod-

1956 4772 2036 4826 vis
2071 4773 2215 4830 aliud
2245 4775 2535 4834 humanum
2580 4782 2777 4838 malum
2822 4786 3095 4856 acciderit,
3141 4790 3240 4846 ista
3276 4772 3543 4865 dicamus,

1956 4861 2207 4921 Dominus
2228 4866 2383 4936 dedit,
2406 4868 2656 4927 Dominus
2673 4876 2876 4930 abstulit
2900 4894 2918 4932 :
2938 4880 3067 4933 sicut
3086 4878 3308 4937 Domino
3328 4861 3541 4956 placuit,

1955 4953 2027 5008 ita
2055 4966 2102 5009 et
2126 4956 2318 5025 factum
2346 4968 2417 5014 est
2442 4976 2462 5014 :
2490 4962 2555 5015 sit
2581 4981 2761 5019 nomen
2791 4964 2998 5023 Domini
3025 4953 3339 5029 benedictum
3367 4978 3421 5031 in
3446 4953 3544 5037 stes

1954 5048 2088 5101 cuia.
2117 5047 2191 5102 Ita
2216 5050 2261 5104 si
2289 5050 2746 5123 philosophemur,
2775 5058 2905 5114 nihil
2936 5076 3187 5132 umquam
3218 5068 3343 5122 mali
3372 5069 3544 5138 patie-

1956 5145 2097 5203 mur,
2129 5140 2254 5196 licet
2294 5143 2570 5200 innumera
2612 5148 2874 5218 patiamur
2919 5169 2932 5206 :
2976 5152 3087 5211 sed,
3118 5156 3293 5228 majus
3331 5159 3536 5217 lucrum

1953 5237 2055 5291 erit
2081 5253 2241 5307 quam
2263 5238 2539 5308 damnum,
2573 5243 2720 5311 plura
2748 5245 2887 5300 bona
2914 5263 3075 5318 quam
3118 5251 3258 5309 mala
3294 5269 3390 5323 per
3425 5257 3541 5313 lucc

1953 5329 2115 5384 verba
2146 5332 2237 5387 tibi
2265 5334 2536 5400 evenient,
2558 5335 2682 5390 dum
2710 5347 2764 5392 et
2790 5342 3079 5412 propitium
3113 5340 3205 5399 tibi
3226 5345 3347 5415 ipsi.
3368 5347 3535 5403 Deum

1952 5423 2162 5488 reddes,
2186 5434 2239 5479 et
2254 5425 2452 5482 inimici
2473 5431 2802 5499 tyrannidem
2828 5437 3182 5505 propulsabis.
3201 5435 3371 5495 Simul
3392 5457 3535 5497 etum

1949 5525 2107 5585 atque
2134 5509 2313 5574 verba
2339 5518 2430 5574 illa
2477 5519 2657 5591 lingua
2693 5526 2934 5595 protulit,
2967 5528 3211 5587 diabolus
3250 5534 3531 5589 confestim

1947 5606 2208 5665 abscessit
2238 5627 2254 5665 :
2285 5610 2378 5667 illo
2405 5627 2566 5683 porro
2588 5614 2932 5687 abscedente,
2976 5622 3145 5678 nubes
3182 5640 3393 5694 quoque
3436 5627 3528 5682 tri-

1946 5701 2103 5754 stitia:
2128 5702 2427 5769 discutitur,
2460 5714 2512 5761 et
2536 5722 2656 5761 cum
2688 5710 2775 5764 illa
2806 5713 3052 5770 celeriter
3078 5715 3355 5786 aufugiunt
3384 5719 3531 5790 cogi-

1948 5794 2345 5860 tationemque
2389 5812 2488 5855 nos
2516 5796 2794 5869 affligunt;
2843 5815 2906 5856 ac
2952 5812 3145 5867 praeter
3194 5805 3307 5862 haec
3355 5810 3531 5866 omnia
