4010 6342
417 331 589 388 63-67

1689 478 3362 524 ___________________________________.______

1120 319 1177 375 S.
1223 314 1510 374 JO.~\NN|S
1544 306 2038 370 CIIRYSOSTOMI
2080 301 2397 359 ABCIIIEP.
2439 287 2986 355 CONSTANTINOP.

3494 271 3665 329 66—68

3369 464 3669 486 __________.

1857 740 2236 818 SERMO

407 1017 490 1061 An
528 1014 640 1056 εοθ
684 1013 794 1065 QUI
836 1010 1221 1055 (ιοΝνιῑΝτυκ
1268 1007 1582 1053 εοαιεευιε
1624 1004 2000 1050 DESEBUERU

2159 1005 2237 1046 ΕΤ
2309 1005 2479 1056 QUOD
2551 1005 2671 1046 NON
2718 1004 3049 1048 ΟΡΟΕΤΕΔΤ
3104 1003 3438 1046 εΑοιιΑιιυιί

483 1112 772 1156 ρτυιιΑιιυ
783 1111 828 1153 Μ
870 1108 1136 1153 Τιτυιοε
1181 1106 1734 1151 PRETBBMIT’I‘ERE
1744 1132 1759 1159 ,

486 1216 707 1260 NATOS.

1923 1273 2019 1315 00

474 1424 526 1479 l.
569 1418 707 1489 Quid
739 1420 840 1473 hoc
868 1416 968 1472 sibi
1019 1413 1166 1472 vult?
1216 1414 1334 1480 Quo
1383 1410 1535 1465 nobis
1579 1408 1709 1462 festa
1759 1405 1986 1461 ulterius

404 1512 837 1588 progrediuntur,
869 1523 935 1564 eo
979 1506 1214 1564 minores
1240 1504 1481 1561 collectae
1528 1502 1681 1556 ﬁunt.
1711 1498 1786 1554 Ne
1812 1506 1989 1552 tamen

402 1587 603 1664 idcirco
646 1602 859 1659 desides
903 1602 1071 1656 simus
1100 1612 1199 1652 nos
1239 1595 1329 1666 qui
1376 1596 1676 1649 adsumus:
1727 1587 1989 1659 siquidem

401 1703 639 1759 minores
670 1694 905 1761 ﬁunt,si
956 1688 1349 1747 multitudinem
1385 1694 1628 1756 spectes;
1660 1682 1704 1737 si
1744 1680 1991 1735 alacrita-

402 1803 509 1850 tem
533 1789 718 1855 animi,
739 1803 841 1841 non
869 1786 1000 1840 ﬁunt
1022 1783 1293 1838 minores:
1324 1792 1546 1833 numero
1578 1776 1711 1830 ﬁunt
1734 1773 1992 1836 minores,

402 1900 511 1942 non
540 1883 753 1938 aﬁectu.
784 1879 951 1936 Porro
970 1876 1167 1932 idcirco
1197 1874 1528 1935 minuuntur,
1562 1868 1731 1938 utqui
1758 1869 1809 1921 in
1843 1866 1993 1921 vobis

403 1977 610 2050 probati
623 1983 769 2040 sunt,
787 1969 1051 2026 manifesti
1074 1967 1223 2031 ﬁant,
1242 1974 1297 2020 et
1321 1964 1538 2036 quinam
1565 1976 1631 2015 ex
1655 1956 1995 2015 consuetudi-

404 2070 745 2142 ne,quinam
777 2066 1079 2120 divinorum
1122 2060 1458 2129 eloquiorum
1502 2054 1826 2125 cupiditate,
1877 2052 1994 2123 qni-

405 2180 529 2220 nam
578 2161 821 2217 lectionis
851 2154 1142 2225 spiritualis
1188 2151 1455 2207 desiderio
1480 2149 1621 2203 ducti
1648 2148 1714 2202 ad
1762 2158 1990 2200 annuam

406 2254 667 2311 ventitent
690 2248 1079 2306 solemnitatem
1100 2283 1117 2311 ,
1144 2243 1398 2299 sciamus.
1444 2238 1772 2296 Praccedenti
1818 2236 1993 2291 domi-

404 2346 524 2403 nica
552 2344 741 2401 civitas
786 2342 871 2395 hic
913 2337 1101 2393 aderat
1124 2337 1370 2390 universa
1391 2372 1407 2399 ,
1460 2332 1616 2402 plena
1643 2338 1798 2383 erant
1815 2338 1988 2395 scpta,

403 2446 462 2495 et
485 2433 767 2492 multitudo
796 2429 1110 2487 recedentes
1142 2426 1333 2481 ﬂuctus
1361 2433 1521 2494 atque
1551 2421 1840 2477 redeuntes
1869 2419 1992 2473 imi-

407 2530 660 2584 tabatur:
700 2524 793 2580 sed
822 2522 955 2578 mihi
983 2520 1234 2576 ﬂuctibus
1286 2516 1391 2571 illis
1419 2515 1650 2585 optatior
1696 2522 1751 2566 et
1797 2512 1996 2581 gratior

405 2630 489 2675 est
519 2616 870 2687 tranquillitas
891 2623 1098 2679 vestra;
1131 2608 1298 2682 pluris
1326 2623 1425 2678 ego
1452 2607 1586 2661 facio
1612 2605 1846 2675 quietem
1906 2615 1999 2656 ve-

407 2723 597 2777 stram,
617 2722 774 2781 quam
798 2705 1083 2762 tumultum
1107 2712 1162 2758 et
1178 2700 1361 2755 turbas
1391 2698 1525 2753 illas.
1548 2696 1682 2751 Tum
1714 2701 1996 2764 prwsentia

406 2804 749 2860 dinumerare
776 2813 1003 2869 corpora
1025 2796 1239 2861 licebat,
1264 2807 1405 2850 nunc
1430 2790 1650 2848 allectus
1674 2789 1858 2859 plenos
1880 2786 1997 2857 pie.

407 2894 549 2949 tatis.
579 2892 635 2949 Si
661 2891 783 2961 quis
803 2890 941 2944 hanc
969 2900 1264 2958 paucorum
1291 2883 1567 2940 hominum
1606 2880 1883 2935 collectam
1902 2917 1917 2943 ,
1947 2885 2001 2931 et

405 3000 472 3041 ex
498 2984 822 3055 pauperibus
850 2979 1040 3050 majori
1065 2994 1130 3034 es
1172 2982 1323 3047 parte
1348 2982 1683 3030 constantem
1705 3013 1719 3036 ,
1769 2980 1823 3026 et
1850 2970 1998 3025 illam

407 3078 693 3131 multorum
747 3072 1023 3133 hominum
1068 3084 1137 3127 ex
1178 3066 1431 3123 divitibus
1484 3064 1686 3133 majore
1725 3077 1791 3117 ex
1849 3069 1999 3131 parte

406 3169 687 3226 conﬂatam
709 3206 723 3228 .
752 3166 797 3220 si
842 3164 964 3234 quis
993 3172 1243 3230 utrasque
1269 3159 1523 3215 collectas
1562 3158 1695 3213 istas
1730 3166 1999 3225 tamquam

408 3263 462 3317 in
508 3259 702 3315 trutina
750 3264 803 3311 et
830 3265 1026 3311 Statera
1078 3251 1377 3323 ponderare
1398 3249 1657 3313 voluerit,
1693 3247 1829 3299 lianc
1853 3260 2003 3301 com-

409 3352 581 3423 periet
633 3346 1065 3419 praeponderare.
1097 3342 1428 3411 Quamquam
1476 3338 1651 3404 enim,
1704 3337 1749 3392 si
1794 3335 2001 3391 numeri

409 3447 546 3501 ratio
575 3443 854 3507 habeatur,
883 3439 1119 3494 minores
1142 3435 1271 3489 estis
1303 3452 1318 3488 :
1350 3434 1394 3487 si
1442 3442 1618 3486 tamen
1659 3429 2001 3499 cupiditatem

409 3538 765 3604 alfectnmque
783 3539 1105 3601 spectemus,
1134 3527 1303 3597 pluris
1333 3524 1560 3580 faciendi
1579 3523 1727 3579 estis.
1762 3522 1837 3576 lla
1864 3521 1922 3576 ﬁt
1949 3521 2001 3575 in

413 3630 593 3693 rebus,
624 3642 743 3696 quae
790 3622 1151 3694 ponderantur
1191 3636 1203 3671 :
1232 3618 1277 3673 si
1324 3616 1444 3687 quis
1466 3615 1654 3670 decem
1683 3628 1875 3669 aureos
1894 3622 2003 3667 sta-

413 3733 557 3777 teras
585 3725 796 3782 sumat,
828 3723 884 3771 et
926 3713 978 3768 in
1011 3727 1114 3766 una
1140 3711 1291 3765 lance
1333 3708 1603 3778 deponat,
1634 3722 1697 3761 ac
1721 3704 1915 3761 deinde
1947 3704 1998 3758 in

411 3816 577 3870 altera
605 3821 821 3867 centum
847 3821 1021 3862 aereos
1048 3817 1325 3867 nummos;
1359 3799 1614 3855 trutinam
1640 3797 1853 3868 quidem
1878 3811 2004 3851 cen-

413 3918 523 3961 tum
576 3902 706 3960 azrei
757 3899 960 3956 nummi
1005 3897 1258 3953 deorsum
1295 3892 1363 3949 ad
1390 3908 1451 3948 se
1492 3891 1739 3954 trahunt,
1769 3898 2001 3943 attamen

412 3996 559 4052 aurei
598 3995 782 4050 decem
810 3992 884 4047 illi
913 4006 1041 4053 cum
1068 3988 1248 4044 habita
1278 3985 1487 4043 ratione
1517 3980 1754 4037 materiae
1794 3979 2003 4049 gravio-

415 4103 501 4143 res
525 4090 631 4148 sint
658 4100 722 4142 ac
763 4082 1104 4153 pretiosiores
1127 4120 1143 4146 ,
1171 4086 1385 4132 naturae
1420 4089 1532 4131 sua:
1557 4072 1813 4142 dignitate
1860 4086 2003 4139 pra:-

414 4179 733 4251 ponderant.
778 4175 962 4245 Itaque
990 4172 1102 4227 ﬁeri
1130 4178 1341 4240 potest,
1373 4166 1542 4235 utqui
1570 4164 1721 4235 pauci
1756 4174 1880 4217 sunt
1903 4179 2002 4217 nn-

414 4286 566 4327 mero
584 4308 601 4336 ,
623 4267 793 4339 pluris
831 4262 1057 4321 faciendi
1084 4262 1193 4316 sint
1216 4268 1272 4315 et
1306 4258 1545 4312 utiliores
1573 4256 1870 4310 habeantur
1901 4253 2006 4309 illis

414 4364 506 4435 qui
544 4374 768 4418 numero
790 4357 942 4413 multi
982 4356 1108 4410 sint.
1138 4352 1245 4409 Sed
1272 4349 1402 4421 quid
1431 4364 1531 4419 ego
1562 4347 1713 4401 vobis
1762 4344 2005 4414 exempla

413 4434 631 4528 profero
671 4467 701 4507 a
729 4449 890 4507 rebus
914 4443 1185 4503 consuetis
1210 4441 1433 4510 repetita
1453 4481 1467 4503 ,
1496 4454 1617 4496 cum
1643 4437 1812 4507 ipsam
1840 4450 1870 4489 a
1898 4434 2008 4489 Deo

415 4525 675 4618 prolatam
721 4539 1041 4602 sententiam,
1092 4543 1337 4607 oporteat
1390 4532 1442 4593 in
1505 4529 1738 4585 medium
1784 4525 2008 4581 all'erri?

415 4639 551 4710 Quid
577 4638 736 4708 igitur
764 4635 849 4689 illa
874 4629 1037 4686 dicit?
1064 4626 1249 4685 Melior
1272 4633 1351 4682 est
1392 4638 1526 4681 uiuus
1552 4619 2006 4710 faciensrolunla-

420 4708 518 4786 tem
544 4729 779 4794 Domini,
811 4738 963 4795 quam
981 4717 1236 4774 innumeri
1265 4713 1675 4786 prmaricatores
1697 4708 1885 4780 (Eccli.
1916 4708 2003 4763 l6.

420 4822 499 4889 3).
534 4820 627 4875 Est
646 4819 789 4879 enim
809 4857 825 4882 ,
852 4821 1106 4881 estsaepe
1149 4822 1285 4862 unus
1308 4804 1472 4869 homo
1500 4800 1794 4861 innumeris
1846 4800 2010 4870 aequi-

422 4910 709 4983 parandns.
738 4907 876 4979 Quid
901 4906 1023 4962 dico
1050 4916 1213 4957 unum
1245 4897 1522 4953 hominem
1574 4894 1746 4949 solum
1777 4892 2011 4961 a'quipa—

421 5004 647 5063 randum
675 4998 1003 5065 innumeris?
1030 4998 1140 5053 imo
1164 5001 1277 5049 toto
1297 4991 1429 5049 orbe
1470 4998 1733 5045 terrarum
1757 4985 1934 5050 utilior
1957 4991 2013 5038 et

422 5093 705 5167 pretiosior
746 5098 1015 5151 censetur.
1062 5090 1239 5156 Atque
1268 5082 1425 5153 liujns
1453 5079 1528 5136 rei
1560 5077 1918 5133 testimonium
1944 5090 2012 5141 ex

422 5184 577 5242 Pauli
608 5181 789 5237 verbis
818 5177 1121 5237 mutuabor.
1150 5176 1284 5230 Cum
1313 5172 1458 5228 enim
1496 5169 1771 5235 hominum
1813 5181 2010 5237 paupe-

425 5294 583 5345 rum,
629 5282 989 5337 vexatorum,
1034 5268 1454 5338 exagitator-nm,
1506 5261 1824 5324 afflictarum
1863 5274 2012 5313 meu-

416 5377 628 5431 aionem
676 5365 911 5428 fecisset,
942 5360 1179 5430 adjecit:
1211 5356 1528 5413 Circuierunt
1583 5354 1635 5407 in
1684 5351 1914 5417 melolis,
1961 5351 2015 5409 in

426 5465 642 5529 pellibus
694 5456 935 5530 caprinis,
976 5460 1192 5525 egentes,
1241 5448 1544 5520 angustiati,
1592 5446 1796 5515 aﬁlicti,
1837 5438 2013 5511 quibus

431 5561 614 5630 dignus
640 5571 740 5609 non
765 5560 873 5607 erat
915 5547 1129 5603 mundus
1159 5544 1314 5615 (Πρὸ.
1344 5545 1428 5599 ll.
1462 5538 1549 5598 37.
1577 5540 1690 5607 ¹58).
1739 5536 1877 5606 Quid
1905 5536 2021 5630 ais?

428 5626 741 5708 llominibus
766 5640 1043 5714 egentibus
1063 5679 1079 5704 ,
1124 5636 1353 5699 afflictis,
1388 5633 1582 5702 patrias
1608 5630 1760 5685 sedes
1790 5643 1895 5682 non
1926 5626 2019 5680 ba-

502 5735 680 5795 ntibus
706 5733 891 5806 dignus
920 5748 1029 5789 non
1077 5738 1191 5786 erat
1235 5724 1462 5783 mundus
1478 5722 1500 5776 ’Ξ
1530 5721 1646 5778 Non
1691 5720 1835 5777 vides
1862 5736 2018 5791 quam

3508 1003 3692 1045 SCRI—

1822 1105 1902 1146 E'l‘
1944 1103 2001 1146 IN

2111 1102 2542 1147 [SCRIPTIONEM
2588 1105 2876 1159 ALTABIS,
2921 1105 3002 1147 ΕΤ
3044 1105 3106 1147 ΙΝ
3163 1105 3371 1147 NUPER
3432 1103 3689 1146 ILLUIH-

2104 1421 2305 1478 paucos
2330 1416 2434 1462 tam
2487 1408 2668 1464 multis
2694 1409 3047 1479 apposueris?
3075 1409 3256 1474 Video,
3279 1409 3469 1479 inquit,
3494 1419 3549 1463 et
3576 1408 3698 1462 ideo

2101 1497 2210 1553 dixi
2248 1498 2503 1554 mundum
2530 1499 2639 1554 illis
2688 1515 2791 1555 non
2824 1498 2988 1554 fuisse
3015 1499 3272 1569 dignum:
3316 1510 3441 1553 nota
3490 1500 3691 1569 quippe

2104 1590 2234 1646 mihi
2259 1599 2344 1647 est
2373 1592 2751 1646 numismatum
2781 1596 3004 1646 istorum
3035 1602 3242 1647 natura.
3271 1591 3329 1647 Si
3360 1600 3558 1645 terram
3590 1605 3691 1660 po-

2103 1701 2284 1751 suero,
2337 1700 2505 1754 mare,
2532 1701 2711 1756 reges,
2756 1684 3061 1753 praefectos,
3080 1692 3137 1740 et
3164 1693 3327 1739 totam
3348 1684 3570 1738 omnino
3597 1696 3699 1737 na-

2103 1785 2277 1830 turam
2316 1775 2600 1829 humanam
2620 1816 2633 1841 ,
2663 1783 2716 1829 et
2738 1774 2875 1829 duos
2907 1786 3082 1829 tresve
3111 1789 3373 1845 pauperes
3411 1773 3495 1827 bis
3524 1788 3703 1843 oppo-

2102 1885 2283 1939 suero,
2314 1869 2646 1925 conﬁdenter
2695 1884 2934 1924 asseram
2990 1868 3125 1933 fore,
3183 1877 3240 1922 ut
3285 1881 3560 1939 pauperes
3609 1858 3700 1919 isti

2103 1961 2532 2032 praeponderent.
2587 1960 2738 2026 Quod
2766 1961 2811 2015 si
2856 1960 2929 2013 illi
2954 1974 2984 2014 e
3008 1959 3197 2029 patriis
3216 1958 3432 2014 sedibus
3454 1957 3700 2027 expelle-

2104 2053 2319 2119 bantur,
2358 2064 2536 2108 tamen
2577 2052 2802 2122 patriam
2849 2065 3137 2122 supernam
3179 2050 3474 2106 Jerusalem
3527 2050 3700 2105 habe-

2105 2143 2252 2198 bant.
2276 2143 2331 2197 ln
2363 2152 2674 2214 paupertate
2699 2144 2863 2197 vitam
2907 2141 3134 2213 agebant
3158 2156 3174 2207 ;
3201 2151 3254 2195 at
3282 2142 3477 2210 pietate
3502 2139 3702 2194 divites

2103 2242 2277 2289 erant.
2302 2232 2620 2288 Hominibus
2640 2242 2793 2287 erant
2818 2232 3012 2299 odiosi,
3042 2241 3095 2287 at
3138 2232 3247 2286 Deo
3277 2231 3435 2300 grati.
3468 2229 3700 2297 Quinam

2105 2325 2180 2379 illi
2225 2339 2383 2395 porro
2422 2324 2587 2378 sunt?
2619 2323 2825 2389 Helias,
2858 2322 3105 2389 Eliszeus,
3159 2332 3214 2376 et
3259 2322 3401 2376 illius
3439 2320 3701 2388 temporis

2104 2430 2311 2471 omnes.
2342 2409 2527 2487 Neque
2574 2430 2702 2470 vero
2747 2414 2798 2469 id
2842 2422 3087 2485 spectes,
3139 2412 3283 2483 quod
3329 2429 3397 2468 ne
3443 2413 3700 2467 alimenta

2102 2506 2318 2578 quidem
2342 2506 2446 2561 illis
2472 2506 2773 2562 necessaria
2795 2506 3152 2575 suppetebant
3174 2522 3188 2557 :
3211 2512 3267 2558 at
3286 2503 3427 2574 quod
3444 2518 3505 2558 os
3530 2503 3706 2558 llelie

2103 2600 2295 2655 czelum
2319 2599 2571 2655 clauserit
2598 2607 2654 2653 et
2679 2598 2955 2669 aperuerit
2974 2638 2991 2663 ,
3008 2597 3231 2668 ejusque
3284 2595 3485 2652 melote
3505 2594 3704 2651 Jorda-

2104 2707 2227 2747 nem
2250 2702 2395 2749 retro
2420 2690 2647 2747 ﬂexerit.

2178 2783 2446 2839 Invenitur
2490 2784 2544 2837 in
2573 2800 2655 2837 eos
2683 2784 2769 2853 qui
2794 2783 3096 2852 spectaculis
3134 2782 3405 2836 intersunt.
3432 2810 3505 2820 —
3525 2781 3707 2848 Atque

2105 2874 2222 2932 ἤτω
2246 2892 2365 2931 cum
2396 2875 2526 2931 mihi
2555 2875 2773 2930 veniunt
2794 2874 2847 2929 in
2877 2883 3110 2929 mentem
3130 2914 3144 2938 ,
3175 2872 3415 2944 gaudeo,
3436 2871 3661 2927 etdoleo
3687 2888 3703 2925 :

2105 2968 2311 3040 gaudeo
2336 2967 2549 3038 quidem
2599 2976 2813 3037 propter
2865 2982 2962 3021 vos
3004 2966 3092 3036 qui
3123 2965 3356 3033 adestis:
3386 2963 3543 3018 doleo
3571 2977 3707 3016 vero

2104 3067 2323 3131 propter
2350 3073 2443 3114 eos
2472 3058 2561 3129 qui
2586 3058 2779 3112 absunt
2809 3056 3006 3112 :doleo
3031 3055 3202 3132 valde,
3226 3054 3555 3124 molesteque
3581 3052 3708 3106 fero

2105 3162 2162 3206 et
2182 3150 2346 3207 corde
2387 3159 2658 3205 conteror.
2689 3150 2818 3215 Quis
2850 3149 2992 3203 enim
3010 3156 3095 3203 est
3122 3147 3259 3202 adeo
3282 3161 3472 3203 sensus
3500 3145 3710 3200 doloris

2106 3256 2335 3311 expers,
2387 3250 2575 3297 utnon
2618 3240 2800 3295 doleat
2824 3255 2944 3296 cum
2994 3240 3047 3294 in
3074 3255 3136 3294 ea
3166 3254 3285 3309 qua:
3332 3238 3399 3293 ad
3426 3237 3705 3292 diabolum

2109 3333 2409 3403 pertinent,
2452 3332 2569 3402 plus
2622 3332 2781 3388 studii
2811 3331 3047 3387 conferri
3093 3332 3311 3386 cernat?
3337 3330 3500 3400 Atqui
3555 3328 3709 3382 nulla

2107 3440 2235 3495 spes
2262 3425 2429 3478 venia:
2450 3423 2603 3479 nobis
2629 3424 2711 3479 vel
2735 3423 3097 3479 excusationis
3116 3423 3318 3494 reliqua
3343 3431 3516 3487 esset,
3546 3422 3592 3475 si
3615 3421 3710 3475 vel

2108 3517 2315 3588 aequale
2337 3516 2571 3572 studium
2598 3516 2932 3572 conferretur
2961 3535 2975 3572 :
3005 3530 3127 3571 cum
3152 3526 3331 3572 autem
3355 3516 3515 3571 etiam
3543 3515 3711 3584 longe

2109 3618 2361 3678 superet,
2413 3607 2533 3678 quis
2567 3607 2723 3662 nobis
2768 3606 3097 3663 defensionis
3140 3607 3293 3661 locus
3344 3605 3713 3676 relinquitur?

2108 3700 2357 3769 Quotidie
2378 3716 2475 3756 nos
2507 3700 2729 3755 invitant
2756 3700 3082 3771 spectacula,
3103 3715 3201 3755 nec
3226 3700 3369 3755 ullus
3398 3697 3711 3769 pigritatur,

2109 3792 2287 3847 nullus
2307 3800 2389 3846 est
2417 3791 2506 3861 qui
2546 3801 2858 3857 cunctetur;
2894 3792 3073 3846 nullus
3102 3800 3185 3846 est
3226 3791 3317 3861 qni
3368 3789 3712 3859 negotiorum

2108 3883 2486 3953 occupationes
2521 3881 2776 3936 obtendat
2808 3923 2822 3946 ,
2877 3881 2971 3937 sed
3028 3890 3295 3951 tamquam
3347 3878 3582 3949 expediti
3650 3886 3717 3932 et

2107 3976 2252 4029 omni
2304 3987 2433 4030 cura
2475 3973 2634 4028 soluti
2678 3982 2962 4028 accurrunt
2994 3988 3184 4027 omnes
3231 3987 3245 4023 :
3294 3985 3401 4024 non
3453 3968 3712 4023 canitiem

2108 4081 2276 4121 senex
2305 4076 2601 4131 reveretur,
2625 4081 2731 4119 non
2751 4065 3000 4120 ardorem
3026 4073 3231 4120 natum
3259 4078 3323 4119 ac
3352 4061 3588 4117 libidinis
3612 4061 3709 4130 ju-

2111 4156 2266 4211 venis
2292 4165 2601 4225 suspectum
2634 4154 2827 4219 habet,
2860 4170 3032 4224 neque
3054 4154 3367 4224 dignitatem
3397 4166 3549 4205 suam
3580 4164 3714 4220 pro—

2110 4247 2209 4301 bro
2233 4261 2293 4301 se
2311 4246 2526 4301 afﬁcere
2550 4253 2734 4300 censet
2758 4245 3061 4315 opulentus.
3093 4245 3163 4299 At
3188 4245 3233 4299 si
3262 4243 3478 4314 quidem
3506 4244 3574 4295 ad
3614 4257 3716 4295 ee-

2110 4338 2337 4393 elesiam'
2353 4336 2672 4395 veniendum
2699 4336 2798 4403 sit,
2824 4337 2975 4408 quasi
2996 4352 3062 4392 ex
3083 4336 3264 4406 aliquo
3293 4335 3512 4389 sublimi
3536 4333 3716 4404 gradu

2112 4440 2167 4485 et
2192 4430 2396 4486 honore
2423 4429 2777 4486 desiliendum
2804 4432 2908 4495 sit,
2930 4432 3001 4484 ita
3027 4429 3309 4500 pigritatur
3328 4438 3383 4483 et
3405 4436 3587 4498 torpet
3609 4469 3626 4493 ,
3657 4436 3719 4482 et

2116 4521 2329 4579 inﬂatur
2354 4521 2549 4578 deinde
2570 4564 2585 4589 ,
2636 4523 2786 4593 quasi
2817 4522 3085 4593 quidpiam
3110 4520 3271 4576 fuerit
3298 4519 3412 4576 Deo
3436 4519 3663 4590 largitus
3698 4538 3715 4574 :

2112 4631 2234 4669 cum
2265 4630 2390 4669 vero
2429 4625 2678 4684 pr0perat
2723 4614 2789 4668 ad
2840 4615 3140 4681 theatrum,
3202 4613 3295 4669 ubi
3338 4623 3463 4668 sunt
3513 4612 3717 4667 lasciva

2113 4709 2415 4777 spectacula
2456 4716 2512 4762 et
2555 4717 2893 4772 acroamata,
2946 4723 3053 4761 non
3106 4707 3380 4762 existimat
3423 4719 3484 4760 se
3514 4705 3721 4776 probro

2114 4802 2350 4871 seipsum
2381 4800 2602 4855 allicere
2624 4842 2639 4865 ,
2687 4815 2791 4854 non
2819 4799 3032 4854 divitias
3054 4814 3180 4854 suas
3206 4812 3305 4853 nec
3353 4796 3715 4852 nobilitatem.

2113 4892 2263 4947 Scire
2287 4906 2535 4962 cuperem
2558 4932 2572 4954 ,
2619 4890 2707 4945 ubi
2738 4906 2880 4945 nunc
2925 4890 3067 4954 sint,
3099 4891 3187 4959 qni
3214 4898 3324 4943 tum
3372 4888 3471 4943 illo
3499 4888 3590 4942 die
3622 4901 3724 4941 nos

2118 4985 2536 5040 interturbabant
2569 5026 2585 5047 .
2612 4983 2873 5054 siquidem
2920 4982 3293 5039 interturban
3318 4980 3571 5051 quaedam
3603 4989 3724 5034 erat

2125 5078 2360 5153 ipsorum
2383 5075 2667 5147 praesentia
2694 5093 2707 5128 :
2736 5075 2876 5129 seire
2903 5090 3157 5144 cuperem
3193 5072 3320 5143 quid
3349 5086 3494 5126 nunc
3524 5080 3721 5142 agant,

2117 5168 2243 5238 quid
2272 5168 2454 5222 utilius
2499 5167 2615 5233 bis,
2661 5182 2779 5236 qua:
2809 5166 2962 5221 nobis
2982 5177 3109 5221 sunt
3136 5182 3245 5236 prze
3275 5165 3525 5218 manibus
3548 5205 3565 5227 ,
3600 5164 3724 5217 illos

2117 5270 2361 5329 occupet.
2390 5259 2503 5314 lmo
2549 5261 2691 5313 nulla
2713 5262 2994 5330 occupatio
3033 5259 3153 5313 illos
3172 5257 3414 5321 detinet,
3444 5256 3543 5311 sed
3570 5258 3724 5311 solus

2120 5352 2303 5406 fastus.
2355 5350 2473 5417 Quo
2500 5350 2624 5419 quid
2653 5350 2893 5405 insanius
2946 5349 3116 5404 videri
3147 5348 3362 5420 potest?
3396 5348 3513 5403 Cur
3532 5348 3682 5402 enim
3702 5385 3721 5409 ,

2119 5458 2301 5513 quaeso
2321 5485 2335 5506 ,
2366 5441 2645 5510 magniﬁce
2667 5454 2728 5495 ac
2749 5441 2980 5510 superbe
3019 5440 3087 5496 de
3115 5450 3165 5496 te
3187 5440 3389 5505 sentis,
3420 5441 3492 5494 mi
3524 5438 3725 5493 homo?

2123 5542 2279 5603 teque
2306 5531 2459 5586 nobis
2485 5530 2768 5601 gratiﬁcari
2795 5546 2985 5586 censes
3005 5574 3020 5597 ,
3043 5531 3090 5587 si
3120 5547 3243 5586 cum
3275 5533 3378 5587 huc
3397 5533 3616 5587 veneris
3642 5543 3727 5583 at-

2124 5622 2332 5688 tendas,
2365 5630 2419 5677 et
2441 5636 2560 5690 qua:
2588 5620 2654 5675 ad
2697 5621 2924 5677 salutem
2954 5623 3147 5678 animae
3192 5634 3295 5678 tua:
3322 5624 3596 5693 pertinent
3620 5638 3720 5676 an-

2125 5717 2274 5773 dias?
2301 5729 2458 5785 quam
2489 5710 2558 5769 ob
2584 5727 2831 5781 causam,
2879 5729 3083 5785 quwso,
3127 5725 3184 5771 et
3226 5715 3381 5788 cujus
3424 5716 3502 5772 rei
3551 5711 3729 5786 gratia
