4010 6342
413 275 485 334 69
1118 274 1176 330 S.
1217 273 1504 332 JOANNIS
1538 277 2030 334 CIIRYSOSTOMI
2072 279 2388 338 AhCHIEP.
2431 279 2972 342 CONSTANTINOP.
3589 299 3657 355 70

417 390 500 445 ὅτι
554 401 742 463 πόρναι
797 396 1024 462 ἐκείνοις
1081 401 1393 474 κέχρηνται.
1452 409 1546 460 καὶ
1599 412 1846 478 μαλακοὶ,
1896 411 1988 463 καὶ

418 475 793 557 τυμϐωρύχοι,
853 482 946 534 καὶ
1010 483 1235 556 λῃσταί;
1305 475 1610 557 Ἐπίγνωθι-
1642 493 1734 545 τὸν
1783 494 1990 546 δίκαιον

417 556 645 646 πλοῦτον
665 601 680 622 ,
718 563 834 646 Ακαί
885 566 1152 636 κατάϐηθί
1190 585 1316 623 ποτε
1376 556 1480 626 ἀπὸ
1521 573 1616 627 τοῦ
1670 577 1990 646 φυσήματος

415 641 625 727 ἐκείνου
647 643 744 727 τοῦ
774 645 978 717 ὑψηλοῦ
1012 649 1105 701 καὶ
1129 653 1287 705 κενοῦ
1303 669 1316 684 ·
1349 654 1635 726 διάσκεψαι
1659 641 1756 727 τῆς
1777 641 1990 726 φύσεως

411 721 476 775 τὸ
521 723 756 810 εὐτελές.
810 727 886 800 Γῆ
927 731 1020 783 καὶ
1073 734 1262 798 σποδὸς
1313 731 1382 798 εἴ,
1451 721 1627 810 τέφρα
1680 721 1986 802 καὶ-κόνις,

416 805 620 892 καπνὸς
652 809 748 862 καὶ
777 811 927 876 σκιά,
958 813 1151 885 χόρτος
1183 817 1275 869 καὶ
1303 818 1462 883 ἀνθος
1490 805 1706 890 χόρτου.
1752 821 1986 892 Τοιαύτη

415 887 575 972 φύσει
608 892 1050 966 μεγαλοφρονεῖς,
1074 899 1195 951 εἰπέ
1222 916 1310 970 μοι
1331 917 1344 963 ;
1368 887 1764 956 Καίτίτούτου
1793 887 1986 972 γένοιτς

413 970 479 1024 ἂν
510 975 938 1058 καταγελαστότε
949 996 1070 1048 ρον;
1112 979 1272 1035 Ἀλλά
1311 984 1520 1037 πολλῶν
1557 985 1744 1057 ἄρχεις
1775 970 1988 1058 ἀνθρὼ-

416 1070 560 1140 πων;
619 1057 725 1110 Καὶ
773 1059 826 1111 τί
874 1060 1030 1114 τοῦτο
1081 1063 1293 1132 ὄφελος,
1355 1067 1484 1120 ὅταν
1535 1068 1837 1140 ἀνθρώπων
1882 1057 1986 1140 μέν

412 1136 620 1219 άρχεις,
665 1140 774 1192 τῶν
818 1141 874 1194 δὲ
927 1146 1116 1198 παθῶν
1159 1148 1504 1218 αἰχμάλωτος
1545 1146 1598 1203 εἴ
1633 1136 1726 1205 καὶ
1764 1136 1981 1219 δοῦλοςς

415 1217 624 1292 Ὥσπερ
655 1222 721 1276 ἀν
755 1241 838 1288 τις
869 1225 1009 1279 οἴκοι
1051 1229 1152 1298 μὲν
1187 1217 1291 1283 ὐπὸ
1325 1231 1431 1285 τῶν
1469 1233 1693 1289 οἰκετῶν
1731 1235 1984 1290 τύπτοιτο

413 1301 825 1389 καίᾼτραύματα
857 1307 1140 1380 λαμϐάνοι,
1181 1312 1286 1378 ἔξω
1317 1314 1372 1367 δέ
1397 1317 1477 1378 εἱς
1499 1317 1598 1386 τὴν
1635 1317 1843 1389 ἀγορὰν
1887 1321 1984 1389 ἐμ»

413 1383 625 1471 ϐάλλων
661 1389 804 1457 μέγα
843 1395 1010 1464 φρονῇ
1045 1395 1137 1446 ἐπὶ
1178 1398 1248 1467 τῇ
1281 1395 1390 1448 τῶν
1429 1383 1601 1450 ἄλλων
1637 1383 1778 1471 ἀρχῇ
1801 1415 1816 1431 ·
1843 1383 1986 1454 οὕτω

411 1465 602 1552 τύπτει
626 1485 682 1522 σε
708 1473 1005 1538 κενοδοξία.
1022 1465 1315 1548 τραύματά
1335 1496 1415 1532 σοι
1442 1481 1635 1548 ἐπάγει
1707 1465 1980 1551 ἀσέλγεια,

414 1549 630 1636 πάντων
658 1553 768 1606 τῶν
800 1556 985 1610 παθῶν
1017 1558 1201 1624 δοῦλος
1237 1557 1307 1624 εἴ,
1351 1563 1446 1616 καὶ
1477 1564 1620 1633 μέγα
1654 1549 1869 1636 φρονεῖς
1900 1568 1996 1621 ὅτι

409 1633 524 1786 ξῶιέ
548 1636 834 1771 όόμοφύλων
861 1640 1081 1712 ἀρχεις;
1108 1643 1234 1696 Εἴθε
1263 1645 1484 1700 ἐκείνων
1512 1633 1714 1718 ἦρχες,
1758 1649 1983 1703 ἐκείνων

452 1734 476 1780 ς
532 1735 562 1771 σ
604 1736 772 1786 ιιμος.

452 1734 476 1780 ς
509 1734 772 1790 ισοτιμος.

481 1847 547 1917 β’.
568 1849 642 1903 Οὐ
654 1849 762 1903 τῶν
775 1852 1142 1911 πλουτούντων
1156 1858 1476 1929 κατηγορῶν
1491 1860 1664 1914 ταῦτα
1673 1860 1835 1930 λέγω,
1849 1863 1986 1918 ἀλλά

407 1937 515 1989 τῶν
537 1939 726 2001 κακῶς
743 1940 821 2011 τῷ
845 1940 1058 2015 πλούτῳ
1077 1947 1451 2018 κεχρημένων.
1476 1948 1550 2000 Οὐ
1577 1949 1684 2019 γὰρ
1704 1953 1732 2004 6
1758 1951 1986 2016 πλοῦτος

409 2025 597 2091 κακὸν,
629 2027 724 2081 ἐὰν
752 2032 832 2094 είς
847 2030 967 2085 δέον
991 2031 1312 2105 βουλώμεθα
1348 2035 1498 2106 αὐτῷ
1516 2037 1844 2108 χρήσασθαι,
1868 2041 1984 2095 ἀλλ’

409 2115 441 2184 ἡ
469 2114 714 2179 ἀπόνοια,
756 2118 851 2171 καὶ
873 2120 906 2190 ή
935 2119 1245 2186 ἀλαζονεία.
1281 2123 1342 2176 Et
1368 2123 1538 2177 κακὸν
1564 2121 1631 2196 ἦν
1662 2129 1691 2180 ό
1715 2128 1945 2193 πλοῦτος
1965 2169 1980 2193 ,

408 2201 509 2254 οὐκ
535 2201 601 2255 ἂν
637 2202 840 2268 πάντες
867 2205 1154 2278 ηὐξάμεθα
1179 2211 1259 2274 είς
1281 2211 1515 2276 κόλπους
1551 2213 1802 2286 Ἀϐραὰμ
1828 2215 1986 2269 ἀπελ-

410 2287 522 2340 θεῖν
554 2289 648 2343 τοῦ
706 2291 921 2362 ἔχοντος
948 2297 1293 2365 τριακοσίους
1320 2298 1451 2352 δέκα
1475 2300 1569 2354 καὶ
1599 2301 1741 2355 ὀκτὼ
1768 2303 1984 2369 οἰκέτας

408 2378 726 2446 οἰκογενεῖς.
763 2380 838 2433 Οὐ
868 2382 1047 2437 τοίνυν
1075 2386 1104 2438 6
1130 2385 1356 2450 πλοῦτος
1384 2389 1572 2455 κακὸν,
1598 2389 1714 2444 ἀλλ’
1745 2393 1777 2463 ὴ
1806 2393 1985 2464 παρά-

410 2482 572 2534 νομος
611 2466 775 2521 αὐτοῦ
804 2468 1000 2540 χρῆσις
1041 2473 1228 2528 κακόν,
1262 2475 1370 2528 Καὶ
1412 2476 1600 2550 ὥσπερ
1635 2479 1827 2550 πρῴην
1855 2481 1983 2552 περὶ

413 2551 583 2623 μέθης
616 2553 819 2622 λέγων,
850 2556 911 2608 οὐ
948 2557 1041 2610 τὸν
1071 2553 1214 2612 οἶνον
1248 2560 1524 2616 διέϐαλλον
1560 2567 1579 2630 (
1595 2567 1704 2618 πᾶν
1728 2565 1838 2638 γὰρ
1866 2567 1983 2621 κτί-

411 2641 692 2726 σμαγΘεοῦ
735 2643 921 2709 καλὸν,
963 2647 1058 2702 καὶ
1107 2648 1259 2701 οὐδὲν
1303 2651 1627 2723 ἀπόϐλητον.
1672 2655 1790 2726 μετ’
1821 2657 1984 2726 εὐχα-

413 2725 623 2795 ριστίας
649 2726 1112 2798 λαμϐανόμενον),
1151 2732 1294 2786 οὕτω
1325 2735 1420 2788 καὶ
1446 2735 1542 2789 νῦν
1574 2737 1633 2790 οὐ
1671 2738 1778 2790 τῶν
1815 2725 1983 2792 πλου-

406 2809 640 2865 τούντων
662 2814 974 2884 κατηγορῶ,
1005 2817 1126 2870 οὐδὲ
1159 2818 1225 2872 τά
1248 2821 1352 2890 χρή
1362 2837 1505 2891 ματα
1533 2822 1824 2889 διαϐάλλω,
1847 2827 1985 2882 ἀλλά

406 2897 505 2968 τὴν
536 2899 712 2970 κακὴν
755 2902 866 2955 τῶν
910 2905 1208 2975 χρημάτων
1249 2909 1469 2979 χρῆσιν,
1505 2913 1596 2965 καὶ
1634 2914 1715 2976 είς
1745 2914 1984 2967 ἀσωτίαν

406 2985 820 3060 δαπανωμένην.
855 2992 953 3044 Διά
978 2991 1136 3048 τοῦτο
1165 2996 1424 3067 χρήματα
1439 2996 1681 3067 λέγεται,
1715 3002 1800 3054 ἵνα
1824 3003 1984 3072 ἡμεῖς

407 3073 590 3138 αὐτοῖς
629 3077 997 3148 χρησώμεθα,
1033 3081 1127 3135 καὶ
1161 3081 1236 3152 μὴ
1269 3083 1452 3137 ἐκεῖνα
1493 3087 1656 3156 ἡμῖν·
1695 3087 1782 3141 διὰ
1826 3089 1985 3142 τοῦτο

409 3163 664 3232 κτήματα
704 3163 957 3234 λέγεται,
1005 3167 1092 3221 ἴνα
1123 3171 1283 3240 ἡμεῖς
1314 3172 1454 3226 αὐτὰ
1483 3173 1845 3246 κτησώμεθα,
1889 3179 1985 3231 καὶ

412 3249 487 3320 μὴ
512 3251 692 3304 ἐκεῖνα
735 3254 900 3323 ἡμᾶς.
939 3253 1003 3308 Τί
1041 3251 1133 3309 οὖν
1167 3256 1257 3311 τὸν
1289 3257 1476 3314 δοῦλον
1503 3260 1648 3330 ἔχεις
1683 3262 1982 3335 δεσπότην;

407 3337 462 3388 τὶ
490 3336 858 3410 ἀντέστρεψας
885 3341 984 3412 τὴν
1013 3341 1200 3410 τάξιν;
1244 3343 1382 3397 Ἀλλ’
1424 3345 1726 3417 ἐϐουλόμην
1767 3350 1982 3420 μαθεῖν,

409 3423 460 3475 τί
487 3422 582 3476 νῦν
607 3425 852 3479 ποιοῦσιν
882 3429 931 3480 οί
963 3427 1062 3500 τὴν
1095 3427 1316 3494 σύναξιν
1337 3432 1854 3505 ἐγκαταλείψαντες,
1891 3439 1984 3492 καὶ

408 3515 466 3564 ὲν
494 3511 634 3566 τίσιν
671 3514 831 3569 είσίν.
879 3515 1040 3571 Ἀλλά
1071 3517 1104 3589 ἢ
1135 3517 1480 3584 κυϐεύουσιν,
1520 3521 1553 3591 ἢ
1585 3524 1802 3588 πάντως
1840 3525 1984 3596 πρά-

409 3617 596 3670 γματα
629 3601 937 3656 ἀνακινοῦσι
968 3603 1218 3674 βιωτικὰ,
1251 3608 1494 3681 ταραχῆς
1523 3609 1978 3684 ἐμπεπλησμένα.

422 3687 685 3743 Ἐνταῦθα
725 3691 774 3742 εί
802 3689 1005 3762 παρῆς,
1045 3691 1323 3764 ἄνθρωπε,
1363 3695 1422 3750 ἐν
1452 3697 1663 3771 γαλήνῃ
1689 3694 1756 3770 ἧς
1789 3702 1884 3754 καὶ
1925 3703 1984 3758 ἐν

408 3775 620 3847 λιμένι·
649 3776 750 3829 οὐκ
775 3777 1060 3846 οἰκονόμος
1094 3779 1350 3834 εἰσελθὼν
1383 3783 1703 3855 ἐτάραττεν,
1735 3787 1836 3841 οὐκ
1863 3788 1985 3842 ἐπί-

409 3880 607 3934 τροπος
635 3863 904 3936 ἐθορύϐει,
939 3866 1040 3919 οὐκ
1063 3867 1282 3939 οἰκέτης
1309 3869 1449 3942 ὑπὲρ
1491 3873 1831 3943 πραγμάτων
1859 3873 1984 3944 βιω-

407 3950 576 4005 τικῶν
614 3951 852 4022 ήνόχλει,
896 3953 997 4005 οὐκ
1045 3953 1203 4017 ἀλλος
1242 3973 1325 4019 τις
1371 3957 1726 4027 παρώξυνενο
1763 3959 1878 4014 ἀλλ’
1925 3964 1983 4015 ἐν

408 4039 606 4110 ἠσυχίᾳ
632 4038 834 4107 διάγων
859 4039 1134 4111 ἀπήλαυες
1163 4041 1321 4095 θείων
1356 4044 1696 4115 ἀκροάσεων.
1728 4048 1982 4120 Οὐδαμοῦ

406 4122 630 4191 κύματα
677 4124 946 4190 ἐνταῦθα,
990 4126 1226 4197 οὐδαμοῦ
1272 4133 1486 4202 ταραχή
1513 4148 1527 4163 ’
1574 4133 1689 4186 ἀλλ’
1738 4135 1978 4205 εὐλογία,

404 4211 498 4265 καὶ
541 4211 718 4283 εὐχαὶ,
755 4213 850 4267 καὶ
885 4213 1072 4284 ὁμιλία
1109 4218 1488 4290 πνευματικὴ,
1513 4219 1609 4273 καὶ
1651 4223 1983 4292 μετάστασις

407 4298 486 4362 είς
513 4297 605 4352 τὸν
634 4299 862 4370 οὐρανόν
883 4315 895 4329 ·
928 4300 1021 4353 καὶ
1044 4300 1292 4356 ἐντεῦθεν
1315 4304 1415 4376 ἠδη
1441 4306 1534 4360 τὸν
1557 4307 1851 4379 ἀρραϐῶνα
1879 4311 1982 4382 τῆς

409 4388 687 4458 βασιλείας
723 4387 832 4442 τῶν
862 4389 1106 4461 οὐρανῶν
1133 4391 1313 4447 λαϐὼν
1350 4395 1568 4467 ἀπῄεις.
1607 4399 1766 4464 Τίνος
1794 4399 1981 4454 ἕνεκεν

406 4477 504 4549 τὴν
557 4477 820 4533 πλουσίαν
868 4478 1074 4551 ταύτην
1111 4480 1392 4551 τράπεζαν
1433 4485 1614 4554 ἀφεὶς,
1664 4489 1744 4552 είς
1787 4489 1982 4560 ἐτέραν

406 4565 812 4638 φορτικωτέραν
841 4566 1032 4620 ἑαυτὸν
1064 4569 1394 4640 μετήγαγες,
1420 4573 1515 4626 καὶ
1534 4573 1626 4626 τὸν
1664 4575 1856 4646 λιμένα
1883 4595 1982 4632 κα-

404 4653 680 4722 ταλιπὼν,
713 4655 955 4728 ταραχὴν
994 4655 1463 4732 ἀντικαταλλάττῃ
1492 4661 1765 4734 γαλήνης;
1800 4665 1874 4718 Τὸ
1905 4665 1982 4737 μὴ

406 4741 813 4812 παραγενέσθαι
845 4743 1083 4814 πένητας
1117 4744 1245 4808 τοὺς
1287 4745 1410 4800 τότε
1457 4748 1769 4820 παρόντας,
1811 4751 1982 4808 δεινὸν

410 4831 529 4902 μὲν,
565 4831 680 4886 ἀλλ’
707 4832 830 4886 οὐδὲ
870 4831 1014 4886 οὕτω
1047 4831 1245 4899 δεινὸν,
1270 4833 1346 4898 ὼς
1374 4835 1436 4888 τὸ
1468 4836 1543 4908 μὴ
1575 4840 1982 4910 παραγενέσθαι

407 4919 715 4984 πλουσίους.
747 4919 904 4985 Τίνος
931 4920 1118 4975 ἕνεκεν
1143 4939 1159 4988 ;
1189 4923 1310 4977 Ὀτι
1337 4925 1386 4978 οἱ
1413 4925 1514 4995 μὲν
1545 4926 1773 4999 πένητες
1798 4928 1982 5000 έχουσι

407 5009 506 5079 τὴν
537 5008 841 5077 ἀναγκαίαν
876 5010 1161 5081 ἀσχολίαν,
1210 5012 1311 5082 τὴν
1365 5013 1621 5086 φροντίδα
1665 5017 1768 5088 τῆς
1805 5019 1981 5090 καθη-

412 5096 636 5166 μερινῆς
650 5095 772 5167 [5⁵5]
789 5098 1193 5168 ἐργασίας,άπὸ
1212 5100 1321 5154 τῶν
1343 5101 1544 5172 χειρῶν
1568 5103 1876 5175 ποιούμενοι
1893 5107 1982 5161 τὸν

410 5183 556 5254 βίονο
599 5182 985 5255 παιδοτροφίας
1028 5187 1448 5258 ἐπιμελοῦνται,
1499 5192 1759 5259 γυναικὸς
1809 5211 1982 5265 προε-

409 5272 662 5342 στήκασι,
692 5270 794 5326 κᾶν
816 5272 891 5342 μὴ
929 5273 1170 5345 κάμωσι,
1212 5275 1280 5330 τὰ
1307 5277 1408 5347 τῆς
1433 5277 1578 5349 ζωῆς
1605 5280 1789 5344 αὐτοῖς
1833 5283 1985 5354 οἰχή-

408 5376 582 5414 σεται.
624 5357 809 5412 Ταῦτα
845 5360 1020 5428 λέγω,
1065 5362 1186 5432 οὐχί
1230 5363 1528 5433 ἀπολογίαν
1572 5366 1714 5437 ὑπὲρ
1754 5368 1982 5424 ἐκείνων

409 5447 695 5514 συντιθεὶς,
727 5446 864 5501 ἀλλά
888 5448 1100 5514 δεικνὺς
1135 5451 1251 5515 πῶς
1291 5453 1536 5523 μείζονος
1561 5458 1895 5527 κατηγορίας
1931 5460 1980 5512 οί

406 5535 762 5601 πλουτοῦντές
781 5537 920 5590 εἰσιν
947 5536 1104 5604 ἄξιοι.
1138 5538 1300 5594 Ὅσον
1340 5541 1586 5606 πλείονος
1613 5543 1981 5599 ἀπολαύουσιν

406 5624 612 5688 ἁδείας,
656 5623 902 5678 τοσοῦτον
948 5627 1036 5680 καὶ
1077 5627 1484 5698 κατακρίσεως,
1519 5631 1600 5684 ὅτι
1646 5631 1822 5690 οὐδενὶ
1859 5633 1980 5688 τού-

413 5710 518 5759 ῖων
548 5710 885 5783 κατέχονται.

2169 412 2279 482 Οὐχ
2314 413 2476 483 ὁρᾶτε
2501 414 2626 477 τοὺς
2681 413 2990 477 Ἰουδαίους,
3028 411 3152 472 τοὺς
3187 407 3506 477 θεομάχους.
3532 407 3658 469 τοὺς

2093 511 2516 575 άντιπίπτοντας
2540 512 2619 582 τῷ
2645 512 2785 581 ἀγίῳ
2817 510 3092 580 Πνεύματι
3110 547 3124 571 ,
3157 509 3281 570 τοὺς
3320 505 3659 578 σκληροτρα-

2091 612 2323 681 χήλους;
2357 613 2573 668 Τούτων
2605 616 2651 667 οί
2702 615 2778 682 μὴ
2817 610 3249 682 παραγενόμενοι
3295 609 3510 660 πάντων
3547 607 3660 676 χεί-

2093 728 2220 782 ρους
2249 712 2408 765 εἰσίν.
2448 713 2704 776 Ἐκείνοις
2730 713 2826 766 ἐὰν
2853 714 3077 766 εἴπωσιν
3098 712 3145 762 οἱ
3170 710 3332 778 ἱερεῖς
3359 705 3496 759 ἐπτά
3521 706 3661 775 ὴμέ-

2093 829 2193 882 ρας
2222 813 2485 882 ἀργῆσαι,
2520 813 2612 868 καὶ
2644 813 2776 867 δέκα
2797 851 2811 874 ,
2839 813 2933 866 καὶ
2960 811 3131 864 εῐκοσι
3151 851 3166 874 ,
3199 807 3294 862 καὶ
3327 807 3618 876 τριάκοντα
3641 847 3657 870 ,

2090 913 2189 964 οὐκ
2217 912 2590 980 ἀντιλέγουσι·
2625 914 2802 966 καίτοι
2817 912 2869 965 τί
2895 913 2994 981 τῆς
3026 911 3223 982 ἀργίας
3253 908 3464 978 ἐκείνης
3496 907 3660 976 χαλε-

2091 1012 2371 1085 πώτερον;
2419 1014 2530 1076 Τὰς
2578 1013 2747 1084 θύρας
2797 1011 3181 1072 ἀποκλείουσι,
3232 1009 3324 1061 καὶ
3369 1006 3492 1059 οὔτε
3543 1005 3659 1076 πῦρ

2090 1114 2358 1178 καίουσιν,
2401 1115 2499 1186 οὐχ
2527 1115 2669 1186 ὕδωρ
2693 1115 2969 1187 φέρουσιν,
3002 1112 3102 1166 οὐκ
3142 1110 3268 1165 ἀλλο
3309 1125 3362 1161 τι
3394 1107 3529 1178 πρὸς
3554 1109 3658 1176 τὴν

2087 1215 2278 1285 χρείαν
2332 1217 2431 1287 τὴν
2478 1215 2736 1284 τοιαύτην
2785 1212 3182 1286 μεταχειρίξειν
3221 1210 3497 1279 ἐφίεντσι’
3538 1205 3658 1259 ἀλλ’

2084 1321 2232 1374 ἐστιν
2262 1321 2452 1385 ἅλυσις
2484 1323 2667 1386 αὐτοῖς
2700 1323 2735 1392 ἡ
2765 1321 2954 1392 ἀργία,
2985 1319 3079 1372 καὶ
3104 1315 3223 1372 οὐδὲ
3251 1314 3423 1377 οὕτως
3449 1312 3658 1365 ἀντιλέ-

2085 1443 2291 1495 γουσιν.
2333 1425 2475 1494 Ἐγὼ
2499 1425 2558 1480 δέ
2585 1425 2735 1479 οὐδὲν
2762 1422 3001 1478 τοιοῦτον
3027 1421 3188 1490 λέγω,
3207 1423 3291 1476 ὅτι
3323 1415 3493 1473 Ἐπτά
3515 1418 3650 1486 ἡμέ-

2087 1549 2184 1604 ρας
2205 1533 2466 1605 ἀργησον,
2497 1532 2616 1588 οὐδὲ
2642 1532 2775 1585 δέκα
2805 1530 3016 1602 ἡμέρας
3033 1546 3047 1560 ·
3078 1526 3214 1582 ἀλλὰ
3235 1525 3329 1579 δύο
3363 1541 3451 1594 μοι
3479 1522 3656 1575 δάνει-

2086 1657 2178 1694 σον
2202 1639 2354 1710 ῶρας
2381 1641 2482 1711 τῆς
2497 1638 2734 1710 ἡμέρας,
2765 1638 2859 1691 καὶ
2883 1636 2980 1700 τάς
3007 1633 3198 1696 λοιπὰς
3221 1631 3381 1694 αὐτὸς
3402 1628 3490 1699 ἔχε
3511 1643 3525 1657 ο
3559 1624 3657 1682 καὶ

2082 1744 2203 1798 οὐδέ
2245 1745 2403 1799 τοῦτό
2448 1761 2540 1816 μοι
2574 1745 2636 1798 τὸ
2673 1745 2872 1814 μέτρον
2901 1740 3194 1810 εἰσφέρεις.
3228 1735 3444 1790 Μᾶλλον
3487 1732 3545 1788 δὲ
3578 1730 3657 1801 μὴ

2083 1856 2208 1927 ἐμοὶ
2233 1855 2488 1927 δανείσῃς
2515 1855 2614 1918 τάς
2633 1853 2726 1906 δύο
2757 1852 2928 1924 ὥρας,
2961 1850 3077 1904 ἀλλ’
3109 1846 3288 1917 ἐαυτῷ
3311 1860 3327 1876 ·
3355 1845 3445 1897 ἵνα
3478 1840 3659 1911 παρά-

2083 1961 2278 2034 κλησίν
2322 1978 2444 2015 τινα
2478 1960 2648 2031 εὐχῆς
2676 1959 2804 2029 δέξῃ
2843 1957 3117 2027 πατέρων,
3148 1955 3235 2008 ἵνα
3267 1947 3528 2016 εὐλογιῶν
3565 1961 3663 1996 πε-

2084 2073 2442 2144 πληρωμένος
2489 2070 2879 2142 ἀναχωρήσῃς,
2921 2067 3010 2121 ἵνα
3038 2061 3378 2144 πανταχόθεν
3406 2055 3660 2125 ἀσφαλὴς

2082 2180 2344 2254 ἀπέλθῃς,
2377 2181 2464 2235 ἵνα
2491 2180 2561 2234 τὰ
2592 2179 2733 2233 ὅπλα
2760 2176 2943 2232 λαϐὼν
2970 2175 3040 2228 τά
3066 2167 3414 2242 πνευματικά
3445 2167 3660 2219 ἀκατα-

2083 2287 2345 2356 γὼνιστος
2373 2285 2528 2358 γένῃ,
2560 2283 2862 2356 ἀχείρωτος
2886 2281 2963 2351 τῷ
2985 2279 3233 2348 διαϐόλῳ.
3269 2275 3334 2329 Τί
3375 2273 3657 2345 ἡδύτερον,

2083 2394 2204 2448 είπέ
2233 2412 2345 2465 μοι,
2375 2395 2474 2464 τῆς
2497 2391 2730 2446 ἐνταῦθα
2747 2389 3062 2459 διαγωγῆς;
3089 2387 3154 2440 EI
3181 2385 3292 2456 γὰρ
3309 2377 3659 2452 διημερεύειν

2085 2502 2319 2558 ἐνταῦθα
2368 2503 2562 2574 ἐχρῆν,
2606 2501 2658 2556 τί
2723 2500 3079 2572 σεμνότερον;
3117 2497 3170 2550 τί
3226 2492 3658 2562 ἀσφαλέστερον,

2081 2613 2216 2665 ὅπου
2263 2611 2485 2680 ἀδελφοὶ
2526 2609 2801 2673 τοσοῦτοι,
2853 2608 2987 2660 ὃπου
3021 2605 3082 2658 τὸ
3113 2601 3339 2672 Πνεῦμα
3378 2598 3439 2650 τὸ
3471 2596 3660 2664 ἅγιον,

2083 2717 2218 2770 ὅπου
2269 2715 2476 2786 Ἰησοῦς
2519 2715 2682 2786 μέσος
2708 2755 2723 2779 ,
2759 2713 2856 2767 καὶ
2903 2713 2932 2766 6
2975 2709 3170 2764 τούτου
3218 2705 3446 2774 [lati-,0;
3490 2699 3664 2754 Ποίαν

2083 2823 2279 2895 ἑτέραν
2315 2822 2496 2892 ζητεῖς
2545 2818 2870 2889 συναγωγὴν
2919 2813 3215 2883 τοιαύτην;
3260 2811 3412 2862 ποῖον
3468 2805 3665 2874 ἕτερον

2085 2901 2470 2998 βουλευτήριον
2491 2943 2506 2989 ;
2531 2923 2692 2978 ποίαν
2725 2921 2972 2987 σύνοδον;
3003 2917 3256 2971 Τοσαῦτα
3283 2911 3464 2982 ἀγαθά
3496 2911 3553 2962 ἐν
3585 2910 3660 2978 τῇ

2081 3031 2352 3103 τραπέζῃ,
2389 3031 2447 3082 ἐν
2468 3032 2534 3100 τῇ
2566 3027 2850 3099 ἀκροάσει,
2878 3025 2937 3077 ἐν
2965 3025 3086 3086 ταῖς
3115 3019 3413 3088 εὐλογίαις,
3453 3017 3512 3069 ἐν
3535 3015 3666 3077 ταῖς

2083 3134 2304 3204 εὐχαῖς,
2356 3134 2414 3186 ἐν
2467 3132 2588 3192 ταῖς
2637 3127 2946 3190 συνουσίαις
2973 3141 2988 3156 °
3040 3125 3136 3179 καὶ
3176 3125 3240 3178 σὺ
3287 3122 3422 3192 πρὸς
3463 3118 3663 3189 ἐτέρας

2085 3239 2305 3309 βλέπεις
2358 3235 2674 3309 διατριϐάς;
2730 3233 2842 3288 Καὶ
2887 3232 3048 3286 ποίαν
3091 3229 3234 3301 ἔχεις
3285 3225 3661 3296 συγγνώμην;

2083 3343 2268 3396 Ταῦτα
2302 3343 2400 3412 οὐχ
2431 3342 2519 3395 ῖνα
2547 3341 2702 3412 ὑμεῖς
2729 3337 3002 3410 ἀκούσητε
3029 3333 3209 3391 εἴπονο
3242 3335 3302 3388 οὐ
3332 3332 3440 3403 γάρ
3471 3331 3665 3401 χρείαν

2083 3449 2234 3520 ἔχετε
2271 3447 2378 3501 τῶν
2401 3445 2706 3518 φαρμάκων
2736 3443 2939 3498 τούτων
2959 3443 3138 3514 ὑμεῖς,
3170 3441 3219 3494 οί
3245 3439 3332 3494 διὰ
3351 3437 3458 3490 τῶν
3481 3434 3664 3505 ἔργων

2083 3552 2485 3624 ἐπιδειξάμενοι
2517 3551 2618 3622 τὴν
2647 3549 2880 3619 ὑγίειαν,
2909 3548 3009 3618 τὴν
3046 3545 3308 3615 ὐποκοὴν,
3345 3543 3394 3596 οί
3441 3541 3530 3594 διὰ
3557 3539 3665 3609 τῆς

2085 3657 2321 3728 σπουδῆς
2362 3655 2456 3710 τὸν
2497 3653 2662 3709 πόθον
2698 3652 3051 3714 άπλὼσαντες
3075 3667 3090 3682 ’
3127 3648 3243 3704 ἀλλ’
3291 3643 3445 3700 εἷπον
3483 3643 3667 3697 ταῦτα

2085 3767 2222 3839 πρὸς
2250 3766 2418 3838 ὑμᾶς,
2445 3765 2532 3818 ἵνα
2564 3761 2871 3817 ἀκούσωσιν
2901 3760 2952 3814 of
2982 3759 3057 3831 μὴ
3084 3757 3353 3828 παρόντες
3381 3753 3446 3806 δι’
3479 3751 3664 3822 ὑμῶν.

2082 3878 2174 3950 Μὴ
2210 3877 2425 3948 εἴπητε,
2446 3876 2530 3930 ὅτι
2559 3873 2917 3944 κατηγόρησα
2953 3869 3062 3923 τῶν
3099 3867 3176 3940 μὴ
3196 3861 3666 3937 παραγενομένων

2086 3987 2272 4051 ἁπλῶς
2295 4026 2309 4049 ,
2339 3985 2457 4040 ἀλλ’
2482 3985 2604 4039 ὅλον
2641 3983 2848 4038 ἀνωθεν
2883 3981 3068 4042 αὐτοῖς
3098 3973 3432 4048 διηγήσασθε
3457 3972 3548 4024 τὸν
3577 3969 3668 4020 λό-

2083 4112 2199 4165 γον.
2255 4093 2630 4164 Ἀναμνήσατε
2664 4091 2864 4154 αὐτοὺς
2908 4090 3018 4142 τῶν
3067 4085 3356 4149 Ἰουδαίων,
3411 4081 3666 4153 ἀναμνή-

2085 4224 2215 4261 σατε
2238 4205 2435 4268 αὐτοὺς
2455 4203 2563 4256 τῶν
2591 4202 2862 4273 βιωτικῶν
2889 4199 3232 4271 πραγμάτων
3250 4213 3264 4228 ο
3293 4195 3480 4248 είπατε
3509 4192 3669 4259 πόσῳ

2085 4315 2310 4387 βελτίων
2370 4310 2666 4384 ηένταῦθα
2713 4309 2952 4374 σύναξις,
2989 4309 3178 4361 εἴπατε
3223 4304 3398 4375 πόσην
3425 4299 3672 4370 σπουδὴν

2084 4445 2150 4482 πε
2161 4429 2212 4500 ρὶ
2237 4425 2306 4480 τά
2333 4423 2426 4478 τοῦ
2455 4423 2662 4492 κόσμου
2693 4403 3001 4491 πράγματα
3020 4413 3440 4475 ἐπιδείκνυνται,
3469 4410 3668 4463 εἴπατε

2084 4535 2248 4598 πόσος
2294 4530 2483 4604 μισθὸς
2533 4530 2726 4583 ἕπεται
2771 4528 2885 4589 τοῖς
2935 4521 3169 4576 ἐνταῦθα
3218 4514 3664 4588 συλλεγομένοις.

2085 4641 2182 4692 Ἂν
2211 4637 2320 4710 γάρ
2353 4637 2512 4709 μόνον
2541 4633 2754 4705 εἴπητε,
2784 4632 2868 4684 ὅτι
2903 4628 3280 4700 κατηγόρησα,
3323 4623 3415 4677 τὸν
3444 4622 3543 4692 μὲν
3568 4621 3668 4674 θυ-

2086 4750 2186 4822 μὸν
2225 4747 2507 4820 ἠγείρατε,
2545 4743 2642 4798 καὶ
2668 4740 2890 4813 τραῦμα
2922 4735 3255 4811 εἰργάσασθε
3276 4775 3291 4799 ,
3331 4734 3393 4787 τὸ
3427 4733 3484 4786 δέ
3516 4731 3626 4802 φάρ
3646 4761 3667 4771 -

2090 4875 2265 4931 μακον
2295 4859 2396 4912 οὐκ
2425 4855 2736 4927 ἐπεθήκατε
2757 4868 2770 4882 ·
2817 4853 2885 4907 ἂν
2909 4852 2968 4906 δέ
2997 4849 3248 4921 διδάξητε
3295 4847 3496 4910 αὐτοὺς
3517 4885 3532 4908 ,
3571 4845 3659 4897 ὅτι

2083 4969 2181 5038 οὐχ
2219 4966 2294 5030 ὼς
2329 4965 2521 5036 ἐχθρὸς
2559 4961 2917 5034 κατηγόρησα
2941 5001 2956 5026 ,
2987 4959 3102 5014 ἀλλ’
3137 4958 3215 5022 ὡς
3263 4955 3415 5026 φίλος
3463 4951 3674 5006 ὀδυνὼ--

2088 5095 2265 5148 μενος,
2286 5076 2380 5130 καὶ
2401 5075 2626 5145 πείσητε
2643 5073 2862 5136 αὐτοὺς,
2887 5070 2967 5125 ὅτι
2997 5068 3470 5163 Ἀξιοπιστότερα
3491 5063 3673 5132 τραύ-

2077 5202 2237 5256 ματα
2264 5185 2478 5254 φίλων,
2511 5184 2550 5251 ἢ
2577 5183 2829 5237 ἑκούσια
2860 5177 3168 5250 φιλήματα
3197 5174 3446 5246 ἐχθρῶν,
3480 5170 3668 5237 δέξον-

2082 5313 2172 5348 ται
2223 5292 2364 5365 μετά
2412 5292 2614 5363 πολλῆς
2659 5291 2853 5363 ἡδονῆς
2899 5291 2999 5362 τὴν
3027 5287 3413 5359 ικατηγορίαν·
3456 5285 3517 5337 οὐ
3553 5282 3672 5352 γὰρ

2083 5403 2195 5466 τοῖς
2230 5400 2490 5473 ῥήμασιν,
2519 5398 2656 5452 ἀλλὰ
2695 5400 2762 5469 τῇ
2795 5395 2990 5468 γνώμῃ
3023 5393 3116 5450 τοῦ
3179 5393 3433 5459 λέγοντος
3487 5402 3664 5458 προσ-

2081 5505 2309 5572 έξουσιν.
2329 5502 2487 5557 Οῦτω
2505 5500 2840 5575 θεραπεύετε
2865 5498 2996 5562 τοὺς
3026 5499 3292 5568 ἀδελφοὺς
3313 5497 3438 5559 τοὺς
3465 5493 3670 5565 ὑμετέ-

2087 5628 2231 5683 ρους.
2274 5607 2464 5679 Ἡμεῖς
2487 5607 2586 5676 τῆς
2614 5605 2887 5677 σωτηρίας
2917 5601 3209 5657 ὑπεύθυνοι
3238 5601 3346 5653 τῶν
3378 5598 3670 5667 παρόντων

2089 5717 2262 5787 ὑμῶν,
2299 5715 2453 5785 ὑμεῖς
2488 5713 2588 5784 τῆς
2620 5713 2725 5769 τῶν
2760 5709 3215 5782 ἀπολειφθέντων.
3253 5708 3328 5764 Οὐ
3362 5703 3478 5779 [54]
3505 5697 3674 5758 δυνάεο
