4010 6342
239 378 310 431 (ῐ9
839 368 902 425 IN
943 359 1462 423 INSCRIPTIONEM
1504 355 1798 413 ALTARIS
1837 350 1924 410 ET
1966 352 2028 407 IN
2071 348 2461 405 PRINCIPIUM
2506 347 2856 405 ACTORUM.
2898 347 2941 404 1.
3441 348 3505 404 70

228 495 517 567 gloriaris?
535 510 605 550 an
641 492 710 547 ob
734 487 979 545 divitias?
1024 501 1090 539 an
1120 483 1190 538 ob
1220 490 1394 535 vestes
1440 475 1669 532 sericas?
1717 472 1822 528 Cur

232 565 343 645 non
372 587 547 658 potius
576 585 778 654 cogitas
801 581 914 636 illas
939 577 1199 632 vermium
1226 587 1345 628 esse
1369 569 1593 625 stamina
1624 574 1679 621 et
1698 565 1823 619 bar-

231 656 488 737 barorum
517 677 790 731 hominum
840 665 1421 726 inventa?meretrices
1464 662 1568 716 illis
1598 675 1659 712 ac
1688 656 1826 710 mol-

233 774 334 833 les.
385 782 441 826 et
485 768 851 839 sepulcrorum
899 762 1261 833 perfossores,
1322 770 1385 810 ac
1427 754 1661 809 latrones
1713 749 1827 804 uti?

232 862 459 915 Divitias
484 872 715 930 agnosce
738 854 1001 925 legitimas
1022 892 1037 916 ,
1072 860 1126 905 et
1153 849 1220 903 ab
1260 847 1350 901 illo
1384 841 1602 899 sublimi
1654 854 1821 894 vano—

230 966 339 1019 que
362 950 500 1005 fastu
541 945 826 1018 aliquando
873 942 1152 1004 delabere;
1185 947 1388 993 natura;
1417 934 1669 987 vilitatem
1696 945 1825 985 con-

232 1041 434 1096 sidera.
468 1041 632 1095 Terra
677 1053 737 1093 es
767 1046 821 1092 et
863 1035 1036 1106 pulvis
1055 1074 1071 1099 ,
1094 1031 1227 1085 cinis
1252 1040 1308 1084 et
1338 1026 1512 1082 favilla
1531 1068 1545 1090 ,
1575 1025 1751 1078 fumus
1776 1031 1831 1077 et

233 1135 463 1199 umbra,
500 1132 700 1187 faenum
730 1139 784 1185 et
810 1129 910 1184 llos
954 1126 1100 1182 fceni.
1138 1122 1341 1185 Taline,
1374 1135 1589 1190 qtueso,
1642 1127 1829 1171 natura

233 1225 520 1296 gloriaris?
549 1223 684 1291 Quid
700 1238 828 1277 vero
853 1236 971 1275 esse
999 1226 1173 1290 potest
1197 1215 1364 1284 magis
1388 1212 1667 1267 ridiculum
1693 1209 1832 1263 ?At-

234 1318 328 1386 qui
351 1317 532 1371 multis
556 1310 864 1369 hominibus
888 1309 1151 1382 imperas?
1171 1308 1307 1376 Quid
1333 1306 1435 1360 hoc
1465 1305 1556 1358 tibi
1591 1302 1827 1373 prodeSI,

235 1410 384 1480 quod
413 1408 719 1463 hominibus
764 1408 1028 1475 imperes,
1058 1418 1177 1456 cum
1211 1398 1670 1470 perturbationum
1714 1404 1830 1447 tua-

236 1517 362 1556 rum
410 1515 599 1556 servus
647 1507 702 1553 et
748 1496 989 1566 captivus
1016 1492 1125 1549 sis?
1162 1488 1620 1559 Quemadmodum
1646 1485 1833 1555 siquis

235 1592 385 1647 domi
412 1591 629 1662 quidem
656 1605 687 1645 a
716 1588 928 1644 famulis
953 1584 1265 1642 verberibus
1291 1596 1353 1636 ac
1371 1580 1675 1635 vulneribus
1698 1592 1831 1632 con-

236 1684 469 1751 cidatur,
502 1683 634 1739 foris
663 1691 841 1737 autem
870 1682 921 1734 in
949 1678 1124 1734 forum
1148 1675 1398 1740 veniens,
1421 1670 1563 1743 quod
1587 1670 1703 1724 aliis
1728 1668 1831 1722 im-

235 1788 413 1847 peret,
468 1777 765 1848 glorietur:
798 1776 871 1830 ita
899 1788 1020 1828 cum
1052 1781 1106 1826 te
1149 1770 1397 1825 verberet
1440 1765 1611 1820 inanis
1650 1761 1834 1831 gloriae

236 1869 529 1937 cupiditas,
552 1883 675 1922 cum
706 1866 801 1921 tibi
833 1865 1050 1919 vulnera
1078 1860 1281 1929 inﬂigat
1308 1857 1512 1913 luxuria
1535 1897 1550 1921 ,
1578 1869 1698 1910 eum
1720 1869 1835 1906 om-

236 1961 389 2014 nium
422 1958 882 2029 perturbationum
910 1970 1100 2011 servus
1125 1953 1221 2019 sis,
1251 1951 1493 2022 gloriaris
1513 1946 1656 2019 quod
1703 1961 1832 2015 gen.

238 2053 427 2105 tilibus
457 2051 562 2105 tuis
598 2049 867 2120 imperes?
892 2048 1067 2117 Atque
1096 2047 1294 2100 utinam
1354 2042 1458 2096 illis
1508 2037 1837 2111 imperares!

239 2142 449 2196 utinam
478 2140 888 2212 :equiparandus
919 2137 1023 2192 iliis
1049 2135 1232 2191 esses!

310 2233 369 2287 2.
406 2232 528 2286 Non
555 2232 761 2297 divitiae,
789 2230 877 2285 sed
902 2228 1190 2282 divitiarum
1214 2224 1398 2279 abusus
1424 2221 1840 2276 damnandus.—

238 2326 360 2383 Non
391 2337 451 2381 ut
473 2325 666 2381 divites
686 2338 935 2379 accusem
967 2322 1083 2375 haec
1100 2319 1250 2383 dico,
1285 2317 1379 2372 sed
1408 2331 1501 2371 eos
1526 2317 1615 2385 qui
1641 2312 1838 2367 divitiis

240 2435 527 2490 perperam
559 2429 801 2473 utuntur.
833 2414 1014 2484 Neque
1039 2413 1180 2468 enim
1214 2411 1410 2465 malum
1446 2417 1571 2463 sunt
1605 2405 1801 2460 divitia:
1821 2445 1835 2467 ,

240 2515 285 2566 si
310 2513 393 2566 eis
414 2520 473 2564 ut
494 2518 705 2580 oportet
734 2508 809 2563 uti
836 2507 1181 2569 voluerimus,
1219 2503 1313 2558 sed
1338 2501 1585 2572 superbia
1612 2507 1668 2554 et
1693 2514 1840 2552 arro-

240 2602 449 2671 gantia.
472 2600 528 2655 Si
552 2598 746 2653 malum
772 2606 953 2654 essent
972 2595 1188 2659 divitiae,
1214 2606 1547 2663 nequaquam
1569 2589 1635 2643 ad
1665 2588 1839 2642 sinum

240 2693 481 2748 Abrahae
509 2691 793 2761 pervenire
820 2701 1126 2758 optaremus
1153 2699 1340 2739 omnes
1365 2725 1378 2748 ,
1406 2683 1496 2753 qui
1524 2678 1842 2736 vernaculos

243 2784 436 2840 habuit
466 2791 735 2839 trecentos
761 2792 817 2837 et
843 2781 1138 2837 octodecim
1171 2778 1416 2832 famulos.
1450 2776 1566 2831 Non
1593 2781 1718 2830 sunt
1745 2774 1845 2845 igi-

245 2890 339 2933 tur
384 2877 579 2931 malum
609 2875 809 2930 divitiae
835 2916 850 2939 ,
878 2872 971 2928 sed
1018 2871 1328 2942 illegitimus
1366 2883 1550 2924 earum
1590 2881 1719 2922 usus
1761 2871 1846 2920 est

247 2969 477 3024 malum.
500 2968 569 3022 Et
591 2967 731 3022 sicut
758 2981 927 3035 nuper
949 2964 1018 3020 de
1046 2964 1305 3019 ebrietate
1330 2959 1491 3017 verba
1514 2960 1715 3015 faciens
1734 2972 1842 3012 non

247 3062 441 3115 vinum
480 3059 795 3114 accusabam
825 3056 901 3131 (a)
931 3074 946 3123 ;
975 3056 1173 3127 quippe
1215 3070 1335 3110 cum
1387 3052 1562 3108 omnis
1600 3060 1843 3107 creatura

250 3152 352 3206 Dei
383 3152 520 3205 bona
543 3191 560 3215 ,
589 3149 824 3219 nihilque
851 3147 1198 3217 rejiciendum
1226 3145 1294 3200 sit
1328 3144 1467 3213 quod
1495 3158 1616 3197 cum
1643 3141 1845 3212 gratia-

251 3258 374 3297 rum
403 3242 613 3297 actione
640 3240 929 3311 percipitur
951 3240 1027 3311 (1.
1049 3238 1185 3293 Tim.
1217 3238 1271 3293 4.
1299 3236 1365 3308 4)
1400 3255 1410 3288 :
1445 3237 1516 3290 ita
1546 3251 1684 3290 nunc
1710 3250 1848 3305 quo-

253 3351 363 3405 que
407 3351 512 3389 non
541 3334 735 3389 divites
760 3346 978 3398 accuso,
1018 3346 1191 3402 neque
1219 3329 1471 3399 pecunias
1497 3329 1547 3381 in
1594 3326 1846 3380 invidiam

254 3430 488 3495 adduco,
519 3428 612 3483 sed
644 3427 840 3481 malum
864 3442 1017 3479 usum
1045 3423 1411 3494 pecuniarum,
1442 3428 1499 3476 et
1526 3419 1616 3489 qui
1647 3419 1698 3472 in
1726 3418 1849 3472 libi-

256 3521 414 3576 dines
453 3518 793 3588 impenditur.
819 3509 1107 3586 Proptérea
1146 3526 1374 3584 χρήματα
1402 3511 1478 3583 (b)
1506 3509 1743 3580 pecunia:
1771 3507 1853 3563 di-

258 3624 476 3679 cuntur,
505 3623 561 3666 ut
588 3627 685 3666 nos
712 3610 819 3665 illis
856 3621 1098 3674 utamur,
1127 3618 1183 3663 et
1224 3622 1331 3662 non
1359 3607 1464 3661 illae
1503 3605 1655 3660 nobis
1687 3620 1702 3657 :
1733 3618 1854 3673 pro-

258 3714 445 3775 pterea
491 3702 859 3773 possessiones
883 3702 1169 3766 dicuntur,
1201 3709 1259 3753 ut
1303 3714 1402 3753 nos
1437 3697 1555 3751 illas
1584 3695 1857 3766 possidea-

261 3811 422 3858 ntus,
452 3804 508 3849 et
568 3808 674 3849 non
731 3793 837 3847 illa:
893 3806 1011 3847 nos.
1062 3792 1168 3846 Cur
1222 3790 1381 3861 igitur
1426 3804 1639 3844 servum
1691 3787 1855 3842 habes

260 3886 580 3941 dominum?
623 3900 718 3940 cur
772 3884 1033 3939 invertisti
1077 3881 1356 3938 ordinem?
1400 3882 1469 3936 At
1519 3882 1659 3936 enim
1718 3880 1856 3935 scire

262 3968 647 4048 percuperem,
675 3976 801 4047 quid
838 3976 915 4031 illi
948 3990 1089 4029 nunc
1129 3982 1289 4043 agant
1314 3974 1403 4042 qui
1432 3973 1711 4027 collectam
1758 3972 1857 4027 de—

264 4078 585 4136 seruerunt,
624 4077 680 4123 et
720 4068 910 4138 quibus
932 4076 1281 4137 occupentur.
1315 4065 1570 4119 Nimirum
1612 4073 1703 4118 ant
1742 4064 1856 4118 alea

266 4164 493 4227 ludunt,
526 4171 617 4215 aut
640 4162 860 4215 omnino
888 4160 1050 4216 rebus
1077 4158 1422 4215 smcularibus
1445 4199 1459 4223 ,
1484 4174 1603 4228 quae
1632 4157 1857 4211 tumultu

266 4253 605 4317 redundant,
634 4251 972 4307 distinentur.
1004 4250 1101 4305 Hic
1124 4250 1168 4305 si
1196 4250 1440 4314 adesses,
1473 4249 1544 4302 mi
1574 4247 1735 4302 homo
1758 4287 1774 4314 ,
1805 4247 1857 4301 in

268 4346 656 4417 tranquillitate
681 4355 839 4415 atque
863 4344 915 4399 in
944 4353 1097 4415 portu
1119 4358 1299 4399 esses:
1323 4358 1426 4397 non
1454 4342 1724 4413 ingressus
1752 4339 1861 4395 dis-

266 4446 527 4508 pensator
569 4437 987 4503 interturbaret,
1042 4451 1149 4491 non
1189 4444 1503 4505 procurator
1549 4433 1859 4503 interpella-

269 4541 387 4598 ret,
437 4546 544 4585 non
599 4529 934 4585 famulus‘ob
979 4528 1254 4583 saecularia
1304 4528 1512 4597 negotia
1564 4526 1861 4581 molestiam

269 4624 511 4686 alferret,
539 4638 645 4679 non
668 4623 804 4677 alius
830 4623 969 4678 ullus
992 4622 1246 4687 irritaret,
1274 4621 1367 4677 sed
1398 4622 1448 4675 in
1475 4621 1652 4690 quiete
1673 4620 1863 4675 vivens

272 4715 473 4770 divinis
500 4713 815 4770 lectionibus
858 4714 1162 4768 interesses.
1192 4712 1460 4782 Nusquam
1507 4712 1591 4766 hic
1630 4710 1861 4767 ﬂuctus:

273 4823 540 4879 nusquam
593 4808 884 4871 tumultus,
943 4806 1040 4862 sed
1096 4805 1399 4861 benedictio
1443 4815 1499 4860 et
1544 4820 1765 4874 preces,
1814 4814 1868 4859 et

274 4916 460 4955 sermo
488 4899 781 4969 spiritualis
806 4940 822 4965 ,
866 4908 921 4954 et
946 4898 997 4953 in
1028 4898 1217 4953 caelum
1261 4897 1650 4967 commigratio,
1680 4904 1735 4951 et
1756 4896 1865 4965 jam

274 5009 345 5047 ex
373 4992 476 5047 hoc
496 4993 614 5047 loco
632 5032 648 5057 ,
676 5000 898 5061 accepto
935 4990 1157 5061 pignore
1186 4988 1335 5059 regni
1378 4989 1664 5055 caelorum,
1695 4989 1869 5043 disce-

276 5084 459 5139 deres.
490 5082 659 5150 Quam
686 5082 756 5137 ob
781 5096 995 5136 causam
1023 5081 1329 5149 opulentam
1374 5080 1509 5135 hanc
1546 5095 1784 5135 mensam
1816 5089 1868 5133 et

278 5175 556 5243 opiparam
602 5174 855 5229 deserens
879 5215 894 5240 ,
932 5173 996 5226 ad
1023 5173 1180 5226 aliam
1226 5173 1393 5226 multo
1423 5173 1784 5228 molestiorem
1819 5181 1870 5225 te

282 5264 599 5318 transtulisti
626 5306 640 5328 ,
676 5272 731 5318 et
758 5264 1013 5318 derelicto
1044 5273 1197 5330 portu
1225 5278 1344 5317 cum
1381 5262 1550 5317 turbis
1578 5263 1871 5333 tranquilli-

282 5368 448 5412 tatem
475 5355 853 5411 commutasti?
882 5356 975 5411 Est
1000 5355 1130 5409 illud
1150 5354 1362 5425 quidem
1390 5370 1571 5426 grave,
1599 5355 1741 5425 quod
1761 5370 1868 5409 non

282 5449 535 5505 intersint
561 5464 823 5520 pauperes
844 5490 858 5509 .
889 5449 977 5519 qui
1005 5458 1113 5503 tum
1142 5449 1365 5504 aderant
1392 5466 1405 5502 :
1435 5448 1531 5505 sed
1563 5465 1668 5503 non
1693 5450 1762 5503 ita
1791 5458 1871 5503 ta-

281 5557 409 5598 men
439 5555 600 5611 grave
620 5580 636 5607 ,
665 5548 723 5595 ut
761 5539 903 5610 quod
934 5540 1126 5595 divites
1154 5555 1260 5595 non
1290 5541 1555 5597 intersint.
1587 5540 1723 5608 Quid
1755 5541 1824 5594 ita
1850 5540 1874 5592 ?

286 5696 427 5809 mg?
460 5696 579 5746 vide
609 5708 755 5760 supra
792 5695 962 5746 Homil.
996 5703 1162 5747 contra
1200 5697 1419 5748 Ebriosos
1453 5702 1504 5746 et
1534 5696 1598 5747 de
1639 5703 1874 5747 Resurre-

422 5772 470 5807 ε.

353 5772 503 5884 ἴδελ
527 5821 696 5878 verbo.
716 5834 870 5899 χράωαι
887 5858 900 5884 ,
926 5820 973 5871 id
1000 5827 1093 5883 est,
1119 5825 1269 5901 ηψπ..

1931 468 2083 536 Quod
2120 482 2382 537 pauperes
2427 467 2742 522 necessariis
2770 466 3209 534 occupationibus
3244 465 3530 520 detinean—

1934 568 2040 624 tur,
2074 559 2365 630 quotidiani
2394 558 2589 628 opificii
2619 558 2995 618 sollicitudine.
3026 557 3270 615 manibus
3301 558 3414 613 suis
3442 557 3520 611 vi-

1931 659 2076 706 ctum
2113 651 2212 705 sibi
2242 661 2616 720 comparantes
2645 668 2658 703 :
2686 650 3082 706 educandorum
3110 652 3401 706 liberorum
3428 666 3523 705 cu-
3582 634 3583 637 η

1934 758 2047 796 ram
2071 751 2286 812 gerunt,
2317 756 2539 796 uxorem
2565 750 2797 808 tuentur,
2824 756 2887 796 ac
2919 743 3017 796 nisi
3048 742 3311 809 laborent,
3344 744 3522 798 vivere

1936 846 2225 905 nequeunt.
2260 833 2384 889 Haec
2414 849 2441 886 a
2471 845 2556 889 me
2593 832 2878 900 dicuntur,
2906 849 3011 887 non
3060 844 3116 888 ut
3156 834 3522 889 defensionem

1936 925 2042 979 illis
2087 939 2425 995 componam,
2470 923 2564 980 sed
2610 932 2667 978 ut
2705 924 2897 979 divites
2948 923 3134 993 majori
3187 925 3525 979 acetisatione

1935 1032 2057 1071 esse
2117 1017 2306 1087 dignos
2363 1016 2663 1071 ostendam.
2718 1014 2929 1083 Quanto
2990 1014 3178 1085 majori
3240 1016 3525 1070 securitate

1936 1107 2203 1172 fruuntur,
2235 1117 2380 1161 tanto
2413 1107 2580 1177 magis
2602 1106 3015 1171 damnabuntur,
3037 1105 3178 1175 quod
3202 1105 3357 1160 nullis
3382 1105 3525 1175 ejus-

1936 1200 2077 1254 modi
2105 1199 2265 1254 rebus
2300 1208 2646 1267 occupentur.

2005 1291 2204 1346 Judwis
2225 1292 2418 1361 peiores
2454 1292 2540 1362 qui
2568 1289 2749 1343 absunt
2769 1288 2831 1342 ab
2850 1287 3080 1342 ecclesia.
3112 1318 3184 1327 —
3203 1286 3390 1343 Nonne
3428 1288 3525 1342 Ju-

1936 1380 2081 1436 daeos
2113 1381 2304 1436 videtis
2329 1424 2342 1448 ,
2377 1381 2487 1435 Deo
2534 1380 2798 1441 rebelles.
2830 1380 2919 1451 qui
2961 1377 3180 1449 Spiritui
3221 1391 3403 1434 sancto
3450 1396 3529 1435 reo

1937 1475 2165 1539 sistunt,
2225 1473 2388 1528 duros
2432 1473 2549 1528 illos
2598 1474 2845 1527 cervice?
2895 1472 2987 1527 His
3043 1474 3260 1527 omnino
3318 1472 3526 1543 pejores

1937 1562 2096 1632 sunl,
2133 1565 2222 1636 qui
2267 1581 2371 1619 non
2422 1575 2701 1619 venerunt.
2733 1564 2843 1619 Illis
2892 1565 2935 1619 si
2993 1563 3227 1619 dixerint
3271 1564 3528 1620 sacerdo-

1939 1667 2021 1713 tes
2068 1667 2271 1726 septem
2314 1656 2505 1712 diebus
2545 1656 2612 1710 ab
2653 1656 2904 1724 operibus
2945 1655 3293 1722 cessandum,
3326 1656 3409 1711 vel
3435 1656 3529 1712 dc-

1937 1767 2097 1817 cem,
2128 1751 2213 1806 vel
2258 1750 2482 1821 viginti,
2527 1750 2612 1804 vel
2666 1749 2911 1819 triginta,
2961 1765 3064 1803 non
3115 1749 3526 1803 contradicunt:

1941 1845 2152 1899 tametsi
2184 1844 2308 1915 quid
2339 1844 2424 1898 illa
2453 1847 2728 1898 vacatione
2755 1842 3032 1897 molestius
3056 1841 3167 1896 fieri
3194 1842 3409 1913 potest?
3436 1841 3529 1896 Fo-

1940 1950 2026 1989 res
2056 1934 2375 2001 occludunt,
2408 1949 2507 1989 nec
2535 1934 2710 2003 ignem
2738 1932 3039 1988 accendunt
3058 1975 3071 1994 ,
3104 1947 3204 1987 nec
3233 1948 3422 2002 aquam
3453 1932 3530 1987 fe-

1940 2034 2098 2090 runt,
2132 2041 2303 2095 neque
2344 2025 2487 2081 aliud
2524 2025 2811 2095 quidquam
2852 2024 2919 2079 ad
2947 2023 3207 2093 ejusmodi
3251 2040 3401 2078 usum
3432 2039 3527 2093 ag-

1940 2117 2089 2187 gredi
2117 2118 2221 2172 illis
2264 2117 2622 2187 permittitur:
2657 2117 2750 2172 sed
2778 2116 2888 2170 otio
2910 2123 3178 2185 tamquam
3209 2126 3394 2170 catena
3424 2116 3531 2168 vin-

1940 2210 2171 2276 ciuntur,
2200 2219 2254 2265 et
2279 2225 2345 2265 ne
2386 2218 2495 2263 tum
2517 2208 2731 2279 quidem
2762 2207 3154 2280 contradicunt.
3180 2208 3248 2261 At
3276 2222 3373 2275 ego
3399 2206 3531 2261 nihil

1944 2300 2049 2354 tale
2072 2299 2192 2354 dico
2213 2342 2229 2368 ,
2260 2314 2367 2353 non
2410 2300 2617 2370 impero
2643 2310 2700 2354 ut
2727 2308 2930 2369 septem
2960 2298 3217 2354 decemve
3250 2297 3438 2351 diebus
3463 2297 3532 2351 ab

1942 2391 2195 2461 Operibus
2222 2392 2510 2457 abstineas,
2542 2392 2638 2448 sed
2664 2391 2798 2447 duas
2819 2391 2950 2446 mihi
2974 2391 3082 2447 diei
3115 2392 3273 2446 horas
3301 2400 3355 2445 ut
3381 2405 3530 2445 com-

1944 2482 2149 2548 modes,
2174 2484 2406 2553 reliquas
2448 2485 2563 2554 ipse
2585 2483 2678 2538 tibi
2711 2483 2907 2539 habeas
2927 2525 2941 2548 ,
2969 2491 3023 2538 et
3057 2498 3126 2537 ne
3156 2481 3294 2537 hanc
3314 2482 3530 2553 quidem

1945 2577 2074 2631 mihi
2108 2593 2412 2632 mensuram
2459 2578 2773 2632 contribuis.
2806 2576 2916 2630 lino
2946 2591 3075 2630 vero
3119 2574 3247 2629 mibi
3292 2589 3358 2629 ne
3395 2589 3536 2628 com-

1946 2669 2133 2723 modes
2160 2668 2292 2723 duas
2332 2668 2490 2722 horas
2510 2710 2524 2730 ,
2566 2668 2659 2722 sed
2694 2668 2786 2723 tibi
2816 2667 2937 2738 ipsi,
2981 2675 3040 2721 ut
3068 2682 3133 2721 ex
3162 2667 3403 2721 oratione
3446 2681 3537 2733 pa-

1948 2768 2086 2813 trum
2134 2760 2365 2829 aliquam
2398 2758 2817 2813 consolationem
2866 2757 3130 2827 percipias
3155 2796 3169 2820 ,
3210 2765 3270 2811 ut
3314 2756 3537 2812 benedi-

1947 2850 2213 2904 ctionibus
2239 2850 2430 2921 plenus
2459 2849 2708 2916 recedas,
2742 2858 2800 2904 ut
2842 2849 2987 2903 omni
3033 2864 3097 2903 ex
3139 2857 3286 2918 parte
3315 2864 3538 2904 securus

1947 2941 2131 3007 abeas,
2160 2951 2218 2996 ut
2242 2940 2602 3011 spiritualibus
2627 2944 2861 3010 acceptis
2881 2941 3044 2995 armis
3073 2939 3301 2995 invictus
3323 2940 3537 2995 diabolo

1948 3042 2004 3088 et
2029 3033 2451 3104 inexpugnabilis
2475 3031 2591 3087 fias.
2621 3032 2758 3100 Quid
2779 3033 3062 3102 jucundius
3082 3072 3098 3098 ,
3128 3047 3345 3102 qnzeso,
3377 3046 3537 3101 quam

1951 3125 2038 3179 hic
2058 3125 2301 3180 versari?
2328 3125 2383 3181 Si
2406 3126 2547 3180 enim
2578 3136 2716 3179 totos
2736 3124 2851 3179 dies
2883 3124 2969 3179 hic
2998 3124 3291 3193 transigere
3318 3139 3540 3179 necesse

1951 3227 2115 3283 esset,
2144 3218 2269 3288 quid
2301 3217 2649 3287 prmclarius?
2678 3215 2802 3284 quid
2836 3216 3021 3279 tutius,
3055 3216 3141 3270 ubi
3175 3225 3252 3270 tot
3281 3224 3405 3270 sunt
3432 3217 3539 3270 fra-

1955 3318 2084 3375 tres,
2114 3309 2201 3363 ubi
2229 3309 2456 3379 Spiritus
2478 3318 2717 3375 sanctus,
2744 3308 2832 3363 ubi
2865 3309 3072 3364 medius
3096 3308 3271 3372 Jesus,
3304 3319 3359 3363 et
3385 3309 3542 3363 Pater

1953 3401 2111 3470 ejus?
2144 3400 2364 3468 Qualem
2403 3400 2560 3454 aliam
2604 3402 2762 3455 talem
2808 3402 3273 3471 congregationem
3306 3400 3544 3471 quarris?

1954 3493 2166 3561 qualem
2191 3491 2353 3545 alium
2381 3492 2667 3547 senatum?
2688 3492 2902 3562 qualem
2930 3502 3249 3548 conventum
3272 3493 3297 3546 ?
3322 3494 3424 3548 Tot
3451 3494 3546 3549 bo-

1956 3586 2043 3638 nis
2071 3584 2264 3638 referta
2293 3594 2374 3639 est
2404 3598 2609 3651 mensa,
2636 3593 2713 3638 tot
2750 3584 2907 3639 lectio
2934 3585 3245 3656 Scriptum,
3272 3594 3348 3640 tot
3376 3586 3542 3641 bene-

1956 3678 2240 3743 dictiones,
2271 3687 2347 3732 tot
2373 3692 2578 3747 preces.
2603 3686 2681 3732 tot
2708 3678 2807 3748 ipsi
2834 3694 3152 3749 congressus
3182 3697 3194 3732 :
3224 3689 3279 3734 et
3309 3689 3361 3733 tu
3388 3681 3545 3734 aliam

1958 3772 2417 3826 conversationem
2440 3780 2493 3825 et
2522 3771 2786 3841 colloquia
2814 3773 3071 3841 spectas?
3099 3772 3337 3840 Quanam
3368 3785 3548 3827 autem

1959 3863 2114 3918 venia
2143 3862 2335 3932 dignus
2357 3862 2693 3918 censebere?
2726 3862 2850 3918 Haec
2890 3879 2921 3917 a
2962 3879 3047 3918 me
3075 3863 3214 3917 dicta
3256 3873 3413 3929 sunt,
3443 3880 3547 3918 non

1961 3964 2021 4009 ut
2044 3970 2139 4009 vos
2166 3954 2394 4009 audiatis
2424 3973 2435 4007 :
2470 3970 2647 4025 neque
2676 3954 2819 4010 enim
2849 3970 2947 4009 vos
2972 3956 3376 4009 medicamentis
3400 3957 3549 4025 ejus-

1962 4050 2106 4104 modi
2134 4048 2399 4120 indigetis,
2428 4048 2518 4119 qui
2546 4049 2675 4117 ipsis
2700 4048 2950 4117 operibus
2972 4063 3132 4103 sanos
3160 4065 3255 4104 vos
3275 4064 3393 4104 esse
3413 4064 3552 4104 com-

1964 4142 2269 4212 probastis,
2319 4141 2410 4211 qui
2460 4140 2729 4204 obeditis,
2776 4140 2866 4208 qui
2898 4148 3046 4194 tanto
3091 4140 3267 4196 studio
3316 4150 3551 4196 vestrum

1964 4248 2201 4287 amorem
2224 4232 2574 4287 ostendistis:
2599 4230 2692 4286 sed
2721 4230 2789 4286 ad
2819 4246 2911 4286 vos
2934 4231 3050 4286 haec
3074 4231 3216 4287 dicta
3242 4241 3369 4287 sunt
3388 4249 3421 4288 a
3442 4249 3550 4302 me,

1965 4334 2025 4380 ut
2053 4341 2117 4380 ex
2145 4324 2294 4380 vobis
2323 4323 2542 4379 audiant
2568 4324 2658 4394 qui
2686 4339 2790 4378 non
2819 4323 3035 4378 adsunt.
3063 4323 3240 4379 Nolite
3268 4325 3447 4381 dicere
3470 4340 3551 4380 so-

1967 4419 2076 4474 lum
2111 4433 2140 4471 a
2172 4432 2258 4471 me
2282 4424 2562 4473 accusatos
2589 4430 2684 4471 eos
2712 4431 2832 4471 esse
2864 4415 2954 4486 qui
2996 4431 3100 4471 non
3129 4428 3428 4483 venerunt,
3458 4414 3556 4472 sed

1969 4516 2135 4565 totam
2174 4523 2206 4563 a
2249 4507 2509 4577 principio
2539 4507 2643 4562 illis
2682 4506 2979 4561 orationem
3020 4517 3253 4562 narrate.
3288 4507 3557 4563 Revocate

1969 4603 2076 4659 illis
2116 4602 2169 4656 in
2216 4601 2527 4657 memoriam
2552 4599 2803 4666 Judmos,
2842 4608 3093 4655 revocate
3141 4600 3195 4654 in
3238 4600 3553 4654 memoriam

1970 4695 2184 4765 negotia
2214 4692 2488 4750 saecularia
2521 4709 2534 4745 :
2563 4691 2725 4747 dicite
2750 4700 2951 4763 quanto
2979 4691 3317 4762 praestantior
3343 4692 3413 4745 sit
3452 4692 3556 4747 iste

1971 4796 2308 4842 conventus:
2339 4784 2499 4840 dicite
2526 4793 2783 4855 quantum
2811 4798 2935 4854 erga
2969 4798 3055 4838 res
3093 4782 3392 4837 mundanas
3438 4793 3554 4839 stu-

1973 4879 2118 4934 dium
2147 4878 2471 4944 exhibeant,
2502 4876 2664 4932 dicite
2701 4884 2897 4946 quanta
2924 4889 3132 4930 merces
3158 4874 3278 4927 illos
3310 4884 3558 4942 maneat,

1974 4970 2062 5041 qui
2082 4969 2168 5024 hic
2192 4977 2600 5039 congregantur.
2622 4967 2677 5023 Si
2700 4968 2843 5022 enim
2865 4974 3065 5019 tantum
3088 4965 3328 5020 dixeritis
3348 4981 3538 5021 accusa

1974 5061 2191 5118 tosillos
2214 5078 2245 5116 a
2265 5076 2351 5116 me
2374 5060 2559 5129 fuisse,
2583 5060 2714 5115 iram
2742 5058 3059 5124 excitabitis,
3082 5067 3136 5113 et
3150 5058 3343 5114 vulnus
3367 5057 3543 5131 inflige

1975 5153 2065 5217 tis,
2083 5169 2186 5207 non
2217 5153 2533 5207 medicinam
2558 5150 2915 5206 admovebitis
2944 5166 2957 5202 :
2984 5149 3065 5205 sin
3096 5159 3274 5205 autem
3311 5150 3431 5206 illos
3460 5151 3552 5207 do-

1976 5249 2194 5304 cueritis
2221 5263 2305 5303 me
2332 5263 2436 5303 non
2461 5257 2727 5317 tamquam
2751 5247 3021 5301 inimicum
3043 5262 3342 5311 accusasse,
3373 5265 3557 5303 verum

1978 5352 2245 5413 tamquam
2275 5343 2505 5397 amicum
2533 5341 2839 5408 indoluisse,
2864 5349 3023 5412 atque
3044 5342 3148 5397 illis
3168 5344 3559 5412 persnaseritis,

1979 5437 2244 5491 Fideliora
2293 5452 2399 5490 esse
2460 5436 2669 5489 vulnera
2721 5436 3033 5498 amicorum,
3086 5452 3238 5503 quam
3284 5445 3562 5505 spontanca

1980 5530 2153 5586 oscula
2182 5529 2499 5582 inimicorum
2529 5525 2710 5597 (Prov.
2740 5527 2829 5581 27.
2859 5527 2946 5596 6),
2975 5527 3366 5581 accusationem
3394 5526 3560 5581 multa

1980 5640 2099 5678 cum
2131 5622 2399 5691 voluptate
2446 5619 2736 5688 suscipient
2766 5638 2777 5672 :
2809 5634 2913 5674 non
2955 5618 3096 5672 enim
3130 5617 3197 5672 ad
3226 5616 3387 5673 verba
3407 5655 3423 5683 ,
3468 5617 3562 5672 sed

1983 5715 2046 5769 ad
2077 5712 2389 5768 sententiam
2418 5711 2645 5766 dicentis
2680 5710 2973 5765 attenderit.
3009 5711 3083 5763 Ita
3120 5709 3310 5765 fratres
3355 5718 3562 5765 vestros

1985 5816 2187 5864 curate.
2211 5802 2371 5865 Nobis
2411 5805 2594 5862 salutis
2636 5804 2873 5860 omnium
2909 5812 3185 5869 vestrum,
3212 5802 3301 5873 qui
3330 5801 3560 5879 adestis,
