4010 6342
414 262 477 318 ἠ
1124 256 1180 314 s
1219 253 1500 317 tomus
1536 253 2016 309 cunvsosmtu
2055 254 2368 314 ABCtllEP.
2413 258 2949 319 CONSTANTINOP.
3626 264 3697 317 re

408 390 491 432 est
510 376 645 431 ratio
665 373 1146 440 reddeuda,vobis,
1173 388 1358 430 eorum
1382 387 1467 441 qut
1495 376 1706 425 absunt.
1726 372 1841 423 Non
1871 383 1998 437 pos—

408 484 594 523 sumus
634 468 732 539 ipsi
768 484 865 539 per
900 482 1000 522 nos
1027 482 1149 523 cum
1189 466 1293 520 illis
1328 465 1387 518 in
1419 462 1739 530 οοΙΙοιιυίωιι
1782 460 1998 525 venire,

409 578 507 635 per
533 580 625 617 vos
643 578 765 617 cum
793 562 897 617 illis
925 561 980 616 in
1008 560 1333 630 colloquium
1359 558 1636 611 veniamus
1656 595 1670 615 .
1694 566 1746 609 ct
1777 569 1870 623 per
1902 568 1999 607 ve-

409 670 573 713 stram
602 657 961 714 eruditionem
990 674 1002 709 :
1035 658 1105 711 sit
1133 654 1289 711 nobis
1320 653 1485 706 instar
1514 650 1691 720 pontis
1725 645 2001 716 cujusdam

409 768 532 822 erga
561 751 680 805 illos
712 752 911 806 caritas
948 760 1129 805 vestra
1158 764 1172 803 :
1205 746 1399 802 eftleite
1429 754 1485 798 ut
1520 758 1614 814 per
1650 742 1883 811 linguam
1912 754 2002 793 ve-

409 852 573 895 stram
606 840 774 895 nostri
805 856 1082 896 sermones
1107 838 1173 893 ad
1216 837 1425 891 illorum
1466 847 1624 888 aures
1650 830 1999 899 trajiciantur.

409 934 684 990 Sufficient
709 933 936 988 fortasse
978 946 1098 1001 quze
1140 929 1370 983 diximus
1393 926 1459 979 de
1500 924 1622 986 illis,
1652 923 1739 993 qui
1762 922 2003 976 collecta:

411 1043 519 1082 non
551 1028 841 1093 intersunt,
867 1040 1041 1094 neque
1070 1021 1356 1094 quidquam
1386 1026 1469 1075 est
1511 1014 1836 1072 addendum.
1868 1013 2001 1067 Nam

410 1122 559 1190 plura
588 1119 803 1191 quidem
831 1117 1009 1173 dicere
1042 1115 1424 1186 potuissemus,
1453 1109 1549 1165 sed
1589 1124 1654 1163 ne
1676 1116 1841 1162 totum
1870 1116 2004 1161 tem.

410 1230 511 1284 pus
540 1213 591 1266 iu
622 1209 883 1282 ejusmodi
915 1207 1283 1265 accusationes
1313 1202 1702 1275 impendamus,
1732 1207 1786 1255 et
1813 1198 1879 1253 ad
1905 1212 2004 1252 vos

412 1308 557 1376 ipsos
580 1346 595 1373 ,
633 1304 723 1376 qui
757 1301 985 1367 adestis,
1008 1300 1133 1355 hinc
1164 1298 1366 1353 utilitas
1395 1294 1536 1349 nulla
1568 1294 1834 1356 dimanet,
1866 1305 1964 1361 age
1984 1330 2000 1355 ,

410 1400 564 1455 vobis
588 1400 752 1453 etiam
785 1394 1055 1450 insolitum
1085 1407 1150 1447 ac
1176 1405 1372 1447 novum
1411 1386 1676 1458 quoddam
1720 1384 2003 1454 opsonium

412 1503 744 1562 apponamus
783 1504 796 1540 :
840 1484 1111 1541 insolitum
1159 1491 1337 1536 autem
1379 1494 1443 1534 ac
1483 1493 1675 1530 novum
1712 1476 1865 1541 dico,
1896 1490 2003 1529 non

413 1583 594 1636 habita
620 1580 826 1635 ratione
852 1591 1049 1632 mensa:
1076 1572 1367 1646 spiritualis
1387 1612 1402 1637 ,
1435 1569 1532 1627 sed
1559 1569 1767 1624 aurium
1794 1575 2001 1622 vestra-

410 1691 529 1733 rum
563 1672 738 1729 habita
771 1672 994 1725 ratione.

484 1768 537 1824 ὅ.
565 1763 945 1834 Superioribus
970 1760 1107 1831 apud
1130 1774 1223 1814 vos
1247 1758 1436 1816 diebus
1460 1756 1530 1814 de
1550 1754 1856 1827 apostolicis
1889 1770 2004 1806 ver-

411 1858 492 1913 bis
524 1897 541 1924 ,
569 1854 741 1924 deque
794 1852 1113 1925 evattgelieis
1158 1849 1542 1909 disseruimus,
1588 1862 1710 1901 cum
1757 1843 1826 1900 de
1868 1844 2001 1898 Juda

410 1949 571 2006 verba
596 1946 895 2003 faceremus
925 1944 1001 2015 (a)
1036 1962 1048 1995 :
1075 1941 1427 1997 disseruimus
1450 1949 1505 1992 et
1535 1937 1603 1993 de
1635 1934 1956 2007 propheticis
1985 1950 2007 1999 ί

413 2039 673 2095 hodierno
704 2036 793 2093 die
830 2036 1076 2093 volumus
1121 2033 1187 2089 de
1232 2032 1610 2102 Apostolorum
1651 2029 1800 2085 Actis
1841 2026 2004 2083 verba

412 2131 610 2187 facere.
639 2129 930 2198 Propterea
955 2126 1228 2182 insolitum
1253 2124 1363 2178 dixi
1390 2121 1671 2192 opsonium
1698 2129 1753 2176 et
1779 2134 1886 2175 non
1917 2119 2003 2173 in-

412 2222 648 2278 solitum.
675 2220 795 2277 Non
824 2218 1096 2275 insolitum
1139 2216 1352 2287 quidem
1378 2257 1395 2281 ,
1417 2213 1559 2284 quod
1592 2212 1659 2269 ad
1686 2212 1880 2267 seriem
1919 2226 2005 2265 sa—

412 2329 623 2370 crarum
682 2311 945 2382 pertineat
990 2310 1383 2379 Seripturarum
1418 2324 1431 2360 :
1475 2306 1743 2361 insolitum
1786 2312 1961 2359 autem
1986 2343 2001 2369 ,

411 2404 555 2474 quod
598 2419 755 2460 aures
794 2402 1018 2458 fortasse
1059 2407 1250 2454 vestra:
1299 2398 1517 2452 minime
1561 2397 1667 2453 sint
1713 2395 2005 2451 narrationi

411 2493 677 2565 ejusmodi
721 2502 967 2550 assuetas.
995 2490 1171 2549 Multis
1195 2489 1408 2560 quidem
1440 2496 1587 2543 certe
1614 2503 1712 2543 nec
1739 2496 1894 2542 notus
1921 2495 2004 2541 est

413 2590 550 2644 liher
578 2589 677 2642 iste
708 2603 721 2639 :
752 2602 785 2643 a
824 2584 1003 2640 multis
1028 2598 1217 2639 rursus
1242 2597 1363 2636 euut
1390 2581 1565 2636 clarus
1591 2589 1645 2634 et
1681 2590 1898 2648 apertus
1923 2579 2003 2633 vi-

412 2684 624 2749 deatur,
653 2689 831 2737 tamen
860 2676 1219 2735 contemnitur
1252 2694 1263 2729 :
1298 2684 1352 2730 et
1382 2674 1464 2727 his
1489 2672 1704 2743 quidem
1732 2672 1962 2743 cognitio
1984 2712 2003 2740 ,

413 2773 518 2829 illis
542 2781 721 2831 autem
747 2769 1039 2842 ignorantia
1080 2767 1415 2822 occasionem
1450 2763 1605 2819 affert
1644 2763 2003 2836 negligentiae.

415 2863 484 2921 Ut
507 2863 666 2936 igitur
689 2873 744 2918 et
770 2860 860 2931 qui
884 2876 991 2917 non
1021 2866 1321 2924 noverunt,
1353 2864 1408 2911 et
1433 2856 1523 2926 qui
1553 2856 1697 2910 clare
1722 2871 1779 2909 se
1811 2854 2009 2909 intelli-

411 2974 541 3030 gere
564 2957 909 3019 arbitrantur,
940 2953 1132 3011 multas
1157 2951 1212 3006 in
1240 2966 1307 3005 eo
1335 2948 1623 3019 profundas
1652 2958 1703 3004 et
1730 2948 2006 3003 abstrusas

413 3066 536 3108 esse
562 3048 856 3106 sententias
876 3047 1124 3111 discant,
1160 3058 1338 3113 operte
1373 3041 1600 3112 pretium
1632 3039 1784 3096 fuerit
1816 3040 2005 3096 ambo-

416 3159 534 3199 rum
571 3140 946 3212 negligentiam
978 3136 1237 3191 hodierno
1260 3134 1346 3188 die
1373 3134 1661 3202 corrigere.
1693 3131 1847 3186 Prius
1872 3131 2009 3185 scia-

416 3248 537 3290 mus
562 3248 699 3302 opus
726 3238 809 3285 est
829 3270 845 3294 ,
883 3227 1003 3298 quis
1028 3227 1221 3282 librum
1248 3224 1523 3294 scripserit
1553 3240 1565 3275 :
1597 3224 1681 3277 hic
1705 3224 1847 3277 enim
1868 3222 2007 3293 opti-

420 3338 540 3378 mus
568 3318 923 3390 indagationis
955 3325 1039 3373 est
1065 3315 1200 3370 ordo
1219 3356 1234 3381 ,
1268 3324 1325 3369 ut
1360 3312 1428 3369 de
1456 3321 1674 3371 auctore
1700 3313 2006 3379 videamus,

418 3428 487 3467 an
525 3413 685 3467 homo
708 3410 816 3475 sit,
846 3423 912 3463 an
940 3422 1069 3463 vero
1096 3406 1235 3460 Deus
1263 3421 1278 3460 :
1306 3420 1369 3459 ac
1398 3403 1441 3459 si
1465 3402 1628 3459 homo
1656 3403 1869 3473 quidem
1904 3403 1970 3457 sit
1988 3444 2005 3470 ,

418 3506 723 3573 rejiciamus
760 3518 774 3554 :
812 3500 988 3555 Nolite
1034 3499 1179 3555 enim
1202 3539 1218 3562 ,
1259 3497 1456 3567 inquit,
1500 3512 1677 3550 vocare
1714 3497 2007 3567 magistrum

417 3612 570 3669 super
596 3605 780 3649 terram
806 3592 825 3664 (
851 3590 1038 3646 Matth.
1065 3590 1158 3645 23.
1181 3589 1235 3659 8)
1266 3606 1280 3644 :
1311 3590 1393 3643 sin
1418 3598 1597 3643 autem
1625 3588 1785 3652 Deus,
1815 3586 2009 3642 admit-

421 3696 593 3740 tamus
625 3703 639 3739 :
669 3681 899 3738 cmlestis
939 3681 1082 3736 enim
1122 3688 1205 3734 est
1233 3687 1288 3733 et
1314 3693 1542 3750 superna
1573 3677 1754 3733 schola
1785 3686 1965 3731 nostra
1988 3718 2004 3743 ,

420 3776 682 3847 siquidem
721 3773 838 3831 talis
880 3782 963 3829 est
1001 3770 1230 3841 dignitas
1256 3769 1411 3839 hujus
1452 3769 1683 3835 theatri,
1717 3779 1773 3823 ut
1801 3768 1869 3825 ab
1906 3769 2003 3824 ho-

420 3866 653 3922 minibus
678 3864 831 3931 nihil,
856 3863 950 3919 sed
979 3878 1074 3933 per
1102 3860 1346 3917 homines
1374 3877 1403 3915 a
1437 3860 1545 3915 Deo
1572 3860 1862 3915 discamus.

495 3954 653 4010 Tituli
678 3954 961 4022 Scriptura:
981 3968 1079 4005 non
1119 3950 1470 4021 praetereundi.
1502 3977 1567 3990 -ο
1596 3949 2006 4021 Disquirendum

421 4049 574 4104 nobis
592 4055 705 4114 est,
730 4047 849 4118 quis
882 4046 1159 4117 scripserit
1177 4086 1192 4110 ,
1219 4054 1274 4100 et
1297 4043 1509 4115 quando
1538 4043 1833 4114 scripserit,
1859 4052 1915 4098 et
1938 4043 2007 4099 de

420 4139 633 4210 quibus,
661 4148 716 4194 et
738 4152 841 4210 qua
862 4137 929 4192 de
957 4152 1117 4193 causa
1147 4145 1471 4209 praeceptum
1499 4134 1588 4203 sit,
1615 4146 1674 4190 ut
1711 4135 1799 4190 ille
1826 4136 1878 4190 in
1908 4134 2008 4191 hac

419 4229 755 4285 solemnitate
784 4234 1062 4297 .egoretur.
1090 4225 1223 4281 Nam
1253 4235 1365 4281 toto
1390 4225 1630 4281 fortassis
1655 4242 1795 4281 anno
1819 4226 1920 4297 legi
1944 4226 2008 4281 li-

424 4321 579 4376 brum
606 4334 711 4375 non
737 4319 953 4374 auditis.
1007 4318 1295 4374 Enimvero
1332 4318 1435 4374 hoc
1459 4334 1669 4390 quoque
1694 4334 1853 4374 nosse
1881 4334 2006 4390 pro-

422 4416 544 4468 dest
572 4433 585 4468 :
616 4425 681 4466 ac
706 4409 900 4465 deinde
928 4410 1273 4479 qezereudutt
1306 4420 1381 4465 est
1451 4424 1554 4479 qua
1585 4409 1653 4466 de
1678 4426 1837 4465 causa
1865 4409 2008 4467 hunc

422 4505 632 4561 titulum
657 4518 769 4576 prae
807 4517 867 4557 se
908 4504 1073 4568 lerat,
1102 4500 1228 4555 Acta
1250 4502 1404 4570 Apost
1418 4502 1629 4556 .iorum.
1658 4501 1841 4572 Neque
1862 4501 2007 4557 enim

424 4609 628 4653 temere
655 4592 1007 4667 przetereundi
1043 4602 1168 4647 sunt
1197 4593 1330 4646 tituli
1356 4633 1370 4657 ,
1400 4608 1573 4663 neque
1599 4592 1879 4649 confestim
1907 4593 2009 4647 ini-

419 4690 548 4744 tium
568 4687 689 4742 libri
712 4683 1076 4757 altingendum
1104 4691 1187 4739 est
1217 4704 1229 4738 :
1259 4684 1352 4738 sed
1385 4686 1529 4755 prius
1551 4683 1670 4738 libri
1704 4700 1898 4739 nomen
1922 4684 2005 4738 vi-

419 4778 672 4835 dendum.
699 4777 831 4833 Nam
858 4775 1306 4848 quemadmodum
1350 4775 1405 4829 in
1430 4776 1583 4831 nobis
1617 4791 1687 4831 ex
1717 4777 1891 4849 capite
1921 4792 2008 4830 re-

422 4870 623 4938 liquum
662 4884 856 4939 corpus
900 4868 960 4922 ﬁt
989 4867 1196 4934 notius,
1244 4875 1299 4921 et
1324 4883 1555 4936 superne
1598 4865 1883 4922 imminens
1932 4868 2005 4923 illi

420 4960 585 5013 facies
608 4958 944 5014 manifestqu
984 4957 1117 5013 illud
1164 4956 1337 5012 reddit
1362 4998 1377 5023 ,
1406 4957 1483 5012 sic
1503 4972 1534 5011 a
1558 4957 1819 5028 superiori
1858 4967 2007 5029 parte

421 5049 704 5117 impositus
727 5050 888 5103 textui
921 5049 1103 5104 titulus
1125 5048 1177 5104 in
1208 5048 1381 5105 fronte
1400 5050 1660 5120 reliquam
1684 5050 2005 5120 scripturam

420 5141 587 5197 efﬁcit
621 5141 909 5195 notiorem.
953 5140 1142 5196 Nonne
1189 5140 1293 5196 hoc
1330 5140 1524 5196 videtis
1556 5141 1610 5195 in
1640 5141 1802 5213 regiis
1844 5142 2002 5195 etiam

423 5234 762 5306 imaginibus,
792 5241 853 5289 ut
880 5249 1090 5289 sursum
1120 5235 1333 5304 quidem
1364 5235 1533 5305 posita
1560 5234 1630 5289 sit
1659 5234 1852 5304 imago,
1885 5249 2006 5304 quae

422 5329 562 5396 regis
582 5339 777 5379 nomen
805 5324 1121 5393 inscriptum
1150 5325 1328 5389 habet,
1353 5326 1573 5380 inferius
1604 5325 1654 5378 in
1686 5325 1797 5379 basi
1828 5325 2007 5379 trium-

422 5420 558 5489 pltos
600 5416 774 5487 regis,
806 5416 1055 5471 victorias
1090 5427 1145 5473 et
1182 5419 1433 5486 pracelara
1472 5418 1705 5474 facinora
1755 5418 2007 5486 inscripta

423 5508 625 5566 habet?
652 5508 796 5564 Idem
828 5509 879 5563 itt
910 5508 1199 5578 Scripturis
1227 5511 1349 5565 licet
1377 5526 1620 5565 cernere.
1650 5510 1870 5567 Sursum
1893 5527 2007 5579 qm-

422 5609 543 5657 ﬂt‘lll
570 5600 776 5671 depicta
810 5610 894 5656 est
920 5600 1092 5671 imago
1117 5602 1258 5671 regia
1289 5624 1301 5657 :
1334 5604 1550 5657 inferius
1580 5615 1755 5660 autem
1789 5603 2003 5660 victoria

488 5715 561 5779 (at)
597 5721 616 5757 κ
631 5712 709 5763 ide
734 5714 964 5763 monitum
986 5713 1047 5763 ad
1072 5712 1311 5763 homiliam
1336 5714 1384 5763 itt
1417 5712 1589 5764 Iudam.

2110 376 2360 443 inscrtpta
2388 384 2471 428 est
2494 385 2547 428 et
2574 385 2772 446 ll‘opzt‘a
2806 384 2861 430 et
2896 392 2981 431 res
3005 392 3196 432 omnes
3235 377 3488 444 pra‘clare
3509 388 3693 449 gest:t-.

2109 465 2182 519 Ita
2214 466 2436 520 facimus
2465 468 2623 521 etiam
2644 510 2659 533 ,
2688 484 2807 522 cum
2836 470 3113 538 epistolam
3145 471 3511 537 acceperimus
3541 492 3555 527 :
3591 488 3695 527 non

2107 556 2364 610 continuo
2394 559 2663 612 vinculum
2690 560 2965 621 solvimus.
2999 576 3170 630 neque
3195 564 3446 615 continuo
3472 578 3592 632 qua).
3619 564 3699 615 in-

2110 660 2195 707 tus
2224 651 2389 706 latent
2415 693 2431 714 ,
2466 651 2689 722 legimus
2721 673 2733 708 :
2764 652 2857 707 sed
2886 654 3119 709 exterius
3145 655 3368 723 positam
3398 655 3700 725 inscriptio-

2108 761 2230 801 nem
2274 745 2419 815 prius
2461 748 2824 815 percurrimus
2851 788 2865 809 ,
2897 755 2952 800 et
2987 763 3052 801 ex
3093 746 3182 802 illa
3225 745 3481 805 discuuus
3515 757 3571 802 et
3609 747 3700 817 qui

2110 838 2333 904 miserit,
2357 848 2411 894 et
2449 853 2476 890 a
2508 854 2615 911 quo
2645 839 2806 907 recipi
2833 838 3041 893 debeat.
3074 840 3264 895 Annon
3299 839 3458 909 igitur
3502 838 3699 893 absur-

2107 928 2234 983 dum
2260 939 2365 992 est,
2398 939 2454 983 ut
2482 930 2533 983 in
2562 929 2719 985 rebus
2741 929 2955 999 quidem
2986 929 3333 988 smcularibus
3354 939 3555 985 tantum
3583 940 3700 985 stu-

2108 1019 2181 1074 dii
2205 1019 2589 1086 adhibeamus,
2614 1035 2787 1090 neque
2811 1035 3243 1077 commet'eamur
3260 1062 3277 1088 ,
3303 1031 3394 1075 aut
3422 1023 3701 1092 perturbc»

2110 1128 2248 1178 mur,
2277 1112 2369 1167 sed
2396 1112 2585 1167 ordine
2609 1112 2816 1181 singula
2849 1127 3224 1181 percurramus
3255 1134 3267 1169 :
3298 1113 3397 1168 hoc
3422 1128 3551 1168 vero
3580 1113 3703 1168 loco

2107 1220 2249 1275 trgre
2299 1204 2568 1271 feramus,
2615 1215 2669 1263 et
2709 1205 2987 1261 confestim
3035 1206 3241 1262 initium
3283 1207 3703 1278 aggrediamur?

2110 1296 2280 1351 Vultis
2307 1296 2606 1367 intelligere
2633 1307 2831 1367 quanta
2860 1301 2928 1352 sit
2952 1299 3031 1354 vis
3057 1299 3229 1363 tituli,
3262 1309 3456 1370 quanta
3484 1302 3555 1357 sit
3589 1302 3700 1354 vir-

2109 1393 2229 1451 tus,
2278 1394 2509 1457 quantus
2548 1386 2603 1441 in
2632 1386 3029 1458 Scripturarum
3074 1389 3237 1444 initiis
3284 1390 3593 1447 reconditus
3630 1392 3703 1449 sit

2110 1477 2393 1533 thesaurus
2414 1479 2437 1532 ?
2458 1479 2787 1542 Auscultate,
2814 1496 2882 1535 ne
2907 1496 3180 1537 sacrorum
3204 1481 3484 1536 Librorum
3517 1483 3702 1543 titulos

2107 1570 2482 1627 coutemnatis.
2504 1570 2741 1626 Athenas
2758 1572 3039 1642 aliquando
3067 1572 3258 1627 Paulus
3283 1573 3553 1642 ingressus
3580 1583 3697 1630 est:

2111 1662 2224 1718 haec
2261 1662 2479 1717 historia
2536 1662 2731 1734 scripta
2771 1673 2854 1719 est
2898 1666 2947 1718 in
2997 1664 3098 1719 hoc
3153 1664 3267 1732 ipso
3322 1665 3489 1730 lihro;
3544 1681 3702 1735 repe-

2109 1755 2177 1809 rit
2226 1754 2278 1809 in
2325 1754 2457 1809 urbe
2498 1770 2603 1809 non
2643 1756 2841 1809 librum
2895 1771 3142 1822 sacrum,
3175 1755 3271 1811 sed
3318 1754 3585 1813 idolorum
3625 1756 3701 1810 al-

2110 1857 2223 1905 tare
2254 1870 2267 1905 :
2303 1848 2699 1915 inscriptionem
2745 1848 2946 1919 reperit
2990 1865 3109 1919 quae
3149 1852 3226 1904 sic
3261 1848 3478 1915 habuit,
3504 1848 3702 1906 Isso-ro

2110 1942 2224 1997 Duo
2254 1942 2391 2009 (Act.
2422 1943 2508 1997 l7.
2538 1942 2630 2012 23)
2662 1963 2675 1997 :
2707 1956 2879 2012 neque
2908 1941 3181 2010 prreteriit,
3200 1941 3291 1995 sed
3326 1940 3481 2010 hujus
3514 1942 3699 1996 inscri-

2107 2033 2306 2105 ptionis
2349 2033 2534 2088 altaris
2578 2048 2740 2103 opera
2782 2033 2955 2103 ipsum
2983 2033 3152 2087 altare
3181 2034 3461 2089 subvertit.
3503 2034 3702 2089 Paulus

2110 2126 2200 2180 ille
2226 2136 2461 2192 sanctus,
2491 2126 2578 2199 qui
2608 2124 2837 2196 Spiritus
2861 2126 3086 2197 gratiam
3114 2125 3366 2191 habebat,
3390 2126 3575 2180 altaris
3615 2126 3700 2181 in-

2109 2220 2453 2291 scriptionem
2492 2235 2597 2275 non
2627 2220 2917 2289 praeteriit,
2937 2228 2992 2275 et
3018 2229 3071 2274 tu
3094 2220 3491 2291 Scripturarum
3518 2220 3705 2276 titulos

2111 2313 2384 2382 prmteris?
2404 2312 2495 2369 Ille
2516 2312 2656 2384 quod
2673 2312 3029 2369 Athenienses
3047 2312 3341 2369 idololatrze
3352 2312 3702 2382 scripserant.

2112 2419 2218 2458 non
2244 2404 2448 2467 omisit,
2469 2413 2524 2460 et
2547 2413 2601 2461 tu
2630 2420 2749 2473 qua:
2776 2404 3007 2473 Spiritus
3033 2412 3252 2460 sanctus
3278 2405 3490 2474 scripsit
3517 2420 3696 2459 neces-

2108 2496 2245 2549 saria
2290 2510 2410 2552 esse
2458 2511 2563 2551 nou
2612 2497 2843 2552 censes?
2873 2496 2985 2565 Qua
3028 2496 3245 2554 tandem
3292 2498 3447 2552 venia
3502 2498 3700 2567 dignus

2108 2585 2257 2642 eris?
2294 2588 2484 2641 Verum
2511 2587 2654 2642 enim
2680 2603 2808 2643 vero
2834 2597 3091 2658 quantam
3123 2588 3395 2659 pepererit
3417 2589 3702 2644 utilitath

2112 2677 2226 2733 hinc
2266 2678 2540 2748 inscriptio
2576 2679 2871 2735 videamus.
2898 2679 3029 2736 Cum
3055 2695 3186 2751 ergo
3205 2680 3357 2735 altari
3384 2682 3706 2752 iuseulptam

2110 2770 2509 2841 inscriptionem
2547 2780 2744 2824 tantam
2785 2771 2982 2827 videris
3020 2772 3391 2842 suppeditasse
3424 2773 3706 2837 virtutem,

2111 2861 2276 2916 multo
2304 2862 2473 2932 magis
2500 2878 2530 2917 a
2554 2862 2948 2933 Scripturarum
2975 2863 3410 2934 inscriptionibus
3445 2864 3492 2919 id
3519 2866 3706 2933 perlici

2117 2969 2276 3022 posse
2306 2955 2594 3025 intelliges.
2621 2956 2897 3029 ingressus
2923 2966 3007 3013 est
3037 2956 3227 3011 urbem
3253 2957 3470 3021 Paulus,
3501 2958 3709 3013 invenit

2110 3046 2298 3110 altare,
2324 3046 2409 3101 cui
2431 3056 2545 3101 erat
2573 3046 2886 3116 inscriptum
2914 3046 3100 3119 Ignoto
3130 3047 3259 3103 Deo.
3281 3048 3418 3116 Quid
3444 3048 3539 3107 fuit
3563 3065 3713 3119 opus

2111 3137 2251 3191 facto
2276 3136 2300 3190 ?
2328 3135 2565 3191 Gentiles
2589 3146 2743 3191 erant
2771 3152 2982 3205 omnes,
3014 3137 3163 3211 impii
3192 3154 3380 3194 omnes
3405 3160 3418 3195 :
3449 3139 3575 3211 quid
3604 3140 3711 3209 igi-

2114 3237 2198 3283 tur
2229 3227 2525 3283 faciendum
2567 3227 2706 3283 fuit?
2739 3230 2812 3284 De
2832 3225 3131 3300 Evangeliis
3173 3230 3333 3286 verba
3377 3231 3591 3289 facere?
3633 3234 3712 3288 At

2110 3319 2553 3377 subsannassent.
2581 3321 2716 3377 Num
2762 3321 2831 3378 de
2864 3322 3243 3395 prophetarum
3288 3323 3437 3379 libris
3460 3364 3479 3389 ,
3503 3324 3590 3379 vel
3631 3324 3710 3380 de

2112 3413 2242 3483 legis
2266 3413 2530 3467 mandatis
2552 3414 2576 3468 ἲ
2596 3414 2665 3467 At
2686 3430 2790 3468 non
2812 3413 3189 3469 credidissent.
3221 3414 3357 3482 Quid
3378 3430 3507 3487 ergo
3535 3416 3668 3473 fecit
3685 3418 3711 3471 ?

2112 3505 2356 3559 Accurrit
2378 3504 2446 3559 ad
2483 3505 2669 3567 altare,
2693 3514 2747 3561 et
2785 3506 2895 3561 suis
2921 3505 3157 3579 ipsorum
3186 3506 3350 3561 armis
3374 3505 3555 3561 hostes
3573 3507 3710 3563 sub-

2112 3596 2239 3666 egit.
2272 3598 2443 3665 Atque
2486 3596 2586 3650 hoc
2625 3596 2753 3650 illud
2794 3605 2876 3652 est
2912 3595 3054 3668 quod
3092 3596 3338 3666 dicebat,
3372 3597 3563 3652 Factus
3585 3615 3708 3651 sum

2112 3687 2342 3741 omnibus
2366 3688 2554 3753 omnia,
2582 3685 2779 3743 Judwis
2819 3696 3074 3758 tamquam
3098 3686 3311 3743 ludatis
3331 3729 3346 3755 ,
3377 3688 3438 3743 iis
3468 3688 3553 3758 qui
3590 3689 3709 3743 sine

2111 3777 2219 3848 lege
2252 3787 2424 3841 erant,
2460 3788 2712 3848 tamquam
2748 3777 2858 3831 sine
2898 3776 3006 3847 lege
3043 3794 3199 3832 essem
3234 3777 3253 3847 (
3281 3778 3331 3833 l.
3361 3775 3482 3833 Cor.
3505 3777 3557 3833 9.
3582 3776 3704 3845 21).

2114 3869 2257 3924 Vidit
2295 3871 2493 3935 altare,
2525 3870 2655 3925 vidit
2683 3870 3084 3941 inscriptionem
3110 3912 3125 3933 ,
3163 3869 3457 3926 insurrexit
3476 3869 3705 3940 Spiritu.

2113 3964 2256 4018 Talis
2274 3964 2415 4019 enim
2438 3974 2518 4018 est
2539 3964 2766 4033 Spiritus
2793 3964 2960 4035 gratia
2988 3985 3000 4020 :
3031 3963 3195 4019 efficit
3233 3973 3289 4017 ut
3331 3963 3420 4033 qui
3460 3977 3577 4017 eam
3608 3977 3703 4016 re-

2112 4055 2351 4123 ceperint
2373 4096 2387 4118 ,
2420 4054 2654 4123 undique
2684 4054 2887 4109 lucrum
2914 4054 3206 4123 colligant;
3239 4051 3362 4106 talia
3400 4059 3523 4106 sunt
3546 4065 3707 4107 arma

2115 4154 2295 4199 nostra
2324 4145 2637 4215 spiritualia.
2666 4142 2733 4199 In
2763 4144 3099 4213 captivitatem
3127 4142 3293 4209 enim,
3338 4141 3526 4211 inquit,
3558 4142 3705 4195 redi-

2111 4248 2279 4309 gentes
2304 4254 2501 4291 omnem
2539 4236 2849 4292 intellectum
2874 4237 2927 4291 in
2952 4235 3241 4304 obsequium
3266 4232 3455 4290 Christi
3481 4233 3557 4304 (Ξ.
3576 4231 3705 4288 Cor.

2114 4331 2199 4386 lO.
2231 4332 2264 4387 ὅ
2289 4329 2331 4404 ).
2368 4331 2507 4389 Vidit
2541 4346 2669 4402 ergo
2709 4330 2902 4397 altare,
2946 4344 3044 4385 nec
3073 4326 3461 4392 reformidavit,
3488 4324 3582 4383 sed
3630 4325 3709 4381 ad

2112 4424 2345 4495 seipsum
2396 4424 2561 4480 altare
2591 4423 2821 4479 traduxit
2851 4442 2863 4478 :
2897 4422 2985 4479 vel
3028 4421 3202 4492 potius
3237 4421 3451 4478 omissis
3491 4420 3664 4476 literis
3686 4462 3707 4486 ,

2111 4516 2227 4585 ejus
2252 4532 2465 4572 sensum
2490 4517 2862 4571 transmutavit
2886 4536 2899 4573 :
2923 4524 2979 4572 et
3005 4514 3454 4586 quemadmodum
3482 4514 3537 4569 in
3557 4513 3711 4570 bello

2110 4606 2215 4661 dux
2246 4609 2511 4665 exercitus
2535 4607 2577 4664 si
2604 4622 2922 4682 generosum
2950 4607 3170 4663 militem
3200 4606 3252 4661 in
3277 4604 3455 4662 hostili
3486 4605 3600 4661 acie
3629 4606 3709 4659 vi-

2110 4697 2281 4761 derit,
2315 4704 2369 4752 et
2412 4712 2562 4752 coma
2609 4697 2927 4771 prehensum
2966 4695 3032 4753 ad
3077 4694 3249 4751 aciem
3296 4695 3518 4750 militem
3550 4695 3705 4748 illum

2112 4789 2477 4853 transtulerit,
2511 4799 2670 4859 atque
2712 4797 2770 4843 ut
2808 4802 2905 4860 pro
2942 4801 3001 4843 se
3045 4796 3286 4859 pugnet,
3318 4786 3596 4843 effecerit:
3626 4786 3705 4841 ita

2111 4898 2320 4951 quoque
2348 4882 2541 4936 Paulus
2584 4881 2728 4957 egit,
2757 4896 2878 4936 cum
2920 4891 3188 4950 tamquam
3233 4880 3285 4934 in
3325 4880 3556 4934 hostium
3584 4879 3715 4935 acie

2113 4972 2513 5043 inscriptionem
2540 4972 2693 5026 altari
2723 4971 3039 5042 insculptam
3068 4969 3417 5037 offendisset,
3448 4968 3516 5024 ad
3544 4983 3717 5023 suam

2111 5065 2279 5119 aciem
2311 5062 2599 5129 transtulit,
2627 5072 2685 5117 ut
2712 5062 2969 5117 adversus
2996 5060 3347 5115 Athenienses
3374 5075 3493 5114 cum
3535 5058 3712 5112 Paulo

2111 5165 2401 5226 pugnaret,
2435 5170 2539 5209 non
2575 5170 2693 5209 cum
2744 5153 3155 5210 Atheniensibus
3201 5151 3423 5207 Paulum
3456 5162 3710 5221 percute-

2113 5259 2196 5304 ret
2229 5269 2241 5303 :
2272 5248 2477 5319 gladius
2501 5249 2643 5301 enim
2670 5257 2784 5304 erat
2812 5246 3251 5310 Atheniensium,
3277 5244 3421 5300 ensis
3446 5252 3561 5299 erat
3599 5243 3708 5296 lto-

2113 5339 2273 5393 stium
2319 5338 2404 5391 illa
2463 5338 2774 5407 inscriptio:
2806 5337 2899 5392 sed
2945 5337 3034 5392 hic
3078 5337 3224 5392 ensis
3263 5335 3494 5391 hostium
3539 5344 3713 5405 caput

2113 5431 2421 5500 amputavit.
2454 5429 2565 5483 Non
2600 5430 2669 5482 ita
2698 5429 2937 5484 mirabile
2964 5427 3185 5493 fuisset,
3208 5428 3252 5482 si
3275 5429 3395 5498 quis
3418 5426 3582 5497 ipsius
3614 5441 3709 5479 ar-

2114 5524 2215 5575 mis
2242 5538 2334 5575 cos
2364 5521 2646 5577 devicisset
2675 5541 2687 5576 :
2720 5520 2821 5577 hoc
2855 5521 2999 5576 enim
3025 5520 3217 5575 merito
3244 5518 3440 5574 accidit
3468 5538 3481 5573 :
3514 5533 3721 5571 verum.

2115 5612 2241 5667 illud
2272 5628 2465 5665 novum
2504 5620 2585 5666 est
2610 5621 2664 5667 et
2690 5611 2947 5676 insolens,
2971 5626 3093 5666 cum
3121 5609 3351 5665 hostium
3379 5622 3527 5664 arma
3557 5616 3707 5660 tam-

2120 5717 2275 5771 quam
2300 5702 2572 5757 machinas
2604 5700 2845 5757 hostibus
2868 5700 3213 5759 admovemus
3236 5738 3257 5769 ,
3282 5714 3403 5754 cum
3444 5698 3717 5771 gladius.
