4010 6342
277 291 345 358 Ἡ
851 309 918 365 IN
949 301 1486 364 mscn-IWION'EM
1531 297 1833 358 ALTAIUS

1943 338 1945 347 ι
1999 294 2062 346 ΙΝ
2095 289 2499 346 I‘R‘INCIPIUM
2539 287 2896 346 ΆῈΤΟΒΙΙΜ.
2937 287 2979 343 1.
3448 305 3520 358 79

282 421 642 494 μεθαάὑτοῖς
685 421 1043 490 συγγενέσθαι
1087 421 1155 475 δι’
1178 421 1425 478 ςέαυτῶν·
1462 423 1856 496 συγγενώμεθα

278 515 465 579 αὐτοῖς
503 513 574 567 δι’
623 509 801 584 ὑμῶν,
850 517 946 569 καὶ
987 515 1087 584 τῆς
1140 515 1412 588 ὑμετέρας
1466 512 1814 580 διδασκαλίας
1840 531 1852 544 ⁶

272 606 498 679 γέφυρά
526 621 610 670 τις
646 608 780 677 ἡμῖν
817 606 1062 676 γενέσθω
1095 607 1231 678 πρὸς
1275 607 1578 679 ἐκείνουςή
1616 608 1858 678 ὑμετέρα

275 698 470 769 ἀγάπη
495 714 510 728 ο
567 699 832 768 ποιήσατε
880 700 1008 764 τοὺς
1046 701 1347 772 ὑμετέρους
1394 701 1588 770 λόγους
1632 701 1720 754 διά
1758 699 1859 771 τῆς

275 786 552 859 ὑμετέρας
577 787 823 860 γλώττης
853 788 1102 860 διαϐῆναι
1132 792 1267 862 πρὸς
1305 791 1404 863 τὴν
1433 791 1658 846 ἐκείνων
1691 790 1857 861 ιίικρό⁹

274 895 427 932 ασιν.
473 879 626 948 Τάχα
664 879 958 950 αὐτάρκως
990 881 1203 952 εἴρηται
1249 881 1434 934 ἕνεκεν
1461 881 1571 934 τῶν
1633 881 1857 936 ἀπολειο

275 971 524 1038 φθέπων
542 972 610 1024 τὰ
637 972 922 1043 εἰρημένα,
941 973 1032 1026 καὶ
1066 973 1216 1027 οὐδὲν
1237 974 1319 1027 δεῖ
1342 972 1502 1026 πλέον
1516 973 1852 1044 προσθεῖναι.

288 1062 452 1132 Ἐνῆν
473 1062 572 1134 μὲν
593 1063 701 1135 γὰρ
722 1063 939 1119 πλείονα
967 1067 1159 1130 εἰπεῖν,
1183 1065 1408 1120 ἀλλ’ἵνα
1439 1066 1514 1138 μή
1543 1066 1636 1120 τὸν
1666 1067 1856 1136 καιρὸν

273 1153 495 1206 ἅπαντα
528 1155 605 1218 είς
631 1154 786 1208 τοῦτο
814 1155 1356 1228 καταδαπανήσωμεν
1385 1160 1853 1231 κατηγοροῦντες,

273 1245 424 1312 ὑμᾶς
450 1243 507 1296 δὲ
536 1244 701 1316 μηδὲν
727 1245 1063 1315 ὠφελοῦντες
1104 1250 1583 1321 παραγενομένους
1611 1252 1811 1316 αὑτοὺς
1835 1293 1852 1318 ,

271 1335 411 1404 φέρε
443 1351 497 1386 τι
524 1335 618 1388 καὶ
643 1335 772 1405 ὑμῖν
809 1335 1146 1409 παραθῶμεν
1172 1339 1324 1406 ξένον
1345 1339 1476 1410 όψον
1506 1343 1599 1396 καὶ
1630 1342 1816 1397 καινόν
1835 1360 1852 1379 ο

275 1424 431 1489 ξένον
467 1426 525 1479 δέ
556 1427 645 1480 καὶ
678 1427 865 1482 καινὸν
894 1430 1036 1500 λέγω
1061 1430 1122 1483 οὑ
1154 1430 1298 1485 κατὰ
1337 1434 1438 1506 τήν
1474 1435 1854 1508 πνευματικὴν

269 1518 577 1590 τράπεζαν,
621 1519 756 1574 ἀλλὰ
783 1518 932 1586 ξένον
962 1522 1107 1576 κατὰ
1127 1522 1226 1593 τὴν
1257 1524 1531 1598 ὑμετέραν
1563 1528 1849 1600 ἀκρόασιν.

347 1623 396 1692 γ’
400 1625 676 1698 ,Διελέχθη
685 1645 783 1692 μεν
805 1628 933 1699 ὑμῖν
948 1629 1057 1683 άπὸ
1078 1630 1186 1685 τῶν
1203 1631 1574 1688 ὰποστολικῶν
1592 1637 1853 1707 ῥημάτων

270 1709 335 1761 ἐν
370 1714 492 1775 ταῖς
524 1711 832 1785 ἔμπροσθεν
859 1716 1130 1787 ἡμέραις,
1165 1719 1260 1774 καὶ
1286 1721 1398 1775 ἀπὸ
1429 1721 1537 1776 τῶν
1570 1723 1852 1793 εὐαγγελι-

267 1798 409 1862 κῶν,
441 1799 531 1853 ὅτε
567 1803 695 1874 περὶ
727 1801 820 1856 τοῦ
866 1804 1037 1860 ’ἰούδα
1062 1805 1415 1880 διελεγόμεθα
1435 1828 1447 1841 ο
1486 1811 1850 1884 διελέχθημεν

268 1886 402 1956 ὗμῖν
429 1888 523 1941 καὶ
556 1889 664 1942 ἀπὸ
709 1893 1100 1964 προφητικῶν·
1140 1895 1382 1967 σήμερον
1407 1896 1709 1969 βουλόμεθα
1743 1901 1850 1955 ἀπὸ

264 1973 381 2028 τῶν
412 1975 672 2046 Πράξεων
701 1978 808 2033 τῶν
835 1981 1148 2036 ἀποστόλων
1169 1985 1364 2039 είπεῖν.
1395 1985 1494 2038 Διὰ
1524 1987 1680 2041 τοῦτο
1699 1983 1851 2044 εἷπον

264 2061 335 2115 τὸ
365 2062 498 2133 δψον
538 2064 706 2130 ξένον,
733 2068 830 2121 καὶ
869 2069 929 2121 οὑ
968 2068 1136 2134 ξένον.
1171 2072 1246 2124 υὺ
1280 2071 1430 2138 ξένον
1467 2074 1585 2144 μὲν,
1627 2075 1710 2128 ὃτι
1749 2075 1850 2147 τῆς

265 2149 594 2215 ἀκολουθίας
615 2151 744 2206 ’ἐστὶ
771 2154 878 2206 τῶν
917 2154 1078 2229 θείων
1119 2157 1158 2209 Γ
1162 2158 1372 2228 ραφῶν,
1419 2159 1570 2226 ξένον
1602 2161 1676 2228 δέ,
1712 2164 1848 2218 διότι

257 2239 412 2306 ’τάχα
429 2237 604 2308 άήθης
624 2240 753 2311 ὑμῖν
774 2243 806 2313 ή
834 2243 972 2316 ἀκοὴ
996 2245 1134 2317 πρὸς
1150 2247 1258 2318 τήν
1277 2247 1536 2320 τοιαύτην
1559 2251 1844 2322 ἀκρόασιν.

268 2324 494 2389 Πολλοῖς
530 2327 662 2394 γοῦν
697 2329 760 2382 τὸ
794 2329 998 2400 βιϐλίον
1019 2333 1187 2386 τοῦτο
1228 2335 1348 2390 οὑδὲ
1383 2336 1657 2410 γνώριμόν
1706 2342 1845 2405 ἐστι,

265 2415 485 2481 πολλοῖς
507 2419 563 2472 δὲ
585 2419 776 2474 δοκοῦν
799 2424 966 2490 σαφὲς
994 2420 1156 2486 εἶναι,
1184 2427 1344 2482 πάλιν
1377 2433 1689 2502 παρορᾶται
1708 2449 1723 2464 ο
1751 2437 1849 2488 καὶ

263 2507 474 2574 γίνεται
513 2512 626 2574 τοῖς
660 2512 758 2582 μὲν
786 2515 819 2584 ἠ
867 2514 1072 2582 γνῶσις
1097 2557 1112 2580 ,
1135 2521 1256 2582 τοῖς
1285 2519 1342 2572 δὲ
1372 2521 1404 2590 ή
1450 2520 1643 2590 ἄγνοια
1678 2525 1846 2596 ῥᾳθυ-

265 2601 397 2670 μίας
423 2602 696 2668 ὑπόθεσις.
725 2607 818 2658 Ἴν⁹
841 2603 934 2662 οὖν
954 2609 1048 2663 καὶ
1063 2613 1109 2663 οί
1137 2611 1458 2678 ἀγνοοῦντες
1483 2616 1720 2686 μάθωσι,
1751 2619 1847 2672 καὶ

259 2694 315 2744 οἱ
345 2694 650 2763 νομίζοντες
688 2699 874 2767 σαφῶς
899 2700 1117 2766 εἰδέναι,
1145 2704 1228 2756 ὅτι
1261 2705 1396 2760 πολὺ
1438 2707 1602 2777 βάθος
1638 2712 1846 2782 νοημά-

259 2799 373 2835 των
412 2785 544 2855 ἔχει,
587 2791 886 2858 ἀναγκαῖον
931 2793 1259 2866 ἀμφοτέρων
1295 2796 1693 2868 διορθώσασθαι
1739 2803 1842 2875 τὴν

261 2876 541 2947 ρᾳθυμίαν
573 2881 828 2953 τήμερον.
863 2886 955 2938 Δεῖ
988 2885 1044 2938 δὲ
1094 2887 1359 2960 πρότερον
1393 2890 1608 2961 μαθεῖν,
1654 2893 1740 2958 τίς
1775 2896 1838 2949 τὸ

261 2965 471 3035 βιϐλίον
501 2970 756 3042 ἔγραψεν.
783 2974 932 3048 Αὕτη
967 2977 1076 3050 7&9
1103 2979 1336 3052 ἀρίστης
1358 2982 1589 3055 ἐρεύνης
1619 2985 1844 3039 ἀκολου-

259 3057 376 3120 θία,
401 3062 664 3134 πρότερον
687 3065 777 3118 τὸν
803 3069 1090 3140 γράψαντα
1111 3073 1258 3140 ίδεῖν,
1282 3076 1331 3127 εἰ
1357 3075 1643 3148 ἄνθρωπός
1673 3083 1840 3148 ἐστιν,
1919 3117 1922 3119 λ

259 3149 293 3219 ἢ
335 3151 563 3246 όΘεός·
601 3159 706 3211 κᾶν
759 3161 859 3230 μὲν
911 3162 1220 3235 ἄνθρωπος,
1275 3174 1797 3246 παρακρουσώμεθα
1824 3194 1838 3210 ο

260 3243 374 3336 ίΗὴΫ
392 3247 689 3316 καλέσητε
709 3251 837 3323 γάρ,
870 3255 1024 3326 φησὶ,
1049 3255 1422 3315 διδάσκαλον
1441 3262 1539 3316 ἐπὶ
1556 3243 1668 3334 τῆς
1694 3264 1805 3336 γῆς
1823 3284 1838 3298 ⁶

259 3333 333 3386 ἂν
357 3335 412 3389 δὲ
438 3337 590 3401 Θεὸς,
625 3340 911 3414 δεξώμεθα
934 3362 949 3376 ο
981 3347 1186 3402 ἄνωθεν
1215 3351 1325 3424 γάρ
1357 3353 1474 3408 ἐστι
1499 3355 1562 3409 τὸ
1583 3333 1841 3416 διδασκα-

261 3425 402 3520 λεῖον
437 3429 497 3482 τὸ
522 3432 788 3505 ἡμέτερον
808 3453 824 3468 ο
857 3438 950 3491 καὶ
976 3439 1084 3512 7&9
1109 3441 1350 3498 τοιοῦτον
1395 3446 1458 3498 τὸ
1486 3447 1704 3520 ἀξίωμα
1743 3452 1838 3506 τοῦ

257 3517 492 3610 θεάτρου
535 3523 748 3588 τούτου,
787 3528 954 3598 μηδὲν
983 3532 1134 3603 παρὰ
1172 3534 1476 3607 ἀνθρώπων
1521 3517 1835 3610 μανθάνειν,

253 3609 395 3665 ἀλλὰ
421 3614 572 3684 παρὰ
595 3615 730 3670 Θεοῦ
763 3618 830 3672 δι’
859 3621 1183 3694 ἀνθρώπων.

311 3705 404 3755 Δεῖ
425 3705 604 3759 τοίνυν
625 3708 901 3775 ἐξετάσαι,
919 3714 1002 3777 τίς
1017 3716 1044 3768 ὁ
1060 3716 1299 3797 γράψας,
1329 3723 1423 3775 καὶ
1446 3722 1577 3776 πότε
1606 3723 1834 3797 ἔγραψε,

253 3795 355 3848 καὶ
396 3799 528 3870 περὶ
572 3801 752 3861 τίνων.
799 3806 894 3857 καὶ
935 3807 1080 3872 τίνος
1103 3794 1298 3864 ’ἕνεκεν
1346 3815 1412 3886 τῇ
1459 3816 1620 3889 ἑορτῇ
1662 3794 1836 3894 ταύτῃ

252 3889 675 3960 νενομοθέτηται
716 3895 848 3947 αὑτὸ
878 3896 1372 3966 ἀναγινώσκεσθαι.
1416 3903 1569 3974 Τάχα
1597 3908 1707 3981 7&9
1734 3889 1832 3964 οὐκ

250 3976 483 4032 ἀκούετε
518 3981 605 4034 διὰ
633 3985 837 4047 παντὸς
881 3986 976 4040 τοῦ
1014 3989 1167 4054 ἐτους
1195 3993 1705 4068 ἀναγινωσκομένου
1737 4001 1832 4055 τοῦ

251 4065 484 4163 βιϐλίου.
549 4073 660 4126 Καὶ
711 4076 815 4146 7&9
853 4080 948 4132 καὶ
989 4081 1148 4134 τοῦτο
1195 4085 1504 4157 χρήσιμον·
1546 4065 1648 4143 *καὶ
1693 4094 1833 4163 μετὰ

247 4159 414 4260 τοῦτο
463 4162 696 4236 ζητῆσαι
733 4167 875 4241 χρὴ,
916 4173 1062 4238 τίνος
1095 4175 1282 4230 ἕνεκεν
1324 4181 1528 4252 ταύτην
1571 4159 1707 4254 ἔχει⁷
1732 4187 1833 4260 τὴν

247 4250 599 4325 ἐπιγραφὴν,
653 4261 905 4328 Πράξεις
967 4263 1342 4323 ἀποστόλων.
1403 4250 1686 4348 Οὐδὲ
1733 4250 1832 4342 τάς

245 4345 566 4416 ἐπιγραφὰς
617 4351 804 4416 ἁπλῶς
840 4356 1094 4426 παριέναι
1141 4361 1270 4430 χρὴ,
1323 4362 1446 4416 ούδέ
1500 4345 1703 4430 εὐθέως
1751 4370 1831 4432 είς

241 4433 348 4530 τὴν
379 4436 556 4530 ἀρχὴν
594 4437 851 4510 ἐμϐαλεῖν
882 4445 981 4513 τῆς
1011 4453 1356 4523 συγγραφῆς,
1381 4453 1518 4509 ἀλλὰ
1563 4458 1828 4530 πρότερον

241 4527 384 4622 ὁρᾷῌν
407 4528 506 4622 τὴν
541 4537 915 4605 προσηγορίαν
941 4540 1036 4592 τοῦ
1069 4541 1296 4612 βιϐλίου.
1325 4546 1588 4620 Καθάπερ
1611 4527 1720 4620 7&9
1737 4527 1827 4622 ἐφ’

241 4616 459 4714 ἡμῶνή
496 4623 708 4695 κεφαλὴ
734 4628 1158 4702 γνωριμώτερον
1181 4639 1325 4689 ποιεῖ
1343 4637 1405 4690 τὸ
1427 4616 1825 4714 λοιπδν-σῶμα,

241 4712 344 4763 καὶ
379 4714 564 4807 ήγὸψις
593 4718 800 4774 ἄνωθεν
827 4723 1150 4799 ἐπικειμένη
1179 4730 1412 4799 φανερὸν
1440 4733 1572 4786 αὐτὸ
1600 4712 1825 4807 ἐργάζε-

239 4821 358 4871 ται,
389 4806 534 4898 οὕτω
562 4813 712 4898 καὶή
745 4815 1026 4890 ἐπιγραφὴ
1052 4820 1258 4875 ἄνωθεν
1287 4824 1394 4894 πρὸ
1411 4828 1512 4896 τῆς
1537 4806 1679 4898 ὑφῆς
1707 4829 1829 4881 ἐπι-

241 4889 476 4963 κειμένη
504 4893 597 4946 ἐπὶ
620 4895 715 4950 τοῦ
738 4898 992 4970 μετώπου
1015 4889 1502 4979 καταφανέστερον
1527 4889 1830 4980 ήποιεῖ

236 4981 306 5034 τὸ
319 4982 507 5038 λοιπὸν
526 4986 628 5057 τῆς
642 4990 888 5062 γραφῆς.
923 4994 1210 5068 Οὑχὸρᾶτε
1233 5000 1328 5052 καὶ
1352 5001 1444 5054 ἐπὶ
1471 5002 1580 5054 τῶν
1598 5004 1824 5058 εἰκόνων

237 5074 403 5129 τοῦτο
430 5077 544 5133 ’τῶν
587 5080 907 5152 βασιλικῶν,
942 5087 1025 5142 ὃτι
1056 5091 1168 5144 άνω
1205 5095 1380 5147 κεῖται
1428 5095 1528 5165 μὲν
1560 5097 1593 5167 ή
1637 5095 1823 5160 είκὼν,

237 5169 338 5264 καί
367 5171 462 5224 τὸν
495 5172 720 5244 βασιλέα
748 5177 861 5248 ἔχει
890 5181 1340 5255 ἐγγεγραμμένον
1358 5201 1374 5218 ο
1403 5187 1638 5261 κάτωδὲ
1667 5191 1726 5246 ἐν
1755 5194 1822 5264 τῇ

235 5260 444 5328 χοίνικι
486 5265 897 5338 ἐπιγέγραπται
931 5273 1024 5327 τοῦ
1061 5274 1326 5345 βασιλέως
1375 5280 1448 5348 τά
1493 5280 1753 5357 τρόπαια,

233 5353 959 5450 νίκηζτάμκατορθώματω
1000 5369 1156 5425 Οὕτω
1179 5370 1244 5444 δὴ
1272 5374 1366 5427 καὶ
1399 5376 1494 5439 ἐπὶ
1684 5353 1825 5450 Γραέ

234 5444 358 5539 φῶν
393 5443 514 5518 [55]
547 5449 697 5504 ἔστιν
737 5453 886 5509 ἰδεῖν.
921 5443 1239 5530 Γέγραπται
1271 5463 1371 5534 μὲν
1399 5467 1432 5534 ή
1468 5466 1632 5520 εἰκών
1664 5468 1696 5538 ή
1725 5443 1824 5539 βα-

234 5538 663 5612 σιλικὴάνωθεν
681 5563 694 5575 ⁸
723 5549 968 5604 κάτωθεν
997 5551 1053 5606 δὲ
1078 5556 1483 5628 ἐπιγέγραπται
1511 5563 1544 5633 ἡ
1571 5538 1732 5633 νίκη,
1750 5565 1818 5618 τὰ

228 5630 496 5702 τρόπαια,
519 5642 586 5691 τά
609 5641 1030 5714 κατορθώματα.
1057 5647 1214 5702 Οῦτω
1245 5653 1339 5706 καὶ
1373 5654 1664 5729 ἐπιστολήν
1692 5661 1821 5713 ὅταν

226 5722 520 5793 δεξώμεθα
540 5772 554 5796 ,
594 5730 854 5803 ποιοῦμεν
883 5752 895 5766 ·
927 5737 1027 5790 οὑκ
1057 5738 1261 5806 εὑθέως
1300 5742 1590 5817 διαλύομεν
1616 5751 1704 5805 τὸν
1738 5752 1821 5806 δε-

1957 421 2119 492 σμὸν,
2149 423 2268 479 οὑδέ
2287 425 2492 490 εὐθέως
2510 426 2581 480 τά
2607 423 2902 494 ἐγκείμενα
2923 418 3136 474 ἔνδοθεν
3163 415 3530 486 ἀναγινώσκει-ι

1962 535 2094 588 μεν·
2130 520 2264 574 ἀλλὰ
2301 522 2566 593 πρότερον
2598 520 2698 591 τὴν
2733 517 2932 584 ἔξωθεν
2961 511 3272 585 ἐπιγραφὴν
3303 511 3532 582 ἐπερχόο

1962 607 2121 678 μεθα,
2144 610 2238 663 καὶ⁸
2266 611 2326 676 ἐξ
2353 613 2569 683 ἐκείνης
2602 609 2944 682 μανθάνομεν
2975 607 3074 659 ’καὶ
3098 605 3189 658 τὸν
3219 603 3531 673 πέμψαντα,

1957 700 2165 752 καὶτὸν
2189 701 2470 769 ὀφείλοντα
2491 698 2870 767 ὑποδέξασθαι.
2898 697 3008 750 Καὶ
3024 695 3138 758 πῶς
3164 689 3258 748 οὖν
3289 695 3389 747 οὑκ
3411 693 3526 746 άτο-

1960 805 2060 843 πον
2084 791 2139 843 ἐν
2161 792 2260 862 μὲν
2279 796 2390 857 τοῖς
2417 793 2690 864 βιωτικοῖς
2709 789 2946 860 τοσαύτῃ
2971 786 3272 858 κεχρῆσθαι
3306 785 3531 856 σπουδῇ,

1960 880 2054 932 καὶ
2089 881 2162 952 μὴ
2194 881 2564 953 θορυϐεῖσθαι,
2606 881 2742 953 μηδέ
2781 878 3186 947 ταράττεσθαι,
3223 877 3361 930 ἀλλὰ
3393 877 3534 932 κατὰ

1956 971 2112 1038 τάξιν
2153 973 2384 1029 ἕκαστον
2425 975 2669 1029 ἐπιέναι·
2715 973 2950 1027 ἐνταῦθα
2984 972 3042 1027 δὲ
3092 970 3402 1041 ἀσχάλλειν,
3439 970 3536 1024 καὶ

1959 1061 2160 1126 εὐθέως
2191 1064 2463 1137 ὲπιπηδᾷν
2493 1067 2559 1135 τῇ
2591 1065 2768 1136 ἀρχῆς
2797 1063 3059 1117 Βούλεσθε
3091 1063 3281 1133 μαθεῖν
3302 1063 3403 1133 ὅση
3434 1065 3536 1133 τῆς

1957 1153 2268 1226 ἐπιγραφῆς
2289 1157 2326 1227 ή
2360 1155 2512 1226 ίσχὺς
2534 1157 2666 1226 ;ὅση
2686 1154 2950 1225 δύναμιςς
2978 1153 3407 1217 ὅσος-ἀπόκειται
3434 1153 3534 1222 θη-

1960 1245 2158 1316 σαυρὸς
2184 1246 2244 1299 ἐν
2271 1249 2392 1309 ταῖς
2421 1247 2614 1318 ἀρχαῖς
2639 1247 2746 1300 τῶν
2783 1245 3015 1316 Γραφῶν
3039 1261 3054 1308 ;
3097 1244 3414 1307 Ἀκούσατε,
3447 1244 3535 1296 ἵνα

1960 1335 2034 1407 μὴ
2061 1337 2442 1409 καταφρονῆτε
2475 1339 2579 1408 τῆς
2605 1340 2919 1408 ἐπιγραφῆς
2947 1337 3055 1391 τῶν
3088 1336 3250 1389 θείων
3272 1334 3532 1388 Βιϐλίων.

1955 1427 2218 1498 Εἰσῆλθεν
2251 1430 2330 1493 είς
2362 1429 2459 1492 τὰς
2516 1430 2748 1502 Ἀθήνας
2779 1434 2806 1484 ὁ
2849 1430 3060 1493 Παῦλός
3099 1445 3230 1482 ποτε
3250 1445 3264 1458 ο
3304 1429 3361 1481 ἐν
3385 1427 3535 1497 αὐτῷ

1952 1515 2032 1586 τῷ
2067 1516 2254 1588 βιϐλίῳ
2296 1518 2609 1588 γέγραπται
2653 1521 2688 1590 ή
2731 1520 2944 1590 ἱστορία
2981 1519 3154 1589 αὓτη*
3195 1511 3352 1590 εὗρεν
3381 1519 3436 1570 ἐν
3463 1520 3533 1588 τῇ

1955 1608 2105 1662 πόλει
2135 1608 2255 1682 οὑχὶ
2281 1610 2482 1682 βιϐλίον
2517 1611 2679 1674 θεῖον,
2704 1612 2842 1666 ἀλλὰ
2869 1611 3054 1683 βωμὸν
3079 1609 3315 1664 εἰδώλων
3331 1626 3343 1638 ·
3375 1604 3534 1680 εὗρεν

1954 1691 2263 1763 ἐπιγραφὴν
2293 1692 2467 1757 οὕτως
2510 1693 2762 1765 ἔχουσαν,
2799 1695 3104 1764 Ἀγνώστφ
3149 1689 3275 1758 Θεῷ
3298 1708 3312 1722 ⁸
3348 1693 3534 1746 καὶού

1945 1774 2342 1846 παρέδραμεν,
2387 1776 2504 1830 ἀλλ’
2541 1777 2657 1830 άπὸ
2707 1778 2808 1848 τῆς
2859 1777 3176 1849 ἐπιγραφῆς
3218 1774 3313 1829 τοῦ
3347 1774 3532 1846 βωμοῦ

1941 1855 2045 1908 τὸν
2082 1856 2265 1928 βωμὸν
2312 1859 2550 1915 καθεῖλε.
2583 1859 2796 1924 Παῦλος
2839 1863 2868 1915 ὁ
2913 1860 3101 1929 ἅγιος,
3137 1860 3167 1912 ὸ
3213 1858 3535 1929 Πνεύματος

1949 1939 2111 2012 χάριν
2149 1941 2289 2013 ἔχων
2309 1980 2324 2006 ,
2357 1943 2420 1995 οὑ
2461 1944 2792 2016 ’παρέδραμε
2835 1943 3023 2014 βωμοῦ
3053 1941 3406 2014 ἐπίγραμμα,
3435 1944 3535 1994 καὶ

1954 2025 2018 2077 σὺ
2065 2027 2382 2098 ἐπιγραφὴν
2429 2027 2664 2098 Γραφῶν
2729 2027 3129 2101 παρατρέχεις;
3177 2029 3383 2089 ἐκεῖνος
3432 2025 3535 2078 οὑκ

1950 2109 2162 2180 ἀφῆκεν
2193 2111 2337 2182 άπερ
2379 2112 2628 2184 ἔγραψαν
2672 2113 2946 2184 Ἀθηναῖοι
2981 2110 3367 2181 εἰδωλολάτραι
3389 2151 3401 2172 ,
3433 2111 3533 2162 καὶ

1952 2194 2018 2246 σὺ
2051 2192 2196 2266 άπερ
2215 2194 2425 2267 ἔγραψε
2444 2198 2508 2250 τὸ
2532 2197 2758 2267 Πνεῦμα
2776 2197 2839 2249 τὸ
2861 2196 3017 2266 ἅγιον
3040 2196 3101 2248 οὑ
3121 2192 3367 2264 νομίζεις
3394 2187 3534 2246 εἶναι

1949 2275 2260 2345 ἀναγκαῖα;
2293 2280 2392 2332 καὶ
2437 2279 2596 2334 ποίαν
2635 2280 2780 2350 ἔχεις
2814 2280 3182 2349 συγγνώμην;
3235 2277 3395 2330 Ἀλλὰ
3423 2277 3534 2348 7&9

1951 2357 2153 2430 ὶδωμεν
2175 2360 2342 2415 πόσον
2368 2362 2428 2416 τὺ
2459 2362 2647 2434 κέρδος
2668 2363 2776 2416 ἀπὸ
2795 2362 2889 2416 τοῦ
2913 2359 3335 2433 ἐπιγράμματός
3361 2363 3530 2413 ἐστιν.

1951 2441 2120 2498 Ὅταν
2157 2439 2254 2499 οὖν
2299 2446 2415 2517 ἴδῃς
2455 2445 2786 2518 ἐπίγραμμα
2827 2442 3000 2517 ’βωμῷ
3050 2445 3533 2517 ἐγκεχαραγμένον

1944 2527 2218 2598 τοσαύτην
2252 2528 2537 2600 παρασχὸν
2571 2530 2681 2600 τὴν
2724 2531 2898 2599 ἰσχὺν,
2951 2528 3172 2602 μαθήσῃ
3211 2525 3300 2582 ’ὃτι
3339 2526 3534 2597 πολλῷ

1951 2607 2155 2679 μᾶλλον
2199 2611 2268 2665 τά
2317 2613 2719 2684 ἐπιγράμματα
2751 2611 2862 2666 τῶν
2903 2612 3063 2666 θείων
3098 2611 3334 2684 Γραφῶν
3371 2611 3534 2664 τοῦτο

1949 2693 2171 2765 ποιῆσαι
2215 2695 2526 2767 δυνήσεται.
2567 2695 2829 2766 Εἰσῆλθεν
2867 2698 2947 2759 είς
2988 2696 3088 2767 τὴν
3115 2696 3282 2751 πόλιν
3305 2697 3344 2748 ὑ
3381 2694 3531 2749 Παῦ-

1947 2775 2059 2842 λος,
2099 2774 2223 2850 εὗρε
2247 2780 2431 2850 βωμὸν
2451 2783 2509 2833 ἐν
2533 2775 2578 2850 ᾧ
2610 2782 3012 2853 ἐπεγέγραπτο,
3041 2780 3353 2851 Ἀτνώστῳ
3384 2781 3527 2847 Θεῷ.

1947 2859 2014 2914 Τί
2069 2861 2174 2916 ἔδει
2211 2864 2477 2934 ποιῆσαι;
2522 2864 2787 2936 Ἕλληνες
2841 2867 3045 2927 πάντες
3081 2860 3263 2937 ἦσαν,
3307 2865 3532 2928 ’ἀσεϐεῖς

1946 2946 2169 3011 πάντες.
2214 2948 2280 3000 Τί
2329 2945 2423 3002 οὖν
2471 2949 2638 3021 ἐχρῆν
2681 2950 2936 3020 ποιῆσαι;
3001 2949 3135 3002 Ἀπὸ
3177 2949 3532 3020 Ἐὑαγγελίων

1944 3029 2326 3102 διαλεχθῆναι;
2367 3033 2529 3086 ’Λλλὰ
2563 3034 2890 3102 κατεγέλων.
2935 3033 3075 3086 Ἀλλ’
3113 3033 3222 3087 άπὸ
3261 3049 3532 3105 προφητισ

1945 3114 2077 3178 κῶν,
2098 3117 2192 3169 καὶ
2218 3117 2500 3187 τοῦνόμου
2521 3119 2899 3189 γραμμάτων;
2930 3117 3070 3170 Ἀλλ’
3096 3118 3196 3172 οὑκ
3220 3119 3526 3173 ἐπίστευον.

1944 3201 2010 3252 Τί
2052 3195 2146 3254 οὖν
2179 3200 2468 3272 ἐποίησεν;
2521 3203 2646 3255 Ἐπὶ
2690 3202 2782 3256 τὸν
2811 3202 2994 3275 βωμὸν
3024 3202 3256 3275 έδραμε,
3286 3202 3380 3256 καὶ
3422 3203 3532 3256 άπὸ

1941 3285 2052 3338 τῶν
2093 3285 2277 3338 ὃπλων
2306 3285 2416 3339 τῶν
2459 3286 2734 3356 πολεμίων
2781 3288 2977 3351 αὐτοὺς
3017 3288 3370 3359 ἐχειρώσατο.
3417 3289 3531 3342 Καὶ

1940 3368 2102 3421 τοῦτό
2165 3371 2346 3434 ἐστιν,
2401 3370 2429 3423 ὃ
2481 3370 2664 3440 λέγει’
2722 3370 3053 3441 Ἐγενόμην
3102 3371 3228 3437 τοῖς
3266 3371 3416 3426 πᾶσι
3459 3371 3530 3424 τὰ

1941 3451 2158 3518 πάντα,
2197 3451 2322 3520 τοῖς
2349 3453 2663 3520 Ἰουδαίοις
2684 3455 2765 3521 ὠς
2794 3453 3106 3520 Ἰουδαῖος,
3131 3454 3256 3521 τοῖς
3283 3453 3532 3523 ἀνόμοις

1940 3535 2021 3601 ὣς
2068 3535 2312 3606 ἄνομος.
2365 3533 2488 3591 Εῐδε
2530 3538 2622 3592 τὸν
2673 3539 2888 3611 βωμὸν,
2919 3533 3028 3593 εἶδε
3070 3540 3130 3593 τὸ
3160 3540 3526 3611 ἐπίγραμμα,

1941 3623 2142 3693 ἀνέστη
2171 3623 2250 3695 τῷ
2279 3625 2582 3698 Πνεύματι.
2613 3626 2851 3698 Τοιαύτη
2880 3627 2990 3700 7&9
3017 3629 3052 3698 ή
3082 3626 3178 3680 τοῦ
3211 3626 3531 3697 Πνεύματος

1939 3712 2136 3782 χάρις’
2183 3713 2448 3767 πάντοθεν
2493 3717 2642 3768 ποιεῖ
2687 3715 2990 3788 κερδαίνειν
3022 3719 3150 3781 τοὺς
3195 3717 3527 3789 ὑποδεχομέ-

1938 3815 2064 3863 νους
2092 3800 2262 3874 αὐτήν
2281 3816 2296 3830 ⁶
2333 3802 2556 3856 τοιαῦτα
2598 3803 2759 3875 ἡμῶν
2791 3804 2860 3858 τά
2893 3805 3032 3858 ὅπλα
3064 3805 3131 3860 τὰ
3161 3809 3524 3878 πνευματικά.

1937 3889 2482 3959 Αίχμαλωτίζοντες
2512 3894 2640 3963 7&9,
2674 3894 2826 3964 φησὶ,
2858 3892 2983 3948 πᾶν
3010 3897 3205 3964 νόημα
3229 3896 3383 3964 πρὸς
3413 3897 3529 3966 τὴν

1937 3979 2220 4048 ὑπακοὴν
2255 3981 2363 4035 τοῦ
2394 3982 2672 4050 Χριστοῦ.
2707 3981 2827 4038 Είδε
2860 3986 3039 4039 τοίνυν
3071 3986 3160 4039 τὸν
3187 3985 3393 4057 βωμὸν,
3431 3987 3525 4042 καὶ

1935 4070 2036 4122 οὑκ
2093 4067 2421 4122 ἐδειλίασεν·
2474 4070 2611 4124 ἀλλὰ
2673 4072 2975 4144 μετέστησε
3017 4074 3109 4128 τὸν
3156 4073 3337 4146 βωμὸν
3388 4077 3525 4146 πρὸς

1935 4157 2164 4210 ἑαυτόνο
2201 4157 2402 4227 μᾶλλον
2429 4157 2485 4210 δὲ
2524 4158 2592 4212 τὰ
2643 4159 2947 4231 γράμματα
2990 4162 3184 4230 ἀφεὶς,
3223 4163 3524 4234 μετέθηκεν

1935 4245 2102 4300 αὑτοῦ
2128 4246 2198 4300 τὰ
2219 4247 2498 4316 νοήματα·
2531 4248 2626 4301 καὶ
2653 4247 2906 4320 καθάπερ
2940 4250 2998 4301 ἐν
3037 4250 3258 4323 πολέμῳ
3288 4267 3524 4324 στρατη-

1933 4335 2031 4404 γὸς
2070 4334 2196 4392 ίδὼν
2225 4337 2562 4408 στρατιώτην
2591 4339 2649 4392 ἐν
2677 4339 2742 4409 τῇ
2774 4339 3078 4410 παρατάξει
3106 4339 3215 4393 τῶν
3246 4341 3522 4413 πολεμίων

1933 4426 2200 4489 γενναῖον,
2235 4420 2354 4478 εἶτα
2397 4424 2696 4496 λαϐόμενος
2723 4426 2831 4479 ἀπὸ
2858 4426 2959 4498 τῆς
3002 4430 3180 4499 κόμης
3205 4429 3307 4482 τοῦ
3357 4448 3522 4502 στρα-

1932 4512 2150 4574 τιώτου,
2186 4513 2323 4584 πρὸς
2364 4513 2463 4584 τὴν
2511 4516 2706 4569 ἑαυτοῦ
2751 4515 2907 4581 τάξιν
2938 4517 3098 4572 αὑτὸν
3137 4521 3518 4591 μεταστήσειε,

1932 4599 2028 4653 καὶ
2061 4601 2536 4672 παρασκευάσειεν
2566 4603 2704 4678 ὑπὲρ
2735 4603 2898 4658 αὑτοῦ
2933 4607 3222 4679 πολεμεῖνο
3250 4607 3394 4662 οὑτω
3425 4610 3518 4662 καὶ

1929 4692 1960 4744 ὁ
2007 4691 2219 4756 Παῦλος
2248 4693 2491 4765 ἐποίησε,
2522 4695 2775 4768 καθάπερ
2819 4698 2876 4750 ἐν
2906 4699 3207 4770 παρατάξει
3241 4699 3514 4772 πολεμίων

1928 4778 1991 4833 τὸ
2011 4780 2340 4852 ἐπίγραμμα
2367 4781 2545 4855 εὑρὼν
2573 4784 2631 4837 ἐν
2654 4783 2736 4856 τῷ
2757 4783 2926 4858 βωμῷ
2944 4787 3348 4858 γεγραμμένον,
3376 4789 3513 4860 πρὸς

1925 4868 2030 4940 τὴν
2059 4868 2254 4922 ἐαυτοῦ
2287 4867 2440 4934 τάξιν
2472 4871 2824 4943 μετέστησεν,
2849 4873 2936 4927 ἵνα
2976 4874 3114 4944 μετὰ
3144 4874 3356 4928 Παύλου
3400 4878 3511 4942 τοῖς

1942 4956 2243 5028 Ἀθηναίοις
2268 4959 2502 5030 πολεμῇ,
2521 4959 2638 5013 ἀλλ’
2660 4961 2721 5014 οὑ
2752 4963 2889 5032 μετὰ
2910 4953 3222 5035 ’Ἀθηναίων
3251 4964 3341 5019 τὸν
3367 4966 3515 5020 Παῦε

1928 5044 2020 5122 λον
2065 5046 2230 5119 βάλλῃ
2255 5063 2272 5080 ο
2314 5046 2466 5116 ξίφος
2496 5047 2607 5121 7&9
2652 5044 2720 5121 ῆν
2760 5049 2869 5104 τῶν
2910 5052 3228 5122 Ἀθηναίων,
3269 5055 3513 5125 μάχαιρα

1926 5129 1996 5206 ἦν
2020 5133 2128 5188 τῶν
2169 5135 2446 5207 πολεμίων
2469 5136 2532 5189 τὸ
2568 5137 2896 5210 ἐπίγραμμα
2931 5141 3130 5204 ἐκεῖνο,
3153 5141 3269 5196 ἀλλ’
3299 5141 3438 5214 αὕτη
3476 5144 3512 5214 ή

1933 5224 2178 5295 μάχαιρα
2210 5223 2317 5277 τῶν
2346 5223 2622 5295 πολεμίων
2658 5226 2756 5297 τὴν
2798 5227 3042 5297 κεφαλὴν
3081 5228 3356 5300 ἐξέτεμεν,
3396 5233 3512 5284 Οὑκ

1927 5309 1995 5386 ἦν
2019 5311 2135 5384 [56]
2159 5311 2302 5366 οὕτω
2321 5312 2653 5388 θαυμαστὸν,
2679 5316 2728 5368 εί
2750 5318 2863 5380 τοῖς
2889 5318 3110 5382 οίκείοις
3135 5318 3302 5372 αὑτοῦ
3325 5319 3512 5384 ὅπλοις

1928 5401 2262 5474 ἐχειρώσατο
2281 5419 2294 5433 ο
2317 5401 2476 5455 τοῦτο
2495 5402 2605 5474 7&9
2627 5403 2770 5457 κατὰ
2786 5403 2943 5475 λόγον
2965 5407 3285 5477 συμϐαίνει·
3317 5407 3379 5460 τὸ
3398 5407 3508 5478 7&9

1927 5491 2112 5545 καινὸν
2141 5489 2234 5543 καὶ
2273 5489 2595 5561 παράδοξον.
2621 5491 2750 5545 ὅταν
2800 5492 2869 5546 τά
2899 5493 3007 5546 τῶν
3039 5493 3310 5565 πολεμίων
3345 5494 3494 5552 ὅπλα.

1926 5576 2098 5631 ταῦτα
2130 5577 2502 5648 μηχανήματα
2520 5580 2634 5642 τοῖς
2664 5579 2942 5651 πολεμίοις
2975 5580 3348 5652 προσάγηταν
3377 5583 3509 5636 ὁταν

1924 5665 1986 5718 τὸ
2010 5665 2185 5734 ξίφος,
2207 5665 2236 5718 ὃ
2261 5665 2383 5718 καθ’
2415 5661 2577 5736 ήμῶν
2613 5665 2965 5737 βαστάζουσι,
3003 5668 3161 5724 τοῦτο
3193 5669 3375 5732 αὐτοῖς
3399 5668 3502 5742 τήν

1933 5757 2150 5823 καιρίαν
2179 5754 2436 5824 ἐπαγάγῃ
2463 5754 2690 5825 πληγήν.
