4010 6342
495 248 570 306 73
1218 228 1275 284 S.
1316 228 1603 286 JOANNIS
1642 227 2124 285 CHIWSOSTOMI
2165 229 2486 288 ARCIIIEP.
2525 232 3072 300 ϐΟΝδΤΑΝΤΙῌΟΡ.
3715 227 3785 284 74

565 361 629 414 6'.
650 355 883 427 Τοιαύτη
913 354 1020 426 γάρ
1041 355 1075 426 ή
1093 353 1185 408 τοῦ
1207 353 1523 423 Πνεύματος
1539 349 1788 421 δύναμις.
1813 346 1970 401 Οὕτω
1985 343 2079 399 καὶ

496 445 528 498 6
567 441 730 496 Δαυῒδ
777 438 1000 510 ἐποίησέ
1047 454 1178 490 ποτε
1200 455 1212 466 ·
1245 435 1435 507 ἐξῆλθε
1479 433 1687 504 γυμνὸς
1732 431 1839 485 τῶν
1884 427 2084 488 ὃπλων,

501 527 587 579 ἵνα
611 526 753 595 φανῇ
777 523 961 594 γυμνὴ
993 523 1026 592 ἡ
1047 520 1141 574 τοῦ
1165 517 1302 572 Θεοῦ
1328 519 1507 588 χάρις.
1535 515 1718 585 Μηδὲν
1740 513 1868 586 γάρ,
1898 510 2084 582 φησὶν,

499 607 838 680 ἀνθρώπινον
883 606 1044 668 ἐστω,
1089 605 1216 658 ὅταν
1271 602 1402 663 Θεὸς
1458 600 1600 672 ὑπὲρ
1650 599 1804 671 ήμῶν
1850 596 2082 666 πολεμῇ.

512 693 734 763 Ἐξῆλθε
771 691 950 744 τοίνυν
1001 687 1206 759 γυμνὸς
1235 687 1344 740 τῶν
1394 686 1608 748 ὃπλων,
1643 683 1732 737 καὶ
1781 682 2085 753 κατήνεγκε

498 780 592 834 τὸν
619 777 827 850 πύργον
859 776 1087 828 ἐκεῖνον.
1120 767 1254 826 Εἶτα
1283 770 1468 840 ἐπειδὴ
1505 769 1642 822 ὅπλα
1669 769 1767 821 οὐκ
1794 763 1925 850 εἶχε,
1957 766 2087 850 δρα-

504 862 621 934 μὼν
645 849 862 933 ήρπασε
885 857 984 926 τὴν
1018 856 1292 928 μάχαιραν
1323 853 1416 907 τοῦ
1449 851 1796 934 Γολιὰθ,νκαῖ
1821 849 2086 934 οῦντωῗτήν

500 932 744 1015 κεφαλήν
781 943 1004 1012 ἐξέτεμε
1027 939 1125 1010 τήν
1147 938 1241 993 τοῦ
1281 937 1559 1015 βαρϐάρου
1581 952 1594 964 ·
1632 933 1776 989 οὕτω
1808 933 1902 987 καὶ
1935 932 2084 986 Παῦ-

500 1013 592 1092 λος
617 1013 874 1098 ἐποίησεν
911 1025 1006 1077 ἐπὶ
1036 1022 1131 1076 τοῦ
1161 1013 1584 1091 ἐπιγράμματος
1612 1018 1824 1072 τούτου.
1863 1017 1972 1070 Καὶ
1999 1016 2087 1069 ῖνα

509 1111 849 1180 σαφέστερος
899 1108 1125 1176 γένηται
1171 1107 1201 1158 6
1249 1106 1348 1175 τῆς
1380 1103 1535 1174 νίκης
1571 1102 1805 1180 τρόποςἱ
1839 1100 1932 1153 καὶ
1987 1099 2086 1171 τὴν

500 1178 728 1265 δύναμιν
761 1178 901 1264 -ύμῖν
950 1189 1044 1245 τοῦ
1091 1189 1511 1262 ἐπιγράμματος
1553 1186 1684 1258 ἐρῶ.
1734 1178 1876 1256 Εὗρε
1907 1183 2086 1238 τοίνυν

501 1282 532 1334 6
560 1277 772 1340 Παῦλος
823 1278 882 1330 ἐν
924 1274 1178 1344 Ἀθήναις
1228 1272 1412 1343 βωμὸν
1436 1311 1450 1335 ,
1504 1272 1562 1326 ἐν
1707 1270 2087 1340 ἐπεγέγραπτο

517 1362 824 1431 Ἀγνώστῳ
859 1355 1000 1423 Θεῷ.
1034 1357 1130 1421 Τίς
1162 1356 1218 1409 66
1245 1351 1315 1427 ἦν
1354 1357 1382 1408 6
1415 1353 1798 1423 ἀγνοούμενος,
1837 1353 1955 1406 ἀλλ’
1992 1353 2026 1423 ἢ
2057 1353 2086 1404 6

502 1443 738 1516 Χριστός
759 1461 772 1509 ;
798 1438 949 1504 Εἶδες
983 1440 1098 1504 πῶς
1117 1437 1525 1511 ἐξῃχμαλώτισε
1543 1438 1604 1490 τὸ
1622 1438 1968 1516 ἐπίγραμμα,
1987 1436 2085 1490 οὐκ

503 1506 597 1580 ἐπὶ
636 1506 789 1596 κακῷ
830 1523 937 1577 τῶν
965 1506 1313 1594 γραψάντων,
1352 1519 1465 1574 ἀλλ’
1495 1521 1588 1572 ἐπὶ
1631 1506 1873 1591 σωτηρίᾳ
1909 1506 2086 1572 αὐτῶν

503 1611 598 1662 καὶ
633 1607 896 1678 προνοίᾳ;
945 1607 1010 1659 Τί
1051 1601 1262 1668 οὖν;οί
1303 1603 1574 1672 Ἀθηναῖοι
1615 1601 1702 1654 διὰ
1731 1602 1822 1654 τὸν
1855 1600 2087 1672 Χριστὸν

504 1695 749 1762 ἔγραψαν
778 1691 957 1756 τοῦτο,
985 1690 1187 1760 φησίν;
1227 1689 1290 1742 Εἰ
1319 1689 1409 1742 διὰ
1435 1688 1526 1741 τὸν
1564 1687 1800 1759 Χριστὸν
1843 1681 2086 1758 ἐγραψαν

503 1779 552 1828 οί
585 1775 883 1846 Ἀθηναῖοι.
899 1775 998 1826 ούκ
1017 1769 1083 1844 ἦν
1108 1771 1251 1825 οὕτω
1276 1770 1586 1840 θαυμαστόν
1601 1787 1613 1800 ·
1635 1770 1770 1824 ἀλλά
1792 1769 1950 1824 τοῦτό
1971 1773 2085 1824 ἐστι

502 1861 564 1914 τὸ
601 1857 934 1930 θαυμαστὸν,
964 1858 1046 1910 ὅτι
1076 1858 1273 1909 ἐκεῖνοι
1301 1855 1400 1926 μὲν
1427 1853 1600 1917 άλλως
1634 1853 1898 1924 ἔγραψαν,
1932 1848 2087 1918 οὗτος

501 1946 560 1998 δὲ
600 1945 819 2014 ἴσχυσεν
853 1942 1030 2004 ἄλλως
1059 1940 1192 1994 αὐτὸ
1239 1938 1585 2009 μεταϐαλεῖν.
1615 1939 1884 2009 Πρότερον
1915 1939 2085 2006 ἀναγι-

503 2032 660 2084 καῖον
719 2030 894 2081 εἰπεῖν
941 2025 1087 2088 τίνος
1139 2025 1326 2078 ἐνεκεν
1381 2028 1428 2077 οί
1492 2024 1763 2095 Ἀθηναῖοι
1815 2024 2083 2095 ἔγραψαν,

516 2110 828 2180 ’Λγνώστῳ
857 2106 999 2173 Θεῷ.
1018 2107 1175 2172 Τίνος
1203 2103 1295 2161 οὖν
1319 2108 1504 2161 ἕνεκεν
1541 2106 1821 2178 ἐγραψανς
1852 2107 2086 2169 Πολλοὺς

504 2190 650 2265 εἶχον
699 2192 856 2256 θεοὺς
905 2192 1128 2256 ἐκεῖνοι,
1171 2189 1373 2261 μᾶλλον
1412 2189 1469 2242 66
1517 2189 1748 2254 πολλοὺς
1787 2189 2048 2260 δαίμονας
2069 2208 2082 2220 ·

504 2275 738 2341 Πάντες
763 2274 873 2346 γὰρ
903 2277 958 2330 οἱ
987 2273 1109 2328 θεοὶ
1133 2270 1251 2327 τῶν
1273 2271 1461 2328 ἐθνῶν
1492 2272 1784 2342 δαιμόνια.
1808 2269 1965 2343 Εἶχον
1995 2275 2086 2328 καὶ

505 2359 861 2430 ἐπιχωρίους,
899 2357 995 2412 καὶ
1042 2356 1244 2422 ξένους.
1295 2357 1489 2429 Ὁρᾶτε
1529 2359 1652 2421 ὅσος
1689 2359 1717 2410 6
1749 2357 2083 2426 κατάγελως.

506 2443 572 2498 ΕΞ
601 2443 710 2516 γάρ
747 2443 880 2506 Θεός
909 2443 1078 2505 ἐστιν,
1112 2441 1213 2514 οὐκ
1254 2441 1370 2494 ἐστι
1403 2441 1582 2508 ξένος·
1627 2440 1726 2511 τῆς
1757 2439 1866 2512 γὰρ
1905 2442 2086 2494 οίκου-

510 2529 684 2599 μένης
729 2527 948 2597 ἀπάσης
983 2525 1261 2594 Δεσπότης
1301 2525 1438 2579 ἐστί.
1480 2524 1696 2578 Τούτων
1735 2524 1915 2578 τοίνυν
1960 2525 2086 2588 τοὺς

459 2622 464 2627 ’
511 2612 612 2680 μέν
639 2610 791 2682 παρά
824 2608 1074 2680 πατέρων
1094 2604 1237 2678 εἶχον
1267 2607 1571 2678 δεξάμενοι,
1603 2609 1728 2671 τοὺς
1756 2607 1812 2660 δέ
1841 2607 1950 2661 67:6
1976 2607 2085 2660 τῶν

507 2693 739 2763 πλησίον
765 2692 958 2754 ἐθνῶν,
990 2687 1100 2745 οἷον
1126 2691 1236 2746 ἀπὸ
1281 2691 1522 2756 Σκυθῶν,
1553 2692 1660 2745 ἀπὸ
1684 2691 1939 2763 Θρᾳκῶν,
1977 2692 2086 2746 ἀπὸ

505 2776 850 2846 Αἰγυπτίωνο
873 2776 1037 2830 καὶεί
1063 2775 1164 2844 τῆς
1187 2774 1386 2841 ἔξωθεν
1412 2774 1748 2838 παιδεύσεως
1770 2771 1868 2846 ἦτε
1896 2775 2086 2845 ἐμπει-

511 2876 614 2930 ροι,
638 2860 731 2912 καὶ
752 2857 957 2921 ταύτας
983 2857 1050 2910 ἀν
1076 2857 1204 2927 ὑμῖν
1229 2857 1471 2925 ἀνέγνων
1496 2858 1592 2920 τὰς
1619 2857 1858 2929 ἱστορίας
1880 2858 2082 2920 πάσας.

521 2942 672 2994 Ἐπεὶ
705 2936 798 2994 οῦν
825 2940 926 2994 οὐκ
959 2939 1018 3005 ἐξ
1038 2939 1212 3012 ἀρχῆς
1251 2939 1461 3002 πάντας
1480 2939 1748 3007 ἐδέξαντο,
1776 2940 1911 2993 ἀλλά
1946 2940 2085 2994 κατά

511 3022 708 3094 μικρὸν
747 3023 1143 3093 εἰσηνέχθησαν
1177 3023 1380 3087 αὐτοῖς,
1408 3023 1460 3075 οἱ
1501 3024 1600 3092 μὲν
1629 3024 1721 3076 ἐπὶ
1765 3023 1875 3077 τῶν
1915 3023 2084 3077 πατέ-

509 3123 638 3176 ρων,
676 3108 725 3158 οί
753 3105 810 3158 δέ
841 3105 934 3158 ἐπὶ
972 3105 1072 3176 τῆς
1102 3107 1297 3174 γενεᾶς
1346 3105 1448 3177 τῆς
1479 3106 1708 3171 ἐαυτῶν,
1742 3105 2085 3171 συνελθόντες

507 3185 660 3242 εἶπον
690 3188 827 3260 πρὸς
856 3187 1116 3259 ἀλλήλους
1136 3206 1148 3218 ·
1173 3191 1255 3245 ὅτι
1273 3187 1487 3260 Ὥσπερ
1507 3186 1730 3253 τούτους
1758 3190 2081 3260 ἠγνοοῦμεν,

507 3273 696 3340 φασὶν,
725 3270 917 3324 ἔπειτα
951 3269 1179 3341 ὕστερον
1209 3270 1404 3333 αὐτοὺς
1449 3270 1748 3342 ἐδεξάμεθα
1791 3273 1888 3326 καὶ
1917 3275 2084 3342 ἐγνω-

512 3355 762 3428 ρίσαμεν,
797 3352 940 3406 οὕτω
976 3353 1268 3423 συμϐαίνει
1290 3353 1385 3406 καὶ⁸
1424 3352 1581 3406 ἄλλον
1609 3351 1750 3408 εἶναι
1787 3357 2083 3428 ἀγνοούμε-

507 3455 618 3498 νον,
643 3427 735 3490 κάι
756 3436 884 3490 ὄντα
909 3437 1009 3508 μὲν
1028 3435 1184 3495 Θεὸν.
1201 3437 1262 3489 ού
1289 3436 1684 3508 γνωριζόμενον
1709 3439 1765 3492 δὲ
1787 3441 1876 3510 ὑφ’
1897 3427 2082 3512 ήμῶνο

508 3521 602 3572 καὶ
624 3519 710 3573 διὰ
738 3518 894 3572 τοῦτο
918 3518 1172 3573 λανθάνει
1211 3518 1599 3590 ἀμελούμενος,
1632 3522 1724 3573 καὶ¹
1760 3522 1894 3593 μηδέ
1924 3523 2084 3594 θερα-

510 3601 829 3670 πευόμενος.
865 3601 932 3654 Τί
967 3597 1060 3655 οὖν
1114 3601 1200 3654 ἵνα
1240 3601 1494 3672 γένηται;
1545 3602 1818 3674 Ἔστησαν
1877 3604 2081 3676 βωμὸν,

508 3687 606 3740 καὶ
639 3685 909 3759 ἔγραψαν,
934 3686 1237 3755 Ἀγνὼστῳ
1269 3685 1410 3757 Θεῷ,
1430 3686 1585 3740 τοῦτο
1606 3687 1853 3756 λέγοντες
1879 3690 1966 3743 διὰ
1986 3692 2081 3744 τοῦ

508 3771 929 3840 ἐπιγράμματος
946 3784 961 3799 ο
982 3767 1062 3821 ὅτι
1086 3769 1196 3822 Καὶ
1214 3769 1268 3822 εί
1283 3769 1365 3833 τίς
1391 3771 1506 3823 ἐστι
1529 3771 1649 3834 θεὸς
1665 3773 1850 3844 ἕτερος
1873 3774 2084 3831 οὐδέπω

508 3853 830 3924 γνωρισθεὶς
852 3854 1003 3923 ἡμῖν,
1022 3853 1270 3906 κάκεῖνον
1294 3852 1740 3923 θεραπεύσωμεν.
1757 3856 1895 3927 Ὅρα
1923 3861 2085 3930 ὑπερο

509 3936 671 4007 ϐολὴν
698 3934 1140 4006 δεισιδαιμονίας.
1168 3937 1267 3988 Διά
1295 3936 1451 3989 τοῦτο
1487 3938 1516 3990 6
1549 3937 1758 4001 Παῦλος
1783 3940 2082 4012 ἀρχόμενος

509 4017 614 4088 ἔφη
640 4059 654 4083 ,
688 4018 848 4072 Κατὰ
883 4016 1079 4070 πάντα
1123 4019 1203 4083 ὡς
1246 4019 1894 4090 δεισιδαιμονεστέρους
1928 4026 2082 4094 ὑμᾶς

510 4100 654 4168 ὁρῶσ
689 4101 748 4153 ού
793 4099 902 4170 γάρ
935 4102 1060 4163 τοὺς
1097 4101 1407 4171 γνωρίμους
1453 4103 1580 4174 ὑμῖν
1608 4103 1870 4173 δαίμονας
1916 4106 2080 4178 Θερα-

510 4183 914 4259 πεύετε-μόνον,
959 4183 1121 4259 ἀλλά⁸
1140 4185 1234 4259 καὶ
1277 4187 1414 4259 τοὺς,
1440 4187 1651 4259 ούδέπω
1682 4190 2080 4259 γνωρισθέντας

511 4254 660 4324 ὑμῖν.
703 4254 930 4307 Ἐκεῖνοι
961 4254 1059 4324 μὲν
1098 4254 1186 4307 διὰ
1213 4255 1370 4308 τοῦτο
1401 4254 1740 4327 ἐπέγραψαν,
1780 4254 2082 4330 Ἀγνώστῲ

511 4336 654 4402 Θεῷ,
687 4337 716 4389 6
773 4336 831 4389 66
867 4335 1078 4398 Παῦλος
1120 4337 1480 4409 ήρμήνευσεν.
1519 4341 1580 4392 UE
1630 4340 1730 4409 μὲν
1766 4341 1874 4414 γὰρ
1925 4344 2082 4398 τοῦτο

509 4422 638 4492 περῖ
662 4421 837 4475 ἄλλων
874 4417 988 4492 [57]
1021 4419 1239 4488 ἔλεγον,
1281 4421 1442 4484 αὐτὸς
1479 4422 1534 4474 δὲ
1581 4424 1713 4477 αὐτὸ
1751 4427 2079 4498 μετέστησεν

508 4504 600 4557 ἐπὶ
640 4505 730 4557 τὸν
764 4502 1022 4573 Χριστὸν,
1055 4502 1461 4572 αίχμαλωτίσας
1488 4506 1547 4558 τὸ
1583 4507 1788 4577 νόημα,
1823 4511 1916 4562 καὶ
1959 4511 2079 4580 μεθ’

507 4591 701 4645 ἐαυτοῦ
732 4591 936 4660 στήσας
963 4589 1022 4643 ἐν
1050 4592 1116 4660 τῇ
1152 4589 1456 4661 παρατάξει
1482 4595 1547 4663 τῇ
1579 4593 1772 4647 ἐαυτοῦ
1792 4612 1806 4626 ·
1836 4599 1945 4650 Ὃν
1966 4599 2078 4668 γὰρ

505 4677 867 4747 ἀγνοοῦντες
900 4675 1200 4731 εὐσεϐεῖτε
1236 4677 1422 4747 ὑμεῖς,
1456 4679 1673 4733 τοῦτον
1709 4683 1822 4751 ἐγὼ
1862 4703 2076 4756 καταγ-

508 4763 742 4834 γέλλω,
791 4764 989 4834 φησίν·
1043 4764 1322 4831 ἄγνωστος
1366 4765 1473 4839 γάρ
1520 4766 1652 4831 Θεὸς
1695 4771 1868 4834 οὐδεὶς
1922 4773 2078 4839 ἄλλος

508 4848 719 4918 ἐστῖνῆ
765 4849 792 4900 6
833 4848 1088 4920 Χριστός.
1130 4851 1242 4902 Καὶ
1278 4850 1379 4920 ὅρα
1423 4849 1635 4903 σύνεσιν
1681 4862 2074 4930 πνευματικήν.

513 4934 773 5004 ’Ἔμελλον
804 4936 953 5007 αύτῷ
994 4937 1131 5006 μετά
1167 4936 1337 4990 ταῦτα
1370 4938 1640 5006 ἐγκαλεῖν,
1685 4937 1766 4992 ὅτι
1792 4941 2077 5008 Ξενίζοντα

509 5022 780 5091 εἰσφέρεις
827 5021 1074 5094 δόγματα
1105 5026 1185 5088 εἰς
1213 5025 1310 5088 τὰς
1340 5027 1508 5090 ἀκοὰς
1552 5025 1740 5098 ήμῶν,
1770 5031 1852 5083 ὅτι
1894 5051 2075 5086 καινο·

507 5109 814 5177 τομεῖς,ὃτι
838 5107 956 5162 θεὸν
987 5111 1280 5182 εἰσφέρεις,
1313 5114 1371 5166 ὃν
1407 5114 1504 5167 οὐκ
1539 5115 1713 5185 ἴσμεν.
1749 5116 2078 5190 Βουλόμενος

507 5194 686 5248 τοίνυν
709 5195 1091 5266 ἀπαλλαγῆναι
1121 5199 1221 5268 τῆς
1257 5200 1491 5270 ὑποψίας
1530 5201 1628 5274 τῆς
1664 5204 1804 5258 κατὰ
1829 5203 1926 5276 τὴν
1957 5226 2077 5262 και-

507 5281 760 5350 νοτομίαν
789 5321 803 5346 ,
859 5285 953 5336 καὶ
992 5283 1160 5350 δεῖξαι
1205 5287 1284 5339 ὅτι
1324 5289 1381 5339 o6
1422 5287 1568 5352 ξένον
1621 5290 1880 5360 κηρύττει
1921 5293 2075 5360 θεὸν,

507 5366 622 5418 ἀλλ’
654 5366 712 5420 ὃν
760 5367 1117 5436 προλαϐόντες
1151 5371 1238 5424 διά
1283 5374 1381 5444 τῆς
1430 5373 1727 5446 θεραπείας
1772 5380 2074 5451 ἐτίμησαν,

507 5455 757 5524 ἐπήγαγε
786 5457 878 5508 καὶ
909 5452 1059 5510 εἶπεν
1079 5474 1093 5490 ·
1125 5460 1208 5512 ὅτι
1243 5463 1341 5514 Ὃν
1369 5464 1730 5532 ἀγνοοῦντες
1753 5469 2072 5536 εὐσεϐεῖτε,

509 5542 721 5627 τοῦτον
739 5541 853 5610 ἐγὼ
889 5545 1272 5612 καταγγέλλω
1322 5549 1480 5618 ὑμῖν.
1521 5552 1709 5623 Ὑμεῖς
1747 5573 1812 5624 με
1846 5559 2075 5627 προελά-

505 5626 657 5690 ϐετε,
711 5629 904 5700 φησίν*
942 5629 1177 5701 ἔφθασεν
1231 5634 1382 5704 ὑμῶν
1428 5641 1462 5710 ή
1521 5639 1786 5712 θεραπεία
1834 5626 1902 5696 τὸν
1942 5647 2070 5716 ἐμὸν

2188 343 2470 415 κήρυγμα.
2519 342 2612 415 Μὴ
2642 341 2822 396 τοίνυν
2870 341 3153 410 ἐγκαλεῖτε
3174 379 3190 402 ,
3227 338 3310 392 ὅτι
3339 338 3490 405 ξένον
3539 337 3786 410 εἰσφέρει·

2186 439 2310 494 θεόν
2332 457 2344 468 ·
2394 438 2581 494 τοῦτον
2611 438 2722 508 γὰρ
2760 435 3135 505 καταγγέλλω,
3167 435 3227 488 δν
3258 435 3417 505 ὑμεῖς
3453 430 3787 504 ἀγνοοῦντες

2186 534 2542 608 θεραπεύετε,
2571 534 2674 588 οὐκ
2693 533 2828 603 ἀξίῳ
2867 532 2964 604 μὲν
2995 531 3160 585 αὐτοῦ
3193 531 3402 602 τρόπῳ,
3439 530 3786 601 θεραπεύετε

2162 634 2242 692 .δέ
2277 634 2448 704 ὅμως.
2481 632 2554 686 Οὐ
2593 631 2704 702 γάρ
2747 627 2990 692 τοιοῦτος
3036 627 3218 699 βωμὸς
3252 627 3468 680 ἵσταται
3517 625 3599 697 τῷ
3641 628 3768 699 Χριὴ

2188 730 2324 802 στῷ,
2359 729 2496 784 ἀλλὰ
2552 728 2736 800 βωμὸς
2787 727 3028 798 ἔμψυχος
3068 725 3162 778 καὶ
3209 725 3609 794 πνευματικός⁸
3660 725 3786 780 ἀλλ’

2184 827 2294 881 ἀπὸ
2315 825 2507 880 τούτου
2530 825 2676 896 ὑμᾶς
2699 823 2949 895 καὶπρὸς
2967 823 3173 875 ἐκεῖνον
3196 821 3493 888 ἀναγαγεῖν
3513 820 3782 890 δύναμαι.

2185 922 2342 977 Οὕτω
2363 923 2458 976 καὶ
2495 920 2737 975 Ἰουδαῖοι
2751 919 2813 973 τὸ
2839 918 3066 972 παλαιὸν
3089 917 3450 988 ἐθεράπευοντ
3485 915 3601 970 ἀλλ’
3637 917 3783 970 ἀπέ-

2187 1035 2392 1085 στησαν
2424 1017 2533 1072 ἀπὸ
2582 1017 2684 1086 τῆς
2724 1015 3041 1085 σωματικῆς
3079 1012 3416 1084 θεραπείας,
3459 1013 3556 1066 καὶ
3612 1007 3785 1082 ἦλθον

2185 1116 2279 1170 ἐπὶ
2302 1115 2402 1187 τήν
2437 1113 2822 1184 πνευματικὴν
2845 1113 2896 1165 οί
2923 1109 3311 1174 πιστεύσαντες
3342 1109 3602 1173 ἅπαντες.
3623 1105 3785 1173 Εἶδες

2187 1214 2380 1285 σοφίαν
2431 1211 2680 1275 Παύλου;
2733 1204 2875 1271 εἶδες
2919 1207 3164 1270 σύνεσιν;
3223 1203 3364 1270 εἶδες
3419 1205 3536 1269 πῶς
3573 1206 3784 1268 αὐτοὺς

2185 1310 2535 1384 ἐχειρώσατο,
2575 1310 2675 1361 οὐκ
2711 1307 2818 1361 ἀπὸ
2851 1304 3222 1373 Εὑαγγελίων,
3271 1303 3372 1356 οὐκ
3404 1302 3515 1356 ἀπὸ
3554 1319 3782 1374 προφη-

2183 1409 2377 1471 τικῶν,
2399 1405 2538 1461 ἀλλὰ
2565 1403 2674 1458 67:6
2708 1402 3164 1472 ἐπιγράμματος;
3195 1400 3288 1470 Μὴ
3319 1399 3635 1470 παράτρεχε
3665 1400 3781 1453 τοί.

2185 1525 2300 1572 νυν,
2330 1501 2605 1576 ἀγαπητέ,
2635 1499 2734 1571 τὴν
2769 1498 3079 1571 ἐπιγραφὴν
3106 1497 3213 1550 τῶν
3254 1496 3414 1550 θείων
3441 1497 3637 1564 λογίων
3659 1513 3673 1527 ·
3705 1496 3782 1551 ἀν

2190 1604 2289 1676 μὲν
2327 1605 2504 1673 νήφης
2547 1600 2641 1654 καὶ
2679 1600 2981 1669 ἐγρήγορος
3014 1593 3101 1670 ᾗς,
3134 1596 3227 1650 καὶ
3250 1596 3308 1648 ἐν
3348 1595 3648 1666 ἀλλοτρίοις
3680 1596 3780 1647 εὑ-

2189 1700 2397 1772 ρίσκεις
2426 1715 2476 1750 τι
2506 1697 2777 1767 χρήσιμον
2798 1707 2813 1723 ⁸
2853 1692 2918 1746 ἂν
2943 1691 3003 1746 δὲ
3036 1691 3275 1764 ῥᾴθυμος
3304 1691 3400 1745 καὶ
3438 1691 3776 1744 ἀναπεπτωο

2187 1795 2318 1860 κὼς,
2350 1794 2470 1848 οὐδὲ
2487 1777 2605 1848 67:6
2630 1793 2738 1846 τῶν
2765 1791 2925 1846 θείων
2954 1790 3184 1860 Γραφῶν
3211 1789 3362 1843 ἔσται
3394 1790 3475 1843 σοί
3506 1808 3558 1843 τι
3584 1788 3771 1842 πλέον.

2189 1893 2399 1962 Ὥσπερ
2422 1890 2530 1961 γὰρ
2573 1889 2601 1941 6
2634 1889 2789 1953 εἰδὼς
2821 1887 3141 1960 κερδαίνειν,
3178 1887 3512 1956 πανταχόθεν
3552 1885 3776 1957 κερδαί-

2186 2007 2265 2042 νει
2287 2005 2301 2018 ·
2334 1988 2477 2041 οὕτω
2505 1987 2597 2040 καὶ⁵
2617 1987 2644 2039 6
2685 1985 2762 2057 μή
2785 1984 2960 2047 εἰδὼς,
2987 1983 3093 2037 κᾶν
3126 1981 3398 2054 θησαυρὸν
3427 1980 3585 2054 εὕρῃ,
3615 1981 3773 2044 κενὸς

2185 2086 2393 2140 ἄπεισι.
2439 2080 2702 2136 Βούλεσθε
2762 2082 2900 2134 είπω
2943 2082 3036 2134 καὶ
3062 2080 3248 2152 ἕτερόν
3278 2098 3331 2133 τι
3369 2079 3611 2133 τοιοῦτον
3644 2080 3772 2131 ἐπι-

2185 2183 2445 2254 χείρημα,
2476 2180 2613 2250 ὅπερ
2636 2177 2792 2241 ἄλλος
2817 2179 2915 2246 μὲν
2941 2177 3059 2248 μεθ’
3093 2175 3286 2248 ἐτέρας
3326 2175 3627 2245 ἐφθέγξατο
3650 2175 3771 2228 δια-

2185 2281 2353 2341 νοίας,
2384 2279 2412 2328 6
2451 2275 2508 2329 66
2535 2273 2932 2344 εὐαγγελιστὴς
2961 2272 3100 2344 πρὸς
3134 2271 3323 2326 ἐαυτὸν
3359 2271 3626 2343 μετέθηκε
3659 2269 3772 2324 τῶν

2184 2372 2490 2446 εἰρημένων
2520 2369 2620 2440 τὴν
2640 2369 2900 2440 δύναμιν;
2932 2367 3142 2422 Οὐκοῦν
3170 2368 3464 2439 προσέχετε
3495 2366 3770 2438 ἀκριϐῶς,

2183 2474 2274 2526 ἵνα
2306 2469 2535 2542 μάθητε,
2577 2468 2660 2521 ὅτι
2703 2467 2956 2529 κάκεῖνος
2991 2463 3340 2536 ήχμαλώτισε
3374 2464 3435 2518 τὸ
3467 2465 3651 2536 νόημα
3687 2467 3774 2527 εἰς

2182 2569 2282 2640 τήν
2314 2566 2560 2636 ὑπακοὴν
2602 2563 2696 2617 τοῦ
2736 2559 3008 2634 Χριστοῦ’
3061 2563 3148 2616 ῖνα
3197 2561 3426 2632 μάθητε,
3465 2562 3550 2615 ὅτι
3596 2564 3649 2614 εἰ
3699 2562 3772 2614 τά

2183 2664 2442 2735 ἀλλότρια
2468 2659 2891 2732 αἱχμαλωτίζειν
2921 2658 3217 2729 δυνάμεθα,
3255 2658 3436 2729 πολλῷ
3479 2657 3684 2728 μᾶλλον
3710 2660 3773 2711 ἐν

2183 2763 2296 2824 τοῖς
2350 2758 2571 2822 οἰκείοις
2622 2755 3075 2826 ἐμπορευσόμεθα
3119 2755 3212 2808 καί
3256 2754 3646 2825 κερδανοῦμεν.
3703 2754 3768 2806 Ὅ

2183 2855 2440 2925 Καϊάφας
2463 2852 2752 2924 ἀρχιερεὺς
2777 2847 2846 2922 ἦν
2867 2851 2962 2904 τοῦ
2986 2849 3234 2904 ἐνιαυτοῦ
3265 2851 3474 2903 ἐκείνου
3493 2866 3508 2881 ·
3537 2851 3633 2903 καὶ
3658 2849 3773 2919 γὰρ

2183 2953 2278 3006 καὶ
2322 2950 2480 3005 τοῦτο
2524 2949 2624 3020 τῆς
2687 2946 2984 3016 Ἰουδαϊκῆς
3027 2946 3244 3014 ἐγένετο
3287 2947 3584 3018 πονηρίας·
3637 2963 3775 2998 κατ-

2184 3049 2417 3120 ῄσχυνον
2469 3046 2576 3116 γάρ
2624 3045 2685 3098 τὸ
2729 3043 2830 3113 τῆς
2879 3041 3179 3114 ἱερωσύνης
3230 3042 3482 3112 ἀξίωμα,
3521 3042 3772 3112 ὠνητοὺς

2184 3145 2510 3215 ποιήσαντες
2534 3139 2850 3212 ἀρχιερέας.
2878 3137 3229 3208 Ἔμπροσθεν
3256 3137 3312 3190 66
3343 3139 3442 3207 οὐχ
3467 3137 3640 3199 οὕτως
3676 3129 3768 3204 ἦν,

2183 3240 2319 3294 ἀλλά
2350 3241 2417 3310 τῇ
2467 3237 2691 3308 τελευτῇ
2746 3236 2880 3306 μόνῃ
2931 3234 3224 3288 κατελύετο
3265 3237 3298 3306 ή
3355 3234 3624 3306 ἱερωσύνη
3669 3233 3771 3286 τοῦ

2183 3337 2486 3407 ἀρχιερέως
2509 3351 2523 3366 ο
2546 3333 2666 3386 τότε
2688 3331 2744 3384 δέ
2766 3332 2860 3385 καὶ
2880 3330 3079 3396 ζῶντες
3108 3331 3440 3402 παρελύοντο
3457 3330 3556 3400 τῆς
3575 3330 3768 3400 τιμῆς.

2197 3429 2509 3498 ’Δρχιερεὺς
2539 3425 2719 3478 τοίνυν
2756 3423 2830 3476 ὢν
2863 3422 2957 3477 τοῦ
2998 3421 3249 3476 ἐνιαυτοῦ
3286 3421 3495 3474 ἐκείνου
3520 3425 3548 3474 6
3585 3422 3770 3474 Καϊά-

2184 3536 2309 3588 φας,
2355 3515 2666 3580 καθώπλιζε
2713 3515 2854 3568 κατά
2889 3512 2984 3567 τοῦ
3015 3513 3251 3585 Χριστοῦ
3288 3515 3414 3576 τοὺς
3455 3513 3768 3574 Ἰουδαίους,

2183 3609 2276 3661 καὶ
2312 3607 2525 3674 ἔλεγεν·
2567 3593 2649 3658 ὃτί
2675 3605 2757 3658 δεῖ
2795 3603 2984 3657 τοῦτον
3023 3604 3339 3668 ἀποθανεῖν,
3375 3604 3626 3672 ἐγκαλεῖν
3665 3607 3769 3674 μὲν

2183 3699 2335 3753 οὐδὲν
2369 3697 2538 3768 ἔχων,
2583 3695 2850 3766 βασκανίᾳ
2883 3695 2949 3748 .66
3005 3696 3322 3766 τηκόμενος.
3367 3695 3616 3748 Τοιοῦτον
3654 3696 3769 3765 γάρ

2181 3791 2211 3843 6
2259 3789 2485 3858 φθόνος·
2534 3788 2643 3841 τῶν
2671 3786 3000 3856 εὐεργεσιῶν
3043 3787 3297 3851 τοιαύτας
3331 3788 3620 3841 ἀποδίδωσι
3663 3789 3767 3850 τὰς

2184 3880 2438 3950 ἀμοιϐάς.
2474 3879 2638 3932 Ὀθεν
2680 3879 2775 3932 καὶ
2821 3879 2919 3948 τὴν
2967 3881 3147 3933 αἰτίαν
3179 3880 3442 3934 διδάσκων
3487 3879 3588 3949 τῆς
3635 3883 3765 3932 ἐπι-

2184 3973 2400 4044 ϐουλῆς,
2443 3973 2631 4040 ἔλεγε·
2671 3970 2963 4040 Συμφέρει
2993 3973 3093 4024 ἵνα
3133 3967 3220 4038 εἷς
3250 3971 3562 4039 ἅνθρωπος
3611 3973 3765 4025 6:70-

2183 4063 2356 4130 θάνῃ,
2401 4062 2499 4116 καὶ
2537 4061 2623 4131 μὴ
2663 4061 2810 4114 ὅλον
2866 4061 2933 4114 τὸ
2967 4061 3142 4127 ἔθνος
3189 4063 3504 4128 ἀπόληται.
3555 4062 3763 4115 Τούτου

2181 4152 2272 4206 τοῦ
2305 4153 2545 4222 ῥήματος
2571 4153 2604 4221 ή
2635 4150 2866 4222 δύναμις
2893 4152 2992 4222 ὅρα
3029 4150 3145 4213 πῶς
3172 4150 3290 4220 μεθ’
3325 4151 3478 4220 ήμῶν
3503 4149 3722 4218 ἐγένετο
3747 4169 3762 4180 ·

2182 4243 2272 4296 ἵνα.
2322 4241 2499 4313 μάθῃς
2530 4242 2612 4294 ὅτι
2664 4242 2725 4294 τὸ
2771 4241 2870 4312 μὲν
2905 4244 3056 4312 ῥῆμα
3105 4236 3174 4313 ἦν
3216 4240 3313 4294 τοῦ
3361 4241 3565 4310 ίερέως.
3611 4241 3676 4293 τδ
3705 4242 3763 4294 δὲ

2180 4333 2360 4405 νόημα
2390 4332 2628 4403 ἠδυνήθη
2655 4331 2909 4401 γενέσθαι
2931 4332 3318 4402 πνευματικόν.
3334 4331 3625 4400 Συμςςέρει
3658 4333 3763 4384 ἵνα

2179 4419 2266 4488 εἷς
2298 4423 2608 4490 ἅνθρωπος
2622 4421 2917 4491 ἀποθάνῃ,
2942 4422 3041 4476 καί
3067 4422 3152 4491 μὴ
3323 4422 3471 4477 ὅλον
3490 4424 3553 4475 τὸ
3583 4424 3763 4489 ἔθνος

2179 4515 2496 4580 ἀπόληται.
2535 4512 2719 4567 Τοῦτο
2757 4513 2826 4567 δὲ
2861 4517 2973 4568 οὐκ
3003 4513 3215 4583 ἔλεγεν
3253 4514 3355 4582 ἀφ’
3383 4514 3619 4578 ἑαυτοῦ,
3654 4534 3762 4587 φη-

2182 4609 2285 4670 σὶν,
2323 4607 2463 4660 ἀλλ’
2497 4605 2586 4660 ὄτι
2612 4607 2922 4676 ἀρχιερεὺς
2953 4603 3030 4676 ἦν
3055 4607 3160 4662 τοῦ
3187 4607 3465 4662 ἐνιαυτοῦ
3496 4607 3758 4671 ἐκείνου,

2180 4697 2653 4765 προεφήτευσεν,
2689 4699 2769 4750 ὃτι
2796 4697 2878 4750 δεῖ
2920 4697 3010 4750 τὸν
3056 4698 3289 4768 Χριστὸν
3331 4699 3651 4765 ἀποθανεῖν,
3693 4702 3758 4754 οὐ

2182 4790 2340 4859 μόνον
2405 4788 2544 4856 ὑπὲρ
2609 4789 2909 4862 Ἰουδαίων,
2969 4789 3106 4843 ἀλλά
3154 4790 3248 4844 καὶ
3282 4790 3423 4862 ὑπὲρ
3475 4791 3598 4845 ὅλου
3659 4793 3756 4846 τοῦ

2178 4858 2364 4943 ἔθνους
2385 4895 2398 4908 '
2432 4879 2521 4932 6:6
2550 4880 2710 4932 τοῦτο
2747 4858 2842 4932 καὶ
2868 4880 3075 4950 ἔλεγεν,
3103 4882 3185 4935 ὅτι
3211 4858 3504 4952 Συμφέρει
3542 4883 3643 4936 ἵνα
3667 4879 3760 4950 εἷς

2177 4970 2490 5038 ἄνθρωπος
2527 4970 2819 5039 ἀποθάνῃ,
2859 4972 2958 5024 καί
2991 4972 3076 5042 μὴ
3121 4973 3270 5027 ὅλον
3302 4973 3369 5026 τὸ
3397 4975 3573 5041 ἔθνος
3603 4975 3757 5029 ἀπό-

2176 5066 2373 5128 ληται.
2412 5057 2569 5125 Εἶδες
2609 5061 2837 5133 δύναμιν
2875 5064 3031 5128 Θεοῦ,
3064 5065 3183 5128 πῶς
3232 5065 3329 5138 τήν
3367 5067 3613 5134 γλῶτταν
3644 5070 3758 5122 τῶν

2177 5152 2388 5224 ἐχθρῶν
2410 5153 2714 5222 ἀναγκάζει
2740 5156 2808 5210 τά
2836 5155 2973 5226 ὑπὲρ
2994 5157 3094 5226 τῆς
3125 5157 3385 5229 ἀληθείας
3418 5159 3626 5228 λέγειν;

2246 5248 2306 5302 ε’.
2344 5250 2462 5302 Ἵνα
2489 5249 2588 5320 μὲν
2621 5244 2715 5304 οὖν
2738 5249 2812 5321 μὴ
2832 5254 3262 5323 παρατρέχωμεν
3301 5256 3397 5318 τὰς
3436 5257 3756 5326 ἐπιγραφὰς

2175 5331 2284 5385 τῶν
2315 5331 2474 5385 θείων
2508 5333 2763 5404 Γραφῶν,
2811 5334 3124 5404 ἀρκούντως
3164 5337 3336 5390 ταῦτα
3388 5341 3618 5410 εῖρηται.
3654 5341 3757 5395 ἐὰν

2179 5414 2556 5486 μνημονεύητε
2577 5431 2592 5446 ο
2623 5415 2922 5486 ἐϐουλόμην
2948 5417 3006 5470 δὲ
3033 5421 3226 5482 εἰπεῖν,
3250 5422 3341 5473 καὶ
3376 5423 3459 5484 τίς
3483 5425 3512 5476 ὀ
3532 5423 3759 5494 γράψας

2174 5497 2237 5549 τὸ
2262 5496 2488 5567 βιϐλίον,
2511 5497 2608 5551 καὶ
2631 5499 2783 5561 πότε,
2807 5502 2901 5553 καὶ
2931 5501 3077 5564 τίνος
3102 5501 3285 5556 ἕνεκεν
3314 5503 3566 5572 ἔγραψεν.
3590 5507 3759 5565 Ἀλλά

2176 5580 2313 5642 τέως
2337 5580 2511 5634 ταῦτα
2545 5581 2860 5653 κατέχωμεν
2887 5600 2902 5614 ·
2930 5585 3113 5638 ἐκεῖνα
3143 5585 3199 5637 δέ
3225 5588 3304 5649 είς
3334 5588 3436 5658 τὴν
3463 5589 3757 5657 ἐπιοῦσαν,

2179 5663 2273 5714 ἐὰν
2305 5664 2331 5714 6
2355 5662 2484 5726 Θεὸς
2521 5663 2668 5732 θέλῃ,
2707 5666 3074 5738 ἀποδώσομεν.
3111 5669 3375 5740 Βούλομαι
3409 5671 3517 5743 γὰρ
3560 5673 3759 5730 λοιπὸν
