  <div class='ocr_page' id='page_1' title='image "/cluster/home/n/w/nwhite01/storage/ocr_20150623/51/nnc1.0046978275/072.png"; bbox 0 0 4010 6342; ppageno 0'>
   <div class='ocr_carea' id='block_1_1' title="bbox 276 293 3571 361">
    <p class='ocr_par' dir='ltr' id='par_1_1' title="bbox 276 293 3571 361">
     <span class='ocr_line' id='line_1_1' title="bbox 276 293 3571 361; baseline -0.002 0"><span class='ocrx_word' id='word_1_1' title='bbox 276 309 347 361; x_wconf 79' lang='lat'><strong>73</strong></span> <span class='ocrx_word' id='word_1_2' title='bbox 892 302 953 354; x_wconf 75' lang='lat' dir='ltr'><strong>IN</strong></span> <span class='ocrx_word' id='word_1_3' title='bbox 990 298 1516 355; x_wconf 72' lang='lat' dir='ltr'><strong>lNSClllPTlONEM</strong></span> <span class='ocrx_word' id='word_1_4' title='bbox 1556 295 1850 352; x_wconf 77' lang='lat' dir='ltr'><strong>ALTARIS</strong></span> <span class='ocrx_word' id='word_1_5' title='bbox 1892 293 1978 352; x_wconf 77' lang='lat' dir='ltr'><strong>ET</strong></span> <span class='ocrx_word' id='word_1_6' title='bbox 2019 295 2085 350; x_wconf 78' lang='lat' dir='ltr'><strong>IN</strong></span> <span class='ocrx_word' id='word_1_7' title='bbox 2123 295 2521 355; x_wconf 80' lang='lat' dir='ltr'><strong>PRINCIPIUM</strong></span> <span class='ocrx_word' id='word_1_8' title='bbox 2565 298 2914 356; x_wconf 81' lang='lat' dir='ltr'><strong>ACTORUM.</strong></span> <span class='ocrx_word' id='word_1_9' title='bbox 2960 300 2996 356; x_wconf 92' lang='grc' dir='ltr'><strong>Ι.</strong></span> <span class='ocrx_word' id='word_1_10' title='bbox 3505 302 3571 357; x_wconf 77' lang='grc'><strong>74</strong></span> 
     </span>
    </p>
   </div>
   <div class='ocr_carea' id='block_1_2' title="bbox 275 408 1798 487">
    <p class='ocr_par' dir='ltr' id='par_1_2' title="bbox 275 408 1798 487">
     <span class='ocr_line' id='line_1_2' title="bbox 275 408 1798 487; baseline -0.008 -15"><span class='ocrx_word' id='word_1_11' title='bbox 275 431 436 487; x_wconf 89' lang='lat' dir='ltr'><strong>quem</strong></span> <span class='ocrx_word' id='word_1_12' title='bbox 458 417 513 470; x_wconf 93' lang='lat' dir='ltr'><strong>in</strong></span> <span class='ocrx_word' id='word_1_13' title='bbox 545 429 643 470; x_wconf 93' lang='lat' dir='ltr'><strong>nos</strong></span> <span class='ocrx_word' id='word_1_14' title='bbox 668 423 898 485; x_wconf 89' lang='lat' dir='ltr'><strong>gestant,</strong></span> <span class='ocrx_word' id='word_1_15' title='bbox 930 413 1016 467; x_wconf 82' lang='lat' dir='ltr'><strong>hic</strong></span> <span class='ocrx_word' id='word_1_16' title='bbox 1046 413 1150 467; x_wconf 87' lang='lat' dir='ltr'><strong>illis</strong></span> <span class='ocrx_word' id='word_1_17' title='bbox 1176 412 1332 467; x_wconf 85' lang='lat' dir='ltr'><strong>letale</strong></span> <span class='ocrx_word' id='word_1_18' title='bbox 1363 411 1553 465; x_wconf 79' lang='lat' dir='ltr'><strong>vulnus</strong></span> <span class='ocrx_word' id='word_1_19' title='bbox 1588 408 1798 480; x_wconf 83' lang='lat' dir='ltr'><strong>inﬂigit.</strong></span> 
     </span>
    </p>
   </div>
   <div class='ocr_carea' id='block_1_3' title="bbox 348 501 1872 576">
    <p class='ocr_par' dir='ltr' id='par_1_3' title="bbox 348 501 1872 576">
     <span class='ocr_line' id='line_1_3' title="bbox 348 501 1872 576; baseline -0.007 -12"><span class='ocrx_word' id='word_1_20' title='bbox 348 511 404 563; x_wconf 74' lang='grc'><strong>4.</strong></span> <span class='ocrx_word' id='word_1_21' title='bbox 436 506 775 576; x_wconf 84' lang='lat' dir='ltr'><strong>Comparatur</strong></span> <span class='ocrx_word' id='word_1_22' title='bbox 804 505 999 561; x_wconf 82' lang='lat' dir='ltr'><strong>Paulus</strong></span> <span class='ocrx_word' id='word_1_23' title='bbox 1024 523 1138 559; x_wconf 87' lang='lat' dir='ltr'><strong>cum</strong></span> <span class='ocrx_word' id='word_1_24' title='bbox 1166 504 1377 559; x_wconf 80' lang='lat' dir='ltr'><strong>Dauide.</strong></span> <span class='ocrx_word' id='word_1_25' title='bbox 1416 533 1485 542; x_wconf 89' lang='lat'><strong><em>—</em></strong></span> <span class='ocrx_word' id='word_1_26' title='bbox 1512 502 1658 557; x_wconf 89' lang='lat' dir='ltr'><strong>Talis</strong></span> <span class='ocrx_word' id='word_1_27' title='bbox 1673 501 1872 570; x_wconf 85' lang='lat' dir='ltr'><strong>quippe</strong></span> 
     </span>
    </p>
   </div>
   <div class='ocr_carea' id='block_1_4' title="bbox 272 592 1873 670">
    <p class='ocr_par' dir='ltr' id='par_1_4' title="bbox 272 592 1873 670">
     <span class='ocr_line' id='line_1_4' title="bbox 272 592 1873 670; baseline -0.004 -15"><span class='ocrx_word' id='word_1_28' title='bbox 272 603 452 657; x_wconf 84' lang='lat' dir='ltr'><strong>virtus</strong></span> <span class='ocrx_word' id='word_1_29' title='bbox 494 609 578 655; x_wconf 91' lang='lat' dir='ltr'><strong>est</strong></span> <span class='ocrx_word' id='word_1_30' title='bbox 603 599 852 670; x_wconf 74' lang='lat' dir='ltr'><strong>Spiritus.</strong></span> <span class='ocrx_word' id='word_1_31' title='bbox 887 599 960 653; x_wconf 87' lang='lat' dir='ltr'><strong>ita</strong></span> <span class='ocrx_word' id='word_1_32' title='bbox 1006 598 1275 669; x_wconf 88' lang='lat' dir='ltr'><strong>quondam</strong></span> <span class='ocrx_word' id='word_1_33' title='bbox 1304 597 1412 667; x_wconf 90' lang='lat' dir='ltr'><strong>egit</strong></span> <span class='ocrx_word' id='word_1_34' title='bbox 1456 596 1616 650; x_wconf 90' lang='lat' dir='ltr'><strong>etiam</strong></span> <span class='ocrx_word' id='word_1_35' title='bbox 1661 592 1824 648; x_wconf 81' lang='lat' dir='ltr'><strong>David</strong></span> <span class='ocrx_word' id='word_1_36' title='bbox 1854 609 1873 648; x_wconf 86' lang='lat'><strong>:</strong></span> 
     </span>
    </p>
   </div>
   <div class='ocr_carea' id='block_1_5' title="bbox 272 687 1870 759">
    <p class='ocr_par' dir='ltr' id='par_1_5' title="bbox 272 687 1870 759">
     <span class='ocr_line' id='line_1_5' title="bbox 272 687 1870 759; baseline -0.007 -11"><span class='ocrx_word' id='word_1_37' title='bbox 272 693 443 748; x_wconf 87' lang='lat' dir='ltr'><strong>exivit</strong></span> <span class='ocrx_word' id='word_1_38' title='bbox 486 692 651 747; x_wconf 86' lang='lat' dir='ltr'><strong>armis</strong></span> <span class='ocrx_word' id='word_1_39' title='bbox 681 691 876 756; x_wconf 90' lang='lat' dir='ltr'><strong>nudus,</strong></span> <span class='ocrx_word' id='word_1_40' title='bbox 930 700 989 745; x_wconf 90' lang='lat' dir='ltr'><strong>ut</strong></span> <span class='ocrx_word' id='word_1_41' title='bbox 1032 689 1173 744; x_wconf 80' lang='lat' dir='ltr'><strong>nuda</strong></span> <span class='ocrx_word' id='word_1_42' title='bbox 1212 689 1380 759; x_wconf 85' lang='lat' dir='ltr'><strong>gratia</strong></span> <span class='ocrx_word' id='word_1_43' title='bbox 1422 687 1515 741; x_wconf 92' lang='lat' dir='ltr'><strong>Dei</strong></span> <span class='ocrx_word' id='word_1_44' title='bbox 1566 692 1870 755; x_wconf 89' lang='lat' dir='ltr'><strong>appareret.</strong></span> 
     </span>
    </p>
   </div>
   <div class='ocr_carea' id='block_1_6' title="bbox 273 774 1874 853">
    <p class='ocr_par' dir='ltr' id='par_1_6' title="bbox 273 774 1874 853">
     <span class='ocr_line' id='line_1_6' title="bbox 273 774 1874 853; baseline -0.004 -16"><span class='ocrx_word' id='word_1_45' title='bbox 273 782 419 838; x_wconf 83' lang='lat' dir='ltr'><strong>Nihil</strong></span> <span class='ocrx_word' id='word_1_46' title='bbox 446 784 613 848; x_wconf 90' lang='lat' dir='ltr'><strong>enim,</strong></span> <span class='ocrx_word' id='word_1_47' title='bbox 646 783 836 853; x_wconf 92' lang='lat' dir='ltr'><strong>inquit,</strong></span> <span class='ocrx_word' id='word_1_48' title='bbox 862 782 1151 836; x_wconf 89' lang='lat' dir='ltr'><strong>humanum</strong></span> <span class='ocrx_word' id='word_1_49' title='bbox 1189 782 1279 846; x_wconf 91' lang='lat' dir='ltr'><strong>sit,</strong></span> <span class='ocrx_word' id='word_1_50' title='bbox 1327 777 1540 849; x_wconf 86' lang='lat' dir='ltr'><strong>quando</strong></span> <span class='ocrx_word' id='word_1_51' title='bbox 1586 791 1684 847; x_wconf 88' lang='lat' dir='ltr'><strong>pro</strong></span> <span class='ocrx_word' id='word_1_52' title='bbox 1722 774 1874 831; x_wconf 84' lang='lat' dir='ltr'><strong>nobis</strong></span> 
     </span>
    </p>
   </div>
   <div class='ocr_carea' id='block_1_7' title="bbox 274 867 1867 948">
    <p class='ocr_par' dir='ltr' id='par_1_7' title="bbox 274 867 1867 948">
     <span class='ocr_line' id='line_1_7' title="bbox 274 867 1867 948; baseline -0.006 -18"><span class='ocrx_word' id='word_1_53' title='bbox 274 886 480 948; x_wconf 87' lang='lat' dir='ltr'><strong>pugnat</strong></span> <span class='ocrx_word' id='word_1_54' title='bbox 508 877 669 932; x_wconf 89' lang='lat' dir='ltr'><strong>Deus.</strong></span> <span class='ocrx_word' id='word_1_55' title='bbox 703 876 883 931; x_wconf 82' lang='lat' dir='ltr'><strong>Exivit</strong></span> <span class='ocrx_word' id='word_1_56' title='bbox 917 890 1047 946; x_wconf 86' lang='lat' dir='ltr'><strong>ergo</strong></span> <span class='ocrx_word' id='word_1_57' title='bbox 1071 872 1247 928; x_wconf 91' lang='lat' dir='ltr'><strong>nudus</strong></span> <span class='ocrx_word' id='word_1_58' title='bbox 1272 872 1458 936; x_wconf 88' lang='lat' dir='ltr'><strong>armis,</strong></span> <span class='ocrx_word' id='word_1_59' title='bbox 1489 879 1544 924; x_wconf 91' lang='lat' dir='ltr'><strong>et</strong></span> <span class='ocrx_word' id='word_1_60' title='bbox 1593 869 1784 924; x_wconf 89' lang='lat' dir='ltr'><strong>turrim</strong></span> <span class='ocrx_word' id='word_1_61' title='bbox 1810 867 1867 922; x_wconf 86' lang='lat' dir='ltr'><strong>il-</strong></span> 
     </span>
    </p>
   </div>
   <div class='ocr_carea' id='block_1_8' title="bbox 274 964 1872 1039">
    <p class='ocr_par' dir='ltr' id='par_1_8' title="bbox 274 964 1872 1039">
     <span class='ocr_line' id='line_1_8' title="bbox 274 964 1872 1039; baseline -0.004 -16"><span class='ocrx_word' id='word_1_62' title='bbox 274 968 386 1023; x_wconf 90' lang='lat' dir='ltr'><strong>lam</strong></span> <span class='ocrx_word' id='word_1_63' title='bbox 411 968 627 1039; x_wconf 89' lang='lat' dir='ltr'><strong>dejecit.</strong></span> <span class='ocrx_word' id='word_1_64' title='bbox 660 967 859 1024; x_wconf 87' lang='lat' dir='ltr'><strong>Deinde</strong></span> <span class='ocrx_word' id='word_1_65' title='bbox 883 983 1004 1022; x_wconf 91' lang='lat' dir='ltr'><strong>cum</strong></span> <span class='ocrx_word' id='word_1_66' title='bbox 1030 966 1197 1021; x_wconf 90' lang='lat' dir='ltr'><strong>armis</strong></span> <span class='ocrx_word' id='word_1_67' title='bbox 1239 964 1527 1020; x_wconf 90' lang='lat' dir='ltr'><strong>destitutus</strong></span> <span class='ocrx_word' id='word_1_68' title='bbox 1553 971 1717 1026; x_wconf 87' lang='lat' dir='ltr'><strong>esset,</strong></span> <span class='ocrx_word' id='word_1_69' title='bbox 1745 976 1872 1017; x_wconf 89' lang='lat' dir='ltr'><strong>cur—</strong></span> 
     </span>
    </p>
   </div>
   <div class='ocr_carea' id='block_1_9' title="bbox 272 1054 1875 1133">
    <p class='ocr_par' dir='ltr' id='par_1_9' title="bbox 272 1054 1875 1133">
     <span class='ocr_line' id='line_1_9' title="bbox 272 1054 1875 1133; baseline -0.006 -18"><span class='ocrx_word' id='word_1_70' title='bbox 272 1077 408 1118; x_wconf 83' lang='lat' dir='ltr'><strong>rens</strong></span> <span class='ocrx_word' id='word_1_71' title='bbox 436 1061 670 1133; x_wconf 76' lang='lat' dir='ltr'><strong>gladium</strong></span> <span class='ocrx_word' id='word_1_72' title='bbox 708 1060 941 1119; x_wconf 86' lang='lat' dir='ltr'><strong>Goliatbi</strong></span> <span class='ocrx_word' id='word_1_73' title='bbox 970 1058 1171 1129; x_wconf 90' lang='lat' dir='ltr'><strong>rapuit,</strong></span> <span class='ocrx_word' id='word_1_74' title='bbox 1194 1067 1353 1128; x_wconf 89' lang='lat' dir='ltr'><strong>atque</strong></span> <span class='ocrx_word' id='word_1_75' title='bbox 1381 1056 1452 1111; x_wconf 91' lang='lat' dir='ltr'><strong>ita</strong></span> <span class='ocrx_word' id='word_1_76' title='bbox 1477 1054 1689 1110; x_wconf 87' lang='lat' dir='ltr'><strong>barbari</strong></span> <span class='ocrx_word' id='word_1_77' title='bbox 1717 1062 1875 1123; x_wconf 91' lang='lat' dir='ltr'><strong>caput</strong></span> 
     </span>
    </p>
   </div>
   <div class='ocr_carea' id='block_1_10' title="bbox 271 1144 1872 1224">
    <p class='ocr_par' dir='ltr' id='par_1_10' title="bbox 271 1144 1872 1224">
     <span class='ocr_line' id='line_1_10' title="bbox 271 1144 1872 1224; baseline -0.004 -18"><span class='ocrx_word' id='word_1_78' title='bbox 271 1154 575 1224; x_wconf 73' lang='lat' dir='ltr'><strong>amputavit</strong></span> <span class='ocrx_word' id='word_1_79' title='bbox 604 1172 617 1207; x_wconf 90' lang='lat'><strong>:</strong></span> <span class='ocrx_word' id='word_1_80' title='bbox 647 1153 721 1207; x_wconf 89' lang='lat' dir='ltr'><strong>ita</strong></span> <span class='ocrx_word' id='word_1_81' title='bbox 748 1166 960 1223; x_wconf 91' lang='lat' dir='ltr'><strong>quoque</strong></span> <span class='ocrx_word' id='word_1_82' title='bbox 988 1150 1184 1206; x_wconf 88' lang='lat' dir='ltr'><strong>Paulus</strong></span> <span class='ocrx_word' id='word_1_83' title='bbox 1209 1150 1262 1204; x_wconf 94' lang='lat' dir='ltr'><strong>in</strong></span> <span class='ocrx_word' id='word_1_84' title='bbox 1286 1148 1385 1202; x_wconf 91' lang='lat' dir='ltr'><strong>hac</strong></span> <span class='ocrx_word' id='word_1_85' title='bbox 1412 1146 1757 1216; x_wconf 77' lang='lat' dir='ltr'><strong>inscriptione</strong></span> <span class='ocrx_word' id='word_1_86' title='bbox 1786 1144 1872 1200; x_wconf 56' lang='lat' dir='ltr'><strong>fe-</strong></span> 
     </span>
    </p>
   </div>
   <div class='ocr_carea' id='block_1_11' title="bbox 275 1237 1874 1314">
    <p class='ocr_par' dir='ltr' id='par_1_11' title="bbox 275 1237 1874 1314">
     <span class='ocr_line' id='line_1_11' title="bbox 275 1237 1874 1314; baseline -0.005 -16"><span class='ocrx_word' id='word_1_87' title='bbox 275 1243 375 1298; x_wconf 83' lang='lat' dir='ltr'><strong>rit.</strong></span> <span class='ocrx_word' id='word_1_88' title='bbox 404 1246 580 1314; x_wconf 79' lang='lat' dir='ltr'><strong>Atque</strong></span> <span class='ocrx_word' id='word_1_89' title='bbox 626 1251 685 1298; x_wconf 93' lang='lat' dir='ltr'><strong>ut</strong></span> <span class='ocrx_word' id='word_1_90' title='bbox 718 1242 1049 1297; x_wconf 79' lang='lat' dir='ltr'><strong>manifestior</strong></span> <span class='ocrx_word' id='word_1_91' title='bbox 1076 1240 1169 1295; x_wconf 87' lang='lat' dir='ltr'><strong>ﬁat</strong></span> <span class='ocrx_word' id='word_1_92' title='bbox 1188 1240 1423 1294; x_wconf 80' lang='lat' dir='ltr'><strong>victoriae</strong></span> <span class='ocrx_word' id='word_1_93' title='bbox 1471 1237 1682 1304; x_wconf 89' lang='lat' dir='ltr'><strong>modus,</strong></span> <span class='ocrx_word' id='word_1_94' title='bbox 1704 1237 1874 1291; x_wconf 90' lang='lat' dir='ltr'><strong>virtu-</strong></span> 
     </span>
    </p>
   </div>
   <div class='ocr_carea' id='block_1_12' title="bbox 277 1328 1876 1406">
    <p class='ocr_par' dir='ltr' id='par_1_12' title="bbox 277 1328 1876 1406">
     <span class='ocr_line' id='line_1_12' title="bbox 277 1328 1876 1406; baseline -0.005 -13"><span class='ocrx_word' id='word_1_95' title='bbox 277 1347 390 1393; x_wconf 87' lang='lat' dir='ltr'><strong>tem</strong></span> <span class='ocrx_word' id='word_1_96' title='bbox 412 1338 564 1393; x_wconf 81' lang='lat' dir='ltr'><strong>vobis</strong></span> <span class='ocrx_word' id='word_1_97' title='bbox 583 1335 943 1406; x_wconf 88' lang='lat' dir='ltr'><strong>inscriptionis</strong></span> <span class='ocrx_word' id='word_1_98' title='bbox 972 1333 1281 1391; x_wconf 87' lang='lat' dir='ltr'><strong>declarabo.</strong></span> <span class='ocrx_word' id='word_1_99' title='bbox 1309 1332 1491 1387; x_wconf 86' lang='lat' dir='ltr'><strong>Altare</strong></span> <span class='ocrx_word' id='word_1_100' title='bbox 1520 1331 1679 1401; x_wconf 81' lang='lat' dir='ltr'><strong>igitur</strong></span> <span class='ocrx_word' id='word_1_101' title='bbox 1707 1328 1876 1385; x_wconf 82' lang='lat' dir='ltr'><strong>Athe-</strong></span> 
     </span>
    </p>
   </div>
   <div class='ocr_carea' id='block_1_13' title="bbox 278 1422 1872 1500">
    <p class='ocr_par' dir='ltr' id='par_1_13' title="bbox 278 1422 1872 1500">
     <span class='ocr_line' id='line_1_13' title="bbox 278 1422 1872 1500; baseline -0.007 -13"><span class='ocrx_word' id='word_1_102' title='bbox 278 1435 369 1489; x_wconf 91' lang='lat' dir='ltr'><strong>nis</strong></span> <span class='ocrx_word' id='word_1_103' title='bbox 394 1433 591 1488; x_wconf 87' lang='lat' dir='ltr'><strong>Paulus</strong></span> <span class='ocrx_word' id='word_1_104' title='bbox 619 1433 859 1497; x_wconf 88' lang='lat' dir='ltr'><strong>invenit,</strong></span> <span class='ocrx_word' id='word_1_105' title='bbox 887 1431 975 1487; x_wconf 90' lang='lat' dir='ltr'><strong>cui</strong></span> <span class='ocrx_word' id='word_1_106' title='bbox 1003 1430 1314 1500; x_wconf 89' lang='lat' dir='ltr'><strong>inscriptum</strong></span> <span class='ocrx_word' id='word_1_107' title='bbox 1353 1436 1502 1491; x_wconf 89' lang='lat' dir='ltr'><strong>erat,</strong></span> <span class='ocrx_word' id='word_1_108' title='bbox 1535 1424 1718 1496; x_wconf 83' lang='lat' dir='ltr'><strong>Ignoto</strong></span> <span class='ocrx_word' id='word_1_109' title='bbox 1745 1422 1872 1478; x_wconf 89' lang='lat' dir='ltr'><strong>Deo.</strong></span> 
     </span>
    </p>
   </div>
   <div class='ocr_carea' id='block_1_14' title="bbox 278 1517 1874 1595">
    <p class='ocr_par' dir='ltr' id='par_1_14' title="bbox 278 1517 1874 1595">
     <span class='ocr_line' id='line_1_14' title="bbox 278 1517 1874 1595; baseline -0.008 -13"><span class='ocrx_word' id='word_1_110' title='bbox 278 1527 414 1594; x_wconf 86' lang='lat' dir='ltr'><strong>Quis</strong></span> <span class='ocrx_word' id='word_1_111' title='bbox 434 1536 612 1581; x_wconf 90' lang='lat' dir='ltr'><strong>autem</strong></span> <span class='ocrx_word' id='word_1_112' title='bbox 635 1525 727 1581; x_wconf 89' lang='lat' dir='ltr'><strong>ille</strong></span> <span class='ocrx_word' id='word_1_113' title='bbox 754 1526 1098 1595; x_wconf 86' lang='lat' dir='ltr'><strong>erat‘iguotus</strong></span> <span class='ocrx_word' id='word_1_114' title='bbox 1114 1564 1130 1589; x_wconf 93' lang='lat'><strong>,</strong></span> <span class='ocrx_word' id='word_1_115' title='bbox 1155 1522 1255 1576; x_wconf 88' lang='lat' dir='ltr'><strong>nisi</strong></span> <span class='ocrx_word' id='word_1_116' title='bbox 1274 1518 1553 1576; x_wconf 80' lang='lat' dir='ltr'><strong>Christus?</strong></span> <span class='ocrx_word' id='word_1_117' title='bbox 1586 1517 1745 1573; x_wconf 83' lang='lat' dir='ltr'><strong>Vides</strong></span> <span class='ocrx_word' id='word_1_118' title='bbox 1767 1531 1874 1587; x_wconf 92' lang='lat' dir='ltr'><strong>quo</strong></span> 
     </span>
    </p>
   </div>
   <div class='ocr_carea' id='block_1_15' title="bbox 278 1605 1874 1688">
    <p class='ocr_par' dir='ltr' id='par_1_15' title="bbox 278 1605 1874 1688">
     <span class='ocr_line' id='line_1_15' title="bbox 278 1605 1874 1688; baseline -0.008 -16"><span class='ocrx_word' id='word_1_119' title='bbox 278 1629 439 1688; x_wconf 87' lang='lat' dir='ltr'><strong>pacto</strong></span> <span class='ocrx_word' id='word_1_120' title='bbox 453 1618 851 1687; x_wconf 91' lang='lat' dir='ltr'><strong>inscriptionem</strong></span> <span class='ocrx_word' id='word_1_121' title='bbox 873 1614 1178 1685; x_wconf 85' lang='lat' dir='ltr'><strong>captivitate</strong></span> <span class='ocrx_word' id='word_1_122' title='bbox 1195 1612 1451 1677; x_wconf 90' lang='lat' dir='ltr'><strong>liherarit,</strong></span> <span class='ocrx_word' id='word_1_123' title='bbox 1478 1624 1583 1664; x_wconf 87' lang='lat' dir='ltr'><strong>non</strong></span> <span class='ocrx_word' id='word_1_124' title='bbox 1606 1618 1661 1663; x_wconf 91' lang='lat' dir='ltr'><strong>ut</strong></span> <span class='ocrx_word' id='word_1_125' title='bbox 1679 1605 1874 1661; x_wconf 91' lang='lat' dir='ltr'><strong>damno</strong></span> 
     </span>
    </p>
   </div>
   <div class='ocr_carea' id='block_1_16' title="bbox 276 1698 1872 1779">
    <p class='ocr_par' dir='ltr' id='par_1_16' title="bbox 276 1698 1872 1779">
     <span class='ocr_line' id='line_1_16' title="bbox 276 1698 1872 1779; baseline -0.007 -17"><span class='ocrx_word' id='word_1_126' title='bbox 276 1708 522 1764; x_wconf 86' lang='lat' dir='ltr'><strong>afficeret</strong></span> <span class='ocrx_word' id='word_1_127' title='bbox 546 1723 639 1764; x_wconf 90' lang='lat' dir='ltr'><strong>eos</strong></span> <span class='ocrx_word' id='word_1_128' title='bbox 662 1709 753 1779; x_wconf 89' lang='lat' dir='ltr'><strong>qui</strong></span> <span class='ocrx_word' id='word_1_129' title='bbox 773 1708 1122 1776; x_wconf 87' lang='lat' dir='ltr'><strong>scripserunt,</strong></span> <span class='ocrx_word' id='word_1_130' title='bbox 1152 1704 1244 1759; x_wconf 90' lang='lat' dir='ltr'><strong>sed</strong></span> <span class='ocrx_word' id='word_1_131' title='bbox 1263 1712 1319 1757; x_wconf 95' lang='lat' dir='ltr'><strong>ut</strong></span> <span class='ocrx_word' id='word_1_132' title='bbox 1338 1717 1432 1757; x_wconf 87' lang='lat' dir='ltr'><strong>eos</strong></span> <span class='ocrx_word' id='word_1_133' title='bbox 1457 1701 1634 1755; x_wconf 89' lang='lat' dir='ltr'><strong>salvos</strong></span> <span class='ocrx_word' id='word_1_134' title='bbox 1650 1698 1872 1765; x_wconf 83' lang='lat' dir='ltr'><strong>faceret,</strong></span> 
     </span>
    </p>
   </div>
   <div class='ocr_carea' id='block_1_17' title="bbox 276 1792 1870 1873">
    <p class='ocr_par' dir='ltr' id='par_1_17' title="bbox 276 1792 1870 1873">
     <span class='ocr_line' id='line_1_17' title="bbox 276 1792 1870 1873; baseline -0.008 -16"><span class='ocrx_word' id='word_1_135' title='bbox 276 1804 468 1873; x_wconf 90' lang='lat' dir='ltr'><strong>eisque</strong></span> <span class='ocrx_word' id='word_1_136' title='bbox 505 1800 818 1872; x_wconf 86' lang='lat' dir='ltr'><strong>prodesset?</strong></span> <span class='ocrx_word' id='word_1_137' title='bbox 839 1799 976 1868; x_wconf 87' lang='lat' dir='ltr'><strong>Quid</strong></span> <span class='ocrx_word' id='word_1_138' title='bbox 1006 1799 1202 1869; x_wconf 78' lang='lat' dir='ltr'><strong>igitur?</strong></span> <span class='ocrx_word' id='word_1_139' title='bbox 1241 1813 1308 1851; x_wconf 90' lang='lat' dir='ltr'><strong>an</strong></span> <span class='ocrx_word' id='word_1_140' title='bbox 1341 1803 1556 1865; x_wconf 84' lang='lat' dir='ltr'><strong>propter</strong></span> <span class='ocrx_word' id='word_1_141' title='bbox 1579 1792 1870 1857; x_wconf 85' lang='lat' dir='ltr'><strong>Christum,</strong></span> 
     </span>
    </p>
   </div>
   <div class='ocr_carea' id='block_1_18' title="bbox 276 1883 1874 1962">
    <p class='ocr_par' dir='ltr' id='par_1_18' title="bbox 276 1883 1874 1962">
     <span class='ocr_line' id='line_1_18' title="bbox 276 1883 1874 1962; baseline -0.007 -15"><span class='ocrx_word' id='word_1_142' title='bbox 276 1893 423 1949; x_wconf 86' lang='lat' dir='ltr'><strong>dicet</strong></span> <span class='ocrx_word' id='word_1_143' title='bbox 466 1893 676 1962; x_wconf 88' lang='lat' dir='ltr'><strong>aliquis,</strong></span> <span class='ocrx_word' id='word_1_144' title='bbox 717 1891 856 1946; x_wconf 90' lang='lat' dir='ltr'><strong>istud</strong></span> <span class='ocrx_word' id='word_1_145' title='bbox 877 1891 1208 1960; x_wconf 83' lang='lat' dir='ltr'><strong>scripserant</strong></span> <span class='ocrx_word' id='word_1_146' title='bbox 1248 1885 1641 1941; x_wconf 83' lang='lat' dir='ltr'><strong>Athenienses?</strong></span> <span class='ocrx_word' id='word_1_147' title='bbox 1666 1883 1721 1940; x_wconf 86' lang='lat' dir='ltr'><strong>Si</strong></span> <span class='ocrx_word' id='word_1_148' title='bbox 1749 1898 1874 1953; x_wconf 89' lang='lat' dir='ltr'><strong>pro-</strong></span> 
     </span>
    </p>
   </div>
   <div class='ocr_carea' id='block_1_19' title="bbox 278 1973 1873 2053">
    <p class='ocr_par' dir='ltr' id='par_1_19' title="bbox 278 1973 1873 2053">
     <span class='ocr_line' id='line_1_19' title="bbox 278 1973 1873 2053; baseline -0.006 -15"><span class='ocrx_word' id='word_1_149' title='bbox 278 1995 400 2053; x_wconf 84' lang='lat' dir='ltr'><strong>pter</strong></span> <span class='ocrx_word' id='word_1_150' title='bbox 424 1983 693 2038; x_wconf 88' lang='lat' dir='ltr'><strong>Christum</strong></span> <span class='ocrx_word' id='word_1_151' title='bbox 722 1982 836 2036; x_wconf 73' lang='lat' dir='ltr'><strong>hazc</strong></span> <span class='ocrx_word' id='word_1_152' title='bbox 864 1981 1220 2035; x_wconf 83' lang='lat' dir='ltr'><strong>Athenienses</strong></span> <span class='ocrx_word' id='word_1_153' title='bbox 1239 1978 1599 2048; x_wconf 90' lang='lat' dir='ltr'><strong>scripsissent,</strong></span> <span class='ocrx_word' id='word_1_154' title='bbox 1630 1988 1717 2030; x_wconf 87' lang='lat' dir='ltr'><strong>res</strong></span> <span class='ocrx_word' id='word_1_155' title='bbox 1738 1973 1873 2029; x_wconf 87' lang='lat' dir='ltr'><strong>adeo</strong></span> 
     </span>
    </p>
   </div>
   <div class='ocr_carea' id='block_1_20' title="bbox 278 2066 1872 2137">
    <p class='ocr_par' dir='ltr' id='par_1_20' title="bbox 278 2066 1872 2137">
     <span class='ocr_line' id='line_1_20' title="bbox 278 2066 1872 2137; baseline -0.005 -9"><span class='ocrx_word' id='word_1_156' title='bbox 278 2075 542 2130; x_wconf 83' lang='lat' dir='ltr'><strong>mirabilis</strong></span> <span class='ocrx_word' id='word_1_157' title='bbox 563 2090 668 2129; x_wconf 93' lang='lat' dir='ltr'><strong>non</strong></span> <span class='ocrx_word' id='word_1_158' title='bbox 712 2073 898 2129; x_wconf 80' lang='lat' dir='ltr'><strong>fuisset</strong></span> <span class='ocrx_word' id='word_1_159' title='bbox 925 2088 1142 2129; x_wconf 90' lang='lat' dir='ltr'><strong>:verum</strong></span> <span class='ocrx_word' id='word_1_160' title='bbox 1167 2070 1272 2126; x_wconf 91' lang='lat' dir='ltr'><strong>hoc</strong></span> <span class='ocrx_word' id='word_1_161' title='bbox 1298 2079 1381 2126; x_wconf 90' lang='lat' dir='ltr'><strong>est</strong></span> <span class='ocrx_word' id='word_1_162' title='bbox 1415 2069 1679 2134; x_wconf 89' lang='lat' dir='ltr'><strong>mirabile,</strong></span> <span class='ocrx_word' id='word_1_163' title='bbox 1729 2066 1872 2137; x_wconf 92' lang='lat' dir='ltr'><strong>quod</strong></span> 
     </span>
    </p>
   </div>
   <div class='ocr_carea' id='block_1_21' title="bbox 278 2158 1871 2238">
    <p class='ocr_par' dir='ltr' id='par_1_21' title="bbox 278 2158 1871 2238">
     <span class='ocr_line' id='line_1_21' title="bbox 278 2158 1871 2238; baseline -0.005 -18"><span class='ocrx_word' id='word_1_164' title='bbox 278 2168 357 2222; x_wconf 92' lang='lat' dir='ltr'><strong>illi</strong></span> <span class='ocrx_word' id='word_1_165' title='bbox 383 2167 596 2238; x_wconf 89' lang='lat' dir='ltr'><strong>quidem</strong></span> <span class='ocrx_word' id='word_1_166' title='bbox 638 2166 794 2221; x_wconf 83' lang='lat' dir='ltr'><strong>aliter</strong></span> <span class='ocrx_word' id='word_1_167' title='bbox 820 2164 1152 2235; x_wconf 87' lang='lat' dir='ltr'><strong>scripserint,</strong></span> <span class='ocrx_word' id='word_1_168' title='bbox 1202 2162 1289 2217; x_wconf 91' lang='lat' dir='ltr'><strong>hic</strong></span> <span class='ocrx_word' id='word_1_169' title='bbox 1341 2172 1517 2217; x_wconf 89' lang='lat' dir='ltr'><strong>autem</strong></span> <span class='ocrx_word' id='word_1_170' title='bbox 1548 2159 1703 2215; x_wconf 87' lang='lat' dir='ltr'><strong>aliter</strong></span> <span class='ocrx_word' id='word_1_171' title='bbox 1742 2158 1871 2213; x_wconf 89' lang='lat' dir='ltr'><strong>illud</strong></span> 
     </span>
    </p>
   </div>
   <div class='ocr_carea' id='block_1_22' title="bbox 278 2253 1868 2330">
    <p class='ocr_par' dir='ltr' id='par_1_22' title="bbox 278 2253 1868 2330">
     <span class='ocr_line' id='line_1_22' title="bbox 278 2253 1868 2330; baseline -0.006 -16"><span class='ocrx_word' id='word_1_172' title='bbox 278 2262 513 2330; x_wconf 88' lang='lat' dir='ltr'><strong>potuerit</strong></span> <span class='ocrx_word' id='word_1_173' title='bbox 539 2261 841 2315; x_wconf 90' lang='lat' dir='ltr'><strong>immutare.</strong></span> <span class='ocrx_word' id='word_1_174' title='bbox 864 2258 1055 2329; x_wconf 73' lang='lat' dir='ltr'><strong>Operae</strong></span> <span class='ocrx_word' id='word_1_175' title='bbox 1076 2256 1305 2328; x_wconf 79' lang='lat' dir='ltr'><strong>pretium</strong></span> <span class='ocrx_word' id='word_1_176' title='bbox 1336 2265 1419 2310; x_wconf 91' lang='lat' dir='ltr'><strong>est</strong></span> <span class='ocrx_word' id='word_1_177' title='bbox 1439 2255 1585 2325; x_wconf 90' lang='lat' dir='ltr'><strong>prius</strong></span> <span class='ocrx_word' id='word_1_178' title='bbox 1609 2253 1868 2318; x_wconf 83' lang='lat' dir='ltr'><strong>dicamus,</strong></span> 
     </span>
    </p>
   </div>
   <div class='ocr_carea' id='block_1_23' title="bbox 274 2342 1867 2423">
    <p class='ocr_par' dir='ltr' id='par_1_23' title="bbox 274 2342 1867 2423">
     <span class='ocr_line' id='line_1_23' title="bbox 274 2342 1867 2423; baseline -0.007 -16"><span class='ocrx_word' id='word_1_179' title='bbox 274 2369 381 2423; x_wconf 89' lang='lat' dir='ltr'><strong>qua</strong></span> <span class='ocrx_word' id='word_1_180' title='bbox 419 2354 487 2409; x_wconf 91' lang='lat' dir='ltr'><strong>de</strong></span> <span class='ocrx_word' id='word_1_181' title='bbox 538 2368 696 2408; x_wconf 89' lang='lat' dir='ltr'><strong>causa</strong></span> <span class='ocrx_word' id='word_1_182' title='bbox 738 2350 1048 2421; x_wconf 91' lang='lat' dir='ltr'><strong>scripserint</strong></span> <span class='ocrx_word' id='word_1_183' title='bbox 1092 2348 1466 2415; x_wconf 81' lang='lat' dir='ltr'><strong>Athenienses,</strong></span> <span class='ocrx_word' id='word_1_184' title='bbox 1518 2344 1701 2417; x_wconf 84' lang='lat' dir='ltr'><strong>Ignoto</strong></span> <span class='ocrx_word' id='word_1_185' title='bbox 1740 2342 1867 2397; x_wconf 86' lang='lat' dir='ltr'><strong>Deo.</strong></span> 
     </span>
    </p>
   </div>
   <div class='ocr_carea' id='block_1_24' title="bbox 276 2434 1871 2514">
    <p class='ocr_par' dir='ltr' id='par_1_24' title="bbox 276 2434 1871 2514">
     <span class='ocr_line' id='line_1_24' title="bbox 276 2434 1871 2514; baseline -0.007 -16"><span class='ocrx_word' id='word_1_186' title='bbox 276 2448 580 2512; x_wconf 81' lang='lat' dir='ltr'><strong>Quamnam</strong></span> <span class='ocrx_word' id='word_1_187' title='bbox 631 2444 789 2514; x_wconf 85' lang='lat' dir='ltr'><strong>igitur</strong></span> <span class='ocrx_word' id='word_1_188' title='bbox 828 2443 899 2497; x_wconf 92' lang='lat' dir='ltr'><strong>ob</strong></span> <span class='ocrx_word' id='word_1_189' title='bbox 938 2456 1153 2497; x_wconf 88' lang='lat' dir='ltr'><strong>causam</strong></span> <span class='ocrx_word' id='word_1_190' title='bbox 1175 2438 1535 2510; x_wconf 78' lang='lat' dir='ltr'><strong>scripserunt?</strong></span> <span class='ocrx_word' id='word_1_191' title='bbox 1569 2436 1758 2491; x_wconf 77' lang='lat' dir='ltr'><strong>Multos</strong></span> <span class='ocrx_word' id='word_1_192' title='bbox 1796 2434 1871 2488; x_wconf 90' lang='lat' dir='ltr'><strong>illi</strong></span> 
     </span>
    </p>
   </div>
   <div class='ocr_carea' id='block_1_25' title="bbox 278 2526 1873 2605">
    <p class='ocr_par' dir='ltr' id='par_1_25' title="bbox 278 2526 1873 2605">
     <span class='ocr_line' id='line_1_25' title="bbox 278 2526 1873 2605; baseline -0.006 -13"><span class='ocrx_word' id='word_1_193' title='bbox 278 2538 420 2592; x_wconf 88' lang='lat' dir='ltr'><strong>Deos</strong></span> <span class='ocrx_word' id='word_1_194' title='bbox 450 2536 735 2602; x_wconf 83' lang='lat' dir='ltr'><strong>habebant,</strong></span> <span class='ocrx_word' id='word_1_195' title='bbox 765 2539 849 2589; x_wconf 90' lang='lat' dir='ltr'><strong>vel</strong></span> <span class='ocrx_word' id='word_1_196' title='bbox 891 2535 1066 2605; x_wconf 89' lang='lat' dir='ltr'><strong>potius</strong></span> <span class='ocrx_word' id='word_1_197' title='bbox 1094 2533 1290 2587; x_wconf 90' lang='lat' dir='ltr'><strong>multos</strong></span> <span class='ocrx_word' id='word_1_198' title='bbox 1332 2531 1606 2586; x_wconf 69' lang='lat' dir='ltr'><strong>daemones</strong></span> <span class='ocrx_word' id='word_1_199' title='bbox 1636 2546 1650 2582; x_wconf 90' lang='lat'>:</span> <span class='ocrx_word' id='word_1_200' title='bbox 1685 2526 1873 2582; x_wconf 86' lang='lat' dir='ltr'><strong>Omnes</strong></span> 
     </span>
    </p>
   </div>
   <div class='ocr_carea' id='block_1_26' title="bbox 276 2621 1874 2698">
    <p class='ocr_par' dir='ltr' id='par_1_26' title="bbox 276 2621 1874 2698">
     <span class='ocr_line' id='line_1_26' title="bbox 276 2621 1874 2698; baseline -0.004 -16"><span class='ocrx_word' id='word_1_201' title='bbox 276 2629 475 2698; x_wconf 82' lang='lat' dir='ltr'><strong>quippe</strong></span> <span class='ocrx_word' id='word_1_202' title='bbox 499 2628 571 2680; x_wconf 88' lang='lat' dir='ltr'><strong>dii</strong></span> <span class='ocrx_word' id='word_1_203' title='bbox 596 2629 817 2697; x_wconf 76' lang='lat' dir='ltr'><strong>gentium</strong></span> <span class='ocrx_word' id='word_1_204' title='bbox 845 2627 1097 2680; x_wconf 67' lang='lat' dir='ltr'><strong>daemonia</strong></span> <span class='ocrx_word' id='word_1_205' title='bbox 1144 2624 1315 2689; x_wconf 85' lang='lat' dir='ltr'><strong>(Psal.</strong></span> <span class='ocrx_word' id='word_1_206' title='bbox 1361 2623 1449 2680; x_wconf 82' lang='lat'><strong>95.</strong></span> <span class='ocrx_word' id='word_1_207' title='bbox 1480 2621 1571 2697; x_wconf 84' lang='lat'><strong>5</strong></span> <span class='ocrx_word' id='word_1_208' title='bbox 1599 2621 1874 2676; x_wconf 88' lang='lat' dir='ltr'><strong>Habebant</strong></span> 
     </span>
    </p>
   </div>
   <div class='ocr_carea' id='block_1_27' title="bbox 274 2714 1869 2788">
    <p class='ocr_par' dir='ltr' id='par_1_27' title="bbox 274 2714 1869 2788">
     <span class='ocr_line' id='line_1_27' title="bbox 274 2714 1869 2788; baseline -0.003 -15"><span class='ocrx_word' id='word_1_209' title='bbox 274 2730 334 2773; x_wconf 90' lang='lat' dir='ltr'><strong>et</strong></span> <span class='ocrx_word' id='word_1_210' title='bbox 375 2720 574 2788; x_wconf 91' lang='lat' dir='ltr'><strong>patrios</strong></span> <span class='ocrx_word' id='word_1_211' title='bbox 600 2727 656 2772; x_wconf 91' lang='lat' dir='ltr'><strong>et</strong></span> <span class='ocrx_word' id='word_1_212' title='bbox 700 2718 1031 2788; x_wconf 79' lang='lat' dir='ltr'><strong>peregrinos.</strong></span> <span class='ocrx_word' id='word_1_213' title='bbox 1077 2716 1280 2771; x_wconf 82' lang='lat' dir='ltr'><strong>Videtis</strong></span> <span class='ocrx_word' id='word_1_214' title='bbox 1330 2725 1526 2786; x_wconf 86' lang='lat' dir='ltr'><strong>quanta</strong></span> <span class='ocrx_word' id='word_1_215' title='bbox 1576 2714 1772 2768; x_wconf 85' lang='lat' dir='ltr'><strong>irrisio.</strong></span> <span class='ocrx_word' id='word_1_216' title='bbox 1814 2714 1869 2769; x_wconf 91' lang='lat' dir='ltr'><strong>Si</strong></span> 
     </span>
    </p>
   </div>
   <div class='ocr_carea' id='block_1_28' title="bbox 274 2804 1871 2879">
    <p class='ocr_par' dir='ltr' id='par_1_28' title="bbox 274 2804 1871 2879">
     <span class='ocr_line' id='line_1_28' title="bbox 274 2804 1871 2879; baseline -0.004 -15"><span class='ocrx_word' id='word_1_217' title='bbox 274 2810 425 2864; x_wconf 90' lang='lat' dir='ltr'><strong>enim</strong></span> <span class='ocrx_word' id='word_1_218' title='bbox 474 2811 612 2865; x_wconf 87' lang='lat' dir='ltr'><strong>Deus</strong></span> <span class='ocrx_word' id='word_1_219' title='bbox 640 2818 740 2873; x_wconf 88' lang='lat' dir='ltr'><strong>est,</strong></span> <span class='ocrx_word' id='word_1_220' title='bbox 793 2824 900 2863; x_wconf 93' lang='lat' dir='ltr'><strong>non</strong></span> <span class='ocrx_word' id='word_1_221' title='bbox 935 2818 1017 2863; x_wconf 89' lang='lat' dir='ltr'><strong>est</strong></span> <span class='ocrx_word' id='word_1_222' title='bbox 1058 2807 1373 2879; x_wconf 84' lang='lat' dir='ltr'><strong>peregrinus</strong></span> <span class='ocrx_word' id='word_1_223' title='bbox 1412 2823 1425 2860; x_wconf 88' lang='lat'><strong>:</strong></span> <span class='ocrx_word' id='word_1_224' title='bbox 1456 2805 1719 2876; x_wconf 87' lang='lat' dir='ltr'><strong>siquidem</strong></span> <span class='ocrx_word' id='word_1_225' title='bbox 1750 2804 1871 2859; x_wconf 83' lang='lat' dir='ltr'><strong>uni-</strong></span> 
     </span>
    </p>
   </div>
   <div class='ocr_carea' id='block_1_29' title="bbox 274 2897 1872 2968">
    <p class='ocr_par' dir='ltr' id='par_1_29' title="bbox 274 2897 1872 2968">
     <span class='ocr_line' id='line_1_29' title="bbox 274 2897 1872 2968; baseline -0.003 -15"><span class='ocrx_word' id='word_1_226' title='bbox 274 2902 420 2956; x_wconf 82' lang='lat' dir='ltr'><strong>versi</strong></span> <span class='ocrx_word' id='word_1_227' title='bbox 467 2910 731 2956; x_wconf 86' lang='lat' dir='ltr'><strong>terrarum</strong></span> <span class='ocrx_word' id='word_1_228' title='bbox 776 2901 923 2955; x_wconf 89' lang='lat' dir='ltr'><strong>orbis</strong></span> <span class='ocrx_word' id='word_1_229' title='bbox 968 2908 1055 2955; x_wconf 91' lang='lat' dir='ltr'><strong>est</strong></span> <span class='ocrx_word' id='word_1_230' title='bbox 1105 2899 1372 2954; x_wconf 88' lang='lat' dir='ltr'><strong>dominus.</strong></span> <span class='ocrx_word' id='word_1_231' title='bbox 1405 2897 1675 2966; x_wconf 90' lang='lat' dir='ltr'><strong>Quosdam</strong></span> <span class='ocrx_word' id='word_1_232' title='bbox 1712 2897 1872 2968; x_wconf 79' lang='lat' dir='ltr'><strong>igitur</strong></span> 
     </span>
    </p>
   </div>
   <div class='ocr_carea' id='block_1_30' title="bbox 274 2990 1871 3062">
    <p class='ocr_par' dir='ltr' id='par_1_30' title="bbox 274 2990 1871 3062">
     <span class='ocr_line' id='line_1_30' title="bbox 274 2990 1871 3062; baseline -0.002 -15"><span class='ocrx_word' id='word_1_233' title='bbox 274 2994 502 3048; x_wconf 88' lang='lat' dir='ltr'><strong>istorum</strong></span> <span class='ocrx_word' id='word_1_234' title='bbox 532 2994 665 3047; x_wconf 84' lang='lat' dir='ltr'><strong>alios</strong></span> <span class='ocrx_word' id='word_1_235' title='bbox 688 3009 716 3046; x_wconf 90' lang='lat' dir='ltr'><strong>a</strong></span> <span class='ocrx_word' id='word_1_236' title='bbox 749 2993 985 3062; x_wconf 91' lang='lat' dir='ltr'><strong>patribus</strong></span> <span class='ocrx_word' id='word_1_237' title='bbox 1014 2993 1123 3047; x_wconf 91' lang='lat' dir='ltr'><strong>suis</strong></span> <span class='ocrx_word' id='word_1_238' title='bbox 1150 3000 1401 3061; x_wconf 87' lang='lat' dir='ltr'><strong>acceptos</strong></span> <span class='ocrx_word' id='word_1_239' title='bbox 1428 2990 1715 3057; x_wconf 88' lang='lat' dir='ltr'><strong>habebant,</strong></span> <span class='ocrx_word' id='word_1_240' title='bbox 1737 2991 1871 3045; x_wconf 88' lang='lat' dir='ltr'><strong>alios</strong></span> 
     </span>
    </p>
   </div>
   <div class='ocr_carea' id='block_1_31' title="bbox 274 3081 1868 3155">
    <p class='ocr_par' dir='ltr' id='par_1_31' title="bbox 274 3081 1868 3155">
     <span class='ocr_line' id='line_1_31' title="bbox 274 3081 1868 3155; baseline -0.002 -17"><span class='ocrx_word' id='word_1_241' title='bbox 274 3101 305 3138; x_wconf 87' lang='lat' dir='ltr'><strong>a</strong></span> <span class='ocrx_word' id='word_1_242' title='bbox 342 3085 580 3139; x_wconf 73' lang='lat' dir='ltr'><strong>finitimis</strong></span> <span class='ocrx_word' id='word_1_243' title='bbox 602 3084 925 3148; x_wconf 89' lang='lat' dir='ltr'><strong>nationibus,</strong></span> <span class='ocrx_word' id='word_1_244' title='bbox 946 3093 1127 3154; x_wconf 86' lang='lat' dir='ltr'><strong>utpote</strong></span> <span class='ocrx_word' id='word_1_245' title='bbox 1152 3098 1182 3136; x_wconf 91' lang='lat' dir='ltr'><strong>a</strong></span> <span class='ocrx_word' id='word_1_246' title='bbox 1216 3081 1430 3155; x_wconf 84' lang='lat' dir='ltr'><strong>Scythis</strong></span> <span class='ocrx_word' id='word_1_247' title='bbox 1455 3124 1471 3149; x_wconf 94' lang='lat'><strong>,</strong></span> <span class='ocrx_word' id='word_1_248' title='bbox 1499 3097 1530 3136; x_wconf 92' lang='lat' dir='ltr'><strong>a</strong></span> <span class='ocrx_word' id='word_1_249' title='bbox 1552 3081 1868 3148; x_wconf 85' lang='lat' dir='ltr'><strong>Thracibus,</strong></span> 
     </span>
    </p>
   </div>
   <div class='ocr_carea' id='block_1_32' title="bbox 274 3173 1869 3249">
    <p class='ocr_par' dir='ltr' id='par_1_32' title="bbox 274 3173 1869 3249">
     <span class='ocr_line' id='line_1_32' title="bbox 274 3173 1869 3249; baseline -0.003 -17"><span class='ocrx_word' id='word_1_250' title='bbox 274 3179 349 3232; x_wconf 91' lang='lat' dir='ltr'><strong>ab</strong></span> <span class='ocrx_word' id='word_1_251' title='bbox 377 3175 644 3249; x_wconf 68' lang='lat' dir='ltr'><strong>Egyptiis</strong></span> <span class='ocrx_word' id='word_1_252' title='bbox 678 3195 691 3231; x_wconf 90' lang='lat'><strong>:</strong></span> <span class='ocrx_word' id='word_1_253' title='bbox 720 3176 863 3248; x_wconf 84' lang='lat' dir='ltr'><strong>quod</strong></span> <span class='ocrx_word' id='word_1_254' title='bbox 889 3176 933 3230; x_wconf 93' lang='lat' dir='ltr'><strong>si</strong></span> <span class='ocrx_word' id='word_1_255' title='bbox 963 3175 1197 3246; x_wconf 64' lang='lat' dir='ltr'><strong>profanae</strong></span> <span class='ocrx_word' id='word_1_256' title='bbox 1223 3174 1380 3244; x_wconf 88' lang='lat' dir='ltr'><strong>periti</strong></span> <span class='ocrx_word' id='word_1_257' title='bbox 1393 3175 1582 3229; x_wconf 90' lang='lat' dir='ltr'><strong>essetis</strong></span> <span class='ocrx_word' id='word_1_258' title='bbox 1607 3173 1869 3229; x_wconf 89' lang='lat' dir='ltr'><strong>eruditio-</strong></span> 
     </span>
    </p>
   </div>
   <div class='ocr_carea' id='block_1_33' title="bbox 275 3265 1870 3337">
    <p class='ocr_par' dir='ltr' id='par_1_33' title="bbox 275 3265 1870 3337">
     <span class='ocr_line' id='line_1_33' title="bbox 275 3265 1870 3337; baseline -0.006 -10"><span class='ocrx_word' id='word_1_259' title='bbox 275 3276 383 3337; x_wconf 89' lang='lat' dir='ltr'><strong>nis,</strong></span> <span class='ocrx_word' id='word_1_260' title='bbox 414 3273 511 3328; x_wconf 89' lang='lat' dir='ltr'><strong>has</strong></span> <span class='ocrx_word' id='word_1_261' title='bbox 540 3272 700 3327; x_wconf 89' lang='lat' dir='ltr'><strong>etiam</strong></span> <span class='ocrx_word' id='word_1_262' title='bbox 731 3269 881 3324; x_wconf 89' lang='lat' dir='ltr'><strong>vobis</strong></span> <span class='ocrx_word' id='word_1_263' title='bbox 900 3283 1087 3323; x_wconf 91' lang='lat' dir='ltr'><strong>omnes</strong></span> <span class='ocrx_word' id='word_1_264' title='bbox 1112 3267 1359 3322; x_wconf 89' lang='lat' dir='ltr'><strong>historias</strong></span> <span class='ocrx_word' id='word_1_265' title='bbox 1394 3266 1696 3321; x_wconf 91' lang='lat' dir='ltr'><strong>recitarem.</strong></span> <span class='ocrx_word' id='word_1_266' title='bbox 1724 3265 1870 3332; x_wconf 89' lang='lat' dir='ltr'><strong>Quo-</strong></span> 
     </span>
    </p>
   </div>
   <div class='ocr_carea' id='block_1_34' title="bbox 275 3358 1871 3436">
    <p class='ocr_par' dir='ltr' id='par_1_34' title="bbox 275 3358 1871 3436">
     <span class='ocr_line' id='line_1_34' title="bbox 275 3358 1871 3436; baseline -0.006 -16"><span class='ocrx_word' id='word_1_267' title='bbox 275 3368 422 3421; x_wconf 89' lang='lat' dir='ltr'><strong>niam</strong></span> <span class='ocrx_word' id='word_1_268' title='bbox 449 3366 609 3436; x_wconf 82' lang='lat' dir='ltr'><strong>igitur</strong></span> <span class='ocrx_word' id='word_1_269' title='bbox 636 3379 825 3419; x_wconf 90' lang='lat' dir='ltr'><strong>omnes</strong></span> <span class='ocrx_word' id='word_1_270' title='bbox 844 3363 912 3417; x_wconf 91' lang='lat' dir='ltr'><strong>ab</strong></span> <span class='ocrx_word' id='word_1_271' title='bbox 935 3362 1084 3417; x_wconf 90' lang='lat' dir='ltr'><strong>initio</strong></span> <span class='ocrx_word' id='word_1_272' title='bbox 1110 3376 1217 3416; x_wconf 92' lang='lat' dir='ltr'><strong>non</strong></span> <span class='ocrx_word' id='word_1_273' title='bbox 1236 3368 1603 3430; x_wconf 88' lang='lat' dir='ltr'><strong>susceperant,</strong></span> <span class='ocrx_word' id='word_1_274' title='bbox 1636 3359 1731 3415; x_wconf 88' lang='lat' dir='ltr'><strong>sed</strong></span> <span class='ocrx_word' id='word_1_275' title='bbox 1764 3358 1871 3413; x_wconf 92' lang='lat' dir='ltr'><strong>illis</strong></span> 
     </span>
    </p>
   </div>
   <div class='ocr_carea' id='block_1_35' title="bbox 275 3452 1867 3527">
    <p class='ocr_par' dir='ltr' id='par_1_35' title="bbox 275 3452 1867 3527">
     <span class='ocr_line' id='line_1_35' title="bbox 275 3452 1867 3527; baseline -0.006 -13"><span class='ocrx_word' id='word_1_276' title='bbox 275 3458 471 3514; x_wconf 90' lang='lat' dir='ltr'><strong>invecti</strong></span> <span class='ocrx_word' id='word_1_277' title='bbox 502 3457 756 3527; x_wconf 88' lang='lat' dir='ltr'><strong>paulatim</strong></span> <span class='ocrx_word' id='word_1_278' title='bbox 792 3454 1023 3521; x_wconf 90' lang='lat' dir='ltr'><strong>fuerant,</strong></span> <span class='ocrx_word' id='word_1_279' title='bbox 1055 3453 1147 3508; x_wconf 88' lang='lat' dir='ltr'><strong>alii</strong></span> <span class='ocrx_word' id='word_1_280' title='bbox 1181 3452 1395 3524; x_wconf 89' lang='lat' dir='ltr'><strong>quidem</strong></span> <span class='ocrx_word' id='word_1_281' title='bbox 1446 3461 1657 3521; x_wconf 88' lang='lat' dir='ltr'><strong>patrum</strong></span> <span class='ocrx_word' id='word_1_282' title='bbox 1686 3459 1867 3514; x_wconf 59' lang='lat' dir='ltr'><strong>relate,</strong></span> 
     </span>
    </p>
   </div>
   <div class='ocr_carea' id='block_1_36' title="bbox 274 3542 1867 3618">
    <p class='ocr_par' dir='ltr' id='par_1_36' title="bbox 274 3542 1867 3618">
     <span class='ocr_line' id='line_1_36' title="bbox 274 3542 1867 3618; baseline -0.004 -14"><span class='ocrx_word' id='word_1_283' title='bbox 274 3552 367 3604; x_wconf 86' lang='lat' dir='ltr'><strong>alii</strong></span> <span class='ocrx_word' id='word_1_284' title='bbox 391 3565 518 3603; x_wconf 88' lang='lat' dir='ltr'><strong>vero</strong></span> <span class='ocrx_word' id='word_1_285' title='bbox 555 3550 790 3618; x_wconf 88' lang='lat' dir='ltr'><strong>ipsorum</strong></span> <span class='ocrx_word' id='word_1_286' title='bbox 817 3556 1077 3617; x_wconf 89' lang='lat' dir='ltr'><strong>tempore,</strong></span> <span class='ocrx_word' id='word_1_287' title='bbox 1113 3545 1496 3600; x_wconf 86' lang='lat' dir='ltr'><strong>convenientes</strong></span> <span class='ocrx_word' id='word_1_288' title='bbox 1524 3543 1777 3598; x_wconf 91' lang='lat' dir='ltr'><strong>dixerunt</strong></span> <span class='ocrx_word' id='word_1_289' title='bbox 1802 3542 1867 3597; x_wconf 90' lang='lat' dir='ltr'><strong>ad</strong></span> 
     </span>
    </p>
   </div>
   <div class='ocr_carea' id='block_1_37' title="bbox 275 3634 1872 3708">
    <p class='ocr_par' dir='ltr' id='par_1_37' title="bbox 275 3634 1872 3708">
     <span class='ocr_line' id='line_1_37' title="bbox 275 3634 1872 3708; baseline -0.007 -9"><span class='ocrx_word' id='word_1_290' title='bbox 275 3644 508 3699; x_wconf 89' lang='lat' dir='ltr'><strong>invicem</strong></span> <span class='ocrx_word' id='word_1_291' title='bbox 538 3660 551 3695; x_wconf 91' lang='lat'>:</span> <span class='ocrx_word' id='word_1_292' title='bbox 581 3639 1038 3708; x_wconf 86' lang='lat' dir='ltr'><strong>Quemadmodum</strong></span> <span class='ocrx_word' id='word_1_293' title='bbox 1057 3638 1188 3693; x_wconf 90' lang='lat' dir='ltr'><strong>istos</strong></span> <span class='ocrx_word' id='word_1_294' title='bbox 1207 3636 1603 3707; x_wconf 81' lang='lat' dir='ltr'><strong>ignorabamus,</strong></span> <span class='ocrx_word' id='word_1_295' title='bbox 1631 3634 1872 3706; x_wconf 89' lang='lat' dir='ltr'><strong>quando-</strong></span> 
     </span>
    </p>
   </div>
   <div class='ocr_carea' id='block_1_38' title="bbox 272 3726 1868 3808">
    <p class='ocr_par' dir='ltr' id='par_1_38' title="bbox 272 3726 1868 3808">
     <span class='ocr_line' id='line_1_38' title="bbox 272 3726 1868 3808; baseline -0.007 -18"><span class='ocrx_word' id='word_1_296' title='bbox 272 3737 493 3808; x_wconf 86' lang='lat' dir='ltr'><strong>quidem</strong></span> <span class='ocrx_word' id='word_1_297' title='bbox 519 3736 664 3804; x_wconf 82' lang='lat' dir='ltr'><strong>ipsos</strong></span> <span class='ocrx_word' id='word_1_298' title='bbox 692 3732 945 3801; x_wconf 88' lang='lat' dir='ltr'><strong>deinceps</strong></span> <span class='ocrx_word' id='word_1_299' title='bbox 967 3729 1272 3799; x_wconf 88' lang='lat' dir='ltr'><strong>accepimus</strong></span> <span class='ocrx_word' id='word_1_300' title='bbox 1324 3737 1379 3784; x_wconf 92' lang='lat' dir='ltr'><strong>et</strong></span> <span class='ocrx_word' id='word_1_301' title='bbox 1406 3728 1719 3799; x_wconf 85' lang='lat' dir='ltr'><strong>agnovimus</strong></span> <span class='ocrx_word' id='word_1_302' title='bbox 1754 3744 1769 3782; x_wconf 89' lang='lat'><strong>:</strong></span> <span class='ocrx_word' id='word_1_303' title='bbox 1798 3726 1868 3780; x_wconf 91' lang='lat' dir='ltr'><strong>ita</strong></span> 
     </span>
    </p>
   </div>
   <div class='ocr_carea' id='block_1_39' title="bbox 275 3818 1872 3896">
    <p class='ocr_par' dir='ltr' id='par_1_39' title="bbox 275 3818 1872 3896">
     <span class='ocr_line' id='line_1_39' title="bbox 275 3818 1872 3896; baseline -0.007 -14"><span class='ocrx_word' id='word_1_304' title='bbox 275 3827 393 3882; x_wconf 86' lang='lat' dir='ltr'><strong>lieri</strong></span> <span class='ocrx_word' id='word_1_305' title='bbox 419 3835 616 3896; x_wconf 88' lang='lat' dir='ltr'><strong>potest,</strong></span> <span class='ocrx_word' id='word_1_306' title='bbox 650 3833 708 3878; x_wconf 94' lang='lat' dir='ltr'><strong>ut</strong></span> <span class='ocrx_word' id='word_1_307' title='bbox 748 3822 1031 3893; x_wconf 86' lang='lat' dir='ltr'><strong>sitaliquis</strong></span> <span class='ocrx_word' id='word_1_308' title='bbox 1056 3821 1191 3875; x_wconf 87' lang='lat' dir='ltr'><strong>alius</strong></span> <span class='ocrx_word' id='word_1_309' title='bbox 1211 3821 1442 3890; x_wconf 86' lang='lat' dir='ltr'><strong>ignotus,</strong></span> <span class='ocrx_word' id='word_1_310' title='bbox 1471 3818 1561 3889; x_wconf 87' lang='lat' dir='ltr'><strong>qui</strong></span> <span class='ocrx_word' id='word_1_311' title='bbox 1608 3833 1764 3872; x_wconf 91' lang='lat' dir='ltr'><strong>verus</strong></span> <span class='ocrx_word' id='word_1_312' title='bbox 1801 3819 1872 3873; x_wconf 88' lang='lat' dir='ltr'><strong>sit</strong></span> 
     </span>
    </p>
   </div>
   <div class='ocr_carea' id='block_1_40' title="bbox 277 3909 1867 3987">
    <p class='ocr_par' dir='ltr' id='par_1_40' title="bbox 277 3909 1867 3987">
     <span class='ocr_line' id='line_1_40' title="bbox 277 3909 1867 3987; baseline -0.009 -11"><span class='ocrx_word' id='word_1_313' title='bbox 277 3923 443 3987; x_wconf 91' lang='lat' dir='ltr'><strong>Deus,</strong></span> <span class='ocrx_word' id='word_1_314' title='bbox 470 3919 565 3975; x_wconf 92' lang='lat' dir='ltr'><strong>sed</strong></span> <span class='ocrx_word' id='word_1_315' title='bbox 588 3936 619 3973; x_wconf 93' lang='lat' dir='ltr'><strong>a</strong></span> <span class='ocrx_word' id='word_1_316' title='bbox 657 3917 813 3971; x_wconf 89' lang='lat' dir='ltr'><strong>nobis</strong></span> <span class='ocrx_word' id='word_1_317' title='bbox 839 3917 1058 3970; x_wconf 90' lang='lat' dir='ltr'><strong>minime</strong></span> <span class='ocrx_word' id='word_1_318' title='bbox 1100 3913 1370 3983; x_wconf 87' lang='lat' dir='ltr'><strong>cognitus,</strong></span> <span class='ocrx_word' id='word_1_319' title='bbox 1403 3911 1494 3981; x_wconf 86' lang='lat' dir='ltr'><strong>qui</strong></span> <span class='ocrx_word' id='word_1_320' title='bbox 1524 3926 1554 3965; x_wconf 91' lang='lat' dir='ltr'><strong>a</strong></span> <span class='ocrx_word' id='word_1_321' title='bbox 1587 3910 1741 3965; x_wconf 91' lang='lat' dir='ltr'><strong>nobis</strong></span> <span class='ocrx_word' id='word_1_322' title='bbox 1785 3909 1867 3963; x_wconf 90' lang='lat' dir='ltr'><strong>in-</strong></span> 
     </span>
    </p>
   </div>
   <div class='ocr_carea' id='block_1_41' title="bbox 274 4000 1870 4082">
    <p class='ocr_par' dir='ltr' id='par_1_41' title="bbox 274 4000 1870 4082">
     <span class='ocr_line' id='line_1_41' title="bbox 274 4000 1870 4082; baseline -0.008 -15"><span class='ocrx_word' id='word_1_323' title='bbox 274 4013 403 4067; x_wconf 89' lang='lat' dir='ltr'><strong>sciis</strong></span> <span class='ocrx_word' id='word_1_324' title='bbox 426 4021 710 4082; x_wconf 85' lang='lat' dir='ltr'><strong>propterea</strong></span> <span class='ocrx_word' id='word_1_325' title='bbox 738 4007 1038 4077; x_wconf 83' lang='lat' dir='ltr'><strong>negligatur</strong></span> <span class='ocrx_word' id='word_1_326' title='bbox 1064 4013 1121 4060; x_wconf 91' lang='lat' dir='ltr'><strong>et</strong></span> <span class='ocrx_word' id='word_1_327' title='bbox 1151 4020 1255 4057; x_wconf 92' lang='lat' dir='ltr'><strong>non</strong></span> <span class='ocrx_word' id='word_1_328' title='bbox 1283 4003 1509 4057; x_wconf 92' lang='lat' dir='ltr'><strong>colatur.</strong></span> <span class='ocrx_word' id='word_1_329' title='bbox 1542 4000 1680 4068; x_wconf 92' lang='lat' dir='ltr'><strong>Quid</strong></span> <span class='ocrx_word' id='word_1_330' title='bbox 1712 4000 1870 4070; x_wconf 86' lang='lat' dir='ltr'><strong>igitur</strong></span> 
     </span>
    </p>
   </div>
   <div class='ocr_carea' id='block_1_42' title="bbox 276 4091 1869 4163">
    <p class='ocr_par' dir='ltr' id='par_1_42' title="bbox 276 4091 1869 4163">
     <span class='ocr_line' id='line_1_42' title="bbox 276 4091 1869 4163; baseline -0.009 -5"><span class='ocrx_word' id='word_1_331' title='bbox 276 4103 521 4159; x_wconf 85' lang='lat' dir='ltr'><strong>fecerunt</strong></span> <span class='ocrx_word' id='word_1_332' title='bbox 545 4100 570 4153; x_wconf 89' lang='lat'><strong>?</strong></span> <span class='ocrx_word' id='word_1_333' title='bbox 598 4102 759 4155; x_wconf 82' lang='lat' dir='ltr'><strong>Aram</strong></span> <span class='ocrx_word' id='word_1_334' title='bbox 786 4106 1073 4153; x_wconf 85' lang='lat' dir='ltr'><strong>erexerunt</strong></span> <span class='ocrx_word' id='word_1_335' title='bbox 1097 4138 1112 4161; x_wconf 92' lang='lat'><strong>,</strong></span> <span class='ocrx_word' id='word_1_336' title='bbox 1141 4108 1195 4150; x_wconf 91' lang='lat' dir='ltr'><strong>et</strong></span> <span class='ocrx_word' id='word_1_337' title='bbox 1242 4095 1647 4163; x_wconf 88' lang='lat' dir='ltr'><strong>inscripserunt,</strong></span> <span class='ocrx_word' id='word_1_338' title='bbox 1682 4091 1869 4163; x_wconf 85' lang='lat' dir='ltr'><strong>Ignoto</strong></span> 
     </span>
    </p>
   </div>
   <div class='ocr_carea' id='block_1_43' title="bbox 277 4184 1869 4260">
    <p class='ocr_par' dir='ltr' id='par_1_43' title="bbox 277 4184 1869 4260">
     <span class='ocr_line' id='line_1_43' title="bbox 277 4184 1869 4260; baseline -0.006 -13"><span class='ocrx_word' id='word_1_339' title='bbox 277 4194 409 4259; x_wconf 89' lang='lat' dir='ltr'><strong>Deo,</strong></span> <span class='ocrx_word' id='word_1_340' title='bbox 448 4202 505 4247; x_wconf 93' lang='lat' dir='ltr'><strong>ut</strong></span> <span class='ocrx_word' id='word_1_341' title='bbox 537 4207 631 4260; x_wconf 90' lang='lat' dir='ltr'><strong>per</strong></span> <span class='ocrx_word' id='word_1_342' title='bbox 657 4190 1058 4259; x_wconf 86' lang='lat' dir='ltr'><strong>inscriptionem</strong></span> <span class='ocrx_word' id='word_1_343' title='bbox 1113 4188 1213 4241; x_wconf 89' lang='lat' dir='ltr'><strong>hoc</strong></span> <span class='ocrx_word' id='word_1_344' title='bbox 1242 4187 1621 4255; x_wconf 84' lang='lat' dir='ltr'><strong>significarent,</strong></span> <span class='ocrx_word' id='word_1_345' title='bbox 1647 4184 1701 4239; x_wconf 91' lang='lat' dir='ltr'><strong>Si</strong></span> <span class='ocrx_word' id='word_1_346' title='bbox 1733 4184 1869 4238; x_wconf 85' lang='lat' dir='ltr'><strong>forte</strong></span> 
     </span>
    </p>
   </div>
   <div class='ocr_carea' id='block_1_44' title="bbox 276 4276 1867 4356">
    <p class='ocr_par' dir='ltr' id='par_1_44' title="bbox 276 4276 1867 4356">
     <span class='ocr_line' id='line_1_44' title="bbox 276 4276 1867 4356; baseline -0.007 -18"><span class='ocrx_word' id='word_1_347' title='bbox 276 4285 544 4356; x_wconf 82' lang='lat' dir='ltr'><strong>quispiam</strong></span> <span class='ocrx_word' id='word_1_348' title='bbox 575 4283 644 4337; x_wconf 91' lang='lat' dir='ltr'><strong>sit</strong></span> <span class='ocrx_word' id='word_1_349' title='bbox 670 4281 805 4337; x_wconf 92' lang='lat' dir='ltr'><strong>alius</strong></span> <span class='ocrx_word' id='word_1_350' title='bbox 831 4281 991 4344; x_wconf 87' lang='lat' dir='ltr'><strong>Deus,</strong></span> <span class='ocrx_word' id='word_1_351' title='bbox 1010 4279 1098 4348; x_wconf 93' lang='lat' dir='ltr'><strong>qui</strong></span> <span class='ocrx_word' id='word_1_352' title='bbox 1128 4277 1363 4332; x_wconf 91' lang='lat' dir='ltr'><strong>nondum</strong></span> <span class='ocrx_word' id='word_1_353' title='bbox 1382 4276 1536 4331; x_wconf 90' lang='lat' dir='ltr'><strong>nobis</strong></span> <span class='ocrx_word' id='word_1_354' title='bbox 1558 4276 1867 4341; x_wconf 90' lang='lat' dir='ltr'><strong>innotuerit,</strong></span> 
     </span>
    </p>
   </div>
   <div class='ocr_carea' id='block_1_45' title="bbox 277 4369 1867 4439">
    <p class='ocr_par' dir='ltr' id='par_1_45' title="bbox 277 4369 1867 4439">
     <span class='ocr_line' id='line_1_45' title="bbox 277 4369 1867 4439; baseline -0.007 -8"><span class='ocrx_word' id='word_1_355' title='bbox 277 4378 423 4432; x_wconf 82' lang='lat' dir='ltr'><strong>hunc</strong></span> <span class='ocrx_word' id='word_1_356' title='bbox 443 4377 602 4431; x_wconf 85' lang='lat' dir='ltr'><strong>etiam</strong></span> <span class='ocrx_word' id='word_1_357' title='bbox 625 4374 882 4429; x_wconf 89' lang='lat' dir='ltr'><strong>colemus.</strong></span> <span class='ocrx_word' id='word_1_358' title='bbox 906 4371 1037 4427; x_wconf 81' lang='lat' dir='ltr'><strong>Vide</strong></span> <span class='ocrx_word' id='word_1_359' title='bbox 1057 4370 1395 4425; x_wconf 89' lang='lat' dir='ltr'><strong>immodicam</strong></span> <span class='ocrx_word' id='word_1_360' title='bbox 1416 4369 1867 4439; x_wconf 85' lang='lat' dir='ltr'><strong>superstitionem.</strong></span> 
     </span>
    </p>
   </div>
   <div class='ocr_carea' id='block_1_46' title="bbox 278 4460 1871 4541">
    <p class='ocr_par' dir='ltr' id='par_1_46' title="bbox 278 4460 1871 4541">
     <span class='ocr_line' id='line_1_46' title="bbox 278 4460 1871 4541; baseline -0.008 -16"><span class='ocrx_word' id='word_1_361' title='bbox 278 4472 571 4541; x_wconf 84' lang='lat' dir='ltr'><strong>Propterea</strong></span> <span class='ocrx_word' id='word_1_362' title='bbox 595 4468 729 4522; x_wconf 82' lang='lat' dir='ltr'><strong>dixit</strong></span> <span class='ocrx_word' id='word_1_363' title='bbox 754 4481 784 4520; x_wconf 91' lang='lat' dir='ltr'><strong>a</strong></span> <span class='ocrx_word' id='word_1_364' title='bbox 814 4464 1075 4536; x_wconf 82' lang='lat' dir='ltr'><strong>principio</strong></span> <span class='ocrx_word' id='word_1_365' title='bbox 1124 4462 1339 4528; x_wconf 89' lang='lat' dir='ltr'><strong>Paulus,</strong></span> <span class='ocrx_word' id='word_1_366' title='bbox 1375 4460 1476 4514; x_wconf 89' lang='lat' dir='ltr'><strong>Per</strong></span> <span class='ocrx_word' id='word_1_367' title='bbox 1511 4461 1681 4515; x_wconf 81' lang='lat' dir='ltr'><strong>omnia</strong></span> <span class='ocrx_word' id='word_1_368' title='bbox 1729 4462 1871 4530; x_wconf 87' lang='lat' dir='ltr'><strong>quasi</strong></span> 
     </span>
    </p>
   </div>
   <div class='ocr_carea' id='block_1_47' title="bbox 276 4554 1869 4636">
    <p class='ocr_par' dir='ltr' id='par_1_47' title="bbox 276 4554 1869 4636">
     <span class='ocr_line' id='line_1_47' title="bbox 276 4554 1869 4636; baseline -0.008 -17"><span class='ocrx_word' id='word_1_369' title='bbox 276 4563 728 4636; x_wconf 84' lang='lat' dir='ltr'><strong>superstitiosiores</strong></span> <span class='ocrx_word' id='word_1_370' title='bbox 771 4576 857 4614; x_wconf 82' lang='lat' dir='ltr'><strong>vos</strong></span> <span class='ocrx_word' id='word_1_371' title='bbox 894 4559 1038 4613; x_wconf 83' lang='lat' dir='ltr'><strong>video</strong></span> <span class='ocrx_word' id='word_1_372' title='bbox 1089 4559 1246 4627; x_wconf 80' lang='lat' dir='ltr'><strong>(Act.</strong></span> <span class='ocrx_word' id='word_1_373' title='bbox 1282 4557 1370 4610; x_wconf 84' lang='grc' dir='ltr'><strong>Π.</strong></span> <span class='ocrx_word' id='word_1_374' title='bbox 1392 4554 1465 4608; x_wconf 73' lang='grc'><strong>22</strong></span> <span class='ocrx_word' id='word_1_375' title='bbox 1496 4557 1514 4625; x_wconf 97' lang='grc'><strong>)</strong></span> <span class='ocrx_word' id='word_1_376' title='bbox 1545 4571 1687 4610; x_wconf 90' lang='lat' dir='ltr'><strong>:nou</strong></span> <span class='ocrx_word' id='word_1_377' title='bbox 1725 4556 1869 4609; x_wconf 91' lang='lat' dir='ltr'><strong>enim</strong></span> 
     </span>
    </p>
   </div>
   <div class='ocr_carea' id='block_1_48' title="bbox 276 4647 1865 4713">
    <p class='ocr_par' dir='ltr' id='par_1_48' title="bbox 276 4647 1865 4713">
     <span class='ocr_line' id='line_1_48' title="bbox 276 4647 1865 4713; baseline -0.006 -2"><span class='ocrx_word' id='word_1_378' title='bbox 276 4658 433 4712; x_wconf 86' lang='lat' dir='ltr'><strong>vobis</strong></span> <span class='ocrx_word' id='word_1_379' title='bbox 462 4664 618 4709; x_wconf 86' lang='lat' dir='ltr'><strong>notos</strong></span> <span class='ocrx_word' id='word_1_380' title='bbox 646 4651 985 4708; x_wconf 89' lang='lat' dir='ltr'><strong>solummodo</strong></span> <span class='ocrx_word' id='word_1_381' title='bbox 1014 4649 1187 4706; x_wconf 89' lang='lat' dir='ltr'><strong>colitis</strong></span> <span class='ocrx_word' id='word_1_382' title='bbox 1213 4647 1364 4713; x_wconf 90' lang='lat' dir='ltr'><strong>deos,</strong></span> <span class='ocrx_word' id='word_1_383' title='bbox 1393 4647 1489 4703; x_wconf 91' lang='lat' dir='ltr'><strong>sed</strong></span> <span class='ocrx_word' id='word_1_384' title='bbox 1539 4662 1634 4702; x_wconf 92' lang='lat' dir='ltr'><strong>eos</strong></span> <span class='ocrx_word' id='word_1_385' title='bbox 1660 4648 1822 4703; x_wconf 90' lang='lat' dir='ltr'><strong>etiam</strong></span> <span class='ocrx_word' id='word_1_386' title='bbox 1851 4690 1865 4709; x_wconf 88' lang='lat'><strong>,</strong></span> 
     </span>
    </p>
   </div>
   <div class='ocr_carea' id='block_1_49' title="bbox 276 4739 1869 4818">
    <p class='ocr_par' dir='ltr' id='par_1_49' title="bbox 276 4739 1869 4818">
     <span class='ocr_line' id='line_1_49' title="bbox 276 4739 1869 4818; baseline -0.006 -16"><span class='ocrx_word' id='word_1_387' title='bbox 276 4749 371 4818; x_wconf 91' lang='lat' dir='ltr'><strong>qui</strong></span> <span class='ocrx_word' id='word_1_388' title='bbox 397 4747 550 4802; x_wconf 92' lang='lat' dir='ltr'><strong>vobis</strong></span> <span class='ocrx_word' id='word_1_389' title='bbox 580 4744 816 4799; x_wconf 90' lang='lat' dir='ltr'><strong>nondum</strong></span> <span class='ocrx_word' id='word_1_390' title='bbox 838 4741 1188 4797; x_wconf 92' lang='lat' dir='ltr'><strong>innotuerint.</strong></span> <span class='ocrx_word' id='word_1_391' title='bbox 1233 4739 1625 4809; x_wconf 89' lang='lat' dir='ltr'><strong>Inscripserant</strong></span> <span class='ocrx_word' id='word_1_392' title='bbox 1651 4739 1726 4794; x_wconf 91' lang='lat' dir='ltr'><strong>illi</strong></span> <span class='ocrx_word' id='word_1_393' title='bbox 1746 4740 1869 4810; x_wconf 91' lang='lat' dir='ltr'><strong>qui-</strong></span> 
     </span>
    </p>
   </div>
   <div class='ocr_carea' id='block_1_50' title="bbox 276 4833 1869 4909">
    <p class='ocr_par' dir='ltr' id='par_1_50' title="bbox 276 4833 1869 4909">
     <span class='ocr_line' id='line_1_50' title="bbox 276 4833 1869 4909; baseline -0.005 -15"><span class='ocrx_word' id='word_1_394' title='bbox 276 4840 429 4905; x_wconf 88' lang='lat' dir='ltr'><strong>dem,</strong></span> <span class='ocrx_word' id='word_1_395' title='bbox 456 4837 641 4909; x_wconf 84' lang='lat' dir='ltr'><strong>lguoto</strong></span> <span class='ocrx_word' id='word_1_396' title='bbox 669 4835 792 4899; x_wconf 82' lang='lat' dir='ltr'><strong>Deo,</strong></span> <span class='ocrx_word' id='word_1_397' title='bbox 827 4833 922 4889; x_wconf 90' lang='lat' dir='ltr'><strong>sed</strong></span> <span class='ocrx_word' id='word_1_398' title='bbox 951 4833 1149 4887; x_wconf 88' lang='lat' dir='ltr'><strong>Paulus</strong></span> <span class='ocrx_word' id='word_1_399' title='bbox 1197 4834 1577 4900; x_wconf 87' lang='lat' dir='ltr'><strong>interpretatus</strong></span> <span class='ocrx_word' id='word_1_400' title='bbox 1592 4840 1713 4898; x_wconf 90' lang='lat' dir='ltr'><strong>est;</strong></span> <span class='ocrx_word' id='word_1_401' title='bbox 1748 4847 1869 4886; x_wconf 88' lang='lat' dir='ltr'><strong>nam</strong></span> 
     </span>
    </p>
   </div>
   <div class='ocr_carea' id='block_1_51' title="bbox 277 4925 1873 5001">
    <p class='ocr_par' dir='ltr' id='par_1_51' title="bbox 277 4925 1873 5001">
     <span class='ocr_line' id='line_1_51' title="bbox 277 4925 1873 5001; baseline -0.004 -15"><span class='ocrx_word' id='word_1_402' title='bbox 277 4933 355 4987; x_wconf 89' lang='lat' dir='ltr'><strong>illi</strong></span> <span class='ocrx_word' id='word_1_403' title='bbox 382 4932 598 5001; x_wconf 90' lang='lat' dir='ltr'><strong>quidem</strong></span> <span class='ocrx_word' id='word_1_404' title='bbox 631 4930 682 4984; x_wconf 89' lang='lat' dir='ltr'><strong>id</strong></span> <span class='ocrx_word' id='word_1_405' title='bbox 709 4929 777 4984; x_wconf 91' lang='lat' dir='ltr'><strong>de</strong></span> <span class='ocrx_word' id='word_1_406' title='bbox 804 4928 924 4984; x_wconf 85' lang='lat' dir='ltr'><strong>aliis</strong></span> <span class='ocrx_word' id='word_1_407' title='bbox 953 4928 1219 4991; x_wconf 84' lang='lat' dir='ltr'><strong>dixerant,</strong></span> <span class='ocrx_word' id='word_1_408' title='bbox 1251 4935 1307 4980; x_wconf 87' lang='lat' dir='ltr'><strong>at</strong></span> <span class='ocrx_word' id='word_1_409' title='bbox 1348 4926 1478 4980; x_wconf 90' lang='lat' dir='ltr'><strong>illud</strong></span> <span class='ocrx_word' id='word_1_410' title='bbox 1500 4927 1613 4995; x_wconf 89' lang='lat' dir='ltr'><strong>ipse</strong></span> <span class='ocrx_word' id='word_1_411' title='bbox 1642 4925 1873 4981; x_wconf 82' lang='lat' dir='ltr'><strong>traduxit</strong></span> 
     </span>
    </p>
   </div>
   <div class='ocr_carea' id='block_1_52' title="bbox 275 5018 1872 5091">
    <p class='ocr_par' dir='ltr' id='par_1_52' title="bbox 275 5018 1872 5091">
     <span class='ocr_line' id='line_1_52' title="bbox 275 5018 1872 5091; baseline -0.005 -12"><span class='ocrx_word' id='word_1_412' title='bbox 275 5025 347 5079; x_wconf 88' lang='lat' dir='ltr'><strong>ad</strong></span> <span class='ocrx_word' id='word_1_413' title='bbox 375 5023 665 5085; x_wconf 85' lang='lat' dir='ltr'><strong>Christum,</strong></span> <span class='ocrx_word' id='word_1_414' title='bbox 710 5032 764 5077; x_wconf 92' lang='lat' dir='ltr'><strong>et</strong></span> <span class='ocrx_word' id='word_1_415' title='bbox 791 5020 843 5075; x_wconf 93' lang='lat' dir='ltr'><strong>in</strong></span> <span class='ocrx_word' id='word_1_416' title='bbox 872 5020 1231 5091; x_wconf 88' lang='lat' dir='ltr'><strong>captivitatem</strong></span> <span class='ocrx_word' id='word_1_417' title='bbox 1276 5032 1490 5073; x_wconf 84' lang='lat' dir='ltr'><strong>sensum</strong></span> <span class='ocrx_word' id='word_1_418' title='bbox 1524 5018 1732 5088; x_wconf 87' lang='lat' dir='ltr'><strong>redegit</strong></span> <span class='ocrx_word' id='word_1_419' title='bbox 1754 5059 1767 5081; x_wconf 94' lang='lat'><strong>,</strong></span> <span class='ocrx_word' id='word_1_420' title='bbox 1817 5028 1872 5071; x_wconf 91' lang='lat' dir='ltr'><strong>et</strong></span> 
     </span>
    </p>
   </div>
   <div class='ocr_carea' id='block_1_53' title="bbox 277 5109 1870 5181">
    <p class='ocr_par' dir='ltr' id='par_1_53' title="bbox 277 5109 1870 5181">
     <span class='ocr_line' id='line_1_53' title="bbox 277 5109 1870 5181; baseline -0.006 -10"><span class='ocrx_word' id='word_1_421' title='bbox 277 5118 333 5171; x_wconf 90' lang='lat' dir='ltr'><strong>in</strong></span> <span class='ocrx_word' id='word_1_422' title='bbox 375 5129 474 5171; x_wconf 87' lang='lat' dir='ltr'><strong>sua</strong></span> <span class='ocrx_word' id='word_1_423' title='bbox 504 5130 685 5169; x_wconf 91' lang='lat' dir='ltr'><strong>secum</strong></span> <span class='ocrx_word' id='word_1_424' title='bbox 715 5114 829 5168; x_wconf 88' lang='lat' dir='ltr'><strong>acie</strong></span> <span class='ocrx_word' id='word_1_425' title='bbox 869 5111 1150 5167; x_wconf 88' lang='lat' dir='ltr'><strong>collocavit</strong></span> <span class='ocrx_word' id='word_1_426' title='bbox 1180 5128 1194 5163; x_wconf 92' lang='lat'>:</span> <span class='ocrx_word' id='word_1_427' title='bbox 1230 5109 1390 5178; x_wconf 82' lang='lat' dir='ltr'><strong>Quem</strong></span> <span class='ocrx_word' id='word_1_428' title='bbox 1419 5110 1552 5163; x_wconf 88' lang='lat' dir='ltr'><strong>enim</strong></span> <span class='ocrx_word' id='word_1_429' title='bbox 1578 5111 1870 5181; x_wconf 84' lang='lat' dir='ltr'><strong>ignorantes</strong></span> 
     </span>
    </p>
   </div>
   <div class='ocr_carea' id='block_1_54' title="bbox 276 5200 1866 5276">
    <p class='ocr_par' dir='ltr' id='par_1_54' title="bbox 276 5200 1866 5276">
     <span class='ocr_line' id='line_1_54' title="bbox 276 5200 1866 5276; baseline -0.006 -13"><span class='ocrx_word' id='word_1_430' title='bbox 276 5226 367 5264; x_wconf 76' lang='lat' dir='ltr'><strong>vos</strong></span> <span class='ocrx_word' id='word_1_431' title='bbox 389 5209 574 5272; x_wconf 81' lang='lat' dir='ltr'><strong>colitis,</strong></span> <span class='ocrx_word' id='word_1_432' title='bbox 606 5208 737 5260; x_wconf 85' lang='lat' dir='ltr'><strong>hunc</strong></span> <span class='ocrx_word' id='word_1_433' title='bbox 762 5221 853 5276; x_wconf 85' lang='lat' dir='ltr'><strong>ego</strong></span> <span class='ocrx_word' id='word_1_434' title='bbox 879 5203 1016 5259; x_wconf 85' lang='lat' dir='ltr'><strong>vobis</strong></span> <span class='ocrx_word' id='word_1_435' title='bbox 1036 5202 1283 5257; x_wconf 81' lang='lat' dir='ltr'><strong>annuntio</strong></span> <span class='ocrx_word' id='word_1_436' title='bbox 1300 5200 1405 5273; x_wconf 80' lang='lat' dir='ltr'><strong>(Ib.</strong></span> <span class='ocrx_word' id='word_1_437' title='bbox 1433 5216 1482 5254; x_wconf 82' lang='grc' dir='ltr'><strong>υ.</strong></span> <span class='ocrx_word' id='word_1_438' title='bbox 1504 5200 1619 5272; x_wconf 73' lang='grc'><strong>28),</strong></span> <span class='ocrx_word' id='word_1_439' title='bbox 1654 5200 1825 5271; x_wconf 88' lang='lat' dir='ltr'><strong>inquit</strong></span> <span class='ocrx_word' id='word_1_440' title='bbox 1852 5216 1866 5266; x_wconf 93' lang='lat'><strong>;</strong></span> 
     </span>
    </p>
   </div>
   <div class='ocr_carea' id='block_1_55' title="bbox 278 5292 1873 5372">
    <p class='ocr_par' dir='ltr' id='par_1_55' title="bbox 278 5292 1873 5372">
     <span class='ocr_line' id='line_1_55' title="bbox 278 5292 1873 5372; baseline -0.005 -17"><span class='ocrx_word' id='word_1_441' title='bbox 278 5304 494 5372; x_wconf 87' lang='lat' dir='ltr'><strong>ignotus</strong></span> <span class='ocrx_word' id='word_1_442' title='bbox 521 5299 663 5355; x_wconf 92' lang='lat' dir='ltr'><strong>enim</strong></span> <span class='ocrx_word' id='word_1_443' title='bbox 696 5298 831 5352; x_wconf 87' lang='lat' dir='ltr'><strong>alius</strong></span> <span class='ocrx_word' id='word_1_444' title='bbox 876 5297 1017 5351; x_wconf 86' lang='lat' dir='ltr'><strong>Deus</strong></span> <span class='ocrx_word' id='word_1_445' title='bbox 1055 5310 1161 5349; x_wconf 91' lang='lat' dir='ltr'><strong>non</strong></span> <span class='ocrx_word' id='word_1_446' title='bbox 1190 5306 1293 5361; x_wconf 91' lang='lat' dir='ltr'><strong>est,</strong></span> <span class='ocrx_word' id='word_1_447' title='bbox 1346 5294 1449 5348; x_wconf 90' lang='lat' dir='ltr'><strong>nisi</strong></span> <span class='ocrx_word' id='word_1_448' title='bbox 1479 5292 1742 5348; x_wconf 89' lang='lat' dir='ltr'><strong>Christus.</strong></span> <span class='ocrx_word' id='word_1_449' title='bbox 1796 5294 1873 5347; x_wconf 84' lang='lat' dir='ltr'><strong>Ac</strong></span> 
     </span>
    </p>
   </div>
   <div class='ocr_carea' id='block_1_56' title="bbox 277 5385 1872 5464">
    <p class='ocr_par' dir='ltr' id='par_1_56' title="bbox 277 5385 1872 5464">
     <span class='ocr_line' id='line_1_56' title="bbox 277 5385 1872 5464; baseline -0.005 -18"><span class='ocrx_word' id='word_1_450' title='bbox 277 5393 405 5449; x_wconf 87' lang='lat' dir='ltr'><strong>vide</strong></span> <span class='ocrx_word' id='word_1_451' title='bbox 452 5390 795 5464; x_wconf 90' lang='lat' dir='ltr'><strong>prudentiam</strong></span> <span class='ocrx_word' id='word_1_452' title='bbox 839 5388 1193 5459; x_wconf 89' lang='lat' dir='ltr'><strong>spiritualem.</strong></span> <span class='ocrx_word' id='word_1_453' title='bbox 1222 5387 1489 5455; x_wconf 89' lang='lat' dir='ltr'><strong>Objecturi</strong></span> <span class='ocrx_word' id='word_1_454' title='bbox 1521 5386 1773 5455; x_wconf 84' lang='lat' dir='ltr'><strong>deinceps</strong></span> <span class='ocrx_word' id='word_1_455' title='bbox 1799 5385 1872 5439; x_wconf 92' lang='lat' dir='ltr'><strong>illi</strong></span> 
     </span>
    </p>
   </div>
   <div class='ocr_carea' id='block_1_57' title="bbox 278 5478 1871 5554">
    <p class='ocr_par' dir='ltr' id='par_1_57' title="bbox 278 5478 1871 5554">
     <span class='ocr_line' id='line_1_57' title="bbox 278 5478 1871 5554; baseline -0.007 -13"><span class='ocrx_word' id='word_1_456' title='bbox 278 5494 457 5551; x_wconf 82' lang='lat' dir='ltr'><strong>erant,</strong></span> <span class='ocrx_word' id='word_1_457' title='bbox 485 5483 634 5539; x_wconf 82' lang='lat' dir='ltr'><strong>Nova</strong></span> <span class='ocrx_word' id='word_1_458' title='bbox 664 5483 907 5554; x_wconf 69' lang='lat' dir='ltr'><strong>quaedam</strong></span> <span class='ocrx_word' id='word_1_459' title='bbox 934 5481 1181 5552; x_wconf 78' lang='lat' dir='ltr'><strong>dogmata</strong></span> <span class='ocrx_word' id='word_1_460' title='bbox 1224 5478 1386 5533; x_wconf 90' lang='lat' dir='ltr'><strong>infers</strong></span> <span class='ocrx_word' id='word_1_461' title='bbox 1413 5479 1627 5532; x_wconf 89' lang='lat' dir='ltr'><strong>auribus</strong></span> <span class='ocrx_word' id='word_1_462' title='bbox 1655 5478 1871 5541; x_wconf 87' lang='lat' dir='ltr'><strong>nostris,</strong></span> 
     </span>
    </p>
   </div>
   <div class='ocr_carea' id='block_1_58' title="bbox 279 5570 1877 5640">
    <p class='ocr_par' dir='ltr' id='par_1_58' title="bbox 279 5570 1877 5640">
     <span class='ocr_line' id='line_1_58' title="bbox 279 5570 1877 5640; baseline -0.006 -7"><span class='ocrx_word' id='word_1_463' title='bbox 279 5578 435 5633; x_wconf 85' lang='lat' dir='ltr'><strong>novis</strong></span> <span class='ocrx_word' id='word_1_464' title='bbox 465 5575 628 5632; x_wconf 80' lang='lat' dir='ltr'><strong>rebus</strong></span> <span class='ocrx_word' id='word_1_465' title='bbox 676 5574 863 5630; x_wconf 89' lang='lat' dir='ltr'><strong>studes</strong></span> <span class='ocrx_word' id='word_1_466' title='bbox 890 5616 904 5639; x_wconf 90' lang='lat'><strong>,</strong></span> <span class='ocrx_word' id='word_1_467' title='bbox 936 5573 1103 5628; x_wconf 87' lang='lat' dir='ltr'><strong>Deum</strong></span> <span class='ocrx_word' id='word_1_468' title='bbox 1132 5572 1359 5635; x_wconf 87' lang='lat' dir='ltr'><strong>invehis,</strong></span> <span class='ocrx_word' id='word_1_469' title='bbox 1388 5586 1543 5640; x_wconf 88' lang='lat' dir='ltr'><strong>quem</strong></span> <span class='ocrx_word' id='word_1_470' title='bbox 1592 5585 1696 5623; x_wconf 91' lang='lat' dir='ltr'><strong>non</strong></span> <span class='ocrx_word' id='word_1_471' title='bbox 1727 5570 1877 5623; x_wconf 79' lang='lat' dir='ltr'><strong>novi-</strong></span> 
     </span>
    </p>
   </div>
   <div class='ocr_carea' id='block_1_59' title="bbox 280 5662 1872 5739">
    <p class='ocr_par' dir='ltr' id='par_1_59' title="bbox 280 5662 1872 5739">
     <span class='ocr_line' id='line_1_59' title="bbox 280 5662 1872 5739; baseline -0.005 -15"><span class='ocrx_word' id='word_1_472' title='bbox 280 5685 422 5725; x_wconf 89' lang='lat' dir='ltr'><strong>mus.</strong></span> <span class='ocrx_word' id='word_1_473' title='bbox 464 5668 534 5726; x_wconf 88' lang='lat' dir='ltr'><strong>Ut</strong></span> <span class='ocrx_word' id='word_1_474' title='bbox 564 5668 723 5739; x_wconf 84' lang='lat' dir='ltr'><strong>igitur</strong></span> <span class='ocrx_word' id='word_1_475' title='bbox 754 5668 856 5722; x_wconf 90' lang='lat' dir='ltr'><strong>illis</strong></span> <span class='ocrx_word' id='word_1_476' title='bbox 911 5666 1267 5737; x_wconf 86' lang='lat' dir='ltr'><strong>suspicionem</strong></span> <span class='ocrx_word' id='word_1_477' title='bbox 1298 5665 1557 5719; x_wconf 83' lang='lat' dir='ltr'><strong>eximeret</strong></span> <span class='ocrx_word' id='word_1_478' title='bbox 1602 5662 1872 5726; x_wconf 89' lang='lat' dir='ltr'><strong>novitatis,</strong></span> 
     </span>
    </p>
   </div>
   <div class='ocr_carea' id='block_1_60' title="bbox 280 5756 1872 5835">
    <p class='ocr_par' dir='ltr' id='par_1_60' title="bbox 280 5756 1872 5835">
     <span class='ocr_line' id='line_1_60' title="bbox 280 5756 1872 5835; baseline -0.003 -16"><span class='ocrx_word' id='word_1_479' title='bbox 280 5778 447 5835; x_wconf 78' lang='lat' dir='ltr'><strong>seque</strong></span> <span class='ocrx_word' id='word_1_480' title='bbox 478 5776 680 5819; x_wconf 84' lang='lat' dir='ltr'><strong>novum</strong></span> <span class='ocrx_word' id='word_1_481' title='bbox 722 5759 890 5818; x_wconf 87' lang='lat' dir='ltr'><strong>Deum</strong></span> <span class='ocrx_word' id='word_1_482' title='bbox 923 5758 1142 5816; x_wconf 87' lang='lat' dir='ltr'><strong>minime</strong></span> <span class='ocrx_word' id='word_1_483' title='bbox 1186 5757 1476 5830; x_wconf 66' lang='lat' dir='ltr'><strong>praedicare</strong></span> <span class='ocrx_word' id='word_1_484' title='bbox 1525 5756 1872 5825; x_wconf 85' lang='lat' dir='ltr'><strong>ostenderet,</strong></span> 
     </span>
    </p>
   </div>
   <div class='ocr_carea' id='block_1_61' title="bbox 1982 408 3568 484">
    <p class='ocr_par' dir='ltr' id='par_1_61' title="bbox 1982 408 3568 484">
     <span class='ocr_line' id='line_1_61' title="bbox 1982 408 3568 484; baseline 0.01 -25"><span class='ocrx_word' id='word_1_485' title='bbox 1982 408 2074 460; x_wconf 72' lang='lat' dir='ltr'><strong>sed</strong></span> <span class='ocrx_word' id='word_1_486' title='bbox 2107 426 2263 477; x_wconf 90' lang='lat' dir='ltr'><strong>quem</strong></span> <span class='ocrx_word' id='word_1_487' title='bbox 2298 412 2394 480; x_wconf 89' lang='lat' dir='ltr'><strong>ipsi</strong></span> <span class='ocrx_word' id='word_1_488' title='bbox 2446 413 2590 481; x_wconf 89' lang='lat' dir='ltr'><strong>prius</strong></span> <span class='ocrx_word' id='word_1_489' title='bbox 2634 414 2777 467; x_wconf 81' lang='lat' dir='ltr'><strong>cultu</strong></span> <span class='ocrx_word' id='word_1_490' title='bbox 2808 414 3174 469; x_wconf 80' lang='lat' dir='ltr'><strong>lionoramlmn</strong></span> <span class='ocrx_word' id='word_1_491' title='bbox 3202 430 3519 474; x_wconf 79' lang='lat' dir='ltr'><strong>censuerant</strong></span> <span class='ocrx_word' id='word_1_492' title='bbox 3552 464 3568 484; x_wconf 87' lang='lat'><strong>,</strong></span> 
     </span>
    </p>
   </div>
   <div class='ocr_carea' id='block_1_62' title="bbox 1979 500 3568 582">
    <p class='ocr_par' dir='ltr' id='par_1_62' title="bbox 1979 500 3568 582">
     <span class='ocr_line' id='line_1_62' title="bbox 1979 500 3568 582; baseline 0.009 -31"><span class='ocrx_word' id='word_1_493' title='bbox 1979 500 2225 568; x_wconf 84' lang='lat' dir='ltr'><strong>adjunxit</strong></span> <span class='ocrx_word' id='word_1_494' title='bbox 2249 515 2301 555; x_wconf 86' lang='lat' dir='ltr'><strong>et</strong></span> <span class='ocrx_word' id='word_1_495' title='bbox 2328 504 2481 569; x_wconf 78' lang='lat' dir='ltr'><strong>dixit,</strong></span> <span class='ocrx_word' id='word_1_496' title='bbox 2516 505 2676 570; x_wconf 84' lang='lat' dir='ltr'><strong>Quem</strong></span> <span class='ocrx_word' id='word_1_497' title='bbox 2699 509 2987 578; x_wconf 66' lang='lat' dir='ltr'><strong>ignorantes</strong></span> <span class='ocrx_word' id='word_1_498' title='bbox 3012 512 3200 577; x_wconf 76' lang='lat' dir='ltr'><strong>Colitis,</strong></span> <span class='ocrx_word' id='word_1_499' title='bbox 3222 528 3336 565; x_wconf 84' lang='lat' dir='ltr'><strong>eum</strong></span> <span class='ocrx_word' id='word_1_500' title='bbox 3366 529 3457 582; x_wconf 83' lang='lat' dir='ltr'><strong>ego</strong></span> <span class='ocrx_word' id='word_1_501' title='bbox 3483 529 3568 565; x_wconf 79' lang='lat' dir='ltr'><strong>vo-</strong></span> 
     </span>
    </p>
   </div>
   <div class='ocr_carea' id='block_1_63' title="bbox 1981 588 3572 671">
    <p class='ocr_par' dir='ltr' id='par_1_63' title="bbox 1981 588 3572 671">
     <span class='ocr_line' id='line_1_63' title="bbox 1981 588 3572 671; baseline 0.008 -30"><span class='ocrx_word' id='word_1_502' title='bbox 1981 588 2055 642; x_wconf 89' lang='lat' dir='ltr'><strong>bis</strong></span> <span class='ocrx_word' id='word_1_503' title='bbox 2079 594 2347 646; x_wconf 87' lang='lat' dir='ltr'><strong>annuntio.</strong></span> <span class='ocrx_word' id='word_1_504' title='bbox 2379 593 2484 649; x_wconf 86' lang='lat' dir='ltr'><strong>Vos</strong></span> <span class='ocrx_word' id='word_1_505' title='bbox 2510 611 2598 650; x_wconf 89' lang='lat' dir='ltr'><strong>me</strong></span> <span class='ocrx_word' id='word_1_506' title='bbox 2622 599 2970 665; x_wconf 54' lang='lat' dir='ltr'><strong>praevenistis,</strong></span> <span class='ocrx_word' id='word_1_507' title='bbox 3003 600 3167 669; x_wconf 82' lang='lat' dir='ltr'><strong>inquit</strong></span> <span class='ocrx_word' id='word_1_508' title='bbox 3194 618 3208 665; x_wconf 89' lang='lat'><strong>;</strong></span> <span class='ocrx_word' id='word_1_509' title='bbox 3238 603 3572 671; x_wconf 73' lang='lat' dir='ltr'><strong>praedicatio-</strong></span> 
     </span>
    </p>
   </div>
   <div class='ocr_carea' id='block_1_64' title="bbox 1982 685 3572 766">
    <p class='ocr_par' dir='ltr' id='par_1_64' title="bbox 1982 685 3572 766">
     <span class='ocr_line' id='line_1_64' title="bbox 1982 685 3572 766; baseline 0.01 -32"><span class='ocrx_word' id='word_1_510' title='bbox 1982 696 2103 735; x_wconf 91' lang='lat' dir='ltr'><strong>nem</strong></span> <span class='ocrx_word' id='word_1_511' title='bbox 2134 699 2305 738; x_wconf 90' lang='lat' dir='ltr'><strong>meam</strong></span> <span class='ocrx_word' id='word_1_512' title='bbox 2332 685 2506 741; x_wconf 90' lang='lat' dir='ltr'><strong>cultus</strong></span> <span class='ocrx_word' id='word_1_513' title='bbox 2534 698 2712 742; x_wconf 91' lang='lat' dir='ltr'><strong>vester</strong></span> <span class='ocrx_word' id='word_1_514' title='bbox 2739 693 3150 761; x_wconf 78' lang='lat' dir='ltr'><strong>pra-occupavit.</strong></span> <span class='ocrx_word' id='word_1_515' title='bbox 3177 693 3254 748; x_wconf 85' lang='lat' dir='ltr'><strong>Ne</strong></span> <span class='ocrx_word' id='word_1_516' title='bbox 3284 696 3442 766; x_wconf 84' lang='lat' dir='ltr'><strong>igitur</strong></span> <span class='ocrx_word' id='word_1_517' title='bbox 3469 697 3540 750; x_wconf 88' lang='lat' dir='ltr'><strong>ob</strong></span> <span class='ocrx_word' id='word_1_518' title='bbox 3557 726 3572 739; x_wconf 70' lang='grc' dir='ltr'><em>ι</em></span> 
     </span>
    </p>
   </div>
   <div class='ocr_carea' id='block_1_65' title="bbox 1976 772 3567 841">
    <p class='ocr_par' dir='ltr' id='par_1_65' title="bbox 1976 772 3567 841">
     <span class='ocr_line' id='line_1_65' title="bbox 1976 772 3567 841; baseline 0.011 -17"><span class='ocrx_word' id='word_1_519' title='bbox 1976 772 2173 840; x_wconf 83' lang='lat' dir='ltr'><strong>jiciatis</strong></span> <span class='ocrx_word' id='word_1_520' title='bbox 2219 792 2415 830; x_wconf 89' lang='lat' dir='ltr'><strong>novum</strong></span> <span class='ocrx_word' id='word_1_521' title='bbox 2450 793 2481 832; x_wconf 91' lang='lat' dir='ltr'><strong>a</strong></span> <span class='ocrx_word' id='word_1_522' title='bbox 2534 795 2622 834; x_wconf 90' lang='lat' dir='ltr'><strong>me</strong></span> <span class='ocrx_word' id='word_1_523' title='bbox 2656 780 2819 835; x_wconf 91' lang='lat' dir='ltr'><strong>Deum</strong></span> <span class='ocrx_word' id='word_1_524' title='bbox 2853 782 3031 837; x_wconf 87' lang='lat' dir='ltr'><strong>inferri</strong></span> <span class='ocrx_word' id='word_1_525' title='bbox 3063 803 3075 836; x_wconf 89' lang='lat'><strong>:</strong></span> <span class='ocrx_word' id='word_1_526' title='bbox 3102 783 3243 840; x_wconf 90' lang='lat' dir='ltr'><strong>hunc</strong></span> <span class='ocrx_word' id='word_1_527' title='bbox 3292 787 3437 840; x_wconf 86' lang='lat' dir='ltr'><strong>enim</strong></span> <span class='ocrx_word' id='word_1_528' title='bbox 3467 802 3567 841; x_wconf 86' lang='lat' dir='ltr'><strong>an-</strong></span> 
     </span>
    </p>
   </div>
   <div class='ocr_carea' id='block_1_66' title="bbox 1982 866 3568 948">
    <p class='ocr_par' dir='ltr' id='par_1_66' title="bbox 1982 866 3568 948">
     <span class='ocr_line' id='line_1_66' title="bbox 1982 866 3568 948; baseline 0.012 -33"><span class='ocrx_word' id='word_1_529' title='bbox 1982 866 2168 918; x_wconf 90' lang='lat' dir='ltr'><strong>nuntio</strong></span> <span class='ocrx_word' id='word_1_530' title='bbox 2193 882 2350 936; x_wconf 88' lang='lat' dir='ltr'><strong>quem</strong></span> <span class='ocrx_word' id='word_1_531' title='bbox 2374 884 2467 924; x_wconf 89' lang='lat' dir='ltr'><strong>vos</strong></span> <span class='ocrx_word' id='word_1_532' title='bbox 2482 871 2656 925; x_wconf 90' lang='lat' dir='ltr'><strong>colitis</strong></span> <span class='ocrx_word' id='word_1_533' title='bbox 2685 872 3007 942; x_wconf 84' lang='lat' dir='ltr'><strong>ignorantes,</strong></span> <span class='ocrx_word' id='word_1_534' title='bbox 3041 892 3143 929; x_wconf 89' lang='lat' dir='ltr'><strong>non</strong></span> <span class='ocrx_word' id='word_1_535' title='bbox 3165 877 3326 947; x_wconf 88' lang='lat' dir='ltr'><strong>digno</strong></span> <span class='ocrx_word' id='word_1_536' title='bbox 3353 879 3568 948; x_wconf 90' lang='lat' dir='ltr'><strong>quidem</strong></span> 
     </span>
    </p>
   </div>
   <div class='ocr_carea' id='block_1_67' title="bbox 1984 955 3567 1027">
    <p class='ocr_par' dir='ltr' id='par_1_67' title="bbox 1984 955 3567 1027">
     <span class='ocr_line' id='line_1_67' title="bbox 1984 955 3567 1027; baseline 0.011 -19"><span class='ocrx_word' id='word_1_537' title='bbox 1984 955 2163 1020; x_wconf 87' lang='lat' dir='ltr'><strong>modo,</strong></span> <span class='ocrx_word' id='word_1_538' title='bbox 2197 958 2291 1013; x_wconf 88' lang='lat' dir='ltr'><strong>sed</strong></span> <span class='ocrx_word' id='word_1_539' title='bbox 2324 970 2498 1016; x_wconf 90' lang='lat' dir='ltr'><strong>tamen</strong></span> <span class='ocrx_word' id='word_1_540' title='bbox 2529 964 2721 1018; x_wconf 88' lang='lat' dir='ltr'><strong>colitis.</strong></span> <span class='ocrx_word' id='word_1_541' title='bbox 2751 963 2865 1019; x_wconf 87' lang='lat' dir='ltr'><strong>Non</strong></span> <span class='ocrx_word' id='word_1_542' title='bbox 2915 968 3060 1021; x_wconf 91' lang='lat' dir='ltr'><strong>enim</strong></span> <span class='ocrx_word' id='word_1_543' title='bbox 3088 969 3193 1024; x_wconf 92' lang='lat' dir='ltr'><strong>tale</strong></span> <span class='ocrx_word' id='word_1_544' title='bbox 3218 970 3431 1026; x_wconf 88' lang='lat' dir='ltr'><strong>Christo</strong></span> <span class='ocrx_word' id='word_1_545' title='bbox 3457 976 3567 1027; x_wconf 90' lang='lat' dir='ltr'><strong>eri-</strong></span> 
     </span>
    </p>
   </div>
   <div class='ocr_carea' id='block_1_68' title="bbox 1978 1048 3569 1133">
    <p class='ocr_par' dir='ltr' id='par_1_68' title="bbox 1978 1048 3569 1133">
     <span class='ocr_line' id='line_1_68' title="bbox 1978 1048 3569 1133; baseline 0.014 -33"><span class='ocrx_word' id='word_1_546' title='bbox 1978 1048 2123 1117; x_wconf 90' lang='lat' dir='ltr'><strong>gitur</strong></span> <span class='ocrx_word' id='word_1_547' title='bbox 2141 1050 2327 1116; x_wconf 89' lang='lat' dir='ltr'><strong>altare,</strong></span> <span class='ocrx_word' id='word_1_548' title='bbox 2360 1054 2453 1108; x_wconf 89' lang='lat' dir='ltr'><strong>scd</strong></span> <span class='ocrx_word' id='word_1_549' title='bbox 2487 1055 2777 1111; x_wconf 88' lang='lat' dir='ltr'><strong>animatum</strong></span> <span class='ocrx_word' id='word_1_550' title='bbox 2827 1060 2994 1115; x_wconf 80' lang='lat' dir='ltr'><strong>altare</strong></span> <span class='ocrx_word' id='word_1_551' title='bbox 3022 1075 3086 1114; x_wconf 90' lang='lat' dir='ltr'><strong>ac</strong></span> <span class='ocrx_word' id='word_1_552' title='bbox 3129 1063 3441 1133; x_wconf 85' lang='lat' dir='ltr'><strong>spirituale;</strong></span> <span class='ocrx_word' id='word_1_553' title='bbox 3474 1082 3569 1122; x_wconf 88' lang='lat' dir='ltr'><strong>ve-</strong></span> 
     </span>
    </p>
   </div>
   <div class='ocr_carea' id='block_1_69' title="bbox 1980 1144 3568 1224">
    <p class='ocr_par' dir='ltr' id='par_1_69' title="bbox 1980 1144 3568 1224">
     <span class='ocr_line' id='line_1_69' title="bbox 1980 1144 3568 1224; baseline 0.013 -31"><span class='ocrx_word' id='word_1_554' title='bbox 1980 1151 2279 1196; x_wconf 77' lang='lat' dir='ltr'><strong>rumtamen</strong></span> <span class='ocrx_word' id='word_1_555' title='bbox 2309 1144 2375 1198; x_wconf 90' lang='lat' dir='ltr'><strong>ab</strong></span> <span class='ocrx_word' id='word_1_556' title='bbox 2402 1144 2504 1200; x_wconf 89' lang='lat' dir='ltr'><strong>hoc</strong></span> <span class='ocrx_word' id='word_1_557' title='bbox 2532 1146 2599 1203; x_wconf 89' lang='lat' dir='ltr'><strong>ad</strong></span> <span class='ocrx_word' id='word_1_558' title='bbox 2628 1148 2756 1203; x_wconf 90' lang='lat' dir='ltr'><strong>illud</strong></span> <span class='ocrx_word' id='word_1_559' title='bbox 2789 1164 2883 1204; x_wconf 91' lang='lat' dir='ltr'><strong>vos</strong></span> <span class='ocrx_word' id='word_1_560' title='bbox 2910 1167 3126 1221; x_wconf 90' lang='lat' dir='ltr'><strong>possum</strong></span> <span class='ocrx_word' id='word_1_561' title='bbox 3156 1154 3468 1224; x_wconf 88' lang='lat' dir='ltr'><strong>perducere.</strong></span> <span class='ocrx_word' id='word_1_562' title='bbox 3493 1157 3568 1213; x_wconf 90' lang='lat' dir='ltr'><strong>lta</strong></span> 
     </span>
    </p>
   </div>
   <div class='ocr_carea' id='block_1_70' title="bbox 1978 1238 3564 1311">
    <p class='ocr_par' dir='ltr' id='par_1_70' title="bbox 1978 1238 3564 1311">
     <span class='ocr_line' id='line_1_70' title="bbox 1978 1238 3564 1311; baseline 0.013 -24"><span class='ocrx_word' id='word_1_563' title='bbox 1978 1250 2199 1306; x_wconf 87' lang='lat' dir='ltr'><strong>quoque</strong></span> <span class='ocrx_word' id='word_1_564' title='bbox 2226 1238 2398 1293; x_wconf 72' lang='lat' dir='ltr'><strong>Judaei</strong></span> <span class='ocrx_word' id='word_1_565' title='bbox 2427 1243 2695 1311; x_wconf 88' lang='lat' dir='ltr'><strong>quondam</strong></span> <span class='ocrx_word' id='word_1_566' title='bbox 2749 1246 2952 1301; x_wconf 90' lang='lat' dir='ltr'><strong>cultum</strong></span> <span class='ocrx_word' id='word_1_567' title='bbox 3000 1249 3361 1306; x_wconf 84' lang='lat' dir='ltr'><strong>exhibebant:</strong></span> <span class='ocrx_word' id='word_1_568' title='bbox 3390 1254 3483 1307; x_wconf 91' lang='lat' dir='ltr'><strong>sed</strong></span> <span class='ocrx_word' id='word_1_569' title='bbox 3534 1272 3564 1307; x_wconf 87' lang='lat' dir='ltr'><strong>a</strong></span> 
     </span>
    </p>
   </div>
   <div class='ocr_carea' id='block_1_71' title="bbox 1978 1331 3568 1411">
    <p class='ocr_par' dir='ltr' id='par_1_71' title="bbox 1978 1331 3568 1411">
     <span class='ocr_line' id='line_1_71' title="bbox 1978 1331 3568 1411; baseline 0.012 -29"><span class='ocrx_word' id='word_1_570' title='bbox 1978 1331 2246 1397; x_wconf 83' lang='lat' dir='ltr'><strong>corporali</strong></span> <span class='ocrx_word' id='word_1_571' title='bbox 2277 1334 2423 1387; x_wconf 90' lang='lat' dir='ltr'><strong>cultu</strong></span> <span class='ocrx_word' id='word_1_572' title='bbox 2447 1349 2803 1401; x_wconf 82' lang='lat' dir='ltr'><strong>recesserunt,</strong></span> <span class='ocrx_word' id='word_1_573' title='bbox 2827 1350 2875 1393; x_wconf 89' lang='lat' dir='ltr'><strong>et</strong></span> <span class='ocrx_word' id='word_1_574' title='bbox 2901 1340 2965 1393; x_wconf 92' lang='lat' dir='ltr'><strong>ad</strong></span> <span class='ocrx_word' id='word_1_575' title='bbox 2984 1341 3311 1411; x_wconf 86' lang='lat' dir='ltr'><strong>spiritualem</strong></span> <span class='ocrx_word' id='word_1_576' title='bbox 3343 1345 3568 1400; x_wconf 87' lang='lat' dir='ltr'><strong>traducti</strong></span> 
     </span>
    </p>
   </div>
   <div class='ocr_carea' id='block_1_72' title="bbox 1978 1424 3569 1504">
    <p class='ocr_par' dir='ltr' id='par_1_72' title="bbox 1978 1424 3569 1504">
     <span class='ocr_line' id='line_1_72' title="bbox 1978 1424 3569 1504; baseline 0.011 -30"><span class='ocrx_word' id='word_1_577' title='bbox 1978 1430 2118 1484; x_wconf 88' lang='lat' dir='ltr'><strong>sunt,</strong></span> <span class='ocrx_word' id='word_1_578' title='bbox 2141 1424 2228 1492; x_wconf 90' lang='lat' dir='ltr'><strong>qui</strong></span> <span class='ocrx_word' id='word_1_579' title='bbox 2253 1424 2594 1480; x_wconf 90' lang='lat' dir='ltr'><strong>crediderunt</strong></span> <span class='ocrx_word' id='word_1_580' title='bbox 2619 1442 2825 1483; x_wconf 85' lang='lat' dir='ltr'><strong>omnes.</strong></span> <span class='ocrx_word' id='word_1_581' title='bbox 2861 1430 3018 1486; x_wconf 87' lang='lat' dir='ltr'><strong>Vides</strong></span> <span class='ocrx_word' id='word_1_582' title='bbox 3043 1432 3188 1488; x_wconf 85' lang='lat' dir='ltr'><strong>Pauli</strong></span> <span class='ocrx_word' id='word_1_583' title='bbox 3215 1435 3569 1504; x_wconf 79' lang='lat' dir='ltr'><strong>sapientiam?</strong></span> 
     </span>
    </p>
   </div>
   <div class='ocr_carea' id='block_1_73' title="bbox 1981 1512 3571 1594">
    <p class='ocr_par' dir='ltr' id='par_1_73' title="bbox 1981 1512 3571 1594">
     <span class='ocr_line' id='line_1_73' title="bbox 1981 1512 3571 1594; baseline 0.012 -29"><span class='ocrx_word' id='word_1_584' title='bbox 1981 1512 2131 1568; x_wconf 93' lang='lat' dir='ltr'><strong>vides</strong></span> <span class='ocrx_word' id='word_1_585' title='bbox 2178 1516 2560 1584; x_wconf 84' lang='lat' dir='ltr'><strong>prudentiam?</strong></span> <span class='ocrx_word' id='word_1_586' title='bbox 2608 1520 2758 1575; x_wconf 91' lang='lat' dir='ltr'><strong>vides</strong></span> <span class='ocrx_word' id='word_1_587' title='bbox 2787 1539 2892 1592; x_wconf 92' lang='lat' dir='ltr'><strong>quo</strong></span> <span class='ocrx_word' id='word_1_588' title='bbox 2943 1534 3097 1594; x_wconf 90' lang='lat' dir='ltr'><strong>pacto</strong></span> <span class='ocrx_word' id='word_1_589' title='bbox 3148 1527 3268 1582; x_wconf 85' lang='lat' dir='ltr'><strong>illos</strong></span> <span class='ocrx_word' id='word_1_590' title='bbox 3311 1526 3571 1584; x_wconf 88' lang='lat' dir='ltr'><strong>devicerit</strong></span> 
     </span>
    </p>
   </div>
   <div class='ocr_carea' id='block_1_74' title="bbox 1980 1608 3566 1685">
    <p class='ocr_par' dir='ltr' id='par_1_74' title="bbox 1980 1608 3566 1685">
     <span class='ocr_line' id='line_1_74' title="bbox 1980 1608 3566 1685; baseline 0.011 -28"><span class='ocrx_word' id='word_1_591' title='bbox 1980 1620 2086 1658; x_wconf 90' lang='lat' dir='ltr'><strong>non</strong></span> <span class='ocrx_word' id='word_1_592' title='bbox 2132 1608 2472 1677; x_wconf 86' lang='lat' dir='ltr'><strong>evangelicis,</strong></span> <span class='ocrx_word' id='word_1_593' title='bbox 2503 1626 2607 1665; x_wconf 92' lang='lat' dir='ltr'><strong>non</strong></span> <span class='ocrx_word' id='word_1_594' title='bbox 2635 1613 2962 1683; x_wconf 86' lang='lat' dir='ltr'><strong>prepheticis</strong></span> <span class='ocrx_word' id='word_1_595' title='bbox 2991 1631 3117 1670; x_wconf 88' lang='lat' dir='ltr'><strong>usus</strong></span> <span class='ocrx_word' id='word_1_596' title='bbox 3154 1617 3331 1685; x_wconf 90' lang='lat' dir='ltr'><strong>dictis,</strong></span> <span class='ocrx_word' id='word_1_597' title='bbox 3360 1620 3452 1673; x_wconf 88' lang='lat' dir='ltr'><strong>sed</strong></span> <span class='ocrx_word' id='word_1_598' title='bbox 3485 1623 3566 1674; x_wconf 90' lang='lat' dir='ltr'><strong>iu-</strong></span> 
     </span>
    </p>
   </div>
   <div class='ocr_carea' id='block_1_75' title="bbox 1940 1698 3567 1779">
    <p class='ocr_par' dir='ltr' id='par_1_75' title="bbox 1940 1698 3567 1779">
     <span class='ocr_line' id='line_1_75' title="bbox 1940 1698 3567 1779; baseline 0.01 -30"><span class='ocrx_word' id='word_1_599' title='bbox 1940 1702 1945 1703; x_wconf 62' lang='lat'>’</span> <span class='ocrx_word' id='word_1_600' title='bbox 1978 1698 2299 1766; x_wconf 89' lang='lat' dir='ltr'><strong>scriptione?</strong></span> <span class='ocrx_word' id='word_1_601' title='bbox 2318 1699 2434 1755; x_wconf 85' lang='lat' dir='ltr'><strong>Noli</strong></span> <span class='ocrx_word' id='word_1_602' title='bbox 2456 1716 2605 1771; x_wconf 86' lang='lat' dir='ltr'><strong>ergo,</strong></span> <span class='ocrx_word' id='word_1_603' title='bbox 2630 1705 2925 1769; x_wconf 89' lang='lat' dir='ltr'><strong>carissime,</strong></span> <span class='ocrx_word' id='word_1_604' title='bbox 2944 1705 3244 1763; x_wconf 89' lang='lat' dir='ltr'><strong>divinorum</strong></span> <span class='ocrx_word' id='word_1_605' title='bbox 3263 1711 3567 1779; x_wconf 81' lang='lat' dir='ltr'><strong>inscriptio-</strong></span> 
     </span>
    </p>
   </div>
   <div class='ocr_carea' id='block_1_76' title="bbox 1980 1792 3566 1865">
    <p class='ocr_par' dir='ltr' id='par_1_76' title="bbox 1980 1792 3566 1865">
     <span class='ocr_line' id='line_1_76' title="bbox 1980 1792 3566 1865; baseline 0.01 -22"><span class='ocrx_word' id='word_1_606' title='bbox 1980 1806 2100 1844; x_wconf 91' lang='lat' dir='ltr'><strong>nem</strong></span> <span class='ocrx_word' id='word_1_607' title='bbox 2130 1792 2465 1863; x_wconf 88' lang='lat' dir='ltr'><strong>eloquiorum</strong></span> <span class='ocrx_word' id='word_1_608' title='bbox 2497 1798 2946 1865; x_wconf 66' lang='lat' dir='ltr'><strong>praetermittere:</strong></span> <span class='ocrx_word' id='word_1_609' title='bbox 2978 1816 3100 1856; x_wconf 89' lang='lat' dir='ltr'><strong>nam</strong></span> <span class='ocrx_word' id='word_1_610' title='bbox 3153 1802 3196 1857; x_wconf 89' lang='lat' dir='ltr'><strong>si</strong></span> <span class='ocrx_word' id='word_1_611' title='bbox 3249 1812 3485 1859; x_wconf 91' lang='lat' dir='ltr'><strong>attentus</strong></span> <span class='ocrx_word' id='word_1_612' title='bbox 3514 1814 3566 1859; x_wconf 90' lang='lat' dir='ltr'><strong>et</strong></span> 
     </span>
    </p>
   </div>
   <div class='ocr_carea' id='block_1_77' title="bbox 1976 1882 3560 1966">
    <p class='ocr_par' dir='ltr' id='par_1_77' title="bbox 1976 1882 3560 1966">
     <span class='ocr_line' id='line_1_77' title="bbox 1976 1882 3560 1966; baseline 0.011 -31"><span class='ocrx_word' id='word_1_613' title='bbox 1976 1882 2199 1951; x_wconf 85' lang='lat' dir='ltr'><strong>vigilans</strong></span> <span class='ocrx_word' id='word_1_614' title='bbox 2231 1883 2419 1952; x_wconf 90' lang='lat' dir='ltr'><strong>fueris,</strong></span> <span class='ocrx_word' id='word_1_615' title='bbox 2450 1888 2609 1942; x_wconf 91' lang='lat' dir='ltr'><strong>etiam</strong></span> <span class='ocrx_word' id='word_1_616' title='bbox 2642 1890 2695 1943; x_wconf 91' lang='lat' dir='ltr'><strong>in</strong></span> <span class='ocrx_word' id='word_1_617' title='bbox 2721 1890 2912 1946; x_wconf 89' lang='lat' dir='ltr'><strong>alienis</strong></span> <span class='ocrx_word' id='word_1_618' title='bbox 2942 1894 3072 1947; x_wconf 90' lang='lat' dir='ltr'><strong>utile</strong></span> <span class='ocrx_word' id='word_1_619' title='bbox 3097 1894 3368 1966; x_wconf 89' lang='lat' dir='ltr'><strong>quidpiam</strong></span> <span class='ocrx_word' id='word_1_620' title='bbox 3396 1897 3560 1953; x_wconf 77' lang='lat' dir='ltr'><strong>oﬂ‘cn-</strong></span> 
     </span>
    </p>
   </div>
   <div class='ocr_carea' id='block_1_78' title="bbox 1977 1973 3566 2063">
    <p class='ocr_par' dir='ltr' id='par_1_78' title="bbox 1977 1973 3566 2063">
     <span class='ocr_line' id='line_1_78' title="bbox 1977 1973 3566 2063; baseline 0.012 -35"><span class='ocrx_word' id='word_1_621' title='bbox 1977 1973 2072 2029; x_wconf 89' lang='lat' dir='ltr'><strong>des</strong></span> <span class='ocrx_word' id='word_1_622' title='bbox 2106 1994 2119 2028; x_wconf 89' lang='lat'><strong>:</strong></span> <span class='ocrx_word' id='word_1_623' title='bbox 2152 1977 2231 2030; x_wconf 91' lang='lat' dir='ltr'><strong>sio</strong></span> <span class='ocrx_word' id='word_1_624' title='bbox 2255 1989 2434 2034; x_wconf 88' lang='lat' dir='ltr'><strong>autem</strong></span> <span class='ocrx_word' id='word_1_625' title='bbox 2467 1981 2741 2053; x_wconf 86' lang='lat' dir='ltr'><strong>negligens</strong></span> <span class='ocrx_word' id='word_1_626' title='bbox 2789 1998 2853 2039; x_wconf 91' lang='lat' dir='ltr'><strong>ac</strong></span> <span class='ocrx_word' id='word_1_627' title='bbox 2878 1987 3164 2053; x_wconf 89' lang='lat' dir='ltr'><strong>remissus,</strong></span> <span class='ocrx_word' id='word_1_628' title='bbox 3195 2005 3264 2045; x_wconf 89' lang='lat' dir='ltr'><strong>ne</strong></span> <span class='ocrx_word' id='word_1_629' title='bbox 3291 1992 3420 2062; x_wconf 75' lang='lat' dir='ltr'><strong>ipsa:</strong></span> <span class='ocrx_word' id='word_1_630' title='bbox 3445 1992 3566 2063; x_wconf 91' lang='lat' dir='ltr'><strong>qui-</strong></span> 
     </span>
    </p>
   </div>
   <div class='ocr_carea' id='block_1_79' title="bbox 1976 2067 3567 2153">
    <p class='ocr_par' dir='ltr' id='par_1_79' title="bbox 1976 2067 3567 2153">
     <span class='ocr_line' id='line_1_79' title="bbox 1976 2067 3567 2153; baseline 0.011 -32"><span class='ocrx_word' id='word_1_631' title='bbox 1976 2067 2096 2122; x_wconf 85' lang='lat' dir='ltr'><strong>dem</strong></span> <span class='ocrx_word' id='word_1_632' title='bbox 2121 2069 2211 2124; x_wconf 92' lang='lat' dir='ltr'><strong>tibi</strong></span> <span class='ocrx_word' id='word_1_633' title='bbox 2233 2085 2400 2126; x_wconf 73' lang='lat' dir='ltr'><strong>sacra:</strong></span> <span class='ocrx_word' id='word_1_634' title='bbox 2424 2071 2616 2128; x_wconf 72' lang='lat' dir='ltr'><strong>Literre</strong></span> <span class='ocrx_word' id='word_1_635' title='bbox 2646 2075 2903 2145; x_wconf 89' lang='lat' dir='ltr'><strong>prodesse</strong></span> <span class='ocrx_word' id='word_1_636' title='bbox 2929 2087 3195 2147; x_wconf 91' lang='lat' dir='ltr'><strong>poterunt.</strong></span> <span class='ocrx_word' id='word_1_637' title='bbox 3222 2079 3354 2136; x_wconf 87' lang='lat' dir='ltr'><strong>Nam</strong></span> <span class='ocrx_word' id='word_1_638' title='bbox 3376 2097 3567 2153; x_wconf 87' lang='lat' dir='ltr'><strong>quem-</strong></span> 
     </span>
    </p>
   </div>
   <div class='ocr_carea' id='block_1_80' title="bbox 1976 2157 3567 2243">
    <p class='ocr_par' dir='ltr' id='par_1_80' title="bbox 1976 2157 3567 2243">
     <span class='ocr_line' id='line_1_80' title="bbox 1976 2157 3567 2243; baseline 0.013 -33"><span class='ocrx_word' id='word_1_639' title='bbox 1976 2157 2263 2213; x_wconf 90' lang='lat' dir='ltr'><strong>admodum</strong></span> <span class='ocrx_word' id='word_1_640' title='bbox 2293 2163 2381 2231; x_wconf 93' lang='lat' dir='ltr'><strong>qui</strong></span> <span class='ocrx_word' id='word_1_641' title='bbox 2435 2163 2579 2219; x_wconf 86' lang='lat' dir='ltr'><strong>lucra</strong></span> <span class='ocrx_word' id='word_1_642' title='bbox 2622 2166 2769 2221; x_wconf 91' lang='lat' dir='ltr'><strong>novit</strong></span> <span class='ocrx_word' id='word_1_643' title='bbox 2807 2168 3058 2239; x_wconf 87' lang='lat' dir='ltr'><strong>colligere</strong></span> <span class='ocrx_word' id='word_1_644' title='bbox 3083 2211 3099 2237; x_wconf 91' lang='lat'><strong>,</strong></span> <span class='ocrx_word' id='word_1_645' title='bbox 3145 2172 3380 2243; x_wconf 89' lang='lat' dir='ltr'><strong>undique</strong></span> <span class='ocrx_word' id='word_1_646' title='bbox 3420 2175 3567 2231; x_wconf 85' lang='lat' dir='ltr'><strong>lucra</strong></span> 
     </span>
    </p>
   </div>
   <div class='ocr_carea' id='block_1_81' title="bbox 1975 2249 3565 2332">
    <p class='ocr_par' dir='ltr' id='par_1_81' title="bbox 1975 2249 3565 2332">
     <span class='ocr_line' id='line_1_81' title="bbox 1975 2249 3565 2332; baseline 0.011 -28"><span class='ocrx_word' id='word_1_647' title='bbox 1975 2249 2181 2321; x_wconf 80' lang='lat' dir='ltr'><strong>Colligit</strong></span> <span class='ocrx_word' id='word_1_648' title='bbox 2211 2268 2226 2306; x_wconf 89' lang='lat'><strong>:</strong></span> <span class='ocrx_word' id='word_1_649' title='bbox 2257 2252 2331 2307; x_wconf 88' lang='lat' dir='ltr'><strong>ita</strong></span> <span class='ocrx_word' id='word_1_650' title='bbox 2354 2263 2409 2308; x_wconf 91' lang='lat' dir='ltr'><strong>et</strong></span> <span class='ocrx_word' id='word_1_651' title='bbox 2431 2254 2475 2308; x_wconf 94' lang='lat' dir='ltr'><strong>is</strong></span> <span class='ocrx_word' id='word_1_652' title='bbox 2513 2255 2608 2326; x_wconf 90' lang='lat' dir='ltr'><strong>qui</strong></span> <span class='ocrx_word' id='word_1_653' title='bbox 2634 2258 2854 2313; x_wconf 91' lang='lat' dir='ltr'><strong>minime</strong></span> <span class='ocrx_word' id='word_1_654' title='bbox 2884 2261 3051 2327; x_wconf 89' lang='lat' dir='ltr'><strong>novit,</strong></span> <span class='ocrx_word' id='word_1_655' title='bbox 3075 2264 3319 2332; x_wconf 88' lang='lat' dir='ltr'><strong>quamvis</strong></span> <span class='ocrx_word' id='word_1_656' title='bbox 3348 2264 3565 2322; x_wconf 87' lang='lat' dir='ltr'><strong>thesau-</strong></span> 
     </span>
    </p>
   </div>
   <div class='ocr_carea' id='block_1_82' title="bbox 1976 2344 3569 2414">
    <p class='ocr_par' dir='ltr' id='par_1_82' title="bbox 1976 2344 3569 2414">
     <span class='ocr_line' id='line_1_82' title="bbox 1976 2344 3569 2414; baseline 0.013 -20"><span class='ocrx_word' id='word_1_657' title='bbox 1976 2356 2092 2396; x_wconf 89' lang='lat' dir='ltr'><strong>rum</strong></span> <span class='ocrx_word' id='word_1_658' title='bbox 2117 2344 2397 2412; x_wconf 90' lang='lat' dir='ltr'><strong>invenerit,</strong></span> <span class='ocrx_word' id='word_1_659' title='bbox 2429 2348 2603 2402; x_wconf 90' lang='lat' dir='ltr'><strong>inauis</strong></span> <span class='ocrx_word' id='word_1_660' title='bbox 2628 2350 2847 2405; x_wconf 86' lang='lat' dir='ltr'><strong>recedit.</strong></span> <span class='ocrx_word' id='word_1_661' title='bbox 2876 2351 3047 2408; x_wconf 88' lang='lat' dir='ltr'><strong>Vultis</strong></span> <span class='ocrx_word' id='word_1_662' title='bbox 3067 2364 3121 2409; x_wconf 93' lang='lat' dir='ltr'><strong>et</strong></span> <span class='ocrx_word' id='word_1_663' title='bbox 3147 2356 3371 2411; x_wconf 88' lang='lat' dir='ltr'><strong>alterum</strong></span> <span class='ocrx_word' id='word_1_664' title='bbox 3395 2360 3569 2414; x_wconf 87' lang='lat' dir='ltr'><strong>simile</strong></span> 
     </span>
    </p>
   </div>
   <div class='ocr_carea' id='block_1_83' title="bbox 1977 2441 3566 2523">
    <p class='ocr_par' dir='ltr' id='par_1_83' title="bbox 1977 2441 3566 2523">
     <span class='ocr_line' id='line_1_83' title="bbox 1977 2441 3566 2523; baseline 0.011 -33"><span class='ocrx_word' id='word_1_665' title='bbox 1977 2448 2349 2507; x_wconf 89' lang='lat' dir='ltr'><strong>argumentum</strong></span> <span class='ocrx_word' id='word_1_666' title='bbox 2378 2441 2429 2494; x_wconf 93' lang='lat' dir='ltr'><strong>in</strong></span> <span class='ocrx_word' id='word_1_667' title='bbox 2468 2441 2705 2497; x_wconf 90' lang='lat' dir='ltr'><strong>medium</strong></span> <span class='ocrx_word' id='word_1_668' title='bbox 2735 2443 2977 2511; x_wconf 77' lang='lat' dir='ltr'><strong>aﬂ&#39;eram,</strong></span> <span class='ocrx_word' id='word_1_669' title='bbox 3005 2448 3145 2517; x_wconf 91' lang='lat' dir='ltr'><strong>quod</strong></span> <span class='ocrx_word' id='word_1_670' title='bbox 3186 2450 3322 2505; x_wconf 90' lang='lat' dir='ltr'><strong>alius</strong></span> <span class='ocrx_word' id='word_1_671' title='bbox 3349 2452 3566 2523; x_wconf 90' lang='lat' dir='ltr'><strong>quidem</strong></span> 
     </span>
    </p>
   </div>
   <div class='ocr_carea' id='block_1_84' title="bbox 1978 2528 3569 2614">
    <p class='ocr_par' dir='ltr' id='par_1_84' title="bbox 1978 2528 3569 2614">
     <span class='ocr_line' id='line_1_84' title="bbox 1978 2528 3569 2614; baseline 0.011 -33"><span class='ocrx_word' id='word_1_672' title='bbox 1978 2528 2087 2582; x_wconf 91' lang='lat' dir='ltr'><strong>alio</strong></span> <span class='ocrx_word' id='word_1_673' title='bbox 2114 2542 2276 2583; x_wconf 85' lang='lat' dir='ltr'><strong>sensu</strong></span> <span class='ocrx_word' id='word_1_674' title='bbox 2323 2533 2564 2602; x_wconf 86' lang='lat' dir='ltr'><strong>protulit,</strong></span> <span class='ocrx_word' id='word_1_675' title='bbox 2592 2533 2689 2589; x_wconf 86' lang='lat' dir='ltr'><strong>sed</strong></span> <span class='ocrx_word' id='word_1_676' title='bbox 2728 2538 3051 2605; x_wconf 85' lang='lat' dir='ltr'><strong>evangelista</strong></span> <span class='ocrx_word' id='word_1_677' title='bbox 3083 2540 3188 2595; x_wconf 90' lang='lat' dir='ltr'><strong>vim</strong></span> <span class='ocrx_word' id='word_1_678' title='bbox 3233 2556 3419 2597; x_wconf 90' lang='lat' dir='ltr'><strong>eorum</strong></span> <span class='ocrx_word' id='word_1_679' title='bbox 3449 2560 3569 2614; x_wconf 70' lang='lat' dir='ltr'><strong>quze</strong></span> 
     </span>
    </p>
   </div>
   <div class='ocr_carea' id='block_1_85' title="bbox 1976 2617 3564 2701">
    <p class='ocr_par' dir='ltr' id='par_1_85' title="bbox 1976 2617 3564 2701">
     <span class='ocr_line' id='line_1_85' title="bbox 1976 2617 3564 2701; baseline 0.011 -30"><span class='ocrx_word' id='word_1_680' title='bbox 1976 2617 2117 2672; x_wconf 87' lang='lat' dir='ltr'><strong>dicta</strong></span> <span class='ocrx_word' id='word_1_681' title='bbox 2166 2620 2366 2675; x_wconf 86' lang='lat' dir='ltr'><strong>fuerant</strong></span> <span class='ocrx_word' id='word_1_682' title='bbox 2397 2622 2462 2677; x_wconf 87' lang='lat' dir='ltr'><strong>ad</strong></span> <span class='ocrx_word' id='word_1_683' title='bbox 2490 2639 2548 2679; x_wconf 90' lang='lat' dir='ltr'><strong>se</strong></span> <span class='ocrx_word' id='word_1_684' title='bbox 2577 2624 2850 2682; x_wconf 73' lang='lat' dir='ltr'><strong>traduxit?</strong></span> <span class='ocrx_word' id='word_1_685' title='bbox 2882 2626 3062 2698; x_wconf 89' lang='lat' dir='ltr'><strong>Itaque</strong></span> <span class='ocrx_word' id='word_1_686' title='bbox 3081 2629 3365 2701; x_wconf 90' lang='lat' dir='ltr'><strong>diligenter</strong></span> <span class='ocrx_word' id='word_1_687' title='bbox 3388 2644 3564 2689; x_wconf 85' lang='lat' dir='ltr'><strong>atten-</strong></span> 
     </span>
    </p>
   </div>
   <div class='ocr_carea' id='block_1_86' title="bbox 1975 2708 3565 2783">
    <p class='ocr_par' dir='ltr' id='par_1_86' title="bbox 1975 2708 3565 2783">
     <span class='ocr_line' id='line_1_86' title="bbox 1975 2708 3565 2783; baseline 0.013 -22"><span class='ocrx_word' id='word_1_688' title='bbox 1975 2708 2105 2774; x_wconf 91' lang='lat' dir='ltr'><strong>dite,</strong></span> <span class='ocrx_word' id='word_1_689' title='bbox 2139 2720 2199 2764; x_wconf 92' lang='lat' dir='ltr'><strong>ut</strong></span> <span class='ocrx_word' id='word_1_690' title='bbox 2221 2710 2369 2766; x_wconf 88' lang='lat' dir='ltr'><strong>illum</strong></span> <span class='ocrx_word' id='word_1_691' title='bbox 2395 2728 2607 2783; x_wconf 86' lang='lat' dir='ltr'><strong>quoque</strong></span> <span class='ocrx_word' id='word_1_692' title='bbox 2632 2716 2852 2772; x_wconf 86' lang='lat' dir='ltr'><strong>discatis</strong></span> <span class='ocrx_word' id='word_1_693' title='bbox 2869 2721 3198 2775; x_wconf 88' lang='lat' dir='ltr'><strong>intellectum</strong></span> <span class='ocrx_word' id='word_1_694' title='bbox 3223 2723 3291 2778; x_wconf 88' lang='lat' dir='ltr'><strong>ad</strong></span> <span class='ocrx_word' id='word_1_695' title='bbox 3312 2726 3565 2781; x_wconf 89' lang='lat' dir='ltr'><strong>obedien-</strong></span> 
     </span>
    </p>
   </div>
   <div class='ocr_carea' id='block_1_87' title="bbox 1976 2798 3561 2891">
    <p class='ocr_par' dir='ltr' id='par_1_87' title="bbox 1976 2798 3561 2891">
     <span class='ocr_line' id='line_1_87' title="bbox 1976 2798 3561 2891; baseline 0.014 -39"><span class='ocrx_word' id='word_1_696' title='bbox 1976 2798 2102 2854; x_wconf 89' lang='lat' dir='ltr'><strong>dum</strong></span> <span class='ocrx_word' id='word_1_697' title='bbox 2129 2798 2343 2857; x_wconf 90' lang='lat' dir='ltr'><strong>Christo</strong></span> <span class='ocrx_word' id='word_1_698' title='bbox 2370 2803 2423 2858; x_wconf 93' lang='lat' dir='ltr'><strong>iu</strong></span> <span class='ocrx_word' id='word_1_699' title='bbox 2446 2807 2804 2875; x_wconf 87' lang='lat' dir='ltr'><strong>captivitatem</strong></span> <span class='ocrx_word' id='word_1_700' title='bbox 2819 2812 3085 2881; x_wconf 87' lang='lat' dir='ltr'><strong>redegisse</strong></span> <span class='ocrx_word' id='word_1_701' title='bbox 3108 2812 3184 2885; x_wconf 74' lang='grc'><strong>(2.</strong></span> <span class='ocrx_word' id='word_1_702' title='bbox 3205 2812 3326 2871; x_wconf 85' lang='lat' dir='ltr'><strong>Cor.</strong></span> <span class='ocrx_word' id='word_1_703' title='bbox 3356 2817 3444 2871; x_wconf 80' lang='grc'><strong>10.</strong></span> <span class='ocrx_word' id='word_1_704' title='bbox 3474 2818 3561 2891; x_wconf 83' lang='lat'><strong>5):</strong></span> 
     </span>
    </p>
   </div>
   <div class='ocr_carea' id='block_1_88' title="bbox 1977 2891 3561 2973">
    <p class='ocr_par' dir='ltr' id='par_1_88' title="bbox 1977 2891 3561 2973">
     <span class='ocr_line' id='line_1_88' title="bbox 1977 2891 3561 2973; baseline 0.013 -30"><span class='ocrx_word' id='word_1_705' title='bbox 1977 2899 2034 2944; x_wconf 94' lang='lat' dir='ltr'><strong>ut</strong></span> <span class='ocrx_word' id='word_1_706' title='bbox 2061 2891 2303 2960; x_wconf 89' lang='lat' dir='ltr'><strong>discatis,</strong></span> <span class='ocrx_word' id='word_1_707' title='bbox 2335 2894 2379 2948; x_wconf 92' lang='lat' dir='ltr'><strong>si</strong></span> <span class='ocrx_word' id='word_1_708' title='bbox 2427 2896 2601 2951; x_wconf 88' lang='lat' dir='ltr'><strong>aliena</strong></span> <span class='ocrx_word' id='word_1_709' title='bbox 2630 2913 2913 2968; x_wconf 87' lang='lat' dir='ltr'><strong>possumus</strong></span> <span class='ocrx_word' id='word_1_710' title='bbox 2941 2903 2992 2956; x_wconf 93' lang='lat' dir='ltr'><strong>in</strong></span> <span class='ocrx_word' id='word_1_711' title='bbox 3022 2905 3384 2973; x_wconf 86' lang='lat' dir='ltr'><strong>captivitatem</strong></span> <span class='ocrx_word' id='word_1_712' title='bbox 3415 2909 3561 2962; x_wconf 90' lang='lat' dir='ltr'><strong>redi-</strong></span> 
     </span>
    </p>
   </div>
   <div class='ocr_carea' id='block_1_89' title="bbox 1972 2983 3565 3069">
    <p class='ocr_par' dir='ltr' id='par_1_89' title="bbox 1972 2983 3565 3069">
     <span class='ocr_line' id='line_1_89' title="bbox 1972 2983 3565 3069; baseline 0.011 -33"><span class='ocrx_word' id='word_1_713' title='bbox 1972 2995 2121 3050; x_wconf 89' lang='lat' dir='ltr'><strong>gere,</strong></span> <span class='ocrx_word' id='word_1_714' title='bbox 2151 2983 2319 3039; x_wconf 91' lang='lat' dir='ltr'><strong>multo</strong></span> <span class='ocrx_word' id='word_1_715' title='bbox 2341 2986 2510 3057; x_wconf 88' lang='lat' dir='ltr'><strong>magis</strong></span> <span class='ocrx_word' id='word_1_716' title='bbox 2535 3002 2634 3043; x_wconf 94' lang='lat' dir='ltr'><strong>nos</strong></span> <span class='ocrx_word' id='word_1_717' title='bbox 2657 2990 2709 3043; x_wconf 94' lang='lat' dir='ltr'><strong>in</strong></span> <span class='ocrx_word' id='word_1_718' title='bbox 2756 2992 2983 3061; x_wconf 85' lang='lat' dir='ltr'><strong>propriis</strong></span> <span class='ocrx_word' id='word_1_719' title='bbox 3008 3000 3385 3065; x_wconf 90' lang='lat' dir='ltr'><strong>negotiaturos,</strong></span> <span class='ocrx_word' id='word_1_720' title='bbox 3418 3015 3565 3069; x_wconf 80' lang='lat' dir='ltr'><strong>qua:-</strong></span> 
     </span>
    </p>
   </div>
   <div class='ocr_carea' id='block_1_90' title="bbox 1975 3076 3561 3162">
    <p class='ocr_par' dir='ltr' id='par_1_90' title="bbox 1975 3076 3561 3162">
     <span class='ocr_line' id='line_1_90' title="bbox 1975 3076 3561 3162; baseline 0.011 -33"><span class='ocrx_word' id='word_1_721' title='bbox 1975 3083 2223 3146; x_wconf 88' lang='lat' dir='ltr'><strong>stumque</strong></span> <span class='ocrx_word' id='word_1_722' title='bbox 2249 3076 2504 3137; x_wconf 86' lang='lat' dir='ltr'><strong>facturos.</strong></span> <span class='ocrx_word' id='word_1_723' title='bbox 2532 3080 2780 3138; x_wconf 82' lang='lat' dir='ltr'><strong>Pontifex</strong></span> <span class='ocrx_word' id='word_1_724' title='bbox 2812 3096 2929 3140; x_wconf 90' lang='lat' dir='ltr'><strong>erat</strong></span> <span class='ocrx_word' id='word_1_725' title='bbox 2974 3088 3101 3142; x_wconf 90' lang='lat' dir='ltr'><strong>anui</strong></span> <span class='ocrx_word' id='word_1_726' title='bbox 3129 3089 3270 3144; x_wconf 91' lang='lat' dir='ltr'><strong>illius</strong></span> <span class='ocrx_word' id='word_1_727' title='bbox 3295 3090 3524 3162; x_wconf 84' lang='lat' dir='ltr'><strong>Caiphas</strong></span> <span class='ocrx_word' id='word_1_728' title='bbox 3548 3112 3561 3147; x_wconf 90' lang='lat'><strong>:</strong></span> 
     </span>
    </p>
   </div>
   <div class='ocr_carea' id='block_1_91' title="bbox 1975 3169 3567 3259">
    <p class='ocr_par' dir='ltr' id='par_1_91' title="bbox 1975 3169 3567 3259">
     <span class='ocr_line' id='line_1_91' title="bbox 1975 3169 3567 3259; baseline 0.014 -38"><span class='ocrx_word' id='word_1_729' title='bbox 1975 3182 2098 3223; x_wconf 88' lang='lat' dir='ltr'><strong>nam</strong></span> <span class='ocrx_word' id='word_1_730' title='bbox 2121 3178 2174 3223; x_wconf 90' lang='lat' dir='ltr'><strong>et</strong></span> <span class='ocrx_word' id='word_1_731' title='bbox 2204 3169 2307 3225; x_wconf 89' lang='lat' dir='ltr'><strong>hoc</strong></span> <span class='ocrx_word' id='word_1_732' title='bbox 2326 3172 2426 3226; x_wconf 91' lang='lat' dir='ltr'><strong>fuit</strong></span> <span class='ocrx_word' id='word_1_733' title='bbox 2448 3172 2682 3230; x_wconf 67' lang='lat' dir='ltr'><strong>Judaicte</strong></span> <span class='ocrx_word' id='word_1_734' title='bbox 2701 3178 3055 3248; x_wconf 88' lang='lat' dir='ltr'><strong>improbitatis</strong></span> <span class='ocrx_word' id='word_1_735' title='bbox 3087 3184 3373 3253; x_wconf 89' lang='lat' dir='ltr'><strong>:quoniam</strong></span> <span class='ocrx_word' id='word_1_736' title='bbox 3400 3186 3567 3259; x_wconf 80' lang='lat' dir='ltr'><strong>digni-</strong></span> 
     </span>
    </p>
   </div>
   <div class='ocr_carea' id='block_1_92' title="bbox 1976 3265 3565 3343">
    <p class='ocr_par' dir='ltr' id='par_1_92' title="bbox 1976 3265 3565 3343">
     <span class='ocr_line' id='line_1_92' title="bbox 1976 3265 3565 3343; baseline 0.014 -28"><span class='ocrx_word' id='word_1_737' title='bbox 1976 3268 2138 3316; x_wconf 88' lang='lat' dir='ltr'><strong>tatem</strong></span> <span class='ocrx_word' id='word_1_738' title='bbox 2183 3265 2569 3322; x_wconf 88' lang='lat' dir='ltr'><strong>sacerdotalem</strong></span> <span class='ocrx_word' id='word_1_739' title='bbox 2601 3268 2736 3325; x_wconf 91' lang='lat' dir='ltr'><strong>adeo</strong></span> <span class='ocrx_word' id='word_1_740' title='bbox 2788 3271 3145 3343; x_wconf 88' lang='lat' dir='ltr'><strong>deturpabant</strong></span> <span class='ocrx_word' id='word_1_741' title='bbox 3174 3318 3191 3343; x_wconf 91' lang='lat'><strong>,</strong></span> <span class='ocrx_word' id='word_1_742' title='bbox 3247 3287 3304 3333; x_wconf 92' lang='lat' dir='ltr'><strong>ut</strong></span> <span class='ocrx_word' id='word_1_743' title='bbox 3349 3282 3565 3337; x_wconf 84' lang='lat' dir='ltr'><strong>venales</strong></span> 
     </span>
    </p>
   </div>
   <div class='ocr_carea' id='block_1_93' title="bbox 1979 3357 3563 3439">
    <p class='ocr_par' dir='ltr' id='par_1_93' title="bbox 1979 3357 3563 3439">
     <span class='ocr_line' id='line_1_93' title="bbox 1979 3357 3563 3439; baseline 0.014 -31"><span class='ocrx_word' id='word_1_744' title='bbox 1979 3357 2257 3425; x_wconf 86' lang='lat' dir='ltr'><strong>pontifices</strong></span> <span class='ocrx_word' id='word_1_745' title='bbox 2292 3359 2602 3416; x_wconf 90' lang='lat' dir='ltr'><strong>redderent.</strong></span> <span class='ocrx_word' id='word_1_746' title='bbox 2652 3363 2822 3417; x_wconf 89' lang='lat' dir='ltr'><strong>Antea</strong></span> <span class='ocrx_word' id='word_1_747' title='bbox 2849 3381 2976 3420; x_wconf 90' lang='lat' dir='ltr'><strong>vero</strong></span> <span class='ocrx_word' id='word_1_748' title='bbox 3007 3383 3112 3422; x_wconf 95' lang='lat' dir='ltr'><strong>non</strong></span> <span class='ocrx_word' id='word_1_749' title='bbox 3137 3370 3208 3423; x_wconf 89' lang='lat' dir='ltr'><strong>ita</strong></span> <span class='ocrx_word' id='word_1_750' title='bbox 3239 3371 3417 3439; x_wconf 87' lang='lat' dir='ltr'><strong>fiebat,</strong></span> <span class='ocrx_word' id='word_1_751' title='bbox 3467 3376 3563 3430; x_wconf 87' lang='lat' dir='ltr'><strong>sed</strong></span> 
     </span>
    </p>
   </div>
   <div class='ocr_carea' id='block_1_94' title="bbox 1974 3448 3563 3521">
    <p class='ocr_par' dir='ltr' id='par_1_94' title="bbox 1974 3448 3563 3521">
     <span class='ocr_line' id='line_1_94' title="bbox 1974 3448 3563 3521; baseline 0.011 -19"><span class='ocrx_word' id='word_1_752' title='bbox 1974 3448 2087 3502; x_wconf 92' lang='lat' dir='ltr'><strong>sola</strong></span> <span class='ocrx_word' id='word_1_753' title='bbox 2119 3457 2290 3503; x_wconf 88' lang='lat' dir='ltr'><strong>morte</strong></span> <span class='ocrx_word' id='word_1_754' title='bbox 2322 3450 2590 3519; x_wconf 84' lang='lat' dir='ltr'><strong>pontificis</strong></span> <span class='ocrx_word' id='word_1_755' title='bbox 2622 3454 2978 3511; x_wconf 91' lang='lat' dir='ltr'><strong>sacerdotium</strong></span> <span class='ocrx_word' id='word_1_756' title='bbox 3004 3461 3386 3517; x_wconf 87' lang='lat' dir='ltr'><strong>terminabatur</strong></span> <span class='ocrx_word' id='word_1_757' title='bbox 3412 3482 3425 3519; x_wconf 92' lang='lat'><strong>:</strong></span> <span class='ocrx_word' id='word_1_758' title='bbox 3450 3474 3563 3521; x_wconf 92' lang='lat' dir='ltr'><strong>tum</strong></span> 
     </span>
    </p>
   </div>
   <div class='ocr_carea' id='block_1_95' title="bbox 1976 3540 3565 3626">
    <p class='ocr_par' dir='ltr' id='par_1_95' title="bbox 1976 3540 3565 3626">
     <span class='ocr_line' id='line_1_95' title="bbox 1976 3540 3565 3626; baseline 0.013 -34"><span class='ocrx_word' id='word_1_759' title='bbox 1976 3553 2104 3593; x_wconf 92' lang='lat' dir='ltr'><strong>vero</strong></span> <span class='ocrx_word' id='word_1_760' title='bbox 2134 3540 2293 3594; x_wconf 91' lang='lat' dir='ltr'><strong>etiam</strong></span> <span class='ocrx_word' id='word_1_761' title='bbox 2322 3544 2561 3599; x_wconf 90' lang='lat' dir='ltr'><strong>viventes</strong></span> <span class='ocrx_word' id='word_1_762' title='bbox 2590 3544 2794 3602; x_wconf 88' lang='lat' dir='ltr'><strong>honore</strong></span> <span class='ocrx_word' id='word_1_763' title='bbox 2821 3561 2882 3601; x_wconf 91' lang='lat' dir='ltr'><strong>se</strong></span> <span class='ocrx_word' id='word_1_764' title='bbox 2918 3549 3255 3606; x_wconf 88' lang='lat' dir='ltr'><strong>abdicabant.</strong></span> <span class='ocrx_word' id='word_1_765' title='bbox 3305 3553 3439 3608; x_wconf 90' lang='lat' dir='ltr'><strong>Cum</strong></span> <span class='ocrx_word' id='word_1_766' title='bbox 3469 3556 3565 3626; x_wconf 88' lang='lat' dir='ltr'><strong>igi-</strong></span> 
     </span>
    </p>
   </div>
   <div class='ocr_carea' id='block_1_96' title="bbox 1978 3631 3566 3709">
    <p class='ocr_par' dir='ltr' id='par_1_96' title="bbox 1978 3631 3566 3709">
     <span class='ocr_line' id='line_1_96' title="bbox 1978 3631 3566 3709; baseline 0.012 -25"><span class='ocrx_word' id='word_1_767' title='bbox 1978 3640 2061 3685; x_wconf 92' lang='lat' dir='ltr'><strong>tur</strong></span> <span class='ocrx_word' id='word_1_768' title='bbox 2083 3631 2224 3685; x_wconf 91' lang='lat' dir='ltr'><strong>illius</strong></span> <span class='ocrx_word' id='word_1_769' title='bbox 2252 3633 2376 3688; x_wconf 91' lang='lat' dir='ltr'><strong>anni</strong></span> <span class='ocrx_word' id='word_1_770' title='bbox 2408 3635 2646 3705; x_wconf 83' lang='lat' dir='ltr'><strong>pontifex</strong></span> <span class='ocrx_word' id='word_1_771' title='bbox 2672 3645 2819 3693; x_wconf 90' lang='lat' dir='ltr'><strong>esset</strong></span> <span class='ocrx_word' id='word_1_772' title='bbox 2846 3638 3096 3709; x_wconf 89' lang='lat' dir='ltr'><strong>Caiphas,</strong></span> <span class='ocrx_word' id='word_1_773' title='bbox 3128 3641 3344 3699; x_wconf 75' lang='lat' dir='ltr'><strong>Judzcos</strong></span> <span class='ocrx_word' id='word_1_774' title='bbox 3377 3647 3566 3702; x_wconf 85' lang='lat' dir='ltr'><strong>adver-</strong></span> 
     </span>
    </p>
   </div>
   <div class='ocr_carea' id='block_1_97' title="bbox 1975 3722 3563 3808">
    <p class='ocr_par' dir='ltr' id='par_1_97' title="bbox 1975 3722 3563 3808">
     <span class='ocr_line' id='line_1_97' title="bbox 1975 3722 3563 3808; baseline 0.009 -31"><span class='ocrx_word' id='word_1_775' title='bbox 1975 3736 2067 3777; x_wconf 89' lang='lat' dir='ltr'><strong>sus</strong></span> <span class='ocrx_word' id='word_1_776' title='bbox 2095 3722 2366 3779; x_wconf 86' lang='lat' dir='ltr'><strong>Christum</strong></span> <span class='ocrx_word' id='word_1_777' title='bbox 2395 3727 2638 3782; x_wconf 88' lang='lat' dir='ltr'><strong>armabat</strong></span> <span class='ocrx_word' id='word_1_778' title='bbox 2686 3742 2750 3783; x_wconf 90' lang='lat' dir='ltr'><strong>ac</strong></span> <span class='ocrx_word' id='word_1_779' title='bbox 2776 3728 2992 3785; x_wconf 87' lang='lat' dir='ltr'><strong>dicebat</strong></span> <span class='ocrx_word' id='word_1_780' title='bbox 3019 3749 3034 3786; x_wconf 93' lang='lat'><strong>:</strong></span> <span class='ocrx_word' id='word_1_781' title='bbox 3061 3732 3214 3788; x_wconf 86' lang='lat' dir='ltr'><strong>Hunc</strong></span> <span class='ocrx_word' id='word_1_782' title='bbox 3242 3738 3377 3791; x_wconf 84' lang='lat' dir='ltr'><strong>inuri</strong></span> <span class='ocrx_word' id='word_1_783' title='bbox 3404 3753 3563 3808; x_wconf 89' lang='lat' dir='ltr'><strong>opor-</strong></span> 
     </span>
    </p>
   </div>
   <div class='ocr_carea' id='block_1_98' title="bbox 1977 3818 3563 3896">
    <p class='ocr_par' dir='ltr' id='par_1_98' title="bbox 1977 3818 3563 3896">
     <span class='ocr_line' id='line_1_98' title="bbox 1977 3818 3563 3896; baseline 0.011 -28"><span class='ocrx_word' id='word_1_784' title='bbox 1977 3823 2051 3869; x_wconf 90' lang='lat' dir='ltr'><strong>tet</strong></span> <span class='ocrx_word' id='word_1_785' title='bbox 2078 3830 2236 3871; x_wconf 92' lang='lat' dir='ltr'><strong>:cum</strong></span> <span class='ocrx_word' id='word_1_786' title='bbox 2263 3826 2443 3871; x_wconf 90' lang='lat' dir='ltr'><strong>tamen</strong></span> <span class='ocrx_word' id='word_1_787' title='bbox 2472 3818 2605 3872; x_wconf 90' lang='lat' dir='ltr'><strong>nihil</strong></span> <span class='ocrx_word' id='word_1_788' title='bbox 2635 3820 2858 3876; x_wconf 88' lang='lat' dir='ltr'><strong>haberet</strong></span> <span class='ocrx_word' id='word_1_789' title='bbox 2882 3823 3023 3893; x_wconf 90' lang='lat' dir='ltr'><strong>quod</strong></span> <span class='ocrx_word' id='word_1_790' title='bbox 3054 3825 3103 3879; x_wconf 90' lang='lat' dir='ltr'><strong>ei</strong></span> <span class='ocrx_word' id='word_1_791' title='bbox 3152 3825 3428 3896; x_wconf 91' lang='lat' dir='ltr'><strong>objiceret,</strong></span> <span class='ocrx_word' id='word_1_792' title='bbox 3468 3833 3563 3885; x_wconf 91' lang='lat' dir='ltr'><strong>sed</strong></span> 
     </span>
    </p>
   </div>
   <div class='ocr_carea' id='block_1_99' title="bbox 1975 3907 3563 3985">
    <p class='ocr_par' dir='ltr' id='par_1_99' title="bbox 1975 3907 3563 3985">
     <span class='ocr_line' id='line_1_99' title="bbox 1975 3907 3563 3985; baseline 0.009 -24"><span class='ocrx_word' id='word_1_793' title='bbox 1975 3907 2171 3962; x_wconf 90' lang='lat' dir='ltr'><strong>invidia</strong></span> <span class='ocrx_word' id='word_1_794' title='bbox 2193 3909 2367 3963; x_wconf 93' lang='lat' dir='ltr'><strong>solum</strong></span> <span class='ocrx_word' id='word_1_795' title='bbox 2399 3909 2719 3965; x_wconf 86' lang='lat' dir='ltr'><strong>tabesceret.</strong></span> <span class='ocrx_word' id='word_1_796' title='bbox 2744 3911 2818 3966; x_wconf 87' lang='lat' dir='ltr'><strong>Ea</strong></span> <span class='ocrx_word' id='word_1_797' title='bbox 2849 3928 3077 3985; x_wconf 90' lang='lat' dir='ltr'><strong>namque</strong></span> <span class='ocrx_word' id='word_1_798' title='bbox 3098 3916 3308 3973; x_wconf 69' lang='lat' dir='ltr'><strong>invidiae</strong></span> <span class='ocrx_word' id='word_1_799' title='bbox 3329 3930 3414 3974; x_wconf 91' lang='lat' dir='ltr'><strong>est</strong></span> <span class='ocrx_word' id='word_1_800' title='bbox 3436 3936 3563 3976; x_wconf 86' lang='lat' dir='ltr'><strong>con-</strong></span> 
     </span>
    </p>
   </div>
   <div class='ocr_carea' id='block_1_100' title="bbox 1974 4000 3562 4072">
    <p class='ocr_par' dir='ltr' id='par_1_100' title="bbox 1974 4000 3562 4072">
     <span class='ocr_line' id='line_1_100' title="bbox 1974 4000 3562 4072; baseline 0.01 -18"><span class='ocrx_word' id='word_1_801' title='bbox 1974 4000 2126 4065; x_wconf 91' lang='lat' dir='ltr'><strong>ditio,</strong></span> <span class='ocrx_word' id='word_1_802' title='bbox 2154 4000 2313 4055; x_wconf 88' lang='lat' dir='ltr'><strong>talem</strong></span> <span class='ocrx_word' id='word_1_803' title='bbox 2355 4012 2693 4072; x_wconf 87' lang='lat' dir='ltr'><strong>acceptorum</strong></span> <span class='ocrx_word' id='word_1_804' title='bbox 2740 4004 3123 4062; x_wconf 89' lang='lat' dir='ltr'><strong>beneficiorum</strong></span> <span class='ocrx_word' id='word_1_805' title='bbox 3150 4013 3447 4068; x_wconf 88' lang='lat' dir='ltr'><strong>mercedem</strong></span> <span class='ocrx_word' id='word_1_806' title='bbox 3481 4033 3562 4070; x_wconf 90' lang='lat' dir='ltr'><strong>rc-</strong></span> 
     </span>
    </p>
   </div>
   <div class='ocr_carea' id='block_1_101' title="bbox 1975 4091 3560 4174">
    <p class='ocr_par' dir='ltr' id='par_1_101' title="bbox 1975 4091 3560 4174">
     <span class='ocr_line' id='line_1_101' title="bbox 1975 4091 3560 4174; baseline 0.01 -29"><span class='ocrx_word' id='word_1_807' title='bbox 1975 4091 2177 4161; x_wconf 90' lang='lat' dir='ltr'><strong>pendit.</strong></span> <span class='ocrx_word' id='word_1_808' title='bbox 2235 4092 2728 4150; x_wconf 63' lang='lat' dir='ltr'><strong>Unde&#39;insidiarum</strong></span> <span class='ocrx_word' id='word_1_809' title='bbox 2759 4113 2973 4153; x_wconf 87' lang='lat' dir='ltr'><strong>causam</strong></span> <span class='ocrx_word' id='word_1_810' title='bbox 3023 4104 3268 4171; x_wconf 91' lang='lat' dir='ltr'><strong>aperiens</strong></span> <span class='ocrx_word' id='word_1_811' title='bbox 3311 4105 3560 4174; x_wconf 86' lang='lat' dir='ltr'><strong>dicebat,</strong></span> 
     </span>
    </p>
   </div>
   <div class='ocr_carea' id='block_1_102' title="bbox 1977 4182 3561 4269">
    <p class='ocr_par' dir='ltr' id='par_1_102' title="bbox 1977 4182 3561 4269">
     <span class='ocr_line' id='line_1_102' title="bbox 1977 4182 3561 4269; baseline 0.009 -31"><span class='ocrx_word' id='word_1_812' title='bbox 1977 4182 2200 4253; x_wconf 72' lang='lat' dir='ltr'><strong>Expedit</strong></span> <span class='ocrx_word' id='word_1_813' title='bbox 2231 4193 2284 4237; x_wconf 88' lang='lat' dir='ltr'><strong>ut</strong></span> <span class='ocrx_word' id='word_1_814' title='bbox 2310 4202 2438 4239; x_wconf 87' lang='lat' dir='ltr'><strong>unus</strong></span> <span class='ocrx_word' id='word_1_815' title='bbox 2468 4186 2615 4239; x_wconf 77' lang='lat' dir='ltr'><strong>homo</strong></span> <span class='ocrx_word' id='word_1_816' title='bbox 2651 4190 2918 4252; x_wconf 86' lang='lat' dir='ltr'><strong>moriatur,</strong></span> <span class='ocrx_word' id='word_1_817' title='bbox 2953 4202 3001 4245; x_wconf 89' lang='lat' dir='ltr'><strong>et</strong></span> <span class='ocrx_word' id='word_1_818' title='bbox 3050 4209 3149 4247; x_wconf 87' lang='lat' dir='ltr'><strong>non</strong></span> <span class='ocrx_word' id='word_1_819' title='bbox 3196 4205 3300 4249; x_wconf 89' lang='lat' dir='ltr'><strong>tota</strong></span> <span class='ocrx_word' id='word_1_820' title='bbox 3328 4214 3450 4267; x_wconf 84' lang='lat' dir='ltr'><strong>gens</strong></span> <span class='ocrx_word' id='word_1_821' title='bbox 3476 4216 3561 4269; x_wconf 82' lang='lat' dir='ltr'><strong>pe-</strong></span> 
     </span>
    </p>
   </div>
   <div class='ocr_carea' id='block_1_103' title="bbox 1974 4275 3562 4361">
    <p class='ocr_par' dir='ltr' id='par_1_103' title="bbox 1974 4275 3562 4361">
     <span class='ocr_line' id='line_1_103' title="bbox 1974 4275 3562 4361; baseline 0.011 -31"><span class='ocrx_word' id='word_1_822' title='bbox 1974 4287 2086 4331; x_wconf 86' lang='lat' dir='ltr'><strong>reat</strong></span> <span class='ocrx_word' id='word_1_823' title='bbox 2105 4275 2283 4347; x_wconf 83' lang='lat' dir='ltr'><strong>(Joan.</strong></span> <span class='ocrx_word' id='word_1_824' title='bbox 2310 4279 2398 4333; x_wconf 81' lang='grc'><strong>11.</strong></span> <span class='ocrx_word' id='word_1_825' title='bbox 2420 4278 2532 4349; x_wconf 84' lang='grc'><strong>50).</strong></span> <span class='ocrx_word' id='word_1_826' title='bbox 2560 4278 2731 4350; x_wconf 86' lang='lat' dir='ltr'><strong>Hujus</strong></span> <span class='ocrx_word' id='word_1_827' title='bbox 2759 4283 2905 4336; x_wconf 84' lang='lat' dir='ltr'><strong>verbi</strong></span> <span class='ocrx_word' id='word_1_828' title='bbox 2932 4287 3101 4339; x_wconf 89' lang='lat' dir='ltr'><strong>virtus</strong></span> <span class='ocrx_word' id='word_1_829' title='bbox 3122 4287 3241 4343; x_wconf 90' lang='lat' dir='ltr'><strong>vide</strong></span> <span class='ocrx_word' id='word_1_830' title='bbox 3270 4305 3379 4358; x_wconf 90' lang='lat' dir='ltr'><strong>quo</strong></span> <span class='ocrx_word' id='word_1_831' title='bbox 3404 4302 3562 4361; x_wconf 80' lang='lat' dir='ltr'><strong>pacto</strong></span> 
     </span>
    </p>
   </div>
   <div class='ocr_carea' id='block_1_104' title="bbox 1977 4368 3557 4453">
    <p class='ocr_par' dir='ltr' id='par_1_104' title="bbox 1977 4368 3557 4453">
     <span class='ocr_line' id='line_1_104' title="bbox 1977 4368 3557 4453; baseline 0.009 -31"><span class='ocrx_word' id='word_1_832' title='bbox 1977 4368 2029 4422; x_wconf 92' lang='lat' dir='ltr'><strong>in</strong></span> <span class='ocrx_word' id='word_1_833' title='bbox 2054 4378 2265 4423; x_wconf 89' lang='lat' dir='ltr'><strong>nostras</strong></span> <span class='ocrx_word' id='word_1_834' title='bbox 2298 4378 2476 4438; x_wconf 90' lang='lat' dir='ltr'><strong>partes</strong></span> <span class='ocrx_word' id='word_1_835' title='bbox 2506 4372 2796 4438; x_wconf 88' lang='lat' dir='ltr'><strong>transierit,</strong></span> <span class='ocrx_word' id='word_1_836' title='bbox 2824 4382 2881 4428; x_wconf 92' lang='lat' dir='ltr'><strong>ut</strong></span> <span class='ocrx_word' id='word_1_837' title='bbox 2905 4375 3168 4446; x_wconf 88' lang='lat' dir='ltr'><strong>intelligas</strong></span> <span class='ocrx_word' id='word_1_838' title='bbox 3204 4380 3423 4435; x_wconf 89' lang='lat' dir='ltr'><strong>verbum</strong></span> <span class='ocrx_word' id='word_1_839' title='bbox 3446 4384 3557 4453; x_wconf 90' lang='lat' dir='ltr'><strong>qui-</strong></span> 
     </span>
    </p>
   </div>
   <div class='ocr_carea' id='block_1_105' title="bbox 1974 4459 3560 4544">
    <p class='ocr_par' dir='ltr' id='par_1_105' title="bbox 1974 4459 3560 4544">
     <span class='ocr_line' id='line_1_105' title="bbox 1974 4459 3560 4544; baseline 0.009 -29"><span class='ocrx_word' id='word_1_840' title='bbox 1974 4460 2097 4515; x_wconf 89' lang='lat' dir='ltr'><strong>dem</strong></span> <span class='ocrx_word' id='word_1_841' title='bbox 2118 4459 2284 4516; x_wconf 90' lang='lat' dir='ltr'><strong>fuisse</strong></span> <span class='ocrx_word' id='word_1_842' title='bbox 2312 4461 2626 4528; x_wconf 90' lang='lat' dir='ltr'><strong>sacerdotis,</strong></span> <span class='ocrx_word' id='word_1_843' title='bbox 2652 4474 2706 4517; x_wconf 90' lang='lat' dir='ltr'><strong>at</strong></span> <span class='ocrx_word' id='word_1_844' title='bbox 2731 4478 2946 4519; x_wconf 91' lang='lat' dir='ltr'><strong>sensum</strong></span> <span class='ocrx_word' id='word_1_845' title='bbox 2966 4469 3294 4537; x_wconf 88' lang='lat' dir='ltr'><strong>spiritualem</strong></span> <span class='ocrx_word' id='word_1_846' title='bbox 3322 4472 3437 4528; x_wconf 83' lang='lat' dir='ltr'><strong>fieri</strong></span> <span class='ocrx_word' id='word_1_847' title='bbox 3468 4491 3560 4544; x_wconf 88' lang='lat' dir='ltr'><strong>po-</strong></span> 
     </span>
    </p>
   </div>
   <div class='ocr_carea' id='block_1_106' title="bbox 1977 4552 3562 4638">
    <p class='ocr_par' dir='ltr' id='par_1_106' title="bbox 1977 4552 3562 4638">
     <span class='ocr_line' id='line_1_106' title="bbox 1977 4552 3562 4638; baseline 0.009 -30"><span class='ocrx_word' id='word_1_848' title='bbox 1977 4554 2161 4609; x_wconf 88' lang='lat' dir='ltr'><strong>tuisse.</strong></span> <span class='ocrx_word' id='word_1_849' title='bbox 2191 4552 2414 4626; x_wconf 73' lang='lat' dir='ltr'><strong>Expedit</strong></span> <span class='ocrx_word' id='word_1_850' title='bbox 2433 4565 2487 4609; x_wconf 89' lang='lat' dir='ltr'><strong>ut</strong></span> <span class='ocrx_word' id='word_1_851' title='bbox 2505 4572 2637 4610; x_wconf 87' lang='lat' dir='ltr'><strong>unus</strong></span> <span class='ocrx_word' id='word_1_852' title='bbox 2661 4557 2811 4611; x_wconf 79' lang='lat' dir='ltr'><strong>homo</strong></span> <span class='ocrx_word' id='word_1_853' title='bbox 2831 4560 3097 4628; x_wconf 80' lang='lat' dir='ltr'><strong>moriatur,</strong></span> <span class='ocrx_word' id='word_1_854' title='bbox 3121 4572 3165 4616; x_wconf 86' lang='lat' dir='ltr'><strong>et</strong></span> <span class='ocrx_word' id='word_1_855' title='bbox 3190 4580 3291 4618; x_wconf 89' lang='lat' dir='ltr'><strong>non</strong></span> <span class='ocrx_word' id='word_1_856' title='bbox 3316 4574 3421 4621; x_wconf 89' lang='lat' dir='ltr'><strong>tota</strong></span> <span class='ocrx_word' id='word_1_857' title='bbox 3440 4584 3562 4638; x_wconf 86' lang='lat' dir='ltr'><strong>gens</strong></span> 
     </span>
    </p>
   </div>
   <div class='ocr_carea' id='block_1_107' title="bbox 1977 4643 3560 4726">
    <p class='ocr_par' dir='ltr' id='par_1_107' title="bbox 1977 4643 3560 4726">
     <span class='ocr_line' id='line_1_107' title="bbox 1977 4643 3560 4726; baseline 0.009 -28"><span class='ocrx_word' id='word_1_858' title='bbox 1977 4653 2166 4715; x_wconf 78' lang='lat' dir='ltr'><strong>pereat.</strong></span> <span class='ocrx_word' id='word_1_859' title='bbox 2193 4643 2308 4699; x_wconf 85' lang='lat' dir='ltr'><strong>Hoc</strong></span> <span class='ocrx_word' id='word_1_860' title='bbox 2336 4654 2505 4700; x_wconf 87' lang='lat' dir='ltr'><strong>autem</strong></span> <span class='ocrx_word' id='word_1_861' title='bbox 2533 4664 2565 4700; x_wconf 91' lang='lat' dir='ltr'><strong>a</strong></span> <span class='ocrx_word' id='word_1_862' title='bbox 2584 4649 2851 4719; x_wconf 85' lang='lat' dir='ltr'><strong>semetipso</strong></span> <span class='ocrx_word' id='word_1_863' title='bbox 2874 4666 2975 4704; x_wconf 88' lang='lat' dir='ltr'><strong>non</strong></span> <span class='ocrx_word' id='word_1_864' title='bbox 3001 4652 3217 4721; x_wconf 84' lang='lat' dir='ltr'><strong>dicebat,</strong></span> <span class='ocrx_word' id='word_1_865' title='bbox 3251 4656 3441 4726; x_wconf 88' lang='lat' dir='ltr'><strong>inquit,</strong></span> <span class='ocrx_word' id='word_1_866' title='bbox 3473 4661 3560 4713; x_wconf 85' lang='lat' dir='ltr'><strong>sed</strong></span> 
     </span>
    </p>
   </div>
   <div class='ocr_carea' id='block_1_108' title="bbox 1978 4733 3553 4816">
    <p class='ocr_par' dir='ltr' id='par_1_108' title="bbox 1978 4733 3553 4816">
     <span class='ocr_line' id='line_1_108' title="bbox 1978 4733 3553 4816; baseline 0.017 -42"><span class='ocrx_word' id='word_1_867' title='bbox 1978 4738 2100 4776; x_wconf 83' lang='lat' dir='ltr'><strong>cum</strong></span> <span class='ocrx_word' id='word_1_868' title='bbox 2136 4738 2271 4781; x_wconf 82' lang='lat' dir='ltr'><strong>esset</strong></span> <span class='ocrx_word' id='word_1_869' title='bbox 2293 4733 2533 4801; x_wconf 72' lang='lat' dir='ltr'><strong>pontifex</strong></span> <span class='ocrx_word' id='word_1_870' title='bbox 2561 4740 2687 4791; x_wconf 82' lang='lat' dir='ltr'><strong>anni</strong></span> <span class='ocrx_word' id='word_1_871' title='bbox 2710 4739 2875 4797; x_wconf 79' lang='lat' dir='ltr'><strong>illius,</strong></span> <span class='ocrx_word' id='word_1_872' title='bbox 2895 4740 3220 4807; x_wconf 66' lang='lat' dir='ltr'><strong>prop/celavit</strong></span> <span class='ocrx_word' id='word_1_873' title='bbox 3243 4742 3349 4812; x_wconf 82' lang='lat' dir='ltr'><strong>(Ib.</strong></span> <span class='ocrx_word' id='word_1_874' title='bbox 3375 4761 3419 4800; x_wconf 80' lang='grc' dir='ltr'><strong>υ.</strong></span> <span class='ocrx_word' id='word_1_875' title='bbox 3440 4747 3553 4816; x_wconf 76' lang='grc'><strong>51),</strong></span> 
     </span>
    </p>
   </div>
   <div class='ocr_carea' id='block_1_109' title="bbox 1978 4816 3551 4904">
    <p class='ocr_par' dir='ltr' id='par_1_109' title="bbox 1978 4816 3551 4904">
     <span class='ocr_line' id='line_1_109' title="bbox 1978 4816 3551 4904; baseline 0.017 -36"><span class='ocrx_word' id='word_1_876' title='bbox 1978 4816 2125 4885; x_wconf 91' lang='lat' dir='ltr'><strong>quod</strong></span> <span class='ocrx_word' id='word_1_877' title='bbox 2146 4820 2282 4874; x_wconf 88' lang='lat' dir='ltr'><strong>mori</strong></span> <span class='ocrx_word' id='word_1_878' title='bbox 2301 4821 2579 4878; x_wconf 82' lang='lat' dir='ltr'><strong>Christum</strong></span> <span class='ocrx_word' id='word_1_879' title='bbox 2601 4834 2882 4895; x_wconf 66' lang='lat' dir='ltr'><strong>Oportet-et</strong></span> <span class='ocrx_word' id='word_1_880' title='bbox 2903 4844 3009 4883; x_wconf 95' lang='lat' dir='ltr'><strong>non</strong></span> <span class='ocrx_word' id='word_1_881' title='bbox 3029 4832 3192 4886; x_wconf 92' lang='lat' dir='ltr'><strong>modo</strong></span> <span class='ocrx_word' id='word_1_882' title='bbox 3217 4848 3315 4904; x_wconf 90' lang='lat' dir='ltr'><strong>pro</strong></span> <span class='ocrx_word' id='word_1_883' title='bbox 3327 4833 3551 4904; x_wconf 74' lang='lat' dir='ltr'><strong>Iudaeis,</strong></span> 
     </span>
    </p>
   </div>
   <div class='ocr_carea' id='block_1_110' title="bbox 1980 4912 3551 5000">
    <p class='ocr_par' dir='ltr' id='par_1_110' title="bbox 1980 4912 3551 5000">
     <span class='ocr_line' id='line_1_110' title="bbox 1980 4912 3551 5000; baseline 0.014 -34"><span class='ocrx_word' id='word_1_884' title='bbox 1980 4912 2075 4967; x_wconf 88' lang='lat' dir='ltr'><strong>sed</strong></span> <span class='ocrx_word' id='word_1_885' title='bbox 2102 4922 2154 4967; x_wconf 91' lang='lat' dir='ltr'><strong>et</strong></span> <span class='ocrx_word' id='word_1_886' title='bbox 2182 4931 2277 4984; x_wconf 91' lang='lat' dir='ltr'><strong>pro</strong></span> <span class='ocrx_word' id='word_1_887' title='bbox 2307 4924 2418 4972; x_wconf 87' lang='lat' dir='ltr'><strong>tota</strong></span> <span class='ocrx_word' id='word_1_888' title='bbox 2445 4928 2604 4989; x_wconf 89' lang='lat' dir='ltr'><strong>gente</strong></span> <span class='ocrx_word' id='word_1_889' title='bbox 2629 4939 2642 4975; x_wconf 92' lang='lat'>:</span> <span class='ocrx_word' id='word_1_890' title='bbox 2670 4933 2955 4993; x_wconf 90' lang='lat' dir='ltr'><strong>propterea</strong></span> <span class='ocrx_word' id='word_1_891' title='bbox 2978 4925 3219 4997; x_wconf 90' lang='lat' dir='ltr'><strong>dicebat,</strong></span> <span class='ocrx_word' id='word_1_892' title='bbox 3241 4928 3467 5000; x_wconf 73' lang='lat' dir='ltr'><strong>Expedit</strong></span> <span class='ocrx_word' id='word_1_893' title='bbox 3492 4946 3551 4988; x_wconf 84' lang='lat' dir='ltr'><strong>ut</strong></span> 
     </span>
    </p>
   </div>
   <div class='ocr_carea' id='block_1_111' title="bbox 1977 5009 3551 5091">
    <p class='ocr_par' dir='ltr' id='par_1_111' title="bbox 1977 5009 3551 5091">
     <span class='ocr_line' id='line_1_111' title="bbox 1977 5009 3551 5091; baseline 0.015 -36"><span class='ocrx_word' id='word_1_894' title='bbox 1977 5019 2114 5058; x_wconf 82' lang='lat' dir='ltr'><strong>unus</strong></span> <span class='ocrx_word' id='word_1_895' title='bbox 2146 5009 2407 5062; x_wconf 87' lang='lat' dir='ltr'><strong>moriatur</strong></span> <span class='ocrx_word' id='word_1_896' title='bbox 2430 5009 2608 5075; x_wconf 79' lang='lat' dir='ltr'><strong>homo,</strong></span> <span class='ocrx_word' id='word_1_897' title='bbox 2639 5024 2688 5067; x_wconf 90' lang='lat' dir='ltr'><strong>et</strong></span> <span class='ocrx_word' id='word_1_898' title='bbox 2719 5032 2821 5068; x_wconf 89' lang='lat' dir='ltr'><strong>non</strong></span> <span class='ocrx_word' id='word_1_899' title='bbox 2861 5025 2969 5070; x_wconf 89' lang='lat' dir='ltr'><strong>tota</strong></span> <span class='ocrx_word' id='word_1_900' title='bbox 3001 5036 3118 5090; x_wconf 83' lang='lat' dir='ltr'><strong>gens</strong></span> <span class='ocrx_word' id='word_1_901' title='bbox 3148 5033 3345 5091; x_wconf 82' lang='lat' dir='ltr'><strong>pereat.</strong></span> <span class='ocrx_word' id='word_1_902' title='bbox 3382 5023 3551 5079; x_wconf 76' lang='lat' dir='ltr'><strong>Vides</strong></span> 
     </span>
    </p>
   </div>
   <div class='ocr_carea' id='block_1_112' title="bbox 1978 5103 3561 5176">
    <p class='ocr_par' dir='ltr' id='par_1_112' title="bbox 1978 5103 3561 5176">
     <span class='ocr_line' id='line_1_112' title="bbox 1978 5103 3561 5176; baseline 0.003 -17"><span class='ocrx_word' id='word_1_903' title='bbox 1978 5105 2273 5175; x_wconf 87' lang='lat' dir='ltr'><strong>potentiam</strong></span> <span class='ocrx_word' id='word_1_904' title='bbox 2298 5103 2416 5171; x_wconf 91' lang='lat' dir='ltr'><strong>Dei,</strong></span> <span class='ocrx_word' id='word_1_905' title='bbox 2439 5119 2545 5176; x_wconf 92' lang='lat' dir='ltr'><strong>quo</strong></span> <span class='ocrx_word' id='word_1_906' title='bbox 2590 5112 2753 5176; x_wconf 87' lang='lat' dir='ltr'><strong>pacto</strong></span> <span class='ocrx_word' id='word_1_907' title='bbox 2779 5103 3016 5174; x_wconf 87' lang='lat' dir='ltr'><strong>linguam</strong></span> <span class='ocrx_word' id='word_1_908' title='bbox 3047 5115 3200 5175; x_wconf 86' lang='lat' dir='ltr'><strong>cogat</strong></span> <span class='ocrx_word' id='word_1_909' title='bbox 3225 5106 3561 5163; x_wconf 87' lang='lat' dir='ltr'><strong>inimicorum</strong></span> 
     </span>
    </p>
   </div>
   <div class='ocr_carea' id='block_1_113' title="bbox 1979 5193 2760 5268">
    <p class='ocr_par' dir='ltr' id='par_1_113' title="bbox 1979 5193 2760 5268">
     <span class='ocr_line' id='line_1_113' title="bbox 1979 5193 2760 5268; baseline -0.001 -18"><span class='ocrx_word' id='word_1_910' title='bbox 1979 5208 2075 5268; x_wconf 84' lang='lat' dir='ltr'><strong>pro</strong></span> <span class='ocrx_word' id='word_1_911' title='bbox 2098 5197 2324 5250; x_wconf 90' lang='lat' dir='ltr'><strong>veritate</strong></span> <span class='ocrx_word' id='word_1_912' title='bbox 2350 5196 2512 5249; x_wconf 88' lang='lat' dir='ltr'><strong>verba</strong></span> <span class='ocrx_word' id='word_1_913' title='bbox 2542 5193 2760 5251; x_wconf 90' lang='lat' dir='ltr'><strong>facere?</strong></span> 
     </span>
    </p>
   </div>
   <div class='ocr_carea' id='block_1_114' title="bbox 2049 5285 3564 5361">
    <p class='ocr_par' dir='ltr' id='par_1_114' title="bbox 2049 5285 3564 5361">
     <span class='ocr_line' id='line_1_114' title="bbox 2049 5285 3564 5361; baseline 0.003 -18"><span class='ocrx_word' id='word_1_914' title='bbox 2049 5289 2101 5343; x_wconf 81' lang='grc'><strong>5.</strong></span> <span class='ocrx_word' id='word_1_915' title='bbox 2135 5285 2392 5357; x_wconf 78' lang='lat' dir='ltr'><strong>Neaphyti</strong></span> <span class='ocrx_word' id='word_1_916' title='bbox 2411 5287 2495 5356; x_wconf 86' lang='lat' dir='ltr'><strong>qui</strong></span> <span class='ocrx_word' id='word_1_917' title='bbox 2517 5285 2621 5339; x_wconf 85' lang='lat' dir='ltr'><strong>veri</strong></span> <span class='ocrx_word' id='word_1_918' title='bbox 2650 5286 2770 5339; x_wconf 87' lang='lat' dir='ltr'><strong>sint.</strong></span> <span class='ocrx_word' id='word_1_919' title='bbox 2792 5316 2865 5327; x_wconf 90' lang='lat'><strong><em>—</em></strong></span> <span class='ocrx_word' id='word_1_920' title='bbox 2883 5285 2953 5344; x_wconf 87' lang='lat' dir='ltr'><strong>Ut</strong></span> <span class='ocrx_word' id='word_1_921' title='bbox 2982 5286 3140 5358; x_wconf 90' lang='lat' dir='ltr'><strong>igitur</strong></span> <span class='ocrx_word' id='word_1_922' title='bbox 3168 5289 3455 5361; x_wconf 71' lang='lat' dir='ltr'><strong>Scriptum</strong></span> <span class='ocrx_word' id='word_1_923' title='bbox 3478 5308 3564 5348; x_wconf 84' lang='lat' dir='ltr'><strong>sa-</strong></span> 
     </span>
    </p>
   </div>
   <div class='ocr_carea' id='block_1_115' title="bbox 1979 5376 3563 5446">
    <p class='ocr_par' dir='ltr' id='par_1_115' title="bbox 1979 5376 3563 5446">
     <span class='ocr_line' id='line_1_115' title="bbox 1979 5376 3563 5446; baseline 0.002 -12"><span class='ocrx_word' id='word_1_924' title='bbox 1979 5395 2085 5434; x_wconf 68' lang='lat' dir='ltr'><strong>cra:</strong></span> <span class='ocrx_word' id='word_1_925' title='bbox 2112 5379 2292 5433; x_wconf 90' lang='lat' dir='ltr'><strong>titulos</strong></span> <span class='ocrx_word' id='word_1_926' title='bbox 2321 5392 2426 5431; x_wconf 91' lang='lat' dir='ltr'><strong>non</strong></span> <span class='ocrx_word' id='word_1_927' title='bbox 2450 5376 2940 5446; x_wconf 61' lang='lat' dir='ltr'><strong>pratici-mittamus,</strong></span> <span class='ocrx_word' id='word_1_928' title='bbox 2965 5378 3292 5436; x_wconf 84' lang='lat' dir='ltr'><strong>sufficienter</strong></span> <span class='ocrx_word' id='word_1_929' title='bbox 3320 5382 3434 5437; x_wconf 66' lang='lat' dir='ltr'><strong>haec</strong></span> <span class='ocrx_word' id='word_1_930' title='bbox 3483 5388 3563 5438; x_wconf 86' lang='lat' dir='ltr'><strong>di-</strong></span> 
     </span>
    </p>
   </div>
   <div class='ocr_carea' id='block_1_116' title="bbox 1980 5468 3564 5540">
    <p class='ocr_par' dir='ltr' id='par_1_116' title="bbox 1980 5468 3564 5540">
     <span class='ocr_line' id='line_1_116' title="bbox 1980 5468 3564 5540; baseline 0.001 -13"><span class='ocrx_word' id='word_1_931' title='bbox 1980 5483 2063 5528; x_wconf 91' lang='lat' dir='ltr'><strong>cta</strong></span> <span class='ocrx_word' id='word_1_932' title='bbox 2095 5474 2220 5537; x_wconf 90' lang='lat' dir='ltr'><strong>sint,</strong></span> <span class='ocrx_word' id='word_1_933' title='bbox 2249 5472 2291 5525; x_wconf 89' lang='lat' dir='ltr'><strong>si</strong></span> <span class='ocrx_word' id='word_1_934' title='bbox 2324 5468 2459 5524; x_wconf 88' lang='lat' dir='ltr'><strong>forte</strong></span> <span class='ocrx_word' id='word_1_935' title='bbox 2489 5468 2846 5525; x_wconf 90' lang='lat' dir='ltr'><strong>recordemini</strong></span> <span class='ocrx_word' id='word_1_936' title='bbox 2874 5488 2886 5523; x_wconf 92' lang='lat'><strong>:</strong></span> <span class='ocrx_word' id='word_1_937' title='bbox 2919 5486 3170 5540; x_wconf 89' lang='lat' dir='ltr'><strong>cuperem</strong></span> <span class='ocrx_word' id='word_1_938' title='bbox 3196 5483 3377 5528; x_wconf 88' lang='lat' dir='ltr'><strong>autem</strong></span> <span class='ocrx_word' id='word_1_939' title='bbox 3404 5476 3564 5529; x_wconf 77' lang='lat' dir='ltr'><strong>etiam</strong></span> 
     </span>
    </p>
   </div>
   <div class='ocr_carea' id='block_1_117' title="bbox 1982 5562 3563 5639">
    <p class='ocr_par' dir='ltr' id='par_1_117' title="bbox 1982 5562 3563 5639">
     <span class='ocr_line' id='line_1_117' title="bbox 1982 5562 3563 5639; baseline -0.001 -15"><span class='ocrx_word' id='word_1_940' title='bbox 1982 5568 2162 5624; x_wconf 89' lang='lat' dir='ltr'><strong>dicere</strong></span> <span class='ocrx_word' id='word_1_941' title='bbox 2208 5567 2331 5639; x_wconf 90' lang='lat' dir='ltr'><strong>quis</strong></span> <span class='ocrx_word' id='word_1_942' title='bbox 2360 5566 2429 5620; x_wconf 91' lang='lat' dir='ltr'><strong>sit</strong></span> <span class='ocrx_word' id='word_1_943' title='bbox 2470 5573 2658 5619; x_wconf 90' lang='lat' dir='ltr'><strong>auctor</strong></span> <span class='ocrx_word' id='word_1_944' title='bbox 2687 5562 2826 5629; x_wconf 89' lang='lat' dir='ltr'><strong>libri,</strong></span> <span class='ocrx_word' id='word_1_945' title='bbox 2860 5573 2915 5619; x_wconf 91' lang='lat' dir='ltr'><strong>et</strong></span> <span class='ocrx_word' id='word_1_946' title='bbox 2956 5566 3207 5636; x_wconf 86' lang='lat' dir='ltr'><strong>quando,</strong></span> <span class='ocrx_word' id='word_1_947' title='bbox 3252 5583 3462 5638; x_wconf 89' lang='lat' dir='ltr'><strong>quaque</strong></span> <span class='ocrx_word' id='word_1_948' title='bbox 3501 5571 3563 5624; x_wconf 86' lang='lat' dir='ltr'><strong>de</strong></span> 
     </span>
    </p>
   </div>
   <div class='ocr_carea' id='block_1_118' title="bbox 1982 5654 3563 5727">
    <p class='ocr_par' dir='ltr' id='par_1_118' title="bbox 1982 5654 3563 5727">
     <span class='ocr_line' id='line_1_118' title="bbox 1982 5654 3563 5727; baseline -0.001 -11"><span class='ocrx_word' id='word_1_949' title='bbox 1982 5676 2140 5716; x_wconf 83' lang='lat' dir='ltr'><strong>causa</strong></span> <span class='ocrx_word' id='word_1_950' title='bbox 2163 5660 2310 5713; x_wconf 90' lang='lat' dir='ltr'><strong>illum</strong></span> <span class='ocrx_word' id='word_1_951' title='bbox 2334 5656 2626 5727; x_wconf 88' lang='lat' dir='ltr'><strong>scripserit.</strong></span> <span class='ocrx_word' id='word_1_952' title='bbox 2659 5654 2766 5711; x_wconf 88' lang='lat' dir='ltr'><strong>Sed</strong></span> <span class='ocrx_word' id='word_1_953' title='bbox 2796 5654 2909 5710; x_wconf 69' lang='lat' dir='ltr'><strong>haec</strong></span> <span class='ocrx_word' id='word_1_954' title='bbox 2934 5656 3146 5711; x_wconf 89' lang='lat' dir='ltr'><strong>interim</strong></span> <span class='ocrx_word' id='word_1_955' title='bbox 3178 5668 3355 5713; x_wconf 90' lang='lat' dir='ltr'><strong>mente</strong></span> <span class='ocrx_word' id='word_1_956' title='bbox 3387 5670 3563 5716; x_wconf 88' lang='lat' dir='ltr'><strong>tenea-</strong></span> 
     </span>
    </p>
   </div>
   <div class='ocr_carea' id='block_1_119' title="bbox 1988 5744 3561 5822">
    <p class='ocr_par' dir='ltr' id='par_1_119' title="bbox 1988 5744 3561 5822">
     <span class='ocr_line' id='line_1_119' title="bbox 1988 5744 3561 5822; baseline -0.002 -13"><span class='ocrx_word' id='word_1_957' title='bbox 1988 5768 2139 5822; x_wconf 86' lang='lat' dir='ltr'><strong>mus;</strong></span> <span class='ocrx_word' id='word_1_958' title='bbox 2174 5753 2258 5808; x_wconf 87' lang='lat' dir='ltr'><strong>illa</strong></span> <span class='ocrx_word' id='word_1_959' title='bbox 2290 5764 2416 5806; x_wconf 85' lang='lat' dir='ltr'><strong>vero</strong></span> <span class='ocrx_word' id='word_1_960' title='bbox 2445 5748 2677 5805; x_wconf 80' lang='lat' dir='ltr'><strong>crastino</strong></span> <span class='ocrx_word' id='word_1_961' title='bbox 2702 5745 2809 5805; x_wconf 87' lang='lat' dir='ltr'><strong>die.</strong></span> <span class='ocrx_word' id='word_1_962' title='bbox 2842 5746 2885 5801; x_wconf 86' lang='lat' dir='ltr'><strong>si</strong></span> <span class='ocrx_word' id='word_1_963' title='bbox 2935 5744 3075 5803; x_wconf 88' lang='lat' dir='ltr'><strong>Deus</strong></span> <span class='ocrx_word' id='word_1_964' title='bbox 3122 5748 3378 5818; x_wconf 85' lang='lat' dir='ltr'><strong>voluerit,</strong></span> <span class='ocrx_word' id='word_1_965' title='bbox 3408 5752 3561 5807; x_wconf 63' lang='lat' dir='ltr'><strong>restio</strong></span> 
     </span>
    </p>
   </div>
   <div class='ocr_carea' id='block_1_120' title="bbox 3693 5685 3720 5715">
    <p class='ocr_par' dir='ltr' id='par_1_120' title="bbox 3693 5685 3720 5715">
     <span class='ocr_line' id='line_1_120' title="bbox 3693 5685 3720 5715; baseline 0 0"><span class='ocrx_word' id='word_1_966' title='bbox 3693 5685 3720 5715; x_wconf 66' lang='grc' dir='ltr'><em>ϐ</em></span> 
     </span>
    </p>
   </div>
  </div>
