4010 6342
499 271 570 325 75
1194 263 1251 319 S.
1290 260 1572 319 JOANNIS
1609 257 2086 319 οιιιιγδοετοιιι
2130 256 2443 314 ARCIIIEP.
2474 258 3009 315 CONSTANTINOP.
3714 262 3786 315 76

504 394 732 439 luemus.
762 381 932 437 Statui
981 394 1231 450 namque,
1258 376 1397 447 quod
1427 378 1692 447 reliquum
1729 383 1832 437 est,
1878 386 2087 426 sermo-

506 490 627 528 nem
656 473 724 528 ad
766 488 938 541 nuper
963 472 1289 526 illuminatos
1328 477 1665 523 convertere.
1709 466 1888 536 Nuper
1909 476 2087 517 autem

502 564 833 618 illuminatos
860 562 1073 633 appello
1111 577 1216 615 non
1244 575 1363 625 eos,
1398 559 1490 628 qui
1517 566 1642 613 ante
1687 556 1823 610 duos
1850 565 1903 610 et
1934 563 2042 607 tres
2070 591 2085 615 ,

498 670 674 725 neque
702 656 791 725 qui
821 664 947 708 ante
973 654 1159 709 decem
1190 652 1306 707 dies
1334 650 1619 705 illuminati
1670 658 1796 703 sunt
1837 654 2040 701 tantum
2069 684 2085 710 ,

493 750 590 805 sed
632 765 729 804 eos
766 750 927 804 etiam
954 748 1045 818 qui
1103 756 1235 801 ante
1272 761 1509 809 annum,
1536 753 1696 813 atque
1740 742 1877 796 adeo
1921 738 2088 794 multo

493 851 619 896 ante
644 850 888 911 tempore
913 858 926 893 :
951 837 1384 909 quandoquidem
1432 836 1531 889 hos
1556 848 1770 904 quoque
1793 832 1871 887 sic
1899 828 2086 900 appel-

494 935 592 990 lari
620 943 857 1005 oportet.
872 932 939 989 ~Si
960 934 1103 989 enim
1135 932 1187 986 in
1210 928 1502 986 excolenda
1534 928 1713 982 anima
1738 934 1922 981 nostra
1945 923 2087 979 mul-

494 1038 607 1084 tum
638 1028 801 1083 studii
832 1026 1237 1082 exhibuerimus
1269 1064 1286 1089 ,
1338 1037 1628 1094 possumus
1656 1029 1710 1076 et
1738 1028 1858 1090 post
1897 1018 2084 1073 decem

492 1139 662 1177 annos
699 1137 869 1191 nuper
898 1120 1177 1175 illuminati
1198 1133 1340 1178 esse.
1367 1116 1411 1170 si
1432 1115 1591 1170 nobis
1610 1114 1908 1184 ingenitam
1937 1126 1967 1165 a
1994 1110 2087 1165 ba-

492 1217 742 1285 ptismate
773 1213 1106 1284 iuventutem
1153 1207 1673 1264 conservaverimus.
1718 1204 1901 1274 Neque
1941 1203 2082 1257 enim

491 1322 662 1377 nuper
700 1306 1053 1359 illuminatutn
1097 1300 1261 1356 efﬁcit
1301 1310 1529 1367 tempus,
1560 1296 1655 1351 sed
1701 1295 1809 1349 vita
1863 1291 2081 1356 munda,

489 1412 612 1451 cum
644 1395 758 1451 fieri
787 1395 978 1465 possit,
1009 1402 1065 1447 ut
1093 1402 1209 1461 post
1234 1390 1369 1444 duos
1388 1390 1547 1443 etiam
1571 1388 1705 1451 dies,
1739 1386 1826 1457 qui
1858 1386 1953 1439 sibi
1979 1400 2083 1439 non

492 1497 698 1550 caveat,
724 1484 1096 1555 appellationis
1122 1482 1278 1551 hujus
1307 1481 1620 1550 dignitatem
1645 1478 1874 1532 amittat.
1905 1478 2082 1546 Atque

489 1577 648 1646 hujus
681 1576 757 1631 rei
804 1575 955 1629 vobis
993 1574 1301 1643 exemplum
1352 1570 1642 1641 proferam,
1672 1584 1778 1639 quo
1806 1576 1962 1638 pacto
1990 1567 2081 1637 qui

484 1686 659 1740 nuper
686 1670 1019 1723 illuminatus
1047 1677 1200 1732 erat,
1227 1666 1405 1720 statim
1432 1674 1550 1733 post
1577 1662 1713 1717 duos
1740 1662 1856 1717 dies
1881 1670 1933 1715 et
1958 1676 2084 1731 gra-

488 1761 618 1816 tiam
637 1769 692 1815 et
721 1760 984 1815 honorem
1036 1772 1206 1828 nuper
1236 1754 1519 1810 illuminati
1543 1754 1802 1808 amiserit.
1836 1751 1949 1806 Hoc
1984 1767 2083 1806 au-

488 1861 595 1907 tem
620 1851 922 1920 exemplum
974 1848 1175 1903 idcirco
1205 1862 1234 1901 a
1264 1862 1352 1901 me
1383 1845 1651 1915 profertur
1676 1884 1692 1908 ,
1739 1852 1797 1899 ut
1825 1858 1947 1898 cum
1989 1841 2074 1896 la-

484 1959 640 2013 psum
689 1944 852 1997 istutn
880 1940 1141 2007 videritis,
1168 1938 1397 1994 salutem
1426 1946 1660 1991 vestram
1708 1934 1760 1989 in
1796 1941 1911 1988 tuto
1954 1947 2083 1987 cou-

486 2036 741 2090 stituatis.
778 2034 895 2089 Non
926 2033 1074 2088 enim
1116 2041 1326 2086 tantum
1374 2044 1564 2084 eorum
1622 2026 1870 2097 exemplo
1930 2026 2083 2081 vobis

458 2118 760 2200 'propusito
785 2128 878 2198 qui
909 2135 1213 2189 steterunt,
1247 2124 1345 2179 sed
1378 2137 1568 2177 eorum
1608 2121 1791 2187 etiam,
1822 2120 1911 2190 qui
1944 2133 2075 2188 sup-

488 2219 709 2288 plautztti
748 2227 911 2282 sunt,
967 2214 1269 2287 corrigendi
1322 2214 1453 2268 estis
1504 2223 1558 2266 et
1605 2210 1846 2266 sanandi.
1894 2208 2080 2264 Simon

486 2312 675 2381 Magos
699 2323 993 2365 conversus
1021 2318 1168 2374 erat,
1222 2305 1412 2376 inquit,
1468 2314 1523 2358 et
1568 2304 1867 2374 baptizatus
1895 2301 2080 2356 adhae-

486 2404 640 2459 rebat
666 2402 933 2471 Philippo,
966 2400 1153 2454 videns
1191 2399 1343 2469 signa
1374 2416 1387 2453 :
1420 2397 1515 2451 sed
1562 2406 1681 2466 post
1735 2409 1929 2465 paucos
1964 2394 2081 2449 dies

485 2495 662 2550 statim
687 2494 752 2548 ad
785 2493 1053 2563 prepriatn
1092 2507 1340 2547 reversus
1376 2499 1461 2545 est
1497 2490 1813 2558 nequitiam,
1842 2496 1897 2543 et
1925 2503 2076 2542 suam

485 2589 712 2641 salutem
738 2600 918 2640 emere
966 2584 1186 2654 pecunia
1218 2583 1451 2637 volebat.
1481 2581 1617 2650 Quid
1657 2596 1787 2652 ergo
1817 2594 1987 2649 nuper
2016 2578 2079 2632 il-

485 2678 744 2733 lutuinato
769 2676 906 2731 dixit
935 2676 1171 2731 Petrus?
1217 2674 1287 2728 In
1332 2676 1449 2746 felle
1496 2672 1853 2726 amaritudinis
1878 2681 1926 2726 et
1951 2671 2080 2726 obli-

482 2771 682 2842 gatione
700 2769 977 2840 iniquitatis
998 2766 1138 2822 uideo
1166 2777 1215 2821 te
1240 2782 1347 2821 esse
1368 2780 1387 2820 .'
1408 2766 1645 2835 quocirca
1671 2762 1837 2818 Deum
1857 2779 2005 2833 roga,
2032 2763 2075 2815 si

482 2869 615 2933 forte
634 2863 921 2916 remittatur
949 2860 1037 2914 tibi
1061 2860 1169 2913 liam
1194 2857 1417 2929 nequitia
1439 2858 1575 2927 (Act.
1606 2856 1658 2912 8.
1683 2854 1773 2911 23.
1790 2854 1907 2924 22).
1935 2853 2079 2908 Non-

482 2955 613 3010 dum
642 2955 915 3024 ingressus
940 2962 1024 3007 est
1042 2951 1358 3011 certamina.
1389 2960 1443 3003 et
1473 2948 1650 3003 statim
1680 2946 1900 3016 indigno
1922 2944 2077 3000 venia

482 3061 609 3102 casu
642 3047 921 3115 prolapsus
945 3050 1049 3099 est.
1080 3041 1147 3099 Ut
1202 3042 1362 3111 igitur
1389 3050 1507 3110 post
1545 3039 1682 3094 duos
1706 3038 1825 3093 dies
1876 3037 2073 3092 cadere

482 3152 784 3210 possumus,
807 3147 863 3192 et
892 3152 1062 3206 nuper
1100 3133 1386 3189 illuminati
1421 3132 1830 3201 appellationem
1861 3139 1916 3184 et
1944 3143 2073 3199 gra-

484 3232 610 3285 tiam
639 3228 899 3300 perdere:
932 3228 1004 3281 ita
1029 3241 1240 3297 quoque
1270 3232 1389 3294 post
1413 3223 1601 3278 decem
1632 3237 1705 3277 ac
1751 3220 1936 3292 viginti
1972 3212 2072 3275 ah-

484 3338 601 3388 nos,
627 3331 681 3376 et
708 3322 775 3375 ad
802 3320 961 3375 ﬁnem
988 3334 1155 3389 usque
1176 3319 1297 3372 vita:
1322 3331 1613 3386 possumus
1634 3314 1946 3385 prmclarum
1971 3313 2075 3368 hoc

482 3423 642 3483 atque
673 3411 1030 3466 venerandum
1060 3426 1254 3463 nomen
1285 3424 1348 3463 ac
1381 3424 1492 3462 rent
1524 3422 1865 3463 conservare.
1892 3408 2070 3477 Atque

484 3505 587 3560 hoc
615 3505 810 3559 Paulus
842 3512 1067 3558 testatur
1085 3501 1380 3571 apostolus,
1408 3500 1497 3570 qui
1527 3500 1577 3553 in
1601 3508 1877 3553 senectute
1903 3499 2073 3553 maxi-

483 3614 570 3652 me
596 3596 819 3651 illustris
843 3594 962 3649 fuit.
985 3594 1118 3649 Nam
1138 3594 1392 3663 quoniam
1437 3607 1465 3644 a
1492 3599 1682 3646 natura
1713 3606 1817 3645 nou
1848 3601 1931 3646 est
1958 3591 2073 3646 bare

485 3690 762 3750 inventus,
792 3687 888 3743 sed
928 3687 1206 3757 utriusque
1249 3684 1504 3755 propositi
1547 3694 1823 3754 compotes
1848 3700 2068 3749 sumus;

484 3790 541 3836 ut
571 3780 651 3833 vel
706 3794 1071 3845 senescamus,
1100 3777 1185 3832 vel
1206 3778 1441 3846 juvenes
1468 3789 1797 3842 maneamus,
1826 3790 1857 3829 a
1888 3786 2071 3831 nostro

483 3873 680 3943 pendet
716 3872 957 3927 arbitrio.
1006 3871 1060 3925 In
1086 3884 1312 3939 corpore
1348 3867 1564 3939 quidem
1605 3868 1731 3923 licet
1770 3883 1931 3923 omne
1959 3880 2071 3923 stu-

482 3966 625 4020 dium
656 3965 775 4034 qnis
824 3963 1114 4026 adhibeat,
1144 3962 1268 4016 licet
1314 3976 1529 4015 omnem
1576 3959 1806 4031 lapidem
1836 3968 2065 4024 moveat,

483 4058 605 4111 licet
630 4055 757 4110 illud
790 4055 1008 4109 mittime
1036 4062 1213 4116 vexet,
1243 4053 1368 4107 licet
1418 4052 1563 4106 domi
1603 4052 1895 4112 contineat,
1944 4052 2071 4105 licet

484 4146 755 4202 laboribus
794 4145 924 4200 illud
972 4153 1027 4199 et
1066 4144 1333 4199 continuis
1391 4142 1645 4214 operibus
1675 4156 1779 4196 non
1822 4141 2020 4211 afﬂigat
2051 4158 2065 4194 :

483 4250 659 4295 tamen
689 4255 753 4294 ex
787 4239 904 4309 lege
930 4246 1132 4292 naturas
1154 4237 1233 4291 sic
1254 4250 1464 4306 quoque
1490 4235 1645 4306 plane
1662 4244 1915 4288 senectus
1942 4232 2068 4287 illud

481 4331 716 4387 invadet.
744 4331 800 4385 lu
826 4331 1003 4384 anima
1033 4344 1161 4383 vero
1190 4344 1294 4383 non
1341 4327 1413 4383 ita
1460 4329 1518 4380 lit
1545 4345 1559 4382 :
1590 4326 1684 4382 sed
1715 4327 1759 4381 si
1791 4326 1933 4381 illaut
1962 4327 2067 4379 mi-

479 4426 624 4478 nime
653 4436 836 4485 vexes,
864 4434 1038 4489 neque
1064 4417 1410 4474 saecularibus
1453 4433 1572 4473 eam
1598 4417 1869 4473 laboribus
1893 4417 2067 4472 curis-

477 4528 582 4584 que
610 4510 892 4567 mundanis
912 4510 1208 4575 escrucies,
1233 4509 1567 4579 juventutem
1607 4524 1758 4563 suam
1809 4521 2068 4579 perpetuo

483 4608 696 4667 retinet,
731 4605 1059 4674 illmsatiique
1109 4612 1414 4657 conservat.
1446 4601 1633 4657 Nonne
1664 4601 1855 4657 videtis
1889 4601 1985 4655 Itas
2014 4602 2066 4655 in

478 4697 613 4753 ca~lo
652 4698 789 4752 lixas
816 4695 1035 4751 stellas?
1059 4693 1179 4749 lam
1215 4710 1310 4764 per
1336 4709 1509 4749 annos
1536 4695 1712 4749 sexies
1734 4694 1883 4749 mille
1904 4694 2067 4749 nobis

480 4792 680 4857 lucent,
713 4805 812 4845 nec
842 4790 1077 4859 ipsarum
1109 4787 1218 4843 ulla
1248 4786 1385 4842 facta
1410 4795 1494 4843 est
1518 4787 1816 4842 obscurior.
1839 4785 1993 4854 Quod
2020 4786 2066 4841 si

480 4884 566 4936 ulti
586 4892 788 4937 natura:
805 4897 890 4936 res
906 4888 1011 4944 est,
1028 4882 1100 4935 ita
1125 4894 1314 4936 recens
1327 4887 1382 4934 et
1402 4877 1635 4933 vividum
1656 4878 1831 4933 lumen
1856 4893 2068 4934 reman-

481 4975 554 5027 sit
580 4992 591 5023 :
624 4974 716 5026 tibi
746 4973 1037 5027 voluntatis
1073 4986 1165 5026 res
1212 4980 1330 5037 est,
1358 4985 1536 5024 nonne
1573 4970 1741 5024 multo
1767 4970 1936 5040 magis
1961 4969 2067 5026 tale

484 5064 844 5132 permanebit,
879 5065 1037 5133 quale
1064 5064 1132 5117 ab
1154 5062 1304 5116 initio
1330 5060 1580 5115 refulsit?
1610 5062 1721 5114 luto
1748 5076 1877 5115 vero
1906 5060 1949 5114 si
1974 5076 2068 5114 ve-

485 5156 665 5217 limus,
695 5169 799 5207 non
830 5155 934 5208 tale
961 5164 1165 5208 tantum
1206 5152 1557 5222 permanebit,
1609 5151 1703 5205 sed
1732 5150 2064 5220 splendidius

478 5246 640 5300 etiam
670 5245 794 5311 erit,
826 5244 904 5299 sic
948 5253 1009 5297 ut
1051 5246 1195 5314 ipsos
1227 5244 1387 5298 etiam
1414 5243 1545 5298 solis
1564 5241 1742 5296 radios
1762 5241 2058 5296 aemuletur.

484 5337 600 5391 Vin’
633 5346 688 5390 tu
722 5335 1016 5406 intelligere
1066 5350 1172 5406 quo
1221 5344 1378 5405 pacto
1434 5348 1719 5403 possumus
1751 5334 1910 5388 etiam
1942 5342 2063 5403 post

483 5429 698 5498 longum
727 5434 938 5494 tempus
972 5440 1095 5481 esse
1147 5441 1318 5495 nuper
1347 5424 1661 5479 illutninati?
1692 5424 1826 5478 Audi
1870 5425 2060 5494 quibus

479 5520 656 5574 verbis
679 5516 874 5573 Paulus
901 5516 1143 5571 homines
1164 5518 1331 5572 multo
1359 5525 1483 5570 ante
1514 5526 1754 5586 tempore
1788 5516 2056 5573 illumina-

480 5618 565 5662 tos
593 5610 896 5679 alloquatur
928 5607 1110 5662 :lnter
1151 5625 1273 5679 quas
1317 5609 1494 5663 lucetis
1539 5609 1670 5662 sicut
1696 5608 1968 5663 luminaria
2005 5611 2058 5664 in

493 5699 686 5767 nando,
710 5699 907 5755 verbum
930 5699 1044 5754 vita?
1063 5700 1368 5754 continentes
1389 5701 1457 5754 ad
1481 5700 1694 5771 gloriam
1715 5717 1872 5754 meum
1899 5700 2055 5772 (Plu-

2200 372 2328 441 lipp.
2355 371 2518 427 2.15.
2545 371 2655 442 16).
2680 372 2923 427 Veterem
2947 373 3285 445 laceramque
3312 383 3511 429 vestem
3538 375 3782 437 exuistis.

2197 464 2458 533 spirituali
2487 474 2757 535 unguento
2783 465 3005 520 delibuti
3032 468 3192 532 estis,
3246 468 3395 521 liberi
3440 484 3629 523 omnes
3665 469 3783 523 facti

2196 556 2326 609 estis
2356 573 2369 610 :
2400 571 2558 609 nemo
2583 556 2837 626 deinceps
2863 557 2929 611 ad
2970 560 3202 628 priorem
3229 559 3411 614 redeat
3443 563 3776 616 servitutem.

2197 647 2402 702 Bellum
2431 647 2697 717 quoddam
2720 663 2787 703 ac
2825 658 3094 703 certamen
3124 658 3249 704 sunt
3289 666 3376 705 res
3407 651 3542 705 istan.

2260 742 2584 797 Atltletarum
2610 744 2839 813 probatio
2868 745 2921 797 in
2950 743 3249 815 Olympicis.
3283 774 3355 786 --
3381 745 3548 799 Nemo
3573 756 3781 810 certat,

2191 834 2283 905 qui
2310 850 2501 889 servus
2526 836 2597 890 sit
2633 854 2647 890 :
2680 851 2837 889 nemo
2870 836 3056 890 militat
3081 836 3169 907 qui
3197 837 3267 890 sit
3304 837 3532 892 famulus
3561 857 3574 890 :
3605 839 3698 892 sed
3740 840 3785 894 si

2192 942 2380 982 servus
2407 926 2867 996 deprehendatur,
2892 942 2955 981 ex
2980 927 3101 981 albo
3128 928 3349 981 militum
3376 943 3494 982 cum
3522 930 3788 997 supplicio

2192 1019 2426 1087 ejtcitur.
2460 1020 2641 1090 Neque
2668 1035 2796 1074 vero
2827 1020 2877 1073 in
2907 1018 3006 1073 hac
3034 1028 3237 1074 tantum
3263 1018 3446 1073 militia
3470 1059 3489 1085 ,
3522 1019 3617 1074 sed
3647 1031 3703 1074 et
3732 1021 3784 1075 in

2191 1111 2480 1184 Olympicis
2508 1113 2888 1167 certaminibus
2918 1111 3059 1165 idem
3100 1112 3198 1166 iste
3242 1127 3359 1167 mos
3387 1113 3610 1167 obtinet.
3658 1112 3785 1167 Post

2192 1205 2405 1275 triginta
2433 1204 2576 1259 enim
2613 1204 2728 1259 dies
2762 1203 2848 1259 hic
2876 1214 3173 1258 transactos
3197 1245 3212 1269 ,
3243 1206 3293 1257 in
3319 1204 3633 1259 suburblum
3663 1206 3784 1260 illos

2189 1298 2409 1353 eductos
2432 1298 2856 1362 circumvehuut,
2885 1309 2937 1353 et
2969 1307 3079 1352 toto
3108 1298 3326 1352 sedente
3355 1297 3563 1354 theatro
3586 1299 3785 1353 clamat

2191 1406 2367 1461 praeco
2401 1409 2413 1444 :
2439 1390 2575 1444 Num
2606 1392 2726 1460 quis
2758 1390 2895 1445 hunc
2919 1392 3173 1445 accusat?
3212 1392 3279 1443 ita
3313 1399 3368 1443 ιιι
3395 1390 3540 1445 omni
3570 1391 3784 1445 servilis

2188 1482 2508 1539 conditionis
2545 1482 2846 1552 suspicione
2876 1481 3094 1551 depulsa
3121 1524 3134 1544 ,
3167 1482 3221 1536 in
3262 1483 3549 1555 certamina
3582 1482 3779 1552 pedem

2184 1576 2399 1630 inferat.
2447 1574 2601 1643 Quod
2629 1574 2673 1628 si
2705 1574 2947 1629 diabolus
2979 1574 3030 1628 in
3069 1589 3267 1645 agones
3303 1590 3431 1630 suos
3460 1590 3646 1630 servos
3671 1592 3780 1633 non

2188 1667 2450 1734 admittit,
2478 1682 2585 1739 quo
2612 1676 2770 1739 pacto
2798 1675 2875 1732 tu,
2904 1682 3025 1721 cum
3054 1669 3255 1737 peccati
3287 1682 3475 1722 servus
3502 1669 3739 1724 evaseris
3762 1709 3781 1733 ,

2189 1759 2241 1814 iti
2268 1758 2469 1814 Christi
2510 1769 2781 1815 certamen
2822 1757 3028 1828 ingredi
3072 1758 3275 1813 audes?
3314 1758 3424 1814 Illic
3462 1760 3679 1830 quidem
3705 1762 3782 1817 ait

2187 1865 2385 1921 prteeo,
2415 1849 2553 1909 Num
2577 1850 2696 1920 quis
2732 1850 2890 1919 liujus
2917 1850 2987 1903 sit
3010 1851 3327 1904 accusator?
3353 1849 3439 1905 hic
3464 1866 3593 1906 vero
3618 1851 3779 1906 Chri-

2187 1954 2303 1997 stus
2326 1958 2431 1997 non
2454 1943 2526 1997 ita
2548 1942 2696 2008 dicit,
2720 1942 2813 1998 sed
2838 1942 3083 2011 quamvis
3101 1955 3287 1996 omnes
3306 1951 3429 1997 ante
3454 1941 3779 2012 baptismum

2189 2034 2337 2089 illum
2366 2044 2639 2099 accusent,
2665 2033 2814 2100 dicit,
2832 2032 2953 2104 Ego
2975 2033 3125 2088 illum
3146 2032 3420 2087 admittam
3445 2044 3499 2088 et
3521 2035 3783 2089 servitute

2196 2124 2455 2189 liberabo,
2478 2136 2637 2196 atque
2665 2125 2716 2179 in
2745 2125 3044 2179 libertatem
3065 2124 3386 2179 vindicatum
3408 2125 3463 2179 in
3484 2126 3779 2180 certamina

2188 2217 2541 2274 introducam.
2578 2216 2733 2272 Vides
2762 2216 3096 2287 agonotheta:
3121 2216 3544 2287 benignitatem?
3570 2216 3687 2271 Νοη
3713 2232 3780 2272 ea

2187 2313 2377 2383 quaerit
2397 2328 2513 2383 qua-
2536 2312 2940 2383 praecesserint;
2970 2310 3063 2365 sed
3082 2326 3267 2366 eorum
3294 2327 3413 2380 qua:
3438 2324 3781 2381 consequun-

2184 2413 2290 2469 tur,
2314 2404 2477 2475 exigit
2502 2404 2785 2459 rationem.
2816 2402 2949 2458 Cum
2976 2416 3164 2457 servus
3188 2416 3356 2468 esses,
3380 2402 3524 2456 mille
3552 2417 3777 2456 accusa-

2185 2506 2329 2553 tores
2355 2497 2610 2561 habebas,
2640 2494 3046 2561 conscientiam,
3078 2506 3294 2565 peecata
3315 2537 3329 2557 ,
3362 2494 3635 2549 daemones
3661 2506 3779 2548 omo

2184 2607 2298 2647 nes.
2317 2590 2505 2647 Nullus
2525 2606 2633 2657 me,
2651 2590 2839 2659 inquit,
2862 2589 3072 2642 illorum
3091 2587 3373 2641 adversum
3393 2594 3443 2641 te
3462 2587 3780 2649 commovit.

2186 2701 2360 2756 neque
2386 2697 2438 2740 te
2467 2685 2602 2738 meis
2629 2682 3009 2738 certaminibus
3038 2680 3308 2751 indignum
3337 2678 3518 2734 censui
3536 2721 3550 2743 ,
3582 2678 3679 2733 sed
3707 2679 3780 2733 ad

2186 2779 2354 2833 luctas
2377 2776 2589 2841 admisi,
2617 2791 2723 2830 non
2750 2773 2822 2829 ob
2856 2784 2999 2829 tuam
3029 2772 3363 2843 dignitatem,
3383 2771 3477 2826 sed
3503 2770 3575 2824 ob
3600 2786 3782 2825 meam

2182 2871 2585 2942 benignitatem.
2616 2868 2769 2924 Mane
2790 2867 2949 2939 igitur
2968 2882 3031 2922 ac
3052 2867 3286 2931 decerta,
3312 2865 3423 2921 sive
3447 2864 3779 2921 currendum

2185 2964 2275 3025 sit,
2318 2963 2432 3017 sive
2478 2961 2711 3032 pugilatu
2737 3003 2753 3027 ,
2785 2961 2897 3015 sive
2926 2960 3201 3029 pancratio
3228 2956 3539 3012 certandum
3567 2956 3661 3023 sit,
3708 2972 3785 3011 ne

2184 3057 2393 3112 occulte
2416 3098 2431 3123 ,
2464 3071 2531 3111 ne
2560 3065 2764 3110 temere
2786 3095 2801 3121 ,
2836 3068 2933 3108 nec
2983 3053 3035 3107 in
3077 3067 3270 3106 vanum
3314 3049 3577 3104 deeertes.
3635 3048 3781 3103 Audi

2180 3151 2307 3222 quid
2333 3152 2503 3221 egerit
2544 3149 2758 3205 Paulus.
2798 3146 3087 3203 Confestim
3118 3145 3207 3200 ubi
3247 3144 3315 3200 de
3342 3144 3555 3199 lavacro
3580 3157 3783 3197 ascen-

2178 3244 2295 3307 dit,
2344 3243 2521 3299 statim
2574 3251 2692 3313 post
2742 3241 3064 3311 baptismum
3115 3237 3460 3301 deeertabat,
3515 3234 3783 3305 praedica-

2178 3337 2270 3393 bat
2302 3379 2317 3403 ,
2350 3336 2598 3406 quoniam
2626 3334 2713 3390 hic
2736 3344 2818 3390 est
2846 3332 3011 3388 Filius
3043 3330 3170 3393 Dei,
3201 3339 3255 3383 et
3276 3328 3487 3384 Judaeos
3509 3328 3621 3397 jam
3653 3326 3783 3383 inde

2177 3446 2206 3483 a
2238 3430 2412 3500 primo
2430 3428 2518 3483 die
2536 3426 2892 3482 confundebat
2914 3424 3049 3497 (Act.
3074 3421 3128 3478 9.
3148 3421 3264 3489 22).
3300 3423 3367 3475 At
3394 3430 3449 3473 tu
3480 3420 3782 3490 pricdicare

2176 3538 2285 3577 non
2312 3530 2484 3591 potes,
2505 3534 2679 3588 neque
2699 3516 2919 3572 verbum
2946 3515 3202 3570 doctrinae
3230 3513 3431 3569 habes?
3460 3512 3624 3583 Igitur
3643 3527 3782 3580 0pe~

2176 3614 2325 3668 ribus
2353 3622 2408 3667 et
2442 3609 2852 3665 conversatione
2878 3610 3256 3676 actionumque
3297 3604 3581 3675 splendore
3610 3605 3773 3659 doce.

2176 3704 2365 3759 aneat
2390 3704 2531 3760 enim
2559 3746 2574 3769 ,
2604 3702 2811 3772 inquit,
2840 3700 2933 3756 lux
2968 3710 3132 3755 vestra
3160 3716 3330 3752 coram
3360 3698 3649 3752 hominibus
3676 3740 3692 3762 ,
3719 3708 3779 3751 tu

2174 3797 2374 3851 videant
2397 3812 2551 3864 opera
2577 3804 2738 3850 vestra
2763 3794 2915 3860 bona,
2940 3804 2987 3846 et
3010 3793 3293 3864 gloriﬁcent
3318 3788 3527 3844 Patrem
3548 3800 3778 3843 oestrum

2174 3888 2260 3956 qui
2286 3888 2339 3940 in
2366 3887 2503 3941 aclis
2532 3886 2834 3956 est(Mattlt.
2858 3886 2911 3941 5.
2935 3886 3051 3955 i6).
3073 3884 3188 3938 Non
3220 3893 3367 3953 potes
3391 3881 3609 3938 Iudaeos
3642 3897 3781 3936 voce

2173 3978 2540 4033 confundere?
2567 3978 2672 4033 Fac
2702 3988 2757 4031 ut
2786 3987 2871 4031 tua
2903 3974 3310 4031 conversatione
3335 3972 3739 4029 confundantur
3759 4015 3777 4036 ,

2175 4070 2258 4125 fac
2302 4079 2360 4125 ιιι
2399 4079 2839 4125 commoveantur
2875 4077 2963 4122 tua
3006 4068 3299 4122 mutatione
3337 4067 3584 4137 gentiles.
3632 4065 3779 4121 Cum

2174 4164 2316 4219 enim
2342 4163 2575 4218 viderint
2602 4178 2725 4217 eum
2748 4162 2835 4231 qui
2864 4161 3113 4225 lascivus,
3146 4175 3339 4230 pravus
3361 4200 3378 4225 ,
3408 4172 3473 4212 ac
3492 4158 3784 4228 negligens

2173 4267 2228 4313 et
2250 4268 2532 4327 corruptus
2556 4264 2690 4321 erat,
2715 4255 2894 4310 subito
2924 4253 3089 4308 fuisse
3116 4260 3398 4316 mutatum,
3428 4260 3482 4305 et
3502 4260 3625 4321 post
3654 4267 3783 4304 ntu-

2179 4354 2432 4407 tationem
2458 4367 2524 4407 ea
2547 4351 2714 4421 gratia
2734 4349 3079 4403 mutationem
3103 4363 3166 4402 ex
3189 4345 3596 4401 conversatione
3616 4345 3782 4399 exhi-

2173 4442 2376 4510 buisse,
2397 4457 2576 4497 nonne
2596 4440 3008 4504 confundeutur,
3031 4448 3085 4495 et
3103 4438 3284 4495 dicent
3302 4437 3353 4493 id
3374 4436 3511 4509 quod
3535 4436 3602 4491 de
3622 4453 3786 4492 caeco

2172 4534 2341 4589 .Iudati
2369 4534 2636 4605 quondam
2664 4532 2942 4595 dicebant,
2977 4530 3078 4585 Hic
3102 4540 3208 4596 est,
3246 4528 3363 4583 Non
3394 4539 3468 4582 est
3496 4530 3583 4582 ille
3602 4570 3619 4594 ,
3652 4528 3783 4585 Ima

2163 4627 2281 4697 ipse
2306 4637 2378 4681 est
2415 4625 2595 4696 (Joau.
2627 4626 2679 4681 9.
2711 4624 2763 4680 8.
2794 4623 2891 4696 9)?
2917 4624 3053 4680 Sunt
3080 4623 3222 4677 enim
3254 4622 3369 4676 haec
3399 4620 3559 4676 verba
3584 4620 3785 4676 homi-

2166 4735 2300 4773 num
2316 4717 2693 4781 .confusorum,
2719 4717 2788 4772 de
2816 4717 3031 4772 nomine
3055 4716 3155 4771 sibi
3183 4726 3309 4769 noto
3333 4714 3600 4779 dubitare,
3628 4716 3787 4771 inter

2170 4825 2233 4865 se
2258 4808 2536 4873 dissidere,
2568 4809 2797 4878 propria:
2818 4807 3162 4863 conscientia:
3190 4806 3408 4860 minime
3431 4805 3683 4871 credere,
3714 4823 3788 4862 ac

2174 4916 2242 4956 ne
2263 4901 2375 4955 suis
2402 4899 2614 4970 quidem
2645 4900 2834 4955 oculis.
2865 4899 2956 4953 Ille
2984 4898 3277 4953 caecitatem
3307 4896 3648 4968 corporalem
3674 4898 3788 4951 ab-

2169 4992 2320 5059 jeeit,
2345 4999 2401 5046 tu
2423 4991 2751 5060 spiritualem
2777 4990 3073 5044 e:ecitatem
3096 4988 3373 5058 ahjecisti;
3404 4988 3492 5043 ille
3516 4988 3567 5042 in
3589 4989 3788 5046 solem

2174 5082 2315 5138 hunc
2338 5083 2592 5153 respexit,
2617 5090 2671 5136 tu
2704 5081 2757 5137 in
2785 5082 3004 5150 justitite
3028 5082 3198 5137 sulem
3229 5080 3453 5150 reSpice.
3486 5080 3785 5149 Agnovisti

2174 5176 2453 5231 Dominum
2480 5192 2493 5228 :
2516 5174 2600 5230 fac
2626 5176 2783 5245 igitur
2803 5190 2865 5230 ea
2886 5190 3003 5246 qua:
3020 5176 3129 5230 .ltac
3151 5174 3423 5245 agnitione
3447 5174 3555 5229 sint
3574 5172 3785 5244 digna,

2172 5277 2230 5322 ut
2260 5275 2317 5324 et
2343 5267 2591 5323 caelorum
2621 5283 2841 5337 regnum
2868 5267 3172 5337 assequaris
3191 5308 3206 5333 ,
3237 5267 3405 5337 gratia
3433 5276 3486 5320 et
3515 5266 3786 5337 benigni-

2172 5366 2279 5413 tate
2305 5359 2511 5413 Domiui
2538 5358 2704 5413 nostri
2729 5357 2856 5413 Jesu
2880 5358 3098 5421 Christi,
3132 5372 3226 5427 per
3249 5372 3408 5428 quem
3429 5365 3486 5409 et
3511 5372 3635 5409 cum
3660 5374 3792 5427 quo

2170 5451 2315 5506 Patri
2356 5450 2523 5522 gloria
2547 5491 2563 5516 ,
2595 5451 2764 5505 honor
2785 5491 2801 5516 ,
2831 5450 3114 5520 imperium
3140 5490 3155 5514 ,
3187 5465 3290 5503 una
3333 5463 3455 5502 cum
3486 5457 3686 5502 sancto
3714 5463 3791 5505 ac

2167 5542 2378 5597 vivifico
2402 5542 2622 5611 Spiritu,
2648 5556 2786 5597 nunc
2807 5549 2861 5597 et
2889 5556 3123 5613 semper,
3150 5549 3204 5597 et
3231 5543 3281 5595 in
3309 5540 3503 5596 saecula
3534 5542 3788 5597 sacculo-

2167 5651 2307 5691 rutu.
2340 5637 2531 5689 Amen.
