4010 6342
279 230 359 286 75
373 274 376 276 .

277 345 421 416 πρὸς
459 344 590 405 τοὺς
618 347 1010 414 νεοφωτίστους
1039 352 1268 420 ἀγαγεῖν
1302 357 1396 408 τὸν
1431 356 1608 424 λόγον.
1651 359 1876 426 Νεοφω-

274 428 504 492 τίστους
531 429 588 481 δὲ
617 429 784 497 λέγω.
823 432 943 501 οὐχὶ
972 435 1100 498 τοὺς
1141 439 1248 508 πρὸ
1283 439 1377 492 δύο
1407 441 1501 492 καὶ
1534 439 1724 510 τριῶν,
1757 442 1876 493 οὐδὲ

275 513 392 584 πρὸ
415 513 550 566 δέκα
586 514 812 585 ἡμερῶν
837 517 1209 584 φωτισθέντας
1237 523 1419 592 μόνον,
1459 523 1595 577 ἀλλά
1623 526 1717 578 καὶ
1749 527 1878 588 τοὺς

273 596 391 668 πρὸ
433 597 720 661 ἐνιαυτοῦ,
757 599 854 653 καὶ
911 602 1038 665 τοὺς
1069 605 1178 674 πρὸ
1220 606 1467 670 πλείονος
1516 609 1713 679 χρόνου
1737 625 1751 640 ·
1781 611 1877 662 καὶ

271 681 390 748 γὰρ
416 680 514 733 καὶ
567 681 796 744 τούτους
840 682 987 739 οὕτω
1019 686 1124 756 χρὴ
1175 688 1382 742 καλεῖν.
1424 691 1484 743 Εἰ
1532 691 1642 760 γὰρ
1676 692 1876 761 πολλὴν

270 764 519 836 σπουδὴν
547 764 978 836 ἐπιδεικνύμεθα
1014 770 1145 841 περὶ
1171 771 1270 842 τὴν
1316 772 1526 827 ἑαυτῶν
1563 773 1762 846 ψυχὴν,
1791 776 1876 841 ἐξ·

267 862 398 899 εστι
427 849 525 901 καὶ
553 850 694 919 μετά
722 848 859 902 δέκα
891 851 989 920 ἔτη
1029 847 1170 906 εἶναι
1198 856 1612 925 νεοφωτίστους,
1646 860 1742 912 ἐάν
1774 859 1874 929 τὴν

267 931 511 1002 νεότητα
546 934 648 1003 τὴν
693 933 802 986 ἀπὸ
833 934 929 987 τοῦ
973 937 1323 1008 φωτίσματος
1349 941 1712 1012 ἐγγινομένην
1742 945 1875 1014 ἡμῖν

263 1014 656 1085 διασώσωμεν.
685 1017 823 1070 Οὐδέ
851 1017 963 1089 γὰρ
1009 1021 1037 1073 6
1080 1020 1270 1092 χρόνος
1316 1025 1462 1076 ποιεῖ
1488 1023 1871 1094 νεοφώτιστον,

263 1099 392 1152 ἀλλ’
423 1101 453 1152 6
495 1098 608 1168 βίος
654 1102 683 1153 6
712 1101 990 1173 καθαρὸς’
1039 1103 1279 1176 ἐγχωρεῖ
1308 1106 1418 1178 γὰρ
1460 1109 1556 1161 καὶ
1600 1108 1741 1180 μετά
1780 1110 1874 1165 δύο

265 1181 490 1254 ἡμέρας
517 1182 786 1237 ἀπολέσαι
805 1185 867 1237 τὸ
893 1185 1112 1258 ἀξίωμα
1135 1189 1233 1259 τῆς
1264 1191 1638 1262 προσηγορίας
1667 1193 1759 1246 τὸν
1795 1195 1871 1266 μὴ

266 1267 638 1338 προσέχοντα.
673 1267 786 1318 Καὶ
819 1267 1013 1322 τούτου
1046 1271 1396 1344 παράδειγμα
1432 1275 1560 1345 ὑμῖν
1592 1275 1724 1346 ἐρῶ,
1753 1278 1871 1340 πῶς

266 1349 636 1419 νεοφώτιστος
661 1350 865 1415 εὐθέως
905 1352 1157 1408 ἀπώλεσε
1202 1357 1344 1425 μετὰ
1384 1357 1477 1411 δύο
1508 1361 1724 1430 ἡμέρας
1774 1361 1870 1413 καὶ

264 1433 374 1504 τὴν
403 1433 566 1505 χάριν
620 1432 715 1487 τοῦ
753 1435 1116 1504 νεοφωτίστου
1147 1441 1244 1491 καὶ
1280 1441 1379 1511 τὴν
1412 1444 1597 1514 τιμήν.
1627 1445 1788 1512 Λέγω
1811 1444 1869 1498 δὲ

262 1519 334 1571 τὸ
365 1517 744 1590 παράδειγμα,
781 1519 869 1572 ἵνα
914 1519 1116 1585 ἰδόντες
1144 1522 1207 1575 τὸ
1246 1524 1466 1596 πτῶμα,
1491 1527 1868 1599 ἀσφαλίσησθε

262 1602 373 1672 τὴν
424 1599 642 1654 ἑαυτῶν
690 1602 987 1672 σωτηρίαν.
1023 1605 1097 1658 Οὐ
1143 1605 1255 1678 γὰρ
1299 1608 1408 1662 ἀπὺ
1445 1609 1558 1662 τῶν
1615 1611 1868 1665 ἑστώτων

266 1687 421 1755 ὑμᾶς
446 1685 630 1756 μόνον,
659 1685 800 1738 ἀλλά
823 1686 919 1739 καὶ
945 1687 1056 1740 ἀπὸ
1079 1689 1187 1742 τῶν
1220 1692 1700 1761 ὐπεσκελισμένων
1727 1693 1870 1766 διορ-

263 1769 503 1823 θοῦσθαι
545 1770 651 1843 χρὴ
692 1770 792 1824 καὶ
819 1769 1168 1842 θεραπεύειν.
1205 1775 1390 1845 Σίμων
1421 1776 1451 1827 6
1499 1777 1674 1847 μάγος
1708 1793 1868 1848 μετε-

261 1854 488 1918 ϐάλετο,
518 1855 688 1926 φησὶ,
727 1855 824 1909 καὶ
861 1854 1183 1925 βαπτισθεὶς
1214 1861 1651 1931 προσκαρτερῶν
1687 1857 1756 1933 ἦν
1788 1861 1868 1933 τῷ

257 1938 544 2009 Φιλίππῳ,
575 1938 796 2010 θεωρῶν
818 1941 886 1992 τὰ
917 1942 1122 2011 σημεῖα
1144 1958 1156 1972 ·
1198 1941 1336 1997 ἀλλά
1368 1945 1488 2014 μετ’
1517 1944 1705 2014 ὀλίγας
1730 1947 1868 2016 ἠμέ-

264 2041 371 2094 ρας
405 2023 613 2086 εὐθέως
655 2024 962 2094 ἐπανῆλθεν
1000 2025 1094 2077 ἐπὶ
1133 2026 1233 2096 τὴν
1274 2027 1469 2081 ἐαυτοῦ
1513 2030 1735 2095 κακίαν,
1771 2031 1868 2084 καὶ

257 2108 355 2161 διὰ
381 2107 682 2178 χρημάτων
720 2107 974 2162 ἐϐούλετο
1006 2109 1106 2180 τὴν
1155 2111 1428 2183 σωτηρίαν
1471 2113 1759 2185 πρίασθαι.
1800 2115 1866 2168 Τί

257 2188 360 2246 οὖν
388 2208 522 2262 φησι
560 2191 638 2262 τῷ
667 2193 1017 2264 νεοφωτίστῳ
1058 2196 1086 2246 6
1118 2193 1357 2267 Πέτρος;
1401 2199 1507 2263 Είς
1541 2197 1741 2268 χολὴν
1773 2212 1866 2252 ,ττι-

259 2277 441 2342 κρίιις
484 2276 583 2329 καὶ
622 2275 979 2346 σύνδεσμον
1011 2276 1250 2344 ἀδικίας
1282 2277 1400 2346 ὁρῶ
1440 2295 1515 2333 σε
1541 2281 1722 2335 ὄντα·
1772 2283 1864 2336 διὸ

259 2360 515 2429 δεήθητι
561 2359 669 2414 τοῦ
718 2363 979 2429 Κυρίου,
1013 2363 1067 2415 εί
1117 2361 1234 2430 ἄρα
1271 2363 1645 2432 ἀφεθήσεταί
1679 2381 1780 2422 σοι
1822 2368 1862 2435 ἠ

259 2447 445 2499 κακία
475 2445 650 2512 αὕτη.
675 2444 843 2499 Οὐπω
886 2445 1046 2518 ἐνέϐη
1077 2449 1156 2511 είς
1193 2447 1322 2512 τοὺς
1363 2449 1604 2518 ἀγῶνας,
1637 2452 1733 2504 καὶ
1771 2451 1862 2504 εὐ-

261 2529 403 2593 θέως
443 2533 638 2584 ἔπεσεν
680 2530 761 2592 είς
815 2529 1022 2601 πτῶμα
1053 2532 1459 2601 ἀσύγγνωστον.
1510 2534 1724 2606 Ὥσπερ
1769 2531 1863 2590 οὖν

265 2617 382 2670 ἔστι
427 2615 566 2682 μετά
611 2613 706 2667 δύο
757 2615 976 2686 ἡμέρας
1026 2618 1251 2681 πεσεῖν,
1301 2618 1397 2671 καὶ
1453 2618 1720 2672 ἀπολέσαι
1761 2621 1862 2690 τὴν

260 2699 642 2769 προσηγορίαν
684 2698 777 2751 τοῦ
813 2699 1175 2768 νεοφωτίστου
1227 2701 1324 2755 κα)⁴
1353 2701 1454 2773 τὴν
1494 2703 1678 2775 χάριν,
1718 2703 1863 2758 οὕτω

257 2785 361 2836 καὶ
391 2783 531 2852 μετά
549 2781 681 2834 δέκα
706 2780 802 2852 ἐτη
835 2784 930 2835 καὶ
963 2783 1137 2836 εἴκοσι
1171 2784 1266 2838 καὶ
1299 2785 1462 2856 μέχρι
1491 2787 1592 2856 τῆς
1624 2789 1860 2858 ἐσχάτης

257 2866 479 2938 ἡμέρας
519 2867 667 2921 ἐστιν
715 2863 864 2934 ἔχειν
901 2865 998 2918 καὶ
1039 2865 1294 2938 λαμπρὸν
1320 2868 1481 2923 τοῦτο
1522 2871 1617 2923 καὶ
1663 2873 1858 2942 σεμνὸν

254 2951 440 3020 ὄνομά
472 2969 532 3004 τε
555 2950 651 3005 καὶ
680 2951 938 3023 πρᾶγμα.
966 2952 1078 3004 Καὶ
1104 2951 1295 3005 τούτου
1323 2954 1536 3025 μάρτυς
1561 2957 1860 3022 ἁπῦστολος

259 3036 502 3101 Παῦλος,
535 3038 593 3088 ἐν
621 3037 772 3107 γήρᾳ
816 3035 1128 3106 διαλάμψας
1167 3039 1454 3108 μειζόνως.
1501 3041 1720 3112 Ἐπειδὴ
1750 3043 1860 3114 γὰρ

257 3124 296 3192 ἡ
326 3122 516 3192 νεότης
544 3120 687 3192 αῦτη
729 3121 831 3175 οὐκ
861 3120 970 3174 ἀπὸ
997 3120 1236 3191 φύσεως,
1273 3124 1390 3178 ἀλλ’
1422 3125 1690 3197 ἑκατέρας
1719 3144 1856 3198 προ-

256 3206 528 3276 αιρέσεως
556 3207 719 3278 ἡμεῖς
767 3205 937 3276 ἐσμεν
961 3204 1175 3274 κύριοι,
1227 3207 1322 3262 καὶ
1363 3208 1424 3262 τὸ
1472 3211 1712 3280 γηρᾶσαι
1763 3213 1860 3266 καὶ

259 3296 446 3364 μεῖναι
469 3291 624 3355 νέους
656 3292 713 3344 ἐν
744 3291 878 3363 ἡμῖν
903 3292 1023 3345 ἐστι
1049 3291 1320 3362 κείμενον.
1359 3295 1483 3348 Ἐπὶ
1511 3297 1611 3366 μὲν
1631 3295 1741 3368 γὰρ
1763 3297 1858 3351 τοῦ

259 3377 518 3449 σώματος
545 3376 648 3430 κᾶν
692 3376 911 3431 ᾶπαντά
940 3394 1026 3442 τις
1071 3378 1469 3453 ἐπισπουδάζῃ.
1498 3379 1604 3434 κᾶν
1641 3380 1860 3437 ἅπαντά

255 3479 343 3525 τις
370 3461 858 3533 πραγματεύηται,
887 3460 984 3515 καὶ
1015 3461 1090 3533 μὴ
1120 3463 1426 3536 κατατρίϐῃ
1450 3464 1510 3517 τὸ
1543 3465 1724 3536 σῶμα,
1751 3466 1858 3521 κᾶν

254 3549 388 3617 ποιῇ
442 3545 628 3616 μένειν
670 3538 849 3609 ἔνδον,
893 3545 1000 3599 κᾶν
1049 3549 1124 3617 μὴ
1175 3547 1464 3620 κατατείνῃ
1509 3553 1622 3613 τοῖς
1670 3551 1858 3616 πόνοις

255 3631 395 3683 αὐτὸ
426 3631 649 3693 καὶτοῖς
680 3629 966 3700 συνεχέσιν
993 3630 1198 3699 ἔργοις,
1224 3631 1442 3696 πάντως
1473 3633 1616 3687 κατά
1636 3635 1728 3688 τὸν
1755 3635 1858 3705 τῆς

258 3715 480 3784 φύσεως
505 3716 669 3784 νόμον
704 3714 982 3777 καὶοῦτως
1000 3715 1136 3768 αὐτὸ
1163 3715 1533 3787 καταλήψεται
1558 3718 1620 3770 τὸ
1641 3721 1819 3788 γῆρας
1837 3737 1851 3750 ο

257 3802 354 3852 ἐπὶ
380 3799 439 3851 δέ
472 3799 568 3868 τῆς
602 3797 780 3868 ψυχῆς
807 3799 904 3868 οὐχ
926 3797 1129 3862 οὕτως’
1162 3799 1277 3853 ἀλλ’
1315 3800 1381 3853 ἂν
1413 3802 1486 3871 μὴ
1517 3804 1856 3876 κατατρίϐῃς

257 3883 457 3954 αὐτὴν,
501 3881 637 3953 μηδὲ
682 3880 799 3953 [59]
843 3881 1170 3956 κατατείνῃς
1203 3884 1386 3947 πόνοις
1439 3885 1712 3954 βιωτικοῖς
1762 3893 1855 3944 καὶ

257 3970 557 4038 κοσμικαῖς
601 3967 869 4036 φροντίσι.
916 3965 1070 4035 μένει
1107 3967 1400 4032 διαπαντὸς
1445 3971 1725 4042 ἀκραιφνῆ
1754 3975 1856 4046 τὴν

253 4052 490 4121 νεότητα
520 4049 874 4121 διατηροῦσα.
891 4051 1004 4120 Οὐχ
1023 4052 1186 4121 ὁρᾶτε
1209 4050 1432 4117 τούτους
1459 4055 1585 4118 τοὺς
1617 4056 1855 4128 ἀστέρας

249 4136 383 4198 τοὺς
417 4136 474 4186 ἐν
502 4136 617 4196 τοῖς
653 4134 942 4204 οὐρανοῖς;
985 4134 1358 4205 Ἐξακισχίλια
1383 4137 1567 4191 λοιπὸν
1597 4141 1727 4210 ἡμῖν
1757 4140 1852 4213 ἐτη

251 4219 532 4288 φαίνουσι,
573 4217 668 4270 καὶ
698 4216 876 4280 οὐδεὶς
912 4217 1094 4270 αὐτῶν
1126 4219 1503 4291 ἀμαυρότερος
1524 4222 1764 4291 γέγονεν.
1788 4225 1852 4277 El

251 4307 313 4358 δὲ
341 4304 471 4357 ἔνθα
502 4303 688 4374 φύσις,
724 4303 899 4368 οὕτως
934 4303 1150 4375 ἔμεινεν
1185 4307 1422 4377 ἀκμαῖον
1449 4309 1510 4361 τὸ
1544 4309 1687 4378 φῶς·
1724 4311 1854 4366 ἔνθα

254 4387 604 4460 προαίρεσις,
634 4387 696 4440 οὐ
726 4387 906 4457 πολλῷ
945 4388 1150 4458 μᾶλλον
1181 4394 1334 4460 μενεῖ
1363 4392 1626 4458 τοιοῦτον,
1655 4389 1765 4449 οἷον
1793 4399 1850 4464 ἐξ

251 4473 435 4543 ἀρχῆς
465 4471 708 4542 έλαμψες
740 4471 959 4525 Μᾶλλον
979 4472 1056 4538 δὲ,
1082 4471 1177 4525 ἐὰν
1199 4474 1494 4546 ἐθέλωμεν,
1522 4478 1584 4530 οὺ
1611 4480 1852 4534 τοιοῦτον

459 4531 629 4627 μενεῖ,
659 4554 798 4609 ἀλλὰ
848 4555 943 4608 καὶ
993 4556 1376 4628 λαμπρότερον
1413 4558 1603 4623 ἔσται,
1634 4561 1710 4626 ὡς
1754 4566 1850 4617 καὶ

249 4642 392 4712 πρὸς
426 4641 597 4703 αὐτάς
635 4638 968 4709 ἁμιλλᾶσθαι
989 4640 1091 4703 τάς
1127 4641 1362 4710 ἡλιακὰς
1391 4643 1633 4708 ἀκτῖνας.
1659 4646 1850 4700 Βούλει

251 4725 454 4796 μαθεῖν
483 4724 601 4786 πῶς
639 4723 816 4789 ἔξεστι
859 4724 954 4776 καὶ
995 4723 1135 4794 μετά
1167 4725 1357 4795 χρόνον
1403 4723 1544 4782 εἶναι
1585 4731 1848 4800 νεοφωτί-

251 4828 449 4876 στους;
487 4811 754 4862 Ἄκουσον
774 4809 826 4861 τί
855 4825 1018 4878 φησιν
1047 4811 1076 4861 6
1109 4810 1322 4874 Παῦλος
1355 4812 1492 4882 πρὸς
1526 4813 1848 4885 ἀνθρώπους

248 4895 360 4967 πρὸ
388 4893 586 4946 πολλοῦ
607 4892 701 4947 τοῦ
728 4892 922 4963 χρόνον
948 4894 1396 4964 πεφωτισμένους
1416 4913 1430 4927 ·
1467 4897 1570 4951 Ἐν
1593 4893 1681 4965 οἷς
1713 4901 1848 4968 φαί-

243 4981 435 5033 νεσθε
464 4978 544 5043 ὡς
587 4975 903 5046 φωστῆρες
934 4975 1005 5028 ἐν
1034 4979 1260 5046 κόσμῳ,
1296 4979 1484 5049 λόγον
1529 4979 1679 5050 ζωῆς
1712 4982 1847 5035 ἐπέ-

245 5079 469 5134 χον-τες
492 5063 582 5127 είς
609 5061 890 5128 καύχημα
921 5061 1070 5130 ἐμοί.
1110 5063 1481 5117 Ἀπεδύσασθε
1518 5066 1580 5118 τὸ
1616 5065 1845 5120 παλαιὸν

245 5148 344 5200 καὶ
364 5145 665 5217 διερρωγὸς
691 5145 927 5214 ἱμάτιον,
959 5145 1254 5214 ὴλείψασθε
1287 5148 1348 5200 τὸ
1385 5148 1557 5222 μύρον
1591 5151 1651 5204 τὸ
1682 5169 1848 5206 πνευ-

247 5230 506 5305 ματικὸν,
534 5230 809 5300 ἐλεύθεροι
843 5230 1044 5293 πάντες
1093 5231 1382 5300 ἐγένεσθε·
1427 5234 1616 5304 μηδεὶς
1657 5235 1844 5292 λοιπὸν

246 5318 347 5369 ἐπὶ
375 5320 475 5386 τὴν
512 5314 758 5368 δουλείαν
798 5316 1184 5386 ἐπανερχέσθω
1212 5319 1311 5389 τὴν
1342 5319 1638 5391 προτέραν.
1677 5322 1844 5376 Πόλε-

249 5405 352 5476 μος
378 5403 500 5454 ἐστι
529 5401 599 5454 τὰ
622 5400 924 5470 πράγματα
953 5400 1049 5451 καὶ
1068 5399 1242 5466 ἁγών.

580 5780 847 5840 Ριιῐιιυι..
895 5783 938 5843 G
952 5801 1009 5845 ιι.
1063 5785 1160 5848 ιλ.

837 260 904 315 ΙΝ
945 256 1482 315 ιΝεοιιιρτιοΝΕΜ
1519 258 1824 322 ATTARIS

1993 263 2059 318 IN
2100 260 2492 330 PRINCIPIUM
2535 262 2890 321 ACTORUM.
2958 263 2993 320 Ι.
3495 275 3567 331 78

2058 365 2250 424 οὐδεὶς
2280 369 2606 437 ἀγωνίζεται
2637 372 2844 442 δοῦλος,
2883 376 3057 440 οὐδεὶς
3096 383 3449 450 στρατεύεται
3492 395 3570 446 οξ·

1984 446 2182 518 κέτης·
2217 449 2332 502 ἀλλ’
2365 451 2460 504 ἐάν
2496 453 2609 523 ἁλῷ
2641 455 2827 521 δοῦλος
2861 460 2960 523 ὢν,
3005 463 3143 530 μετά
3167 446 3449 538 τιμωρίας
3479 474 3568 526 ἐκ-

1981 527 2234 586 ϐάλλεται
2278 534 2371 587 τοῦ
2410 533 2519 587 τῶν
2565 542 2911 609 στρατιωτῶν
2956 544 3282 615 καταλόγου.
3328 553 3443 606 Οὐκ
3476 557 3570 609 ἐπὶ

1979 613 2079 682 τῆς
2119 616 2411 681 στρατείας
2437 618 2493 672 δὲ
2531 620 2756 693 ταύτης,
2785 625 2925 678 ἁλλά
2964 628 3056 680 καὶ
3085 613 3184 684 ἐπί
3227 634 3334 686 τῶν
3374 637 3570 708 Ὀλυμ-

1980 697 2194 751 πιακῶν
2225 699 2454 769 ἀγώνων
2484 703 2546 756 τὸ
2565 705 2698 758 αὐτὸ
2725 707 2883 761 τοῦτο
2904 708 3024 775 ἔθος
3043 717 3254 784 κρατεῖ.
3276 718 3431 772 Μετά
3458 697 3567 789 γάρ

1978 778 2077 844 τὰς
2097 782 2391 868 τριάκοντα
2422 787 2638 858 ἡμέρας
2678 789 2776 852 τὰς
2811 792 3046 848 ἐνταῦθα
3078 778 3445 868 ἀναγαγόντες
3469 778 3567 856 ξιιύζ

1976 865 2105 927 τοὺς
2126 867 2208 929 εἰς
2236 867 2297 920 τὸ
2338 871 2666 938 προάστειον
2694 875 3045 945 περιάγουσι,
3087 865 3302 936 καὶτοῦ
3334 865 3564 958 θεάτρου

1977 946 2292 1018 καθημένου
2319 955 2542 1018 παντὸς,
2576 955 2674 1027 βοᾷ
2697 959 2725 1010 ὁ
2763 959 2960 1030 κήρυξ,
2983 960 3076 1032 Μή
3102 982 3187 1029 τις
3211 967 3399 1021 τούτου
3430 946 3562 1024 κατ-

1973 1036 2196 1104 ηγορεῖ;
2239 1036 2381 1090 ὥστε
2414 1038 2579 1094 αὐτὸν
2624 1042 3145 1114 ἀποσκευασάμενον
3185 1050 3287 1120 τῆς
3315 1050 3563 1118 δουλείας

1972 1115 2072 1186 τὴν
2102 1117 2362 1188 ὑποψίαν,
2387 1121 2559 1187 οὓτως
2590 1125 2670 1189 είς
2709 1127 2837 1191 τοὺς
2875 1129 3095 1197 ἀγῶνας
3129 1115 3386 1204 ἐμϐῆναι.
3415 1137 3479 1190 Εἰ
3504 1115 3563 1191 δέ

1973 1202 2002 1253 6
2042 1199 2286 1266 διάϐολος
2314 1205 2376 1257 οὐ
2410 1206 2622 1276 δέχεται
2658 1208 2877 1276 δούλους
2909 1216 2990 1278 είς
3027 1199 3408 1287 τούςάγῶνας
3435 1223 3564 1286 τοὺς

1974 1282 2193 1350 ἐαυτοῦ,
2228 1285 2346 1351 πῶς
2375 1289 2440 1343 σὺ
2473 1290 2678 1363 τολμᾷς
2713 1293 2898 1360 δοῦλος
2929 1299 3220 1370 γενόμενος
3240 1282 3345 1372 ⁷τῆς
3377 1282 3561 1377 ἀμαρί

1972 1367 2094 1432 τίας
2133 1371 2215 1433 είς
2253 1373 2380 1456 τούς
2410 1374 2631 1443 ἀγῶνας
2672 1377 2908 1449 ἐμϐῆναι
2939 1381 3035 1435 τοῦ
3063 1367 3362 1456 ’Χριστοῦς
3417 1367 3566 1444 ;Εκεῖ

1975 1451 2074 1521 μὲν
2097 1453 2124 1503 6
2157 1453 2330 1523 κήρυξ
2348 1454 2516 1524 λέγει,
2539 1458 2624 1529 Μή
2646 1477 2732 1523 τις
2752 1462 2940 1516 τούτου
2966 1451 3298 1538 κατήγορος
3327 1451 3560 1526 ἐνταῦθα

1971 1535 2030 1619 δέ
2077 1537 2126 1619 6_
2153 1537 2390 1608 Χριστὸς
2440 1541 2538 1610 οὐχ
2569 1543 2713 1597 οὕτω
2765 1544 2945 1614 λέγει’
2995 1535 3133 1604 ἀλλ-ἀ
3178 1535 3290 1606 κᾶν
3324 1555 3560 1619 ἅπαντες

1973 1617 2142 1670 αὐτοῦ
2165 1623 2593 1706 κατηγοργήσωσι
2635 1626 2747 1696 πρὸ
2790 1629 2888 1684 τοῦ
2929 1629 3342 1706 βαπτίσματος,
3375 1617 3559 1706 λέγει,

1978 1701 2552 1792 Ἐγὼδέξομαι-αὐτδν,
2569 1712 2664 1766 καὶ
2693 1701 3152 1790 ἀποσκευάσομαι
3166 1721 3264 1792 τῆς
3292 1701 3559 1787 δουλείας,

1971 1787 2066 1836 καὶ
2088 1788 2320 1870 ποιήσας
2349 1788 2636 1865 ἐλεύθερον
2663 1797 2744 1860 είς
2767 1797 2892 1862 τοὺς
2915 1787 3134 1870 ἀγῶνας
3158 1787 3373 1869 εἰσάξω.
3408 1803 3559 1870 Εἶδες

1971 1867 2799 1957 φιλανθφπίανγάγωνοθέτοω
2850 1882 2928 1935 οὐ
2964 1867 3132 1954 Ἵζητεῖ
3173 1886 3242 1940 τά
3283 1867 3556 1957 πρότερα,

1970 1952 2108 2006 ἀλλά
2139 1953 2250 2007 τῶν
2280 1956 2418 2026 μετά
2447 1960 2626 2015 ταῦτα
2653 1962 2886 2029 εὐθύνας
2914 1952 3157 2022 ἀπαιτεῖ.
3197 1952 3340 2024 Ὄτε-
3372 1952 3559 2034 δοῦλος

1968 2032 2056 2108 ἧς,
2095 2038 2323 2109 μυρίους
2355 2036 2502 2113 εἶχες
2534 2048 2893 2119 κατηγόρους,
2931 2050 2986 2105 τὸ
3011 2054 3357 2118 συνειδὸς,τά
3378 2032 3561 2127 ἀμαρζ

1975 2125 2210 2192 πήματα,
2243 2127 2372 2190 τοὺς
2400 2127 2662 2200 δαίμονας
2701 2132 2970 2200 ἅπαντας.
3006 2138 3196 2202 Οὐδείς
3246 2157 3336 2210 με,
3367 2143 3555 2212 φησὶν,

1966 2206 2192 2260 ἐκείνων
2226 2210 2446 2282 ἐκίνησε
2480 2215 2622 2270 κατὰ
2667 2217 2784 2283 σοῦ,
2827 2221 2947 2274 οὐδέ
2986 2223 3214 2294 ἐνόμισά
3247 2242 3306 2276 σε
3338 2226 3558 2293 ἀνάξιον

1965 2291 2074 2346 τῶν
2098 2293 2330 2362 ἀγώνων
2360 2297 2467 2352 τῶν
2494 2300 2667 2370 ἐμῶν,
2698 2303 2814 2357 ἀλλ’
2849 2291 3118 2380 ἐδεξάμην
3152 2310 3232 2372 εἰς
3262 2310 3330 2362 τὰ
3366 2291 3560 2364 παλαί⁶

1969 2392 2174 2446 σματα,
2213 2380 2314 2433 οὐκ
2352 2381 2462 2435 ἀπὸ
2501 2384 2604 2454 τῆς
2639 2387 2799 2452 ἀξίας
2833 2391 2934 2462 τῆς
2987 2393 3110 2464 σῆς,
3160 2393 3276 2446 ἀλλ’
3322 2395 3432 2449 ἀπὸ
3457 2398 3557 2467 τῆς

1965 2459 2107 2531 ἐμῆς
2133 2461 2560 2536 φιλανθρωπίας.
2590 2471 2732 2523 Μένε
2772 2459 2949 2526 τοίνυν
2983 2459 3076 2528 καὶ
3121 2476 3412 2545 ἀγωνίζου,
3450 2459 3558 2532 κάν

1963 2544 2178 2613 τρέχειν
2205 2545 2323 2617 δέῃ,
2353 2549 2456 2601 κᾶν
2490 2555 2805 2621 πυκτεύειν,
2835 2559 2942 2611 κᾶν
2978 2561 3413 2630 παγκρατιάζειν
3432 2579 3444 2592 ·
3479 2563 3560 2635 μὴ

1965 2626 2195 2698 ἀδήλως,
2222 2632 2357 2702 μηδέ
2390 2635 2596 2701 ἁπλῶς,
2629 2639 2763 2710 μηδὲ
2801 2643 2944 2713 είκῆ.
2975 2626 3243 2698 ’Ἄκουσον
3271 2647 3323 2699 τί
3363 2626 3551 2719 ἐποίηξ

1966 2727 2058 2764 σεν
2093 2714 2121 2765 6
2171 2714 2400 2779 Παῦλος.
2449 2720 2667 2784 Εὐθέως
2703 2724 2812 2776 ἀπὸ
2840 2727 2952 2780 τῶν
2999 2729 3262 2798 ναμάτων
3310 2714 3553 2795 ἀναϐὰς,

1963 2796 2163 2886 αὐτίκα
2197 2798 2306 2852 ἀπὸ
2335 2801 2431 2855 τοῦ
2471 2804 2848 2878 βαπτίσματος
2886 2796 3207 2880 ἠγωνίζετο,
3255 2815 3557 2886 ἐκήρυττεν

1963 2879 2046 2932 ὅτι
2074 2874 2230 2944 οὗτός
2268 2883 2420 2940 ἐστιν
2451 2887 2483 2940 6
2508 2889 2637 2954 Υίὸς
2679 2874 2774 2945 τοῦ
2815 2874 2982 2947 Θεοῦο
3016 2874 3110 2950 καὶ
3425 2899 3554 2962 τοὺς

1975 2961 2262 3029 Ἰουδαίους
2303 2968 2414 3021 ἀπὸ
2450 2971 2696 3045 πρώτης.
2739 2975 2878 3029 Ἀλλ’
2913 2979 2974 3031 οὐ
3044 2961 3554 3052 δύνασαί-κηρῦξαι

1963 3045 2049 3130 σὺ,
2091 3048 2212 3130 οὐδέ
2257 3049 2404 3120 ἔχεις
2448 3053 2828 3112 διδασκαλικὸν
2857 3060 3048 3130 λόγον;
3095 3063 3304 3118 Οὐκοῦν
3341 3045 3556 3130 δίδαξον

1959 3127 2050 3181 διὰ
2071 3129 2180 3185 τῶν
2194 3132 2407 3220 -ἕργων
2428 3137 2534 3220 ,καὶ
2563 3140 2663 3211 τῆς
2712 3127 3010 3209 πολιτείας,
3043 3145 3132 3200 διὰ
3172 3145 3274 3216 τῆς
3306 3127 3554 3220 λαμπρό-

1959 3227 2118 3301 τητος
2150 3215 2260 3270 τῶν
2305 3217 2576 3290 πράξεων.
2617 3225 2922 3294 Λαμψὰτω
2951 3229 3080 3299 γὰρ,
3133 3215 3289 3301 φησὶ,
3329 3215 3395 3284 τό
3424 3215 3552 3301 φῶς

1959 3294 2130 3364 ὑμῶν
2201 3301 2549 3370 ἔμπροσθεν
2607 3307 2727 3361 τῶν
2758 3294 3107 3378 ἀνθιώπων,
3162 3315 3323 3381 ὅπως
3383 3315 3554 3370 ἴθι-,σι

1960 3378 2034 3432 τὰ
2057 3384 2244 3468 -καλά
2277 3382 2421 3455 ἔργα
2462 3389 2650 3458 ὑμῶν,
2692 3392 2791 3444 καί
2835 3392 3145 3458 δοξάσωσι
3180 3378 3552 3468 τὸν-Πατέρα

1959 3463 2129 3533 ὑμῶν
2159 3467 2268 3521 τὸν
2311 3470 2382 3523 ἐν
2413 3472 2540 3539 τοῖς
2584 3476 2886 3544 οὐρανοῖς.
2919 3479 2994 3532 Οὐ
3042 3481 3268 3535 δύνασαι
3299 3487 3551 3556 συγχέειν

1973 3548 2258 3614 Ἰουδαίους
2304 3552 2392 3607 διά
2428 3555 2528 3626 τῆς
2564 3559 2780 3629 φωνῆς;
2819 3561 3054 3632 Ποίησον
3096 3566 3295 3631 αὐτοὺς
3347 3548 3552 3638 συγχυ-

1961 3629 2122 3724 θῆναι
2153 3632 2241 3687 διὰ
2269 3637 2370 3707 τῆς
2402 3639 2698 3706 πολιτείας,
2741 3629 2966 3716 ποίησον
3002 3649 3096 3700 καὶ
3136 3629 3404 3721 Ἕλληνας

1958 3712 2336 3806 θρρυϐηθῆναι
2377 3720 2467 3774 διὰ
2508 3724 2609 3806 τῆς
2660 3712 2986 3800 μεταϐολῆς.
3040 3731 3210 3785 Ὅταν
3253 3712 3550 3806 γάρ-ῖδωσί

1956 3794 2048 3848 τὸν
2075 3798 2185 3869 πρὸ
2207 3801 2398 3855 τούτου
2424 3794 2760 3878 ἀσελγῆ,τὸν
2787 3794 3044 3885 πονηρὸν,
3064 3814 3158 3868 τὸν
3177 3794 3546 3888 ἠμελημένον,

1956 3880 2048 3933 τὸν
2070 3881 2490 3972 διεφθαρμένον,
2521 3891 2718 3962 ἀθρόον
2757 3880 3257 3969 μεταϐεϐλημένον,
3289 3880 3380 3954 καί
3411 3880 3551 3972 μετά

1955 3965 2054 4034 τῆς
2075 3968 2391 4058 ιμεταϐολῇς
2434 3974 2537 4058 τῆς
2572 3977 2715 4031 κατά
2743 3979 2841 4049 τὴν
2894 3965 3085 4054 χάριν,
3113 3965 3423 4058 μεταϐολὴν
3449 3987 3548 4056 τὴν

1957 4049 2100 4101 κατὰ
2130 4051 2228 4121 τὴν
2254 4054 2531 4111 πολιτείαν
2561 4049 2992 4133 ἐνδεικνύμενον,
3017 4066 3079 4118 οὐ
3113 4069 3548 4140 συγχυθήσονται

1957 4131 2052 4183 καὶ
2075 4133 2313 4223 ἐροῦσιν,
2342 4138 2480 4211 ὅπερ
2509 4141 2602 4196 ἐπὶ
2638 4143 2731 4197 τοῦ
2772 4131 2976 4216 τυφλοῦ
3003 4151 3054 4201 οἱ
3088 4131 3546 4223 Ἰουδαῖοι-ἔλεγόν

1959 4233 2112 4282 ποτε,
2147 4215 2339 4288 Οὗτός
2359 4223 2551 4289 ἐστιν,
2583 4229 2696 4281 οὐκ
2725 4215 2899 4284 ἔστιν
2937 4228 3136 4301 οὗτος,
3176 4238 3360 4305 αὐτός
3380 4239 3545 4306 ἑστι;

1956 4299 2388 4390 Συγκεχυμένων
2435 4307 2544 4380 γὰρ
2572 4310 2748 4366 ταῦτα
2779 4313 2846 4367 τά
2892 4299 3136 4387 ῥήματα,
3181 4299 3546 4390 ἀμφιϐάλλειύ

1955 4385 2092 4478 περὶ,
2116 4385 2210 4437 τυῦ
2244 4391 2545 4461 γνωρίμου,
2570 4385 2981 4461 διαστασιάζειν
3020 4401 3158 4472 πρὸς
3189 4403 3436 4468 ἑαυτοὺς,
3465 4405 3545 4478 τῷ

1953 4467 2139 4538 οἰκείῳ
2191 4473 2456 4526 συνειδότι
2495 4476 2569 4548 μὴ
2621 4479 2935 4548 πιστεύειν,
2982 4483 3120 4555 μηδὲ
3175 4488 3286 4550 τοῖς
3332 4488 3544 4543 ἑαυτῶν

1953 4550 2272 4622 ὀφθαλμοῖς.
2319 4558 2616 4612 Ἀπέϐαλεν
2645 4563 2854 4627 ἐκεῖνος
2874 4550 3326 4640 τῆν’σωματικὴν
3353 4571 3547 4643 πήρω-

1955 4650 2058 4696 σιν,
2092 4636 2368 4702 ἀπέϐαλες
2409 4642 2476 4694 σὺ
2503 4643 2604 4714 τὴν
2638 4644 2878 4718 ψυχικὴν
2924 4636 3214 4719 πήρωσιν
3246 4636 3546 4724 ἀνέϐλέᾦεν

1952 4717 2160 4782 ἐκεῖνος
2182 4723 2263 4785 είς
2300 4724 2392 4776 τὸν
2426 4726 2577 4794 ἥλιον
2605 4729 2816 4795 τοῦτον,
2838 4717 3154 4802 ἀνάϐλεψον
3187 4735 3252 4788 σὺ
3281 4737 3418 4806 πρὸς
3449 4717 3546 4792 τὸν

1949 4801 2103 4870 ἥλιον
2133 4807 2232 4876 τῆς
2263 4807 2634 4880 δικαιοσύνης.
2662 4812 2941 4882 Ἐπέγνως
2967 4815 3056 4869 τὸν
3072 4801 3389 4890 Δεσπότην·
3417 4821 3545 4888 ἀξια

1950 4885 2138 4940 τοίνυν
2190 4890 2402 4960 πρᾶξον
2431 4893 2533 4962 τῆς
2562 4896 2915 4963 ἐπιγνώσεως
2941 4915 2954 4929 ·
2989 4900 3076 4953 ἵνα
3121 4901 3214 4955 καὶ
3249 4903 3351 4974 τῆς
3389 4903 3546 4974 βασι-

1949 4968 2095 5034 λείας
2114 4972 2225 5026 τῶν
2249 4976 2498 5048 οὐρανῶν
2519 4980 2805 5055 ἐπιτύχῃς,
2831 4985 3013 5054 χάριτι
3044 4986 3138 5038 καί
3159 4968 3545 5064 φιλανθρωπίᾳ
3571 5032 3580 5042 .

1948 5053 2042 5106 τοῦ
2079 5056 2286 5128 Κυρίου
2309 5060 2470 5130 ἡμῶν
2510 5063 2681 5132 Ἰησοῦ
2717 5053 2980 5136 Χριστοῦ,
3013 5067 3081 5121 δι’
3113 5053 3180 5123 οὗ
3211 5073 3305 5124 καὶ
3336 5053 3456 5144 μεθ’
3482 5053 3548 5130 οὐ

1945 5136 2025 5229 τῷ
2057 5139 2236 5213 Πατρὶ
2293 5144 2454 5210 δόξα,
2491 5147 2661 5218 τιμὴ,
2710 5151 2932 5221 κράτος,
2977 5151 3095 5223 ἅμα
3138 5155 3216 5226 τῷ
3264 5136 3406 5229 ἁγίῳ
3449 5163 3545 5214 καὶ

1947 5218 2196 5294 ζωοποιῴ
2227 5226 2528 5300 Πνεύματι,
2558 5231 2653 5286 νῦν
2676 5218 2768 5287 καί
2799 5235 2908 5304 ἀεὶ,
2941 5236 3036 5290 καὶ
3066 5240 3146 5303 είς
3187 5242 3314 5306 τοὺς
3341 5243 3545 5308 αἰῶνας

1945 5303 2051 5358 τῶν
2080 5308 2310 5366 αἰώνων.
2349 5311 2545 5384 Ἀμήν.
