4010 6342
409 223 492 287 ’Π
1017 211 1022 216 ’
1131 213 1188 272 S.
1229 213 1514 273 JOANNIS
1553 215 2047 274 CHRYSOS'I‘OMI
2093 216 2409 273 ARCIIIEP.
2450 217 3005 275 CONSTANTINOP.
3597 201 3672 263 78

406 387 3659 420 ΗΜ

419 556 734 622 Συνάξεως
787 553 884 607 διὰ
941 551 1162 623 χρόνου
1192 551 1260 603 ἐν
1303 547 1375 616 τῇ
1427 544 1655 611 παλαιᾷ
1695 538 1994 605 ἐκκλησίᾳ
2025 537 2371 607 γενομένης,
2408 543 2494 606 εἰς
2542 539 2657 608 τὴν
2682 538 3022 610 ἐπιγραφὴν
3053 537 3173 592 τῶν
3235 538 3513 607 Πράξεων
3557 537 3681 595 τῶν

482 649 862 708 ἀποστόλων,
894 643 992 696 καί
1023 643 1108 696 ὅτι
1146 637 1589 710 χρησιμώτερος
1620 635 1760 699 βίος
1782 629 2061 698 ἐνάρετος
2089 631 2356 698 σημείων
2383 632 2481 683 καὶ
2508 632 2842 702 θαυμάτων,
2879 631 2975 684 καὶ
3006 631 3156 685 κατὰ
3183 631 3242 683 τί
3266 631 3530 702 διαφέρει
3569 650 3682 686 πο-

481 739 671 794 λιτεία
695 733 978 804 σημείων.

483 1025 556 1071 α’.
590 1013 687 1070 Διά
712 1013 905 1084 χρόνου
931 1009 1066 1081 πρὸς
1081 1006 1177 1076 τήν
1211 1003 1426 1075 μητέρα
1444 999 1598 1070 ήμῶν
1622 991 1993 1065 ἐπανήλθομεν

415 1111 597 1173 πάλιν,
627 1109 727 1179 τὴν
776 1103 1030 1173 ποθεινὴν
1071 1101 1166 1154 καὶ
1212 1097 1515 1168 ἐπέραστον
1552 1092 1759 1162 ταύτην
1793 1089 1995 1142 ἅπασιν

414 1197 730 1270 ἐκκλησίαν,
766 1193 905 1266 πρὸς
936 1193 1036 1262 τὴν
1070 1187 1280 1260 μητέρα
1323 1184 1482 1256 ἡμῶν
1520 1184 1615 1236 καλ⁸
1660 1181 1766 1234 τῶν
1797 1179 1995 1248 ἐκκλη-

415 1294 548 1347 σιῶν
578 1289 823 1345 ἀπασῶν.
859 1286 1057 1356 Μήτηρ
1103 1282 1200 1353 μὲν
1234 1279 1364 1349 γὰρ,
1421 1277 1518 1348 οὐχ
1577 1277 1660 1330 ὅτι
1711 1274 1788 1346 τῷ
1821 1274 1996 1344 χρόνῳ

415 1383 766 1456 πρεσϐυτέρα
800 1379 959 1451 μόνον
1008 1375 1178 1438 ἐστὶν,
1211 1372 1324 1426 ἀλλ’
1357 1371 1439 1424 ὅτι
1495 1369 1590 1420 καὶ
1634 1366 1737 1419 ὑπὸ
1761 1367 1995 1419 ἀποστο-

413 1477 584 1530 λικῶν
607 1469 944 1544 ἐθεμελιώθη
983 1465 1220 1539 χειρῶν·
1273 1461 1360 1516 διὰ
1408 1459 1568 1513 τοῦτο
1613 1457 1872 1518 πολλάκις
1902 1456 1996 1508 καὶ

415 1569 833 1637 κατασκαφεῖσα
870 1564 957 1618 διὰ
992 1562 1052 1616 τὸ
1078 1562 1247 1631 ὄνομα
1278 1557 1374 1612 τοῦ
1401 1553 1662 1626 Χριστοῦ,
1697 1551 1860 1604 πάλιν
1887 1548 1996 1618 ὠρ-

416 1663 564 1733 θὼθη
599 1660 686 1714 διὰ
709 1660 807 1729 τῆς
827 1655 1110 1726 δυνάμεως
1137 1651 1231 1705 τοῦ
1260 1649 1520 1722 Χριστοῦ.
1540 1647 1612 1699 Ού
1637 1643 1745 1715 γὰρ
1777 1642 1997 1733 atram-

418 1730 662 1808 στολικαὶ
690 1749 848 1820 μόνον
886 1744 1060 1816 αὐτὴν
1087 1741 1459 1812 ἐθεμελίωσαν
1492 1740 1697 1809 χεῖρες,
1731 1732 1867 1787 ἀλλὰ
1905 1730 1999 1784 καὶ

415 1846 511 1900 τοῦ
543 1827 813 1896 Δέσπότου
843 1837 952 1892 τῶν
991 1833 1308 1890 ἀποστόλων
1348 1832 1382 1902 ἡ
1423 1830 1696 1897 ἀπόφασις
1740 1825 1999 1895 ἐτείχισεν

416 1938 584 2009 αὐτὴν
612 1935 785 2004 καινῷ
807 1933 904 1987 καὶ
933 1926 1222 2000 παραδόξῳ
1251 1922 1532 1994 τειχισμοῦ
1555 1921 1761 1993 τρόπῳ.
1794 1919 1868 1971 Οὐ
1891 1917 1999 1987 γὰρ

419 2030 551 2096 ξύλα
575 2029 668 2083 καὶ
700 2027 882 2098 λίθους
910 2023 1145 2084 συνθεὶς,
1175 2019 1348 2081 οὕτως
1381 2016 1698 2087 ᾠκοδόμησε
1719 2013 1810 2066 τὸν
1847 2009 2000 2082 περί-

418 2122 594 2183 ϐολον,
619 2118 739 2170 οὐδὲ
770 2117 979 2186 τάφρον
1013 2112 1211 2179 ἔξωθεν
1236 2110 1584 2182 περιελάσας,
1611 2107 1704 2160 καὶ
1734 2105 2000 2167 σκόλοπας

421 2207 763 2277 καταπήξας,
811 2204 904 2257 καὶ
963 2201 1206 2273 πύργους
1251 2201 1575 2269 ἀναστήσας,
1619 2197 1792 2260 οὕτως
1829 2195 1998 2265 αὐτὴν

419 2298 771 2370 ἠσφαλίσατο·
801 2295 915 2348 ἀλλ’
947 2293 1247 2363 ἐφθέγξατο
1279 2289 1372 2343 δύο
1399 2291 1620 2360 ῥήματα
1649 2287 1779 2357 ψιλά
1810 2287 1994 2356 μόνον,

422 2391 518 2442 καὶ⁹
547 2386 722 2440 ταῦτα
756 2387 992 2457 ἤρκεσεν
1027 2383 1146 2436 ἀντὶ
1182 2380 1395 2450 τείχους
1439 2380 1598 2450 αὐτῇ,
1634 2379 1728 2431 καὶ
1764 2377 1995 2448 πύργου,

423 2483 516 2535 καὶ
543 2480 772 2549 τάφρου,
798 2476 892 2530 καὶ
921 2475 1218 2544 ἀσφαλείας
1247 2473 1486 2541 ἀπάσης.
1510 2470 1621 2524 Καὶ
1644 2470 1764 2523 τίνα
1793 2469 1911 2522 ἐστί
1931 2469 1999 2520 τὰ

424 2568 648 2638 ῥήματα
670 2563 864 2628 ταῦτα,
893 2563 930 2616 ἃ
949 2561 1220 2632 τοσαύτην
1253 2560 1364 2631 ἔχει
1399 2559 1498 2630 τὴν
1527 2558 1680 2629 ἰσχύν
1705 2575 1720 2622 ;
1763 2558 1892 2610 Ἐπὶ
1924 2555 1997 2624 τῇ

423 2657 610 2723 πέτρᾳ
648 2655 834 2722 ταύτῃ
883 2651 1259 2721 οἰκοδομήσω
1288 2668 1408 2720 μου
1438 2650 1554 2718 τὴν
1607 2647 1994 2715 Ἐκκλησίαν·

424 2748 524 2800 καί
569 2748 755 2801 πύλαι
790 2745 938 2812 ᾅδου
982 2745 1050 2798 οὐ
1084 2743 1572 2812 κατισχύσουσιν
1590 2739 1800 2808 αὐτῆς.
1830 2738 2001 2792 Τοῦτό

423 2843 542 2894 ἐστι
563 2840 625 2892 τὸ
650 2841 848 2908 τεῖχος,
887 2836 1047 2890 τοῦτο
1070 2837 1099 2888 ό
1134 2835 1440 2906 περίϐολος,
1467 2833 1674 2904 τοῦτοή
1708 2833 1999 2902 ἀσφάλεια,

423 2933 583 2986 τοῦτο
611 2931 773 3003 λιμήν
795 2931 889 2985 καὶ
912 2930 1219 3000 καταφυγή.
1257 2929 1328 2982 Σὺ
1361 2928 1419 2982 δέ
1443 2944 1533 2998 μοι
1556 2925 1746 2979 σκόπει
1774 2923 2002 2977 κάντεῦ-

425 3027 516 3079 θεν
544 3024 638 3078 τοῦ
670 3024 881 3094 τείχους
909 3023 970 3077 τὸ
1009 3021 1272 3094 ἀρῤαγές.
1309 3021 1383 3072 Οὐ
1428 3019 1536 3091 γάρ
1565 3013 1737 3083 εἶπεν,
1781 3018 1864 3070 ὅτι
1904 3017 2001 3069 ἀν-

425 3117 660 3189 θρώπων
699 3116 981 3170 ἐπιϐουλαὶ
1029 3115 1092 3167 ού
1145 3111 1562 3181 κατισχύσουσιν
1612 3111 1782 3179 αὐτῆς
1817 3108 1999 3179 μόνον,

425 3210 541 3264 ἀλλ’
573 3210 654 3262 ὅτι
676 3208 786 3261 οὐδ’
814 3207 975 3262 αὑταὶ
1002 3208 1055 3259 αί
1087 3203 1325 3276 μηχαναὶ⁵
1357 3201 1450 3255 τοῦ
1484 3201 1633 3272 ᾅδου·
1660 3202 1851 3254 Πύλαι
1871 3199 2000 3268 γὰρ,

426 3301 616 3372 φησὶν,
651 3299 797 3366 ᾅδου
814 3301 886 3351 οὐ
910 3297 1396 3364 κατισχύσουσιν
1429 3291 1638 3360 αὐτῆς.
1680 3293 1793 3345 Οὐκ
1829 3285 2003 3356 εἶπεν,

427 3394 500 3447 Οὐ
519 3389 634 3463 [61]
654 3387 1051 3459 προσϐαλοῦσιν
1074 3388 1233 3456 αὐτῇ,
1254 3384 1368 3437 ἀλλ’
1396 3385 1477 3436 ὅτι
1504 3385 1586 3436 Οὐ
1604 3384 2006 3450 κατισχύσου-

427 3495 534 3534 σιν
571 3477 778 3547 αὐτῆς·
812 3475 1182 3547 προσϐαλοῦσι
1228 3477 1326 3545 μὲν
1379 3474 1512 3545 γὰρ,
1556 3475 1616 3526 ού
1656 3474 2000 3543 περιέσονται

428 3571 483 3623 δέ
517 3570 707 3638 αὐτῆς.
768 3567 927 3621 Ἀλλά
964 3567 1016 3620 τί
1046 3567 1175 3619 ποτέ
1233 3569 1370 3629 ἐστι,
1423 3567 1614 3619 Πύλαι
1647 3565 1830 3633 ᾅδου;
1860 3565 2001 3635 τάχα

429 3661 539 3730 γὰρ
561 3661 767 3728 ἀσαφὲς
821 3658 884 3711 τὸ
917 3657 1226 3728 εἰρημένον.
1284 3657 1560 3727 Μάθωμεν
1609 3657 1663 3709 τί
1707 3660 1822 3710 ἐστι
1858 3657 2002 3727 πύλη

430 3753 659 3814 πόλεως,
696 3751 788 3804 καὶ
812 3750 934 3802 τότε
963 3748 1220 3818 εἰσόμεθα
1250 3748 1303 3800 τί
1336 3749 1452 3800 ἐστι
1483 3748 1623 3820 πύλη
1658 3748 1806 3820 ᾅδου.
1851 3748 2000 3818 Πύλη

431 3842 640 3905 πόλεώς
692 3843 838 3894 ἐστιν
880 3840 1083 3903 εἴσοδος
1125 3841 1158 3910 ή
1210 3841 1290 3901 εἰς
1327 3838 1424 3910 τὴν
1475 3840 1648 3893 πόλιν·
1685 3840 1880 3894 οὐκοῦν
1910 3841 2004 3893 καὶ

432 3934 576 4003 πύλη
601 3934 724 4004 ᾅδου
743 3934 858 3986 ἐστὶ
881 3933 1122 3995 κίνδυνος
1146 3933 1224 3994 είς
1243 3932 1333 3985 τὸν
1355 3932 1487 4002 ᾅδην
1510 3933 1574 4002 φέ
1584 3949 1708 4002 ρων.
1734 3933 1800 3984 Ὃ
1823 3932 2004 3984 τοίνυν

432 4025 602 4092 λέγει,
633 4022 872 4076 τοιοῦτόν
925 4024 1095 4075 ἐστιν·
1124 4022 1222 4072 ’Ἂν
1255 4021 1486 4074 τοιοῦτοι
1534 4021 1769 4074 κίνδυνοι
1799 4021 2000 4088 καταρ-

435 4112 645 4185 ῥαγῶσι
690 4111 785 4164 καὶ
833 4111 1234 4182 προσϐάλωσιν,
1268 4111 1344 4174 ὼς
1389 4110 1522 4180 πρὸς
1566 4110 1729 4162 αὐτὸν
1763 4111 2005 4176 ἐνεγκεῖν

437 4206 582 4274 ἡμᾶς
625 4205 714 4256 τὸν
756 4203 921 4273 ᾅδην,
954 4202 1348 4273 ἀπερίτρεπτος
1400 4205 1433 4272 ή
1495 4201 1788 4271 Ἐκκλησία
1833 4201 2003 4270 μένει.

447 4295 709 4348 Ἦδύνατο
747 4293 842 4363 μὲν
867 4293 975 4364 γὰρ
1011 4293 1084 4362 μὴ
1111 4293 1326 4362 ἀφεῖναι
1378 4296 1572 4361 πεῖραν
1599 4294 1770 4363 αὐτὴν
1821 4293 2007 4346 λαϐεῖν

435 4386 545 4441 τῶν
574 4385 780 4439 δεινῶν·
831 4385 974 4448 τίνος
1002 4380 1095 4438 οὖν
1144 4383 1328 4438 ἕνεκεν
1379 4384 1620 4454 ἀφῆκεν;
1654 4385 1770 4437 Ὅτι
1829 4385 2008 4454 πολλῷ

438 4478 623 4551 μεῖζόν
649 4480 764 4530 ἐστι
798 4476 892 4531 τοῦ
922 4475 1162 4531 κωλῦσαι
1194 4477 1322 4540 τοὺς
1346 4478 1681 4546 πειρασμοὺς
1702 4477 1762 4530 τὸ
1793 4495 2005 4546 συγχω-

438 4574 678 4643 ρήσαντα
707 4572 831 4634 τοὺς
855 4571 1192 4640 πειρασμοὺς
1209 4569 1400 4630 ἐλθεῖν,
1418 4569 1582 4640 μηδὲν
1599 4571 1814 4638 ἀφεῖναι
1839 4570 2008 4622 δεινὸν

439 4666 504 4718 ἐκ
539 4665 638 4734 τῆς
664 4663 960 4732 ἐπαγωγῆς
986 4661 1192 4715 τούτων
1242 4659 1454 4714 παθεῖν.
1499 4661 1596 4712 Διά
1635 4659 1792 4712 τοῦτο
1828 4661 2006 4731 ἀφῆκε

437 4756 644 4818 πάντας
669 4753 912 4810 ἐπελθεῖν
940 4753 1065 4815 τοὺς
1094 4753 1435 4822 πειρασμοὺς
1454 4790 1470 4813 ,
1506 4751 1594 4804 ἵνα
1633 4751 2008 4822 δοκιμωτέραν

439 4845 606 4915 αὐτὴν
633 4845 953 4916 ἐργάσηται·
996 4844 1059 4898 Ἠ
1084 4844 1194 4913 γὰρ
1221 4845 1428 4910 θλίψις
1457 4842 1776 4910 ὑπομονὴν
1801 4859 2007 4912 κατερ-

439 4931 686 4996 γάζεται,
708 4934 747 5001 ἡ
774 4933 842 4984 δὲ
865 4931 1139 5001 ὑπομονὴ
1168 4930 1443 4999 δοκιμήν.
1473 4929 1586 4982 Καὶ
1614 4931 1700 4982 ἵνα
1731 4931 1829 5002 τὴν
1848 4931 2009 4986 δύνα-

443 5038 536 5091 μιν
555 5019 650 5089 τὴν
673 5019 866 5072 ἐαυτοῦ
892 5021 1026 5090 μετὰ
1056 5019 1298 5082 πλείονος
1327 5017 1656 5089 ἐπιδείξηται
1673 5022 2009 5090 περιουσίας,

441 5110 500 5175 ἐξ
535 5107 714 5161 αὐτῶν
752 5108 859 5162 τῶν
890 5109 1078 5162 πυλῶν
1100 5107 1196 5161 τοῦ
1229 5109 1458 5163 θανάτου
1498 5107 1793 5179 ἐξαρπάζει
1820 5112 2008 5181 αὐτήν.

442 5202 541 5256 Διά
586 5199 747 5254 τοῦτο
802 5202 898 5254 καὶ
953 5201 1013 5253 τὸ
1067 5200 1353 5254 κλυδώνιον
1403 5201 1553 5254 εἴασε
1603 5202 1874 5270 γενέσθαι,
1919 5205 2014 5257 καὶ

444 5292 810 5364 βαπτισθῆναι
840 5291 899 5344 τὸ
923 5292 1126 5358 σκάφος
1155 5292 1254 5344 οὐκ
1283 5293 1484 5346 εἴασεν.
1516 5291 1673 5345 Οῠτω
1699 5294 1791 5346 καὶ
1816 5295 2014 5363 κυϐερ-

444 5385 608 5454 νήτην
636 5381 1009 5452 θαυμάζομεν,
1045 5382 1142 5451 οὐχ
1174 5383 1299 5437 ὅταν
1332 5381 1392 5446 ἐξ
1427 5380 1613 5452 οὐρίας
1655 5381 1853 5448 πλέων,
1904 5383 2012 5436 οὐδ’

444 5475 567 5526 ὅταν
588 5472 730 5526 κατὰ
747 5473 1001 5542 πρύμναν
1019 5473 1306 5541 ἱσταμένου
1333 5471 1426 5525 τοῦ
1451 5471 1760 5543 πνεύματος
1772 5472 2014 5545 διασώσῃ

451 5565 500 5617 τὸ
538 5564 762 5633 σκάφος·
800 5563 914 5617 ἀλλ’
944 5564 1070 5616 ὅταν
1104 5563 1205 5633 τῆς
1253 5563 1528 5634 θαλάσσης
1581 5562 2011 5634 στασιαζούσης,

446 5651 536 5704 καὶ
584 5651 692 5707 τῶν
749 5653 1006 5723 κυμάτων
1036 5653 1434 5724 ἁγριουμένων,
1467 5655 1562 5708 κτιιλ⁹
1603 5654 1697 5709 τοῦ
1745 5655 2012 5726 χειμῶνος

2025 831 2096 844 σ-

2099 989 2644 1062 καταρῤηγνυμένου,
2669 989 2768 1062 τὴν
2805 989 3001 1061 τέχνην
3036 989 3172 1061 πρὸς
3193 990 3294 1060 τὴν
3323 991 3432 1044 τῶν
3461 993 3685 1062 ἀνέμων

2098 1082 2426 1150 ἀντιστήσας
2463 1080 2654 1154 φοράν,
2688 1083 2752 1134 ἐκ
2778 1082 2942 1153 μέσου
2973 1081 3066 1134 τοῦ
3089 1081 3354 1152 χειμῶνος
3386 1083 3680 1156 ἐξαρπάσῃ

2097 1172 2160 1225 τὸ
2185 1173 2388 1227 πλοῖον.
2419 1173 2574 1226 Οὕτω
2624 1173 2717 1226 καὶ
2751 1176 2780 1227 ὁ
2831 1173 3064 1245 Χριστὸς
3115 1173 3358 1245 ἐποίησε.
3407 1176 3683 1249 Καθάπερ

2099 1263 2281 1316 πλοῖον
2319 1266 2378 1316 ἐν
2412 1264 2650 1335 θαλάττῃ
2687 1264 2785 1335 τήν
2824 1264 3152 1333 Ἐκκλησίαν
3187 1267 3244 1318 ἐν
3283 1269 3350 1336 τῇ
3382 1269 3684 1339 οἰκουμένῃ

2099 1355 2363 1427 φέρεσθαι
2394 1357 2553 1410 πάλιν
2583 1357 2764 1424 ἀφεὶς,
2798 1357 2859 1410 ού
2901 1357 3166 1409 κατέλυσε
3192 1356 3292 1428 τὴν
3321 1358 3517 1429 ζάλην,
3555 1360 3675 1412 ἀλλ’

2098 1451 2374 1521 ἐξήρπασε
2409 1449 2510 1518 τῆς
2540 1447 2730 1519 ζάλης·
2765 1449 2827 1500 ού
2877 1447 3189 1500 κατέστειλε
3217 1449 3318 1520 τήν
3363 1449 3681 1509 θάλασσαν,

2097 1541 2210 1594 ἀλλ’
2242 1540 2579 1609 ἠσφαλίσατο
2616 1539 2714 1610 τὴν
2751 1537 2918 1592 ναῦν·
2971 1540 3066 1592 καὶ
3110 1540 3544 1612 διανισταμένων
3572 1542 3685 1593 τῶν

2100 1632 2376 1702 πανταχοῦ
2426 1631 2634 1702 δήμων,
2689 1631 2942 1702 καθάπερ
2991 1631 3254 1702 κυμάτων
3304 1632 3534 1704 ἀγρίων,
3589 1635 3685 1686 καὶ

2099 1721 2521 1794 προσϐαλόντων
2570 1723 2707 1792 αὐτῇ
2753 1721 2863 1776 τῶν
2893 1723 3220 1792 πνευμάτων
3252 1723 3360 1776 τῶν
3392 1724 3682 1794 πονηρῶν,

2099 1814 2350 1884 καθάπερ
2377 1813 2629 1883 χαλεπῶν
2651 1813 2888 1884 ἀνέμων,
2919 1814 3014 1867 καὶ
3042 1813 3306 1868 πάντοθεν
3328 1815 3686 1885 ἐγειρομένου

2098 1905 2192 1958 τοῦ
2235 1905 2538 1977 χειμῶνος,
2591 1906 2794 1969 πολλὴν
2836 1909 2903 1977 τῇ
2953 1906 3252 1979 Ἐκκλησία
3294 1907 3394 1979 τὴν
3439 1907 3687 1978 γαλήνην

2101 1997 2299 2050 ἐποίει·
2337 1997 2432 2049 καὶ
2463 1996 2524 2049 τὸ
2552 1997 2617 2067 δὴ
2648 1997 2982 2067 θαυμαστὸν,
3024 1998 3106 2050 ὅτι
3136 1998 3196 2050 ού
3232 1998 3392 2068 μόνον
3423 2000 3450 2051 ὁ
3472 1997 3686 2069 χειμὼν

2099 2089 2159 2140 ού
2189 2087 2490 2141 κατέκλυσε
2522 2087 2620 2158 τὴν
2651 2088 2804 2152 ναῦν,
2853 2087 2968 2142 ἀλλ’
3004 2089 3086 2140 ὅτι
3128 2089 3336 2141 καὶτὸν
3365 2090 3613 2160 χειμῶνα
3645 2091 3680 2158 ἡ

2100 2179 2231 2243 ναῦς
2255 2180 2570 2234 κατέλυσεν.
2595 2180 2658 2232 υἱ
2694 2179 2802 2250 γὰρ
2833 2179 3062 2249 διωγμοὶ
3091 2182 3137 2233 οἱ
3163 2183 3407 2249 συνεχεῖς
3435 2181 3495 2233 οὐ
3525 2181 3687 2250 μόνον

2098 2271 2158 2323 οὐ
2193 2272 2587 2324 κατεπόντισαν
2618 2272 2716 2341 τὴν
2759 2271 3109 2342 Ἐκκλησίαν.
3149 2272 3285 2326 ἀλλά
3317 2273 3686 2344 2116151661;-

2100 2377 2200 2414 σαν
2232 2361 2337 2416 ύπὸ
2371 2363 2472 2433 τῆς
2513 2363 2857 2432 Ἐκκλησίας.
2890 2361 3015 2426 Πῶς
3048 2364 3143 2416 καὶ
3175 2365 3295 2416 τίνα
3330 2365 3555 2435 τρόπον,
3588 2368 3688 2419 καὶ

2099 2452 2264 2504 πόθεν
2289 2469 2303 2517 ς
2353 2453 2488 2506 Ἀπὸ
2523 2457 2624 2525 τῆς
2651 2455 2982 2523 ἀποφάσεως
3011 2455 3214 2526 ταύτης
3239 2456 3339 2525 τῆς
3370 2457 3643 2526 λεγούσης
3668 2497 3684 2517 .

2100 2541 2293 2594 Πύλαι
2325 2541 2474 2607 ᾅδου
2503 2544 2576 2596 οὐ
2617 2545 3102 2612 κατισχύσουσιν
3138 2545 3347 2614 αὐτῆς.
3383 2547 3534 2600 Πόσα
3559 2547 3692 2600 ἕκα-

2103 2649 2200 2702 μον
2229 2632 2515 2704 Ἕλληνες,
2567 2634 2710 2688 ὥστε
2748 2635 2808 2688 τὸ
2853 2635 3004 2705 ῥῆμα
3036 2636 3194 2690 τοῦτο
3235 2637 3509 2702 καθελεῖν,
3542 2638 3688 2690 ὥστε

2100 2727 2303 2799 ἄκυρον
2329 2729 2554 2799 ποιῆσαι
2581 2729 2679 2799 τὴν
2703 2730 2998 2798 ἀπόφασιν,
3017 2730 3113 2783 καὶ
3134 2731 3234 2783 οὐκ
3260 2732 3488 2800 ἴσχυσαν
3512 2748 3689 2784 κατα-

2101 2819 2261 2874 λῦσαι
2278 2838 2292 2884 ;
2308 2820 2444 2874 Θεοῦ
2469 2820 2578 2893 γὰρ
2600 2823 2632 2892 ή
2660 2823 2935 2890 ἀπόφασις
2951 2819 3036 2894 ἦν.
3060 2823 3172 2875 Καὶ
3197 2822 3451 2894 καθάπερ
3473 2823 3694 2895 πύργον

2103 2912 2160 2978 ἐξ
2188 2912 2569 2982 ἀδαμαντίνων
2601 2913 2763 2966 λίθων
2803 2914 3178 2984 συγκείμενον,
3206 2915 3408 2985 σιδήρῳ
3441 2914 3692 2966 συνδεδε-

2107 3005 2265 3074 μένον
2290 3004 2555 3076 ἀκριϐῶς,
2599 3006 2649 3056 οἱ
2701 3005 2949 3075 πολέμιοι
2997 3005 3336 3075 πανταχόθεν
3365 3005 3690 3074 βάλλοντες,

2103 3090 2227 3144 οὒτε
2257 3091 2356 3162 τὴν
2384 3093 2678 3162 οἰκοδομὴν
2729 3092 3057 3162 χαυνοῦσιν,
3097 3093 3221 3146 οὔτε
3263 3095 3364 3164 τὴν
3413 3096 3688 3165 ἁρμονίαν

2105 3182 2492 3253 παραλύουσιν,
2523 3183 2638 3236 ἀλλ’
2670 3184 2997 3255 ἀπέρχονται
3019 3184 3112 3236 τὸν
3141 3186 3240 3255 μὲν
3277 3186 3486 3254 πύργον
3517 3186 3691 3255 μηδὲν

2104 3271 2572 3340 καταϐλάψαντες,
2606 3272 2740 3342 μηδὲ
2793 3273 3119 3342 ποιήσαντές
3148 3292 3202 3326 τι
3254 3275 3426 3326 κακὸν
3447 3314 3461 3336 ,
3506 3275 3606 3344 τὴν
3633 3274 3695 3327 δὲ

2105 3365 2314 3417 ἑαυτῶν
2349 3365 2750 3430 καταλύσαντες
2775 3367 3024 3439 δύναμιν·
3049 3366 3191 3420 οὕτω
3222 3367 3286 3438 δὴ
3309 3368 3404 3420 καὶ⁸
3435 3367 3498 3420 τὸ
3534 3370 3693 3439 ῥῆμα

2106 3457 2284 3520 τοῦτο,
2305 3459 2556 3530 καθάπερ
2579 3460 2788 3530 πύργον
2821 3461 3022 3531 ὑψηλὸν
3047 3464 3104 3515 ἐν
3129 3462 3269 3532 μέσῃ
3301 3465 3366 3531 τῇ
3391 3463 3692 3534 οἰκουμένῃ

2112 3549 2248 3618 μετά
2286 3551 2585 3619 ἀσφαλείας
2632 3552 3034 3623 τετειχισμένον
3058 3593 3074 3616 ,
3107 3553 3157 3605 οἱ
3189 3551 3450 3623 Ἕλληνες
3483 3571 3698 3606 παντα-

2110 3642 2264 3711 χόθεν
2297 3642 2600 3711 βάλλοντες,
2626 3641 2790 3696 αὐτόν
2811 3659 2869 3694 τε
2912 3643 3132 3714 ἰσχυρὸν
3161 3643 3467 3714 ἀπέφηναν,
3499 3646 3600 3714 τὴν
3635 3645 3700 3698 δὲ

2109 3734 2317 3788 ἑαυτῶν
2347 3733 2751 3799 καταλύσαντες
2775 3733 3139 3805 ίσχὺν,οὓτως
3158 3736 3452 3790 ἀπέθανον.
3483 3737 3550 3788 Τί
3575 3738 3697 3807 γὰρ

2109 3826 2208 3878 οὐκ
2253 3827 2667 3897 ἐμηχανήσαντο
2721 3826 2864 3880 κατά
2911 3827 3013 3896 τῆς
3066 3826 3397 3897 ἀποφάσεως
3449 3826 3699 3896 ταύτηςς

2111 3915 2459 3986 Στρατόπεδα
2492 3917 2962 3986 παρεσκευάζετο,
2993 3917 3136 3971 ὅπλα
3171 3921 3422 3984 ἐκινεῖτο,
3454 3917 3704 3988 βασιλεῖς

2112 4009 2534 4074 καθωπλίζοντο,
2554 4011 2717 4081 δῆμοι
2743 4012 3104 4084 διηγείροντο,
3119 4013 3303 4077 πόλεις
3326 4014 3701 4078 διανίσταντο,

2111 4107 2364 4160 δικασταὶ
2415 4107 2833 4177 παρωξύνοντο,
2885 4109 3031 4163 ἅπαν
3084 4112 3359 4182 τιμωρίας
3392 4109 3506 4183 [621
3551 4106 3703 4172 εἶδος

2113 4207 2402 4259 ἐπενοεῖτο·
2438 4205 2612 4268 οὐδεὶς
2663 4206 3114 4278 παρελιμπάνετο
3145 4207 3424 4271 κολάσεως
3449 4208 3658 4278 τρόπος
3680 4225 3700 4242 ο

2113 4302 2246 4374 πῦρ,
2282 4302 2375 4355 καὶ
2417 4302 2634 4373 σίδηρος
2685 4315 2736 4370 II,
2778 4304 2872 4356 καὶ
2905 4302 3114 4374 θηρίων
3155 4303 3386 4367 ὀδόντες,
3427 4304 3522 4356 καὶ
3556 4321 3705 4374 κρη-

2117 4398 2259 4468 μνοὶ,
2291 4400 2387 4451 καὶ
2413 4401 2859 4468 καταποντισμοὶ,
2899 4400 2991 4452 καὶ
3035 4398 3330 4469 βάραθρον,
3376 4401 3471 4452 καὶ
3514 4400 3703 4465 ξύλον,

2114 4496 2208 4547 καὶ
2235 4496 2489 4568 σταυρὸς,
2520 4495 2613 4547 καὶ
2639 4495 2888 4565 κάμινος,
2925 4495 3020 4548 καὶ
3055 4498 3231 4548 πάντα
3262 4497 3362 4548 ὅσα
3393 4495 3548 4565 ῶφθη
3582 4499 3708 4549 πὼ-

2115 4608 2245 4644 ποτε
2266 4590 2660 4660 βασανιστήρια
2687 4592 2766 4653 είς
2791 4591 2954 4661 μέσον
2975 4590 3253 4661 ἐφέροντο·
3270 4592 3507 4645 ἀπειλῶν
3531 4593 3709 4660 δγκος

2116 4689 2343 4756 ἄφατος,
2373 4688 2545 4758 τιμῶν
2575 4687 2895 4757 ὑποσχέσεις
2920 4688 3141 4755 άφατοι,
3193 4687 3334 4740 ὥστε
3366 4689 3562 4758 ἐκείνῳ
3593 4689 3706 4759 μὲν

2115 4787 2352 4856 φοϐῆσαι
2380 4786 2458 4857 τῷ
2484 4785 2696 4858 τρόπῳ,
2737 4784 2913 4853 τούτῳ
2941 4785 2998 4838 δέ
3031 4784 3258 4838 ἐκλῦσαι
3299 4787 3394 4838 καὶ
3425 4785 3706 4841 δελεάσαι.

2115 4884 2281 4937 Οὐδὲν
2297 4883 2430 4952 γοῦν
2455 4881 2692 4952 ἀπάτης,
2709 4883 2769 4934 ού
2797 4883 2917 4952 βίας
2938 4881 3386 4953 παρελιμπάνετο
3404 4878 3563 4946 εἶδος.
3585 4884 3709 4937 Καὶ

2116 4981 2224 5052 γὰρ
2254 4981 2486 5049 πατέρες
2513 4981 2707 5044 παῖδας
2737 4979 3079 5050 παρέδωκαν,
3115 4980 3209 5033 καὶ
3233 4980 3420 5045 παῖδες
3450 4981 3713 5051 πατέρας

2115 5077 2408 5147 ἠγνόησαν·
2445 5077 2678 5147 μητέρες
2709 5076 2914 5130 ὠδίνων
2966 5076 3316 5130 ἐπελάθοντο·
3365 5077 3458 5130 καὶ
3509 5079 3559 5130 of.
3597 5078 3712 5147 τῆς

2119 5171 2333 5240 φύσεως
2372 5172 2758 5242 ἀνετράπησαν
2795 5171 2970 5241 νόμοι.
3013 5172 3156 5225 Ἀλλ’
3179 5173 3328 5239 ὅμως
3360 5175 3410 5225 οἱ
3453 5171 3712 5240 θεμέλιοι

2120 5269 2218 5339 τῆς
2251 5269 2574 5340 Ἐκκλησίας
2624 5268 2742 5322 οὐδὲ
2795 5268 2969 5332 οὕτως
3031 5269 3422 5339 ἐσαλεύθησαν·
3452 5268 3586 5321 ἀλλά
3613 5269 3714 5323 διὰ

2121 5365 2221 5435 τῆς
2247 5367 2568 5434 συγγενείας
2597 5365 2765 5437 αὐτῆς
2803 5368 2831 5419 ὁ
2859 5365 3096 5436 πόλεμος
3125 5367 3288 5438 ήρετο
3320 5366 3414 5420 καὶ
3441 5366 3550 5419 τῶν
3586 5383 3714 5420 τει-

2186 5543 2210 5571 “
2237 5539 2443 5606 1169101
2482 5541 2689 5606 σίδηρος.
2716 5541 2790 5590 Ab
2823 5543 2902 5606 his
2927 5552 3093 5606 τρι-ωε
3112 5545 3286 5606 incipit
3308 5556 3404 5606 ims.
3435 5541 3544 5606 llo:
3569 5543 3713 5606 idem

2123 5603 2252 5667 ξύλον
2275 5604 2354 5649 καὶ
2375 5604 2541 5667 τροχός
2565 5603 2652 5667 καὶ,
2927 5603 3035 5667 Mox
3063 5603 3270 5667 ἐφέρετο.
3307 5605 3540 5667 Ἀπειλῶν
3564 5604 3716 5662 ὄγκος

2118 5664 2413 5726 άφόρητοςλ
2434 5664 2560 5714 Infra
2582 5665 2716 5712 οὐδὲν
2740 5664 2827 5713 οὐκ
2855 5664 3106 5724 άπάτης..ξ
3122 5664 3609 5729 παῖδαςπροάδωκαν.
