4010 6342
312 458 678 466 ———_-—

691 461 1434 471 __———___—————__H_.

228 320 299 375 77
1344 328 1410 386 ΙΝ
1451 326 1976 385 INSCRIPTIONEM
2018 330 2362 387 ACTORUM.
2405 332 2445 389 ΙΙ
3451 336 3519 393 78

2248 468 2515 475 ————___.

3486 467 3519 477 ..

220 551 360 593 CUM
406 552 471 595 IN
504 553 730 596 VETERI
772 554 1063 597 ECCLESIA
1101 555 1303 597 LONGO
1330 557 1724 599 INTERVALLO
1750 556 2118 600 CELEBRATA
2149 559 2464 602 COLLECTA
2498 561 2707 615 ESSET,
2739 561 2951 606 SERMO
2982 538 3250 605 ωιίιτυε
3296 562 3360 604 IN
3408 563 3523 605 IN-

309 656 737 701 SCRIPTIONEM
770 659 1071 703 ACTORUM
1103 662 1600 707 ΑΡοεΤοιοιιυΜε
1636 664 1713 705 ET
1756 664 1958 706 VITAM
2002 664 2133 707 CUM
2180 667 2454 710 νιιιΤυΤΕ
2487 670 2697 715 ΔΟΤΛΜ
2742 672 3092 715 UTILIOREM
3136 672 3279 717 ESSE
3324 673 3523 717 SIGNIS

308 757 386 800 ac
432 758 776 802 unuscuus
816 760 831 800 :
882 760 959 801 ET
1001 761 1331 813 QUATENUS
1378 764 1700 804 DIFFERAT
1745 764 1781 804 Α
1824 762 2023 805 srcms
2052 763 2488 809 CONVEBSATIO
2536 750 2644 831 (α).

1526 910 1801 920 -ι--ι

299 1032 324 1084 1
340 1069 354 1083 .
384 1030 615 1086 Ecclesia
635 1049 724 1086 nec
746 1035 1171 1102 persecutionibas
1187 1051 1277 1089 nec
1296 1036 1398 1090 alio
1416 1037 1563 1090 modo
1584 1037 1815 1089 vincitur.

218 1150 293 1161 —
312 1122 521 1177 Rursus
544 1124 609 1177 ad
632 1133 855 1179 matrem
880 1138 1116 1180 nostram
1139 1128 1298 1197 longo
1317 1128 1594 1182 intervallo
1618 1126 1818 1181 reversi

217 1229 415 1269 sumus
438 1256 455 1277 ,
485 1215 554 1270 ad
593 1216 951 1271 desideratam
980 1228 1035 1273 et
1067 1234 1245 1273 caram
1288 1222 1535 1275 omnibus
1562 1220 1698 1275 hanc
1724 1236 1817 1275 ec-

217 1308 464 1362 clesiam.
489 1308 558 1363 ad
586 1318 823 1363 nostram
850 1318 906 1364 et
931 1312 1168 1365 omnium
1194 1312 1541 1367 ecclesiarum
1566 1321 1816 1365 matrem.

223 1397 359 1453 Nam
384 1410 556 1455 mater
579 1401 792 1470 quidem
816 1413 901 1456 est
931 1416 1036 1455 non
1062 1402 1203 1472 quod
1226 1404 1492 1473 antiquior
1520 1413 1721 1457 tantum
1751 1404 1820 1457 sit

225 1500 471 1559 tempore
495 1509 507 1544 :
534 1492 626 1546 sed
647 1492 789 1562 quod
812 1494 1176 1562 apostolorum
1204 1495 1445 1549 manibus
1469 1495 1538 1548 sit
1562 1494 1775 1549 fundata
1805 1512 1819 1551 :

221 1596 384 1650 quam
430 1583 500 1636 ob
542 1597 758 1637 causam
806 1584 1077 1639 multoties
1123 1595 1340 1655 propter
1382 1585 1574 1641 Christi
1624 1602 1817 1640 nomen

221 1670 438 1739 eversa,
470 1674 666 1729 Chrisd
692 1676 888 1730 virtute
914 1692 1101 1732 rursus
1127 1685 1211 1732 est
1237 1686 1434 1732 erecta.
1468 1678 1650 1748 Neque
1674 1677 1817 1733 enim

222 1766 537 1834 apostolica:
579 1776 783 1822 tantum
828 1784 1017 1823 manus
1063 1770 1206 1824 illam
1250 1770 1577 1836 fundarunt,
1628 1770 1722 1825 sed
1767 1780 1822 1826 et

223 1858 396 1926 ipsius
441 1859 802 1929 apostolorum
844 1861 1050 1915 Domini
1090 1862 1364 1917 decretum
1406 1862 1547 1916 illam
1591 1878 1729 1917 novo
1766 1874 1822 1919 et

223 1949 483 2004 inusitato
529 1953 841 2007 munitionis
882 1969 1079 2022 genere
1105 1955 1350 2009 munivit.
1380 1954 1495 2010 Non
1523 1957 1664 2010 enim
1695 1972 1821 2010 coa-

220 2044 513 2111 gmentatis
551 2044 708 2114 lignis
741 2056 795 2099 et
822 2046 1083 2115 lapidibus
1103 2057 1251 2117 septa
1283 2049 1579 2103 construxit
1600 2091 1615 2111 .
1646 2065 1819 2119 neque

221 2133 367 2187 fossa
394 2136 627 2189 exterius
650 2137 808 2191 ducta
835 2137 1184 2193 circumdedit
1209 2152 1300 2194 aut
1329 2140 1462 2210 palis
1489 2140 1697 2206 defixis,
1728 2150 1821 2195 aut

224 2225 465 2279 turribus
490 2228 834 2282 exaedificatis
856 2229 997 2283 illam
1024 2230 1283 2292 munivit;
1314 2231 1407 2285 sed
1429 2231 1536 2286 duo
1558 2232 1695 2286 nuda
1726 2246 1815 2287 so-

222 2314 337 2369 lum
365 2316 524 2370 verba
555 2318 798 2386 protulit,
824 2330 877 2375 et
904 2320 1020 2376 haec
1046 2322 1119 2375 illi
1146 2322 1361 2377 fuerunt
1386 2324 1553 2377 instar
1578 2324 1737 2390 muri,
1766 2334 1820 2378 et

226 2407 423 2467 turris,
454 2416 508 2461 et
537 2407 693 2463 fossae
716 2452 732 2475 ,
760 2419 815 2466 et
837 2411 1070 2481 cujusvis
1098 2414 1217 2468 loco
1242 2414 1576 2469 munimenti.
1606 2415 1674 2469 Et
1700 2432 1819 2485 anc

224 2499 444 2552 tandem
484 2498 572 2554 illa
616 2512 741 2555 sunt
782 2503 946 2557 verba
971 2545 987 2570 ,
1015 2520 1135 2574 quae
1166 2514 1363 2560 tantam
1395 2507 1501 2560 vim
1533 2506 1819 2562 obtinent?

225 2591 402 2659 Super
427 2593 557 2646 lianc
583 2606 778 2665 petram
806 2597 1066 2665 wdi/icabo
1094 2598 1374 2653 Ecclesium
1399 2617 1561 2654 meam
1587 2618 1605 2655 :
1632 2612 1677 2655 et
1703 2620 1822 2671 por-

225 2691 293 2732 ta-
314 2682 464 2749 inferi
487 2700 585 2737 non
609 2686 952 2754 praevalebunt
971 2689 1207 2744 adversus
1227 2706 1335 2743 eam
1358 2690 1566 2759 (Matth.
1594 2693 1680 2747 16.
1705 2694 1817 2764 18).

227 2772 343 2827 Hoc
369 2789 552 2828 murus
576 2786 656 2830 est
680 2816 696 2841 ,
726 2778 827 2832 hoc
853 2787 1061 2848 septum
1087 2820 1103 2844 ,
1132 2780 1235 2835 hoc
1264 2782 1650 2837 munimentum
1675 2826 1688 2847 ,
1718 2783 1821 2840 hoc

225 2876 413 2934 portus
442 2877 497 2921 et
535 2870 810 2939 refugium.
847 2871 925 2926 Tu
955 2888 1083 2927 vero
1111 2888 1268 2943 quam
1298 2874 1725 2947 inexpugnabilis
1751 2880 1821 2932 sit

225 2958 316 3011 hic
362 2974 585 3024 murus,
630 2962 752 3017 inde
798 2965 1084 3034 perpende.
1131 2965 1314 3036 Neque
1356 2969 1497 3022 enim
1544 2968 1818 3026 hominum

226 3061 436 3105 tantum
464 3052 683 3108 insidias
708 3054 965 3111 adversus
989 3072 1108 3112 eam
1137 3059 1273 3113 dixit
1302 3074 1405 3114 non
1434 3063 1819 3130 prtevalituras,

223 3144 323 3197 sed
355 3160 454 3199 nee
488 3144 629 3215 ipsas
659 3146 853 3203 inferni
882 3149 1176 3205 machinas.
1207 3151 1383 3208 Porta:
1410 3155 1574 3219 enim,
1606 3156 1775 3227 inquit
1802 3198 1819 3223 ,

222 3238 377 3308 inferi
430 3255 531 3292 non
572 3241 913 3311 prmalebtmt
951 3243 1190 3298 adversus
1243 3261 1374 3299 eam.
1403 3247 1519 3302 Non
1559 3248 1732 3317 dixit,
1764 3249 1820 3305 In

224 3328 373 3383 illam
396 3346 504 3385 non
532 3332 752 3397 irruent,
778 3334 893 3400 sed,
918 3336 1170 3390 Adversus
1191 3354 1300 3391 eam
1320 3354 1420 3393 non
1443 3340 1783 3409 praevalebunt
1804 3358 1823 3397 :

225 3437 353 3476 nam
385 3423 589 3478 irruent
612 3424 718 3479 illae
744 3426 962 3496 quidem
988 3468 1004 3493 ,
1035 3428 1130 3484 sed
1163 3429 1306 3483 illam
1336 3446 1445 3486 non
1472 3434 1818 3503 superabunt.

222 3512 332 3569 Sed
357 3515 481 3584 quid
506 3515 635 3570 illud
658 3525 741 3571 est
763 3516 978 3584 ,Ἐρίνεω
1009 3520 1202 3590 inferi?
1230 3523 1366 3579 forte
1388 3539 1619 3596 namque
1638 3526 1824 3582 obscu-

224 3620 346 3659 rum
369 3615 455 3660 est
473 3607 694 3663 dictum.
718 3610 1000 3667 Discamus
1021 3613 1147 3682 quid
1169 3615 1237 3668 sit
1260 3626 1411 3683 porta
1433 3618 1597 3681 urbis.
1618 3628 1674 3675 et
1698 3628 1825 3675 tunc

225 3696 463 3751 sciemus
488 3698 614 3767 quid
655 3699 726 3754 sit
763 3710 914 3772 porta
942 3702 1117 3758 inferi.
1168 3704 1328 3761 Porta
1356 3708 1501 3763 urbis
1527 3719 1609 3765 est
1648 3711 1824 3767 aditus

224 3790 280 3843 in
312 3790 502 3845 urbem
532 3809 544 3843 :
573 3792 750 3863 itaque
779 3805 931 3864 porta
956 3796 1109 3851 inferi
1135 3806 1217 3853 est
1243 3801 1558 3869 periculum,
1586 3803 1727 3873 quod
1756 3804 1823 3859 ad

224 3879 431 3935 inferos
475 3882 663 3940 tendit.
694 3884 846 3952 Quod
891 3886 1053 3956 igitur
1094 3888 1211 3953 ait,
1239 3898 1322 3944 est
1364 3891 1626 3960 ejusmodi
1657 3911 1670 3947 :
1699 3894 1824 3951 licet

223 3973 438 4029 irruant
459 3983 515 4030 et
534 3976 792 4046 impetum
820 3980 1013 4035 faciant
1035 3989 1176 4036 tanta
1199 3985 1452 4053 pericula,
1481 3996 1539 4041 ut
1558 3988 1623 4042 ad
1652 3991 1822 4057 ipsum

225 4080 327 4118 nos
355 4067 655 4138 prmeipites
679 4082 840 4140 agant
886 4073 1150 4129 infernum
1180 4118 1195 4141 ,
1241 4077 1478 4133 Ecclesia
1510 4092 1688 4136 manet
1719 4083 1821 4136 im-

221 4168 394 4215 mota.
444 4161 659 4217 Poterat
688 4164 775 4219 ille
811 4165 1025 4234 quidem
1065 4183 1170 4223 non
1199 4171 1512 4240 permittere
1534 4214 1549 4237 ,
1583 4182 1641 4227 ut
1676 4174 1821 4231 nulla

222 4252 369 4306 mala
409 4255 815 4324 experiremur:
843 4273 939 4313 cur
977 4274 1105 4330 ergo
1142 4261 1423 4330 permisit?
1461 4262 1615 4332 Quod
1656 4267 1824 4322 multo

224 4345 401 4416 magis
426 4346 515 4411 sit,
544 4362 704 4417 quam
740 4351 1061 4406 tentationes
1086 4353 1374 4422 prohibere
1392 4396 1408 4420 ,
1440 4356 1483 4411 si
1510 4357 1634 4411 dum
1661 4358 1823 4415 adve-

221 4436 344 4490 nire
374 4438 693 4494 tentationes
735 4440 897 4508 sinit,
929 4443 1062 4497 nihil
1093 4454 1269 4500 tamen
1300 4462 1366 4501 ex
1395 4462 1577 4502 earum
1609 4450 1822 4505 incursu

222 4529 349 4583 mali
377 4545 478 4583 nos
504 4528 645 4586 ferre
673 4535 976 4602 permittat;
1002 4535 1200 4593 idcirco
1225 4554 1411 4595 omnes
1430 4543 1673 4599 accidere
1703 4555 1821 4599 ten-

221 4626 457 4678 tationes
481 4625 642 4692 sivit,
674 4636 731 4681 ut
768 4629 1127 4698 probatiorem
1158 4632 1303 4687 illam
1327 4633 1575 4690 redderet
1602 4653 1618 4690 :
1647 4636 1820 4706 siqui-

284 4759 362 4822 (a)
396 4758 574 4830 Collata
596 4774 707 4830 cum
730 4772 811 4813 ns.
833 4763 1110 4830 Colbertino
1131 4766 1275 4827 5058,
1300 4770 1383 4830 qui
1405 4768 1570 4818 deﬁcit
1608 4770 1745 4820 initio
1768 4776 1822 4822 et

217 4821 348 4892 fine.
366 4831 467 4893 {fon
490 4821 635 4871 alium
660 4825 900 4893 hactenus
920 4828 1140 4893 Qodicem
1161 4821 1376 4893 nancisci
1400 4832 1659 4893 potuimus.
1678 4821 1818 4893 lbid.,

217 4885 269 4953 in
300 4885 573 4953 tfalteasea
595 4888 744 4953 veteri
766 4887 996 4953 Ecclesia.
1012 4891 1234 4940 Libanius
1256 4894 1305 4940 in
1322 4885 1606 4953 Aniiochico
1623 4895 1707 4953 ait,
1725 4885 1821 4943 Ani

219 4947 452 5015 tiochiam
475 4947 526 4994 in
543 4948 664 4997 duas
685 4950 835 4999 fuisse
859 4951 1013 5015 urbes
1033 4954 1255 5011 divisam,
1294 4951 1500 5003 alteram
1520 4947 1707 5015 παλαιάνζ
1730 4956 1822 5006 hoc

218 5018 319 5067 est,
345 5011 614 5080 antiquam,
638 5024 749 5073 quae
772 5013 1041 5080 secundum
1083 5016 1277 5064 Orontis
1308 5017 1441 5065 fluvii
1470 5011 1820 5080 oramlongum

214 5069 489 5140 occupabat
512 5069 893 5140 terrai_spatiuln
917 5087 931 5122 :
956 5074 1161 5140 alteram
1183 5089 1376 5140 novam,
1402 5081 1453 5126 in
1480 5069 1817 5140 ejusdemvﬂu-

218 5134 283 5180 vii
312 5134 468 5201 insula
485 5138 644 5201 sitam,
663 5134 815 5185 forma
838 5137 1060 5197 rotunda,
1084 5151 1195 5201 quae
1209 5139 1427 5201 quinque
1452 5134 1680 5201 pontibus
1692 5144 1818 5190 anti-

212 5207 330 5255 qua:
349 5196 668 5260 jungehatur.
687 5203 736 5245 In
759 5211 897 5260 ututs
918 5211 1009 5247 seu
1032 5196 1472 5260 ant'iqua‘exsiaba't
1493 5210 1636 5251 vetus
1661 5202 1820 5253 eccle-

212 5269 308 5313 ειη,
333 5260 399 5304 ab
419 5259 665 5327 apostolis
687 5259 902 5327 fundata,
932 5266 988 5309 ut
1010 5262 1127 5311 dicit
1150 5259 1357 5327 homiliae
1380 5265 1517 5327 initio
1538 5264 1819 5327 chrysosto-

214 5332 331 5385 nius
364 5333 387 5385 :A
416 5320 631 5385 ideoque
672 5323 932 5385 apostolica
970 5331 1167 5373 vocatur
1206 5337 1235 5374 a
1272 5324 1578 5385 Theodorcto
1619 5320 1647 5375 ε’
1674 5333 1728 5376 et
1768 5329 1819 5376 in

210 5380 453 5449 Chronico
486 5380 827 5449 Aleaand'rino
855 5384 1006 5449 Palma
1046 5387 1165 5434 item
1200 5384 1408 5435 ecclesia
1440 5388 1634 5437 dicitur.
1673 5390 1818 5449 Cujus

211 5442 565 5512 appellationis
577 5446 761 5512 duplex
786 5447 980 5512 videtur
1003 5459 1145 5496 causa
1171 5449 1337 5512 fuisse,
1365 5456 1416 5512 et
1439 5451 1566 5512 quod
1584 5452 1638 5512 in,
1655 5442 1815 5501 veteri

211 5505 479 5573 tabesne,
507 5514 560 5555 et
581 5505 710 5573 quod
752 5509 1020 5570 antiquitus
1040 5513 1102 5573 ab
1124 5510 1354 5573 apostolis
1390 5505 1586 5560 fundata
1622 5511 1815 5573 fuisset;

209 5579 329 5632 qua:
354 5566 474 5616 licet
497 5566 748 5632 titultoties
786 5566 985 5632 propter
1006 5566 1174 5620 Christi
1222 5585 1399 5622 nomen
1424 5587 1616 5631 eversa,
1642 5566 1817 5623 multo;

209 5630 314 5675 ties
332 5635 502 5677 erecta
518 5631 683 5680 denuo
707 5630 1055 5691 fuerit,’utata,
1088 5641 1271 5691 tamen,
1306 5648 1396 5683 seu
1422 5630 1612 5685 veteris
1635 5648 1816 5684 nomen

208 5702 314 5758 non
339 5692 573 5758 amiserat
596 5696 743 5758 etiam
766 5700 986 5757 tempore
1010 5698 1220 5744 auctoris
1241 5698 1455 5745 chronici
1478 5697 1815 5758 Alexandrini;

206 5752 716 5878 agslzgrqﬁmiochiw
739 5752 978 5808 memorat
1010 5758 1301 5809 Athanasius
1325 5765 1453 5810 tomo
1476 5760 1535 5809 ad
1553 5752 1814 5809 Antioche;

1806 889 1966 943 (ἔω

1971 912 2257 922 —-————_

1928 1033 2049 1088 dem
2077 1033 2359 1090 Tribulatio
2388 1037 2680 1105 patientiam
2707 1047 2966 1109 operatur,
2995 1038 3238 1111 patientia
3262 1051 3376 1091 vero
3398 1051 3521 1106 pro-

1928 1123 2175 1178 bationem
2205 1126 2225 1195 (
2256 1125 2407 1180 Rom.
2434 1126 2489 1181 5.
2517 1127 2569 1181 5.
2597 1128 2631 1181 4
2654 1127 2696 1198 ).
2728 1130 2903 1198 Atque
2932 1138 2991 1183 ut
3033 1127 3225 1197 majori
3272 1141 3393 1181 cum
3420 1141 3519 1180 ex-

1927 1228 2083 1268 cessu
2134 1217 2382 1272 virtutem
2412 1232 2561 1272 suam
2604 1219 2888 1287 ostendat,
2932 1234 2999 1275 ex
3038 1220 3166 1289 ipsis
3204 1234 3322 1274 eam
3351 1218 3520 1287 portis

1924 1306 2081 1376 eripit
2121 1309 2327 1363 mortis.
2367 1310 2650 1379 Propterea
2683 1319 3053 1382 tempestatem
3093 1311 3215 1367 sivit
3259 1310 3515 1366 excitari.

1932 1407 1987 1451 et
2031 1401 2196 1469 mergi
2243 1399 2487 1470 cymbam
2534 1401 2752 1456 minime
2793 1402 2935 1457 sivit.
2980 1402 3069 1457 Sic
3108 1402 3516 1471 gubernatorem

1932 1504 2145 1559 quoque
2173 1491 2469 1555 laudamus,
2493 1507 2597 1546 non
2625 1508 2744 1548 eum
2775 1492 3024 1547 secundis
3049 1491 3220 1548 ventis
3241 1492 3516 1562 navigans,

1931 1598 2106 1650 neque
2133 1600 2252 1637 cum
2280 1599 2311 1638 a
2341 1586 2502 1657 puppi
2529 1585 2779 1640 ﬂantibus
2808 1587 2951 1640 auris
2990 1586 3311 1667 incolumem
3342 1584 3519 1639 navim

1924 1684 2134 1741 servat;
2165 1675 2259 1730 sed
2295 1691 2418 1731 cum
2458 1677 2591 1732 mari
2633 1677 2879 1758 procellis
2908 1678 3105 1748 agitato
3129 1719 3145 1745 ,
3184 1692 3248 1731 ac
3272 1674 3521 1731 ﬂuctibus

1931 1767 2425 1839 effervescentibus,
2457 1784 2520 1824 ac
2539 1778 2859 1839 tempestate
2882 1780 3147 1827 commota
3172 1784 3321 1825 suam
3349 1778 3518 1823 artem

1923 1859 2179 1915 adversus
2211 1862 2476 1931 impetum
2508 1873 2786 1918 ventorum
2808 1863 3049 1933 opponit,
3078 1870 3133 1918 et
3159 1862 3424 1932 navigium
3449 1875 3519 1915 ex

1927 1952 2114 2006 mediis
2154 1954 2405 2022 procellis
2442 1954 2647 2008 salvum
2675 1955 2870 2011 educit.
2904 1956 2977 2010 Ita
3005 1956 3131 2011 fecit
3161 1964 3217 2010 et
3242 1953 3506 2009 Christus.

1928 2041 2060 2095 Dum
2095 2052 2359 2113 tamquam
2390 2046 2654 2114 navigium
2677 2046 2728 2100 in
2758 2047 2891 2100 mari
2923 2045 3215 2101 Ecclesiam
3248 2059 3433 2101 rursus
3460 2044 3512 2098 in

1928 2132 2128 2187 mundo
2156 2133 2281 2188 ferri
2314 2135 2594 2204 permisit,
2629 2152 2800 2207 neque
2827 2136 3019 2191 fluctus
3053 2136 3296 2203 sedavit,
3323 2134 3419 2190 sed
3449 2149 3515 2188 ex

1928 2223 2179 2279 fluctibus
2218 2226 2454 2296 eripuit:
2486 2243 2590 2282 non
2634 2243 2782 2283 mare
2820 2228 3188 2298 compescuit,
3220 2226 3313 2282 sed
3342 2227 3517 2281 navim

1926 2319 2307 2381 communivit;
2338 2328 2393 2374 et
2418 2334 2539 2375 cum
2569 2330 2852 2392 surgerent
2882 2321 3114 2390 undique
3138 2320 3351 2391 populi,
3383 2328 3519 2372 tam-

1926 2424 2086 2477 quam
2114 2410 2241 2464 salvi
2272 2411 2463 2466 fluctus
2487 2451 2504 2478 ,
2536 2421 2591 2467 ct
2616 2413 2833 2483 maligni
2870 2413 3087 2482 Spiritus
3125 2423 3391 2482 tamquam
3419 2413 3517 2463 ad-

1921 2501 2059 2556 versi
2085 2502 2297 2573 quidam
2326 2504 2468 2559 venti
2497 2505 2550 2559 in
2576 2520 2695 2560 eam
2721 2506 3009 2573 irruerent,
3034 2505 3258 2559 excitata
3287 2503 3520 2573 undique

1929 2603 2268 2664 tempestate,
2295 2597 2514 2651 multam
2544 2599 2723 2652 attulit
2752 2599 3007 2653 Ecclesiae
3038 2597 3475 2669 tranquillitatem
3500 2613 3518 2651 :

1925 2685 2175 2755 quodque
2199 2689 2488 2755 permirum
2519 2704 2647 2742 sane
2678 2688 2775 2743 fuit
2797 2731 2813 2753 ,
2846 2706 2950 2743 non
2993 2689 3152 2743 modo
3182 2689 3358 2743 navim
3389 2701 3520 2757 pro-

1921 2776 2052 2831 cella
2075 2791 2179 2831 non
2206 2778 2403 2845 obruit,
2426 2778 2520 2834 sed
2540 2789 2595 2834 et
2618 2781 2900 2849 procellam
2922 2781 3109 2851 cymba
3132 2779 3355 2835 sedavit.
3380 2779 3515 2834 Nam

1922 2868 2189 2922 continuae
2232 2871 2677 2939 persequutioues
2720 2886 2825 2925 non
2865 2871 3024 2925 modo
3067 2870 3362 2926 Ecclesiam
3406 2886 3515 2926 non

1922 2956 2360 3025 submerserunt,
2411 2959 2507 3015 sed
2558 2960 2626 3015 ab
2673 2960 2910 3016 Ecclesia
2954 2970 3079 3017 sunt
3120 2961 3339 3015 sedata.
3398 2961 3516 3028 Quo

1926 3036 2142 3103 tandem
2169 3061 2343 3118 pacto,
2373 3059 2428 3104 et
2451 3064 2678 3120 quorum
2703 3052 2906 3121 opera?
2932 3051 3099 3120 Hujus
3125 3051 3404 3107 sententia:
3434 3052 3516 3105 ni-

1927 3138 2122 3194 mirum
2151 3139 2223 3195 ita
2253 3141 2607 3211 pronuntiata;
2628 3183 2643 3207 ,
2676 3142 2847 3197 Porta:
2870 3143 3022 3215 inferi
3046 3159 3149 3197 non
3171 3142 3516 3212 prmalebant

1925 3229 2164 3285 adversus
2192 3247 2306 3286 eam
2328 3230 2544 3302 (Matth.
2575 3231 2661 3287 16.
2692 3233 2804 3304 18).
2831 3233 3000 3301 Quam
3023 3233 3189 3288 multa
3209 3232 3380 3289 Graeci
3402 3248 3520 3287 mo-

1927 3319 2007 3374 liti
2035 3330 2178 3386 sunt,
2208 3331 2267 3376 ut
2290 3322 2508 3377 verbum
2537 3322 2640 3378 hoc
2664 3324 2934 3388 tollerent,
2963 3331 3022 3378 ut
3045 3325 3363 3379 sententiam
3393 3325 3513 3377 irri-

1925 3421 2033 3466 tam
2056 3412 2366 3477 redderent,
2387 3429 2558 3483 neque
2579 3423 2863 3483 potuerunt
2888 3413 3218 3470 dissolvere?
3242 3413 3333 3467 Dei
3363 3413 3517 3483 quip-

1929 3520 1995 3575 pe
2029 3506 2292 3561 sententia
2332 3516 2467 3561 erat.
2510 3507 2578 3561 Et
2603 3506 3052 3577 quemadmodum
3081 3505 3268 3561 turrim
3293 3521 3360 3561 ex
3387 3506 3520 3560 ada-

1925 3596 2178 3650 mantinis
2202 3603 2458 3651 structam
2480 3595 2743 3667 lapidibus
2766 3637 2782 3663 ,
2814 3597 2958 3651 ferro
2985 3596 3208 3651 firmiter
3236 3595 3474 3666 junctam
3498 3634 3516 3662 ,

1927 3687 2111 3744 hostes
2131 3688 2363 3760 undique
2382 3688 2429 3743 si
2450 3689 2753 3756 verberent,
2776 3704 2951 3759 neque
2973 3698 3291 3744 structuram
3315 3690 3517 3754 laxant,

1928 3794 2104 3849 neque
2145 3780 2663 3850 coagmentatiouem
2692 3780 3024 3846 dissolvunt,
3068 3778 3163 3836 sed
3194 3780 3357 3835 illaesa
3387 3780 3520 3834 turni

1929 3879 2202 3938 manente,
2226 3886 2325 3927 nec
2345 3872 2467 3927 ullis
2487 3872 2838 3928 incommodis
2852 3872 3065 3939 affecta,
3084 3872 3299 3943 suisque
3320 3873 3521 3928 viribus

1928 3964 2202 4019 exhaustis
2241 3965 2523 4020 discedunt
2568 3982 2584 4020 :
2626 3968 2705 4021 sic
2747 3965 3000 4020 nimirum
3046 3978 3101 4020 et
3145 3966 3368 4021 verbum
3418 3965 3521 4019 hoc

1927 4065 2196 4127 tamquam
2223 4057 2384 4111 altam
2413 4057 2695 4127 quamdam
2726 4057 2912 4113 turrim
2944 4059 2997 4112 in
3034 4057 3210 4113 medio
3235 4057 3381 4112 orbis
3406 4065 3517 4112 ter-

1925 4164 2106 4203 rarum
2131 4148 2354 4204 ﬁrmiter
2378 4150 2779 4215 communitam,
2804 4164 2925 4205 cum
2951 4149 3123 4206 (ἓνωεί
3145 4149 3379 4221 undique
3400 4165 3522 4205 ver-

1924 4241 2205 4298 berassent
2226 4283 2242 4306 ,
2279 4258 2401 4297 cum
2433 4243 2577 4297 illam
2605 4243 2814 4299 firmam
2851 4242 3234 4309 reddiderunt,
3268 4251 3379 4298 tum
3406 4243 3520 4298 suis

1927 4336 2131 4391 viribus
2157 4334 2339 4390 fractis
2364 4345 2591 4389 mortem
2622 4333 2891 4389 obierunt.
2925 4334 3061 4403 Quid
3090 4335 3232 4390 enim
3263 4335 3520 4388 adversus

1926 4430 2064 4484 hanc
2092 4428 2411 4483 sententiam
2440 4443 2544 4481 non
2568 4427 2853 4481 machinati
2879 4428 3037 4481 sunt?
3060 4427 3401 4482 Exercituum
3424 4425 3520 4480 de-

1924 4520 2094 4575 lectus
2125 4519 2438 4585 habebatur,
2469 4534 2618 4573 arma
2646 4519 2995 4573 movebantur
3014 4560 3030 4584 ,
3059 4533 3214 4589 reges
3236 4518 3519 4571 armaban-

1925 4621 2030 4678 tur,
2046 4613 2228 4683 populi
2243 4609 2739 4674 commovebantur,
2758 4610 2923 4665 urbes
2939 4608 3518 4680 insurgebant.judices

1922 4705 2402 4769 excandescebant,
2433 4719 2594 4758 omne
2625 4703 2870 4773 supplicii
2900 4717 3070 4773 genus
3095 4702 3518 4772 excogitabatur,

1923 4801 2100 4856 nullus
2116 4813 2290 4869 pmnae
2307 4797 2498 4853 modus
2516 4796 2880 4861 omittebatur,
2900 4796 3057 4865 ignis,
3082 4793 3305 4860 ferrum,
3328 4792 3520 4849 dentes

1922 4891 2175 4954 ferarum,
2200 4888 2514 4959 prazcipitia,
2540 4886 2957 4949 submersiones,
2985 4885 3317 4955 barathrum,
3342 4899 3517 4954 equu-

1921 4982 2058 5049 leus,
2078 4996 2209 5037 crux
2236 4992 2292 5036 et.
2318 4980 2524 5043 fornax,
2555 4989 2611 5033 et
2629 4977 2806 5032 omnia
2832 4992 2951 5047 quae
2977 4990 3227 5045 umquam
3251 4976 3365 5030 visa
3387 4984 3514 5031 sunt

1921 5081 2209 5138 tormenta,
2234 5073 2286 5127 in
2311 5070 2543 5126 medium
2571 5067 2979 5138 proferebantur
3003 5084 3016 5118 :
3044 5068 3230 5136 ingens
3250 5066 3515 5121 minarum

1921 5184 2111 5239 agmen
2138 5208 2153 5231 ,
2195 5167 2458 5220 honorum
2498 5164 2909 5234 pollicitationes
2951 5162 3289 5227 innumerae,
3331 5172 3388 5215 ut
3432 5161 3519 5214 illa

1921 5259 2137 5329 quidem
2167 5259 2373 5311 ratione
2403 5263 2698 5318 terrerent,
2732 5253 2829 5308 hac
2858 5268 2986 5308 vero
3015 5253 3287 5306 mollirent
3312 5259 3369 5306 et
3393 5250 3520 5303 alli-

1922 5361 2127 5408 cerent.
2157 5351 2372 5406 Nullum
2400 5349 2559 5418 igitur
2585 5347 2808 5411 fraudis,
2837 5348 3040 5401 nullum
3063 5346 3330 5401 violentiae
3350 5359 3520 5414 genus

1924 5444 2451 5516 praetermittebatur.
2482 5440 2610 5495 Nam
2643 5449 2697 5494 et
2723 5449 2899 5509 patres
2928 5437 3080 5505 filios,
3099 5436 3431 5507 prodebant,
3464 5443 3520 5488 et

1924 5537 2015 5592 filii
2044 5548 2222 5606 patres
2247 5551 2353 5590 non
2381 5532 2771 5603 agnoscebant,
2799 5540 2998 5584 matres
3022 5543 3239 5583 suorum
3268 5535 3518 5597 pertuum

1919 5627 2366 5683 obliviscebantur
2393 5666 2409 5691 ,
2441 5634 2497 5679 et
2537 5632 2738 5676 natura:
2790 5622 2930 5690 leges
2978 5619 3372 5674 evertebantur.
3406 5615 3514 5668 γε.

1920 5729 2221 5775 rumtamen
2262 5732 2329 5772 ne
2371 5718 2449 5770 sic
2477 5715 2689 5785 quidem
2718 5712 2971 5767 Ecclesiae
3011 5709 3355 5767 fundamenta
3385 5721 3519 5761 cono

1922 5825 2077 5869 cussa
2097 5817 2247 5865 sunt:
2263 5817 2317 5866 et
2335 5807 2576 5879 quamvis
2593 5805 2659 5859 ab
2684 5806 2797 5875 ejus
2819 5803 3127 5875 pr0piuquis
3156 5799 3351 5856 bellum
3381 5797 3513 5853 indi-
