4010 6342
266 295 341 355 79
1326 294 1391 349 ΙΝ
1421 293 1849 351 INSCRIPTION

1950 294 1954 345 ἔ
1994 290 2354 350 ACTORUM.
2371 292 2437 349 11.
2958 344 2965 351 .
3460 292 3527 349 80

260 413 377 484 χῶν
407 409 579 479 αὑτῆς
608 407 707 478 οὑχ
729 405 927 477 ἥψατο,
958 404 1057 459 ’διὰ
1084 405 1147 460 16
1175 406 1325 478 ῥῆμα
1354 408 1531 461 ἐκεῖνο
1555 406 1617 458 τὸ
1662 405 1844 473 λέγον,

258 506 391 556 Ὅτι
420 502 610 554 πύλαι
632 498 780 566 ᾅδου
802 499 874 552 οὐ
898 498 1386 565 κατισχύσουσιν
1406 496 1614 565 αὐτῆς.
1635 498 1724 567 Μὴ
1740 495 1846 566 γὰρ

260 596 404 666 ἴδῃς,
440 594 522 646 ὅτι
553 592 707 662 ῥῆμα
735 585 822 661 ῆν,
861 589 976 643 ἀλλ’
1006 590 1089 643 ὅτι
1124 589 1279 661 ῥῆμα
1304 589 1463 643 Θεοῦ.
1496 590 1606 643 Καὶ
1624 590 1732 661 γὰρ
1758 588 1849 642 τὸν

253 685 495 756 οὐρανὸν
521 685 726 755 ῥήματι
764 681 1097 753 ἐστερέωσεν
1118 684 1147 735 6
1183 682 1337 747 Θεὸς,
1370 682 1465 735 καὶ
1489 682 1587 751 τὴν
1623 682 1727 752 γῆν
1760 682 1851 751 ῥή-

261 792 403 845 ματι
417 773 781 845 ἐθεμελίωσεν
798 773 892 825 ἐπὶ
911 773 1024 825 τῶν
1045 772 1272 836 ὑδάτων,
1293 772 1389 842 τὴν
1408 771 1617 843 πυκνὴν
1646 771 1850 843 ταύτην

259 869 363 922 καὶ
394 867 620 937 βαρεῖαν
653 866 816 935 φύσιν
861 865 957 918 ἐπὶ
1006 865 1105 935 τῆς
1143 864 1484 936 χαυνοτάτης
1512 866 1727 937 ἐκείνης
1757 866 1851 919 καὶ

253 959 623 1032 διαρρεούσης
675 958 909 1028 ποιήσας
962 957 1248 1029 φέρεσθαιο
1306 958 1399 1011 καὶ
1444 957 1543 1029 τὴν
1574 957 1851 1012 θάλασσαν

252 1053 362 1123 τὴν
390 1051 668 1122 ἀφόρητον
692 1062 718 1091 ε
740 1052 860 1114 ταῖς
881 1049 1046 1120 βίαις,
1077 1049 1293 1121 ἐκείνην
1312 1049 1411 1121 τὴν
1435 1048 1672 1103 τοσαῦτα
1694 1050 1850 1120 έχου-

257 1162 365 1197 σαν
403 1143 647 1214 κύματα,
681 1141 903 1196 ἀσθενεῖ
938 1140 1128 1212 τειχίῳ
1163 1143 1230 1212 τῇ
1263 1141 1479 1212 ψάμμῳ
1511 1142 1849 1211 πανταχόθεν

253 1234 497 1304 ἐτείχισε
525 1234 615 1287 διὰ
651 1234 917 1303 ῥήματος.
956 1231 1016 1285 ’0
1039 1231 1220 1286 τοίνυν
1243 1232 1332 1285 διὰ
1359 1233 1603 1305 ῥήματος
1627 1233 1721 1285 τὸν
1757 1233 1845 1286 οὑ-

254 1328 425 1399 ρανὸν
456 1325 784 1397 στερεώσας,
809 1325 907 1395 τὴν
935 1325 1039 1396 γῆν
1063 1323 1423 1395 θεμελιώσας,
1446 1325 1544 1395 τὴν
1572 1325 1847 1380 θάλασσαν

254 1417 629 1491 περιφράξας,
662 1419 716 1470 τί
750 1415 1085 1487 θαυμάζεις.
1120 1417 1171 1469 εί
1204 1416 1303 1487 τὴν
1350 1416 1583 1488 οὑρανοῦ
1619 1418 1713 1471 καὶ
1741 1417 1848 1487 γῆς

256 1513 358 1566 καὶ
385 1511 665 1580 θαλάσσης
690 1509 1024 1580 τιμιωτέραν
1060 1509 1387 1581 Ἐκκλησίαν
1412 1510 1501 1565 διά
1526 1510 1621 1564 τοῦ
1662 1512 1728 1582 ρή
1739 1529 1846 1583 μα-

251 1622 352 1665 τος
374 1603 568 1657 τούτου
602 1601 762 1656 πάλιν
800 1602 1103 1672 ἐτείχισεν;

331 1688 401 1757 β’.
448 1687 588 1739 Ἀλλ’
617 1685 805 1757 ἐπειδὴ
838 1685 1008 1751 οὑτως
1025 1687 1060 1757 ἡ
1075 1684 1330 1757 οἰκοδομὴ
1349 1684 1775 1750 ἀσειστος,οὑτω
1786 1688 1847 1741 τὸ

248 1786 436 1854 τεῖχος
466 1783 730 1854 ἀρῤαγές,
762 1781 964 1852 ἴδωμεν
1012 1781 1131 1844 πῶς
1181 1780 1577 1835 κατεϐάλλοντο
1610 1781 1660 1834 οί
1705 1782 1846 1835 ἀπό-

253 1869 439 1921 στολοι
465 1868 590 1930 τοὺς
622 1864 928 1936 θεμελίους,
985 1864 1152 1917 πόσον
1183 1864 1346 1935 βάθος
1388 1862 1655 1934 ἐσκαψαν,
1701 1864 1846 1918 ὥστε

250 1955 509 2007 ἄσειστον
533 1949 785 2016 γενέσθαι
812 1948 912 2017 τὴν
959 1947 1268 2017 οἰκοδομήν.
1317 1946 1431 2000 Οὑκ
1471 1946 1713 2012 ἐσκαψαν
1743 1946 1845 2018 βά-

252 2035 373 2098 θος,
407 2036 509 2087 οὑκ
536 2031 836 2102 ἐδεήθησαν
870 2031 1033 2084 πόνου
1062 2029 1340 2083 τοσούτου.
1372 2028 1576 2096 Διάτί;
1608 2029 1846 2085 Παλαιὸν

253 2115 419 2189 εὗρον
450 2116 703 2187 θεμέλιον
729 2114 825 2167 καὶ
846 2115 1095 2185 ἀρχαῖον.
1127 2114 1218 2167 τὸν
1246 2113 1353 2167 τῶν
1381 2113 1698 2185 προφητῶν.
1730 2116 1848 2169 Κα-

253 2203 440 2270 θάπερ
459 2196 553 2253 οὖν
578 2198 863 2267 ἄνθρωπος
902 2196 1112 2267 μέλλων
1144 2196 1318 2249 οἰκίαν
1358 2197 1619 2267 μεγίστην
1644 2196 1848 2252 οίκοδο-

259 2288 407 2356 μεῖν,
440 2282 659 2336 ἐπειδάν
678 2279 815 2351 εὕρῃ
841 2279 1090 2349 θεμέλιον
1124 2279 1353 2332 παλαιὸν
1382 2281 1476 2334 καὶ
1507 2281 1725 2352 ἰσχυρὸν
1749 2281 1846 2334 καὶ

255 2368 505 2439 ἀρραγῆ,
536 2367 639 2419 οὑκ
659 2363 1020 2434 ἀναμαχλεύει
1048 2363 1140 2415 τὸν
1176 2362 1450 2433 θεμέλιον,
1469 2364 1530 2416 οὑ
1559 2366 1701 2418 κινεῖ
1718 2366 1847 2429 τοὺς

252 2454 462 2514 λίθους,
489 2449 605 2503 ἀλλ’
636 2448 794 2518 ἀφεὶς
821 2447 1044 2500 ἑστάναι
1065 2446 1342 2516 ἀκίνητον,
1372 2446 1544 2510 οὑτως
1568 2448 1844 2518 ἐπιτίθησι

253 2536 358 2606 τὴν
381 2534 508 2588 νέαν
535 2533 630 2586 καὶ
661 2532 973 2601 πρόσφατον
999 2529 1310 2600 οἰκοδομήνο
1348 2528 1490 2582 οὑτω
1520 2531 1614 2582 καὶ
1633 2531 1682 2583 οί
1706 2531 1840 2584 ἀπό-

256 2619 439 2672 στολοι
472 2616 759 2687 μέλλοντες
796 2614 858 2667 16
895 2613 1039 2684 μέγα
1085 2612 1242 2665 τοῦτο
1268 2613 1611 2684 οἰκοδόμημα
1637 2614 1845 2667 οἰκοδο-

258 2706 409 2772 μεῖν,
440 2702 541 2771 τὴν
568 2698 847 2769 πανταχοῦ
870 2698 970 2768 τῆς
994 2696 1322 2767 οἰκουμένης
1350 2696 1677 2768 Ἐκκλησίαν
1703 2698 1848 2769 ἱδρυ-

260 2787 458 2856 μένην,
490 2783 553 2836 οὑ
604 2780 902 2851 διέσκαψαν
939 2780 1124 2850 βάθος,
1161 2779 1276 2835 ἀλλ’
1330 2781 1584 2851 εὑρόντες
1616 2782 1848 2836 παλαιὸν

258 2869 532 2940 θεμέλιον,
586 2866 676 2919 τὸν
728 2866 837 2918 τῶν
894 2863 1227 2935 προφητῶν,
1287 2863 1389 2916 οὑκ
1439 2865 1846 2935 ἀνεμόχλευσαν

257 2956 496 3016 ἐκεῖνον,
527 2951 627 3003 οὑκ
675 2948 936 3018 ἐκίνησαν
974 2948 1073 3018 τὴν
1107 2945 1394 3017 οἰκοδομὴν
1440 2949 1535 3001 καὶ
1566 2948 1663 3018 τὴν
1697 2948 1847 3001 διδα-

261 3035 513 3099 σκαλίαν,
544 3033 661 3088 ἀλλ’
695 3030 928 3101 ἀφέντες
958 3030 1130 3101 αὑτὴν
1167 3028 1349 3101 μένειν
1381 3030 1849 3102 ἀκίνητον,οὑτως

257 3120 540 3190 ἐπέθηκαν
571 3117 671 3188 τὴν
708 3114 841 3186 παρ’
887 3113 1095 3168 ἑαυτῶν
1133 3112 1515 3180 διδασκαλίαν,
1564 3114 1665 3185 τὴν
1718 3114 1849 3169 νέαν

256 3204 469 3272 ταύτην
498 3200 596 3271 τῆς
635 3197 965 3268 Ἐκκλησίας
1021 3197 1227 3250 πίστιν.
1262 3196 1375 3249 Καὶ
1422 3197 1510 3250 ἵνα
1550 3197 1728 3269 μάθῃς
1764 3199 1849 3252 ὅτι

258 3289 365 3341 οὐκ
388 3287 647 3355 ἐκίνησαν
677 3283 769 3336 τὸν
815 3280 1046 3334 παλαιὸν
1079 3279 1350 3350 θεμέλιον,
1382 3280 1498 3334 ἀλλ’
1537 3282 1725 3335 ἐπάνω
1753 3284 1849 3337 αὑ-

257 3370 358 3424 τοῦ
391 3369 782 3440 ᾠκοδόμησαν,
838 3365 1072 3420 ἄκουσον
1123 3363 1288 3418 αὑτοῦ
1335 3364 1430 3417 τοῦ
1475 3364 1643 3434 σοφοῦ
1690 3366 1850 3437 ἀρχι-

258 3456 518 3515 τέκτονος
543 3449 758 3504 Παύλου
788 3446 1043 3516 λέγοντος
1078 3448 1213 3519 ἡμῖν
1260 3447 1365 3517 τῆς
1410 3448 1708 3519 οἰκοδομῆς
1748 3450 1851 3521 τὴν

262 3536 575 3607 ἀκρίϐειαν
605 3532 771 3596 αὐτὸς
793 3532 903 3603 γάρ
933 3532 1082 3585 ἐστιν
1112 3533 1141 3585 6
1173 3531 1335 3600 σοφὸς
1361 3531 1721 3601 ἀρχιτέκτων.
1752 3533 1852 3601 Ὠς

260 3621 459 3690 σορὸς
488 3618 619 3688 γὰρ,
651 3615 848 3686 φησὶν,
883 3612 1247 3683 ἀρχιτέκτων
1278 3614 1557 3683 θεμέλιον
1594 3616 1849 3673 τέθεικα.

277 3705 420 3758 Ἀλλ’
440 3702 637 3773 ἴδωμεν
654 3699 770 3762 πῶς
789 3698 950 3751 αὑτὸν
966 3697 1177 3750 τέθεικε
1197 3698 1288 3751 τὸν
1308 3697 1575 3769 θεμέλιον.
1608 3701 1848 3766 Ἐπάνω,

265 3788 465 3859 φησὶν,
500 3784 687 3855 ἐτέρου
736 3780 986 3852 θεμελίου
1042 3779 1295 3845 παλαιοῦ,
1344 3781 1441 3835 τοῦ
1483 3783 1592 3836 τῶν
1632 3802 1849 3856 προφη-

262 3873 397 3925 τῶν.
437 3866 551 3940 [6'5]
578 3866 747 3919 Πόθεν
778 3859 933 3917 τοῦτο
964 3862 1157 3933 δῆλον;
1184 3865 1307 3918 Οὐκ
1347 3864 1436 3918 ἔτι
1477 3866 1620 3920 ἐστὲ
1649 3867 1813 3931 ξένοι
1833 3908 1853 3933 ,

266 3955 457 4027 φησιν,
485 3951 646 4006 ἀλλὰ
671 3948 1036 4019 συμπολῖται
1060 3946 1179 4000 τῶν
1213 3947 1417 4016 ἁγίων,
1458 3948 1850 4021 ἐποικοδομησ-

267 4040 475 4102 (Ιέντες
498 4034 595 4088 ἐπὶ
630 4032 709 4099 τῷ
740 4032 990 4100 θεμελίῳ
1040 4028 1160 4083 τῶν
1184 4030 1547 4086 ἀποστόλων
1572 4034 1673 4088 καί
1704 4052 1850 4103 προ-

266 4120 497 4193 φητῶν.
535 4113 690 4178 Ε’ίδες
729 4114 979 4185 θεμέλιον
1027 4114 1123 4167 καὶ
1165 4106 1434 4184 θεμέλιον,
1469 4115 1561 4169 τὸν
1603 4116 1700 4187 μὲν
1741 4117 1853 4171 τῶν

269 4202 593 4276 προφητῶν,
631 4200 725 4253 τὸν
747 4199 806 4252 δέ
829 4198 938 4251 τῶν
974 4196 1003 4237 ι’
1032 4197 1347 4251 ἀποστόλων
1368 4198 1626 4270 ἀνωτέρω
1660 4200 1855 4271 κείμε-

266 4306 383 4341 νον.
420 4286 531 4338 Καὶ
567 4283 631 4336 16
671 4282 737 4353 δὴ
768 4280 1105 4351 θαυμαστὸν,
1157 4280 1260 4333 οὑκ
1299 4280 1504 4344 εὐθέως
1540 4283 1679 4352 μετά
1726 4283 1854 4346 τοὺς

268 4371 563 4443 προφήτας
597 4361 762 4437 ἦλθον
802 4366 855 4419 οἱ
906 4362 1219 4428 ἀπόστολοι,
1259 4363 1398 4416 ἀλλά
1447 4364 1619 4428 πολὺς
1650 4364 1853 4436 μεταξὺ

269 4454 611 4525 παρεγένετο
645 4449 855 4519 χρόνος.
886 4446 952 4499 Τί
998 4445 1234 4515 δήποτε;
1265 4448 1389 4499 Ὅτι
1418 4447 1470 4499 οἱ
1499 4448 1717 4518 ἄριστοι
1743 4448 1854 4502 τῶν

267 4538 572 4604 οἰκοδόμων
626 4532 788 4587 τοῦτο
839 4528 1104 4583 ποιοῦσιν·
1150 4529 1371 4583 ἐπειδὰν
1405 4531 1855 4586 καταϐάλλωνται

270 4620 550 4691 θεμέλιον,
584 4617 687 4670 οὐκ
712 4614 916 4677 εὐθέως
948 4611 1253 4666 ἐπιτιθέασι
1286 4612 1383 4684 τὴν
1416 4614 1724 4685 οἰκοδομὴν,
1767 4616 1856 4668 ἵνα

273 4705 353 4776 μὴ
374 4699 706 4769 ἁπαλωτέρα
736 4699 829 4750 καὶ
866 4696 1180 4766 πρόσφατος
1207 4691 1343 4750 οὖσα
1387 4696 1481 4749 τοῦ
1535 4697 1786 4766 θεμελίου
1819 4699 1855 4769 ἡ

273 4785 532 4859 ἐργασία,
557 4782 870 4851 ἀδυνατήσῃ
901 4779 1009 4832 τῶν
1040 4778 1237 4849 τειχῶν
1284 4780 1525 4846 ἐνεγκεῖν
1568 4780 1630 4833 16
1666 4780 1852 4853 βάρος.

273 4871 374 4925 Διά
403 4869 561 4921 τοῦτο
586 4866 815 4935 ἀφέντες
838 4863 1017 4934 χρόνῳ
1040 4861 1220 4933 πολλῷ
1238 4863 1475 4932 παγῆναι
1498 4866 1623 4928 τοὺς
1649 4865 1852 4931 λίθους,

272 4951 501 5008 ἐπειδὰν
531 4946 717 5003 ἴδωσιν
750 4945 997 5019 ἀκριϐῶς
1032 4946 1347 5015 σφιγέντας,
1382 4948 1503 5001 τότε
1550 4949 1854 5005 ἐπιτιθέασι

272 5040 370 5091 καὶ
402 5034 512 5088 τῶν
532 5033 730 5103 τοίχων
754 5030 816 5083 16
857 5028 1043 5101 βάρος.
1086 5029 1242 5082 Οὕτω
1267 5030 1361 5082 καὶ
1392 5032 1420 5082 6
1449 5032 1681 5101 Χριστὸς
1708 5033 1857 5086 ἐποί-

268 5134 430 5191 ησεν·
460 5116 620 5186 ἀφεὶς
648 5114 891 5183 παγῆναι
924 5113 1015 5165 τὸν
1048 5112 1298 5183 θεμέλιον
1325 5113 1435 5166 τῶν
1471 5114 1769 5184 προφητῶν
1797 5117 1857 5168 ἐν

267 5204 395 5265 ταῖς
426 5200 534 5253 τῶν
564 5198 913 5252 ἀκουσάντων
941 5195 1163 5265 ψυχαῖς,
1197 5197 1291 5249 καὶ
1332 5198 1587 5265 γενέσθαι
1631 5198 1857 5267 βεϐαίαν

266 5290 374 5355 τὴν
404 5281 785 5344 διδασκαλίαν,
810 5281 898 5333 ὅτε
927 5275 1066 5333 εἶδεν
1096 5280 1345 5334 ἄσειστον
1388 5277 1553 5335 οὖσαν
1578 5284 1675 5353 τὴν
1706 5285 1855 5336 οἰκο-

266 5369 447 5441 δομὴν
476 5379 526 5432 ο,
561 5368 651 5420 ὅτε
698 5364 942 5433 παγέντα
989 5362 1059 5417 τὰ
1105 5364 1352 5435 δόγματα
1397 5364 1467 5418 τά
1521 5367 1663 5437 ἱερά,
1713 5366 1856 5420 ὥστε

338 5555 368 5618 ξ’
395 5555 430 5618 ς
425 5552 532 5618 01b.
559 5552 815 5618 ἀφόρητον,
835 5551 987 5618 ὃᾶνίὶ.
1015 5558 1069 5602 et
1102 5553 1579 5618 Μοτε1.ἀπόῤῥητον.

336 5614 371 5657 b
392 5616 427 5663 Γ
432 5615 533 5677 01b.
556 5615 809 5677 προφητῶν
827 5616 1113 5677 κατώτερον,
1136 5616 1218 5663 τὸν
1247 5617 1298 5664 δὲ
1318 5614 1429 5663 τῶνξ

335 5678 364 5708 ο
390 5675 531 5727 C011).
558 5673 677 5725 εἶδεν
701 5673 985 5724 εὑτονοὺσαν
1008 5673 1091 5734 τήν
1111 5678 1383 5739 οἰκοδομήν.
1414 5677 1566 5727 Paulo
1599 5682 1708 5739 post
1728 5676 1859 5725 idem

1951 405 2248 477 δυνηθῆναι
2274 407 2373 479 τὴν
2398 407 2539 462 κατά
2570 408 2669 480 τὴν
2699 406 2892 479 καινὴν
2912 405 3231 476 φιλοσοφίαν
3260 406 3526 477 ἐνεγκεῖν,

1950 491 2073 542 τότε
2111 491 2401 545 ἀπέστειλε
2425 494 2553 555 τοὺς
2572 491 2924 554 ἀποστόλους,
2950 492 3042 545 ἐπί
3060 490 3137 559 τῷ
3165 490 3399 563 θεμελίῳ
3418 494 3527 548 τῶν

1950 573 2247 643 προφητῶν
2278 575 2405 638 τοὺς
2438 575 2648 644 τοίχους
2693 578 2792 646 τῆς
2836 574 3160 644 Ἑκκλησίας
3192 576 3519 647 ἀναστήσον-

1948 673 2068 721 τας.
2091 657 2191 710 Διά
2212 656 2372 712 τοῦτο
2387 658 2487 712 οὑκ
2501 651 2673 725 εἶπεν,
2690 657 3140 729 Οίκοδομηθέντες
3158 658 3249 711 ἐπὶ
3272 658 3350 729 τῷ
3378 659 3517 729 θεμε

1949 740 2049 810 λίῳ
2073 741 2182 793 τῶν
2215 741 2531 811 προφητῶν.
2566 740 2681 793 ἀλλ’
2715 739 3323 809 Ἐποικοδομηθέντες,
3343 742 3532 797 ἐπάνω

1950 824 2419 895 οἰκοδομηθέντες.
2456 824 2593 877 Ἀλλ’
2628 824 2826 894 ἴδωμεν
2860 824 2976 888 πῶς
3008 823 3454 896 ᾡκοδομήθησαν.

2023 907 2193 960 Πόθεν
2219 904 2314 962 οὖν
2341 908 2631 979 είσόμεθα;
2662 908 2831 962 Πόθεν
2864 907 2919 961 δὲ
2949 907 3189 973 ἄλλοθεν,
3212 908 3327 961 ἀλλ’
3353 908 3385 979 ἢ
3418 907 3535 961 ἀπὸ

1948 991 2048 1061 τῆς
2071 991 2254 1061 βίϐλου
2278 992 2387 1045 τῶν
2417 982 2699 1063 Πράξεων,
2726 993 2855 1065 περὶ
2873 986 2940 1062 ἦς
2962 992 3056 1045 καὶ
3085 994 3143 1044 ἐν
3172 994 3289 1056 ταῖς
3322 992 3526 1064 ἔμπρο-

1951 1075 2077 1129 σθεν
2105 1077 2235 1146 ὑμῖν
2265 1076 2501 1147 ἡμέραις
2549 1077 2939 1149 διελέχθημεν;
2981 1076 3135 1147 Τάχα
3173 1077 3280 1146 γάρ
3332 1094 3384 1129 τι
3431 1078 3526 1129 καὶ

1952 1160 2146 1230 μικρὸν
2195 1159 2404 1213 ἐκεῖθεν
2430 1160 2559 1230 ὑμῖν
2600 1160 2888 1230 ὀφείλομεν
2918 1159 3097 1231 χρέος,
3130 1160 3269 1229 ὅπερ
3308 1159 3525 1229 ἀνάγκη

1949 1241 2262 1295 καταθεῖναι
2292 1245 2552 1315 σήμερον.
2590 1242 2655 1297 Τί
2699 1239 2793 1298 οὖν
2840 1244 2957 1296 ἐστι
3004 1243 3065 1296 16
3116 1241 3311 1312 χρέος;
3346 1241 3529 1312 Αὐτὴν

1946 1325 2041 1378 τοῦ
2074 1326 2278 1395 βιϐλίου
2300 1326 2397 1397 τὴν
2421 1328 2732 1400 ἐπιγραφὴν
2762 1327 3095 1400 ἑρμηνεῦσαι
3114 1326 3523 1396 σπουδάσωμεν.

1947 1409 2022 1461 Οὑ
2061 1410 2168 1481 γὰρ
2201 1410 2329 1482 ψιλή
2356 1412 2439 1476 τίς
2465 1413 2579 1465 ἐστι
2602 1413 2697 1465 καὶ
2727 1414 2922 1484 σαφὴς,
2946 1412 3126 1473 καθὼς
3147 1410 3334 1465 πολλοὶ
3369 1410 3526 1480 νομί-

1946 1493 2149 1560 ζουσιν,
2185 1493 2321 1549 ἀλλά
2350 1495 2518 1549 δεῖται
2557 1497 2650 1550 καὶ
2690 1496 3007 1560 ἐξετάσεως.
3044 1495 3142 1558 Τίς
3193 1489 3287 1549 οὖν
3321 1496 3355 1565 ἡ
3406 1496 3529 1547 ἐπι-

1946 1575 2131 1647 γραφὴ
2154 1576 2248 1629 τοῦ
2300 1576 2541 1647 βιϐλίους
2574 1578 2827 1647 Πράξεις
2857 1579 3236 1633 ἀποστόλων.
3273 1578 3345 1631 Οὑ
3380 1576 3528 1630 δοκεῖ

1948 1661 2118 1727 σαφὲς
2143 1655 2316 1729 είναι;
2364 1663 2426 1715 οὑ
2464 1663 2612 1716 δοκεῖ
2637 1662 2935 1733 γνώριμον,
2965 1662 3059 1716 καὶ
3097 1662 3257 1733 δῆλον
3284 1660 3519 1725 ἆπασινς

1958 1742 2099 1795 Ἀλλ’
2138 1745 2203 1798 ἂν
2263 1744 2703 1816 παρακολουθῆτε
2752 1748 2863 1809 τοῖς
2914 1744 3263 1816 λεγομένοις,
3320 1742 3521 1813 ὕφεσθε

1945 1826 2069 1879 ὅσον
2091 1825 2152 1879 τὸ
2184 1826 2347 1897 βάθος
2368 1827 2469 1897 τῆς
2498 1828 2810 1899 ἐπιγραφῆς
2828 1828 3052 1899 ταύτης.
3081 1828 3181 1881 Διά
3203 1829 3256 1881 τί
3284 1826 3393 1897 γὰρ
3421 1827 3522 1880 οὐκ

1945 1903 2087 1971 εἷπε,
2114 1911 2381 1983 Θαύματα
2406 1910 2753 1974 ἀποστόλων;
2824 1909 2915 1965 διὰ
2960 1908 3014 1963 τί
3052 1907 3150 1963 οὑκ
3198 1907 3475 1979 ἐπέγραψε
3503 1948 3523 1975 ,

1947 1994 2158 2064 Σημεῖα
2200 1992 2512 2048 ἀποστόλων
2532 2032 2550 2059 ,
2589 1994 2623 2065 ἢ
2656 1991 2923 2062 Δυνάμεις
2944 1992 3037 2045 καὶ
3060 1990 3264 2062 τέρατα
3284 1987 3521 2043 ἀποστό-

1942 2072 2082 2126 λων·
2111 2073 2249 2127 ἀλλὰ
2290 2073 2544 2141 Πράξεις
2579 2074 2972 2139 ἀποστόλων;
3015 2073 3091 2127 Οὐ
3129 2072 3238 2145 γὰρ
3276 2071 3339 2125 τὸ
3389 2068 3524 2124 αὑτό

1945 2158 2064 2210 ἐστι
2102 2155 2335 2228 πράξεις
2364 2156 2460 2209 καὶ
2510 2159 2746 2227 σημεῖα,
2782 2157 2843 2209 οὑ
2887 2156 2950 2211 16
2986 2156 3119 2212 αὑτὸ
3168 2154 3397 2228 πράξεις
3428 2152 3524 2206 καὶ

1945 2240 2223 2311 θαύματα’
2257 2241 2320 2293 οὑ
2357 2240 2418 2293 τὸ
2445 2240 2578 2293 αὑτό
2604 2241 2719 2295 ἐστι
2755 2239 3003 2312 πράξεις,
3037 2240 3133 2294 καὶ
3162 2238 3392 2309 τέρατα,
3427 2235 3525 2289 καὶ

1943 2312 2226 2392 δυνάμειςο
2256 2322 2392 2377 ἀλλά
2435 2323 2603 2395 πολλὴ
2654 2324 2687 2394 ἡ
2717 2322 2951 2394 διαφορά
2977 2324 3181 2377 τούτων
3220 2321 3522 2391 ἑκατέρων.

1944 2407 2153 2476 Πρᾶξις
2196 2407 2295 2478 μὲν
2323 2408 2432 2479 γάρ
2467 2410 2616 2461 ἐστιν
2644 2408 2851 2471 οἰκείας
2881 2408 3117 2478 σπουδῆς
3169 2404 3522 2476 κατόρθωμα,

1944 2492 2129 2563 θαῦμα
2160 2492 2217 2545 δὲ
2240 2491 2391 2556 θείας
2418 2492 2629 2564 δωρεᾶς
2661 2492 2926 2563 χάρισμα.
2947 2488 3103 2556 Εἶδες
3122 2492 3246 2545 ὅσον
3268 2490 3329 2544 16
3360 2490 3524 2561 μέσον

1945 2577 2198 2648 πράξεως
2227 2578 2322 2630 καὶ
2355 2576 2668 2648 θαύματος;
2716 2576 2924 2647 Πρᾶξίς
2970 2579 3120 2629 ἐστιν
3166 2574 3524 2646 ἀνθρωπίνων

1949 2658 2186 2730 ἱδρώτων
2226 2659 2589 2730 συντέλεσμα,
2615 2657 2805 2730 θαῦμά
2851 2662 2967 2713 ἐστι
3011 2659 3162 2722 θείας
3211 2658 3524 2728 φιλοτιμίας

1944 2742 2221 2809 ἐπίδειξις⁸
2240 2742 2440 2816 πρᾶξίς
2457 2744 2607 2796 ἐστιν
2630 2744 2695 2796 ἐκ
2728 2746 2829 2814 τῆς
2850 2744 3126 2815 ἡμετέρας
3148 2743 3528 2815 προαιρέσεως

1942 2825 2043 2896 τὴν
2073 2825 2247 2897 ἀρχὴν
2300 2825 2533 2896 ἔχουσα,
2575 2824 2765 2896 θαῦμά
2815 2828 2963 2878 ἐστιν
3000 2827 3066 2879 ἐκ
3106 2826 3206 2896 τῆς
3248 2826 3343 2879 τοῦ
3386 2824 3524 2878 Θεοῦ

1943 2910 2165 2981 χάριτος
2186 2910 2255 2963 τὰ
2279 2910 2541 2981 προοίμια
2555 2909 2854 2979 λαμϐάνον,
2873 2910 2968 2962 καὶ
2994 2909 3054 2963 τὸ
3080 2908 3178 2979 μὲν
3201 2908 3299 2978 τῆς
3321 2908 3526 2963 ἄνωθεν

1946 2994 2140 3065 ῥοπῆς,
2172 2993 2231 3047 16
2255 2994 2313 3047 δὲ
2333 2994 2433 3065 τῆς
2461 2993 2705 3048 κάτωθεν
2739 2990 2985 3064 γνώμης.
3027 2992 3235 3063 Πρᾶξις
3262 2992 3319 3058 ἐξ
3347 2993 3527 3062 ἀμφο-

1946 3075 2119 3146 τέρων
2150 3076 2455 3145 ὑφαίνεται,
2486 3076 2582 3129 καὶ
2627 3075 2686 3141 ἐξ
2715 3076 2992 3147 ἡμετέρας
3041 3075 3298 3145 σπουδῆς,
3337 3076 3432 3127 καὶ
3462 3078 3526 3128 ἐκ

1947 3158 2099 3222 θείας
2140 3159 2385 3231 χάριτος’
2415 3159 2475 3213 16
2497 3159 2554 3212 δὲ
2575 3159 2759 3230 θαῦμα
2797 3159 3007 3230 γυμνὴν
3034 3158 3399 3212 ἐπιδείκνυται
3429 3158 3526 3229 τὴν

1947 3242 2154 3297 ἄνωθεν
2180 3244 2360 3314 χάριν,
2379 3242 2531 3296 οὐδὲν
2548 3242 2655 3295 τῶν
2674 3242 2961 3313 ἡμετέρων
2986 3241 3225 3315 ἱδρώτων
3249 3241 3524 3312 δεόμενον.

1948 3326 2154 3399 Πρᾶξίς
2185 3329 2332 3381 ἐστιν
2376 3327 2596 3398 ἐπιεικῆ
2629 3325 2743 3398 [64]
2783 3320 2945 3389 εἶναι,
2976 3325 3250 3398 σώφρονα,
3279 3326 3524 3396 μέτριον,

1948 3411 2118 3482 ὀργῆς
2134 3412 2378 3481 κρατεῖν,
2394 3410 2687 3482 ἐπιθυμίας
2717 3410 3207 3479 καταγωνίζεσθαι,
3225 3410 3348 3478 ἐλεη
3358 3409 3528 3479 μοσύ-

1948 3511 2044 3559 νας
2058 3493 2447 3564 ποιεῖν,φιλανθ
2457 3494 2664 3564 ρωπίαν
2675 3493 2947 3546 ἐπιδείκνυ
2956 3492 3323 3558 σθαι,ἆπασαν
3337 3493 3528 3546 ἀσκεῖν

1948 3580 2168 3650 ἀρετήν·
2194 3576 2354 3631 τοῦτο
2378 3578 2576 3648 πρᾶξίς
2599 3578 2736 3641 ἐστι,
2763 3578 2855 3630 καὶ
2876 3577 3056 3641 πόνος,
3086 3580 3181 3630 καὶ
3206 3576 3365 3648 ἱδρὼς
3386 3577 3525 3648 ἡμέ-

1946 3680 2124 3733 τερος.
2142 3660 2255 3715 Θαῦ
2264 3661 2341 3732 μά
2365 3663 2480 3715 ἐστι
2495 3661 2756 3731 δαίμονας
2782 3660 3126 3725 ἀπελαύνειν,
3144 3660 3525 3730 τυφλωθέντας

1946 3744 2258 3813 ὀφθαλμοὺς
2286 3744 2542 3812 ἀνοίγειν,
2588 3743 2806 3815 λεπρῶν
2844 3743 2909 3797 τά
2941 3742 3166 3813 σώματα
3212 3743 3518 3814 καθαίρειν,

1946 3826 2304 3898 διαλελυμένα
2334 3828 2469 3897 μέλη
2502 3826 2773 3896 σφίγγειν,
2808 3827 3034 3896 νεκροὺς
3070 3826 3322 3897 ἐγείρειν,
3362 3827 3526 3897 ἐτερα

1946 3911 2175 3964 τοιαῦτα
2188 3911 2647 3981 θαυματουργεῖν.
2663 3906 2815 3973 Εἶδες
2835 3910 2997 3964 πόσον
3011 3911 3072 3964 16
3095 3912 3259 3982 μέσον
3275 3912 3525 3983 πράξεων

1949 3994 2041 4047 καὶ
2070 3993 2386 4063 θαυμάτων,
2426 3992 2701 4055 πολιτείας
2727 3993 2820 4045 καὶ
2845 3994 3107 4063 σημείων,
3132 3995 3230 4065 τῆς
3250 3996 3525 4066 ἡμετέρας

1950 4076 2185 4146 σπουδῆς
2216 4077 2312 4130 καὶ
2339 4077 2437 4147 τῆς
2459 4075 2555 4129 τοῦ
2584 4074 2718 4129 Θεοῦ
2748 4074 2996 4146 χάριτος;

2018 4171 2291 4241 γ’.Βοὺλει
2324 4172 2419 4226 καὶ
2440 4172 2635 4243 ἐτέραν
2670 4189 2750 4224 σοι
2779 4171 2939 4238 δείξω
2966 4172 3223 4243 διαφοράν
3245 4190 3258 4240 ;
3284 4175 3384 4226 Διά
3414 4175 3523 4245 γὰρ

1951 4263 2095 4332 ὑμᾶς
2145 4263 2383 4333 σήμερον
2443 4261 2659 4314 ἅπαντα
2684 4259 2776 4312 τὸν
2831 4259 2988 4327 λόγον
3033 4260 3221 4314 τοῦτον
3274 4261 3520 4331 ἐκίνησα,

1950 4348 2091 4401 ὥστε
2113 4345 2301 4417 μαθεῖν
2315 4344 2375 4397 16
2391 4342 2575 4414 θαῦμα
2592 4343 2687 4397 καὶ
2702 4343 2760 4395 16
2781 4360 2846 4413 ση
2856 4346 3025 4413 μεῖον.
3047 4344 3120 4397 T6
3135 4343 3318 4414 θαῦμα
3341 4345 3524 4415 μεῖξον

1954 4431 2053 4503 μέν
2085 4432 2113 4474 d
2140 4431 2303 4492 ἐστι,’¹
2325 4428 2419 4481 καὶ
2452 4426 2905 4499 φρικωδέστερον,
2956 4428 3048 4480 καὶ
3098 4427 3197 4499 τὴν
3246 4429 3524 4501 ἡμετέραν

1951 4513 2277 4585 ὑπερϐαῐνον
2306 4510 2487 4582 φύσιν·
2516 4512 2550 4580 ή
2570 4511 2627 4563 δὲ
2646 4508 2843 4579 πρᾶξις
2860 4510 2954 4562 καὶ
2980 4513 3014 4581 ή
3041 4509 3280 4563 πολιτεία
3307 4511 3525 4566 ἔλαττον

1954 4599 2053 4671 μὲν
2082 4597 2190 4652 τῶν
2215 4595 2479 4667 σημείων,
2535 4594 2951 4665 χρησιμώτερον
2982 4594 3041 4647 δὲ
3089 4596 3182 4647 καὶ
3219 4594 3525 4665 κερδαλεώ-

1949 4699 2107 4754 τερον
2127 4693 2174 4721 θ’
2193 4680 2371 4734 πόνων
2395 4678 2502 4749 γάρ
2524 4679 2671 4729 ἐστιν
2695 4677 2899 4748 ἀμοιϐὴ
2936 4679 3029 4730 καὶ
3056 4677 3289 4748 σπουδῆς
3312 4676 3521 4748 μισθός.

1951 4768 2064 4820 Καὶ
2096 4765 2185 4819 ἵνα
2216 4763 2393 4834 μάθῃς
2428 4763 2511 4815 ὅτι
2544 4763 2577 4831 ἠ
2604 4759 2803 4831 πρᾶξις
2835 4758 2930 4812 τοῦ
2969 4759 3193 4829 σημείου
3220 4760 3523 4831 κερδαλεω-

1952 4850 2087 4920 τέρα
2117 4848 2211 4901 καὶ
2240 4844 2653 4917 χρησιμωτέρα.
2686 4842 2884 4914 πρᾶξις
2914 4842 3012 4913 μὲν
3031 4842 3211 4913 ἀγαθὴ
3234 4844 3325 4895 καὶ
3358 4843 3524 4915 χωρὶς

1954 4950 2020 5003 ση
2030 4933 2195 5003 μείων
2218 4950 2241 4983 ε
2251 4934 2295 4993 ἰς
2311 4930 2403 4983 τὸν
2417 4926 2644 4998 οὐρανὸν
2658 4927 2784 4988 τοὺς
2796 4924 3228 4994 κατωρθωκότας
3244 4928 3523 4998 εἰσήγαγε,

1954 5015 2138 5085 θαῦμα
2161 5014 2326 5067 δὲκαὶ
2346 5013 2547 5083 σημεῖα
2570 5010 2738 5080 χωρὶς
2766 5007 3039 5071 πολιτείας
3055 5009 3156 5062 οὑκ
3179 5009 3366 5081 ἴσχυσε
3390 5011 3526 5081 πρὸς

1952 5098 2021 5150 τὰ
2054 5096 2301 5168 πρόθυρα
2357 5092 2771 5165 χειραγωγῆσαι
2820 5092 3024 5145 ἐκεῖνα.
3058 5092 3168 5145 Καὶ
3226 5094 3364 5158 πῶς,
3416 5094 3527 5162 ἐγὼ

1954 5180 2131 5244 δείξωο
2165 5180 2319 5249 ὑμεῖς
2346 5177 2404 5230 δὲ
2453 5178 2821 5247 παρατηρεῖτε
2861 5176 2978 5240 πῶς
3010 5174 3110 5247 τὴν
3141 5178 3438 5249 προεδρίαν
3471 5181 3528 5234 αἱ

1956 5371 2202 5427 δυνηθῆναι
2234 5367 2289 5415 τὸ
2313 5368 2454 5430 βάρος
2473 5373 2556 5425 τῆς
2577 5368 2715 5430 κατά.
2742 5365 2869 5430 Infra
2908 5367 3149 5430 6181710610
3183 5356 3271 5417 οὑκ
3292 5371 3434 5418 εἶπεν.
3459 5371 3528 5416 οἰ-

1956 5432 2219 5503 κοδ-..ῌᾳηο
2243 5428 2591 5490 Ιορἰιοηειη,ἱιι
2616 5428 2789 5477 Morel.
2813 5436 2867 5479 et
2885 5429 3035 5480 Savil.
3060 5433 3367 5492 vitiatam,ex
3388 5430 3525 5481 (Imb.

1953 5494 2276 5542 rcsliluimus.

2019 5553 2045 5617 ἀ
2068 5552 2296 5617 (Σοιὶιεμδεῖ
2316 5552 2404 5617 γάρ
2423 5553 2596 5613 ὑμᾶς...
2627 5548 2794 5601 τοῦτον
2814 5553 3067 5616 μαθεῖν,’τὸ
3086 5552 3243 5617 θαῦμα
3262 5554 3343 5602 καὶ
3363 5552 3418 5602 τὸ
3437 5569 3529 5612 οη-

1957 5616 2101 5677 μεῖον.
2128 5614 2300 5669 Μεῖζον
2323 5614 2427 5674 μέν.

2022 5680 2043 5706 θ
2068 5676 2200 5726 Colb.
2225 5674 2558 5739 χρησιμωτέρα
2582 5675 2632 5725 δὲ
2655 5677 2733 5724 καὶ
2759 5678 3129 5742 κερδαλεωτέρα.
