4010 6342
476 333 542 392 81
1057 337 1114 394 S.
1157 335 1444 393 JOANNIS
1499 328 1985 388 CHRYSOSTO‘MI
2029 328 2343 383 ARCIIIEP.
2381 323 2930 383 CONSTANTINOP.
3637 317 3712 376 82

475 449 702 520 πράξεις
733 446 914 518 ἔχουσι
945 444 1084 498 κατά
1125 444 1221 515 τὴν
1255 441 1362 496 τῶν
1398 443 1604 515 μισθῶν
1639 441 1890 514 ἀμοιϐήν·
1926 437 2041 501 πῶς

473 534 544 587 τά
577 532 674 602 μὲν
702 531 902 601 σημεῖα
933 528 1053 583 καθ’
1073 528 1240 582 ἐαυτά
1265 529 1395 582 ὂντα
1414 528 1475 580 οὐ
1499 525 1662 591 σώζει
1692 527 1818 588 τοὺς
1838 520 2046 576 ποιοῦν-

473 633 591 680 τας,
627 616 661 686 ή
706 614 761 668 δὲ
793 613 990 686 πρᾶξις
1021 612 1142 666 καθ’
1173 612 1372 682 ἑαυτὴν
1405 607 1560 673 οὖσα,
1603 609 1815 671 οὐδενὸς
1856 607 2046 676 ἐτέρου

472 699 643 752 δεῖται
662 697 795 768 πρὸς
814 695 1084 767 σωτηρίαν
1094 695 1201 748 τῶν
1217 712 1383 766 κεκτη
1393 695 1586 764 μένων.
1602 690 1825 746 Πολλοί
1839 687 2046 757 ἐροῦσι

467 796 590 850 μοι,
623 781 783 851 φησιν
812 781 840 833 6
865 779 1117 850 Χριστὸς,
1157 779 1227 831 ἐν
1255 778 1458 846 ἐκείνῃ
1502 776 1578 844 τῇ
1615 773 1820 842 ἡμέρᾳ·
1847 772 2044 840 Κύριε,

474 867 672 933 Κύριε,
701 865 772 918 οὐ
806 861 884 928 τῷ
906 860 996 928 σῷ
1029 862 1272 930 ὀνόματι
1298 860 1860 929 προεφητεύσαμεν;
1887 853 2047 907 τοῦτο

474 950 699 1019 σημεῖον
737 946 831 1000 καί⁵
857 944 1063 1016 θαῦμα⁹
1091 947 1172 999 Οὐ
1222 942 1301 1009 τῷ
1353 942 1442 1008 σῷ
1483 943 1725 1012 ὀνόματι
1771 937 2047 1007 δαιμόνια

475 1031 676 1084 πολλὰ
697 1028 1080 1096 ἐξεϐάλομεν,
1103 1027 1201 1080 καὶ
1217 1025 1498 1096 δυνάμεις
1514 1025 1748 1089 πολλὰς
1763 1021 2046 1089 ἐποιήσα-

471 1128 622 1183 Ιιενῖ
667 1113 828 1184 Ὁρᾷς
860 1109 1136 1181 πανταχοῦ
1181 1112 1382 1182 σημεῖα
1421 1111 1514 1163 καὶ
1545 1106 1816 1177 θαύματαο
1849 1103 2046 1172 ἴδωμεν

473 1193 528 1248 τί
550 1211 714 1266 φησιν
741 1196 770 1247 6
790 1195 942 1257 Θεός.
971 1193 1188 1264 Ἐπειδὴ
1217 1191 1402 1263 γυμνὰ
1426 1192 1494 1245 τὰ
1528 1190 1802 1260 θαύματα,
1836 1186 1930 1239 καὶ
1952 1185 2044 1238 οὐ-

473 1278 647 1348 δαμοῦ
683 1277 950 1339 πολιτεία,
980 1278 1314 1346 Πορεύεσθε
1333 1289 1380 1339 ι,
1402 1274 1586 1346 φησὶν.
1607 1275 1707 1328 ἀπ’
1737 1270 1905 1340 ἐμοῦ,
1935 1270 2047 1348 οὐκ

474 1346 610 1416 οἶδα
642 1359 818 1430 ὑμᾶς,
848 1363 903 1415 οι
933 1359 1303 1430 ἐργαζόμενοι
1322 1359 1437 1426 τὴν
1451 1357 1722 1426 ἀνομίαν.
1745 1356 1808 1407 Εἰ
1836 1353 1935 1406 οὐκ
1967 1346 2048 1404 οἷ-

476 1446 572 1506 δας
601 1445 818 1510 αὐτοὺς,
859 1444 976 1507 πῶς
1029 1438 1176 1506 οἶδας
1225 1443 1442 1505 αὐτοὺς,
1494 1442 1542 1492 εἰ
1592 1438 1912 1508 ἐργάζονται
1949 1434 2047 1506 τὴν

477 1528 741 1598 ἀνομίαν;
778 1527 893 1580 Ἵνα
926 1525 1122 1600 μάθῃς,
1157 1526 1239 1579 ὅτι
1284 1524 1366 1587 τὸ,
1420 1525 1541 1578 Οὐκ
1573 1519 1706 1576 οῖδα
1746 1517 1922 1589 ὑμᾶς,
1948 1519 2047 1571 οὐκ

477 1611 701 1678 ἀγνοίας
751 1611 916 1670 ἐστὶν,
951 1609 1086 1663 ἀλλά
1133 1608 1322 1680 μίσους
1371 1608 1465 1660 καὶ
1511 1604 1878 1676 ἀποστροφῆς.
1927 1603 2048 1654 Οὐκ

478 1689 610 1747 οῖδα
644 1691 817 1762 ὑμᾶς.
877 1691 1034 1755 Τίνος
1084 1691 1290 1758 ἕνεκεν,
1351 1689 1471 1742 εἰπέ
1524 1704 1648 1760 μοι;
1711 1689 1793 1740 Οὐ
1842 1683 1923 1750 τῷ
1959 1682 2049 1748 σῷ

479 1779 721 1846 ὀνόματι
749 1776 1024 1846 δαιμόνια
1045 1775 1409 1844 ἐξεϐάλομεν
1427 1792 1446 1839 ;
1463 1775 1560 1825 Διά
1588 1771 1745 1824 τοῦτο
1772 1771 1880 1840 γάρ
1907 1770 2049 1839 ὑμᾶς

480 1861 622 1928 μισῶ
648 1860 741 1913 καὶ
769 1860 1202 1932 ἀποστρέφομαι,
1220 1859 1403 1927 φησὶν,
1433 1858 1516 1910 ὅτι
1533 1855 1653 1909 οὐδέ
1672 1857 1788 1914 ταῖς
1819 1854 2048 1924 δωρεαῖς

480 1943 718 2013 βελτίους
748 1942 1016 2012 ἐγένεσθε,
1057 1943 1139 1996 ὃτι
1167 1942 1433 2013 τοσαύτης
1459 1940 1864 2002 ἀπολαύσαντες
1886 1939 2050 2008 τιμῆς

478 2027 729 2096 ἐμείνατε
749 2026 840 2078 ἐπὶ
863 2027 962 2098 τῆς
984 2027 1151 2096 αὐτῆς
1175 2026 1392 2089 κακίας.
1415 2025 1744 2093 Πορεύεσθε
1759 2022 1858 2076 ἀπ’
1881 2021 2047 2090 ἐμοῦ,

480 2114 589 2165 οὐκ
616 2107 748 2164 οἶδα
785 2109 960 2180 ὑμᾶς.

552 2247 616 2298 Τί
646 2243 768 2312 οῦν;
793 2245 867 2298 Τὸ
892 2244 1120 2298 παλαιὸν
1163 2243 1370 2309 ἀνάξιοι
1393 2243 1690 2314 ἐλάμϐανον
1713 2244 2048 2315 χαρίσματα,

482 2337 578 2390 καὶ
598 2336 983 2408 διεφθαρμένοι
1015 2337 1107 2389 τὸν
1144 2335 1256 2406 βίον
1298 2339 1497 2406 σημεῖα
1526 2335 1926 2395 ἐπεδείκνυντο,
1957 2333 2053 2385 καὶ

484 2427 634 2490 θείας
668 2427 948 2498 ἀπήλαυον
977 2427 1207 2500 δωρεᾶς,
1252 2426 1355 2496 τῆς
1401 2425 1678 2489 πολιτείας
1722 2427 1821 2478 οὐκ
1861 2427 2054 2495 ἐπιμε-

483 2519 733 2591 λούμενοι
760 2520 858 2590 τῆς
885 2519 1148 2590 ἀρίστης;
1189 2518 1493 2590 Ἀπήλαυον
1529 2519 1615 2572 διὰ
1642 2518 1742 2589 τὴν
1783 2517 1892 2585 τοῦ,
1917 2515 2051 2569 Θεοῦ

485 2613 913 2684 φιλανθρωπίαν,
945 2613 1006 2666 οὐ
1046 2612 1135 2666 διά
1165 2613 1261 2684 τὴν
1307 2613 1514 2665 οἰκείαν
1545 2612 1722 2678 ἀξίαν.
1766 2612 1913 2664 Ἔδει
1943 2610 2052 2680 γὰρ

484 2704 764 2776 πανταχοῦ
799 2704 1076 2776 σπαρῆναι
1097 2704 1198 2774 τῆς
1230 2703 1511 2768 εὐσεϐείας
1532 2703 1624 2756 τὸν
1657 2702 1834 2772 λόγον,
1865 2701 2054 2772 ἐπειδὴ

487 2796 632 2868 ἀρχὴ
670 2796 764 2850 καὶ
810 2795 1071 2866 προοίμια
1105 2795 1207 2864 τῆς
1253 2794 1491 2856 πίστεως
1533 2789 1623 2870 ῆν.
1661 2792 1930 2863 Καθάπερ
1962 2787 2054 2844 οὖν

487 2887 723 2958 γηπόνος
746 2887 965 2958 ἀριστος
977 2886 1232 2956 νεόφυτον
1245 2885 1459 2956 δένδρον
1482 2886 1592 2949 τοῖς
1606 2883 1826 2948 κόλποις
1841 2884 1939 2955 τῆς
1954 2884 2056 2952 γῆς

483 2979 610 3050 ἀρτι
645 2975 1248 3050 παρακατατιθέμενος,
1272 2975 1479 3030 ἁπαλὸν
1498 2975 1742 3046 ὑπάρχον
1759 2973 1838 3027 ἐτι
1856 2973 2056 3042 πολλῆς

487 3069 806 3140 ἐπιμελείας
855 3067 970 3141 [65]
1030 3069 1193 3136 ἀξιοῖ,
1258 3065 1598 3137 πανταχόθεν
1645 3066 2056 3138 περιφράττων,

485 3159 738 3230 τειχίζων
771 3159 864 3213 καὶ
889 3159 1059 3223 λίθοις
1088 3159 1183 3214 καί¹
1213 3159 1501 3227 ἀκάνθαις,
1528 3158 1669 3212 ὥστε
1700 3157 1775 3229 μὴ
1795 3158 1900 3212 ὑπὸ
1929 3157 2056 3212 ἀγέ-

490 3270 606 3324 μων
625 3251 1060 3322 ἀνασπασθῆναι,
1082 3253 1217 3323 μήτε
1241 3251 1345 3304 ὑπὸ
1369 3251 1700 3322 θρεμμάτων
1713 3250 2056 3321 ἀδικηθῆναι,

493 3345 628 3415 μήτε
651 3343 755 3396 ὐπὸ
783 3343 948 3412 ἀλλης
967 3342 1111 3406 τινὸς
1133 3342 1540 3414 ἐπηρεασθῆναι
1569 3343 1775 3414 βλάϐης
1793 3357 1808 3372 ο
1838 3341 2059 3395 ἐπειδὰν

487 3434 544 3487 δέ
577 3433 750 3503 παγὲν
774 3435 868 3487 καὶ
898 3433 1034 3504 πρὸς
1063 3432 1196 3503 ὕψος
1220 3432 1531 3504 ἀναδραμὸν
1561 3433 1663 3505 ίδῃ,
1686 3435 1966 3506 περιαιρεῖ
1991 3433 2058 3486 τά

491 3525 665 3596 τειχία
688 3540 703 3556 ο
751 3525 916 3596 ἀρκεῖ
951 3526 1062 3596 γάρ
1097 3525 1231 3578 αὐτὸ
1268 3525 1328 3578 τὸ
1375 3525 1591 3596 δένδρον
1625 3525 1762 3597 πρὸς
1799 3526 1859 3579 τὸ
1892 3526 2060 3597 μηδὲν

489 3617 731 3672 τοιοῦτον
748 3618 971 3672 παθεῖν⁹
1000 3617 1143 3671 οὕτω
1172 3617 1268 3671 καὶ
1297 3618 1389 3671 ἐπὶ
1412 3619 1512 3688 τῆς
1545 3618 1782 3681 πίστεως
1811 3619 2058 3688 γέγονεν.

494 3713 623 3766 ’Ὀτε
653 3709 910 3779 νεόφυτος
943 3704 1035 3782 ἦν,
1065 3710 1155 3762 ὅτε
1185 3709 1368 3780 ἁπαλὴ
1397 3709 1667 3780 ὑπῆρχεν,
1697 3711 1786 3763 ὅτε
1815 3711 2062 3781 προσφά-

491 3820 600 3868 τως
633 3804 690 3856 ἐν
717 3804 837 3866 ταῖς
868 3802 974 3856 τῶν
998 3801 1301 3874 ἀνθρώπων
1331 3801 1637 3874 κατεϐλήθη
1678 3802 1897 3872 ψυχαῖς,
1933 3802 2062 3855 πολ-

494 3897 590 3967 λῆς
617 3895 934 3967 ἐπιμελείας
968 3896 1184 3965 ¹ἰγξιοῦτο
1233 3895 1529 3949 πάντοθεν’
1562 3897 1749 3966 ἐπειδὴ
1777 3896 1834 3949 δὲ
1877 3897 2058 3967 ἐπάγη

495 3989 589 4042 καὶ
615 3988 882 4060 ἐῤῥιζώθη
906 3989 999 4042 καὶ
1027 3988 1162 4060 πρὸς
1179 3989 1309 4058 ὕψος
1329 3989 1650 4061 ἀνέδραμεν,
1671 3988 1858 4060 ἐπειδὴ
1882 3990 2061 4043 πᾶσαν

493 4077 591 4147 τὴν
618 4077 941 4148 οἰκουμένην
983 4077 1290 4149 ἐπλήρωσε,
1335 4077 1431 4129 καὶ
1474 4076 1707 4147 περιῆρε
1751 4077 1819 4130 τὰ
1846 4076 2058 4145 τειχία,

494 4168 588 4222 καὶ
617 4167 684 4222 τά
725 4168 1108 4238 ἀσφαλίσματα
1141 4169 1325 4223 λοιπὸν
1353 4169 1562 4223 ἀνεῖλεν
1595 4170 1622 4220 6
1662 4168 1914 4238 Χριστός.
1962 4167 2061 4220 Διά

494 4257 653 4312 τοῦτο
684 4258 834 4328 παρὰ
885 4259 982 4329 μὲν
1020 4260 1118 4330 τὴν
1148 4259 1321 4332 ἀρχὴν
1360 4261 1456 4314 καὶ
1488 4260 1722 4324 ἀναξίοις
1751 4259 2062 4330 χαρίσματα

496 4347 696 4401 ἐδίδοτο
715 4362 730 4378 ο
765 4347 955 4418 χρείαν
981 4347 1088 4418 γάρ
1118 4343 1232 4416 εἶχε
1263 4348 1323 4400 τὸ
1352 4347 1581 4401 παλαιὸν
1607 4347 1656 4411 ι),
1688 4345 1787 4415 τῆς
1825 4344 2062 4407 πίστεως

495 4439 678 4501 ἕνεκα,
711 4439 911 4510 ταύτης
953 4439 1054 4510 τῆς
1093 4439 1341 4509 βοηθείας
1363 4455 1375 4468 ⁸
1409 4439 1503 4492 νῦν
1538 4439 1595 4490 δὲ
1635 4440 1755 4491 οὐδὲ
1787 4437 1958 4502 ἀξίοις
1989 4437 2063 4490 δί-

493 4531 644 4584 δοται
664 4547 677 4560 ’
703 4531 736 4602 ή
763 4531 869 4602 γάρ
890 4530 1042 4599 ἰσχὺς
1069 4529 1171 4599 τῆς
1197 4529 1430 4592 πίστεως
1455 4531 1641 4582 οὐκέτι
1667 4528 1872 4598 ταύτης
1891 4528 2060 4580 δεῖται

494 4623 595 4697 τῆς
643 4622 981 4694 συμμαχίας.
1027 4624 1138 4676 Καὶ
1187 4622 1274 4675 ἵνα
1314 4622 1491 4693 μάθῃς
1519 4623 1601 4675 ὅτι
1637 4622 1736 4674 οὐκ
1781 4619 2064 4690 ἐψεύδοντο

497 4719 722 4780 ἐκεῖνοι,
754 4714 890 4771 ἀλλὰ
916 4713 1130 4783 ἀληθῶς
1168 4716 1368 4783 σημεῖα
1402 4713 1682 4782 ἐποίησαν,
1712 4712 1804 4764 καὶ
1829 4710 2065 4777 ἀναξίοις

495 4806 804 4880 ἀνθρώποις
829 4806 1146 4882 χαρίσματα
1168 4804 1386 4869 ἐδίδοτο,
1417 4806 1510 4858 καὶ
1534 4804 1620 4857 ἵνα
1637 4804 1773 4873 πρὸς
1794 4806 1903 4866 τοῖς
1923 4804 2067 4874 εἰρη.

499 4895 678 4964 μένοις
725 4896 819 4948 καὶ
849 4895 1036 4966 ἐτερόν
1084 4912 1137 4950 τι
1167 4892 1510 4966 κατορθωθῇ,
1543 4892 1638 4944 καὶ
1662 4893 1761 4962 τὴν
1799 4891 1894 4943 τοῦ
1929 4891 2065 4944 Θεοῦ

495 4986 704 5058 δωρεάν
736 4985 1070 5049 αἰδεσθέντες
1093 4987 1288 5039 ἐκεῖνοι
1316 4985 1624 5038 ἀποθῶνται
1648 4984 1745 5055 τὴν
1775 4984 2063 5054 πονηρίαν,

511 5076 708 5140 Ἰούδας
737 5079 766 5132 6
793 5078 904 5130 τῶν
933 5077 1140 5134 δώδεκα
1168 5079 1319 5148 παρά
1353 5079 1518 5130 πᾶσιν
1566 5077 1948 5147 ὁμολογεῖται,
1985 5078 2067 5130 ὅτι

497 5171 701 5238 σημεῖα
745 5169 953 5235 ἐποίει,
992 5171 1076 5223 ὅτι
1104 5170 1363 5238 δαίμονας
1388 5168 1692 5234 ἐξέϐαλλεν,
1731 5171 1815 5223 ὅτι
1840 5171 2070 5240 νεκροὺς

499 5261 741 5330 ἤγειρεν,
785 5257 869 5311 ὃτι
910 5259 1141 5331 λεπροὺς
1188 5260 1476 5332 ἐκάθηρενσ
1508 5259 1622 5312 ἀλλ’
1664 5260 1815 5328 ὅμως
1845 5260 2068 5326 ἐξέπεσε

499 5349 599 5418 τῆς
632 5347 908 5419 βασιλείας
945 5348 1053 5404 τῶν
1083 5350 1346 5420 οὐρανῶν.
1391 5352 1466 5404 Οὐ
1509 5350 1616 5422 γὰρ
1660 5351 1875 5420 ἴσχυσεν
1910 5351 2070 5403 αὐτὸν

561 5494 748 5562 {‘Colb.
772 5495 986 5562 δυνάμεις
1022 5497 1334 5562 ἐποιήσαμενς
1370 5501 1480 5562 ὁρᾷς
1517 5497 1759 5562 πανταχοῦ
1795 5499 1971 5562 σημεῖα
1991 5501 2070 5562 καὶ

495 5557 736 5638 θαύματῳ
757 5556 977 5638 οιξξαμοξιΔ
987 5556 1520 5638 πρᾶξιςῑούδὲλπολιτέία.
1548 5556 1746 5638 ’ξδωίξν
1766 5556 2012 5638 οὖ-ν,’φησὶ,
2027 5561 2070 5634 τί

497 5620 526 5666 6
547 5620 762 5684 Χριστός.
784 5620 983 5684 Επειδή
1017 5620 1167 5682 γυμνὰ
1184 5622 1243 5669 τὰ
1263 5622 1491 5684 θαύματα,
1517 5625 1595 5671 καὶ
1629 5620 1839 5684 οὐδαμοῦ
1863 5620 2072 5672 πολιτεία

499 5679 581 5752 καὶ
604 5679 1062 5752 πρδεξιςνηορεύεσβέ·

562 5739 590 5786 b
616 5739 750 5791 L'olb.
770 5739 830 5790 το
855 5739 1054 5806 ἀπαλόν,
1085 5745 1206 5795 editi
1227 5743 1279 5792 τὸ
1302 5747 1516 5795 παλαιόν.

2151 437 2318 490 σῶσαι
2351 437 2420 491 τά
2449 440 2682 509 σημεῖα,
2715 437 2899 506 ἐπειδὴ
2921 432 3151 507 λῃστὴς,
3187 432 3281 486 καὶ
3307 423 3543 504 κλέπτης
3566 476 3580 498 ,
3613 437 3713 490 καὶ

2146 529 2240 582 τοῦ
2270 531 2540 584 Δεσπότου
2581 529 2845 601 προδότης
2872 528 3104 595 ἐγένετο.
3131 527 3251 579 Ὅτι
3286 526 3382 595 μὲν
3407 526 3477 578 τὰ
3505 531 3712 598 σημεῖα

2145 619 2246 672 οὐκ
2279 619 2447 689 ἰσχύει
2479 619 2648 672 σῶσαι
2695 620 2862 689 χωρὶς
2895 616 3167 679 πολιτείας
3197 614 3423 686 ἀρίστης
3453 617 3546 668 καὶ
3593 615 3714 685 βίου

2147 708 2388 778 καθαροῦ
2419 711 2511 763 καὶ
2544 709 3006 780 διηκριϐωμένον,
3051 706 3158 760 ἀπὸ
3194 705 3396 760 τούτων
3433 707 3716 761 ἀποδέδει-

2147 817 2292 853 κται·
2324 802 2406 854 ὅτι
2443 801 2500 854 δὲ
2540 801 2781 853 πολιτεία
2818 801 2919 852 οὐκ
2958 799 3154 870 ἐχουσα
3196 800 3294 870 τὴν
3326 800 3433 852 ἀπὸ
3467 799 3580 852 τῶν
3617 815 3719 868 ση-

2151 893 2318 962 μείων
2347 891 2720 964 παραμυθίαν,
2747 891 2867 944 οὐδέ
2897 889 3182 961 σύμμαχον
3208 888 3445 943 λαϐοῦσα
3472 890 3716 959 ἐκείνην,

2146 983 2262 1036 ἀλλ’
2291 982 2426 1055 αὕτη
2455 983 2575 1037 καθ’
2606 982 2802 1052 ἑαυτὴν
2827 985 3083 1051 φανεῖσα,
3123 983 3308 1052 ἴσχυσε
3334 982 3471 1052 μετὰ
3502 985 3720 1053 παρρη-

2149 1074 2272 1137 σίας
2298 1074 2559 1127 εἰσελθεῖν
2587 1076 2666 1137 είς
2692 1073 2788 1144 τὴν
2817 1073 3091 1143 βασιλείαν
3118 1074 3227 1128 τῶν
3259 1073 3523 1145 οὐρανῶν,
3549 1074 3720 1127 ἀκου-

2149 1181 2240 1217 σον
2280 1166 2442 1219 αὐτοῦ
2467 1165 2560 1219 τοῦ
2588 1165 2827 1237 Χριστοῦ
2860 1165 3127 1233 λέγοντος⁸
3162 1165 3360 1229 Δεῦτε,
3389 1169 3443 1219 οὶ
3463 1168 3723 1234 εὐλογη-

2141 1256 2311 1324 μένοι
2344 1257 2450 1312 τοῦ
2485 1259 2712 1326 Πατρός
2729 1276 2870 1326 μου,
2899 1257 3391 1327 κληρονομήσατε
3418 1257 3537 1324 τὴν
3561 1258 3724 1325 ἠτοι-

2143 1350 2462 1421 μασμένην
2481 1350 2622 1420 ὑμῖν
2635 1351 2962 1414 ,βασιλείαν
2979 1351 3095 1404 ἀπὸ
3112 1349 3448 1418 καταϐολῆς
3461 1351 3719 1418 κόσμου.

2147 1443 2246 1496 Διά
2272 1442 2355 1506 τίς
2383 1442 2464 1495 ὅτι
2485 1441 2711 1513 νεκροὺς
2742 1443 2998 1513 ῆγειραν;
3025 1443 3108 1494 ὃτι
3136 1441 3370 1510 λεπροὺς
3402 1442 3718 1513 ἐκάθηραν;

2147 1533 2229 1585 ὄτι
2259 1531 2518 1602 δαίμονας
2549 1530 2788 1602 ἧλασαν;
2835 1529 2992 1600 Οὐχίο
3021 1529 3156 1582 ἀλλά
3186 1529 3274 1583 διὰ
3307 1529 3389 1596 τίς
3439 1530 3722 1583 Πεινῶντα

2148 1621 2316 1674 εἴδετέ
2347 1637 2435 1691 με,
2465 1621 2598 1690 φησί
2617 1661 2631 1682 ,
2660 1619 2756 1672 καὶ
2787 1618 3072 1690 ἐθρέψατεο
3103 1618 3372 1688 διψῶντα,
3403 1620 3497 1674 καὶ
3534 1621 3722 1673 ἐποτί-

2152 1711 2280 1763 σατέ
2301 1729 2368 1782 με
2384 1727 2398 1741 ο
2431 1710 2654 1781 γυμνὸν,
2676 1711 2770 1763 καὶ
2794 1710 3141 1781 περιεϐάλετέ
3168 1727 3257 1781 με·
3282 1711 3452 1777 ξένον,
3476 1712 3570 1764 καὶ
3596 1728 3722 1764 συν-

2148 1805 2405 1872 ηγάγετε.
2430 1801 2678 1871 Οὐδαμοῦ
2702 1801 2971 1874 θαύματα,
2999 1803 3133 1855 ἀλλά
3157 1803 3430 1872 πανταχοῦ
3453 1802 3720 1856 πολιτεία.

2151 1897 2361 1966 Ὥσπερ
2394 1891 2488 1949 οὖν
2523 1897 2638 1948 ἐκεῖ
2665 1894 2936 1966 πανταχοῦ
2966 1894 3238 1966 θαύματα,
3274 1895 3367 1948 καὶ
3399 1894 3600 1958 εὐθέως
3629 1896 3723 1947 κό-

2150 1989 2324 2051 λασις,
2355 1988 2541 2060 ἐπειδὴ
2562 1988 2744 2058 γυμνά
2770 1987 2838 2040 τὰ
2861 1986 3112 2058 θαύματα
3134 1986 3234 2056 τῆς
3255 1987 3548 2050 πολιτείας⁸
3577 1986 3725 2039 οῦτω

2151 2083 2244 2132 καὶ
2288 2080 2520 2133 ἐνταῦθα
2554 2080 2827 2150 πανταχοῦ
2867 2080 3141 2144 πολιτεία,
3181 2081 3274 2134 καὶ
3317 2079 3554 2151 οὐδαμοῦ
3590 2079 3725 2133 θαύ-

2155 2187 2328 2241 ματα,
2364 2170 2457 2224 καὶ
2504 2169 2706 2233 εὐθέως
2752 2172 2784 2242 ἡ
2834 2171 3109 2241 σωτηρία’
3146 2170 3331 2241 ἐπειδὴ
3378 2170 3552 2242 ἰσχύει
3597 2170 3724 2223 καθ’

2153 2265 2349 2336 ἑαυτὴν
2388 2264 2558 2318 σῶσαι
2596 2267 2628 2336 ἡ
2670 2267 2871 2337 ἀρίστη
2906 2265 3150 2319 πολιτεία
3187 2267 3314 2330 τοὺς
3349 2269 3725 2338 κεκτημένους

2151 2357 2340 2427 αὐτὴν.
2367 2355 2468 2410 Διά
2490 2355 2648 2410 τοῦτο
2676 2357 2818 2409 καὶὸ
2843 2356 3109 2427 μακάριος
3136 2348 3312 2421 οὗτος,
3336 2358 3430 2411 καὶ
3453 2361 3723 2427 γενναῖος,

2153 2446 2248 2500 καὶ
2291 2445 2594 2517 θαυμάσιος
2630 2447 2844 2511 Λουκᾶς
2873 2447 3046 2511 οὓτως
3077 2447 3355 2520 ἐπέγραψε
3395 2450 3456 2503 τὸ
3497 2449 3726 2519 βιϐλίον,

2153 2536 2406 2604 Πράξεις
2435 2538 2812 2602 ἀποστόλων,
2847 2538 2909 2591 οὐ
2936 2538 3187 2610 θαύματα
3215 2543 3529 2595 ἀποστόλων
3547 2560 3563 2573 ·
3605 2545 3733 2597 καί·

2153 2646 2234 2682 τοι
2255 2630 2348 2682 καὶ
2367 2629 2618 2700 θαύματα
2641 2632 3025 2700 πεποιήκασιν.
3066 2633 3204 2686 Ἀλλ’
3222 2635 3404 2687 ἐκεῖνα
3430 2635 3528 2706 μὲν
3549 2636 3733 2706 καιρῷ

2155 2718 2365 2786 γέγονε,
2397 2720 2491 2772 καὶ
2524 2719 2768 2790 παρῆλθε
2789 2737 2802 2750 ·
2837 2721 3008 2774 ταῦτα
3034 2721 3091 2776 δὲ
3121 2723 3210 2776 διὰ
3240 2725 3439 2787 παντὸς
3467 2725 3563 2777 τοῦ
3595 2733 3730 2795 χρό-

2157 2829 2247 2865 νου
2275 2811 2482 2874 πάντας
2508 2811 2910 2866 ἐπιδείκνυσθαι
2938 2815 3043 2886 χρη
3069 2815 3194 2879 τοὺς
3222 2815 3488 2881 σώζεσθαι
3508 2818 3733 2888 μέλλον-

2155 2919 2274 2966 τας.
2321 2903 2470 2955 Ἐπεὶ
2507 2897 2600 2956 οὗν
2636 2903 2698 2956 οὐ
2731 2903 2866 2973 πρὸς
2909 2905 2978 2957 τά
3017 2909 3247 2976 σημεῖα,
3286 2907 3420 2961 ἀλλά
3456 2908 3592 2979 πρὸς
3629 2911 3734 2973 τὰς

2158 2991 2384 3065 πράξεις
2413 2993 2519 3047 τῶν
2549 2995 2860 3048 ἀποστόλων
2885 2997 2912 3049 6
2940 2997 3099 3067 ζῆλος
3130 3001 3282 3069 ἡμῖν,
3313 3000 3402 3053 διὰ
3439 3001 3598 3055 τοῦτο
3640 3003 3737 3055 οῦ-

2156 3104 2264 3150 τως
2283 3086 2342 3139 τὸ
2375 3085 2575 3156 βιϐλίον
2602 3087 2931 3159 ἐπέγραψεν.
2961 3090 3076 3144 ’Ὶνα
3098 3091 3203 3160 γάρ
3229 3091 3303 3162 μὴ
3325 3092 3510 3164 λέγῃς,
3529 3095 3738 3164 μᾶλλον

2157 3175 2213 3228 δὲ
2244 3171 2362 3244 [66]
2397 3173 2483 3226 ἵνα
2515 3174 2589 3245 μὴ
2618 3172 2846 3242 λέγωσιν
2876 3176 2923 3226 οἰ
2959 3175 3188 3246 ῥᾴθυμοι
3208 3214 3224 3239 ,
3272 3177 3492 3231 ἐπειδὰν
3531 3180 3738 3244 αὐτοὺς

2159 3264 2586 3336 παρακαλοῦμεν
2612 3266 2748 3335 πρὸς
2768 3265 2865 3334 τὴν
2885 3265 3115 3336 μίμησιν
3143 3266 3250 3321 τῶν
3274 3269 3610 3334 ἀποστόλων,
3637 3274 3738 3326 καὶ

2159 3357 2410 3427 λέγομεν·
2445 3356 2696 3428 Μίμησαι
2730 3358 2958 3427 Πέτρον,
3003 3357 3245 3429 ζήλωσον
3296 3361 3529 3427 Παῦλον,
3569 3364 3738 3431 γενοῦ

2160 3448 2300 3501 κατά
2326 3447 2615 3518 Ἰωάννην,
2642 3447 3005 3518 ἀκολούθησον
3042 3448 3316 3503 Ἰάκωϐον·
3342 3451 3427 3504 ἵνα
3457 3451 3533 3522 μὴ
3559 3453 3740 3521 λέγωο

2163 3555 2266 3603 σιν,
2293 3539 2367 3591 Οὐ
2396 3537 2690 3607 δυνάμεθα,
2715 3538 2836 3590 οὐδέ
2855 3538 3126 3608 ίσχύομεν,
3153 3541 3352 3594 ἐκεῖνοι
3372 3542 3478 3611 γάρ
3503 3546 3740 3614 νεκροὺς

2160 3631 2484 3700 ἀνέστησαν,
2530 3631 2761 3700 λεπροὺς
2819 3630 3115 3700 ἐκάθηραν,
3165 3633 3529 3704 ἐπιστομίζων
3573 3637 3744 3707 ἡμῶν

2160 3723 2258 3794 τὴν
2287 3721 2638 3793 ἀναίσχυντον
2660 3723 2974 3791 ἀπολογίαν,
3000 3724 3208 3787 Σιώπα,
3235 3729 3390 3796 φησί,
3417 3727 3737 3798 πεφίμωσο’

2160 3816 2219 3866 οὐ
2250 3814 2522 3883 θαύματα,
2554 3814 2689 3868 ἀλλά
2722 3815 2964 3869 πολιτεία
2991 3818 3069 3880 εἰς
3096 3818 3195 3890 τὴν
3221 3818 3493 3888 βασιλείαν
3523 3822 3743 3892 εἰσάγει

2160 3905 2268 3958 τῶν
2293 3905 2555 3977 οὐρανῶν.

2232 3997 2481 4067 Ζήλωσον
2507 3997 2684 4050 τοίνυν
2716 3999 2813 4068 τὴν
2841 3999 3116 4054 πολιτείαν
3142 4001 3249 4057 τῶν
3276 4004 3608 4068 ἀποστόλων,
3642 4009 3745 4062 καὶ

2161 4089 2311 4141 οὐδὲν
2342 4089 2559 4142 ἔλαττον
2591 4089 2732 4153 ἕξεις
2773 4092 2882 4144 τῶν
2911 4094 3244 4149 ἀποστόλων.
3294 4096 3368 4148 Οὐ
3400 4096 3506 4166 γὰρ
3536 4098 3605 4150 τὰ
3644 4117 3747 4169 ση-

2165 4181 2290 4249 μεῖα
2321 4179 2648 4243 ἀποστόλους
2686 4182 2961 4251 ἐποίησεν,
3017 4183 3131 4236 ἀλλ’
3177 4186 3206 4237 6
3250 4185 3362 4254 βίος
3406 4188 3434 4238 6
3468 4187 3742 4259 καθαρός.

2163 4270 2272 4322 Καὶ
2304 4273 2385 4324 ὅτι
2417 4270 2574 4325 τοῦτό
2599 4273 2714 4325 ἐστι
2735 4273 2796 4325 τὸ
2824 4273 3112 4345 γνώρισμα
3141 4277 3239 4346 τῆς
3266 4277 3635 4349 ἀωστολικῆς
3664 4283 3750 4334 εἰ·

2163 4359 2316 4422 κόνος
2337 4400 2350 4424 ,
2392 4359 2607 4413 καὶτοῦ
2651 4362 2998 4433 χαρακτῆρος
3039 4362 3150 4417 τῶν
3191 4364 3471 4436 μαθητῶν,
3504 4369 3749 4422 ἄκουσον

2163 4453 2257 4505 τοῦ
2294 4453 2528 4524 Χριστοῦ
2563 4453 2717 4508 τοῦτο
2752 4454 3035 4525 δηλοῦντος
3062 4456 3124 4510 τὸ
3160 4464 3405 4528 σημεῖον.
3441 4461 3750 4534 Χαρακτη-

2167 4544 2330 4614 ρίζων
2362 4545 2470 4616 γὰρ
2497 4545 2606 4599 τῶν
2642 4545 2897 4618 μαθητῶν
2925 4548 3024 4611 τὰς
3057 4549 3292 4613 εἰκόνας,
3333 4551 3427 4604 καὶ
3448 4551 3667 4616 δεικνὺς
3692 4554 3750 4607 τί

2167 4637 2296 4689 ποτέ
2324 4639 2471 4690 ἐστιν
2513 4638 2815 4708 ἀποστολῆς
2841 4639 3158 4710 γνώρισμα,
3190 4641 3365 4705 οὕτως
3393 4639 3568 4696 εἶπεν·
3630 4646 3749 4699 Ἐν

2166 4729 2353 4792 τούτῳ
2385 4727 2715 4797 γνώσονται
2746 4730 2990 4797 πάντες,
3025 4731 3114 4784 ὅτι
3139 4735 3400 4801 μαθηταί
3420 4753 3541 4804 μου
3576 4736 3748 4792 ἑστέ.

2180 4819 2281 4872 Ἐν
2309 4819 2514 4885 τούτῳ,
2544 4819 2719 4890 ποίῳ;
2751 4822 2807 4872 ἐν
2835 4819 2914 4892 τῷ
2941 4820 3195 4891 θαύματα
3226 4827 3427 4888 ποιεῖν;
3463 4828 3520 4878 ἐν
3544 4826 3624 4897 τῷ
3661 4847 3754 4882 νε.

2168 4908 2333 4978 κροὺς
2361 4908 2626 4978 ἐγείρειν;
2653 4910 2807 4980 Οὐχὶ,
2833 4912 3015 4980 φησίν·
3036 4911 3150 4964 ἀλλ’
3175 4914 3231 4964 ἐν
3255 4915 3358 4966 τίνι
3379 4931 3392 4978 ;
3429 4917 3530 4969 Ἑν
3555 4919 3757 4984 τούτῳ

2169 5001 2499 5072 γνώσονται
2527 5003 2746 5069 πάντες
2769 5044 2784 5069 ,
2827 5003 2917 5058 ὅτι
2959 5006 3090 5074 ἐμοὶ
3129 5009 3390 5076 μαθηταί
3417 5010 3586 5075 ἐστε,
3637 5012 3759 5066 ἐὰν

2169 5092 2435 5161 ἀγαπᾶτε
2472 5093 2805 5162 ἀλλήλους.
2857 5096 2921 5148 Ἡ
2956 5096 3012 5148 δὲ
3049 5098 3237 5168 ἀγάπη
3269 5099 3389 5169 οὐχὶ
3427 5100 3754 5168 θαυμάτων,

2173 5185 2308 5237 ἀλλά
2340 5184 2608 5248 πολιτείας
2631 5185 2766 5238 ἐστί.
2793 5186 3090 5255 Πλήρωμα
3115 5188 3220 5258 γὰρ
3242 5189 3428 5256 νόμου
3457 5191 3493 5257 ἠ
3519 5189 3754 5259 ἀγάπη.

2172 5274 2326 5340 Εἶδες
2357 5277 2418 5330 τὸ
2445 5277 2733 5348 γνώρισμα
2763 5277 2871 5332 τῶν
2910 5279 3198 5349 μαθητῶν;
3229 5276 3366 5345 εἶδες
3414 5281 3513 5351 τὴν
3561 5283 3758 5338 εἰκόνα

2171 5366 2270 5436 τῆς
2299 5367 2635 5436 ἀποστολῆς;
2666 5362 2804 5430 εἶδες
2843 5368 2943 5438 τὴν
2976 5372 3224 5441 μορφήν;
3256 5367 3392 5432 εἶδες
3421 5372 3512 5424 τὸν
3541 5372 3757 5440 τύπον;

2177 5459 2340 5528 μηδὲν
2379 5459 2537 5512 πλέον
2567 5458 2752 5529 ζήτει·
2787 5462 2814 5513 6
2844 5461 2953 5532 γὰρ
2981 5463 3258 5533 Δεσπότης
3287 5464 3640 5534 ἀπεφήνατο,
3671 5467 3758 5521 ὅτι

2173 5552 2360 5622 ἀγάπη
2392 5553 2784 5623 χαρακτηρίζει
2810 5555 2934 5616 τοὺς
2970 5554 3237 5626 μαθητάς.
3281 5557 3378 5610 Ἂν
3410 5556 3590 5610 τοίνυν
3618 5557 3758 5632 ἔχῃς

2177 5641 2416 5712 ἀγάπην,
2472 5643 2766 5710 ἀπόστολος
2821 5645 3080 5715 γέγονας,
3140 5649 3233 5703 καὶ
3279 5648 3387 5705 τῶν
3436 5649 3760 5708 ἀποστόλων

2181 5753 2411 5806 πρωτος.
