  <div class='ocr_page' id='page_1' title='image "/cluster/home/n/w/nwhite01/storage/ocr_20150623/51/nnc1.0046978275/080.png"; bbox 0 0 4010 6342; ppageno 0'>
   <div class='ocr_carea' id='block_1_1' title="bbox 264 300 3555 370">
    <p class='ocr_par' dir='ltr' id='par_1_1' title="bbox 264 300 3555 370">
     <span class='ocr_line' id='line_1_1' title="bbox 264 300 3555 370; baseline -0.005 1"><span class='ocrx_word' id='word_1_1' title='bbox 264 306 331 361; x_wconf 73' lang='grc'><strong>81</strong></span> <span class='ocrx_word' id='word_1_2' title='bbox 1468 308 1534 364; x_wconf 86' lang='grc' dir='ltr'><strong>ΙΝ</strong></span> <span class='ocrx_word' id='word_1_3' title='bbox 1574 308 2099 366; x_wconf 76' lang='lat' dir='ltr'><strong>lNSCRIPTlONEM</strong></span> <span class='ocrx_word' id='word_1_4' title='bbox 2137 310 2485 370; x_wconf 78' lang='lat' dir='ltr'><strong>ACTORUM.</strong></span> <span class='ocrx_word' id='word_1_5' title='bbox 2519 310 2581 368; x_wconf 89' lang='lat' dir='ltr'><strong>ll.</strong></span> <span class='ocrx_word' id='word_1_6' title='bbox 3244 326 3249 331; x_wconf 95' lang='grc'>·</span> <span class='ocrx_word' id='word_1_7' title='bbox 3485 300 3555 355; x_wconf 71' lang='lat'><strong>82</strong></span> 
     </span>
    </p>
   </div>
   <div class='ocr_carea' id='block_1_2' title="bbox 259 422 1857 492">
    <p class='ocr_par' dir='ltr' id='par_1_2' title="bbox 259 422 1857 492">
     <span class='ocr_line' id='line_1_2' title="bbox 259 422 1857 492; baseline 0.003 -21"><span class='ocrx_word' id='word_1_8' title='bbox 259 438 370 489; x_wconf 84' lang='lat' dir='ltr'><strong>qua</strong></span> <span class='ocrx_word' id='word_1_9' title='bbox 402 422 612 477; x_wconf 85' lang='lat' dir='ltr'><strong>ratione</strong></span> <span class='ocrx_word' id='word_1_10' title='bbox 655 422 889 492; x_wconf 90' lang='lat' dir='ltr'><strong>priorem</strong></span> <span class='ocrx_word' id='word_1_11' title='bbox 930 423 1105 478; x_wconf 90' lang='lat' dir='ltr'><strong>locum</strong></span> <span class='ocrx_word' id='word_1_12' title='bbox 1135 423 1413 479; x_wconf 91' lang='lat' dir='ltr'><strong>obtineant</strong></span> <span class='ocrx_word' id='word_1_13' title='bbox 1439 424 1696 491; x_wconf 76' lang='lat' dir='ltr'><strong>actiones,</strong></span> <span class='ocrx_word' id='word_1_14' title='bbox 1737 438 1857 477; x_wconf 91' lang='lat' dir='ltr'><strong>cum</strong></span> 
     </span>
    </p>
   </div>
   <div class='ocr_carea' id='block_1_3' title="bbox 258 513 1861 587">
    <p class='ocr_par' dir='ltr' id='par_1_3' title="bbox 258 513 1861 587">
     <span class='ocr_line' id='line_1_3' title="bbox 258 513 1861 587; baseline 0.002 -21"><span class='ocrx_word' id='word_1_15' title='bbox 258 513 334 566; x_wconf 86' lang='lat' dir='ltr'><strong>de</strong></span> <span class='ocrx_word' id='word_1_16' title='bbox 361 515 795 569; x_wconf 76' lang='lat' dir='ltr'><strong>remuneratione</strong></span> <span class='ocrx_word' id='word_1_17' title='bbox 820 515 1083 571; x_wconf 84' lang='lat' dir='ltr'><strong>mercedis</strong></span> <span class='ocrx_word' id='word_1_18' title='bbox 1103 516 1278 587; x_wconf 87' lang='lat' dir='ltr'><strong>agitur</strong></span> <span class='ocrx_word' id='word_1_19' title='bbox 1304 534 1315 569; x_wconf 90' lang='lat'><strong>:</strong></span> <span class='ocrx_word' id='word_1_20' title='bbox 1340 531 1443 586; x_wconf 88' lang='lat' dir='ltr'><strong>qua</strong></span> <span class='ocrx_word' id='word_1_21' title='bbox 1474 517 1682 571; x_wconf 76' lang='lat' dir='ltr'><strong>ratione</strong></span> <span class='ocrx_word' id='word_1_22' title='bbox 1711 515 1861 585; x_wconf 90' lang='lat' dir='ltr'><strong>signa</strong></span> 
     </span>
    </p>
   </div>
   <div class='ocr_carea' id='block_1_4' title="bbox 258 606 1864 680">
    <p class='ocr_par' dir='ltr' id='par_1_4' title="bbox 258 606 1864 680">
     <span class='ocr_line' id='line_1_4' title="bbox 258 606 1864 680; baseline 0.003 -24"><span class='ocrx_word' id='word_1_23' title='bbox 258 606 505 672; x_wconf 82' lang='lat' dir='ltr'><strong>quidem,</strong></span> <span class='ocrx_word' id='word_1_24' title='bbox 550 608 594 660; x_wconf 85' lang='lat' dir='ltr'><strong>si</strong></span> <span class='ocrx_word' id='word_1_25' title='bbox 640 608 752 662; x_wconf 89' lang='lat' dir='ltr'><strong>sola</strong></span> <span class='ocrx_word' id='word_1_26' title='bbox 783 608 911 675; x_wconf 90' lang='lat' dir='ltr'><strong>sint,</strong></span> <span class='ocrx_word' id='word_1_27' title='bbox 942 623 1055 674; x_wconf 91' lang='lat' dir='ltr'><strong>eos,</strong></span> <span class='ocrx_word' id='word_1_28' title='bbox 1105 612 1195 680; x_wconf 89' lang='lat' dir='ltr'><strong>qui</strong></span> <span class='ocrx_word' id='word_1_29' title='bbox 1237 609 1325 663; x_wconf 94' lang='lat' dir='ltr'><strong>illa</strong></span> <span class='ocrx_word' id='word_1_30' title='bbox 1376 609 1653 679; x_wconf 89' lang='lat' dir='ltr'><strong>patrarint,</strong></span> <span class='ocrx_word' id='word_1_31' title='bbox 1686 608 1864 662; x_wconf 87' lang='lat' dir='ltr'><strong>salvos</strong></span> 
     </span>
    </p>
   </div>
   <div class='ocr_carea' id='block_1_5' title="bbox 260 698 1865 773">
    <p class='ocr_par' dir='ltr' id='par_1_5' title="bbox 260 698 1865 773">
     <span class='ocr_line' id='line_1_5' title="bbox 260 698 1865 773; baseline 0.002 -24"><span class='ocrx_word' id='word_1_32' title='bbox 260 713 373 749; x_wconf 87' lang='lat' dir='ltr'><strong>non</strong></span> <span class='ocrx_word' id='word_1_33' title='bbox 404 698 602 755; x_wconf 87' lang='lat' dir='ltr'><strong>faciant</strong></span> <span class='ocrx_word' id='word_1_34' title='bbox 627 700 803 755; x_wconf 87' lang='lat' dir='ltr'><strong>:aetio</strong></span> <span class='ocrx_word' id='word_1_35' title='bbox 828 717 957 755; x_wconf 91' lang='lat' dir='ltr'><strong>vero</strong></span> <span class='ocrx_word' id='word_1_36' title='bbox 984 703 1211 757; x_wconf 87' lang='lat' dir='ltr'><strong>seorsim</strong></span> <span class='ocrx_word' id='word_1_37' title='bbox 1237 712 1447 773; x_wconf 91' lang='lat' dir='ltr'><strong>sumpta</strong></span> <span class='ocrx_word' id='word_1_38' title='bbox 1478 703 1618 757; x_wconf 89' lang='lat' dir='ltr'><strong>nulla</strong></span> <span class='ocrx_word' id='word_1_39' title='bbox 1651 717 1709 757; x_wconf 90' lang='lat' dir='ltr'><strong>re</strong></span> <span class='ocrx_word' id='word_1_40' title='bbox 1728 701 1865 755; x_wconf 84' lang='lat' dir='ltr'><strong>indi-</strong></span> 
     </span>
    </p>
   </div>
   <div class='ocr_carea' id='block_1_6' title="bbox 258 792 1864 865">
    <p class='ocr_par' dir='ltr' id='par_1_6' title="bbox 258 792 1864 865">
     <span class='ocr_line' id='line_1_6' title="bbox 258 792 1864 865; baseline 0.003 -22"><span class='ocrx_word' id='word_1_41' title='bbox 258 800 393 859; x_wconf 78' lang='lat' dir='ltr'><strong>geat</strong></span> <span class='ocrx_word' id='word_1_42' title='bbox 420 792 524 845; x_wconf 85' lang='lat' dir='ltr'><strong>alia</strong></span> <span class='ocrx_word' id='word_1_43' title='bbox 554 792 620 845; x_wconf 90' lang='lat' dir='ltr'><strong>ad</strong></span> <span class='ocrx_word' id='word_1_44' title='bbox 648 808 743 847; x_wconf 91' lang='lat' dir='ltr'><strong>eos</strong></span> <span class='ocrx_word' id='word_1_45' title='bbox 768 794 1073 860; x_wconf 88' lang='lat' dir='ltr'><strong>salvandos,</strong></span> <span class='ocrx_word' id='word_1_46' title='bbox 1106 795 1197 865; x_wconf 87' lang='lat' dir='ltr'><strong>qui</strong></span> <span class='ocrx_word' id='word_1_47' title='bbox 1227 810 1347 850; x_wconf 91' lang='lat' dir='ltr'><strong>eam</strong></span> <span class='ocrx_word' id='word_1_48' title='bbox 1380 794 1673 865; x_wconf 91' lang='lat' dir='ltr'><strong>possident.</strong></span> <span class='ocrx_word' id='word_1_49' title='bbox 1709 792 1864 848; x_wconf 79' lang='lat' dir='ltr'><strong>Multi</strong></span> 
     </span>
    </p>
   </div>
   <div class='ocr_carea' id='block_1_7' title="bbox 260 884 1861 955">
    <p class='ocr_par' dir='ltr' id='par_1_7' title="bbox 260 884 1861 955">
     <span class='ocr_line' id='line_1_7' title="bbox 260 884 1861 955; baseline 0.004 -22"><span class='ocrx_word' id='word_1_50' title='bbox 260 884 438 935; x_wconf 79' lang='lat' dir='ltr'><strong>dicent</strong></span> <span class='ocrx_word' id='word_1_51' title='bbox 467 884 612 948; x_wconf 83' lang='lat' dir='ltr'><strong>mihi,</strong></span> <span class='ocrx_word' id='word_1_52' title='bbox 652 885 817 955; x_wconf 85' lang='lat' dir='ltr'><strong>inquit</strong></span> <span class='ocrx_word' id='word_1_53' title='bbox 850 884 1115 953; x_wconf 83' lang='lat' dir='ltr'><strong>Christus,</strong></span> <span class='ocrx_word' id='word_1_54' title='bbox 1144 888 1198 940; x_wconf 88' lang='lat' dir='ltr'><strong>in</strong></span> <span class='ocrx_word' id='word_1_55' title='bbox 1224 888 1315 941; x_wconf 85' lang='lat' dir='ltr'><strong>illa</strong></span> <span class='ocrx_word' id='word_1_56' title='bbox 1342 887 1445 951; x_wconf 89' lang='lat' dir='ltr'><strong>die,</strong></span> <span class='ocrx_word' id='word_1_57' title='bbox 1475 884 1716 953; x_wconf 83' lang='lat' dir='ltr'><strong>Domine,</strong></span> <span class='ocrx_word' id='word_1_58' title='bbox 1748 884 1861 940; x_wconf 93' lang='lat' dir='ltr'><strong>Do-</strong></span> 
     </span>
    </p>
   </div>
   <div class='ocr_carea' id='block_1_8' title="bbox 261 976 1865 1049">
    <p class='ocr_par' dir='ltr' id='par_1_8' title="bbox 261 976 1865 1049">
     <span class='ocr_line' id='line_1_8' title="bbox 261 976 1865 1049; baseline 0.002 -22"><span class='ocrx_word' id='word_1_59' title='bbox 261 976 423 1042; x_wconf 78' lang='lat' dir='ltr'><strong>mine,</strong></span> <span class='ocrx_word' id='word_1_60' title='bbox 450 993 613 1030; x_wconf 86' lang='lat' dir='ltr'><strong>nonne</strong></span> <span class='ocrx_word' id='word_1_61' title='bbox 639 978 691 1030; x_wconf 89' lang='lat' dir='ltr'><strong>in</strong></span> <span class='ocrx_word' id='word_1_62' title='bbox 714 982 913 1033; x_wconf 81' lang='lat' dir='ltr'><strong>nomine</strong></span> <span class='ocrx_word' id='word_1_63' title='bbox 932 988 1019 1032; x_wconf 89' lang='lat' dir='ltr'><strong>tuo</strong></span> <span class='ocrx_word' id='word_1_64' title='bbox 1045 979 1456 1049; x_wconf 84' lang='lat' dir='ltr'><strong>prophetavimus</strong></span> <span class='ocrx_word' id='word_1_65' title='bbox 1473 979 1499 1032; x_wconf 80' lang='lat'><strong>?</strong></span> <span class='ocrx_word' id='word_1_66' title='bbox 1525 978 1629 1032; x_wconf 90' lang='lat' dir='ltr'><strong>hoc</strong></span> <span class='ocrx_word' id='word_1_67' title='bbox 1656 978 1865 1048; x_wconf 90' lang='lat' dir='ltr'><strong>signum</strong></span> 
     </span>
    </p>
   </div>
   <div class='ocr_carea' id='block_1_9' title="bbox 259 1068 1869 1134">
    <p class='ocr_par' dir='ltr' id='par_1_9' title="bbox 259 1068 1869 1134">
     <span class='ocr_line' id='line_1_9' title="bbox 259 1068 1869 1134; baseline 0.001 -14"><span class='ocrx_word' id='word_1_68' title='bbox 259 1075 353 1120; x_wconf 83' lang='lat' dir='ltr'><strong>est</strong></span> <span class='ocrx_word' id='word_1_69' title='bbox 403 1076 460 1121; x_wconf 91' lang='lat' dir='ltr'><strong>et</strong></span> <span class='ocrx_word' id='word_1_70' title='bbox 511 1068 861 1134; x_wconf 82' lang='lat' dir='ltr'><strong>miraculum;</strong></span> <span class='ocrx_word' id='word_1_71' title='bbox 904 1068 1094 1123; x_wconf 84' lang='lat' dir='ltr'><strong>Nonne</strong></span> <span class='ocrx_word' id='word_1_72' title='bbox 1146 1071 1198 1123; x_wconf 85' lang='lat' dir='ltr'><strong>in</strong></span> <span class='ocrx_word' id='word_1_73' title='bbox 1244 1070 1445 1123; x_wconf 84' lang='lat' dir='ltr'><strong>nomine</strong></span> <span class='ocrx_word' id='word_1_74' title='bbox 1489 1080 1574 1123; x_wconf 89' lang='lat' dir='ltr'><strong>tuo</strong></span> <span class='ocrx_word' id='word_1_75' title='bbox 1616 1070 1869 1123; x_wconf 74' lang='lat' dir='ltr'><strong>dannonia</strong></span> 
     </span>
    </p>
   </div>
   <div class='ocr_carea' id='block_1_10' title="bbox 260 1160 1869 1231">
    <p class='ocr_par' dir='ltr' id='par_1_10' title="bbox 260 1160 1869 1231">
     <span class='ocr_line' id='line_1_10' title="bbox 260 1160 1869 1231; baseline 0.001 -20"><span class='ocrx_word' id='word_1_76' title='bbox 260 1160 431 1213; x_wconf 68' lang='lat' dir='ltr'><strong>nauita</strong></span> <span class='ocrx_word' id='word_1_77' title='bbox 459 1160 720 1229; x_wconf 83' lang='lat' dir='ltr'><strong>ejecimus,</strong></span> <span class='ocrx_word' id='word_1_78' title='bbox 747 1171 796 1214; x_wconf 88' lang='lat' dir='ltr'><strong>et</strong></span> <span class='ocrx_word' id='word_1_79' title='bbox 836 1163 890 1216; x_wconf 89' lang='lat' dir='ltr'><strong>in</strong></span> <span class='ocrx_word' id='word_1_80' title='bbox 920 1163 1123 1216; x_wconf 79' lang='lat' dir='ltr'><strong>nomine</strong></span> <span class='ocrx_word' id='word_1_81' title='bbox 1167 1173 1252 1216; x_wconf 90' lang='lat' dir='ltr'><strong>tuo</strong></span> <span class='ocrx_word' id='word_1_82' title='bbox 1280 1164 1484 1217; x_wconf 80' lang='lat' dir='ltr'><strong>virtutes</strong></span> <span class='ocrx_word' id='word_1_83' title='bbox 1522 1162 1708 1216; x_wconf 89' lang='lat' dir='ltr'><strong>multas</strong></span> <span class='ocrx_word' id='word_1_84' title='bbox 1746 1161 1869 1231; x_wconf 82' lang='lat' dir='ltr'><strong>feci-</strong></span> 
     </span>
    </p>
   </div>
   <div class='ocr_carea' id='block_1_11' title="bbox 262 1250 1864 1325">
    <p class='ocr_par' dir='ltr' id='par_1_11' title="bbox 262 1250 1864 1325">
     <span class='ocr_line' id='line_1_11' title="bbox 262 1250 1864 1325; baseline 0.004 -23"><span class='ocrx_word' id='word_1_85' title='bbox 262 1268 381 1303; x_wconf 76' lang='lat' dir='ltr'><strong>ntus</strong></span> <span class='ocrx_word' id='word_1_86' title='bbox 406 1250 621 1321; x_wconf 71' lang='lat' dir='ltr'><strong>(Matth.</strong></span> <span class='ocrx_word' id='word_1_87' title='bbox 658 1253 711 1305; x_wconf 92' lang='lat'><strong>7.</strong></span> <span class='ocrx_word' id='word_1_88' title='bbox 738 1252 872 1324; x_wconf 72' lang='lat'><strong>22)?</strong></span> <span class='ocrx_word' id='word_1_89' title='bbox 902 1252 1065 1309; x_wconf 86' lang='lat' dir='ltr'><strong>Vides</strong></span> <span class='ocrx_word' id='word_1_90' title='bbox 1086 1254 1282 1325; x_wconf 90' lang='lat' dir='ltr'><strong>ubique</strong></span> <span class='ocrx_word' id='word_1_91' title='bbox 1310 1255 1457 1325; x_wconf 88' lang='lat' dir='ltr'><strong>signa</strong></span> <span class='ocrx_word' id='word_1_92' title='bbox 1484 1262 1541 1308; x_wconf 91' lang='lat' dir='ltr'><strong>et</strong></span> <span class='ocrx_word' id='word_1_93' title='bbox 1568 1253 1823 1308; x_wconf 88' lang='lat' dir='ltr'><strong>miracula</strong></span> <span class='ocrx_word' id='word_1_94' title='bbox 1849 1270 1864 1308; x_wconf 89' lang='lat'><strong>:</strong></span> 
     </span>
    </p>
   </div>
   <div class='ocr_carea' id='block_1_12' title="bbox 262 1340 1866 1411">
    <p class='ocr_par' dir='ltr' id='par_1_12' title="bbox 262 1340 1866 1411">
     <span class='ocr_line' id='line_1_12' title="bbox 262 1340 1866 1411; baseline 0.003 -19"><span class='ocrx_word' id='word_1_95' title='bbox 262 1340 551 1396; x_wconf 62' lang='lat' dir='ltr'><strong>videmus</strong></span> <span class='ocrx_word' id='word_1_96' title='bbox 573 1343 700 1410; x_wconf 91' lang='lat' dir='ltr'><strong>quid</strong></span> <span class='ocrx_word' id='word_1_97' title='bbox 727 1344 870 1398; x_wconf 84' lang='lat' dir='ltr'><strong>dicat</strong></span> <span class='ocrx_word' id='word_1_98' title='bbox 899 1345 1063 1399; x_wconf 89' lang='lat' dir='ltr'><strong>Deus.</strong></span> <span class='ocrx_word' id='word_1_99' title='bbox 1092 1345 1224 1411; x_wconf 87' lang='lat' dir='ltr'><strong>Quia</strong></span> <span class='ocrx_word' id='word_1_100' title='bbox 1250 1344 1389 1399; x_wconf 88' lang='lat' dir='ltr'><strong>nuda</strong></span> <span class='ocrx_word' id='word_1_101' title='bbox 1408 1355 1563 1399; x_wconf 90' lang='lat' dir='ltr'><strong>erant</strong></span> <span class='ocrx_word' id='word_1_102' title='bbox 1589 1345 1866 1410; x_wconf 88' lang='lat' dir='ltr'><strong>miracula,</strong></span> 
     </span>
    </p>
   </div>
   <div class='ocr_carea' id='block_1_13' title="bbox 266 1424 1868 1505">
    <p class='ocr_par' dir='ltr' id='par_1_13' title="bbox 266 1424 1868 1505">
     <span class='ocr_line' id='line_1_13' title="bbox 266 1424 1868 1505; baseline 0.002 -19"><span class='ocrx_word' id='word_1_103' title='bbox 266 1424 372 1489; x_wconf 65' lang='lat' dir='ltr'><strong>tice</strong></span> <span class='ocrx_word' id='word_1_104' title='bbox 416 1435 622 1504; x_wconf 81' lang='lat' dir='ltr'><strong>uSpiatn</strong></span> <span class='ocrx_word' id='word_1_105' title='bbox 665 1439 1026 1503; x_wconf 77' lang='lat' dir='ltr'><strong>conversatio,</strong></span> <span class='ocrx_word' id='word_1_106' title='bbox 1081 1437 1374 1503; x_wconf 82' lang='lat' dir='ltr'><strong>Discedite,</strong></span> <span class='ocrx_word' id='word_1_107' title='bbox 1431 1437 1635 1505; x_wconf 85' lang='lat' dir='ltr'><strong>inquit,</strong></span> <span class='ocrx_word' id='word_1_108' title='bbox 1676 1453 1707 1489; x_wconf 94' lang='lat' dir='ltr'><strong>a</strong></span> <span class='ocrx_word' id='word_1_109' title='bbox 1752 1453 1868 1504; x_wconf 87' lang='lat' dir='ltr'><strong>me,</strong></span> 
     </span>
    </p>
   </div>
   <div class='ocr_carea' id='block_1_14' title="bbox 266 1526 1870 1599">
    <p class='ocr_par' dir='ltr' id='par_1_14' title="bbox 266 1526 1870 1599">
     <span class='ocr_line' id='line_1_14' title="bbox 266 1526 1870 1599; baseline 0.003 -19"><span class='ocrx_word' id='word_1_110' title='bbox 266 1528 442 1581; x_wconf 78' lang='lat' dir='ltr'><strong>nescio</strong></span> <span class='ocrx_word' id='word_1_111' title='bbox 470 1544 555 1582; x_wconf 82' lang='lat' dir='ltr'><strong>vos</strong></span> <span class='ocrx_word' id='word_1_112' title='bbox 579 1570 593 1593; x_wconf 94' lang='lat'><strong>,</strong></span> <span class='ocrx_word' id='word_1_113' title='bbox 625 1529 711 1598; x_wconf 87' lang='lat' dir='ltr'><strong>qui</strong></span> <span class='ocrx_word' id='word_1_114' title='bbox 739 1530 1021 1598; x_wconf 79' lang='lat' dir='ltr'><strong>operamini</strong></span> <span class='ocrx_word' id='word_1_115' title='bbox 1048 1530 1362 1599; x_wconf 82' lang='lat' dir='ltr'><strong>iniquitatem</strong></span> <span class='ocrx_word' id='word_1_116' title='bbox 1389 1526 1555 1599; x_wconf 78' lang='lat' dir='ltr'><strong>(Ibid.</strong></span> <span class='ocrx_word' id='word_1_117' title='bbox 1584 1544 1635 1581; x_wconf 80' lang='grc' dir='ltr'><strong>υ.</strong></span> <span class='ocrx_word' id='word_1_118' title='bbox 1664 1527 1783 1599; x_wconf 68' lang='grc'><strong>25).</strong></span> <span class='ocrx_word' id='word_1_119' title='bbox 1812 1528 1870 1585; x_wconf 82' lang='lat' dir='ltr'><strong>Si</strong></span> 
     </span>
    </p>
   </div>
   <div class='ocr_carea' id='block_1_15' title="bbox 267 1621 1869 1692">
    <p class='ocr_par' dir='ltr' id='par_1_15' title="bbox 267 1621 1869 1692">
     <span class='ocr_line' id='line_1_15' title="bbox 267 1621 1869 1692; baseline 0.002 -20"><span class='ocrx_word' id='word_1_120' title='bbox 267 1635 380 1673; x_wconf 88' lang='lat' dir='ltr'><strong>non</strong></span> <span class='ocrx_word' id='word_1_121' title='bbox 414 1621 559 1674; x_wconf 83' lang='lat' dir='ltr'><strong>nosti</strong></span> <span class='ocrx_word' id='word_1_122' title='bbox 584 1635 698 1685; x_wconf 89' lang='lat' dir='ltr'><strong>eos,</strong></span> <span class='ocrx_word' id='word_1_123' title='bbox 719 1621 858 1676; x_wconf 92' lang='lat' dir='ltr'><strong>unde</strong></span> <span class='ocrx_word' id='word_1_124' title='bbox 891 1622 984 1675; x_wconf 88' lang='lat' dir='ltr'><strong>tibi</strong></span> <span class='ocrx_word' id='word_1_125' title='bbox 1004 1622 1232 1676; x_wconf 90' lang='lat' dir='ltr'><strong>innotuit</strong></span> <span class='ocrx_word' id='word_1_126' title='bbox 1256 1636 1349 1677; x_wconf 90' lang='lat' dir='ltr'><strong>eos</strong></span> <span class='ocrx_word' id='word_1_127' title='bbox 1380 1621 1709 1692; x_wconf 86' lang='lat' dir='ltr'><strong>iniquitatem</strong></span> <span class='ocrx_word' id='word_1_128' title='bbox 1737 1636 1869 1690; x_wconf 88' lang='lat' dir='ltr'><strong>ope-</strong></span> 
     </span>
    </p>
   </div>
   <div class='ocr_carea' id='block_1_16' title="bbox 267 1712 1867 1784">
    <p class='ocr_par' dir='ltr' id='par_1_16' title="bbox 267 1712 1867 1784">
     <span class='ocr_line' id='line_1_16' title="bbox 267 1712 1867 1784; baseline 0.002 -19"><span class='ocrx_word' id='word_1_129' title='bbox 267 1713 420 1766; x_wconf 84' lang='lat' dir='ltr'><strong>rari?</strong></span> <span class='ocrx_word' id='word_1_130' title='bbox 456 1712 526 1768; x_wconf 90' lang='lat' dir='ltr'><strong>Ut</strong></span> <span class='ocrx_word' id='word_1_131' title='bbox 553 1713 818 1783; x_wconf 81' lang='lat' dir='ltr'><strong>intelligas</strong></span> <span class='ocrx_word' id='word_1_132' title='bbox 859 1714 1009 1780; x_wconf 93' lang='lat' dir='ltr'><strong>illud,</strong></span> <span class='ocrx_word' id='word_1_133' title='bbox 1042 1713 1228 1768; x_wconf 87' lang='lat' dir='ltr'><strong>Nescio</strong></span> <span class='ocrx_word' id='word_1_134' title='bbox 1257 1732 1363 1781; x_wconf 87' lang='lat' dir='ltr'><strong>vos,</strong></span> <span class='ocrx_word' id='word_1_135' title='bbox 1398 1730 1501 1767; x_wconf 89' lang='lat' dir='ltr'><strong>non</strong></span> <span class='ocrx_word' id='word_1_136' title='bbox 1533 1714 1867 1784; x_wconf 67' lang='lat' dir='ltr'><strong>ignorantia},</strong></span> 
     </span>
    </p>
   </div>
   <div class='ocr_carea' id='block_1_17' title="bbox 265 1802 1871 1871">
    <p class='ocr_par' dir='ltr' id='par_1_17' title="bbox 265 1802 1871 1871">
     <span class='ocr_line' id='line_1_17' title="bbox 265 1802 1871 1871; baseline 0.003 -15"><span class='ocrx_word' id='word_1_137' title='bbox 265 1802 367 1856; x_wconf 84' lang='lat' dir='ltr'><strong>sed</strong></span> <span class='ocrx_word' id='word_1_138' title='bbox 392 1802 500 1856; x_wconf 90' lang='lat' dir='ltr'><strong>odii</strong></span> <span class='ocrx_word' id='word_1_139' title='bbox 526 1813 581 1857; x_wconf 90' lang='lat' dir='ltr'><strong>et</strong></span> <span class='ocrx_word' id='word_1_140' title='bbox 607 1803 904 1859; x_wconf 87' lang='lat' dir='ltr'><strong>aversionis</strong></span> <span class='ocrx_word' id='word_1_141' title='bbox 932 1819 1072 1859; x_wconf 85' lang='lat' dir='ltr'><strong>esse.</strong></span> <span class='ocrx_word' id='word_1_142' title='bbox 1106 1803 1294 1859; x_wconf 89' lang='lat' dir='ltr'><strong>Nescio</strong></span> <span class='ocrx_word' id='word_1_143' title='bbox 1321 1821 1425 1859; x_wconf 86' lang='lat' dir='ltr'><strong>vos.</strong></span> <span class='ocrx_word' id='word_1_144' title='bbox 1452 1804 1623 1871; x_wconf 90' lang='lat' dir='ltr'><strong>Quam</strong></span> <span class='ocrx_word' id='word_1_145' title='bbox 1649 1805 1718 1861; x_wconf 93' lang='lat' dir='ltr'><strong>ob</strong></span> <span class='ocrx_word' id='word_1_146' title='bbox 1743 1820 1871 1860; x_wconf 85' lang='lat' dir='ltr'><strong>eau-</strong></span> 
     </span>
    </p>
   </div>
   <div class='ocr_carea' id='block_1_18' title="bbox 265 1896 1873 1970">
    <p class='ocr_par' dir='ltr' id='par_1_18' title="bbox 265 1896 1873 1970">
     <span class='ocr_line' id='line_1_18' title="bbox 265 1896 1873 1970; baseline 0.002 -22"><span class='ocrx_word' id='word_1_147' title='bbox 265 1912 386 1949; x_wconf 79' lang='lat' dir='ltr'><strong>sam</strong></span> <span class='ocrx_word' id='word_1_148' title='bbox 408 1898 629 1967; x_wconf 67' lang='lat' dir='ltr'><strong>qumso?</strong></span> <span class='ocrx_word' id='word_1_149' title='bbox 660 1896 851 1952; x_wconf 87' lang='lat' dir='ltr'><strong>Nonne</strong></span> <span class='ocrx_word' id='word_1_150' title='bbox 877 1898 931 1952; x_wconf 90' lang='lat' dir='ltr'><strong>in</strong></span> <span class='ocrx_word' id='word_1_151' title='bbox 958 1898 1158 1952; x_wconf 87' lang='lat' dir='ltr'><strong>nomine</strong></span> <span class='ocrx_word' id='word_1_152' title='bbox 1188 1907 1276 1953; x_wconf 88' lang='lat' dir='ltr'><strong>tuo</strong></span> <span class='ocrx_word' id='word_1_153' title='bbox 1307 1898 1560 1953; x_wconf 64' lang='lat' dir='ltr'><strong>daemonia</strong></span> <span class='ocrx_word' id='word_1_154' title='bbox 1589 1899 1825 1970; x_wconf 88' lang='lat' dir='ltr'><strong>ejecimus</strong></span> <span class='ocrx_word' id='word_1_155' title='bbox 1847 1898 1873 1952; x_wconf 69' lang='grc' dir='ltr'><strong><em>Ρ</em></strong></span> 
     </span>
    </p>
   </div>
   <div class='ocr_carea' id='block_1_19' title="bbox 266 1988 1871 2060">
    <p class='ocr_par' dir='ltr' id='par_1_19' title="bbox 266 1988 1871 2060">
     <span class='ocr_line' id='line_1_19' title="bbox 266 1988 1871 2060; baseline 0 -18"><span class='ocrx_word' id='word_1_156' title='bbox 266 1988 564 2058; x_wconf 82' lang='lat' dir='ltr'><strong>PrOpterea</strong></span> <span class='ocrx_word' id='word_1_157' title='bbox 612 2004 710 2044; x_wconf 89' lang='lat' dir='ltr'><strong>vos</strong></span> <span class='ocrx_word' id='word_1_158' title='bbox 756 1989 883 2044; x_wconf 92' lang='lat' dir='ltr'><strong>odio</strong></span> <span class='ocrx_word' id='word_1_159' title='bbox 933 2004 1249 2060; x_wconf 90' lang='lat' dir='ltr'><strong>prosequor,</strong></span> <span class='ocrx_word' id='word_1_160' title='bbox 1299 1999 1355 2043; x_wconf 91' lang='lat' dir='ltr'><strong>et</strong></span> <span class='ocrx_word' id='word_1_161' title='bbox 1396 2004 1635 2057; x_wconf 83' lang='lat' dir='ltr'><strong>aversor,</strong></span> <span class='ocrx_word' id='word_1_162' title='bbox 1682 1989 1871 2058; x_wconf 92' lang='lat' dir='ltr'><strong>inquit,</strong></span> 
     </span>
    </p>
   </div>
   <div class='ocr_carea' id='block_1_20' title="bbox 268 2082 1870 2153">
    <p class='ocr_par' dir='ltr' id='par_1_20' title="bbox 268 2082 1870 2153">
     <span class='ocr_line' id='line_1_20' title="bbox 268 2082 1870 2153; baseline 0 -18"><span class='ocrx_word' id='word_1_163' title='bbox 268 2082 401 2150; x_wconf 90' lang='lat' dir='ltr'><strong>quia</strong></span> <span class='ocrx_word' id='word_1_164' title='bbox 456 2098 525 2136; x_wconf 91' lang='lat' dir='ltr'><strong>ne</strong></span> <span class='ocrx_word' id='word_1_165' title='bbox 565 2082 722 2136; x_wconf 91' lang='lat' dir='ltr'><strong>donis</strong></span> <span class='ocrx_word' id='word_1_166' title='bbox 763 2082 978 2153; x_wconf 89' lang='lat' dir='ltr'><strong>quidem</strong></span> <span class='ocrx_word' id='word_1_167' title='bbox 1023 2082 1259 2153; x_wconf 88' lang='lat' dir='ltr'><strong>acceptis</strong></span> <span class='ocrx_word' id='word_1_168' title='bbox 1302 2082 1553 2137; x_wconf 87' lang='lat' dir='ltr'><strong>meliores</strong></span> <span class='ocrx_word' id='word_1_169' title='bbox 1599 2082 1870 2147; x_wconf 88' lang='lat' dir='ltr'><strong>evasistis,</strong></span> 
     </span>
    </p>
   </div>
   <div class='ocr_carea' id='block_1_21' title="bbox 266 2171 1874 2244">
    <p class='ocr_par' dir='ltr' id='par_1_21' title="bbox 266 2171 1874 2244">
     <span class='ocr_line' id='line_1_21' title="bbox 266 2171 1874 2244; baseline 0.002 -21"><span class='ocrx_word' id='word_1_170' title='bbox 266 2172 415 2242; x_wconf 89' lang='lat' dir='ltr'><strong>quod</strong></span> <span class='ocrx_word' id='word_1_171' title='bbox 445 2182 591 2228; x_wconf 88' lang='lat' dir='ltr'><strong>tanto</strong></span> <span class='ocrx_word' id='word_1_172' title='bbox 619 2172 824 2229; x_wconf 86' lang='lat' dir='ltr'><strong>honore</strong></span> <span class='ocrx_word' id='word_1_173' title='bbox 844 2174 1121 2240; x_wconf 83' lang='lat' dir='ltr'><strong>cumulati,</strong></span> <span class='ocrx_word' id='word_1_174' title='bbox 1154 2174 1207 2228; x_wconf 94' lang='lat' dir='ltr'><strong>in</strong></span> <span class='ocrx_word' id='word_1_175' title='bbox 1230 2174 1419 2230; x_wconf 88' lang='lat' dir='ltr'><strong>eadem</strong></span> <span class='ocrx_word' id='word_1_176' title='bbox 1448 2172 1651 2228; x_wconf 85' lang='lat' dir='ltr'><strong>malitia</strong></span> <span class='ocrx_word' id='word_1_177' title='bbox 1678 2171 1874 2244; x_wconf 89' lang='lat' dir='ltr'><strong>persti-</strong></span> 
     </span>
    </p>
   </div>
   <div class='ocr_carea' id='block_1_22' title="bbox 270 2264 1233 2334">
    <p class='ocr_par' dir='ltr' id='par_1_22' title="bbox 270 2264 1233 2334">
     <span class='ocr_line' id='line_1_22' title="bbox 270 2264 1233 2334; baseline 0.005 -17"><span class='ocrx_word' id='word_1_178' title='bbox 270 2267 439 2325; x_wconf 77' lang='lat' dir='ltr'><strong>tistis.</strong></span> <span class='ocrx_word' id='word_1_179' title='bbox 468 2264 727 2321; x_wconf 73' lang='lat' dir='ltr'><strong>Discedite</strong></span> <span class='ocrx_word' id='word_1_180' title='bbox 748 2283 782 2321; x_wconf 79' lang='grc' dir='ltr'><strong>α</strong></span> <span class='ocrx_word' id='word_1_181' title='bbox 806 2283 904 2334; x_wconf 88' lang='lat' dir='ltr'><strong>me,</strong></span> <span class='ocrx_word' id='word_1_182' title='bbox 933 2267 1100 2322; x_wconf 86' lang='lat' dir='ltr'><strong>nescio</strong></span> <span class='ocrx_word' id='word_1_183' title='bbox 1125 2283 1233 2323; x_wconf 82' lang='lat' dir='ltr'><strong>vos.</strong></span> 
     </span>
    </p>
   </div>
   <div class='ocr_carea' id='block_1_23' title="bbox 346 2358 1877 2430">
    <p class='ocr_par' dir='ltr' id='par_1_23' title="bbox 346 2358 1877 2430">
     <span class='ocr_line' id='line_1_23' title="bbox 346 2358 1877 2430; baseline -0.001 -17"><span class='ocrx_word' id='word_1_184' title='bbox 346 2360 451 2414; x_wconf 83' lang='lat' dir='ltr'><strong>Cur</strong></span> <span class='ocrx_word' id='word_1_185' title='bbox 478 2360 603 2414; x_wconf 87' lang='lat' dir='ltr'><strong>olim</strong></span> <span class='ocrx_word' id='word_1_186' title='bbox 626 2360 937 2415; x_wconf 73' lang='lat' dir='ltr'><strong>charismata</strong></span> <span class='ocrx_word' id='word_1_187' title='bbox 983 2360 1228 2415; x_wconf 88' lang='lat' dir='ltr'><strong>darentur</strong></span> <span class='ocrx_word' id='word_1_188' title='bbox 1261 2360 1524 2430; x_wconf 86' lang='lat' dir='ltr'><strong>indignis;</strong></span> <span class='ocrx_word' id='word_1_189' title='bbox 1564 2374 1682 2412; x_wconf 87' lang='lat' dir='ltr'><strong>vera</strong></span> <span class='ocrx_word' id='word_1_190' title='bbox 1719 2358 1877 2412; x_wconf 88' lang='lat' dir='ltr'><strong>mira-</strong></span> 
     </span>
    </p>
   </div>
   <div class='ocr_carea' id='block_1_24' title="bbox 271 2450 1879 2524">
    <p class='ocr_par' dir='ltr' id='par_1_24' title="bbox 271 2450 1879 2524">
     <span class='ocr_line' id='line_1_24' title="bbox 271 2450 1879 2524; baseline 0.001 -19"><span class='ocrx_word' id='word_1_191' title='bbox 271 2453 393 2506; x_wconf 85' lang='lat' dir='ltr'><strong>cula</strong></span> <span class='ocrx_word' id='word_1_192' title='bbox 419 2454 573 2507; x_wconf 84' lang='lat' dir='ltr'><strong>etiam</strong></span> <span class='ocrx_word' id='word_1_193' title='bbox 590 2450 799 2523; x_wconf 78' lang='lat' dir='ltr'><strong>indigni</strong></span> <span class='ocrx_word' id='word_1_194' title='bbox 820 2453 1093 2524; x_wconf 79' lang='lat' dir='ltr'><strong>faciebant.</strong></span> <span class='ocrx_word' id='word_1_195' title='bbox 1117 2483 1189 2492; x_wconf 92' lang='lat'><strong><em>—</em></strong></span> <span class='ocrx_word' id='word_1_196' title='bbox 1208 2452 1345 2520; x_wconf 86' lang='lat' dir='ltr'><strong>Quid</strong></span> <span class='ocrx_word' id='word_1_197' title='bbox 1367 2452 1559 2523; x_wconf 81' lang='lat' dir='ltr'><strong>igitur?</strong></span> <span class='ocrx_word' id='word_1_198' title='bbox 1578 2450 1717 2507; x_wconf 88' lang='lat' dir='ltr'><strong>Olim</strong></span> <span class='ocrx_word' id='word_1_199' title='bbox 1738 2450 1879 2506; x_wconf 83' lang='lat' dir='ltr'><strong>dona</strong></span> 
     </span>
    </p>
   </div>
   <div class='ocr_carea' id='block_1_25' title="bbox 272 2542 1875 2617">
    <p class='ocr_par' dir='ltr' id='par_1_25' title="bbox 272 2542 1875 2617">
     <span class='ocr_line' id='line_1_25' title="bbox 272 2542 1875 2617; baseline -0.001 -18"><span class='ocrx_word' id='word_1_200' title='bbox 272 2545 541 2601; x_wconf 77' lang='lat' dir='ltr'><strong>dabantur</strong></span> <span class='ocrx_word' id='word_1_201' title='bbox 566 2546 819 2617; x_wconf 79' lang='lat' dir='ltr'><strong>indignis,</strong></span> <span class='ocrx_word' id='word_1_202' title='bbox 851 2556 908 2601; x_wconf 93' lang='lat' dir='ltr'><strong>et</strong></span> <span class='ocrx_word' id='word_1_203' title='bbox 945 2547 1037 2617; x_wconf 91' lang='lat' dir='ltr'><strong>qui</strong></span> <span class='ocrx_word' id='word_1_204' title='bbox 1066 2546 1173 2601; x_wconf 91' lang='lat' dir='ltr'><strong>vita</strong></span> <span class='ocrx_word' id='word_1_205' title='bbox 1211 2554 1367 2601; x_wconf 91' lang='lat' dir='ltr'><strong>erant</strong></span> <span class='ocrx_word' id='word_1_206' title='bbox 1406 2554 1461 2600; x_wconf 91' lang='lat' dir='ltr'><strong>et</strong></span> <span class='ocrx_word' id='word_1_207' title='bbox 1507 2544 1746 2599; x_wconf 90' lang='lat' dir='ltr'><strong>moribus</strong></span> <span class='ocrx_word' id='word_1_208' title='bbox 1772 2542 1875 2597; x_wconf 90' lang='lat' dir='ltr'><strong>de-</strong></span> 
     </span>
    </p>
   </div>
   <div class='ocr_carea' id='block_1_26' title="bbox 274 2635 1879 2709">
    <p class='ocr_par' dir='ltr' id='par_1_26' title="bbox 274 2635 1879 2709">
     <span class='ocr_line' id='line_1_26' title="bbox 274 2635 1879 2709; baseline -0.002 -15"><span class='ocrx_word' id='word_1_209' title='bbox 274 2640 536 2709; x_wconf 88' lang='lat' dir='ltr'><strong>pravatis,</strong></span> <span class='ocrx_word' id='word_1_210' title='bbox 567 2640 799 2695; x_wconf 89' lang='lat' dir='ltr'><strong>edebant</strong></span> <span class='ocrx_word' id='word_1_211' title='bbox 838 2639 1119 2706; x_wconf 89' lang='lat' dir='ltr'><strong>miracula,</strong></span> <span class='ocrx_word' id='word_1_212' title='bbox 1146 2646 1202 2694; x_wconf 89' lang='lat' dir='ltr'><strong>et</strong></span> <span class='ocrx_word' id='word_1_213' title='bbox 1228 2638 1425 2694; x_wconf 85' lang='lat' dir='ltr'><strong>divinis</strong></span> <span class='ocrx_word' id='word_1_214' title='bbox 1451 2637 1753 2693; x_wconf 88' lang='lat' dir='ltr'><strong>ditabantur</strong></span> <span class='ocrx_word' id='word_1_215' title='bbox 1779 2635 1879 2691; x_wconf 90' lang='lat' dir='ltr'><strong>do-</strong></span> 
     </span>
    </p>
   </div>
   <div class='ocr_carea' id='block_1_27' title="bbox 274 2726 1879 2803">
    <p class='ocr_par' dir='ltr' id='par_1_27' title="bbox 274 2726 1879 2803">
     <span class='ocr_line' id='line_1_27' title="bbox 274 2726 1879 2803; baseline -0.004 -16"><span class='ocrx_word' id='word_1_216' title='bbox 274 2735 380 2799; x_wconf 92' lang='lat' dir='ltr'><strong>nis,</strong></span> <span class='ocrx_word' id='word_1_217' title='bbox 437 2733 564 2789; x_wconf 90' lang='lat' dir='ltr'><strong>licet</strong></span> <span class='ocrx_word' id='word_1_218' title='bbox 613 2732 873 2803; x_wconf 90' lang='lat' dir='ltr'><strong>optimam</strong></span> <span class='ocrx_word' id='word_1_219' title='bbox 915 2732 1380 2788; x_wconf 81' lang='lat' dir='ltr'><strong>conversationem</strong></span> <span class='ocrx_word' id='word_1_220' title='bbox 1430 2744 1538 2783; x_wconf 92' lang='lat' dir='ltr'><strong>non</strong></span> <span class='ocrx_word' id='word_1_221' title='bbox 1588 2726 1879 2783; x_wconf 84' lang='lat' dir='ltr'><strong>curarent?</strong></span> 
     </span>
    </p>
   </div>
   <div class='ocr_carea' id='block_1_28' title="bbox 275 2822 1868 2897">
    <p class='ocr_par' dir='ltr' id='par_1_28' title="bbox 275 2822 1868 2897">
     <span class='ocr_line' id='line_1_28' title="bbox 275 2822 1868 2897; baseline -0.003 -17"><span class='ocrx_word' id='word_1_222' title='bbox 275 2827 596 2881; x_wconf 74' lang='lat' dir='ltr'><strong>llitabantur</strong></span> <span class='ocrx_word' id='word_1_223' title='bbox 623 2826 699 2881; x_wconf 93' lang='lat' dir='ltr'><strong>illi</strong></span> <span class='ocrx_word' id='word_1_224' title='bbox 721 2826 936 2897; x_wconf 84' lang='lat' dir='ltr'><strong>quidem</strong></span> <span class='ocrx_word' id='word_1_225' title='bbox 959 2825 1030 2880; x_wconf 92' lang='lat' dir='ltr'><strong>ob</strong></span> <span class='ocrx_word' id='word_1_226' title='bbox 1053 2825 1307 2881; x_wconf 77' lang='lat' dir='ltr'><strong>eximiam</strong></span> <span class='ocrx_word' id='word_1_227' title='bbox 1337 2824 1433 2879; x_wconf 92' lang='lat' dir='ltr'><strong>Dei</strong></span> <span class='ocrx_word' id='word_1_228' title='bbox 1464 2822 1868 2893; x_wconf 79' lang='lat' dir='ltr'><strong>benignitatem,</strong></span> 
     </span>
    </p>
   </div>
   <div class='ocr_carea' id='block_1_29' title="bbox 274 2916 1881 2989">
    <p class='ocr_par' dir='ltr' id='par_1_29' title="bbox 274 2916 1881 2989">
     <span class='ocr_line' id='line_1_29' title="bbox 274 2916 1881 2989; baseline -0.002 -18"><span class='ocrx_word' id='word_1_229' title='bbox 274 2934 384 2972; x_wconf 91' lang='lat' dir='ltr'><strong>non</strong></span> <span class='ocrx_word' id='word_1_230' title='bbox 414 2918 485 2972; x_wconf 92' lang='lat' dir='ltr'><strong>ob</strong></span> <span class='ocrx_word' id='word_1_231' title='bbox 513 2934 665 2973; x_wconf 89' lang='lat' dir='ltr'><strong>suam</strong></span> <span class='ocrx_word' id='word_1_232' title='bbox 695 2918 1028 2989; x_wconf 90' lang='lat' dir='ltr'><strong>dignitatem.</strong></span> <span class='ocrx_word' id='word_1_233' title='bbox 1074 2918 1205 2971; x_wconf 89' lang='lat' dir='ltr'><strong>Erat</strong></span> <span class='ocrx_word' id='word_1_234' title='bbox 1254 2917 1399 2972; x_wconf 92' lang='lat' dir='ltr'><strong>enim</strong></span> <span class='ocrx_word' id='word_1_235' title='bbox 1442 2916 1716 2986; x_wconf 86' lang='lat' dir='ltr'><strong>religionis</strong></span> <span class='ocrx_word' id='word_1_236' title='bbox 1761 2930 1881 2970; x_wconf 83' lang='lat' dir='ltr'><strong>ver-</strong></span> 
     </span>
    </p>
   </div>
   <div class='ocr_carea' id='block_1_30' title="bbox 275 3008 1881 3081">
    <p class='ocr_par' dir='ltr' id='par_1_30' title="bbox 275 3008 1881 3081">
     <span class='ocr_line' id='line_1_30' title="bbox 275 3008 1881 3081; baseline -0.002 -16"><span class='ocrx_word' id='word_1_237' title='bbox 275 3012 406 3065; x_wconf 90' lang='lat' dir='ltr'><strong>bum</strong></span> <span class='ocrx_word' id='word_1_238' title='bbox 439 3010 637 3081; x_wconf 90' lang='lat' dir='ltr'><strong>ubique</strong></span> <span class='ocrx_word' id='word_1_239' title='bbox 681 3011 1059 3081; x_wconf 86' lang='lat' dir='ltr'><strong>spargendum,</strong></span> <span class='ocrx_word' id='word_1_240' title='bbox 1104 3008 1536 3081; x_wconf 90' lang='lat' dir='ltr'><strong>quandoquidem</strong></span> <span class='ocrx_word' id='word_1_241' title='bbox 1581 3008 1792 3063; x_wconf 90' lang='lat' dir='ltr'><strong>initium</strong></span> <span class='ocrx_word' id='word_1_242' title='bbox 1825 3016 1881 3062; x_wconf 93' lang='lat' dir='ltr'><strong>et</strong></span> 
     </span>
    </p>
   </div>
   <div class='ocr_carea' id='block_1_31' title="bbox 275 3099 1882 3173">
    <p class='ocr_par' dir='ltr' id='par_1_31' title="bbox 275 3099 1882 3173">
     <span class='ocr_line' id='line_1_31' title="bbox 275 3099 1882 3173; baseline -0.001 -18"><span class='ocrx_word' id='word_1_243' title='bbox 275 3104 433 3172; x_wconf 82' lang='lat' dir='ltr'><strong>origo</strong></span> <span class='ocrx_word' id='word_1_244' title='bbox 458 3111 574 3157; x_wconf 90' lang='lat' dir='ltr'><strong>erat</strong></span> <span class='ocrx_word' id='word_1_245' title='bbox 599 3102 747 3158; x_wconf 90' lang='lat' dir='ltr'><strong>lidei.</strong></span> <span class='ocrx_word' id='word_1_246' title='bbox 776 3102 848 3158; x_wconf 90' lang='lat' dir='ltr'><strong>Ut</strong></span> <span class='ocrx_word' id='word_1_247' title='bbox 875 3102 1035 3173; x_wconf 83' lang='lat' dir='ltr'><strong>igitur</strong></span> <span class='ocrx_word' id='word_1_248' title='bbox 1074 3100 1313 3171; x_wconf 89' lang='lat' dir='ltr'><strong>optimus</strong></span> <span class='ocrx_word' id='word_1_249' title='bbox 1347 3100 1578 3171; x_wconf 84' lang='lat' dir='ltr'><strong>agricola</strong></span> <span class='ocrx_word' id='word_1_250' title='bbox 1612 3100 1665 3154; x_wconf 91' lang='lat' dir='ltr'><strong>in</strong></span> <span class='ocrx_word' id='word_1_251' title='bbox 1696 3099 1882 3154; x_wconf 66' lang='lat' dir='ltr'><strong>novel.</strong></span> 
     </span>
    </p>
   </div>
   <div class='ocr_carea' id='block_1_32' title="bbox 279 3182 1881 3265">
    <p class='ocr_par' dir='ltr' id='par_1_32' title="bbox 279 3182 1881 3265">
     <span class='ocr_line' id='line_1_32' title="bbox 279 3182 1881 3265; baseline -0.002 -17"><span class='ocrx_word' id='word_1_252' title='bbox 279 3194 387 3248; x_wconf 83' lang='lat' dir='ltr'><strong>lam</strong></span> <span class='ocrx_word' id='word_1_253' title='bbox 415 3194 690 3260; x_wconf 86' lang='lat' dir='ltr'><strong>arborem,</strong></span> <span class='ocrx_word' id='word_1_254' title='bbox 719 3210 876 3265; x_wconf 90' lang='lat' dir='ltr'><strong>quam</strong></span> <span class='ocrx_word' id='word_1_255' title='bbox 907 3209 1013 3248; x_wconf 94' lang='lat' dir='ltr'><strong>non</strong></span> <span class='ocrx_word' id='word_1_256' title='bbox 1044 3182 1115 3248; x_wconf 88' lang='lat' dir='ltr'><strong>ila</strong></span> <span class='ocrx_word' id='word_1_257' title='bbox 1144 3193 1349 3264; x_wconf 88' lang='lat' dir='ltr'><strong>pridem</strong></span> <span class='ocrx_word' id='word_1_258' title='bbox 1380 3202 1537 3247; x_wconf 73' lang='lat' dir='ltr'><strong>terrm</strong></span> <span class='ocrx_word' id='word_1_259' title='bbox 1567 3192 1703 3247; x_wconf 90' lang='lat' dir='ltr'><strong>sinui</strong></span> <span class='ocrx_word' id='word_1_260' title='bbox 1731 3207 1881 3246; x_wconf 87' lang='lat' dir='ltr'><strong>eom-</strong></span> 
     </span>
    </p>
   </div>
   <div class='ocr_carea' id='block_1_33' title="bbox 278 3284 1881 3353">
    <p class='ocr_par' dir='ltr' id='par_1_33' title="bbox 278 3284 1881 3353">
     <span class='ocr_line' id='line_1_33' title="bbox 278 3284 1881 3353; baseline -0.001 -14"><span class='ocrx_word' id='word_1_261' title='bbox 278 3286 580 3353; x_wconf 80' lang='lat' dir='ltr'><strong>inendavit,</strong></span> <span class='ocrx_word' id='word_1_262' title='bbox 611 3287 737 3341; x_wconf 92' lang='lat' dir='ltr'><strong>dum</strong></span> <span class='ocrx_word' id='word_1_263' title='bbox 766 3286 945 3341; x_wconf 89' lang='lat' dir='ltr'><strong>adhuc</strong></span> <span class='ocrx_word' id='word_1_264' title='bbox 974 3294 1158 3341; x_wconf 86' lang='lat' dir='ltr'><strong>tenera</strong></span> <span class='ocrx_word' id='word_1_265' title='bbox 1184 3294 1283 3351; x_wconf 90' lang='lat' dir='ltr'><strong>est,</strong></span> <span class='ocrx_word' id='word_1_266' title='bbox 1315 3284 1535 3339; x_wconf 91' lang='lat' dir='ltr'><strong>multam</strong></span> <span class='ocrx_word' id='word_1_267' title='bbox 1562 3299 1746 3339; x_wconf 89' lang='lat' dir='ltr'><strong>curam</strong></span> <span class='ocrx_word' id='word_1_268' title='bbox 1779 3284 1881 3338; x_wconf 85' lang='lat' dir='ltr'><strong>im-</strong></span> 
     </span>
    </p>
   </div>
   <div class='ocr_carea' id='block_1_34' title="bbox 278 3374 1881 3447">
    <p class='ocr_par' dir='ltr' id='par_1_34' title="bbox 278 3374 1881 3447">
     <span class='ocr_line' id='line_1_34' title="bbox 278 3374 1881 3447; baseline -0.001 -17"><span class='ocrx_word' id='word_1_269' title='bbox 278 3376 485 3445; x_wconf 84' lang='lat' dir='ltr'><strong>pendit,</strong></span> <span class='ocrx_word' id='word_1_270' title='bbox 517 3376 753 3447; x_wconf 87' lang='lat' dir='ltr'><strong>undique</strong></span> <span class='ocrx_word' id='word_1_271' title='bbox 780 3377 927 3432; x_wconf 89' lang='lat' dir='ltr'><strong>illam</strong></span> <span class='ocrx_word' id='word_1_272' title='bbox 952 3375 1339 3442; x_wconf 85' lang='lat' dir='ltr'><strong>circumvallat,</strong></span> <span class='ocrx_word' id='word_1_273' title='bbox 1370 3382 1423 3430; x_wconf 86' lang='lat' dir='ltr'><strong>et</strong></span> <span class='ocrx_word' id='word_1_274' title='bbox 1458 3374 1724 3444; x_wconf 89' lang='lat' dir='ltr'><strong>lapidibus</strong></span> <span class='ocrx_word' id='word_1_275' title='bbox 1759 3390 1881 3429; x_wconf 90' lang='lat' dir='ltr'><strong>mu-</strong></span> 
     </span>
    </p>
   </div>
   <div class='ocr_carea' id='block_1_35' title="bbox 278 3466 1884 3538">
    <p class='ocr_par' dir='ltr' id='par_1_35' title="bbox 278 3466 1884 3538">
     <span class='ocr_line' id='line_1_35' title="bbox 278 3466 1884 3538; baseline -0.001 -16"><span class='ocrx_word' id='word_1_276' title='bbox 278 3469 361 3522; x_wconf 89' lang='lat' dir='ltr'><strong>nit</strong></span> <span class='ocrx_word' id='word_1_277' title='bbox 380 3477 436 3523; x_wconf 91' lang='lat' dir='ltr'><strong>et</strong></span> <span class='ocrx_word' id='word_1_278' title='bbox 459 3468 649 3538; x_wconf 90' lang='lat' dir='ltr'><strong>spinis,</strong></span> <span class='ocrx_word' id='word_1_279' title='bbox 681 3479 740 3523; x_wconf 90' lang='lat' dir='ltr'><strong>ut</strong></span> <span class='ocrx_word' id='word_1_280' title='bbox 767 3483 833 3523; x_wconf 92' lang='lat' dir='ltr'><strong>ne</strong></span> <span class='ocrx_word' id='word_1_281' title='bbox 863 3483 893 3522; x_wconf 92' lang='lat' dir='ltr'><strong>a</strong></span> <span class='ocrx_word' id='word_1_282' title='bbox 924 3468 1096 3522; x_wconf 91' lang='lat' dir='ltr'><strong>ventis</strong></span> <span class='ocrx_word' id='word_1_283' title='bbox 1124 3466 1403 3533; x_wconf 90' lang='lat' dir='ltr'><strong>evellatur,</strong></span> <span class='ocrx_word' id='word_1_284' title='bbox 1438 3482 1507 3522; x_wconf 92' lang='lat' dir='ltr'><strong>ne</strong></span> <span class='ocrx_word' id='word_1_285' title='bbox 1535 3482 1565 3520; x_wconf 89' lang='lat' dir='ltr'><strong>a</strong></span> <span class='ocrx_word' id='word_1_286' title='bbox 1596 3467 1884 3537; x_wconf 89' lang='lat' dir='ltr'><strong>pecoribus</strong></span> 
     </span>
    </p>
   </div>
   <div class='ocr_carea' id='block_1_36' title="bbox 280 3560 1881 3631">
    <p class='ocr_par' dir='ltr' id='par_1_36' title="bbox 280 3560 1881 3631">
     <span class='ocr_line' id='line_1_36' title="bbox 280 3560 1881 3631; baseline -0.001 -16"><span class='ocrx_word' id='word_1_287' title='bbox 280 3560 629 3616; x_wconf 83' lang='lat' dir='ltr'><strong>labefactetur</strong></span> <span class='ocrx_word' id='word_1_288' title='bbox 646 3562 688 3628; x_wconf 84' lang='grc'><strong>¹,</strong></span> <span class='ocrx_word' id='word_1_289' title='bbox 718 3576 857 3616; x_wconf 84' lang='lat' dir='ltr'><strong>neve</strong></span> <span class='ocrx_word' id='word_1_290' title='bbox 881 3561 986 3615; x_wconf 90' lang='lat' dir='ltr'><strong>alio</strong></span> <span class='ocrx_word' id='word_1_291' title='bbox 1008 3560 1238 3631; x_wconf 88' lang='lat' dir='ltr'><strong>quodam</strong></span> <span class='ocrx_word' id='word_1_292' title='bbox 1260 3560 1601 3616; x_wconf 90' lang='lat' dir='ltr'><strong>incommodo</strong></span> <span class='ocrx_word' id='word_1_293' title='bbox 1629 3560 1881 3625; x_wconf 74' lang='lat' dir='ltr'><strong>laedatur;</strong></span> 
     </span>
    </p>
   </div>
   <div class='ocr_carea' id='block_1_37' title="bbox 280 3651 1884 3722">
    <p class='ocr_par' dir='ltr' id='par_1_37' title="bbox 280 3651 1884 3722">
     <span class='ocr_line' id='line_1_37' title="bbox 280 3651 1884 3722; baseline 0.001 -16"><span class='ocrx_word' id='word_1_294' title='bbox 280 3661 566 3721; x_wconf 80' lang='lat' dir='ltr'><strong>postquam</strong></span> <span class='ocrx_word' id='word_1_295' title='bbox 592 3660 773 3707; x_wconf 87' lang='lat' dir='ltr'><strong>autem</strong></span> <span class='ocrx_word' id='word_1_296' title='bbox 797 3651 1005 3707; x_wconf 86' lang='lat' dir='ltr'><strong>radices</strong></span> <span class='ocrx_word' id='word_1_297' title='bbox 1027 3652 1221 3722; x_wconf 85' lang='lat' dir='ltr'><strong>egisse,</strong></span> <span class='ocrx_word' id='word_1_298' title='bbox 1246 3659 1301 3706; x_wconf 93' lang='lat' dir='ltr'><strong>et</strong></span> <span class='ocrx_word' id='word_1_299' title='bbox 1326 3651 1378 3705; x_wconf 93' lang='lat' dir='ltr'><strong>in</strong></span> <span class='ocrx_word' id='word_1_300' title='bbox 1399 3651 1625 3706; x_wconf 89' lang='lat' dir='ltr'><strong>sublime</strong></span> <span class='ocrx_word' id='word_1_301' title='bbox 1647 3652 1884 3707; x_wconf 87' lang='lat' dir='ltr'><strong>crevisse</strong></span> 
     </span>
    </p>
   </div>
   <div class='ocr_carea' id='block_1_38' title="bbox 282 3742 1884 3811">
    <p class='ocr_par' dir='ltr' id='par_1_38' title="bbox 282 3742 1884 3811">
     <span class='ocr_line' id='line_1_38' title="bbox 282 3742 1884 3811; baseline 0.001 -14"><span class='ocrx_word' id='word_1_302' title='bbox 282 3745 431 3799; x_wconf 90' lang='lat' dir='ltr'><strong>illam</strong></span> <span class='ocrx_word' id='word_1_303' title='bbox 457 3744 672 3811; x_wconf 91' lang='lat' dir='ltr'><strong>viderit,</strong></span> <span class='ocrx_word' id='word_1_304' title='bbox 706 3754 818 3799; x_wconf 89' lang='lat' dir='ltr'><strong>tum</strong></span> <span class='ocrx_word' id='word_1_305' title='bbox 850 3752 1065 3799; x_wconf 92' lang='lat' dir='ltr'><strong>amovet</strong></span> <span class='ocrx_word' id='word_1_306' title='bbox 1086 3744 1419 3799; x_wconf 86' lang='lat' dir='ltr'><strong>munimenta</strong></span> <span class='ocrx_word' id='word_1_307' title='bbox 1450 3760 1464 3798; x_wconf 91' lang='lat'><strong>:</strong></span> <span class='ocrx_word' id='word_1_308' title='bbox 1506 3742 1704 3798; x_wconf 86' lang='lat' dir='ltr'><strong>sullieit</strong></span> <span class='ocrx_word' id='word_1_309' title='bbox 1740 3743 1884 3798; x_wconf 91' lang='lat' dir='ltr'><strong>enim</strong></span> 
     </span>
    </p>
   </div>
   <div class='ocr_carea' id='block_1_39' title="bbox 281 3833 1884 3907">
    <p class='ocr_par' dir='ltr' id='par_1_39' title="bbox 281 3833 1884 3907">
     <span class='ocr_line' id='line_1_39' title="bbox 281 3833 1884 3907; baseline -0.001 -17"><span class='ocrx_word' id='word_1_310' title='bbox 281 3837 385 3891; x_wconf 85' lang='lat' dir='ltr'><strong>sibi</strong></span> <span class='ocrx_word' id='word_1_311' title='bbox 421 3837 523 3907; x_wconf 92' lang='lat' dir='ltr'><strong>ipsi</strong></span> <span class='ocrx_word' id='word_1_312' title='bbox 551 3837 714 3892; x_wconf 89' lang='lat' dir='ltr'><strong>arbor</strong></span> <span class='ocrx_word' id='word_1_313' title='bbox 735 3835 805 3891; x_wconf 90' lang='lat' dir='ltr'><strong>ad</strong></span> <span class='ocrx_word' id='word_1_314' title='bbox 826 3835 1051 3905; x_wconf 87' lang='lat' dir='ltr'><strong>injurias</strong></span> <span class='ocrx_word' id='word_1_315' title='bbox 1078 3834 1216 3890; x_wconf 89' lang='lat' dir='ltr'><strong>tales</strong></span> <span class='ocrx_word' id='word_1_316' title='bbox 1242 3833 1580 3905; x_wconf 88' lang='lat' dir='ltr'><strong>repellendas</strong></span> <span class='ocrx_word' id='word_1_317' title='bbox 1609 3850 1622 3887; x_wconf 90' lang='lat'><strong>:</strong></span> <span class='ocrx_word' id='word_1_318' title='bbox 1654 3834 1724 3888; x_wconf 90' lang='lat' dir='ltr'><strong>ita</strong></span> <span class='ocrx_word' id='word_1_319' title='bbox 1752 3850 1884 3904; x_wconf 89' lang='lat' dir='ltr'><strong>quo-</strong></span> 
     </span>
    </p>
   </div>
   <div class='ocr_carea' id='block_1_40' title="bbox 281 3926 1880 3999">
    <p class='ocr_par' dir='ltr' id='par_1_40' title="bbox 281 3926 1880 3999">
     <span class='ocr_line' id='line_1_40' title="bbox 281 3926 1880 3999; baseline -0.002 -17"><span class='ocrx_word' id='word_1_320' title='bbox 281 3945 389 3999; x_wconf 88' lang='lat' dir='ltr'><strong>que</strong></span> <span class='ocrx_word' id='word_1_321' title='bbox 444 3930 496 3983; x_wconf 94' lang='lat' dir='ltr'><strong>in</strong></span> <span class='ocrx_word' id='word_1_322' title='bbox 543 3929 646 3985; x_wconf 88' lang='lat' dir='ltr'><strong>ﬁde</strong></span> <span class='ocrx_word' id='word_1_323' title='bbox 686 3928 901 3985; x_wconf 89' lang='lat' dir='ltr'><strong>accidit.</strong></span> <span class='ocrx_word' id='word_1_324' title='bbox 950 3926 1177 3997; x_wconf 87' lang='lat' dir='ltr'><strong>Quando</strong></span> <span class='ocrx_word' id='word_1_325' title='bbox 1224 3942 1397 3997; x_wconf 89' lang='lat' dir='ltr'><strong>nuper</strong></span> <span class='ocrx_word' id='word_1_326' title='bbox 1448 3936 1565 3981; x_wconf 90' lang='lat' dir='ltr'><strong>erat</strong></span> <span class='ocrx_word' id='word_1_327' title='bbox 1612 3927 1880 3996; x_wconf 86' lang='lat' dir='ltr'><strong>plantata,</strong></span> 
     </span>
    </p>
   </div>
   <div class='ocr_carea' id='block_1_41' title="bbox 283 4016 1883 4092">
    <p class='ocr_par' dir='ltr' id='par_1_41' title="bbox 283 4016 1883 4092">
     <span class='ocr_line' id='line_1_41' title="bbox 283 4016 1883 4092; baseline -0.002 -17"><span class='ocrx_word' id='word_1_328' title='bbox 283 4022 500 4090; x_wconf 84' lang='lat' dir='ltr'><strong>quando</strong></span> <span class='ocrx_word' id='word_1_329' title='bbox 526 4031 710 4077; x_wconf 88' lang='lat' dir='ltr'><strong>tenera</strong></span> <span class='ocrx_word' id='word_1_330' title='bbox 734 4030 870 4089; x_wconf 81' lang='lat' dir='ltr'><strong>erat,</strong></span> <span class='ocrx_word' id='word_1_331' title='bbox 896 4019 1113 4092; x_wconf 90' lang='lat' dir='ltr'><strong>quando</strong></span> <span class='ocrx_word' id='word_1_332' title='bbox 1138 4034 1309 4089; x_wconf 90' lang='lat' dir='ltr'><strong>nuper</strong></span> <span class='ocrx_word' id='word_1_333' title='bbox 1335 4019 1389 4074; x_wconf 94' lang='lat' dir='ltr'><strong>in</strong></span> <span class='ocrx_word' id='word_1_334' title='bbox 1418 4016 1664 4073; x_wconf 89' lang='lat' dir='ltr'><strong>humanis</strong></span> <span class='ocrx_word' id='word_1_335' title='bbox 1691 4018 1883 4072; x_wconf 88' lang='lat' dir='ltr'><strong>animis</strong></span> 
     </span>
    </p>
   </div>
   <div class='ocr_carea' id='block_1_42' title="bbox 284 4108 1885 4183">
    <p class='ocr_par' dir='ltr' id='par_1_42' title="bbox 284 4108 1885 4183">
     <span class='ocr_line' id='line_1_42' title="bbox 284 4108 1885 4183; baseline -0.003 -16"><span class='ocrx_word' id='word_1_336' title='bbox 284 4114 522 4180; x_wconf 87' lang='lat' dir='ltr'><strong>fundata,</strong></span> <span class='ocrx_word' id='word_1_337' title='bbox 545 4113 689 4167; x_wconf 92' lang='lat' dir='ltr'><strong>omni</strong></span> <span class='ocrx_word' id='word_1_338' title='bbox 717 4129 785 4169; x_wconf 87' lang='lat' dir='ltr'><strong>ex</strong></span> <span class='ocrx_word' id='word_1_339' title='bbox 814 4122 967 4183; x_wconf 89' lang='lat' dir='ltr'><strong>parte</strong></span> <span class='ocrx_word' id='word_1_340' title='bbox 998 4110 1163 4167; x_wconf 87' lang='lat' dir='ltr'><strong>multa</strong></span> <span class='ocrx_word' id='word_1_341' title='bbox 1190 4111 1244 4166; x_wconf 92' lang='lat' dir='ltr'><strong>in</strong></span> <span class='ocrx_word' id='word_1_342' title='bbox 1281 4125 1400 4166; x_wconf 89' lang='lat' dir='ltr'><strong>eam</strong></span> <span class='ocrx_word' id='word_1_343' title='bbox 1427 4125 1554 4166; x_wconf 88' lang='lat' dir='ltr'><strong>cura</strong></span> <span class='ocrx_word' id='word_1_344' title='bbox 1612 4108 1885 4178; x_wconf 89' lang='lat' dir='ltr'><strong>impende-</strong></span> 
     </span>
    </p>
   </div>
   <div class='ocr_carea' id='block_1_43' title="bbox 286 4199 1884 4275">
    <p class='ocr_par' dir='ltr' id='par_1_43' title="bbox 286 4199 1884 4275">
     <span class='ocr_line' id='line_1_43' title="bbox 286 4199 1884 4275; baseline -0.003 -16"><span class='ocrx_word' id='word_1_345' title='bbox 286 4206 443 4259; x_wconf 89' lang='lat' dir='ltr'><strong>batur</strong></span> <span class='ocrx_word' id='word_1_346' title='bbox 474 4224 488 4259; x_wconf 92' lang='lat'><strong>:</strong></span> <span class='ocrx_word' id='word_1_347' title='bbox 532 4215 811 4275; x_wconf 87' lang='lat' dir='ltr'><strong>postquam</strong></span> <span class='ocrx_word' id='word_1_348' title='bbox 835 4212 1015 4259; x_wconf 90' lang='lat' dir='ltr'><strong>autem</strong></span> <span class='ocrx_word' id='word_1_349' title='bbox 1038 4202 1256 4269; x_wconf 90' lang='lat' dir='ltr'><strong>coaluit,</strong></span> <span class='ocrx_word' id='word_1_350' title='bbox 1281 4210 1337 4258; x_wconf 89' lang='lat' dir='ltr'><strong>et</strong></span> <span class='ocrx_word' id='word_1_351' title='bbox 1364 4201 1573 4256; x_wconf 91' lang='lat' dir='ltr'><strong>radices</strong></span> <span class='ocrx_word' id='word_1_352' title='bbox 1599 4199 1727 4271; x_wconf 83' lang='lat' dir='ltr'><strong>egit,</strong></span> <span class='ocrx_word' id='word_1_353' title='bbox 1756 4209 1810 4255; x_wconf 93' lang='lat' dir='ltr'><strong>et</strong></span> <span class='ocrx_word' id='word_1_354' title='bbox 1830 4200 1884 4254; x_wconf 94' lang='lat' dir='ltr'><strong>in</strong></span> 
     </span>
    </p>
   </div>
   <div class='ocr_carea' id='block_1_44' title="bbox 284 4295 1881 4367">
    <p class='ocr_par' dir='ltr' id='par_1_44' title="bbox 284 4295 1881 4367">
     <span class='ocr_line' id='line_1_44' title="bbox 284 4295 1881 4367; baseline -0.003 -16"><span class='ocrx_word' id='word_1_355' title='bbox 284 4297 672 4353; x_wconf 88' lang='lat' dir='ltr'><strong>sublimitatem</strong></span> <span class='ocrx_word' id='word_1_356' title='bbox 694 4295 957 4361; x_wconf 89' lang='lat' dir='ltr'><strong>ascendit,</strong></span> <span class='ocrx_word' id='word_1_357' title='bbox 984 4304 1264 4367; x_wconf 90' lang='lat' dir='ltr'><strong>postquam</strong></span> <span class='ocrx_word' id='word_1_358' title='bbox 1282 4295 1589 4350; x_wconf 82' lang='lat' dir='ltr'><strong>universum</strong></span> <span class='ocrx_word' id='word_1_359' title='bbox 1619 4303 1881 4348; x_wconf 89' lang='lat' dir='ltr'><strong>terrarum</strong></span> 
     </span>
    </p>
   </div>
   <div class='ocr_carea' id='block_1_45' title="bbox 284 4385 1884 4459">
    <p class='ocr_par' dir='ltr' id='par_1_45' title="bbox 284 4385 1884 4459">
     <span class='ocr_line' id='line_1_45' title="bbox 284 4385 1884 4459; baseline -0.002 -16"><span class='ocrx_word' id='word_1_360' title='bbox 284 4390 473 4445; x_wconf 92' lang='lat' dir='ltr'><strong>orbem</strong></span> <span class='ocrx_word' id='word_1_361' title='bbox 501 4389 809 4459; x_wconf 88' lang='lat' dir='ltr'><strong>complevit,</strong></span> <span class='ocrx_word' id='word_1_362' title='bbox 840 4389 1171 4444; x_wconf 90' lang='lat' dir='ltr'><strong>munimenta</strong></span> <span class='ocrx_word' id='word_1_363' title='bbox 1197 4388 1425 4443; x_wconf 86' lang='lat' dir='ltr'><strong>removit</strong></span> <span class='ocrx_word' id='word_1_364' title='bbox 1447 4386 1712 4452; x_wconf 89' lang='lat' dir='ltr'><strong>Christus,</strong></span> <span class='ocrx_word' id='word_1_365' title='bbox 1738 4395 1793 4440; x_wconf 91' lang='lat' dir='ltr'><strong>et</strong></span> <span class='ocrx_word' id='word_1_366' title='bbox 1817 4385 1884 4440; x_wconf 91' lang='lat' dir='ltr'><strong>de</strong></span> 
     </span>
    </p>
   </div>
   <div class='ocr_carea' id='block_1_46' title="bbox 284 4477 1884 4551">
    <p class='ocr_par' dir='ltr' id='par_1_46' title="bbox 284 4477 1884 4551">
     <span class='ocr_line' id='line_1_46' title="bbox 284 4477 1884 4551; baseline -0.004 -14"><span class='ocrx_word' id='word_1_367' title='bbox 284 4492 486 4537; x_wconf 60' lang='lat' dir='ltr'><strong>cetero</strong></span> <span class='ocrx_word' id='word_1_368' title='bbox 542 4482 800 4536; x_wconf 88' lang='lat' dir='ltr'><strong>tutamina</strong></span> <span class='ocrx_word' id='word_1_369' title='bbox 859 4481 1093 4537; x_wconf 90' lang='lat' dir='ltr'><strong>sustulit.</strong></span> <span class='ocrx_word' id='word_1_370' title='bbox 1141 4480 1430 4551; x_wconf 84' lang='lat' dir='ltr'><strong>Propterea</strong></span> <span class='ocrx_word' id='word_1_371' title='bbox 1474 4479 1626 4534; x_wconf 90' lang='lat' dir='ltr'><strong>initio</strong></span> <span class='ocrx_word' id='word_1_372' title='bbox 1669 4477 1884 4548; x_wconf 88' lang='lat' dir='ltr'><strong>quidem</strong></span> 
     </span>
    </p>
   </div>
   <div class='ocr_carea' id='block_1_47' title="bbox 283 4571 1885 4645">
    <p class='ocr_par' dir='ltr' id='par_1_47' title="bbox 283 4571 1885 4645">
     <span class='ocr_line' id='line_1_47' title="bbox 283 4571 1885 4645; baseline -0.003 -17"><span class='ocrx_word' id='word_1_373' title='bbox 283 4575 449 4629; x_wconf 84' lang='lat' dir='ltr'><strong>etiam</strong></span> <span class='ocrx_word' id='word_1_374' title='bbox 488 4574 719 4645; x_wconf 88' lang='lat' dir='ltr'><strong>indignis</strong></span> <span class='ocrx_word' id='word_1_375' title='bbox 748 4574 1011 4628; x_wconf 88' lang='lat' dir='ltr'><strong>dabantur</strong></span> <span class='ocrx_word' id='word_1_376' title='bbox 1040 4573 1200 4638; x_wconf 90' lang='lat' dir='ltr'><strong>dona,</strong></span> <span class='ocrx_word' id='word_1_377' title='bbox 1245 4572 1498 4643; x_wconf 91' lang='lat' dir='ltr'><strong>quoniam</strong></span> <span class='ocrx_word' id='word_1_378' title='bbox 1543 4571 1643 4625; x_wconf 89' lang='lat' dir='ltr'><strong>hoc</strong></span> <span class='ocrx_word' id='word_1_379' title='bbox 1690 4571 1885 4623; x_wconf 85' lang='lat' dir='ltr'><strong>auxilio</strong></span> 
     </span>
    </p>
   </div>
   <div class='ocr_carea' id='block_1_48' title="bbox 286 4664 1884 4735">
    <p class='ocr_par' dir='ltr' id='par_1_48' title="bbox 286 4664 1884 4735">
     <span class='ocr_line' id='line_1_48' title="bbox 286 4664 1884 4735; baseline -0.004 -14"><span class='ocrx_word' id='word_1_380' title='bbox 286 4667 413 4721; x_wconf 77' lang='lat' dir='ltr'><strong>ﬁdei</strong></span> <span class='ocrx_word' id='word_1_381' title='bbox 454 4666 696 4721; x_wconf 70' lang='lat' dir='ltr'><strong>fovenda:</strong></span> <span class='ocrx_word' id='word_1_382' title='bbox 734 4680 893 4721; x_wconf 88' lang='lat' dir='ltr'><strong>eausa</strong></span> <span class='ocrx_word' id='word_1_383' title='bbox 924 4665 1197 4735; x_wconf 88' lang='lat' dir='ltr'><strong>indigebat</strong></span> <span class='ocrx_word' id='word_1_384' title='bbox 1238 4664 1573 4734; x_wconf 89' lang='lat' dir='ltr'><strong>antiquitas:</strong></span> <span class='ocrx_word' id='word_1_385' title='bbox 1606 4678 1748 4716; x_wconf 93' lang='lat' dir='ltr'><strong>nunc</strong></span> <span class='ocrx_word' id='word_1_386' title='bbox 1786 4678 1884 4715; x_wconf 90' lang='lat' dir='ltr'><strong>au-</strong></span> 
     </span>
    </p>
   </div>
   <div class='ocr_carea' id='block_1_49' title="bbox 286 4753 1887 4829">
    <p class='ocr_par' dir='ltr' id='par_1_49' title="bbox 286 4753 1887 4829">
     <span class='ocr_line' id='line_1_49' title="bbox 286 4753 1887 4829; baseline -0.004 -17"><span class='ocrx_word' id='word_1_387' title='bbox 286 4769 396 4813; x_wconf 87' lang='lat' dir='ltr'><strong>tem</strong></span> <span class='ocrx_word' id='word_1_388' title='bbox 429 4774 605 4829; x_wconf 88' lang='lat' dir='ltr'><strong>neque</strong></span> <span class='ocrx_word' id='word_1_389' title='bbox 631 4758 807 4828; x_wconf 85' lang='lat' dir='ltr'><strong>dignis</strong></span> <span class='ocrx_word' id='word_1_390' title='bbox 834 4756 1230 4821; x_wconf 88' lang='lat' dir='ltr'><strong>conceduntur;</strong></span> <span class='ocrx_word' id='word_1_391' title='bbox 1260 4756 1380 4810; x_wconf 90' lang='lat' dir='ltr'><strong>ﬁdei</strong></span> <span class='ocrx_word' id='word_1_392' title='bbox 1410 4755 1607 4825; x_wconf 87' lang='lat' dir='ltr'><strong>quippe</strong></span> <span class='ocrx_word' id='word_1_393' title='bbox 1634 4753 1797 4807; x_wconf 89' lang='lat' dir='ltr'><strong>robur</strong></span> <span class='ocrx_word' id='word_1_394' title='bbox 1832 4761 1887 4807; x_wconf 90' lang='lat' dir='ltr'><strong>et</strong></span> 
     </span>
    </p>
   </div>
   <div class='ocr_carea' id='block_1_50' title="bbox 286 4846 1885 4920">
    <p class='ocr_par' dir='ltr' id='par_1_50' title="bbox 286 4846 1885 4920">
     <span class='ocr_line' id='line_1_50' title="bbox 286 4846 1885 4920; baseline -0.003 -14"><span class='ocrx_word' id='word_1_395' title='bbox 286 4852 517 4906; x_wconf 87' lang='lat' dir='ltr'><strong>llrmitas</strong></span> <span class='ocrx_word' id='word_1_396' title='bbox 551 4851 655 4907; x_wconf 91' lang='lat' dir='ltr'><strong>hoe</strong></span> <span class='ocrx_word' id='word_1_397' title='bbox 694 4850 932 4905; x_wconf 91' lang='lat' dir='ltr'><strong>subsidio</strong></span> <span class='ocrx_word' id='word_1_398' title='bbox 975 4864 1081 4903; x_wconf 90' lang='lat' dir='ltr'><strong>non</strong></span> <span class='ocrx_word' id='word_1_399' title='bbox 1125 4857 1265 4920; x_wconf 85' lang='lat' dir='ltr'><strong>eget.</strong></span> <span class='ocrx_word' id='word_1_400' title='bbox 1308 4851 1484 4918; x_wconf 87' lang='lat' dir='ltr'><strong>Atque</strong></span> <span class='ocrx_word' id='word_1_401' title='bbox 1528 4856 1585 4900; x_wconf 93' lang='lat' dir='ltr'><strong>ut</strong></span> <span class='ocrx_word' id='word_1_402' title='bbox 1623 4846 1885 4916; x_wconf 82' lang='lat' dir='ltr'><strong>intelligas</strong></span> 
     </span>
    </p>
   </div>
   <div class='ocr_carea' id='block_1_51' title="bbox 284 4938 1885 5013">
    <p class='ocr_par' dir='ltr' id='par_1_51' title="bbox 284 4938 1885 5013">
     <span class='ocr_line' id='line_1_51' title="bbox 284 4938 1885 5013; baseline -0.003 -17"><span class='ocrx_word' id='word_1_403' title='bbox 284 4958 627 5013; x_wconf 83' lang='lat' dir='ltr'><strong>nequaquam</strong></span> <span class='ocrx_word' id='word_1_404' title='bbox 661 4942 780 4997; x_wconf 92' lang='lat' dir='ltr'><strong>illos</strong></span> <span class='ocrx_word' id='word_1_405' title='bbox 808 4942 1147 5011; x_wconf 86' lang='lat' dir='ltr'><strong>imposuisse,</strong></span> <span class='ocrx_word' id='word_1_406' title='bbox 1180 4940 1273 4995; x_wconf 91' lang='lat' dir='ltr'><strong>sed</strong></span> <span class='ocrx_word' id='word_1_407' title='bbox 1303 4954 1430 4994; x_wconf 90' lang='lat' dir='ltr'><strong>vere</strong></span> <span class='ocrx_word' id='word_1_408' title='bbox 1469 4938 1722 4993; x_wconf 88' lang='lat' dir='ltr'><strong>miracula</strong></span> <span class='ocrx_word' id='word_1_409' title='bbox 1768 4938 1885 4992; x_wconf 86' lang='lat' dir='ltr'><strong>edi-</strong></span> 
     </span>
    </p>
   </div>
   <div class='ocr_carea' id='block_1_52' title="bbox 282 5032 1884 5107">
    <p class='ocr_par' dir='ltr' id='par_1_52' title="bbox 282 5032 1884 5107">
     <span class='ocr_line' id='line_1_52' title="bbox 282 5032 1884 5107; baseline -0.006 -15"><span class='ocrx_word' id='word_1_410' title='bbox 282 5039 456 5103; x_wconf 82' lang='lat' dir='ltr'><strong>disse,</strong></span> <span class='ocrx_word' id='word_1_411' title='bbox 485 5044 649 5107; x_wconf 90' lang='lat' dir='ltr'><strong>atque</strong></span> <span class='ocrx_word' id='word_1_412' title='bbox 673 5034 905 5105; x_wconf 84' lang='lat' dir='ltr'><strong>indignis</strong></span> <span class='ocrx_word' id='word_1_413' title='bbox 928 5034 1231 5089; x_wconf 92' lang='lat' dir='ltr'><strong>hominibus</strong></span> <span class='ocrx_word' id='word_1_414' title='bbox 1251 5033 1390 5087; x_wconf 90' lang='lat' dir='ltr'><strong>dona</strong></span> <span class='ocrx_word' id='word_1_415' title='bbox 1414 5032 1580 5086; x_wconf 74' lang='lat' dir='ltr'><strong>fuiSse</strong></span> <span class='ocrx_word' id='word_1_416' title='bbox 1605 5044 1884 5095; x_wconf 90' lang='lat' dir='ltr'><strong>concessa,</strong></span> 
     </span>
    </p>
   </div>
   <div class='ocr_carea' id='block_1_53' title="bbox 283 5123 1886 5200">
    <p class='ocr_par' dir='ltr' id='par_1_53' title="bbox 283 5123 1886 5200">
     <span class='ocr_line' id='line_1_53' title="bbox 283 5123 1886 5200; baseline -0.003 -17"><span class='ocrx_word' id='word_1_417' title='bbox 283 5142 455 5200; x_wconf 88' lang='lat' dir='ltr'><strong>utque</strong></span> <span class='ocrx_word' id='word_1_418' title='bbox 472 5137 669 5200; x_wconf 65' lang='lat' dir='ltr'><strong>praeter</strong></span> <span class='ocrx_word' id='word_1_419' title='bbox 688 5144 774 5193; x_wconf 88' lang='lat' dir='ltr'><strong>ea,</strong></span> <span class='ocrx_word' id='word_1_420' title='bbox 796 5144 915 5198; x_wconf 76' lang='lat' dir='ltr'><strong>qua:</strong></span> <span class='ocrx_word' id='word_1_421' title='bbox 935 5128 1077 5183; x_wconf 89' lang='lat' dir='ltr'><strong>dicta</strong></span> <span class='ocrx_word' id='word_1_422' title='bbox 1105 5135 1252 5192; x_wconf 90' lang='lat' dir='ltr'><strong>sunt,</strong></span> <span class='ocrx_word' id='word_1_423' title='bbox 1277 5125 1529 5197; x_wconf 89' lang='lat' dir='ltr'><strong>quiddam</strong></span> <span class='ocrx_word' id='word_1_424' title='bbox 1557 5126 1718 5180; x_wconf 91' lang='lat' dir='ltr'><strong>etiam</strong></span> <span class='ocrx_word' id='word_1_425' title='bbox 1743 5123 1886 5179; x_wconf 88' lang='lat' dir='ltr'><strong>aliud</strong></span> 
     </span>
    </p>
   </div>
   <div class='ocr_carea' id='block_1_54' title="bbox 284 5215 1885 5291">
    <p class='ocr_par' dir='ltr' id='par_1_54' title="bbox 284 5215 1885 5291">
     <span class='ocr_line' id='line_1_54' title="bbox 284 5215 1885 5291; baseline -0.005 -16"><span class='ocrx_word' id='word_1_426' title='bbox 284 5222 677 5291; x_wconf 89' lang='lat' dir='ltr'><strong>perﬁceretur,</strong></span> <span class='ocrx_word' id='word_1_427' title='bbox 720 5220 923 5290; x_wconf 86' lang='lat' dir='ltr'><strong>Deique</strong></span> <span class='ocrx_word' id='word_1_428' title='bbox 968 5234 1162 5273; x_wconf 89' lang='lat' dir='ltr'><strong>munus</strong></span> <span class='ocrx_word' id='word_1_429' title='bbox 1208 5218 1283 5272; x_wconf 91' lang='lat' dir='ltr'><strong>illi</strong></span> <span class='ocrx_word' id='word_1_430' title='bbox 1332 5217 1547 5271; x_wconf 89' lang='lat' dir='ltr'><strong>reveriti</strong></span> <span class='ocrx_word' id='word_1_431' title='bbox 1596 5215 1885 5285; x_wconf 89' lang='lat' dir='ltr'><strong>nequitiam</strong></span> 
     </span>
    </p>
   </div>
   <div class='ocr_carea' id='block_1_55' title="bbox 280 5307 1888 5381">
    <p class='ocr_par' dir='ltr' id='par_1_55' title="bbox 280 5307 1888 5381">
     <span class='ocr_line' id='line_1_55' title="bbox 280 5307 1888 5381; baseline -0.004 -16"><span class='ocrx_word' id='word_1_432' title='bbox 280 5314 606 5381; x_wconf 87' lang='lat' dir='ltr'><strong>ahjieerent,</strong></span> <span class='ocrx_word' id='word_1_433' title='bbox 634 5310 827 5368; x_wconf 84' lang='lat' dir='ltr'><strong>Judam</strong></span> <span class='ocrx_word' id='word_1_434' title='bbox 854 5326 1017 5365; x_wconf 87' lang='lat' dir='ltr'><strong>unum</strong></span> <span class='ocrx_word' id='word_1_435' title='bbox 1041 5326 1109 5365; x_wconf 88' lang='lat' dir='ltr'><strong>ex</strong></span> <span class='ocrx_word' id='word_1_436' title='bbox 1135 5309 1415 5364; x_wconf 92' lang='lat' dir='ltr'><strong>duodecim</strong></span> <span class='ocrx_word' id='word_1_437' title='bbox 1443 5323 1631 5362; x_wconf 92' lang='lat' dir='ltr'><strong>omnes</strong></span> <span class='ocrx_word' id='word_1_438' title='bbox 1657 5307 1888 5361; x_wconf 83' lang='lat' dir='ltr'><strong>fatentur</strong></span> 
     </span>
    </p>
   </div>
   <div class='ocr_carea' id='block_1_56' title="bbox 281 5401 1888 5474">
    <p class='ocr_par' dir='ltr' id='par_1_56' title="bbox 281 5401 1888 5474">
     <span class='ocr_line' id='line_1_56' title="bbox 281 5401 1888 5474; baseline -0.003 -15"><span class='ocrx_word' id='word_1_439' title='bbox 281 5407 441 5474; x_wconf 84' lang='lat' dir='ltr'><strong>signa</strong></span> <span class='ocrx_word' id='word_1_440' title='bbox 469 5404 682 5471; x_wconf 89' lang='lat' dir='ltr'><strong>fecisse,</strong></span> <span class='ocrx_word' id='word_1_441' title='bbox 710 5404 984 5459; x_wconf 62' lang='lat' dir='ltr'><strong>daemones</strong></span> <span class='ocrx_word' id='word_1_442' title='bbox 1009 5402 1257 5472; x_wconf 91' lang='lat' dir='ltr'><strong>ejecisse,</strong></span> <span class='ocrx_word' id='word_1_443' title='bbox 1291 5411 1532 5457; x_wconf 93' lang='lat' dir='ltr'><strong>mortuos</strong></span> <span class='ocrx_word' id='word_1_444' title='bbox 1577 5401 1888 5468; x_wconf 89' lang='lat' dir='ltr'><strong>suscitasse,</strong></span> 
     </span>
    </p>
   </div>
   <div class='ocr_carea' id='block_1_57' title="bbox 283 5493 1887 5568">
    <p class='ocr_par' dir='ltr' id='par_1_57' title="bbox 283 5493 1887 5568">
     <span class='ocr_line' id='line_1_57' title="bbox 283 5493 1887 5568; baseline -0.002 -17"><span class='ocrx_word' id='word_1_445' title='bbox 283 5497 538 5568; x_wconf 74' lang='lat' dir='ltr'><strong>leprosos</strong></span> <span class='ocrx_word' id='word_1_446' title='bbox 562 5496 890 5552; x_wconf 75' lang='lat' dir='ltr'><strong>mandasse:</strong></span> <span class='ocrx_word' id='word_1_447' title='bbox 920 5506 975 5553; x_wconf 90' lang='lat' dir='ltr'><strong>et</strong></span> <span class='ocrx_word' id='word_1_448' title='bbox 1012 5504 1189 5552; x_wconf 89' lang='lat' dir='ltr'><strong>tamen</strong></span> <span class='ocrx_word' id='word_1_449' title='bbox 1230 5494 1430 5552; x_wconf 80' lang='lat' dir='ltr'><strong>excidit</strong></span> <span class='ocrx_word' id='word_1_450' title='bbox 1466 5509 1494 5548; x_wconf 90' lang='lat' dir='ltr'><strong>a</strong></span> <span class='ocrx_word' id='word_1_451' title='bbox 1534 5508 1700 5564; x_wconf 89' lang='lat' dir='ltr'><strong>regno</strong></span> <span class='ocrx_word' id='word_1_452' title='bbox 1725 5493 1887 5548; x_wconf 77' lang='lat' dir='ltr'><strong>caelo-</strong></span> 
     </span>
    </p>
   </div>
   <div class='ocr_carea' id='block_1_58' title="bbox 356 5726 1883 5794">
    <p class='ocr_par' dir='ltr' id='par_1_58' title="bbox 356 5726 1883 5794">
     <span class='ocr_line' id='line_1_58' title="bbox 356 5726 1883 5794; baseline -0.006 -11"><span class='ocrx_word' id='word_1_453' title='bbox 356 5736 371 5767; x_wconf 79' lang='grc' dir='ltr'>ι</span> <span class='ocrx_word' id='word_1_454' title='bbox 404 5734 541 5791; x_wconf 63' lang='lat' dir='ltr'><strong>Haec,</strong></span> <span class='ocrx_word' id='word_1_455' title='bbox 569 5745 629 5783; x_wconf 87' lang='lat' dir='ltr'><strong>ne</strong></span> <span class='ocrx_word' id='word_1_456' title='bbox 651 5744 681 5780; x_wconf 84' lang='lat' dir='ltr'><strong>tt</strong></span> <span class='ocrx_word' id='word_1_457' title='bbox 708 5726 1314 5794; x_wconf 75' lang='lat' dir='ltr'><strong>pecoribuslnbefactetur,</strong></span> <span class='ocrx_word' id='word_1_458' title='bbox 1340 5729 1459 5794; x_wconf 66' lang='lat' dir='ltr'><strong>ttan</strong></span> <span class='ocrx_word' id='word_1_459' title='bbox 1476 5729 1575 5794; x_wconf 62' lang='lat' dir='ltr'><strong>imo</strong></span> <span class='ocrx_word' id='word_1_460' title='bbox 1606 5728 1883 5794; x_wconf 74' lang='grc' dir='ltr'><strong>θρεμμάτων</strong></span> 
     </span>
    </p>
   </div>
   <div class='ocr_carea' id='block_1_59' title="bbox 290 5790 1881 5853">
    <p class='ocr_par' dir='ltr' id='par_1_59' title="bbox 290 5790 1881 5853">
     <span class='ocr_line' id='line_1_59' title="bbox 290 5790 1881 5853; baseline -0.002 -10"><span class='ocrx_word' id='word_1_461' title='bbox 290 5790 593 5853; x_wconf 58' lang='lat' dir='ltr'><strong>eameam,</strong></span> <span class='ocrx_word' id='word_1_462' title='bbox 619 5790 832 5843; x_wconf 74' lang='lat' dir='ltr'><strong>deerant.</strong></span> <span class='ocrx_word' id='word_1_463' title='bbox 870 5795 918 5840; x_wconf 90' lang='lat' dir='ltr'><strong>in</strong></span> <span class='ocrx_word' id='word_1_464' title='bbox 961 5790 1136 5853; x_wconf 77' lang='lat' dir='ltr'><strong>Etlilis,</strong></span> <span class='ocrx_word' id='word_1_465' title='bbox 1174 5790 1261 5838; x_wconf 89' lang='lat' dir='ltr'><strong>sed</strong></span> <span class='ocrx_word' id='word_1_466' title='bbox 1300 5803 1357 5853; x_wconf 70' lang='lat' dir='ltr'><strong>ex</strong></span> <span class='ocrx_word' id='word_1_467' title='bbox 1404 5790 1540 5837; x_wconf 61' lang='lat' dir='ltr'><strong>llolh.</strong></span> <span class='ocrx_word' id='word_1_468' title='bbox 1570 5792 1881 5853; x_wconf 73' lang='lat' dir='ltr'><strong>supplentur.</strong></span> 
     </span>
    </p>
   </div>
   <div class='ocr_carea' id='block_1_60' title="bbox 294 5850 1495 5919">
    <p class='ocr_par' dir='ltr' id='par_1_60' title="bbox 294 5850 1495 5919">
     <span class='ocr_line' id='line_1_60' title="bbox 294 5850 1495 5919; baseline -0.007 -13"><span class='ocrx_word' id='word_1_469' title='bbox 294 5850 437 5907; x_wconf 79' lang='lat' dir='ltr'><strong>infra</strong></span> <span class='ocrx_word' id='word_1_470' title='bbox 455 5850 825 5919; x_wconf 48' lang='lat' dir='ltr'><strong>item&#39;qnaedam</strong></span> <span class='ocrx_word' id='word_1_471' title='bbox 851 5869 911 5905; x_wconf 81' lang='lat' dir='ltr'><strong>ex</strong></span> <span class='ocrx_word' id='word_1_472' title='bbox 946 5852 1120 5903; x_wconf 84' lang='lat' dir='ltr'><strong>eodem</strong></span> <span class='ocrx_word' id='word_1_473' title='bbox 1148 5850 1495 5902; x_wconf 58' lang='lat' dir='ltr'><strong>resarciuntur.</strong></span> 
     </span>
    </p>
   </div>
   <div class='ocr_carea' id='block_1_61' title="bbox 1974 426 3554 495">
    <p class='ocr_par' dir='ltr' id='par_1_61' title="bbox 1974 426 3554 495">
     <span class='ocr_line' id='line_1_61' title="bbox 1974 426 3554 495; baseline -0.004 -13"><span class='ocrx_word' id='word_1_474' title='bbox 1974 444 2111 483; x_wconf 92' lang='lat' dir='ltr'><strong>rum.</strong></span> <span class='ocrx_word' id='word_1_475' title='bbox 2143 429 2260 484; x_wconf 91' lang='lat' dir='ltr'><strong>Non</strong></span> <span class='ocrx_word' id='word_1_476' title='bbox 2286 429 2598 489; x_wconf 90' lang='lat' dir='ltr'><strong>enimillum</strong></span> <span class='ocrx_word' id='word_1_477' title='bbox 2615 428 2818 482; x_wconf 91' lang='lat' dir='ltr'><strong>salvum</strong></span> <span class='ocrx_word' id='word_1_478' title='bbox 2860 426 3037 481; x_wconf 87' lang='lat' dir='ltr'><strong>facere</strong></span> <span class='ocrx_word' id='word_1_479' title='bbox 3068 440 3216 495; x_wconf 81' lang='lat' dir='ltr'><strong>Signa</strong></span> <span class='ocrx_word' id='word_1_480' title='bbox 3250 433 3554 494; x_wconf 81' lang='lat' dir='ltr'><strong>potuerunt,</strong></span> 
     </span>
    </p>
   </div>
   <div class='ocr_carea' id='block_1_62' title="bbox 1970 515 3560 590">
    <p class='ocr_par' dir='ltr' id='par_1_62' title="bbox 1970 515 3560 590">
     <span class='ocr_line' id='line_1_62' title="bbox 1970 515 3560 590; baseline -0.003 -18"><span class='ocrx_word' id='word_1_481' title='bbox 1970 521 2093 590; x_wconf 90' lang='lat' dir='ltr'><strong>quia</strong></span> <span class='ocrx_word' id='word_1_482' title='bbox 2122 521 2277 586; x_wconf 89' lang='lat' dir='ltr'><strong>latro,</strong></span> <span class='ocrx_word' id='word_1_483' title='bbox 2311 520 2419 584; x_wconf 81' lang='lat' dir='ltr'><strong>fur,</strong></span> <span class='ocrx_word' id='word_1_484' title='bbox 2446 530 2499 574; x_wconf 92' lang='lat' dir='ltr'><strong>et</strong></span> <span class='ocrx_word' id='word_1_485' title='bbox 2518 519 2757 590; x_wconf 90' lang='lat' dir='ltr'><strong>proditor</strong></span> <span class='ocrx_word' id='word_1_486' title='bbox 2785 519 2883 573; x_wconf 86' lang='lat' dir='ltr'><strong>fuit</strong></span> <span class='ocrx_word' id='word_1_487' title='bbox 2905 517 3135 572; x_wconf 91' lang='lat' dir='ltr'><strong>Domini.</strong></span> <span class='ocrx_word' id='word_1_488' title='bbox 3164 517 3242 571; x_wconf 85' lang='lat' dir='ltr'><strong>Ac</strong></span> <span class='ocrx_word' id='word_1_489' title='bbox 3263 516 3413 586; x_wconf 85' lang='lat' dir='ltr'><strong>signa</strong></span> <span class='ocrx_word' id='word_1_490' title='bbox 3438 515 3560 584; x_wconf 79' lang='lat' dir='ltr'><strong>qui—</strong></span> 
     </span>
    </p>
   </div>
   <div class='ocr_carea' id='block_1_63' title="bbox 1971 611 3563 682">
    <p class='ocr_par' dir='ltr' id='par_1_63' title="bbox 1971 611 3563 682">
     <span class='ocr_line' id='line_1_63' title="bbox 1971 611 3563 682; baseline -0.004 -15"><span class='ocrx_word' id='word_1_491' title='bbox 1971 614 2093 668; x_wconf 86' lang='lat' dir='ltr'><strong>dem</strong></span> <span class='ocrx_word' id='word_1_492' title='bbox 2143 613 2263 669; x_wconf 92' lang='lat' dir='ltr'><strong>sine</strong></span> <span class='ocrx_word' id='word_1_493' title='bbox 2311 614 2513 682; x_wconf 87' lang='lat' dir='ltr'><strong>optima</strong></span> <span class='ocrx_word' id='word_1_494' title='bbox 2561 611 3000 676; x_wconf 88' lang='lat' dir='ltr'><strong>conversatione,</strong></span> <span class='ocrx_word' id='word_1_495' title='bbox 3056 611 3277 679; x_wconf 87' lang='lat' dir='ltr'><strong>vitaque</strong></span> <span class='ocrx_word' id='word_1_496' title='bbox 3325 621 3455 678; x_wconf 91' lang='lat' dir='ltr'><strong>pura</strong></span> <span class='ocrx_word' id='word_1_497' title='bbox 3508 616 3563 661; x_wconf 92' lang='lat' dir='ltr'><strong>et</strong></span> 
     </span>
    </p>
   </div>
   <div class='ocr_carea' id='block_1_64' title="bbox 1972 702 3561 773">
    <p class='ocr_par' dir='ltr' id='par_1_64' title="bbox 1972 702 3561 773">
     <span class='ocr_line' id='line_1_64' title="bbox 1972 702 3561 773; baseline -0.005 -13"><span class='ocrx_word' id='word_1_498' title='bbox 1972 716 2159 761; x_wconf 88' lang='lat' dir='ltr'><strong>exacta</strong></span> <span class='ocrx_word' id='word_1_499' title='bbox 2186 705 2390 760; x_wconf 90' lang='lat' dir='ltr'><strong>salvum</strong></span> <span class='ocrx_word' id='word_1_500' title='bbox 2421 703 2599 759; x_wconf 87' lang='lat' dir='ltr'><strong>facere</strong></span> <span class='ocrx_word' id='word_1_501' title='bbox 2624 704 2842 759; x_wconf 90' lang='lat' dir='ltr'><strong>minime</strong></span> <span class='ocrx_word' id='word_1_502' title='bbox 2868 718 3026 773; x_wconf 90' lang='lat' dir='ltr'><strong>posse</strong></span> <span class='ocrx_word' id='word_1_503' title='bbox 3050 702 3472 756; x_wconf 90' lang='lat' dir='ltr'><strong>demonstratum</strong></span> <span class='ocrx_word' id='word_1_504' title='bbox 3495 713 3561 753; x_wconf 84' lang='lat' dir='ltr'><strong>ex</strong></span> 
     </span>
    </p>
   </div>
   <div class='ocr_carea' id='block_1_65' title="bbox 1974 790 3563 865">
    <p class='ocr_par' dir='ltr' id='par_1_65' title="bbox 1974 790 3563 865">
     <span class='ocr_line' id='line_1_65' title="bbox 1974 790 3563 865; baseline -0.006 -12"><span class='ocrx_word' id='word_1_505' title='bbox 1974 798 2093 853; x_wconf 90' lang='lat' dir='ltr'><strong>istis</strong></span> <span class='ocrx_word' id='word_1_506' title='bbox 2118 807 2199 853; x_wconf 92' lang='lat' dir='ltr'><strong>est</strong></span> <span class='ocrx_word' id='word_1_507' title='bbox 2226 816 2240 852; x_wconf 89' lang='lat'>:</span> <span class='ocrx_word' id='word_1_508' title='bbox 2264 798 2729 852; x_wconf 85' lang='lat' dir='ltr'><strong>conversationem</strong></span> <span class='ocrx_word' id='word_1_509' title='bbox 2768 806 2944 850; x_wconf 90' lang='lat' dir='ltr'><strong>autem</strong></span> <span class='ocrx_word' id='word_1_510' title='bbox 2979 794 3080 849; x_wconf 93' lang='lat' dir='ltr'><strong>hoc</strong></span> <span class='ocrx_word' id='word_1_511' title='bbox 3113 794 3387 865; x_wconf 85' lang='lat' dir='ltr'><strong>signorum</strong></span> <span class='ocrx_word' id='word_1_512' title='bbox 3418 790 3563 845; x_wconf 86' lang='lat' dir='ltr'><strong>sola-</strong></span> 
     </span>
    </p>
   </div>
   <div class='ocr_carea' id='block_1_66' title="bbox 1976 882 3563 959">
    <p class='ocr_par' dir='ltr' id='par_1_66' title="bbox 1976 882 3563 959">
     <span class='ocr_line' id='line_1_66' title="bbox 1976 882 3563 959; baseline -0.005 -15"><span class='ocrx_word' id='word_1_513' title='bbox 1976 890 2052 944; x_wconf 93' lang='lat' dir='ltr'><strong>tio</strong></span> <span class='ocrx_word' id='word_1_514' title='bbox 2101 888 2434 955; x_wconf 88' lang='lat' dir='ltr'><strong>destitutam,</strong></span> <span class='ocrx_word' id='word_1_515' title='bbox 2489 905 2663 959; x_wconf 91' lang='lat' dir='ltr'><strong>neque</strong></span> <span class='ocrx_word' id='word_1_516' title='bbox 2704 888 2797 943; x_wconf 92' lang='lat' dir='ltr'><strong>illo</strong></span> <span class='ocrx_word' id='word_1_517' title='bbox 2843 889 3092 958; x_wconf 86' lang='lat' dir='ltr'><strong>stipatam</strong></span> <span class='ocrx_word' id='word_1_518' title='bbox 3143 885 3413 956; x_wconf 85' lang='lat' dir='ltr'><strong>praesidio,</strong></span> <span class='ocrx_word' id='word_1_519' title='bbox 3468 882 3563 937; x_wconf 88' lang='lat' dir='ltr'><strong>sed</strong></span> 
     </span>
    </p>
   </div>
   <div class='ocr_carea' id='block_1_67' title="bbox 1974 977 3563 1053">
    <p class='ocr_par' dir='ltr' id='par_1_67' title="bbox 1974 977 3563 1053">
     <span class='ocr_line' id='line_1_67' title="bbox 1974 977 3563 1053; baseline -0.003 -18"><span class='ocrx_word' id='word_1_520' title='bbox 1974 983 2219 1053; x_wconf 88' lang='lat' dir='ltr'><strong>quamvis</strong></span> <span class='ocrx_word' id='word_1_521' title='bbox 2254 984 2367 1037; x_wconf 77' lang='lat' dir='ltr'><strong>sola</strong></span> <span class='ocrx_word' id='word_1_522' title='bbox 2407 990 2735 1051; x_wconf 87' lang='lat' dir='ltr'><strong>compareat,</strong></span> <span class='ocrx_word' id='word_1_523' title='bbox 2783 996 2939 1049; x_wconf 84' lang='lat' dir='ltr'><strong>posse</strong></span> <span class='ocrx_word' id='word_1_524' title='bbox 2976 996 3096 1035; x_wconf 90' lang='lat' dir='ltr'><strong>cum</strong></span> <span class='ocrx_word' id='word_1_525' title='bbox 3142 978 3332 1033; x_wconf 90' lang='lat' dir='ltr'><strong>ﬁducia</strong></span> <span class='ocrx_word' id='word_1_526' title='bbox 3376 977 3429 1032; x_wconf 91' lang='lat' dir='ltr'><strong>in</strong></span> <span class='ocrx_word' id='word_1_527' title='bbox 3475 990 3563 1030; x_wconf 87' lang='lat' dir='ltr'><strong>re-</strong></span> 
     </span>
    </p>
   </div>
   <div class='ocr_carea' id='block_1_68' title="bbox 1973 1068 3561 1143">
    <p class='ocr_par' dir='ltr' id='par_1_68' title="bbox 1973 1068 3561 1143">
     <span class='ocr_line' id='line_1_68' title="bbox 1973 1068 3561 1143; baseline -0.004 -17"><span class='ocrx_word' id='word_1_528' title='bbox 1973 1089 2135 1143; x_wconf 90' lang='lat' dir='ltr'><strong>gnum</strong></span> <span class='ocrx_word' id='word_1_529' title='bbox 2162 1074 2416 1128; x_wconf 68' lang='lat' dir='ltr'><strong>caelorum</strong></span> <span class='ocrx_word' id='word_1_530' title='bbox 2446 1074 2687 1137; x_wconf 92' lang='lat' dir='ltr'><strong>introire,</strong></span> <span class='ocrx_word' id='word_1_531' title='bbox 2718 1072 2932 1128; x_wconf 89' lang='lat' dir='ltr'><strong>Christo</strong></span> <span class='ocrx_word' id='word_1_532' title='bbox 2969 1071 3198 1125; x_wconf 89' lang='lat' dir='ltr'><strong>docente</strong></span> <span class='ocrx_word' id='word_1_533' title='bbox 3226 1068 3504 1124; x_wconf 89' lang='lat' dir='ltr'><strong>condisces</strong></span> <span class='ocrx_word' id='word_1_534' title='bbox 3546 1084 3561 1120; x_wconf 91' lang='lat'>:</span> 
     </span>
    </p>
   </div>
   <div class='ocr_carea' id='block_1_69' title="bbox 1986 1160 3565 1233">
    <p class='ocr_par' dir='ltr' id='par_1_69' title="bbox 1986 1160 3565 1233">
     <span class='ocr_line' id='line_1_69' title="bbox 1986 1160 3565 1233; baseline -0.004 -15"><span class='ocrx_word' id='word_1_535' title='bbox 1986 1164 2181 1231; x_wconf 82' lang='lat' dir='ltr'><strong>Venite,</strong></span> <span class='ocrx_word' id='word_1_536' title='bbox 2212 1164 2455 1219; x_wconf 83' lang='lat' dir='ltr'><strong>benedicti</strong></span> <span class='ocrx_word' id='word_1_537' title='bbox 2497 1164 2670 1219; x_wconf 81' lang='lat' dir='ltr'><strong>Patris</strong></span> <span class='ocrx_word' id='word_1_538' title='bbox 2698 1166 2814 1230; x_wconf 80' lang='lat' dir='ltr'><strong>mei,</strong></span> <span class='ocrx_word' id='word_1_539' title='bbox 2858 1162 3107 1233; x_wconf 79' lang='lat' dir='ltr'><strong>possidete</strong></span> <span class='ocrx_word' id='word_1_540' title='bbox 3149 1172 3383 1231; x_wconf 82' lang='lat' dir='ltr'><strong>paratum</strong></span> <span class='ocrx_word' id='word_1_541' title='bbox 3429 1160 3565 1213; x_wconf 74' lang='lat' dir='ltr'><strong>vobis</strong></span> 
     </span>
    </p>
   </div>
   <div class='ocr_carea' id='block_1_70' title="bbox 1976 1250 3566 1327">
    <p class='ocr_par' dir='ltr' id='par_1_70' title="bbox 1976 1250 3566 1327">
     <span class='ocr_line' id='line_1_70' title="bbox 1976 1250 3566 1327; baseline -0.004 -18"><span class='ocrx_word' id='word_1_542' title='bbox 1976 1274 2187 1327; x_wconf 85' lang='lat' dir='ltr'><strong>regnum</strong></span> <span class='ocrx_word' id='word_1_543' title='bbox 2212 1273 2244 1310; x_wconf 90' lang='lat' dir='ltr'><strong>a</strong></span> <span class='ocrx_word' id='word_1_544' title='bbox 2267 1257 2623 1312; x_wconf 86' lang='lat' dir='ltr'><strong>constitutione</strong></span> <span class='ocrx_word' id='word_1_545' title='bbox 2653 1256 2827 1308; x_wconf 87' lang='lat' dir='ltr'><strong>mundi</strong></span> <span class='ocrx_word' id='word_1_546' title='bbox 2861 1253 3073 1323; x_wconf 73' lang='lat' dir='ltr'><strong>(Matth.</strong></span> <span class='ocrx_word' id='word_1_547' title='bbox 3102 1253 3192 1308; x_wconf 72' lang='grc'><strong>25.</strong></span> <span class='ocrx_word' id='word_1_548' title='bbox 3235 1253 3350 1323; x_wconf 71' lang='grc'><strong>51).</strong></span> <span class='ocrx_word' id='word_1_549' title='bbox 3396 1250 3566 1318; x_wconf 88' lang='lat' dir='ltr'><strong>Quam</strong></span> 
     </span>
    </p>
   </div>
   <div class='ocr_carea' id='block_1_71' title="bbox 1976 1342 3566 1419">
    <p class='ocr_par' dir='ltr' id='par_1_71' title="bbox 1976 1342 3566 1419">
     <span class='ocr_line' id='line_1_71' title="bbox 1976 1342 3566 1419; baseline -0.006 -15"><span class='ocrx_word' id='word_1_550' title='bbox 1976 1349 2047 1404; x_wconf 86' lang='lat' dir='ltr'><strong>ob</strong></span> <span class='ocrx_word' id='word_1_551' title='bbox 2089 1349 2493 1419; x_wconf 87' lang='lat' dir='ltr'><strong>causam?qnia</strong></span> <span class='ocrx_word' id='word_1_552' title='bbox 2532 1356 2773 1402; x_wconf 88' lang='lat' dir='ltr'><strong>mortuos</strong></span> <span class='ocrx_word' id='word_1_553' title='bbox 2816 1344 3180 1401; x_wconf 87' lang='lat' dir='ltr'><strong>suscitarunt?</strong></span> <span class='ocrx_word' id='word_1_554' title='bbox 3218 1344 3340 1413; x_wconf 90' lang='lat' dir='ltr'><strong>quia</strong></span> <span class='ocrx_word' id='word_1_555' title='bbox 3389 1342 3566 1410; x_wconf 85' lang='lat' dir='ltr'><strong>lepro-</strong></span> 
     </span>
    </p>
   </div>
   <div class='ocr_carea' id='block_1_72' title="bbox 1976 1433 3567 1509">
    <p class='ocr_par' dir='ltr' id='par_1_72' title="bbox 1976 1433 3567 1509">
     <span class='ocr_line' id='line_1_72' title="bbox 1976 1433 3567 1509; baseline -0.006 -14"><span class='ocrx_word' id='word_1_556' title='bbox 1976 1456 2068 1495; x_wconf 90' lang='lat' dir='ltr'><strong>sos</strong></span> <span class='ocrx_word' id='word_1_557' title='bbox 2110 1440 2476 1495; x_wconf 75' lang='lat' dir='ltr'><strong>inundarunt?</strong></span> <span class='ocrx_word' id='word_1_558' title='bbox 2501 1439 2622 1509; x_wconf 91' lang='lat' dir='ltr'><strong>quia</strong></span> <span class='ocrx_word' id='word_1_559' title='bbox 2652 1438 2926 1493; x_wconf 61' lang='lat' dir='ltr'><strong>daemones</strong></span> <span class='ocrx_word' id='word_1_560' title='bbox 2954 1434 3307 1508; x_wconf 80' lang='lat' dir='ltr'><strong>expulerunt?</strong></span> <span class='ocrx_word' id='word_1_561' title='bbox 3356 1433 3567 1502; x_wconf 86' lang='lat' dir='ltr'><strong>Nequa-</strong></span> 
     </span>
    </p>
   </div>
   <div class='ocr_carea' id='block_1_73' title="bbox 1976 1525 3565 1604">
    <p class='ocr_par' dir='ltr' id='par_1_73' title="bbox 1976 1525 3565 1604">
     <span class='ocr_line' id='line_1_73' title="bbox 1976 1525 3565 1604; baseline -0.006 -18"><span class='ocrx_word' id='word_1_562' title='bbox 1976 1548 2136 1604; x_wconf 85' lang='lat' dir='ltr'><strong>quam</strong></span> <span class='ocrx_word' id='word_1_563' title='bbox 2170 1550 2185 1589; x_wconf 87' lang='lat'><strong>:</strong></span> <span class='ocrx_word' id='word_1_564' title='bbox 2220 1532 2315 1587; x_wconf 91' lang='lat' dir='ltr'><strong>sed</strong></span> <span class='ocrx_word' id='word_1_565' title='bbox 2342 1548 2445 1602; x_wconf 82' lang='lat' dir='ltr'><strong>qua</strong></span> <span class='ocrx_word' id='word_1_566' title='bbox 2485 1532 2553 1586; x_wconf 90' lang='lat' dir='ltr'><strong>de</strong></span> <span class='ocrx_word' id='word_1_567' title='bbox 2578 1531 2781 1587; x_wconf 80' lang='lat' dir='ltr'><strong>causa?</strong></span> <span class='ocrx_word' id='word_1_568' title='bbox 2826 1529 3165 1585; x_wconf 85' lang='lat' dir='ltr'><strong>Esurientem</strong></span> <span class='ocrx_word' id='word_1_569' title='bbox 3206 1542 3297 1582; x_wconf 87' lang='lat' dir='ltr'><strong>me</strong></span> <span class='ocrx_word' id='word_1_570' title='bbox 3338 1525 3565 1589; x_wconf 85' lang='lat' dir='ltr'><strong>vidistis,</strong></span> 
     </span>
    </p>
   </div>
   <div class='ocr_carea' id='block_1_74' title="bbox 1978 1617 3570 1693">
    <p class='ocr_par' dir='ltr' id='par_1_74' title="bbox 1978 1617 3570 1693">
     <span class='ocr_line' id='line_1_74' title="bbox 1978 1617 3570 1693; baseline -0.008 -15"><span class='ocrx_word' id='word_1_571' title='bbox 1978 1624 2170 1693; x_wconf 91' lang='lat' dir='ltr'><strong>inquit,</strong></span> <span class='ocrx_word' id='word_1_572' title='bbox 2206 1632 2261 1678; x_wconf 89' lang='lat' dir='ltr'><strong>et</strong></span> <span class='ocrx_word' id='word_1_573' title='bbox 2305 1622 2516 1677; x_wconf 84' lang='lat' dir='ltr'><strong>aluistis</strong></span> <span class='ocrx_word' id='word_1_574' title='bbox 2561 1639 2574 1675; x_wconf 91' lang='lat'>:</span> <span class='ocrx_word' id='word_1_575' title='bbox 2621 1622 2916 1686; x_wconf 85' lang='lat' dir='ltr'><strong>sitientem,</strong></span> <span class='ocrx_word' id='word_1_576' title='bbox 2957 1627 3016 1674; x_wconf 90' lang='lat' dir='ltr'><strong>et</strong></span> <span class='ocrx_word' id='word_1_577' title='bbox 3057 1617 3281 1673; x_wconf 87' lang='lat' dir='ltr'><strong>dedistis</strong></span> <span class='ocrx_word' id='word_1_578' title='bbox 3311 1617 3439 1669; x_wconf 91' lang='lat' dir='ltr'><strong>mihi</strong></span> <span class='ocrx_word' id='word_1_579' title='bbox 3474 1632 3570 1684; x_wconf 83' lang='lat' dir='ltr'><strong>po-</strong></span> 
     </span>
    </p>
   </div>
   <div class='ocr_carea' id='block_1_75' title="bbox 1980 1710 3569 1785">
    <p class='ocr_par' dir='ltr' id='par_1_75' title="bbox 1980 1710 3569 1785">
     <span class='ocr_line' id='line_1_75' title="bbox 1980 1710 3569 1785; baseline -0.006 -14"><span class='ocrx_word' id='word_1_580' title='bbox 1980 1725 2091 1771; x_wconf 91' lang='lat' dir='ltr'><strong>tum</strong></span> <span class='ocrx_word' id='word_1_581' title='bbox 2118 1734 2130 1770; x_wconf 94' lang='lat'>:</span> <span class='ocrx_word' id='word_1_582' title='bbox 2162 1716 2385 1781; x_wconf 91' lang='lat' dir='ltr'><strong>nudum,</strong></span> <span class='ocrx_word' id='word_1_583' title='bbox 2414 1726 2467 1770; x_wconf 91' lang='lat' dir='ltr'><strong>et</strong></span> <span class='ocrx_word' id='word_1_584' title='bbox 2486 1714 2836 1785; x_wconf 88' lang='lat' dir='ltr'><strong>e00peruistis</strong></span> <span class='ocrx_word' id='word_1_585' title='bbox 2861 1728 2948 1767; x_wconf 88' lang='lat' dir='ltr'><strong>me</strong></span> <span class='ocrx_word' id='word_1_586' title='bbox 2980 1731 2994 1767; x_wconf 91' lang='lat'>:</span> <span class='ocrx_word' id='word_1_587' title='bbox 3023 1712 3309 1781; x_wconf 90' lang='lat' dir='ltr'><strong>hospitem,</strong></span> <span class='ocrx_word' id='word_1_588' title='bbox 3335 1719 3387 1763; x_wconf 92' lang='lat' dir='ltr'><strong>et</strong></span> <span class='ocrx_word' id='word_1_589' title='bbox 3407 1710 3569 1763; x_wconf 87' lang='lat' dir='ltr'><strong>colle-</strong></span> 
     </span>
    </p>
   </div>
   <div class='ocr_carea' id='block_1_76' title="bbox 1980 1800 3569 1880">
    <p class='ocr_par' dir='ltr' id='par_1_76' title="bbox 1980 1800 3569 1880">
     <span class='ocr_line' id='line_1_76' title="bbox 1980 1800 3569 1880; baseline -0.003 -19"><span class='ocrx_word' id='word_1_590' title='bbox 1980 1811 2132 1880; x_wconf 89' lang='lat' dir='ltr'><strong>gistis</strong></span> <span class='ocrx_word' id='word_1_591' title='bbox 2163 1806 2268 1879; x_wconf 84' lang='lat' dir='ltr'><strong>(Ib.</strong></span> <span class='ocrx_word' id='word_1_592' title='bbox 2297 1823 2342 1860; x_wconf 88' lang='lat' dir='ltr'><strong>v.</strong></span> <span class='ocrx_word' id='word_1_593' title='bbox 2378 1806 2467 1862; x_wconf 77' lang='lat'><strong>35.</strong></span> <span class='ocrx_word' id='word_1_594' title='bbox 2500 1804 2612 1878; x_wconf 83' lang='lat'><strong>56).</strong></span> <span class='ocrx_word' id='word_1_595' title='bbox 2643 1804 2913 1875; x_wconf 85' lang='lat' dir='ltr'><strong>Nusquam</strong></span> <span class='ocrx_word' id='word_1_596' title='bbox 2943 1803 3219 1869; x_wconf 88' lang='lat' dir='ltr'><strong>miracula,</strong></span> <span class='ocrx_word' id='word_1_597' title='bbox 3250 1802 3345 1856; x_wconf 84' lang='lat' dir='ltr'><strong>sed</strong></span> <span class='ocrx_word' id='word_1_598' title='bbox 3373 1800 3569 1871; x_wconf 89' lang='lat' dir='ltr'><strong>ubique</strong></span> 
     </span>
    </p>
   </div>
   <div class='ocr_carea' id='block_1_77' title="bbox 1980 1894 3567 1969">
    <p class='ocr_par' dir='ltr' id='par_1_77' title="bbox 1980 1894 3567 1969">
     <span class='ocr_line' id='line_1_77' title="bbox 1980 1894 3567 1969; baseline -0.006 -13"><span class='ocrx_word' id='word_1_599' title='bbox 1980 1900 2337 1956; x_wconf 89' lang='lat' dir='ltr'><strong>conversatio.</strong></span> <span class='ocrx_word' id='word_1_600' title='bbox 2369 1899 2440 1956; x_wconf 93' lang='lat' dir='ltr'><strong>Ut</strong></span> <span class='ocrx_word' id='word_1_601' title='bbox 2460 1900 2619 1969; x_wconf 89' lang='lat' dir='ltr'><strong>igitur</strong></span> <span class='ocrx_word' id='word_1_602' title='bbox 2650 1899 2757 1953; x_wconf 90' lang='lat' dir='ltr'><strong>illic</strong></span> <span class='ocrx_word' id='word_1_603' title='bbox 2783 1897 2979 1967; x_wconf 89' lang='lat' dir='ltr'><strong>ubique</strong></span> <span class='ocrx_word' id='word_1_604' title='bbox 3002 1894 3278 1960; x_wconf 89' lang='lat' dir='ltr'><strong>miracula,</strong></span> <span class='ocrx_word' id='word_1_605' title='bbox 3307 1905 3363 1949; x_wconf 89' lang='lat' dir='ltr'><strong>et</strong></span> <span class='ocrx_word' id='word_1_606' title='bbox 3388 1895 3567 1949; x_wconf 84' lang='lat' dir='ltr'><strong>statim</strong></span> 
     </span>
    </p>
   </div>
   <div class='ocr_carea' id='block_1_78' title="bbox 1980 1987 3569 2064">
    <p class='ocr_par' dir='ltr' id='par_1_78' title="bbox 1980 1987 3569 2064">
     <span class='ocr_line' id='line_1_78' title="bbox 1980 1987 3569 2064; baseline -0.006 -15"><span class='ocrx_word' id='word_1_607' title='bbox 1980 1994 2321 2064; x_wconf 89' lang='lat' dir='ltr'><strong>supplicium,</strong></span> <span class='ocrx_word' id='word_1_608' title='bbox 2371 1991 2624 2063; x_wconf 91' lang='lat' dir='ltr'><strong>quoniam</strong></span> <span class='ocrx_word' id='word_1_609' title='bbox 2669 1990 3077 2045; x_wconf 89' lang='lat' dir='ltr'><strong>conversatione</strong></span> <span class='ocrx_word' id='word_1_610' title='bbox 3118 1987 3369 2043; x_wconf 88' lang='lat' dir='ltr'><strong>destituta</strong></span> <span class='ocrx_word' id='word_1_611' title='bbox 3417 1996 3569 2040; x_wconf 88' lang='lat' dir='ltr'><strong>erant</strong></span> 
     </span>
    </p>
   </div>
   <div class='ocr_carea' id='block_1_79' title="bbox 1982 2080 3570 2152">
    <p class='ocr_par' dir='ltr' id='par_1_79' title="bbox 1982 2080 3570 2152">
     <span class='ocr_line' id='line_1_79' title="bbox 1982 2080 3570 2152; baseline -0.008 -9"><span class='ocrx_word' id='word_1_612' title='bbox 1982 2088 2235 2143; x_wconf 90' lang='lat' dir='ltr'><strong>miracula</strong></span> <span class='ocrx_word' id='word_1_613' title='bbox 2272 2104 2284 2140; x_wconf 92' lang='lat'><strong>:</strong></span> <span class='ocrx_word' id='word_1_614' title='bbox 2319 2087 2397 2140; x_wconf 89' lang='lat' dir='ltr'><strong>sic</strong></span> <span class='ocrx_word' id='word_1_615' title='bbox 2436 2094 2491 2141; x_wconf 91' lang='lat' dir='ltr'><strong>et</strong></span> <span class='ocrx_word' id='word_1_616' title='bbox 2534 2084 2637 2139; x_wconf 90' lang='lat' dir='ltr'><strong>hoc</strong></span> <span class='ocrx_word' id='word_1_617' title='bbox 2676 2085 2793 2138; x_wconf 90' lang='lat' dir='ltr'><strong>loco</strong></span> <span class='ocrx_word' id='word_1_618' title='bbox 2836 2083 3033 2152; x_wconf 90' lang='lat' dir='ltr'><strong>ubique</strong></span> <span class='ocrx_word' id='word_1_619' title='bbox 3073 2080 3429 2143; x_wconf 88' lang='lat' dir='ltr'><strong>conversatio,</strong></span> <span class='ocrx_word' id='word_1_620' title='bbox 3470 2093 3570 2132; x_wconf 87' lang='lat' dir='ltr'><strong>nec</strong></span> 
     </span>
    </p>
   </div>
   <div class='ocr_carea' id='block_1_80' title="bbox 1982 2170 3570 2250">
    <p class='ocr_par' dir='ltr' id='par_1_80' title="bbox 1982 2170 3570 2250">
     <span class='ocr_line' id='line_1_80' title="bbox 1982 2170 3570 2250; baseline -0.006 -17"><span class='ocrx_word' id='word_1_621' title='bbox 1982 2193 2205 2250; x_wconf 85' lang='lat' dir='ltr'><strong>usquam</strong></span> <span class='ocrx_word' id='word_1_622' title='bbox 2222 2178 2496 2235; x_wconf 88' lang='lat' dir='ltr'><strong>miracula.</strong></span> <span class='ocrx_word' id='word_1_623' title='bbox 2517 2186 2570 2232; x_wconf 90' lang='lat' dir='ltr'><strong>et</strong></span> <span class='ocrx_word' id='word_1_624' title='bbox 2591 2176 2768 2232; x_wconf 88' lang='lat' dir='ltr'><strong>statim</strong></span> <span class='ocrx_word' id='word_1_625' title='bbox 2780 2175 2924 2230; x_wconf 90' lang='lat' dir='ltr'><strong>salus</strong></span> <span class='ocrx_word' id='word_1_626' title='bbox 2944 2175 2961 2205; x_wconf 75' lang='grc' dir='ltr'>ί</span> <span class='ocrx_word' id='word_1_627' title='bbox 2988 2181 3298 2243; x_wconf 90' lang='lat' dir='ltr'><strong>:propterea</strong></span> <span class='ocrx_word' id='word_1_628' title='bbox 3314 2170 3454 2241; x_wconf 89' lang='lat' dir='ltr'><strong>quod</strong></span> <span class='ocrx_word' id='word_1_629' title='bbox 3478 2185 3570 2239; x_wconf 91' lang='lat' dir='ltr'><strong>per</strong></span> 
     </span>
    </p>
   </div>
   <div class='ocr_carea' id='block_1_81' title="bbox 1982 2265 3571 2341">
    <p class='ocr_par' dir='ltr' id='par_1_81' title="bbox 1982 2265 3571 2341">
     <span class='ocr_line' id='line_1_81' title="bbox 1982 2265 3571 2341; baseline -0.006 -14"><span class='ocrx_word' id='word_1_630' title='bbox 1982 2287 2045 2329; x_wconf 89' lang='lat' dir='ltr'><strong>se</strong></span> <span class='ocrx_word' id='word_1_631' title='bbox 2073 2273 2189 2328; x_wconf 88' lang='lat' dir='ltr'><strong>sola</strong></span> <span class='ocrx_word' id='word_1_632' title='bbox 2220 2285 2561 2341; x_wconf 86' lang='lat' dir='ltr'><strong>possessores</strong></span> <span class='ocrx_word' id='word_1_633' title='bbox 2589 2284 2715 2325; x_wconf 91' lang='lat' dir='ltr'><strong>suos</strong></span> <span class='ocrx_word' id='word_1_634' title='bbox 2744 2269 2920 2322; x_wconf 88' lang='lat' dir='ltr'><strong>salvos</strong></span> <span class='ocrx_word' id='word_1_635' title='bbox 2958 2266 3137 2321; x_wconf 83' lang='lat' dir='ltr'><strong>facere</strong></span> <span class='ocrx_word' id='word_1_636' title='bbox 3173 2274 3347 2334; x_wconf 87' lang='lat' dir='ltr'><strong>potest</strong></span> <span class='ocrx_word' id='word_1_637' title='bbox 3372 2265 3571 2333; x_wconf 85' lang='lat' dir='ltr'><strong>optima</strong></span> 
     </span>
    </p>
   </div>
   <div class='ocr_carea' id='block_1_82' title="bbox 1981 2358 3572 2426">
    <p class='ocr_par' dir='ltr' id='par_1_82' title="bbox 1981 2358 3572 2426">
     <span class='ocr_line' id='line_1_82' title="bbox 1981 2358 3572 2426; baseline -0.009 -3"><span class='ocrx_word' id='word_1_638' title='bbox 1981 2363 2340 2423; x_wconf 75' lang='lat' dir='ltr'><strong>Conversatio.</strong></span> <span class='ocrx_word' id='word_1_639' title='bbox 2366 2362 2571 2418; x_wconf 91' lang='lat' dir='ltr'><strong>Idcirco</strong></span> <span class='ocrx_word' id='word_1_640' title='bbox 2599 2361 2761 2417; x_wconf 89' lang='lat' dir='ltr'><strong>etiam</strong></span> <span class='ocrx_word' id='word_1_641' title='bbox 2786 2359 2977 2414; x_wconf 87' lang='lat' dir='ltr'><strong>beatus</strong></span> <span class='ocrx_word' id='word_1_642' title='bbox 3006 2358 3091 2411; x_wconf 91' lang='lat' dir='ltr'><strong>hic</strong></span> <span class='ocrx_word' id='word_1_643' title='bbox 3116 2364 3171 2411; x_wconf 92' lang='lat' dir='ltr'><strong>et</strong></span> <span class='ocrx_word' id='word_1_644' title='bbox 3196 2369 3490 2426; x_wconf 90' lang='lat' dir='ltr'><strong>generosus</strong></span> <span class='ocrx_word' id='word_1_645' title='bbox 3509 2369 3572 2409; x_wconf 87' lang='lat' dir='ltr'><strong>ac</strong></span> 
     </span>
    </p>
   </div>
   <div class='ocr_carea' id='block_1_83' title="bbox 1984 2448 3571 2524">
    <p class='ocr_par' dir='ltr' id='par_1_83' title="bbox 1984 2448 3571 2524">
     <span class='ocr_line' id='line_1_83' title="bbox 1984 2448 3571 2524; baseline -0.008 -11"><span class='ocrx_word' id='word_1_646' title='bbox 1984 2458 2244 2513; x_wconf 80' lang='lat' dir='ltr'><strong>mirabilis</strong></span> <span class='ocrx_word' id='word_1_647' title='bbox 2273 2457 2445 2512; x_wconf 88' lang='lat' dir='ltr'><strong>Lucas</strong></span> <span class='ocrx_word' id='word_1_648' title='bbox 2470 2457 2541 2510; x_wconf 89' lang='lat' dir='ltr'><strong>ita</strong></span> <span class='ocrx_word' id='word_1_649' title='bbox 2571 2455 2764 2510; x_wconf 88' lang='lat' dir='ltr'><strong>librum</strong></span> <span class='ocrx_word' id='word_1_650' title='bbox 2801 2452 3087 2524; x_wconf 82' lang='lat' dir='ltr'><strong>inscripsit,</strong></span> <span class='ocrx_word' id='word_1_651' title='bbox 3136 2450 3262 2504; x_wconf 89' lang='lat' dir='ltr'><strong>Acta</strong></span> <span class='ocrx_word' id='word_1_652' title='bbox 3301 2448 3571 2518; x_wconf 82' lang='lat' dir='ltr'><strong>Apostolo-</strong></span> 
     </span>
    </p>
   </div>
   <div class='ocr_carea' id='block_1_84' title="bbox 1984 2543 3574 2617">
    <p class='ocr_par' dir='ltr' id='par_1_84' title="bbox 1984 2543 3574 2617">
     <span class='ocr_line' id='line_1_84' title="bbox 1984 2543 3574 2617; baseline -0.008 -10"><span class='ocrx_word' id='word_1_653' title='bbox 1984 2570 2114 2617; x_wconf 90' lang='lat' dir='ltr'><strong>rum,</strong></span> <span class='ocrx_word' id='word_1_654' title='bbox 2147 2568 2253 2607; x_wconf 91' lang='lat' dir='ltr'><strong>non</strong></span> <span class='ocrx_word' id='word_1_655' title='bbox 2278 2550 2533 2605; x_wconf 89' lang='lat' dir='ltr'><strong>miracula</strong></span> <span class='ocrx_word' id='word_1_656' title='bbox 2558 2549 2922 2617; x_wconf 88' lang='lat' dir='ltr'><strong>apostolorum</strong></span> <span class='ocrx_word' id='word_1_657' title='bbox 2967 2564 2980 2601; x_wconf 91' lang='lat'>:</span> <span class='ocrx_word' id='word_1_658' title='bbox 3010 2545 3220 2600; x_wconf 89' lang='lat' dir='ltr'><strong>tametsi</strong></span> <span class='ocrx_word' id='word_1_659' title='bbox 3249 2543 3484 2598; x_wconf 85' lang='lat' dir='ltr'><strong>fecerant</strong></span> <span class='ocrx_word' id='word_1_660' title='bbox 3520 2548 3574 2595; x_wconf 90' lang='lat' dir='ltr'><strong>et</strong></span> 
     </span>
    </p>
   </div>
   <div class='ocr_carea' id='block_1_85' title="bbox 1986 2633 3572 2717">
    <p class='ocr_par' dir='ltr' id='par_1_85' title="bbox 1986 2633 3572 2717">
     <span class='ocr_line' id='line_1_85' title="bbox 1986 2633 3572 2717; baseline -0.01 -15"><span class='ocrx_word' id='word_1_661' title='bbox 1986 2648 2085 2717; x_wconf 91' lang='lat' dir='ltr'><strong>ipsi</strong></span> <span class='ocrx_word' id='word_1_662' title='bbox 2114 2645 2388 2700; x_wconf 89' lang='lat' dir='ltr'><strong>miracula.</strong></span> <span class='ocrx_word' id='word_1_663' title='bbox 2422 2643 2615 2697; x_wconf 87' lang='lat' dir='ltr'><strong>Verum</strong></span> <span class='ocrx_word' id='word_1_664' title='bbox 2648 2641 2733 2694; x_wconf 91' lang='lat' dir='ltr'><strong>illa</strong></span> <span class='ocrx_word' id='word_1_665' title='bbox 2758 2640 2971 2711; x_wconf 91' lang='lat' dir='ltr'><strong>quidem</strong></span> <span class='ocrx_word' id='word_1_666' title='bbox 2999 2647 3146 2693; x_wconf 90' lang='lat' dir='ltr'><strong>certo</strong></span> <span class='ocrx_word' id='word_1_667' title='bbox 3175 2647 3415 2704; x_wconf 87' lang='lat' dir='ltr'><strong>tempore</strong></span> <span class='ocrx_word' id='word_1_668' title='bbox 3438 2633 3572 2687; x_wconf 85' lang='lat' dir='ltr'><strong>facta</strong></span> 
     </span>
    </p>
   </div>
   <div class='ocr_carea' id='block_1_86' title="bbox 1985 2725 3576 2807">
    <p class='ocr_par' dir='ltr' id='par_1_86' title="bbox 1985 2725 3576 2807">
     <span class='ocr_line' id='line_1_86' title="bbox 1985 2725 3576 2807; baseline -0.011 -11"><span class='ocrx_word' id='word_1_669' title='bbox 1985 2750 2128 2805; x_wconf 90' lang='lat' dir='ltr'><strong>sunt,</strong></span> <span class='ocrx_word' id='word_1_670' title='bbox 2162 2749 2217 2793; x_wconf 92' lang='lat' dir='ltr'><strong>et</strong></span> <span class='ocrx_word' id='word_1_671' title='bbox 2244 2737 2616 2807; x_wconf 67' lang='lat' dir='ltr'><strong>prmterierunt</strong></span> <span class='ocrx_word' id='word_1_672' title='bbox 2644 2752 2657 2786; x_wconf 88' lang='lat'><strong>:</strong></span> <span class='ocrx_word' id='word_1_673' title='bbox 2692 2732 2808 2787; x_wconf 64' lang='lat' dir='ltr'><strong>hate</strong></span> <span class='ocrx_word' id='word_1_674' title='bbox 2830 2741 3007 2786; x_wconf 90' lang='lat' dir='ltr'><strong>autem</strong></span> <span class='ocrx_word' id='word_1_675' title='bbox 3032 2730 3220 2801; x_wconf 88' lang='lat' dir='ltr'><strong>quovis</strong></span> <span class='ocrx_word' id='word_1_676' title='bbox 3245 2737 3483 2796; x_wconf 90' lang='lat' dir='ltr'><strong>tempore</strong></span> <span class='ocrx_word' id='word_1_677' title='bbox 3507 2725 3576 2779; x_wconf 89' lang='lat' dir='ltr'><strong>ab</strong></span> 
     </span>
    </p>
   </div>
   <div class='ocr_carea' id='block_1_87' title="bbox 1988 2819 3569 2899">
    <p class='ocr_par' dir='ltr' id='par_1_87' title="bbox 1988 2819 3569 2899">
     <span class='ocr_line' id='line_1_87' title="bbox 1988 2819 3569 2899; baseline -0.01 -12"><span class='ocrx_word' id='word_1_678' title='bbox 1988 2833 2093 2887; x_wconf 91' lang='lat' dir='ltr'><strong>illis</strong></span> <span class='ocrx_word' id='word_1_679' title='bbox 2126 2830 2367 2887; x_wconf 78' lang='lat' dir='ltr'><strong>exhiberi</strong></span> <span class='ocrx_word' id='word_1_680' title='bbox 2398 2843 2534 2899; x_wconf 92' lang='lat' dir='ltr'><strong>opus</strong></span> <span class='ocrx_word' id='word_1_681' title='bbox 2581 2836 2683 2893; x_wconf 91' lang='lat' dir='ltr'><strong>est,</strong></span> <span class='ocrx_word' id='word_1_682' title='bbox 2735 2827 2825 2896; x_wconf 92' lang='lat' dir='ltr'><strong>qui</strong></span> <span class='ocrx_word' id='word_1_683' title='bbox 2868 2825 3094 2879; x_wconf 90' lang='lat' dir='ltr'><strong>salutem</strong></span> <span class='ocrx_word' id='word_1_684' title='bbox 3138 2830 3262 2878; x_wconf 91' lang='lat' dir='ltr'><strong>sunt</strong></span> <span class='ocrx_word' id='word_1_685' title='bbox 3309 2819 3569 2889; x_wconf 88' lang='lat' dir='ltr'><strong>adepturi.</strong></span> 
     </span>
    </p>
   </div>
   <div class='ocr_carea' id='block_1_88' title="bbox 1986 2913 3574 2993">
    <p class='ocr_par' dir='ltr' id='par_1_88' title="bbox 1986 2913 3574 2993">
     <span class='ocr_line' id='line_1_88' title="bbox 1986 2913 3574 2993; baseline -0.008 -15"><span class='ocrx_word' id='word_1_686' title='bbox 1986 2924 2212 2992; x_wconf 90' lang='lat' dir='ltr'><strong>Quando</strong></span> <span class='ocrx_word' id='word_1_687' title='bbox 2232 2923 2391 2993; x_wconf 89' lang='lat' dir='ltr'><strong>igitur</strong></span> <span class='ocrx_word' id='word_1_688' title='bbox 2412 2938 2514 2976; x_wconf 90' lang='lat' dir='ltr'><strong>non</strong></span> <span class='ocrx_word' id='word_1_689' title='bbox 2538 2921 2813 2984; x_wconf 85' lang='lat' dir='ltr'><strong>miracula,</strong></span> <span class='ocrx_word' id='word_1_690' title='bbox 2841 2918 2933 2974; x_wconf 93' lang='lat' dir='ltr'><strong>sed</strong></span> <span class='ocrx_word' id='word_1_691' title='bbox 2958 2926 3075 2973; x_wconf 87' lang='lat' dir='ltr'><strong>acta</strong></span> <span class='ocrx_word' id='word_1_692' title='bbox 3097 2916 3252 2971; x_wconf 90' lang='lat' dir='ltr'><strong>nobis</strong></span> <span class='ocrx_word' id='word_1_693' title='bbox 3277 2913 3574 2969; x_wconf 76' lang='lat' dir='ltr'><strong>temulanda</strong></span> 
     </span>
    </p>
   </div>
   <div class='ocr_carea' id='block_1_89' title="bbox 1988 3005 3575 3087">
    <p class='ocr_par' dir='ltr' id='par_1_89' title="bbox 1988 3005 3575 3087">
     <span class='ocr_line' id='line_1_89' title="bbox 1988 3005 3575 3087; baseline -0.009 -14"><span class='ocrx_word' id='word_1_694' title='bbox 1988 3024 2357 3087; x_wconf 88' lang='lat' dir='ltr'><strong>proponuntur</strong></span> <span class='ocrx_word' id='word_1_695' title='bbox 2382 3014 2766 3085; x_wconf 89' lang='lat' dir='ltr'><strong>apostolorum,</strong></span> <span class='ocrx_word' id='word_1_696' title='bbox 2814 3019 3097 3081; x_wconf 86' lang='lat' dir='ltr'><strong>propterea</strong></span> <span class='ocrx_word' id='word_1_697' title='bbox 3135 3008 3328 3062; x_wconf 91' lang='lat' dir='ltr'><strong>librum</strong></span> <span class='ocrx_word' id='word_1_698' title='bbox 3373 3007 3451 3060; x_wconf 91' lang='lat' dir='ltr'><strong>sic</strong></span> <span class='ocrx_word' id='word_1_699' title='bbox 3489 3005 3575 3059; x_wconf 93' lang='lat' dir='ltr'><strong>in-</strong></span> 
     </span>
    </p>
   </div>
   <div class='ocr_carea' id='block_1_90' title="bbox 1987 3099 3578 3178">
    <p class='ocr_par' dir='ltr' id='par_1_90' title="bbox 1987 3099 3578 3178">
     <span class='ocr_line' id='line_1_90' title="bbox 1987 3099 3578 3178; baseline -0.008 -12"><span class='ocrx_word' id='word_1_700' title='bbox 1987 3110 2223 3178; x_wconf 90' lang='lat' dir='ltr'><strong>scripsit.</strong></span> <span class='ocrx_word' id='word_1_701' title='bbox 2260 3108 2329 3164; x_wconf 91' lang='lat' dir='ltr'><strong>Ut</strong></span> <span class='ocrx_word' id='word_1_702' title='bbox 2354 3108 2497 3163; x_wconf 92' lang='lat' dir='ltr'><strong>enim</strong></span> <span class='ocrx_word' id='word_1_703' title='bbox 2529 3123 2634 3160; x_wconf 91' lang='lat' dir='ltr'><strong>non</strong></span> <span class='ocrx_word' id='word_1_704' title='bbox 2665 3106 2895 3167; x_wconf 91' lang='lat' dir='ltr'><strong>diceres,</strong></span> <span class='ocrx_word' id='word_1_705' title='bbox 2928 3103 3010 3157; x_wconf 91' lang='lat' dir='ltr'><strong>vel</strong></span> <span class='ocrx_word' id='word_1_706' title='bbox 3038 3102 3214 3171; x_wconf 90' lang='lat' dir='ltr'><strong>potius</strong></span> <span class='ocrx_word' id='word_1_707' title='bbox 3241 3116 3308 3154; x_wconf 91' lang='lat' dir='ltr'><strong>ne</strong></span> <span class='ocrx_word' id='word_1_708' title='bbox 3337 3099 3578 3153; x_wconf 78' lang='lat' dir='ltr'><strong>dicerent</strong></span> 
     </span>
    </p>
   </div>
   <div class='ocr_carea' id='block_1_91' title="bbox 1988 3194 3577 3272">
    <p class='ocr_par' dir='ltr' id='par_1_91' title="bbox 1988 3194 3577 3272">
     <span class='ocr_line' id='line_1_91' title="bbox 1988 3194 3577 3272; baseline -0.008 -13"><span class='ocrx_word' id='word_1_709' title='bbox 1988 3204 2223 3267; x_wconf 89' lang='lat' dir='ltr'><strong>desides,</strong></span> <span class='ocrx_word' id='word_1_710' title='bbox 2256 3203 2301 3257; x_wconf 91' lang='lat' dir='ltr'><strong>si</strong></span> <span class='ocrx_word' id='word_1_711' title='bbox 2329 3201 2541 3272; x_wconf 89' lang='lat' dir='ltr'><strong>quando</strong></span> <span class='ocrx_word' id='word_1_712' title='bbox 2572 3200 2691 3254; x_wconf 88' lang='lat' dir='ltr'><strong>illos</strong></span> <span class='ocrx_word' id='word_1_713' title='bbox 2724 3198 2790 3252; x_wconf 91' lang='lat' dir='ltr'><strong>ad</strong></span> <span class='ocrx_word' id='word_1_714' title='bbox 2823 3196 3173 3251; x_wconf 89' lang='lat' dir='ltr'><strong>imitationem</strong></span> <span class='ocrx_word' id='word_1_715' title='bbox 3212 3194 3577 3264; x_wconf 87' lang='lat' dir='ltr'><strong>apostolorum</strong></span> 
     </span>
    </p>
   </div>
   <div class='ocr_carea' id='block_1_92' title="bbox 1988 3285 3580 3361">
    <p class='ocr_par' dir='ltr' id='par_1_92' title="bbox 1988 3285 3580 3361">
     <span class='ocr_line' id='line_1_92' title="bbox 1988 3285 3580 3361; baseline -0.008 -9"><span class='ocrx_word' id='word_1_716' title='bbox 1988 3296 2353 3361; x_wconf 89' lang='lat' dir='ltr'><strong>cohortamur,</strong></span> <span class='ocrx_word' id='word_1_717' title='bbox 2400 3309 2463 3348; x_wconf 92' lang='lat' dir='ltr'><strong>ae</strong></span> <span class='ocrx_word' id='word_1_718' title='bbox 2500 3293 2750 3357; x_wconf 90' lang='lat' dir='ltr'><strong>dicimus,</strong></span> <span class='ocrx_word' id='word_1_719' title='bbox 2801 3289 3014 3344; x_wconf 86' lang='lat' dir='ltr'><strong>Imitare</strong></span> <span class='ocrx_word' id='word_1_720' title='bbox 3047 3287 3285 3351; x_wconf 88' lang='lat' dir='ltr'><strong>Petrum,</strong></span> <span class='ocrx_word' id='word_1_721' title='bbox 3326 3285 3580 3339; x_wconf 70' lang='lat' dir='ltr'><strong>aemulare</strong></span> 
     </span>
    </p>
   </div>
   <div class='ocr_carea' id='block_1_93' title="bbox 1990 3382 3580 3454">
    <p class='ocr_par' dir='ltr' id='par_1_93' title="bbox 1990 3382 3580 3454">
     <span class='ocr_line' id='line_1_93' title="bbox 1990 3382 3580 3454; baseline -0.008 -9"><span class='ocrx_word' id='word_1_722' title='bbox 1990 3390 2235 3454; x_wconf 88' lang='lat' dir='ltr'><strong>Paulum,</strong></span> <span class='ocrx_word' id='word_1_723' title='bbox 2272 3388 2463 3443; x_wconf 91' lang='lat' dir='ltr'><strong>similis</strong></span> <span class='ocrx_word' id='word_1_724' title='bbox 2497 3394 2615 3441; x_wconf 87' lang='lat' dir='ltr'><strong>esto</strong></span> <span class='ocrx_word' id='word_1_725' title='bbox 2650 3383 2866 3451; x_wconf 86' lang='lat' dir='ltr'><strong>Joanni,</strong></span> <span class='ocrx_word' id='word_1_726' title='bbox 2897 3382 3155 3438; x_wconf 84' lang='lat' dir='ltr'><strong>Jacobum</strong></span> <span class='ocrx_word' id='word_1_727' title='bbox 3204 3393 3431 3450; x_wconf 91' lang='lat' dir='ltr'><strong>sequere</strong></span> <span class='ocrx_word' id='word_1_728' title='bbox 3465 3397 3477 3429; x_wconf 91' lang='lat'><strong>:</strong></span> <span class='ocrx_word' id='word_1_729' title='bbox 3512 3393 3580 3433; x_wconf 86' lang='lat' dir='ltr'><strong>ne</strong></span> 
     </span>
    </p>
   </div>
   <div class='ocr_carea' id='block_1_94' title="bbox 1988 3469 3580 3549">
    <p class='ocr_par' dir='ltr' id='par_1_94' title="bbox 1988 3469 3580 3549">
     <span class='ocr_line' id='line_1_94' title="bbox 1988 3469 3580 3549; baseline -0.01 -12"><span class='ocrx_word' id='word_1_730' title='bbox 1988 3483 2249 3549; x_wconf 88' lang='lat' dir='ltr'><strong>dicerent,</strong></span> <span class='ocrx_word' id='word_1_731' title='bbox 2298 3479 2413 3534; x_wconf 90' lang='lat' dir='ltr'><strong>Non</strong></span> <span class='ocrx_word' id='word_1_732' title='bbox 2468 3492 2770 3549; x_wconf 90' lang='lat' dir='ltr'><strong>possumus,</strong></span> <span class='ocrx_word' id='word_1_733' title='bbox 2818 3490 2919 3529; x_wconf 93' lang='lat' dir='ltr'><strong>nec</strong></span> <span class='ocrx_word' id='word_1_734' title='bbox 2964 3473 3205 3528; x_wconf 89' lang='lat' dir='ltr'><strong>valemus</strong></span> <span class='ocrx_word' id='word_1_735' title='bbox 3251 3489 3265 3526; x_wconf 89' lang='lat'>:</span> <span class='ocrx_word' id='word_1_736' title='bbox 3316 3470 3388 3524; x_wconf 89' lang='lat' dir='ltr'><strong>illi</strong></span> <span class='ocrx_word' id='word_1_737' title='bbox 3438 3469 3580 3524; x_wconf 91' lang='lat' dir='ltr'><strong>enim</strong></span> 
     </span>
    </p>
   </div>
   <div class='ocr_carea' id='block_1_95' title="bbox 1990 3558 3579 3637">
    <p class='ocr_par' dir='ltr' id='par_1_95' title="bbox 1990 3558 3579 3637">
     <span class='ocr_line' id='line_1_95' title="bbox 1990 3558 3579 3637; baseline -0.01 -9"><span class='ocrx_word' id='word_1_738' title='bbox 1990 3583 2230 3628; x_wconf 87' lang='lat' dir='ltr'><strong>mortuos</strong></span> <span class='ocrx_word' id='word_1_739' title='bbox 2269 3569 2617 3633; x_wconf 85' lang='lat' dir='ltr'><strong>suseitabant,</strong></span> <span class='ocrx_word' id='word_1_740' title='bbox 2646 3567 2886 3637; x_wconf 90' lang='lat' dir='ltr'><strong>leprosos</strong></span> <span class='ocrx_word' id='word_1_741' title='bbox 2916 3562 3245 3619; x_wconf 77' lang='lat' dir='ltr'><strong>mandabant</strong></span> <span class='ocrx_word' id='word_1_742' title='bbox 3272 3578 3287 3614; x_wconf 89' lang='lat'><strong>:</strong></span> <span class='ocrx_word' id='word_1_743' title='bbox 3315 3560 3452 3615; x_wconf 90' lang='lat' dir='ltr'><strong>hanc</strong></span> <span class='ocrx_word' id='word_1_744' title='bbox 3477 3558 3579 3613; x_wconf 85' lang='lat' dir='ltr'><strong>im-</strong></span> 
     </span>
    </p>
   </div>
   <div class='ocr_carea' id='block_1_96' title="bbox 1992 3646 3581 3737">
    <p class='ocr_par' dir='ltr' id='par_1_96' title="bbox 1992 3646 3581 3737">
     <span class='ocr_line' id='line_1_96' title="bbox 1992 3646 3581 3737; baseline -0.011 -15"><span class='ocrx_word' id='word_1_745' title='bbox 1992 3667 2281 3737; x_wconf 91' lang='lat' dir='ltr'><strong>pudentem</strong></span> <span class='ocrx_word' id='word_1_746' title='bbox 2326 3672 2562 3717; x_wconf 91' lang='lat' dir='ltr'><strong>nostram</strong></span> <span class='ocrx_word' id='word_1_747' title='bbox 2603 3658 3003 3715; x_wconf 84' lang='lat' dir='ltr'><strong>excusationem</strong></span> <span class='ocrx_word' id='word_1_748' title='bbox 3048 3646 3370 3725; x_wconf 81' lang='lat' dir='ltr'><strong>reprimens.</strong></span> <span class='ocrx_word' id='word_1_749' title='bbox 3416 3651 3581 3716; x_wconf 85' lang='lat' dir='ltr'><strong>Tace,</strong></span> 
     </span>
    </p>
   </div>
   <div class='ocr_carea' id='block_1_97' title="bbox 1990 3742 3583 3828">
    <p class='ocr_par' dir='ltr' id='par_1_97' title="bbox 1990 3742 3583 3828">
     <span class='ocr_line' id='line_1_97' title="bbox 1990 3742 3583 3828; baseline -0.011 -15"><span class='ocrx_word' id='word_1_750' title='bbox 1990 3757 2184 3828; x_wconf 91' lang='lat' dir='ltr'><strong>inquit,</strong></span> <span class='ocrx_word' id='word_1_751' title='bbox 2211 3756 2545 3817; x_wconf 87' lang='lat' dir='ltr'><strong>obmutesce,</strong></span> <span class='ocrx_word' id='word_1_752' title='bbox 2588 3766 2694 3805; x_wconf 91' lang='lat' dir='ltr'><strong>non</strong></span> <span class='ocrx_word' id='word_1_753' title='bbox 2726 3748 3062 3815; x_wconf 89' lang='lat' dir='ltr'><strong>miraculum,</strong></span> <span class='ocrx_word' id='word_1_754' title='bbox 3111 3745 3208 3801; x_wconf 89' lang='lat' dir='ltr'><strong>sed</strong></span> <span class='ocrx_word' id='word_1_755' title='bbox 3246 3742 3583 3800; x_wconf 86' lang='lat' dir='ltr'><strong>conversatio</strong></span> 
     </span>
    </p>
   </div>
   <div class='ocr_carea' id='block_1_98' title="bbox 1990 3840 2905 3919">
    <p class='ocr_par' dir='ltr' id='par_1_98' title="bbox 1990 3840 2905 3919">
     <span class='ocr_line' id='line_1_98' title="bbox 1990 3840 2905 3919; baseline -0.013 -14"><span class='ocrx_word' id='word_1_756' title='bbox 1990 3852 2045 3905; x_wconf 89' lang='lat' dir='ltr'><strong>in</strong></span> <span class='ocrx_word' id='word_1_757' title='bbox 2069 3863 2295 3919; x_wconf 85' lang='lat' dir='ltr'><strong>regnum</strong></span> <span class='ocrx_word' id='word_1_758' title='bbox 2317 3846 2569 3901; x_wconf 58' lang='lat' dir='ltr'><strong>celerum</strong></span> <span class='ocrx_word' id='word_1_759' title='bbox 2598 3840 2905 3897; x_wconf 91' lang='lat' dir='ltr'><strong>introducit.</strong></span> 
     </span>
    </p>
   </div>
   <div class='ocr_carea' id='block_1_99' title="bbox 2065 3926 3585 4010">
    <p class='ocr_par' dir='ltr' id='par_1_99' title="bbox 2065 3926 3585 4010">
     <span class='ocr_line' id='line_1_99' title="bbox 2065 3926 3585 4010; baseline -0.01 -14"><span class='ocrx_word' id='word_1_760' title='bbox 2065 3943 2195 4010; x_wconf 75' lang='lat' dir='ltr'><strong>Quae</strong></span> <span class='ocrx_word' id='word_1_761' title='bbox 2220 3950 2354 3994; x_wconf 69' lang='lat' dir='ltr'><strong>nota:</strong></span> <span class='ocrx_word' id='word_1_762' title='bbox 2376 3948 2422 3992; x_wconf 89' lang='lat' dir='ltr'><strong>et</strong></span> <span class='ocrx_word' id='word_1_763' title='bbox 2448 3936 2638 3991; x_wconf 88' lang='lat' dir='ltr'><strong>indicia</strong></span> <span class='ocrx_word' id='word_1_764' title='bbox 2658 3932 2909 4005; x_wconf 83' lang='lat' dir='ltr'><strong>Apostoli.</strong></span> <span class='ocrx_word' id='word_1_765' title='bbox 2934 3962 3007 3972; x_wconf 88' lang='lat'><strong>-—</strong></span> <span class='ocrx_word' id='word_1_766' title='bbox 3031 3930 3249 3986; x_wconf 90' lang='lat' dir='ltr'><strong>lmitare</strong></span> <span class='ocrx_word' id='word_1_767' title='bbox 3268 3926 3430 4000; x_wconf 87' lang='lat' dir='ltr'><strong>igitur</strong></span> <span class='ocrx_word' id='word_1_768' title='bbox 3453 3942 3585 3983; x_wconf 87' lang='lat' dir='ltr'><strong>eon-</strong></span> 
     </span>
    </p>
   </div>
   <div class='ocr_carea' id='block_1_100' title="bbox 1990 4021 3586 4097">
    <p class='ocr_par' dir='ltr' id='par_1_100' title="bbox 1990 4021 3586 4097">
     <span class='ocr_line' id='line_1_100' title="bbox 1990 4021 3586 4097; baseline -0.013 -9"><span class='ocrx_word' id='word_1_769' title='bbox 1990 4032 2345 4088; x_wconf 88' lang='lat' dir='ltr'><strong>versalionem</strong></span> <span class='ocrx_word' id='word_1_770' title='bbox 2384 4027 2746 4097; x_wconf 89' lang='lat' dir='ltr'><strong>apostolorum</strong></span> <span class='ocrx_word' id='word_1_771' title='bbox 2770 4066 2784 4089; x_wconf 93' lang='lat'><strong>,</strong></span> <span class='ocrx_word' id='word_1_772' title='bbox 2819 4032 2874 4078; x_wconf 90' lang='lat' dir='ltr'><strong>et</strong></span> <span class='ocrx_word' id='word_1_773' title='bbox 2900 4022 3031 4077; x_wconf 89' lang='lat' dir='ltr'><strong>nihil</strong></span> <span class='ocrx_word' id='word_1_774' title='bbox 3058 4021 3233 4075; x_wconf 91' lang='lat' dir='ltr'><strong>minus</strong></span> <span class='ocrx_word' id='word_1_775' title='bbox 3272 4034 3429 4089; x_wconf 91' lang='lat' dir='ltr'><strong>quam</strong></span> <span class='ocrx_word' id='word_1_776' title='bbox 3456 4034 3586 4087; x_wconf 88' lang='lat' dir='ltr'><strong>apo-</strong></span> 
     </span>
    </p>
   </div>
   <div class='ocr_carea' id='block_1_101' title="bbox 1989 4110 3580 4186">
    <p class='ocr_par' dir='ltr' id='par_1_101' title="bbox 1989 4110 3580 4186">
     <span class='ocr_line' id='line_1_101' title="bbox 1989 4110 3580 4186; baseline -0.009 -8"><span class='ocrx_word' id='word_1_777' title='bbox 1989 4124 2109 4178; x_wconf 89' lang='lat' dir='ltr'><strong>stoli</strong></span> <span class='ocrx_word' id='word_1_778' title='bbox 2136 4120 2420 4176; x_wconf 89' lang='lat' dir='ltr'><strong>obtinebis.</strong></span> <span class='ocrx_word' id='word_1_779' title='bbox 2448 4116 2631 4186; x_wconf 87' lang='lat' dir='ltr'><strong>Neque</strong></span> <span class='ocrx_word' id='word_1_780' title='bbox 2661 4118 2803 4170; x_wconf 90' lang='lat' dir='ltr'><strong>enim</strong></span> <span class='ocrx_word' id='word_1_781' title='bbox 2825 4114 2973 4184; x_wconf 91' lang='lat' dir='ltr'><strong>signa</strong></span> <span class='ocrx_word' id='word_1_782' title='bbox 3003 4113 3244 4167; x_wconf 91' lang='lat' dir='ltr'><strong>fecerunt</strong></span> <span class='ocrx_word' id='word_1_783' title='bbox 3268 4110 3538 4179; x_wconf 84' lang='lat' dir='ltr'><strong>apostolus</strong></span> <span class='ocrx_word' id='word_1_784' title='bbox 3562 4149 3580 4175; x_wconf 91' lang='lat'><strong>,</strong></span> 
     </span>
    </p>
   </div>
   <div class='ocr_carea' id='block_1_102' title="bbox 1990 4200 3586 4281">
    <p class='ocr_par' dir='ltr' id='par_1_102' title="bbox 1990 4200 3586 4281">
     <span class='ocr_line' id='line_1_102' title="bbox 1990 4200 3586 4281; baseline -0.011 -10"><span class='ocrx_word' id='word_1_785' title='bbox 1990 4215 2085 4272; x_wconf 87' lang='lat' dir='ltr'><strong>sed</strong></span> <span class='ocrx_word' id='word_1_786' title='bbox 2112 4215 2218 4269; x_wconf 88' lang='lat' dir='ltr'><strong>vita</strong></span> <span class='ocrx_word' id='word_1_787' title='bbox 2251 4210 2467 4266; x_wconf 91' lang='lat' dir='ltr'><strong>munda.</strong></span> <span class='ocrx_word' id='word_1_788' title='bbox 2499 4209 2674 4278; x_wconf 84' lang='lat' dir='ltr'><strong>Atque</strong></span> <span class='ocrx_word' id='word_1_789' title='bbox 2706 4206 2807 4260; x_wconf 92' lang='lat' dir='ltr'><strong>hoe</strong></span> <span class='ocrx_word' id='word_1_790' title='bbox 2836 4204 3140 4274; x_wconf 85' lang='lat' dir='ltr'><strong>apostolicae</strong></span> <span class='ocrx_word' id='word_1_791' title='bbox 3177 4202 3417 4281; x_wconf 86' lang='lat' dir='ltr'><strong>imaginis</strong></span> <span class='ocrx_word' id='word_1_792' title='bbox 3441 4200 3586 4254; x_wconf 75' lang='lat' dir='ltr'><strong>indi—</strong></span> 
     </span>
    </p>
   </div>
   <div class='ocr_carea' id='block_1_103' title="bbox 1990 4293 3588 4371">
    <p class='ocr_par' dir='ltr' id='par_1_103' title="bbox 1990 4293 3588 4371">
     <span class='ocr_line' id='line_1_103' title="bbox 1990 4293 3588 4371; baseline -0.01 -9"><span class='ocrx_word' id='word_1_793' title='bbox 1990 4309 2131 4363; x_wconf 92' lang='lat' dir='ltr'><strong>cium</strong></span> <span class='ocrx_word' id='word_1_794' title='bbox 2161 4320 2281 4361; x_wconf 91' lang='lat' dir='ltr'><strong>esse</strong></span> <span class='ocrx_word' id='word_1_795' title='bbox 2305 4345 2319 4367; x_wconf 91' lang='lat'><strong>,</strong></span> <span class='ocrx_word' id='word_1_796' title='bbox 2351 4318 2414 4357; x_wconf 91' lang='lat' dir='ltr'><strong>ac</strong></span> <span class='ocrx_word' id='word_1_797' title='bbox 2461 4302 2643 4371; x_wconf 68' lang='lat' dir='ltr'><strong>ﬁgura:</strong></span> <span class='ocrx_word' id='word_1_798' title='bbox 2685 4297 3064 4367; x_wconf 91' lang='lat' dir='ltr'><strong>discipulorum</strong></span> <span class='ocrx_word' id='word_1_799' title='bbox 3087 4337 3100 4359; x_wconf 96' lang='lat'><strong>,</strong></span> <span class='ocrx_word' id='word_1_800' title='bbox 3132 4293 3253 4348; x_wconf 83' lang='lat' dir='ltr'><strong>audi</strong></span> <span class='ocrx_word' id='word_1_801' title='bbox 3279 4308 3386 4363; x_wconf 93' lang='lat' dir='ltr'><strong>quo</strong></span> <span class='ocrx_word' id='word_1_802' title='bbox 3430 4300 3588 4361; x_wconf 89' lang='lat' dir='ltr'><strong>pacto</strong></span> 
     </span>
    </p>
   </div>
   <div class='ocr_carea' id='block_1_104' title="bbox 1988 4382 3585 4465">
    <p class='ocr_par' dir='ltr' id='par_1_104' title="bbox 1988 4382 3585 4465">
     <span class='ocr_line' id='line_1_104' title="bbox 1988 4382 3585 4465; baseline -0.011 -11"><span class='ocrx_word' id='word_1_803' title='bbox 1988 4399 2229 4455; x_wconf 87' lang='lat' dir='ltr'><strong>Christus</strong></span> <span class='ocrx_word' id='word_1_804' title='bbox 2247 4396 2348 4451; x_wconf 91' lang='lat' dir='ltr'><strong>hoc</strong></span> <span class='ocrx_word' id='word_1_805' title='bbox 2359 4395 2510 4465; x_wconf 89' lang='lat' dir='ltr'><strong>signo</strong></span> <span class='ocrx_word' id='word_1_806' title='bbox 2533 4392 2879 4446; x_wconf 87' lang='lat' dir='ltr'><strong>demonstret.</strong></span> <span class='ocrx_word' id='word_1_807' title='bbox 2897 4386 3029 4442; x_wconf 88' lang='lat' dir='ltr'><strong>Cum</strong></span> <span class='ocrx_word' id='word_1_808' title='bbox 3050 4384 3193 4441; x_wconf 91' lang='lat' dir='ltr'><strong>enim</strong></span> <span class='ocrx_word' id='word_1_809' title='bbox 3216 4383 3472 4454; x_wconf 89' lang='lat' dir='ltr'><strong>imagines</strong></span> <span class='ocrx_word' id='word_1_810' title='bbox 3499 4382 3585 4437; x_wconf 80' lang='lat' dir='ltr'><strong>di-</strong></span> 
     </span>
    </p>
   </div>
   <div class='ocr_carea' id='block_1_105' title="bbox 1989 4476 3588 4561">
    <p class='ocr_par' dir='ltr' id='par_1_105' title="bbox 1989 4476 3588 4561">
     <span class='ocr_line' id='line_1_105' title="bbox 1989 4476 3588 4561; baseline -0.013 -13"><span class='ocrx_word' id='word_1_811' title='bbox 1989 4491 2310 4561; x_wconf 90' lang='lat' dir='ltr'><strong>seipnlorum</strong></span> <span class='ocrx_word' id='word_1_812' title='bbox 2338 4486 2634 4555; x_wconf 77' lang='lat' dir='ltr'><strong>ellingeret,</strong></span> <span class='ocrx_word' id='word_1_813' title='bbox 2658 4490 2712 4537; x_wconf 91' lang='lat' dir='ltr'><strong>et</strong></span> <span class='ocrx_word' id='word_1_814' title='bbox 2732 4480 2998 4550; x_wconf 88' lang='lat' dir='ltr'><strong>quodnam</strong></span> <span class='ocrx_word' id='word_1_815' title='bbox 3028 4477 3353 4547; x_wconf 87' lang='lat' dir='ltr'><strong>apostolatus</strong></span> <span class='ocrx_word' id='word_1_816' title='bbox 3380 4476 3588 4544; x_wconf 86' lang='lat' dir='ltr'><strong>insigne</strong></span> 
     </span>
    </p>
   </div>
   <div class='ocr_carea' id='block_1_106' title="bbox 1990 4566 3589 4645">
    <p class='ocr_par' dir='ltr' id='par_1_106' title="bbox 1990 4566 3589 4645">
     <span class='ocr_line' id='line_1_106' title="bbox 1990 4566 3589 4645; baseline -0.013 -7"><span class='ocrx_word' id='word_1_817' title='bbox 1990 4584 2077 4645; x_wconf 89' lang='lat' dir='ltr'><strong>sit,</strong></span> <span class='ocrx_word' id='word_1_818' title='bbox 2100 4581 2415 4643; x_wconf 88' lang='lat' dir='ltr'><strong>declararet,</strong></span> <span class='ocrx_word' id='word_1_819' title='bbox 2436 4579 2508 4632; x_wconf 92' lang='lat' dir='ltr'><strong>ita</strong></span> <span class='ocrx_word' id='word_1_820' title='bbox 2527 4575 2694 4631; x_wconf 84' lang='lat' dir='ltr'><strong>dixit:</strong></span> <span class='ocrx_word' id='word_1_821' title='bbox 2719 4572 2784 4627; x_wconf 85' lang='lat' dir='ltr'><strong>In</strong></span> <span class='ocrx_word' id='word_1_822' title='bbox 2811 4573 2904 4625; x_wconf 81' lang='lat' dir='ltr'><strong>hoc</strong></span> <span class='ocrx_word' id='word_1_823' title='bbox 2932 4578 3226 4641; x_wconf 86' lang='lat' dir='ltr'><strong>cognoscent</strong></span> <span class='ocrx_word' id='word_1_824' title='bbox 3247 4584 3436 4633; x_wconf 83' lang='lat' dir='ltr'><strong>omnes,</strong></span> <span class='ocrx_word' id='word_1_825' title='bbox 3452 4566 3589 4636; x_wconf 85' lang='lat' dir='ltr'><strong>quod</strong></span> 
     </span>
    </p>
   </div>
   <div class='ocr_carea' id='block_1_107' title="bbox 1991 4660 3585 4745">
    <p class='ocr_par' dir='ltr' id='par_1_107' title="bbox 1991 4660 3585 4745">
     <span class='ocr_line' id='line_1_107' title="bbox 1991 4660 3585 4745; baseline -0.01 -15"><span class='ocrx_word' id='word_1_826' title='bbox 1991 4675 2226 4745; x_wconf 78' lang='lat' dir='ltr'><strong>discipuli</strong></span> <span class='ocrx_word' id='word_1_827' title='bbox 2269 4674 2366 4726; x_wconf 90' lang='lat' dir='ltr'><strong>mei</strong></span> <span class='ocrx_word' id='word_1_828' title='bbox 2405 4672 2522 4725; x_wconf 79' lang='lat' dir='ltr'><strong>estis</strong></span> <span class='ocrx_word' id='word_1_829' title='bbox 2544 4670 2724 4743; x_wconf 86' lang='lat' dir='ltr'><strong>(Joan.</strong></span> <span class='ocrx_word' id='word_1_830' title='bbox 2759 4668 2846 4722; x_wconf 79' lang='grc'><strong>15.</strong></span> <span class='ocrx_word' id='word_1_831' title='bbox 2874 4667 2987 4736; x_wconf 79' lang='grc'>55).</span> <span class='ocrx_word' id='word_1_832' title='bbox 3022 4664 3088 4717; x_wconf 86' lang='grc' dir='ltr'><strong>1η</strong></span> <span class='ocrx_word' id='word_1_833' title='bbox 3115 4664 3237 4725; x_wconf 87' lang='lat' dir='ltr'><strong>hoc,</strong></span> <span class='ocrx_word' id='word_1_834' title='bbox 3271 4662 3323 4715; x_wconf 93' lang='lat' dir='ltr'><strong>in</strong></span> <span class='ocrx_word' id='word_1_835' title='bbox 3354 4676 3462 4730; x_wconf 91' lang='lat' dir='ltr'><strong>quo</strong></span> <span class='ocrx_word' id='word_1_836' title='bbox 3482 4660 3505 4701; x_wconf 75' lang='lat'><strong>‘7</strong></span> <span class='ocrx_word' id='word_1_837' title='bbox 3533 4660 3585 4714; x_wconf 90' lang='lat' dir='ltr'><strong>in</strong></span> 
     </span>
    </p>
   </div>
   <div class='ocr_carea' id='block_1_108' title="bbox 1993 4753 3586 4829">
    <p class='ocr_par' dir='ltr' id='par_1_108' title="bbox 1993 4753 3586 4829">
     <span class='ocr_line' id='line_1_108' title="bbox 1993 4753 3586 4829; baseline -0.013 -5"><span class='ocrx_word' id='word_1_838' title='bbox 1993 4767 2263 4824; x_wconf 87' lang='lat' dir='ltr'><strong>miraculis</strong></span> <span class='ocrx_word' id='word_1_839' title='bbox 2309 4764 2563 4818; x_wconf 79' lang='lat' dir='ltr'><strong>faciendis</strong></span> <span class='ocrx_word' id='word_1_840' title='bbox 2584 4804 2598 4829; x_wconf 95' lang='lat'><strong>,</strong></span> <span class='ocrx_word' id='word_1_841' title='bbox 2630 4762 2682 4815; x_wconf 91' lang='lat' dir='ltr'><strong>in</strong></span> <span class='ocrx_word' id='word_1_842' title='bbox 2720 4758 2943 4815; x_wconf 89' lang='lat' dir='ltr'><strong>mortuis</strong></span> <span class='ocrx_word' id='word_1_843' title='bbox 2985 4754 3342 4811; x_wconf 83' lang='lat' dir='ltr'><strong>suseitandis?</strong></span> <span class='ocrx_word' id='word_1_844' title='bbox 3372 4753 3586 4821; x_wconf 86' lang='lat' dir='ltr'><strong>Nequa-</strong></span> 
     </span>
    </p>
   </div>
   <div class='ocr_carea' id='block_1_109' title="bbox 1991 4846 3589 4932">
    <p class='ocr_par' dir='ltr' id='par_1_109' title="bbox 1991 4846 3589 4932">
     <span class='ocr_line' id='line_1_109' title="bbox 1991 4846 3589 4932; baseline -0.013 -16"><span class='ocrx_word' id='word_1_845' title='bbox 1991 4876 2172 4932; x_wconf 89' lang='lat' dir='ltr'><strong>quam,</strong></span> <span class='ocrx_word' id='word_1_846' title='bbox 2206 4858 2375 4927; x_wconf 91' lang='lat' dir='ltr'><strong>inquit</strong></span> <span class='ocrx_word' id='word_1_847' title='bbox 2404 4874 2417 4909; x_wconf 89' lang='lat'><strong><em>:</em></strong></span> <span class='ocrx_word' id='word_1_848' title='bbox 2449 4854 2543 4910; x_wconf 89' lang='lat' dir='ltr'><strong>sed</strong></span> <span class='ocrx_word' id='word_1_849' title='bbox 2571 4854 2623 4907; x_wconf 91' lang='lat' dir='ltr'><strong>in</strong></span> <span class='ocrx_word' id='word_1_850' title='bbox 2652 4866 2758 4921; x_wconf 91' lang='lat' dir='ltr'><strong>quo</strong></span> <span class='ocrx_word' id='word_1_851' title='bbox 2789 4848 3042 4904; x_wconf 87' lang='lat' dir='ltr'><strong>tandem?</strong></span> <span class='ocrx_word' id='word_1_852' title='bbox 3076 4846 3139 4899; x_wconf 89' lang='lat' dir='ltr'><strong>In</strong></span> <span class='ocrx_word' id='word_1_853' title='bbox 3168 4847 3261 4899; x_wconf 87' lang='lat' dir='ltr'><strong>hoc</strong></span> <span class='ocrx_word' id='word_1_854' title='bbox 3288 4851 3589 4915; x_wconf 82' lang='lat' dir='ltr'><strong>cegnoscent</strong></span> 
     </span>
    </p>
   </div>
   <div class='ocr_carea' id='block_1_110' title="bbox 1993 4933 3585 5019">
    <p class='ocr_par' dir='ltr' id='par_1_110' title="bbox 1993 4933 3585 5019">
     <span class='ocr_line' id='line_1_110' title="bbox 1993 4933 3585 5019; baseline -0.014 -12"><span class='ocrx_word' id='word_1_855' title='bbox 1993 4970 2185 5016; x_wconf 86' lang='lat' dir='ltr'><strong>omnes,</strong></span> <span class='ocrx_word' id='word_1_856' title='bbox 2210 4952 2329 5019; x_wconf 88' lang='lat' dir='ltr'><strong>quia</strong></span> <span class='ocrx_word' id='word_1_857' title='bbox 2358 4946 2597 5016; x_wconf 88' lang='lat' dir='ltr'><strong>discipuli</strong></span> <span class='ocrx_word' id='word_1_858' title='bbox 2626 4943 2723 4996; x_wconf 91' lang='lat' dir='ltr'><strong>mei</strong></span> <span class='ocrx_word' id='word_1_859' title='bbox 2746 4942 2889 5005; x_wconf 86' lang='lat' dir='ltr'><strong>estis,</strong></span> <span class='ocrx_word' id='word_1_860' title='bbox 2923 4940 2966 4993; x_wconf 89' lang='lat' dir='ltr'><strong>si</strong></span> <span class='ocrx_word' id='word_1_861' title='bbox 2990 4954 3075 4991; x_wconf 83' lang='lat' dir='ltr'><strong>vos</strong></span> <span class='ocrx_word' id='word_1_862' title='bbox 3101 4938 3312 4989; x_wconf 84' lang='lat' dir='ltr'><strong>invicem</strong></span> <span class='ocrx_word' id='word_1_863' title='bbox 3337 4933 3585 5004; x_wconf 86' lang='lat' dir='ltr'><strong>diligatis.</strong></span> 
     </span>
    </p>
   </div>
   <div class='ocr_carea' id='block_1_111' title="bbox 1993 5026 3588 5114">
    <p class='ocr_par' dir='ltr' id='par_1_111' title="bbox 1993 5026 3588 5114">
     <span class='ocr_line' id='line_1_111' title="bbox 1993 5026 3588 5114; baseline -0.014 -14"><span class='ocrx_word' id='word_1_864' title='bbox 1993 5044 2153 5114; x_wconf 82' lang='lat' dir='ltr'><strong>Atqui</strong></span> <span class='ocrx_word' id='word_1_865' title='bbox 2182 5041 2397 5096; x_wconf 91' lang='lat' dir='ltr'><strong>dilectio</strong></span> <span class='ocrx_word' id='word_1_866' title='bbox 2428 5055 2532 5093; x_wconf 88' lang='lat' dir='ltr'><strong>non</strong></span> <span class='ocrx_word' id='word_1_867' title='bbox 2564 5033 2941 5090; x_wconf 74' lang='lat' dir='ltr'><strong>miraculorum</strong></span> <span class='ocrx_word' id='word_1_868' title='bbox 2968 5039 3070 5095; x_wconf 90' lang='lat' dir='ltr'><strong>est,</strong></span> <span class='ocrx_word' id='word_1_869' title='bbox 3104 5027 3197 5081; x_wconf 88' lang='lat' dir='ltr'><strong>sed</strong></span> <span class='ocrx_word' id='word_1_870' title='bbox 3225 5026 3588 5080; x_wconf 88' lang='lat' dir='ltr'><strong>conversatio-</strong></span> 
     </span>
    </p>
   </div>
   <div class='ocr_carea' id='block_1_112' title="bbox 1995 5118 3586 5199">
    <p class='ocr_par' dir='ltr' id='par_1_112' title="bbox 1995 5118 3586 5199">
     <span class='ocr_line' id='line_1_112' title="bbox 1995 5118 3586 5199; baseline -0.013 -7"><span class='ocrx_word' id='word_1_871' title='bbox 1995 5139 2077 5193; x_wconf 89' lang='lat' dir='ltr'><strong>nis</strong></span> <span class='ocrx_word' id='word_1_872' title='bbox 2106 5155 2116 5189; x_wconf 94' lang='lat'>:</span> <span class='ocrx_word' id='word_1_873' title='bbox 2149 5134 2423 5189; x_wconf 83' lang='lat' dir='ltr'><strong>Plenitudo</strong></span> <span class='ocrx_word' id='word_1_874' title='bbox 2462 5131 2603 5185; x_wconf 91' lang='lat' dir='ltr'><strong>enim</strong></span> <span class='ocrx_word' id='word_1_875' title='bbox 2635 5129 2757 5199; x_wconf 87' lang='lat' dir='ltr'><strong>legis</strong></span> <span class='ocrx_word' id='word_1_876' title='bbox 2794 5135 2866 5180; x_wconf 81' lang='lat' dir='ltr'><strong>est</strong></span> <span class='ocrx_word' id='word_1_877' title='bbox 2910 5123 3108 5177; x_wconf 88' lang='lat' dir='ltr'><strong>dilectio</strong></span> <span class='ocrx_word' id='word_1_878' title='bbox 3136 5120 3311 5192; x_wconf 79' lang='lat' dir='ltr'><strong>(Rom.</strong></span> <span class='ocrx_word' id='word_1_879' title='bbox 3343 5120 3429 5173; x_wconf 81' lang='grc'><strong>15.</strong></span> <span class='ocrx_word' id='word_1_880' title='bbox 3474 5118 3586 5187; x_wconf 88' lang='grc'><strong>10).</strong></span> 
     </span>
    </p>
   </div>
   <div class='ocr_carea' id='block_1_113' title="bbox 1994 5211 3587 5296">
    <p class='ocr_par' dir='ltr' id='par_1_113' title="bbox 1994 5211 3587 5296">
     <span class='ocr_line' id='line_1_113' title="bbox 1994 5211 3587 5296; baseline -0.017 -10"><span class='ocrx_word' id='word_1_881' title='bbox 1994 5228 2155 5286; x_wconf 82' lang='lat' dir='ltr'><strong>Vides</strong></span> <span class='ocrx_word' id='word_1_882' title='bbox 2179 5226 2560 5296; x_wconf 86' lang='lat' dir='ltr'><strong>discipulorum</strong></span> <span class='ocrx_word' id='word_1_883' title='bbox 2584 5217 2869 5275; x_wconf 85' lang='lat' dir='ltr'><strong>indicium?</strong></span> <span class='ocrx_word' id='word_1_884' title='bbox 2891 5215 3039 5270; x_wconf 88' lang='lat' dir='ltr'><strong>vides</strong></span> <span class='ocrx_word' id='word_1_885' title='bbox 3065 5211 3349 5281; x_wconf 85' lang='lat' dir='ltr'><strong>imaginem</strong></span> <span class='ocrx_word' id='word_1_886' title='bbox 3372 5220 3587 5279; x_wconf 76' lang='lat' dir='ltr'><strong>aposto—</strong></span> 
     </span>
    </p>
   </div>
   <div class='ocr_carea' id='block_1_114' title="bbox 1996 5300 3589 5377">
    <p class='ocr_par' dir='ltr' id='par_1_114' title="bbox 1996 5300 3589 5377">
     <span class='ocr_line' id='line_1_114' title="bbox 1996 5300 3589 5377; baseline -0.019 0"><span class='ocrx_word' id='word_1_887' title='bbox 1996 5320 2169 5377; x_wconf 88' lang='lat' dir='ltr'><strong>latus?</strong></span> <span class='ocrx_word' id='word_1_888' title='bbox 2200 5318 2348 5373; x_wconf 91' lang='lat' dir='ltr'><strong>vides</strong></span> <span class='ocrx_word' id='word_1_889' title='bbox 2392 5313 2657 5369; x_wconf 87' lang='lat' dir='ltr'><strong>formam?</strong></span> <span class='ocrx_word' id='word_1_890' title='bbox 2696 5310 2844 5363; x_wconf 87' lang='lat' dir='ltr'><strong>vides</strong></span> <span class='ocrx_word' id='word_1_891' title='bbox 2890 5306 3147 5377; x_wconf 88' lang='lat' dir='ltr'><strong>ﬁguram?</strong></span> <span class='ocrx_word' id='word_1_892' title='bbox 3173 5301 3313 5357; x_wconf 85' lang='lat' dir='ltr'><strong>Nihil</strong></span> <span class='ocrx_word' id='word_1_893' title='bbox 3363 5300 3589 5368; x_wconf 80' lang='lat' dir='ltr'><strong>amplius</strong></span> 
     </span>
    </p>
   </div>
   <div class='ocr_carea' id='block_1_115' title="bbox 1994 5393 3592 5487">
    <p class='ocr_par' dir='ltr' id='par_1_115' title="bbox 1994 5393 3592 5487">
     <span class='ocr_line' id='line_1_115' title="bbox 1994 5393 3592 5487; baseline -0.013 -20"><span class='ocrx_word' id='word_1_894' title='bbox 1994 5430 2173 5487; x_wconf 73' lang='lat' dir='ltr'><strong>qnzere</strong></span> <span class='ocrx_word' id='word_1_895' title='bbox 2198 5431 2211 5465; x_wconf 92' lang='lat'><strong>:</strong></span> <span class='ocrx_word' id='word_1_896' title='bbox 2239 5411 2432 5482; x_wconf 88' lang='lat' dir='ltr'><strong>quippe</strong></span> <span class='ocrx_word' id='word_1_897' title='bbox 2460 5407 2713 5461; x_wconf 84' lang='lat' dir='ltr'><strong>Dominus</strong></span> <span class='ocrx_word' id='word_1_898' title='bbox 2740 5398 3101 5474; x_wconf 84' lang='lat' dir='ltr'><strong>pronuntiavit</strong></span> <span class='ocrx_word' id='word_1_899' title='bbox 3126 5398 3401 5452; x_wconf 90' lang='lat' dir='ltr'><strong>caritatem</strong></span> <span class='ocrx_word' id='word_1_900' title='bbox 3428 5393 3592 5446; x_wconf 74' lang='grc' dir='ltr'><strong>(Ιὶευὶ-</strong></span> 
     </span>
    </p>
   </div>
   <div class='ocr_carea' id='block_1_116' title="bbox 1996 5481 3587 5580">
    <p class='ocr_par' dir='ltr' id='par_1_116' title="bbox 1996 5481 3587 5580">
     <span class='ocr_line' id='line_1_116' title="bbox 1996 5481 3587 5580; baseline -0.016 -18"><span class='ocrx_word' id='word_1_901' title='bbox 1996 5481 2148 5580; x_wconf 81' lang='lat' dir='ltr'><strong>pulos</strong></span> <span class='ocrx_word' id='word_1_902' title='bbox 2173 5481 2491 5573; x_wconf 80' lang='lat' dir='ltr'><strong>exprimere.</strong></span> <span class='ocrx_word' id='word_1_903' title='bbox 2519 5498 2576 5553; x_wconf 90' lang='lat' dir='ltr'><strong>Si</strong></span> <span class='ocrx_word' id='word_1_904' title='bbox 2604 5512 2731 5567; x_wconf 87' lang='lat' dir='ltr'><strong>ergo</strong></span> <span class='ocrx_word' id='word_1_905' title='bbox 2756 5494 3033 5549; x_wconf 85' lang='lat' dir='ltr'><strong>caritatem</strong></span> <span class='ocrx_word' id='word_1_906' title='bbox 3062 5489 3281 5553; x_wconf 88' lang='lat' dir='ltr'><strong>habeas,</strong></span> <span class='ocrx_word' id='word_1_907' title='bbox 3308 5481 3587 5555; x_wconf 78' lang='lat' dir='ltr'><strong>apostolus</strong></span> 
     </span>
    </p>
   </div>
   <div class='ocr_carea' id='block_1_117' title="bbox 1996 5586 3017 5664">
    <p class='ocr_par' dir='ltr' id='par_1_117' title="bbox 1996 5586 3017 5664">
     <span class='ocr_line' id='line_1_117' title="bbox 1996 5586 3017 5664; baseline -0.02 -8"><span class='ocrx_word' id='word_1_908' title='bbox 1996 5601 2167 5655; x_wconf 82' lang='lat' dir='ltr'><strong>factus</strong></span> <span class='ocrx_word' id='word_1_909' title='bbox 2201 5612 2294 5664; x_wconf 90' lang='lat' dir='ltr'><strong>es,</strong></span> <span class='ocrx_word' id='word_1_910' title='bbox 2324 5605 2379 5650; x_wconf 92' lang='lat' dir='ltr'><strong>et</strong></span> <span class='ocrx_word' id='word_1_911' title='bbox 2405 5589 2766 5663; x_wconf 84' lang='lat' dir='ltr'><strong>apostolorum</strong></span> <span class='ocrx_word' id='word_1_912' title='bbox 2793 5586 3017 5657; x_wconf 83' lang='lat' dir='ltr'><strong>primus.</strong></span> 
     </span>
    </p>
   </div>
   <div class='ocr_carea' id='block_1_118' title="bbox 2068 5712 3585 5787">
    <p class='ocr_par' dir='ltr' id='par_1_118' title="bbox 2068 5712 3585 5787">
     <span class='ocr_line' id='line_1_118' title="bbox 2068 5712 3585 5787; baseline -0.022 -1"><span class='ocrx_word' id='word_1_913' title='bbox 2068 5740 2083 5770; x_wconf 74' lang='grc' dir='ltr'>ί</span> <span class='ocrx_word' id='word_1_914' title='bbox 2114 5736 2165 5785; x_wconf 90' lang='lat' dir='ltr'><strong>In</strong></span> <span class='ocrx_word' id='word_1_915' title='bbox 2193 5737 2295 5784; x_wconf 68' lang='lat' dir='ltr'><strong>iure</strong></span> <span class='ocrx_word' id='word_1_916' title='bbox 2323 5731 2487 5787; x_wconf 84' lang='lat' dir='ltr'><strong>verba,</strong></span> <span class='ocrx_word' id='word_1_917' title='bbox 2515 5734 2559 5777; x_wconf 81' lang='lat' dir='ltr'><strong>et</strong></span> <span class='ocrx_word' id='word_1_918' title='bbox 2580 5722 2741 5776; x_wconf 84' lang='lat' dir='ltr'><strong>statim</strong></span> <span class='ocrx_word' id='word_1_919' title='bbox 2768 5719 2919 5781; x_wconf 84' lang='lat' dir='ltr'><strong>salus,</strong></span> <span class='ocrx_word' id='word_1_920' title='bbox 2951 5719 3033 5769; x_wconf 87' lang='lat' dir='ltr'><strong>Gr.</strong></span> <span class='ocrx_word' id='word_1_921' title='bbox 3068 5716 3146 5763; x_wconf 74' lang='grc' dir='ltr'><strong>καὶ</strong></span> <span class='ocrx_word' id='word_1_922' title='bbox 3171 5713 3336 5767; x_wconf 76' lang='grc' dir='ltr'><strong>εὐθέως</strong></span> <span class='ocrx_word' id='word_1_923' title='bbox 3361 5712 3391 5771; x_wconf 83' lang='grc' dir='ltr'><strong>ἠ</strong></span> <span class='ocrx_word' id='word_1_924' title='bbox 3425 5724 3585 5762; x_wconf 85' lang='grc' dir='ltr'><strong>σωτη-</strong></span> 
     </span>
    </p>
   </div>
   <div class='ocr_carea' id='block_1_119' title="bbox 2006 5787 2761 5865">
    <p class='ocr_par' dir='ltr' id='par_1_119' title="bbox 2006 5787 2761 5865">
     <span class='ocr_line' id='line_1_119' title="bbox 2006 5787 2761 5865; baseline -0.024 -15"><span class='ocrx_word' id='word_1_925' title='bbox 2006 5801 2101 5865; x_wconf 61' lang='lat' dir='ltr'><strong>pia,</strong></span> <span class='ocrx_word' id='word_1_926' title='bbox 2125 5796 2308 5848; x_wconf 83' lang='lat' dir='ltr'><strong>desinit</strong></span> <span class='ocrx_word' id='word_1_927' title='bbox 2328 5788 2642 5845; x_wconf 74' lang='lat' dir='ltr'><strong>(Iolbertinus</strong></span> <span class='ocrx_word' id='word_1_928' title='bbox 2668 5787 2761 5836; x_wconf 78' lang='lat' dir='ltr'><strong>Ms.</strong></span> 
     </span>
    </p>
   </div>
  </div>
