4010 6342
418 315 490 372 85
746 301 749 304 ’
1161 315 1218 372 S.
1257 315 1536 374 JOANN‘lS
1570 313 2042 374 CIIRYSOSTOSII
2084 313 2401 370 ARCllllﬂl’.
2442 309 2975 370 CONSTANTINOP.
3632 303 3704 356 85

482 437 535 492 4.
581 434 670 490 Vis
698 434 914 490 aliunde
943 435 1044 490 hoc
1075 434 1325 490 dis'ecre?
1351 436 1484 490 Cum
1511 435 1757 490 Cltt'isttls
1785 436 2001 491 Petrum

415 527 794 598 alloqueretur,
827 525 993 591 Petre,
1015 527 1186 596 diligis
1211 544 1289 580 me
1315 529 1427 595 plus
1453 528 1531 582 his
1551 526 1733 596 (Joan.
1760 528 1852 582 2|.
1882 528 2006 597 l7)?

415 622 509 675 ait.
542 619 684 678 Nihil
730 635 894 692 porro
938 636 1092 692 teque
1119 621 1256 676 valet
1281 622 1347 675 ad
1375 638 1593 690 regnum
1624 622 1877 676 caelorum
1906 623 2005 675 ob-

421 710 719 778 tiuendum,
749 726 811 766 ac
832 711 875 765 si
901 720 1113 766 constet
1147 727 1246 766 nos
1275 712 1344 766 ita
1371 712 1643 766 Christum
1668 711 1890 780 diligere
1908 752 1924 776 .
1951 721 2009 765 ut

416 821 446 860 a
478 804 632 861 nobis
657 805 958 878 diligendus
981 814 1081 860 est.
1113 809 1284 876 Atque
1317 807 1386 862 ita
1414 806 1708 876 designavit
1731 805 2005 860 iudicium.

418 897 700 965 Quodnam
740 898 870 954 illud
899 913 1030 969 ergo
1066 900 1189 956 est?
1214 907 1269 953 et
1295 898 1424 969 quid
1455 913 1550 952 nos
1574 912 1732 968 agere
1757 906 2007 966 Oportet,

421 1006 475 1047 ut
502 993 622 1063 plus
642 1009 801 1064 quam
823 994 1046 1063 apostoli
1065 993 1377 1064 diligamus?
1397 1008 1462 1046 an
1488 993 1679 1046 mortui
1697 989 2011 1046 suseitandi?

420 1099 486 1137 au
519 1084 624 1138 alia
657 1083 922 1155 quaepiam
951 1083 1154 1138 edenda
1185 1083 1476 1140 miracula?
1500 1082 1656 1137 Nullo
1685 1082 1846 1136 modo
1877 1100 1888 1134 :
1916 1080 2010 1135 sed

421 1176 549 1246 quid
587 1176 849 1248 agendum
893 1178 1021 1233 est?
1050 1179 1126 1231 Ex
1161 1177 1276 1248 ipso
1315 1177 1558 1243 Christo,
1587 1176 1677 1246 qui
1715 1175 2012 1246 diligendus

422 1279 526 1335 est,
551 1269 604 1325 id
631 1269 928 1325 audiamus.
957 1268 1018 1325 Si
1045 1271 1189 1325 enim
1226 1286 1370 1324 amas
1389 1285 1499 1334 me,
1533 1268 1724 1339 inquit,
1755 1268 1868 1338 plus
1896 1267 1974 1321 Itis
1994 1307 2009 1331 ,

424 1378 576 1432 pasce
604 1378 718 1418 oves
745 1378 882 1418 meas
909 1360 1116 1433 (lbid.).
1146 1361 1285 1417 Ecce
1325 1361 1412 1416 hic
1445 1376 1656 1431 quoque
1681 1360 2016 1414 conversatio

426 1453 636 1508 laudem
664 1461 918 1508 meretur.
947 1451 1078 1506 Nam
1099 1467 1280 1506 curam
1303 1466 1492 1522 gerere
1517 1493 1531 1516 ,
1558 1451 1791 1519 eompati
1817 1449 2013 1514 solere,

425 1544 664 1600 subsidio
688 1559 807 1600 esse
827 1585 840 1607 ,
863 1559 984 1615 qua:
1013 1559 1107 1598 sua
1133 1556 1256 1599 sunt
1286 1544 1504 1599 minime
1533 1559 1796 1614 quzerere,
1821 1553 2015 1598 caetera

426 1639 606 1692 omnia
623 1675 638 1702 ,
661 1650 779 1705 qua:
813 1643 1080 1706 pastorem
1107 1645 1320 1706 oportet
1347 1635 1565 1702 habere,
1596 1635 2017 1690 conversationis

427 1726 545 1782 lucc
570 1735 693 1782 sunt
721 1728 931 1796 omnia,
960 1742 1068 1782 non
1097 1726 1478 1782 miraculorum
1503 1735 1597 1781 aut
1624 1727 1921 1797 signorum.
1951 1727 2020 1780 At

428 1822 538 1886 illi,
561 1822 703 1876 dicet
740 1821 931 1892 aliquis
955 1861 969 1884 ,
998 1829 1217 1892 propter
1256 1821 1508 1876 miracula
1541 1820 1673 1874 tales
1707 1828 2016 1874 evaserunt.

427 1913 545 1969 Non
603 1922 816 1984 propter
870 1912 1122 1967 miracula
1156 1953 1173 1980 ,
1227 1912 1323 1968 sed
1387 1921 1605 1981 propter
1661 1911 2022 1965 conversatio-

430 2023 586 2072 nem,
615 2015 670 2060 et
722 2005 792 2060 ob
827 2020 946 2061 eam
995 2005 1230 2060 maxime
1273 2004 1516 2060 celebres
1554 2012 1611 2060 et
1645 2003 1876 2059 illuStres
1906 2001 2024 2058 fue-

430 2109 577 2156 runt.
604 2099 892 2168 Propterea
921 2097 1132 2154 dicebat
1163 2097 1268 2152 illis
1295 2115 1309 2152 :
1334 2095 1523 2152 Luceat
1550 2096 1642 2150 luat
1662 2104 1824 2150 vestra
1848 2111 2023 2150 coram

434 2192 722 2246 hominibus
746 2231 761 2256 ,
788 2201 841 2244 ut
890 2190 1091 2246 uideant
1137 2189 1380 2244 homines
1401 2230 1417 2253 ,
1451 2204 1558 2244 non
1603 2188 1859 2243 miracula
1882 2228 1898 2254 ,
1927 2187 2023 2244 sed

437 2301 593 2353 opera
617 2295 782 2338 oestro
809 2281 941 2336 bona
960 2322 974 2346 ,
1000 2290 1050 2336 et
1073 2281 1357 2352 gloriﬁcent
1380 2280 1589 2335 Patrem
1617 2289 1836 2335 oestrum
1859 2279 1944 2349 qui
1970 2280 2024 2334 in

432 2374 571 2428 ralis
596 2385 667 2428 est
685 2373 896 2442 (Matth.
918 2373 972 2429 5.
1001 2374 1115 2443 16).
1143 2372 1301 2428 Vides
1323 2372 1518 2442 ubique
1537 2371 2022 2438 conversationem,

433 2483 499 2522 ac
522 2468 686 2522 vitam
711 2468 905 2521 virtute
934 2465 1209 2536 praeditam
1247 2465 1579 2520 collaudari?
1609 2464 1700 2520 Vis
1744 2465 2023 2520 ostendam

435 2557 528 2614 tibi
556 2567 611 2612 et
638 2558 855 2612 Petrum
886 2557 1056 2626 ipsum
1079 2599 1095 2624 ,
1126 2556 1266 2610 hunc
1295 2557 1587 2626 principem
1617 2557 1980 2627 apostolorum
2005 2598 2022 2623 ,

434 2647 527 2720 qui
556 2658 609 2703 et
637 2648 886 2702 eximiam
912 2649 1371 2703 conversationem
1397 2663 1506 2718 prae
1529 2663 1588 2703 se
1612 2648 1761 2711 tulit,
1785 2656 1839 2702 et
1866 2647 2027 2703 mira-

435 2741 553 2796 cula
598 2740 765 2796 edidit
803 2757 922 2810 qua:
965 2751 1209 2794 naturam
1255 2740 1539 2794 humanam
1571 2740 1941 2806 excedebant,
1972 2748 2028 2794 et

439 2841 661 2901 utraque
700 2833 838 2888 inter
870 2846 930 2886 se
953 2839 1260 2899 comparata
1291 2873 1306 2898 ,
1334 2842 1388 2888 et
1426 2831 1738 2885 miraculum
1758 2871 1773 2894 ,
1797 2840 1851 2886 et
1893 2846 2026 2885 con-

441 2925 831 2988 versationem,
863 2934 1021 2994 atque
1060 2924 1207 2979 illtttn
1251 2925 1423 2993 potius
1463 2924 1533 2980 ob
1576 2927 1696 2980 vita:
1743 2940 2027 2979 conversa-

440 3015 638 3070 tionem
694 3031 852 3082 quam
895 3015 964 3070 ob
1000 3015 1147 3085 signa
1196 3014 1361 3071 fuisse
1413 3015 1615 3071 honore
1650 3016 2030 3070 cumulatum?

442 3105 591 3160 lianc
626 3104 902 3162 historiam
943 3107 1066 3160 audi
1096 3124 1108 3159 :
1143 3105 1318 3162 Petnts
1345 3119 1396 3162 et
1429 3107 1654 3164 Joannes
1695 3107 2030 3162 ascendebant

441 3200 494 3250 in
538 3197 778 3267 templum
819 3197 888 3252 ad
914 3198 1091 3251 horam
1120 3198 1364 3252 orationis
1389 3215 1574 3252 nonam
1601 3199 1734 3265 (Act.
1766 3200 1818 3254 5.
1851 3201 1928 3269 1).
1953 3199 2030 3254 Ne

440 3288 731 3344 oscitanter
761 3288 898 3345 hanc
927 3291 1286 3346 narrationem
1314 3299 1620 3359 prartereas,
1651 3292 1746 3345 sed
1777 3291 1828 3346 in
1857 3307 2031 3361 prom-

444 3380 554 3436 tnio
594 3382 774 3436 statim
802 3381 1050 3446 insistas,
1081 3391 1137 3437 et
1159 3393 1355 3451 quanta
1385 3383 1580 3440 caritas
1609 3396 1780 3448 esset,
1813 3385 1989 3440 discas
2013 3426 2028 3450 ,

440 3484 638 3542 quanta
674 3474 958 3530 concordia
983 3515 997 3538 ,
1025 3486 1357 3545 quantusque
1381 3492 1700 3540 consensus,
1729 3485 1785 3532 et
1808 3494 1910 3547 qua
1943 3494 2032 3532 ra-

444 3565 587 3618 tione
606 3574 797 3620 cuncta
830 3565 915 3619 isti
935 3565 1036 3620 sibi
1059 3566 1284 3622 invicem
1311 3569 1798 3634 commtmicabant,
1820 3579 1875 3624 et
1893 3569 2030 3624 ami-

442 3657 584 3720 citia:
609 3657 898 3714 secundum
932 3658 1100 3714 Deum
1127 3657 1342 3714 vinculo
1371 3661 1598 3730 colligati
1637 3672 1825 3718 cuncta
1869 3662 2030 3718 facie-

444 3748 596 3814 bant,
624 3758 678 3802 et
703 3748 755 3802 in
787 3763 992 3815 mensa,
1014 3757 1070 3806 et
1098 3749 1148 3804 in
1174 3750 1440 3816 oratione,
1472 3761 1524 3812 ct
1553 3754 1603 3804 in
1632 3752 1863 3818 incessu,
1894 3763 1951 3809 et
1979 3753 2031 3810 in

446 3837 664 3907 reliquis
701 3838 948 3893 omnibus
984 3839 1152 3907 juncti
1191 3841 1537 3910 apparebant.
1575 3841 1727 3909 Quod
1767 3843 1813 3898 si
1845 3843 1918 3898 illi
1942 3844 2032 3914 qni

445 3929 710 3985 columna:
738 3945 802 3984 ac
831 3938 1003 3986 utrres
1028 3940 1200 3995 erant.
1233 3932 1321 4000 qui
1352 3933 1568 3986 multam
1603 3933 1743 4002 apud
1781 3933 1944 3988 Deum
1973 3937 2033 3987 li-

445 4021 654 4076 tluciatn
687 4020 980 4088 habebant,
1004 4030 1188 4076 mutuo
1215 4022 1521 4092 indigebant
1546 4025 1749 4078 auxilio
1774 4065 1789 4091 ,
1821 4033 2034 4078 nnttno.

444 4130 551 4181 que
581 4115 822 4169 subsidio
850 4117 1268 4185 corrigebantur,
1297 4127 1498 4186 quanto
1528 4118 1696 4187 magis
1728 4132 1826 4172 nos
1866 4118 2034 4172 imbe-

443 4209 593 4263 cilles
643 4223 707 4262 ac
753 4209 968 4273 miseri,
1011 4211 1311 4282 nnlliusqne
1361 4213 1514 4282 pretii
1564 4214 1808 4268 homines
1848 4226 2034 4269 mutuo

442 4300 640 4354 auxilio
661 4299 992 4372 indigemus?
1013 4303 1197 4358 Frater
1215 4306 1349 4358 enim
1379 4307 1464 4375 qui
1491 4307 1764 4377 adjuvatur
1795 4325 1827 4359 a
1853 4309 2032 4378 fratre,

444 4393 587 4458 quasi
611 4392 784 4446 civitas
809 4393 958 4459 firma
975 4393 1159 4465 (Prov.
1185 4396 1272 4452 18.
1293 4397 1382 4468 19)
1402 4414 1414 4450 :
1433 4408 1489 4453 et
1512 4414 1696 4453 rursus
1719 4417 1734 4454 :
1759 4398 1892 4454 Ecce
1913 4401 2034 4470 quid

444 4483 650 4546 bonum,
680 4493 724 4538 et
749 4484 871 4553 quid
900 4485 1190 4554 pulchrum,
1220 4489 1314 4542 nisi
1343 4489 1569 4544 habitare
1591 4491 1773 4559 fratres
1800 4491 1855 4545 in
1878 4508 2034 4545 unum

444 4573 618 4643 (Psal.
649 4576 772 4632 l52.
804 4574 897 4647 l)?
922 4578 1110 4633 Petrus
1138 4588 1194 4633 et
1215 4579 1448 4636 Joannes
1483 4590 1668 4647 erant,
1691 4594 1746 4638 et
1767 4582 1948 4637 Jesum
1979 4583 2032 4638 in

443 4665 621 4720 medio
666 4665 969 4722 habebant:
995 4666 1096 4723 Ubi
1130 4669 1265 4724 enim
1301 4671 1490 4739 fuerint
1532 4672 1632 4725 duo
1669 4673 1745 4726 uel
1784 4683 1881 4728 tres
1907 4691 2035 4728 con—

444 4757 656 4827 gregati,
683 4757 872 4827 inquit,
895 4759 951 4813 in
975 4760 1178 4814 nomine
1203 4776 1332 4827 meo,
1362 4761 1429 4814 ibi
1457 4779 1570 4816 sum
1592 4763 1645 4816 in
1673 4763 1837 4816 medio
1860 4781 2034 4818 eorum

445 4845 662 4916 (Matth.
692 4847 779 4905 18.
803 4848 920 4920 20).
951 4849 1109 4906 Vides
1135 4861 1388 4921 quantum
1415 4854 1486 4908 sit
1511 4855 1564 4908 in
1595 4871 1756 4910 unum
1786 4858 2032 4912 versari?

447 4937 629 5007 Neque
643 4954 773 4994 vero
787 4943 980 5010 quovis
1009 4944 1169 4999 modo
1195 4945 1246 4999 in
1274 4961 1436 5000 unum
1453 4956 1780 5003 erantznam
1811 4960 1864 5004 et
1891 4967 2032 5005 nunc

446 5029 500 5082 in
543 5045 705 5084 unum
747 5043 931 5086 sumus
977 5048 1200 5100 omnes;
1229 5037 1324 5092 sed
1363 5037 1415 5091 in
1448 5054 1611 5094 unum
1656 5054 1777 5095 esse
1819 5053 2034 5111 Oportet

449 5118 665 5174 vinculo
718 5120 990 5188 caritatis,
1035 5133 1093 5180 et
1147 5127 1438 5182 voluntatis
1481 5128 1673 5184 aﬁ'ectu
1703 5146 1717 5182 :
1744 5139 1801 5186 et
1841 5147 2032 5201 quem-

445 5211 732 5270 admodu
749 5229 972 5286 corpora
991 5226 1170 5272 nostra
1198 5219 1298 5276 sibi
1325 5221 1618 5293 propinqua
1649 5239 1790 5279 nunc
1803 5233 1927 5279 sunt
1944 5227 2027 5280 in-

445 5305 614 5360 vicem
641 5319 706 5359 ae
727 5319 849 5361 sese
878 5308 929 5361 in
951 5324 1112 5363 unum
1133 5312 1522 5382 constringunt,
1539 5314 1618 5369 sic
1643 5315 1805 5370 etiam
1826 5325 2037 5383 oportet

447 5397 612 5454 corda
663 5399 977 5471 constringi.
1027 5399 1211 5457 Petrus
1255 5413 1301 5458 et
1351 5404 1578 5462 Joannes
1613 5407 1943 5462 ascendebant
1983 5410 2036 5463 in

448 5487 715 5557 templum.
759 5488 996 5546 Scissum
1035 5503 1122 5548 est
1165 5494 1336 5550 velum
1363 5537 1378 5558 ,
1408 5495 1646 5552 desolata
1684 5507 1810 5552 sunt
1850 5508 2034 5554 sancta

444 5591 790 5646 sanctorum,
829 5583 1034 5638 sublata
1077 5594 1160 5641 est
1205 5588 1292 5641 uni
1345 5587 1552 5645 addicta
1605 5590 1721 5645 loco
1769 5590 2031 5648 adoratio.

447 5671 654 5728 Clamat
691 5674 885 5732 Paulus
907 5719 922 5742 ,
951 5693 1014 5733 ac
1056 5678 1188 5734 dicit
1215 5697 1226 5732 :
1254 5679 1319 5733 In
1353 5683 1489 5736 omni
1529 5684 1638 5736 loco
1669 5700 1820 5752 puras
1858 5700 2036 5740 manus

447 5767 602 5822 levate
626 5767 702 5840 (l.
742 5767 872 5825 ‘l'im.
901 5769 954 5826 2.
987 5773 1064 5844 8).
1093 5773 1202 5830 Cur
1227 5775 1385 5846 igitur
1418 5776 1506 5832 isti
1541 5787 1759 5832 currunt
1784 5777 1850 5832 ad
1893 5786 2029 5832 tem-

2115 473 2281 543 plum,
2311 481 2365 528 ut
2393 472 2591 526 orent?
2618 485 2802 525 rursus
2828 468 2891 522 ad
2917 466 3191 522 Iudaicam
3223 461 3581 517 infirmitatem
3613 459 3706 511 tle-

2113 566 2278 620 voluti
2309 565 2472 618 sunt?
2504 564 2682 617 Absit!
2709 561 2802 616 sed
2828 559 3264 614 imbecillioribus
3292 570 3411 608 sese
3439 563 3706 622 attempe-

2113 665 2255 720 rant,
2285 656 2521 724 illudque
2549 654 2694 708 Pauli
2725 655 2922 706 dictum
2949 651 3190 719 implent,
3218 645 3358 716 quod
3383 646 3491 699 ait:
3521 641 3710 696 Factus

2113 767 2222 803 sum
2247 747 2445 802 Iudicis
2473 758 2728 819 tamquam
2747 746 2959 799 Juda’us
2991 744 3066 815 (1.
3091 742 3208 798 Cor.
3237 742 3290 796 9.
3320 740 3434 807 20).
3467 737 3704 793 imbecil-

2117 842 2255 897 libus
2277 857 2334 897 se
2359 849 2736 910 attemperant.
2763 856 2829 895 ne
2851 839 2921 892 illi
2951 844 3201 891 maneant
3229 831 3538 888 imbecilles.
3574 830 3716 883 Alio-

2114 933 2240 1004 quin
2269 943 2444 988 autem
2471 932 2579 987 illic
2603 947 2813 1001 quoque
2835 939 2943 984 tota
2964 929 3152 983 civitas
3175 923 3616 994 eongregabatur.
3646 919 3716 974 L't

2118 1027 2275 1098 igitur
2292 1025 2475 1094 Optimi
2500 1025 2790 1095 piscatores
2818 1037 2912 1076 eos
2929 1021 3078 1076 sinus
3104 1019 3156 1073 in
3177 1016 3482 1072 numinibus
3504 1022 3718 1066 sectan-

2119 1127 2205 1172 tur
2224 1157 2238 1179 ,
2269 1117 2357 1170 ubi
2387 1117 2558 1186 pisces
2588 1131 2776 1169 omnes
2803 1112 3129 1167 conveniunt
3157 1153 3173 1179 ,
3207 1120 3263 1164 ut
3293 1107 3495 1161 facilius
3533 1103 3715 1174 prwda

2119 1209 2435 1280 potiantur:
2471 1208 2540 1262 ita
2591 1207 2839 1262 nimirum
2882 1216 2936 1259 et
2980 1205 3065 1258 isti
3106 1201 3375 1273 apostoli,
3409 1196 3716 1268 spirituales

2119 1303 2441 1372 piseatores,
2466 1301 2532 1355 ad
2571 1301 2719 1354 illum
2765 1300 2939 1353 sinum
2983 1296 3300 1351 festinabant
3325 1335 3341 1360 ,
3367 1293 3417 1346 in
3458 1307 3564 1360 qun
3607 1296 3718 1340 tota

2119 1397 2306 1450 civitas
2353 1393 2739 1459 conveniebat,
2772 1401 2830 1444 ut
2869 1391 2975 1446 illic
3019 1403 3257 1459 expanso
3303 1382 3563 1453 evangelii
3614 1380 3716 1434 reti

2122 1487 2274 1543 facile
2300 1486 2476 1556 prwda
2503 1486 2820 1556 potirentur.
2851 1482 2962 1538 lloc
2985 1495 3165 1537 autem
3185 1495 3306 1534 cum
3335 1483 3576 1546 agerent,
3601 1486 3718 1525 ma-

2120 1581 2346 1651 gistrum
2369 1577 2734 1632 imitabantur.
2756 1574 2887 1628 Nam
2913 1573 2986 1626 ait
3006 1571 3253 1626 Christus
3276 1585 3291 1622 :
3319 1565 3553 1634 Quotidie
3576 1559 3724 1630 apud

2122 1689 2208 1727 ros
2220 1689 2357 1726 eram
2371 1671 2423 1724 in
2438 1669 2622 1738 templo
2642 1666 2852 1738 (Matth.
2873 1666 2963 1720 26.
2982 1664 3103 1734 55)?
3117 1664 3294 1730 Quare
3319 1660 3370 1714 in
3399 1656 3600 1724 templo
3614 1654 3638 1705 ?
3651 1651 3722 1708 Ut

2123 1763 2283 1833 quiin
2311 1761 2509 1832 templo
2529 1759 2890 1820 versabantur,
2907 1762 3140 1825 caperet.
3162 1753 3233 1806 Ita
3255 1765 3464 1821 quoque
3482 1746 3566 1800 isti
3587 1754 3722 1798 tam-

2124 1872 2283 1929 quam
2325 1853 2528 1910 oraturi
2556 1851 2772 1924 quidem
2805 1850 3128 1922 pergebant,
3161 1844 3252 1898 sed
3289 1842 3584 1898 doctrinam
3617 1836 3725 1890 illic

2125 1958 2279 2005 erant
2295 1947 2552 2020 sparsuri.
2570 1944 2635 1999 In
2661 1944 2920 2014 templum,
2941 1949 3245 2002 utorarent,
3263 1937 3396 1990 circa
3413 1934 3590 1986 horum
3604 1945 3726 1985 ora-

2127 2042 2275 2096 tionis
2294 2057 2501 2094 nonant.
2528 2037 2711 2108 Neque
2743 2037 2908 2107 ipsam
2931 2035 3117 2088 horam
3135 2031 3251 2086 sine
3280 2043 3437 2083 causa
3465 2025 3726 2079 observa-

2131 2142 2277 2190 runt.
2319 2133 2475 2204 Sazpe
2501 2145 2730 2202 namque
2770 2128 2837 2183 de
2864 2127 2964 2181 hac
3003 2125 3132 2180 hora
3163 2123 3271 2177 dixi
3303 2120 3454 2173 vobis
3476 2160 3492 2183 ,
3525 2117 3578 2169 in
3612 2116 3729 2184 ipsa

2127 2227 2432 2299 paradisum
2465 2223 2628 2278 fuisse
2655 2228 2972 2282 reseratum,
3003 2228 3057 2273 et
3087 2217 3350 2270 latronem
3384 2213 3682 2282 ingressum
3709 2223 3726 2258 :

2129 2320 2182 2374 in
2227 2319 2340 2390 ipsa
2376 2317 2642 2371 sublatura
2669 2322 2752 2368 est
2786 2311 3130 2366 maledictum
3161 2348 3177 2374 ,
3205 2308 3257 2363 in
3289 2306 3402 2376 ipsa
3458 2313 3728 2358 terrarum

2126 2409 2273 2465 orbis
2295 2407 2507 2463 victima
2537 2414 2620 2460 est
2653 2405 2828 2460 oblata
2853 2420 2866 2456 :
2893 2403 2944 2456 in
2971 2402 3082 2471 ipsa
3110 2398 3380 2468 dissipatae
3427 2404 3554 2449 sunt
3580 2403 3736 2446 tene—

2130 2501 2261 2565 brzc,
2291 2501 2342 2554 in
2372 2499 2483 2570 ipsa
2509 2499 2601 2552 lux
2627 2495 2825 2551 affulsit
2852 2510 2974 2549 cum
3005 2491 3297 2557 sensibilis,
3331 2498 3442 2544 tum
3473 2486 3733 2554 spiritua-

2131 2591 2216 2645 Iis.
2240 2590 2388 2644 Circa
2411 2589 2589 2643 horam
2614 2603 2817 2640 nonam.
2843 2583 3068 2652 Quando
3083 2581 3263 2636 caeleri
3293 2589 3412 2648 post
3440 2575 3726 2646 prandium

2130 2690 2185 2738 et
2226 2681 2539 2736 ebrietatem
2583 2680 2692 2733 alto
2732 2676 2892 2746 sopiti
2933 2687 3125 2729 somno
3169 2672 3480 2734 dormiunt,
3511 2677 3624 2720 tum
3656 2665 3733 2718 illi

2130 2773 2294 2828 sobrii
2337 2781 2496 2841 atque
2529 2769 2828 2840 vigilantes,
2851 2782 2914 2821 ac
2944 2765 3114 2820 multo
3142 2778 3325 2817 amore
3351 2760 3590 2815 succensi
3619 2800 3632 2819 ,
3662 2757 3734 2810 ad

2130 2866 2425 2922 orationem
2478 2862 2851 2935 properabant.
2881 2859 3032 2929 Qttod
3075 2859 3119 2912 si
3163 2858 3403 2912 oratiOne
3456 2851 3532 2907 illi
3586 2850 3733 2905 indi-

2130 2958 2325 3031 gebant
2353 3000 2370 3024 ,
2398 2957 2640 3012 oratione
2667 2964 2775 3010 tam
2822 2953 3064 3018 assidua,
3089 2960 3198 3005 tam
3235 2958 3421 3003 exacta
3443 2946 3562 3015 ,qui
3609 2956 3737 2997 tan-

2135 3061 2239 3105 tam
2269 3050 2510 3104 fiduciam
2539 3047 2828 3114 habebant,
2851 3045 2940 3116 qui
2963 3043 3161 3098 nullius
3185 3041 3285 3096 sibi
3312 3038 3552 3094 criminis
3577 3045 3740 3091 erant

2133 3141 2370 3207 conscii,
2402 3139 2528 3209 qttid
2557 3153 2656 3194 nos
2687 3137 2978 3201 faciemus,
3009 3133 3100 3205 qui
3131 3130 3438 3186 vulneribus
3463 3136 3740 3181 scatemns

2137 3229 2431 3288 innumeris
2455 3272 2470 3296 ,
2500 3245 2599 3286 nec
2623 3229 2726 3284 illis
2742 3228 3010 3305 orationis
3053 3224 3348 3281 remedium
3379 3219 3741 3275 adhibemus?

2137 3323 2328 3393 Ingens
2371 3323 2533 3376 telum
2581 3329 2664 3375 est
2700 3318 2892 3374 oratio.
2929 3317 3020 3371 Vis
3061 3330 3221 3371 nosse
3245 3329 3402 3383 quam
3447 3312 3639 3380 ingens
3669 3310 3742 3364 sit

2137 3416 2303 3470 telutn
2328 3413 2533 3468 oratio?
2556 3412 2752 3467 Curam
2786 3423 3077 3482 pauperum
3111 3406 3428 3462 omittebant
3467 3401 3739 3472 apostoli,

2137 3517 2194 3562 ιιι
2239 3507 2358 3578 plus
2401 3506 2505 3560 illis
2549 3504 2644 3558 otii
2686 3502 2752 3556 ad
2783 3500 3078 3556 vacandum
3128 3497 3362 3553 orationi
3401 3503 3740 3564 suppeteret.

2136 3601 2434 3657 Constiluite
2460 3615 2691 3668 namque,
2713 3595 2901 3664 inquit.
2919 3609 2983 3648 ea;
3009 3591 3146 3646 vobis
3167 3592 3298 3645 viros
3323 3588 3440 3642 boni
3465 3587 3742 3640 testimonii

2135 3703 2321 3761 septem
2351 3708 2370 3746 :
2396 3707 2485 3744 nos
2511 3706 2626 3744 vero
2663 3687 2881 3742 orationi
2919 3695 2966 3740 et
3009 3683 3288 3738 ministerio
3321 3679 3455 3735 verbi
3491 3679 3743 3732 instantes

2135 3785 2322 3838 erimus
2345 3781 2480 3853 (Act.
2505 3780 2558 3835 6.
2583 3779 2662 3850 5).

2209 3875 2264 3930 5.
2293 3872 2400 3929 Sed
2428 3870 2571 3942 quod
2600 3868 2841 3924 dicebam
2882 3868 3010 3940 (non
3037 3864 3179 3920 enim
3213 3860 3620 3933 digredientium
3653 3867 3744 3912 est

2139 3968 2206 4022 ab
2230 3972 2544 4036 argumento
2569 3962 2833 4017 sermonis
2856 4002 2870 4022 ,
2899 3969 2955 4012 ut
2974 3966 3182 4012 constet
3201 3997 3217 4022 ,
3247 3955 3462 4010 Petrum
3484 3963 3534 4006 et
3561 3954 3744 4006 actio-

2139 4073 2260 4112 nem
2278 4054 2604 4116 exhibuisse,
2626 4061 2679 4106 et
2701 4049 3013 4104 miraculum
3031 4047 3284 4109 edidisse,
3308 4054 3361 4099 et
3377 4044 3446 4097 ob
3467 4044 3744 4096 actionem

2139 4149 2315 4219 potius
2341 4161 2461 4201 esse
2490 4139 2822 4212 laudatum),
2853 4139 3095 4195 ascendit
3115 4153 3244 4207 ergo
3275 4137 3326 4189 iu
3358 4134 3648 4204 templum,
3685 4143 3746 4185 ut

2139 4249 2357 4295 oraret:
2385 4248 2440 4293 et
2476 4252 2603 4293 ecce
2638 4235 2860 4291 claudus
2886 4249 2949 4288 ex
2980 4241 3135 4286 utero
3173 4229 3361 4284 matris
3386 4244 3496 4281 sua:
3530 4224 3747 4293 bajula-

2142 4333 2296 4385 batur
2324 4330 2431 4384 illic
2455 4328 2520 4382 ad
2553 4335 2758 4398 portam
2787 4323 2971 4393 templi
3004 4322 3140 4391 (Act.
3169 4321 3223 4374 5.
3255 4319 3338 4388 2).
3368 4319 3450 4372 Ab
3479 4318 3596 4385 ipso
3626 4331 3749 4368 nta-

2142 4423 2239 4477 tris
2279 4430 2431 4476 utero
2473 4427 2659 4473 natura
2701 4416 2940 4472 mutilata
2982 4421 3212 4480 erat,et
3235 4422 3406 4466 artem
3456 4409 3747 4464 medicinae

2140 4513 2386 4570 vincebat
2410 4510 2690 4582 aegritudo,
2714 4519 2773 4563 ut
2799 4509 2889 4562 Dei
2919 4507 3087 4577 gratia
3118 4507 3286 4576 magis
3310 4512 3613 4573 appareret.
3644 4501 3748 4556 Hic

2139 4624 2268 4678 ergo
2292 4606 2514 4662 claudus
2540 4605 2605 4659 ad
2641 4613 2846 4673 portam
2875 4600 3054 4669 templi
3077 4599 3310 4670 jacebat,
3339 4607 3539 4652 etcum
3570 4594 3749 4648 intro-

2139 4708 2328 4755 euutcs
2373 4696 2492 4752 illos
2537 4695 2795 4757 vidisset,
2847 4691 3158 4747 intendebat
3207 4690 3260 4744 in
3307 4705 3435 4755 eos,
3488 4702 3747 4756 qumrens

2139 4791 2537 4860 elecmosynam
2575 4786 2643 4840 ab
2687 4786 2817 4854 ipsis
2852 4782 3116 4851 accipere.
3147 4779 3287 4848 Quid
3316 4779 3474 4849 igitur
3503 4777 3699 4832 Petrus
3721 4780 3748 4830 ?

2143 4882 2352 4948 Respice
2370 4882 2423 4932 in
2447 4895 2537 4932 nos
2562 4878 2698 4947 (Act.
2723 4877 2777 4931 5.
2796 4875 2873 4945 4),
2900 4875 3090 4942 inquit.
3117 4872 3197 4926 Ex
3218 4881 3436 4941 aspectu
3461 4871 3580 4925 solo
3607 4885 3752 4924 eon-

2141 4981 2286 5026 starc
2332 4977 2508 5040 potest
2534 4985 2691 5039 quatn
2723 4982 2925 5038 pauper
2949 4967 3017 5019 sit
3047 4982 3060 5017 :
3090 4979 3196 5018 non
3227 4963 3407 5017 verbis
3435 4977 3574 5031 Opus
3617 4971 3707 5014 est
3736 5003 3752 5026 ,

2145 5079 2250 5119 non
2280 5061 2761 5124 demonstratione,
2789 5074 2889 5114 nec
2917 5056 3286 5126 reSponsione,
3322 5070 3422 5110 nec
3450 5054 3700 5109 doctrina
3737 5071 3752 5105 :

2145 5155 2370 5210 vestitus
2401 5153 2515 5222 ipse
2553 5151 2648 5206 tibi
2686 5164 2974 5220 pauperem
3011 5148 3229 5203 indicat.
3261 5147 3375 5202 Hoc
3413 5161 3544 5216 ergo
3575 5155 3750 5199 totum

2142 5261 2279 5315 opus
2304 5256 2356 5301 et
2386 5253 2532 5299 recte
2573 5241 2769 5296 factum
2795 5249 2879 5296 est
2904 5241 3231 5310 apostolatus
3251 5281 3266 5304 ,
3298 5249 3356 5293 ut
3386 5241 3502 5292 hare
3520 5237 3589 5291 ad
3618 5254 3755 5307 pau-

2146 5353 2325 5409 pcrem
2357 5335 2523 5400 dicas,
2552 5344 2611 5389 ut
2638 5333 2932 5388 remedium
2963 5348 3068 5385 non
3101 5341 3304 5386 tantum
3330 5329 3588 5384 adhibeas
3617 5345 3752 5398 ege-

2145 5429 2298 5490 stati,
2324 5437 2381 5482 ut
2421 5427 2604 5491 dicas,
2638 5425 2866 5492 Maiores
2904 5423 3118 5477 divitias
3165 5423 3390 5477 videbis.
3422 5423 3710 5491 Argentum
3735 5460 3751 5480 ,

2146 5522 2316 5590 inquit
2341 5561 2354 5584 ,
2381 5529 2430 5574 et
2472 5535 2652 5571 aurum
2685 5536 2787 5570 non
2829 5517 2985 5570 habeo
3007 5531 3027 5570 :
3047 5518 3184 5587 quod
3218 5528 3389 5570 autem
3434 5515 3593 5569 habeo
3612 5556 3627 5577 ,
3654 5516 3754 5566 hoc

2148 5613 2234 5664 tibt
2262 5611 2326 5664 do
2357 5625 2375 5664 :
2407 5611 2459 5662 in
2489 5610 2690 5662 nomine
2716 5607 2841 5660 Jesu
2866 5607 3058 5661 Christi
3087 5625 3256 5677 surge,
3285 5619 3335 5660 et
3363 5607 3573 5660 ambula
3603 5607 3748 5672 (Act.

2145 5705 2204 5759 5ο
2224 5703 2301 5773 6).
2329 5701 2493 5756 Vides
2518 5710 2808 5770 egestatem
2837 5708 2893 5752 et
2917 5699 3163 5753 divitias?
3191 5709 3485 5770 egestatem
3527 5697 3753 5768 quidem

2149 5791 2496 5864 pecuniarum
2519 5829 2535 5857 ,
2563 5787 2660 5845 sed
2689 5784 2902 5843 divitias
2927 5781 3313 5839 charismatum
3351 5799 3413 5840 ac
3451 5784 3752 5843 donorum.
