4010 6342
442 282 512 338 85
1151 284 1211 338 S.
1248 283 1536 338 JUANNIS
1568 281 2060 337 CHRYSUSTOMI
2104 282 2427 338 ARCHIEP.
2468 283 3016 345 CONSTANTINOP.
3625 285 3704 344 86

440 413 571 459 των,
607 394 834 448 πλοῦτον
853 392 908 445 δὲ
942 392 1313 463 χαρισμάτων.
1341 389 1454 443 Οὐκ
1478 389 1635 442 ἔλυσε
1663 391 1853 446 πενίαν
1883 408 2018 464 χρη-

445 483 648 553 μάτων,
676 478 810 532 ἀλλὰ
837 477 1111 546 διώρθωσε
1144 475 1334 527 πενίαν
1361 474 1593 544 φύσεως.

517 567 655 634 Ὅρα
683 563 780 634 τὴν
826 562 1124 614 ἐπιείκειαν
1157 560 1365 630 Πέτρου
1385 573 1402 589 ⁶
1441 559 1688 627 Βλέψον
1720 565 1808 626 είς
1841 559 2021 629 ἡμᾶς.

442 649 554 718 Οὐχ
587 647 829 718 ὕϐρισεν,
854 647 955 698 οὐκ
987 643 1385 714 ἐλοιδορήσατο,
1417 641 1446 695 δ
1474 643 1734 706 πολλάκις
1763 643 2023 713 ποιοῦμεν

445 730 606 796 ἡμεῖς
674 726 809 796 πρὸς
878 725 1005 787 τοὺς
1072 723 1502 793 ἐντυγχάνοντας
1580 724 1733 792 ἡμῖν,
1795 722 2024 786 εὐθύνας

445 809 806 878 ἐγκαλοῦντες
880 808 1104 872 αὐτοῖς,
1175 808 1258 860 ὅτι
1345 806 1684 861 καθεύδουσι.
1755 808 1846 877 Μὴ
1915 807 2024 879 γάρ

444 894 602 947 τοῦτο
677 891 973 961 ἐπετάγης,
1033 891 1322 960 άνθρωπες
1383 891 1498 944 Οὐκ
1599 888 1848 942 ἐκέλευσέ
1943 908 2026 944 σοι

446 980 646 1049 ἀργίαν
701 976 990 1044 ἐγκαλεῖν.
1049 975 1185 1028 ἀλλά
1247 975 1438 1028 πενίαν
1484 975 1864 1046 διορθοῦσθαι*
1927 975 2028 1029 οὐκ

446 1061 671 1131 ἐποίησέ
719 1077 778 1113 σε
829 1059 1137 1128 κατήγορον
1187 1059 1405 1122 κακίας,
1457 1059 1590 1112 ἀλλὰ
1650 1059 1833 1129 ἰατρὸν
1894 1075 2028 1113 κατ-

445 1142 642 1211 έστησε
660 1141 964 1210 συμφορᾶς·
991 1138 1089 1208 οὐχ
1119 1139 1208 1192 ἵνα
1233 1138 1498 1212 ὀνειδίζῃς
1518 1139 1769 1202 νωθείαν,
1800 1139 1914 1192 ἀλλ’
1941 1140 2028 1192 ἵνα

445 1225 603 1292 χεῖρα
623 1219 824 1290 ὀρέγῃς
851 1221 964 1282 τοῖς
987 1217 1290 1288 κειμένοις·
1315 1218 1413 1288 οὐχ
1440 1220 1528 1272 ῖνα
1544 1219 1776 1289 κακίζῃς
1803 1219 2026 1289 τρόπον,

445 1307 678 1359 ἀλλ’ἵνα
717 1303 886 1377 λύσῃς
934 1303 1115 1374 λιμόν.
1156 1303 1347 1374 Ἡμεῖς
1384 1304 1440 1356 δὲ
1481 1304 1796 1358 τούναντίον
1838 1303 2026 1356 ποιοῦ-

451 1406 580 1460 μεν·
610 1389 840 1458 ἀφέντες
880 1386 1386 1459 παραμυθήσασθαι
1422 1388 1552 1450 τούς
1601 1388 1928 1458 προσιόντας
1957 1389 2024 1457 τῇ

444 1461 588 1526 δόσει
615 1472 724 1525 τῶν
753 1472 1070 1542 χρημάτων.
1100 1470 1196 1523 καὶ
1225 1470 1722 1542 προσεπιτρίϐομεν
1758 1469 1939 1523 αὐτῶν
1959 1470 2030 1523 τὰ

448 1555 742 1627 τραύματα
778 1558 900 1618 ταῖς
940 1553 1050 1607 τῶν
1080 1553 1445 1624 ἐγκλημάτων
1482 1556 1821 1623 ἐπαγωγαῖς.
1868 1554 2029 1608 Ἀλλά

447 1639 544 1692 καὶ
573 1638 924 1706 ἀπολογεῖται
947 1635 1023 1706 τῷ
1054 1636 1270 1707 πένητι,
1289 1635 1388 1688 καὶ
1426 1639 1546 1707 μετ’
1576 1637 1878 1701 ἐπιεικείας
1911 1637 2028 1690 δια-

446 1723 695 1790 λέγεται·
725 1721 951 1776 κλῖνον
968 1719 1098 1792 γὰρ,
1124 1720 1281 1790 φησὶ,
1309 1718 1523 1788 πτωχῷ
1549 1721 1798 1786 ἀλύπως
1828 1722 1890 1774 τὸ
1920 1717 2029 1786 οὖς

443 1821 584 1868 σου,
615 1805 711 1860 καὶ
748 1803 1097 1874 ἀποκρίθητι
1131 1801 1292 1868 αὑτῷ
1328 1804 1399 1857 έν
1419 1805 1706 1872 πραότητι
1734 1806 2024 1874 εἰρηνικά.

459 1892 756 1960 Ἀργύριον
791 1889 890 1944 καὶ
922 1890 1180 1959 χρυσίον
1211 1890 1323 1943 οὐκ
1354 1890 1491 1958 ἔχω·
1524 1889 1556 1942 ὃ
1589 1888 1657 1942 δέ
1681 1891 1822 1957 ἔχω,
1854 1890 2031 1944 τοῦτό

445 1991 545 2028 σοι
578 1973 816 2041 δίδωμι·
842 1971 914 2025 έν
954 1970 1032 2037 τῷ
1063 1973 1307 2040 ὀνόματι
1340 1971 1535 2038 Ἰησοῦ
1582 1973 1842 2041 Χριστοῦ
1880 1971 2028 2041 ἐγει-

439 2075 566 2124 ριιι,
595 2055 689 2108 καὶ
723 2054 1050 2122 περιπάτει.
1082 2054 1187 2106 Δύο
1218 2053 1454 2109 ἐνταῦθά
1491 2056 1625 2119 ἐστι,
1653 2055 1896 2108 πολιτεία
1934 2055 2030 2108 καὶ

446 2138 654 2209 θαῦμα.
709 2137 980 2199 Πολιτεία,
1016 2139 1097 2195 τὸ.
1143 2138 1438 2206 Ἀργύριον
1479 2138 1578 2192 καὶ
1626 2138 1884 2206 χρυσίον
1914 2139 2028 2207 οὐχ

443 2220 701 2290 ὑπάρχει
748 2237 886 2290 μοι·
934 2220 1210 2283 πολιτείας
1263 2220 1374 2291 γὰρ
1408 2221 1469 2274 τὸ
1506 2224 1874 2295 καταφρονεῖν
1917 2222 2028 2275 τῶν

443 2305 650 2375 γηΐνων
676 2304 1036 2376 πραγμάτων,
1058 2303 1116 2356 τὸ
1135 2303 1286 2375 ῥῖψαι
1316 2306 1384 2358 τά
1402 2305 1738 2376 ὑπάρχοντα,
1774 2306 1834 2359 τὸ
1864 2307 2031 2377 ὑπερ-

445 2389 575 2442 ιδεῖν
605 2387 704 2458 τῆς
734 2386 1018 2458 παρούσης
1060 2386 1453 2458 ματαιότητος·
1488 2387 1675 2458 θαῦμα
1713 2388 1772 2442 δὲ
1814 2388 1877 2442 τὸ
1912 2387 2028 2462 [69]

443 2473 654 2540 ἐγεῖραι
683 2470 774 2523 τὸν
796 2469 987 2539 χωλὸν,
1015 2469 1078 2523 τὸ
1103 2469 1395 2540 διορθῶσαι
1420 2470 1489 2524 τὰ
1513 2471 1649 2542 μέλη
1673 2472 1741 2525 τὰ
1766 2489 2030 2545 πεπηρω-

448 2556 604 2624 μένοι.
655 2553 781 2606 Ἰδοὺ
812 2553 990 2606 τοίνυν
1021 2553 1112 2605 καὶ
1153 2551 1394 2606 πολιτεία
1435 2554 1528 2606 καὶ
1559 2553 1765 2625 θαῦμα.
1801 2556 2031 2627 ἰδωμεν

442 2633 537 2690 οὖν
567 2636 729 2690 πόθεν
752 2636 779 2687 ὁ
805 2635 1010 2705 Πέτρος
1043 2637 1334 2706 καυχᾶται.
1358 2637 1422 2689 Τί
1453 2633 1640 2703 ein-av;
1673 2639 1796 2692 Ὀτι
1817 2638 2030 2710 θαύμα-

441 2737 512 2773 τα
562 2721 816 2790 ἐποίησε;
862 2719 1036 2772 καίτοι
1080 2719 1338 2789 θαύματα
1379 2715 1447 2791 ἦν
1491 2721 1812 2793 πεποιηκὼς
1870 2722 2026 2775 τότε·

442 2804 560 2858 ἀλλ’
591 2803 692 2856 οὐκ
746 2800 867 2856 εἷπε
911 2802 1070 2856 τοῦτο
1092 2821 1104 2834 ·
1150 2803 1287 2857 ἀλλά
1316 2803 1406 2869 τίς
1458 2804 1588 2858 Ἰδοὺ
1624 2807 1787 2876 ἡμεῖς
1811 2807 2030 2878 ἀφήκα-

446 2905 548 2958 μεν
573 2887 771 2951 πάντα,
815 2887 911 2938 καὶ
952 2886 1402 2958 ἠκολουθήσαμέν
1431 2905 1534 2942 σοι.
1560 2883 1714 2951 Εἶδες
1741 2888 1842 2954 τὴν
1873 2888 2028 2942 πολι-

440 2973 596 3024 τείαν
631 2970 726 3025 καὶ
758 2970 819 3022 τὸ
845 2969 1051 3039 θαῦμα,
1085 2971 1176 3024 καὶ
1213 2971 1312 3042 τὴν
1353 2970 1630 3026 πολιτείαν
1658 2972 2029 3042 στεφανουμέ-

441 3073 574 3125 νην;
609 3055 674 3106 Τί
703 3051 796 3107 οὖν
824 3054 852 3106 ὁ
886 3055 925 3105 Χ
938 3053 1154 3125 ριστός;
1187 3054 1388 3106 Τοῦτον
1429 3054 1726 3118 ἀπεδέξατο
1768 3054 1861 3108 καὶ
1925 3057 2026 3107 ἐπ-

447 3138 628 3208 mace.
660 3136 823 3206 Λέγω
846 3135 955 3205 γὰρ
981 3135 1142 3204 ὑμῖν,
1169 3136 1352 3206 φησὶν,
1375 3135 1464 3190 ὅτι
1489 3137 1657 3207 ὑμεῖς
1685 3140 1740 3192 οἱ
1773 3138 2028 3208 ἀφέντες

443 3231 656 3294 οἰκίας,
687 3230 782 3282 καὶ
829 3226 898 3280 τά
931 3227 1112 3282 λοιπά.
1161 3229 1275 3282 Οὐκ
1317 3223 1493 3294 εἶπεν,
1541 3232 1603 3284 Οἱ
1624 3231 2028 3303 ἀναστήσαντες

441 3321 692 3392 νεκροὺς,
735 3319 851 3372 ἀλλ’
894 3318 1082 3389 Ὑμεῖς
1131 3323 1185 3374 οὶ
1234 3320 1490 3390 ἀφέντες
1546 3323 1621 3377 τὰ
1676 3323 2028 3394 ὑπάρχοντα

445 3417 628 3486 ὑμῶν,
663 3415 1005 3482 καθήσεσθε
1030 3415 1127 3468 ἐπὶ
1159 3413 1392 3469 δώδεκα
1439 3415 1720 3482 θρόνους·
1769 3418 1866 3470 καὶ
1917 3419 2026 3481 πᾶς

442 3511 590 3572 ὅστις
614 3509 794 3580 ἀφῆκε
821 3507 891 3560 τὰ
914 3508 1228 3578 ὑπάρχοντα
1255 3507 1406 3578 αὐτῷ
1428 3507 1627 3571 πάντα,
1662 3509 1868 3581 ταύτης
1889 3510 2024 3564 ἀπο-

439 3599 698 3652 λαύσεται
733 3599 835 3668 τῆς
875 3599 1062 3670 τιμῆς.
1098 3599 1173 3651 Οὐ
1218 3598 1448 3652 δύνασαι
1488 3599 1796 3670 ἀναστῆσαι
1823 3601 2022 3670 χωλὸν,

440 3692 692 3762 καθάπερ
713 3692 742 3743 ὁ
763 3691 968 3761 Πέτρος
987 3706 1001 3755 ;
1045 3689 1206 3744 Ἀλλά
1226 3689 1452 3744 δύνασαι
1475 3692 1669 3756 εἰπεῖν,
1695 3691 1770 3754 ὡς
1795 3693 2021 3756 ἐκεῖνος·

452 3785 750 3852 Ἀργύριον
811 3783 910 3836 καὶ
967 3783 1228 3851 χρυσίον
1278 3785 1393 3852 οὑχ
1449 3781 1703 3853 ὑπάρχει
1745 3802 1868 3853 μοι.
1901 3785 2022 3839 Κᾶν

437 3873 597 3928 τοῦτο
646 3873 828 3946 εἴπῃς,
871 3873 1038 3941 ἐγγὺς
1087 3873 1274 3942 ἐγένου
1323 3873 1418 3927 τοῦ
1459 3875 1696 3945 Πέτρου·
1732 3874 1934 3946 μᾶλλον
1961 3876 2020 3929 δὲ

437 3965 562 4018 οὐδέ
610 3963 676 4018 ἂν
698 3964 881 4036 εἴπῃς.
908 3966 1023 4018 ἀλλ’
1053 3965 1148 4019 ἐὰν
1195 3967 1449 4039 ποιήσῃς.
1478 3967 1554 4022 Οὐ
1593 3965 1817 4040 δύνασαι
1847 3967 2020 4040 ξηρὰν

437 4057 728 4127 διορθῶσαι
771 4060 956 4128 χεῖρα;
1002 4057 1162 4111 Ἀλλά
1200 4057 1426 4112 δύνασαι
1463 4057 1562 4130 τὴν
1596 4057 1826 4112 σεαυτοῦ
1860 4061 2020 4131 χεῖρα

440 4149 610 4219 ξηρὰν
636 4149 930 4219 γινομένην
963 4149 1067 4201 ὐπὸ
1097 4149 1496 4220 ἀπανθρωπίας
1526 4151 1751 4220 ποιῆσαι
1785 4149 2020 4220 ἐκταθῆ-

437 4256 526 4292 ναι
549 4238 638 4291 διὰ
665 4238 1095 4308 φιλανθρωπίας.
1121 4239 1217 4307 Μὴ
1252 4239 1408 4293 ἔστω
1435 4239 1566 4311 γὰρ,
1597 4239 1783 4312 φησὶν,
1813 4240 1852 4308 ἠ
1887 4241 2018 4309 χείρ

435 4348 555 4386 σου
585 4331 945 4401 ἐκτεταμένη
982 4335 1070 4399 εὶς
1102 4333 1168 4386 τὸ
1203 4332 1433 4396 λαϐεῖν,
1461 4334 1531 4387 έν
1555 4332 1624 4386 δέ
1670 4333 1752 4399 τῷ
1787 4333 2018 4389 διδόναι

434 4423 922 4492 σιινεσταλμένη.
959 4423 1123 4494 Ὁρᾷς
1151 4423 1232 4475 ὅτι
1265 4423 1363 4494 οὐχ
1393 4425 1425 4494 ή
1459 4423 1713 4495 ξηρότης,
1744 4425 1881 4479 ἀλλὰ
1923 4427 2017 4480 καὶ

434 4515 804 4587 ἁπανθρωπία
831 4514 1108 4567 συστέλλει
1136 4515 1235 4584 τὴν
1258 4517 1448 4586 χεῖρας
1488 4515 1769 4569 Ἔκτεινον
1798 4512 1892 4570 οὖν
1918 4516 2016 4570 αὐ-

433 4611 533 4680 τὴν
553 4609 644 4662 διά
674 4606 1087 4678 φιλανθρωπίας
1134 4606 1228 4660 καὶ
1255 4605 1646 4676 ἐλεημοσύνης.
1679 4607 1753 4660 Οὐ
1785 4606 2016 4661 δύνασαι

433 4703 685 4757 ἐκϐαλεῖν
720 4701 997 4772 δαίμονα;
1033 4699 1171 4751 Ἀλλ’
1201 4699 1399 4752 ἔκϐαλε
1441 4700 1734 4771 ἁμαρτίαν,
1769 4701 1863 4755 καὶ
1897 4703 2018 4772 μεί-

435 4796 565 4860 ζονα
596 4795 744 4866 λήψῃ
781 4793 992 4864 μισθόν.
1030 4787 1183 4854 Εἶδες
1229 4793 1344 4857 πῶς
1399 4792 1735 4864 πανταχοῦή
1769 4793 2016 4848 πολιτεία

435 4888 530 4940 καὶ
567 4885 635 4938 τὰ
660 4885 1059 4956 κατορθώματα
1097 4883 1319 4955 μείζονα
1346 4883 1568 4935 ἔπαινον
1601 4882 1714 4953 ἔχει
1741 4885 1851 4936 τῶν
1887 4885 2016 4938 θαυ-

439 4977 646 5046 μάτων,
694 4978 788 5029 καὶ
831 4977 1054 5030 πλείονα
1082 4977 1184 5045 τὴν
1213 4976 1478 5045 ἀμοιϐήν;
1511 4977 1572 5028 Εἰ
1605 4977 1662 5029 δὲ
1691 4975 1890 5046 βούλει,
1922 4979 2015 5031 καὶ

433 5068 702 5138 ἑτέρωθεν
729 5067 887 5121 τοῦτο
936 5067 1199 5138 δείξομεν.
1232 5066 1594 5134 Προσῆλθον
1621 5067 1800 5132 αὐτῷ,
1827 5070 2011 5138 φησὶν,

431 5164 483 5214 οἱ
507 5157 910 5228 ἐϐδομήκοντα
923 5156 1198 5228 μαθηταὶ,
1230 5157 1329 5211 καὶ
1349 5156 1612 5226 ἔχαιρον,
1647 5157 1747 5211 καί
1770 5158 2010 5226 ἔλεγον·

432 5253 629 5318 Κύριε,
669 5250 740 5304 ἐν
773 5248 852 5316 τῷ
877 5249 1124 5318 ὀνόματι
1162 5265 1280 5303 σου
1323 5249 1423 5302 καὶ
1453 5248 1526 5301 τὰ
1556 5248 1831 5318 δαιμόνια
1869 5249 2014 5317 ἡμῖν

431 5341 832 5395 ὑπακούουσι.
882 5341 990 5395 Καὶ
1019 5339 1182 5408 λέγει
1226 5339 1463 5404 αὐτοῖς·
1505 5337 1604 5406 Μὴ
1639 5341 1893 5408 χαίρετε,
1923 5340 2012 5393 ὅτι

431 5434 503 5487 τὰ
532 5434 807 5502 δαιμόνια
843 5432 986 5501 ὑμῖν
1007 5433 1318 5494 ὑπακούει,
1347 5431 1507 5487 ἀλλὰ
1533 5433 1786 5500 χαίρετε,
1820 5431 1908 5483 ὅτι
1941 5431 2013 5485 τὰ

431 5526 693 5594 ὀνόματα
722 5523 888 5594 ὑμῶν
916 5525 1235 5593 γέγραπται
1259 5524 1329 5577 ἐν
1360 5523 1482 5589 τοῖς
1505 5522 1802 5590 οὐρανοῖς.
1850 5523 2010 5594 Ὁρᾷς

433 5615 708 5685 πανταχοῦ
736 5614 835 5686 τὴν
859 5613 1132 5668 πολιτείαν
1161 5616 1611 5686 θαυμαζομένην;

503 5706 719 5780 ς’.Φέρε
737 5703 1304 5781 οῦν,ἀναλογισώμεθα
1315 5707 1382 5762 τά
1395 5709 1658 5782 εἰρημένα
1672 5709 1892 5764 ἄνωθεν·
1917 5710 1968 5762 Ἐ
1973 5727 2009 5765 ν

2125 390 2314 458 τούτῳ
2342 390 2670 460 γνώσονται
2696 390 2938 458 πάντες,
2972 392 3060 446 ὅτι
3088 392 3214 462 ἐμοὶ
3243 395 3501 462 μαθηταί
3543 397 3712 459 ἐστε.

2122 482 2231 536 ἐὰν
2256 481 2523 552 ἀγαπᾶτε
2558 483 2892 550 ἀλλήλους.
2941 485 3070 538 Ἰδού
3115 485 3224 538 ἀπὸ
3277 488 3573 552 πολιτείας,
3602 492 3708 544 οὐκ

2125 574 2234 628 ἀπὸ
2264 574 2559 645 θαυμάτων
2587 575 2648 628 τὸ
2677 577 2965 648 γνώρισμα
2998 577 3094 629 τοῦ
3127 577 3376 649 μαθητὰς
3402 575 3542 635 εἶναι
3567 582 3708 635 ἀπο-

2124 666 2414 720 δέδεικται.
2457 666 2660 735 Πέτρε,
2707 667 2904 737 φιλεῖς
2940 687 3012 736 με
3053 669 3245 723 πλέον
3285 672 3547 742 τούτων;
3578 676 3714 726 ποί-

2122 773 2300 826 μαινε
2323 757 2396 810 τὰ
2423 757 2687 825 πρόϐατά
2704 775 2844 826 μου.
2891 758 3020 812 ’1δού
3052 761 3146 812 καὶ
3177 761 3363 832 ἕτερον
3398 763 3714 834 γνώρισμα.

2128 850 2222 902 καὶ
2257 849 2388 902 αὐτὸ
2427 849 2588 902 πάλιν
2613 850 2721 903 ἀπὸ
2746 849 3040 912 πολιτείας.
3083 849 3278 921 Τρίτον
3320 852 3483 907 πάλιν
3519 854 3717 925 γνώρι-

2131 954 2264 1009 σμα·
2295 937 2393 1006 Μὴ
2424 939 2677 1007 χαίρετε,
2705 939 2795 992 ὅτι
2835 939 2906 993 τὰ
2946 939 3220 1009 δαιμόνια
3236 939 3379 1010 ὑμῖν
3398 945 3714 1004 ὑπακούει,

2127 1027 2288 1082 ἀλλὰ
2317 1030 2568 1097 χαίρετε,
2597 1029 2686 1082 ὅτι
2720 1030 2792 1083 τὰ
2819 1031 3077 1099 ὀνόματα
3102 1029 3271 1100 ὑμῶν
3305 1031 3620 1105 γέγραπται
3643 1037 3717 1089 ὲν

2129 1119 2253 1184 τοῖς
2278 1119 2576 1187 οὐρανοῖς.
2613 1121 2724 1174 Καὶ
2749 1119 2907 1175 τοῦτο
2930 1120 3205 1186 πολιτείας
3229 1122 3392 1178 πάλιν
3426 1126 3680 1197 κατόρθω
3695 1158 3714 1167 -

2133 1229 2230 1283 μα.
2259 1213 2448 1266 Βούλει
2471 1214 2564 1266 καὶ
2599 1213 2873 1284 τετάρτην
2927 1213 3200 1278 ἀπόδειξιν
3236 1215 3429 1269 τούτου
3480 1219 3717 1288 μαθεῖνς

2129 1303 2454 1373 Λαμψάτω,
2479 1304 2634 1375 φησὶ,
2663 1305 2730 1357 τὸ
2759 1304 2885 1374 φῶς
2912 1305 3079 1374 ὑμῶν
3109 1305 3450 1375 ἔμπροσθεν
3467 1306 3588 1361 τῶν
3607 1308 3716 1362 ἁν-

2129 1396 2396 1464 θρώπων,
2432 1397 2533 1449 ἵνα
2559 1396 2732 1451 ἴδωσι
2755 1396 2829 1451 τὰ
2856 1396 3013 1451 καλὰ
3033 1395 3200 1467 ὑμῶν
3220 1398 3386 1468 ἔργα,
3418 1400 3518 1452 καὶ
3539 1399 3721 1464 δοξά-

2128 1505 2284 1542 σωσι
2308 1489 2416 1542 τὸν
2431 1487 2661 1557 Πατέρα
2689 1488 2856 1559 ὑμῶν
2877 1489 2984 1543 τὸν
3003 1490 3074 1543 ἐν
3097 1490 3222 1557 τοῖς
3243 1493 3541 1560 οὐρανοῖς.
3583 1495 3719 1548 Ἰδοὺ

2130 1579 2223 1632 καὶ
2240 1579 2475 1634 ἐνταῦθα
2491 1581 2626 1652 ἔργα
2653 1582 2924 1650 φαίνεται.
2945 1583 3057 1636 Καὶ
3079 1583 3209 1636 ὅταν
3230 1583 3362 1656 λέγῃ
3376 1585 3538 1639 πάλιν
3558 1587 3721 1641 ’Ὅσ-

2128 1688 2220 1736 τις
2240 1672 2480 1741 ἀφῆκεν
2509 1673 2726 1738 οὶκίαν,
2749 1673 2788 1742 ἢ
2818 1673 3142 1743 ἀδελφοὺς,
3165 1674 3201 1743 ἢ
3224 1675 3492 1746 ἀδελφὰς
3509 1677 3722 1731 ἕνεκεν

2143 1764 2311 1834 ἐμοῦ,
2339 1764 2944 1820 ἑκατονταπλασίονα
2966 1765 3246 1835 λήψεται,
3281 1769 3377 1820 καὶ
3411 1767 3563 1836 ζωὴν
3581 1770 3721 1824 aid)-

2129 1872 2264 1909 νιον
2292 1857 2760 1927 κληρονομήσει,
2793 1857 2893 1928 τὴν
2923 1858 3200 1914 πολιτείαν
3242 1861 3474 1924 ἐπαινεῖ,
3509 1864 3604 1916 καὶ
3624 1864 3721 1916 τὸν

2128 1946 2562 2019 διηκριϐωμένον
2616 1947 2751 2019 βίον.
2787 1946 2944 2014 Εἶδες
2977 1951 3107 2013 τούς
3154 1951 3403 2022 μαθητάς
3459 1954 3570 2006 ἀπὸ
3621 1954 3722 2008 τοῦ

2131 2039 2304 2108 φιλεῖν
2336 2039 2596 2110 ἀλλήλους
2656 2041 3112 2113 γνωριζομένους,
3159 2043 3250 2097 τὸν
3288 2043 3345 2096 δέ
3399 2043 3540 2114 ὑπὲρ
3590 2048 3722 2110 τοὺς

2129 2131 2462 2197 ἀποστόλους
2489 2133 2746 2203 φιλοῦντα
2768 2134 2859 2188 τὸν
2887 2136 3123 2205 Χριστὸν
3148 2136 3258 2190 ἀπὸ
3279 2135 3373 2190 τοῦ
3405 2139 3724 2207 ποιμαίνειν

2128 2223 2256 2289 τοὺς
2301 2226 2566 2295 ἀδελφοὺς
2611 2227 2957 2298 φαινόμενον,
2990 2230 3115 2292 τοὺς
3159 2230 3218 2283 δὲ
3262 2230 3573 2298 ὀφείλοντας
3603 2233 3722 2303 χαί-

2135 2333 2269 2387 ρειν,
2299 2317 2399 2371 οὐκ
2437 2319 2547 2372 ἀπὸ
2594 2320 2689 2373 τοῦ
2717 2320 2982 2392 δαίμονας
3011 2321 3316 2386 ἐκϐάλλειν,
3344 2321 3460 2374 ἀλλ’
3482 2322 3591 2375 ἀπὸ
3622 2321 3724 2376 τοῦ

2133 2409 2505 2480 ἐγγεγράφθαι
2542 2413 2600 2464 ἐν
2649 2411 2762 2485 [70]
2803 2413 2882 2484 τῷ
2934 2412 3148 2485 οὐρανῷ
3189 2413 3579 2484 κελευομένους
3623 2414 3722 2468 εὐ-

2133 2497 2476 2569 φραίνεσθαι,
2530 2503 2626 2554 καὶ
2655 2503 2782 2566 τοὺς
2809 2503 2907 2574 μὲν
2932 2503 3022 2556 τὸν
3061 2503 3195 2556 Θεὸν
3248 2503 3572 2568 δοξάζοντας
3609 2506 3724 2558 ἀπὸ

2130 2587 2230 2658 τῆς
2259 2587 2369 2641 τῶν
2412 2589 2589 2661 ἔργων
2624 2590 3011 2663 λαμπρότητος
3048 2593 3453 2664 δεικνυμένους,
3496 2597 3623 2652 τούς
3662 2595 3722 2649 δὲ

2131 2676 2277 2748 ζωῆς
2306 2679 2660 2751 ἐπιτυχόντας
2709 2681 2803 2735 καὶ
2840 2682 3367 2736 ἑκατονταπλασίονα
3407 2683 3723 2754 λαμϐάνον-

2130 2787 2248 2834 τας,
2308 2771 2417 2826 ἀπὸ
2482 2775 2580 2844 τῆς
2633 2771 2742 2825 τῶν
2808 2773 3092 2844 παρόντων
3132 2773 3392 2827 ἁπάντων
3413 2775 3721 2846 ὑπεροψίας

2131 2863 2486 2933 ἐπιτυχόντας
2535 2862 2740 2934 ταύτης
2767 2863 2867 2933 τῆς
2895 2863 3126 2934 δωρεᾶς.
3181 2864 3419 2928 Τούτους
3477 2867 3721 2936 μίμησαι

2131 2954 2360 3018 πάντας,
2393 2954 2487 3006 καὶ
2516 2954 2721 3025 δυνήσῃ
2762 2955 2856 3007 καὶ
2905 2954 3156 3026 μαθητὴς
3198 2949 3357 3020 εἶναι,
3389 2957 3483 3009 καὶ
3512 2958 3570 3010 ἐν
3603 2961 3721 3023 τοῖς

2129 3047 2304 3118 φίλοις
2327 3045 2420 3100 τοῦ
2453 3045 2587 3099 Θεοῦ
2620 3045 2992 3115 ἀριθμεῖσθαι,
3023 3046 3117 3099 καὶ
3165 3045 3409 3113 δοξάζειν
3436 3047 3532 3100 τὸν
3559 3049 3716 3112 Θεὸν,

2127 3137 2344 3208 καὶτῆς
2393 3137 2614 3191 αἰωνίου
2654 3135 2802 3206 ζωῆς
2831 3135 3176 3190 ἀπολαῦσαι·
3211 3139 3308 3191 καὶ
3349 3137 3502 3191 οὐδὲν
3560 3139 3719 3194 ἔσται.

2128 3247 2210 3284 σοι
2231 3228 2461 3300 κώλυμα
2485 3228 2620 3300 πρὸς
2649 3228 2709 3280 τὸ
2741 3230 2924 3300 τυχεῖν
2950 3229 3058 3281 τῶν
3084 3228 3305 3296 ἀγαθῶν
3340 3229 3618 3296 ἁπάντων,
3651 3231 3716 3285 τὸ

2131 3320 2206 3396 μὴ
2243 3323 2418 3374 ποιεῖν
2464 3323 2687 3391 σημεῖα,
2733 3319 2829 3373 ἐάν
2874 3319 3149 3372 πολιτείαν
3191 3320 3321 3390 ἔχῃς
3347 3320 3720 3393 διηκριϐωμέ-

2125 3427 2246 3482 νην.
2271 3410 2382 3463 Kal
2407 3409 2515 3480 γὰρ
2541 3410 2702 3473 αὐτὸς
2727 3411 2886 3463 τοῦτο
2909 3410 2970 3462 τὸ
2992 3410 3186 3480 ὄνομα,
3206 3412 3436 3482 Πέτρος,
3464 3413 3565 3464 οὐκ
3605 3413 3721 3466 ἀπὸ

2127 3501 2424 3573 θαυμάτων
2472 3502 2568 3554 καὶ
2615 3502 2856 3571 σημείων
2901 3501 3110 3563 ἔλαϐεν,
3141 3502 3256 3556 ἀλλ’
3288 3504 3397 3556 ἀπὸ
3428 3502 3590 3574 ζήλου
3621 3508 3718 3558 καὶ

2126 3590 2350 3660 φίλτρου
2373 3593 2620 3662 γνησίου.
2647 3591 2781 3645 Οὐδὲ
2803 3591 2912 3662 γὰρ
2933 3592 3116 3662 ἐπειδὴ
3147 3594 3375 3664 νεκροὺς
3399 3593 3716 3666 ἀνέστησεν,

2121 3683 2244 3737 οὐδὲ
2283 3683 2470 3755 ἐπειδὴ
2511 3682 2683 3754 χωλὸν
2729 3682 3075 3754 ἀνώρθωσεν,
3107 3683 3283 3748 οὕτως
3341 3683 3715 3758 ἐκλήθηοάλλ⁹

2120 3776 2311 3848 ἐπειδὴ
2339 3778 2522 3830 πίστιν
2561 3775 2700 3848 μετά
2747 3777 2847 3848 τῆς
2890 3777 3177 3848 ὁμολογίας
3216 3778 3525 3843 ἐπεδείξατο
3580 3797 3720 3852 γνηο

2123 3869 2266 3936 σίαν,
2303 3869 2365 3922 τὸ
2398 3869 2569 3938 ὄνομα
2608 3867 2767 3922 τοῦτο
2796 3867 3222 3939 ἐκληρονόμησε,
3257 3871 3342 3925 Σὺ
3377 3867 3434 3925 εἷ
3466 3871 3716 3940 Πέτρος,

2121 3959 2221 4016 καί
2253 3959 2354 4013 ἐπὶ
2385 3961 2570 4029 ταύτῃ
2590 3958 2667 4028 τῇ
2693 3959 2877 4029 πέτρᾳ
2898 3961 3272 4032 οἰκοδομήσω
3293 3982 3412 4032 μου
3434 3963 3548 4032 τὴν
3588 3966 3718 4019 Ἐκ-

2121 4051 2410 4120 κλησίαν.
2457 4050 2558 4104 Διά
2607 4051 2690 4116 τί;
2723 4051 2836 4122 Οὐχ
2865 4053 2947 4105 ὅτι
2986 4053 3238 4123 θαύματα
3288 4055 3564 4125 ἐποίησεν,
3595 4056 3717 4110 ἀλλ’

2119 4145 2203 4198 ὅτι
2240 4141 2381 4198 εἷπε·
2422 4143 2506 4198 Σὺ
2547 4139 2605 4198 εἷ
2650 4147 2684 4198 ό
2735 4145 2988 4212 Χριστὸς
3021 4148 3054 4198 ὁ
3100 4146 3231 4211 Υἱὸς
3263 4147 3369 4201 τοῦ
3407 4149 3555 4202 Θεοῦ
3605 4148 3718 4204 τοῦ

2117 4235 2356 4302 ζῶντος.
2404 4235 2566 4306 Ὁρᾷς
2598 4230 2680 4289 ὅτι
2727 4237 2820 4289 καὶ
2861 4236 2993 4290 αὐτὸ
3034 4237 3096 4289 τὸ
3154 4238 3360 4308 Πέτρον
3419 4240 3714 4311 κληθῆναι,

2117 4327 2219 4381 οὐκ
2265 4326 2374 4381 ἀπὸ
2422 4326 2740 4397 θαυμάτων,
2793 4327 2908 4380 ἀλλ’
2955 4328 3064 4381 ἀπὸ
3115 4329 3278 4398 ζήλου
3309 4333 3715 4404 πεπυρωμένου

2119 4420 2282 4474 ἔλαϐε
2336 4419 2436 4490 τὴν
2481 4419 2677 4491 ἀρχήν.
2733 4421 2874 4474 Ἀλλ’
2927 4422 3120 4492 ἐπειδὴ
3150 4423 3356 4492 Πέτρου
3408 4427 3713 4498 ἐμνήσθην,

2118 4511 2340 4580 εἰσῆλθέ
2382 4529 2474 4583 μοι
2524 4512 2617 4566 καὶ
2669 4512 2858 4582 ἐτέρου
2891 4513 3097 4585 Πέτρου
3133 4515 3344 4586 μνήμη,
3388 4516 3483 4569 τοῦ
3527 4519 3713 4574 κοινοῦ

2119 4603 2348 4677 πατρὸς,
2381 4605 2476 4658 καὶ
2499 4604 2844 4670 διδασκάλου,
2875 4605 2934 4669 ὃς
2968 4605 3066 4676 τὴν
3088 4607 3298 4659 ἐκείνου
3326 4607 3714 4681 διαδεξάμενος

2119 4694 2341 4766 ἀρετὴν,
2373 4695 2469 4749 καὶ
2491 4694 2590 4767 τὴν
2620 4695 2888 4766 καθέδραν
2916 4695 3321 4768 ἐκληρονόμησε
3351 4699 3449 4770 τήν
3473 4700 3707 4757 ἐκείνου.

2125 4786 2220 4838 Ἓν
2257 4785 2365 4856 γάρ
2405 4785 2500 4838 καὶ
2554 4784 2713 4838 τοῦτο
2768 4785 3145 4857 πλεονέκτημα
3175 4790 3277 4859 τῆς
3302 4792 3580 4860 ἡμετέρας
3610 4795 3710 4847 πό.

2117 4875 2274 4940 λεως,
2319 4877 2380 4930 τὸ
2423 4877 2531 4929 τῶν
2579 4877 2897 4931 ἀποστόλων
2949 4878 3040 4931 τὸν
3070 4884 3360 4951 κορυφαῖον
3404 4883 3590 4936 λαϐεῖν
3647 4887 3708 4940 ἐν

2117 4965 2260 5036 ἀρχῇ
2297 4964 2638 5019 διδάσκαλον.
2679 4966 2826 5018 Ἔδει
2856 4965 2966 5036 γὰρ
3008 4969 3106 5036 τὴν
3130 4970 3236 5037 πρὸ
3261 4969 3357 5039 τῆς
3379 4973 3706 5046 οἰκουμένης

2117 5055 2335 5126 ἀπάσης
2375 5056 2437 5108 τὸ
2473 5056 2580 5108 τῶν
2632 5057 2975 5128 Χριστιανῶν
3035 5059 3453 5132 ἀναδησαμένην
3501 5065 3702 5135 ὄνομα,

2115 5159 2207 5210 τὸν
2237 5158 2346 5211 τῶν
2397 5159 2712 5212 ἀποστόλων
2748 5159 2964 5229 πρῶτον
3011 5163 3244 5231 ποιμένα
3291 5165 3494 5220 λαϐεῖν.
3546 5170 3710 5224 Ἀλλά

2115 5250 2369 5313 λαϐόντες
2390 5250 2551 5302 αὐτὸν
2573 5250 2911 5317 διδάσκαλον,
2929 5252 3029 5304 οὐκ
3062 5254 3140 5316 είς
3167 5253 3317 5318 τέλος
3341 5257 3706 5330 κατέσχομεν,

2114 5340 2249 5393 ἀλλά
2277 5341 2750 5410 παρεχωρήσαμεν
2773 5343 2840 5411 τῇ
2893 5341 3122 5411 βασιλίδι
3155 5341 3337 5416 Ῥώμῃ
3361 5362 3374 5375 ·
3409 5348 3614 5417 μᾶλλον
3642 5356 3705 5408 δὲ

2115 5431 2192 5492 είς
2220 5429 2280 5482 τὸ
2310 5429 2460 5491 τέλος
2486 5429 2648 5482 αὐτὸν
2681 5432 3025 5502 ἐσχήκαμεν·
3062 5433 3123 5486 τὸ
3149 5435 3247 5504 μὲν
3276 5437 3383 5506 γὰρ
3407 5438 3569 5508 σῶμα
3597 5442 3713 5495 Πέ-

2112 5540 2243 5594 τρου
2273 5522 2333 5574 οὐ
2363 5521 2684 5592 κατέχομεν,
2719 5523 2819 5594 τὴν
2845 5523 2905 5576 δὲ
2935 5525 3116 5578 πίστιν
3147 5527 3354 5599 Πέτρου
3396 5531 3710 5601 κατέχομεν

2111 5618 2186 5680 ῶς
2216 5617 2420 5687 Πέτρον
2438 5631 2449 5643 ·
2475 5619 2572 5686 τὴν
2601 5617 2658 5670 δέ
2689 5619 2872 5672 πίστιν
2929 5621 3138 5692 Πέτρου
3164 5627 3506 5696 κατέχοντες,
3539 5629 3710 5682 αὐτὸν

2116 5710 2312 5782 ἔχομεν
2347 5710 2573 5782 Πέτρον.
2600 5709 2757 5766 Οῦτω
2781 5712 2874 5767 καὶ
2900 5715 2993 5770 τὸν
3021 5716 3230 5774 ἐκείνου
3261 5719 3508 5792 ζηλωτὴν
3531 5719 3712 5791 ὁρῶν-
