4010 6342
288 297 363 354 85
1412 298 1477 355 IN
1518 298 2041 357 INSCRIPTIONEM
2082 300 2407 358 ACTORUM
2451 298 2511 356 ΙΙ.
3522 306 3587 360 85

286 412 407 468 Non
434 414 651 469 sustulit
674 421 963 484 egestatem
996 414 1467 484 pecumarum,sed
1484 425 1771 485 egestatem
1793 430 1881 469 na~

289 514 426 558 tura:
445 504 700 558 correxit.

365 596 489 650 Non
532 607 653 650 sunt
698 598 1020 653 contumeliis
1058 598 1307 668 efﬁciendi
1348 616 1615 669 pauperes.
1658 630 1730 641 ——
1755 600 1888 655 Vide

288 687 611 743 modestiam
654 688 839 742 Petri:
877 689 1088 759 Respice
1134 690 1188 743 in
1231 707 1344 743 uos.
1390 690 1506 744 Non
1553 692 1889 747 contumeliis

289 780 497 846 affecit,
528 797 633 835 non
663 781 919 836 conviciis
950 781 1238 848 lacessivit,
1264 792 1322 836 ut
1347 781 1460 836 ﬁeri
1491 798 1522 837 a
1548 783 1701 837 nobis
1747 798 1891 853 srepe

290 889 519 929 numero
545 875 681 928 solet
708 874 761 927 in
797 889 892 929 eos
912 916 927 941 ,
957 876 1044 945 qui
1081 875 1234 930 nobis
1263 876 1533 946 supplices
1561 886 1887 945 occurrunt,

287 967 418 1020 dum
444 967 650 1020 crimen
672 965 779 1020 illis
802 965 1106 1035 objicimus,
1130 966 1272 1036 qttod
1290 967 1397 1020 sint
1419 967 1528 1022 otio
1552 966 1736 1023 dediti.
1755 968 1889 1022 Num

288 1059 435 1113 enim
468 1058 571 1113 hoc
597 1057 692 1112 tibi
721 1058 1028 1113 mandatum
1056 1065 1159 1123 est,
1193 1059 1265 1113 mi
1296 1059 1497 1114 homo?
1524 1059 1639 1114 Non
1668 1060 1760 1115 tibi
1787 1062 1889 1115 im-

294 1152 525 1221 peravit,
559 1160 617 1206 ut
645 1150 906 1206 desidiam
936 1152 1010 1205 illi
1036 1151 1333 1221 objiceres,
1363 1152 1457 1207 sed
1485 1164 1543 1207 ut
1571 1154 1737 1224 ipsius
1763 1168 1891 1223 cge-

296 1242 428 1295 stati
455 1241 751 1296 remedium
776 1240 1093 1303 adhiberes;
1129 1257 1236 1296 non
1269 1250 1320 1296 te
1348 1242 1706 1312 improbitatis
1731 1258 1894 1297 accu-

291 1347 530 1389 satorem
560 1334 784 1400 creavit,
817 1333 912 1390 sed
944 1333 1209 1389 medicum
1232 1335 1549 1389 calamitatis
1577 1335 1891 1400 constituit;

292 1442 403 1480 non
446 1434 504 1480 ut
528 1424 805 1495 segnitiem
833 1425 1213 1495 exprobrares,
1244 1425 1339 1480 sed
1368 1435 1424 1479 ut
1443 1426 1747 1495 jacetttibus
1775 1442 1893 1480 ma-

294 1534 424 1571 num
452 1518 783 1588 porrigeres;
809 1532 913 1571 non
944 1525 1002 1571 ut
1031 1531 1210 1571 mores
1238 1517 1589 1586 vituperares,
1618 1516 1711 1571 sed
1738 1526 1794 1571 ut
1818 1515 1896 1570 fa-

293 1625 437 1663 metn
468 1608 705 1663 sedares.
726 1612 794 1661 At
822 1623 921 1663 nos
940 1603 1265 1662 centrarium
1296 1607 1517 1663 facimus
1541 1625 1556 1662 :
1581 1624 1683 1663 non
1711 1608 1899 1677 digna-

292 1718 421 1755 mur
449 1700 514 1755 ad
546 1716 645 1755 nos
673 1700 991 1756 accedentes
1020 1701 1259 1770 pecunia:
1287 1702 1565 1770 largitione
1591 1701 1772 1765 solari,
1800 1700 1897 1754 scd

290 1804 349 1847 et
397 1793 608 1848 illorum
646 1792 863 1847 vulnera
902 1792 1184 1847 criminum
1231 1793 1448 1862 insuper
1486 1791 1897 1861 exprobratione

294 1887 627 1940 vellicamus.
652 1884 792 1953 Qttin
819 1885 980 1939 etiam
1009 1884 1149 1955 apud
1180 1900 1466 1955 pauperem
1493 1899 1552 1938 se
1577 1894 1815 1949 excusat,
1835 1898 1897 1937 ac

295 1979 542 2032 modeste
567 1978 717 2033 illum
745 1978 1033 2049 alloquitur
1062 1996 1074 2032 :
1105 1977 1311 2032 Inclina
1335 1978 1478 2033 enim
1497 2019 1512 2043 ,
1544 1978 1743 2047 inquit,
1768 1995 1899 2048 pau-

295 2070 407 2138 peri
435 2068 543 2123 sine
574 2070 777 2123 tristitia
820 2086 995 2123 aurem
1034 2079 1202 2136 tuam,
1234 2078 1279 2122 et
1303 2068 1551 2138 responde
1578 2069 1656 2122 illi
1682 2069 1899 2139 paci/ica

294 2162 353 2212 in
383 2160 768 2214 mansuetudine
796 2160 986 2229 (Eccli.
1013 2162 1063 2215 4.
1098 2161 1179 2231 8).
1211 2164 1490 2231 Argentum
1515 2169 1561 2214 et
1587 2177 1768 2214 aurum
1798 2178 1897 2215 non

299 2254 461 2307 habeo
490 2269 508 2306 :
532 2254 668 2323 quod
696 2263 862 2307 autent
888 2255 1066 2319 habeo,
1095 2255 1190 2308 hoc
1219 2254 1306 2307 tibi
1339 2255 1403 2307 de
1427 2269 1446 2307 :
1467 2254 1519 2307 in
1550 2254 1749 2308 nomine
1773 2253 1900 2308 Jesu

296 2344 488 2398 Christi
512 2362 682 2415 surge,
696 2354 741 2399 et
760 2344 984 2401 ambula.
1000 2346 1115 2401 Duo
1125 2356 1247 2400 sunt
1263 2344 1365 2399 hoc
1391 2344 1526 2411 loco,
1542 2347 1897 2414 conversatio,

299 2447 356 2491 et
374 2438 707 2493 miraculum.
736 2437 1106 2505 Conversatio,
1132 2439 1406 2510 Argentum
1436 2449 1483 2492 et
1508 2455 1690 2492 aurum
1713 2447 1901 2495 nonest

298 2530 426 2582 mihi
445 2530 899 2586 :conversationis
928 2532 1069 2585 enim
1098 2541 1150 2586 et
1175 2530 1398 2585 actionis
1431 2538 1514 2585 cst
1541 2540 1779 2585 terrenas
1814 2546 1901 2585 res

300 2622 889 2691 despicere,facultates
906 2640 1029 2678 suas
1046 2624 1275 2694 ahjicere
1291 2632 1631 2693 ,pratscntcm
1648 2641 1903 2694 spernere

302 2704 592 2768 vanitatem
619 2733 634 2769 :
659 2715 971 2770 miraculum
998 2732 1122 2769 vero
1149 2725 1233 2771 est
1258 2715 1507 2770 claudum
1536 2716 1771 2771 excitare
1790 2757 1805 2781 ,
1838 2731 1903 2770 ac

303 2805 544 2859 membra
563 2806 798 2859 mutilata
819 2822 1029 2861 sanare.
1046 2807 1185 2862 Ecce
1200 2807 1290 2861 tibi
1303 2822 1431 2876 ergo
1442 2807 1902 2862 conversationem

303 2904 361 2947 et
384 2895 720 2951 miraculum.
741 2895 1026 2951 Videamus
1050 2907 1226 2951 autem
1254 2897 1391 2951 unde
1409 2897 1596 2953 Petrus
1624 2899 1902 2968 glorietur.

303 2985 447 3051 Quid
476 2986 646 3042 dixit?
670 3005 737 3043 au
767 3005 829 3045 se
852 2991 1106 3046 miracula
1134 2990 1400 3046 edidisse?
1428 2991 1665 3047 Tametsi
1694 2992 1907 3047 fuerant

304 3087 421 3133 tum
451 3080 591 3135 edita
615 3082 685 3136 ab
713 3082 830 3153 ipso
856 3084 1109 3138 miracula
1139 3102 1153 3139 :
1183 3084 1280 3141 sed
1311 3085 1412 3140 hoc
1437 3101 1542 3140 non
1575 3086 1747 3152 dixit;
1778 3086 1904 3156 quid

305 3174 475 3241 ergo?
494 3171 628 3227 Ecce
653 3191 743 3228 nos
769 3174 1062 3243 reliquimus
1100 3177 1301 3241 omnia,
1333 3186 1381 3231 et
1421 3178 1618 3247 sequuti
1656 3195 1830 3231 sumus
1861 3188 1907 3231 te

308 3266 521 3334 (Matth.
556 3269 642 3323 l9.
671 3268 790 3339 27).
814 3268 976 3324 Vides
1001 3271 1459 3325 conversationem
1482 3280 1537 3323 et
1565 3271 1902 3333 miraCulum,

308 3370 365 3413 et
392 3362 785 3415 conversationi
813 3361 1043 3430 palmam
1072 3362 1265 3415 tribui?
1294 3361 1428 3429 Quid
1465 3377 1594 3432 ergo
1629 3362 1907 3419 Christus?

306 3452 717 3507 Commendavit
739 3468 884 3519 eum,
917 3453 1169 3508 laudavit.
1196 3453 1325 3508 Dico
1345 3454 1485 3507 enim
1517 3452 1687 3519 vobis,
1716 3454 1903 3523 inquit,

307 3542 453 3611 quod
499 3558 597 3597 vos
641 3544 730 3613 qui
771 3544 1060 3614 reliquistis
1088 3546 1277 3599 domos
1302 3585 1319 3610 ,
1351 3552 1406 3599 et
1433 3560 1550 3612 qua:
1586 3552 1901 3613 sequuntur.

307 3636 426 3690 Non
448 3636 598 3702 dixit,
624 3637 723 3704 Qui
743 3647 984 3691 mortuos
1004 3638 1321 3703 suscitastis,
1348 3638 1441 3691 sed
1469 3636 1567 3690 Vos
1597 3639 1681 3708 qui
1701 3638 1910 3707 reliqui-

307 3728 399 3781 stis
444 3729 573 3782 bona
600 3739 783 3794 vestra,
806 3730 1037 3784 sedebitis
1055 3747 1206 3800 super
1231 3731 1372 3784 sedes
1405 3731 1670 3784 duodecim
1692 3730 1906 3801 (Matth.

314 3821 400 3876 19.
430 3820 525 3892 29)
558 3839 573 3875 :
604 3829 658 3875 et
679 3823 889 3886 omnis,
921 3822 1012 3893 qui
1057 3823 1333 3892 reliquerit
1360 3823 1537 3878 omnia
1582 3822 1719 3877 bona
1770 3837 1865 3877 sua
1890 3864 1907 3887 ,

312 3916 575 3969 honorem
606 3913 763 3967 istum
789 3924 1166 3984 consequetur.
1200 3914 1313 3969 Non
1347 3925 1498 3985 potes
1525 3915 1771 3970 claudum
1802 3916 1907 3970 eri-

310 4024 460 4077 gere,
483 4008 622 4062 sicut
648 4008 875 4062 Petrus?
905 4010 973 4062 At
1000 4018 1151 4077 potes
1178 4008 1377 4073 dicere,
1401 4018 1458 4064 ut
1484 4010 1572 4065 ille
1594 4008 1909 4080 :'Argentunt

311 4111 356 4154 et
387 4118 573 4154 aurum
603 4118 703 4154 non
726 4110 799 4154 est
825 4101 969 4154 mihi.
1002 4100 1155 4167 Quod
1186 4102 1230 4155 si
1257 4101 1615 4167 hocdixeris,
1650 4100 1820 4156 factus
1849 4118 1908 4157 es

314 4195 648 4263 propinquus
691 4193 1024 4248 Petrozimo
1059 4209 1190 4249 vero
1233 4209 1339 4247 non
1386 4194 1429 4247 si
1480 4193 1709 4258 dixeris,
1743 4193 1837 4247 sed
1865 4194 1909 4247 si

314 4286 532 4341 feceris.
562 4284 676 4340 NOII
707 4295 859 4354 potes
894 4286 1098 4339 aridam
1131 4302 1343 4339 manum
1373 4286 1601 4340 sanare?
1625 4284 1728 4339 Sed
1756 4294 1910 4354 potes

314 4393 535 4432 manum
576 4386 755 4442 tuam,
784 4392 944 4448 quam
990 4376 1352 4431 inhumanitas
1392 4375 1595 4429 aridam
1642 4374 1906 4441 reddidit,

317 4485 413 4538 per
451 4470 834 4525 humanitatem
872 4469 1183 4525 extendere.
1231 4468 1352 4523 Non
1392 4470 1455 4525 sit
1496 4470 1671 4531 enim,
1701 4468 1907 4539 inquit,

318 4571 552 4631 porrecta
575 4579 756 4615 manus
784 4572 872 4615 tua
890 4562 958 4615 ad
982 4561 1330 4631 accipiendum
1349 4602 1365 4628 ,
1389 4572 1436 4614 et
1462 4562 1529 4613 ad
1550 4560 1777 4614 dandum
1799 4561 1908 4614 col-

318 4655 447 4707 lecta
477 4653 664 4726 (Eccli.
694 4654 747 4709 4.
780 4654 895 4725 56).
921 4653 1087 4709 Vides
1115 4669 1221 4708 non
1266 4653 1566 4707 ariditatetn
1592 4694 1606 4717 ,
1632 4653 1727 4707 sed
1759 4653 1912 4706 inltu-

317 4746 631 4800 manitatem
673 4761 885 4816 quoque
916 4762 1129 4800 manum
1163 4744 1517 4799 contrahere?
1547 4742 1790 4798 Extende
1817 4742 1912 4811 igi-

318 4848 404 4892 tur
422 4838 567 4892 illam
588 4854 681 4907 per
699 4838 1078 4894 humanitatem
1102 4848 1156 4895 et
1175 4839 1593 4910 eleemosynam.
1617 4837 1730 4891 Non
1760 4846 1909 4906 potes

316 4933 621 4987 daemonem
648 4932 880 5002 ejicere?
909 4933 1013 4988 Sed
1045 4944 1319 5002 peccaturo
1348 4932 1482 5000 ejice
1502 4972 1518 4998 ,
1549 4931 1913 4999 majorcmque

316 5025 625 5081 mercedem
669 5025 919 5095 accipies.
951 5026 1111 5081 Vides
1151 5042 1257 5096 quo
1294 5036 1448 5095 pacto
1489 5025 1823 5080 conversatio
1861 5036 1915 5079 et

316 5122 462 5172 bona
511 5133 677 5184 opera
706 5118 964 5187 majorem
1011 5134 1168 5188 quam
1202 5118 1457 5172 miracula
1488 5116 1790 5172 mercedem
1816 5158 1830 5182 ,
1860 5124 1916 5171 et

320 5210 497 5276 maius
522 5210 797 5279 prtcmium
815 5211 1122 5265 merentur?
1136 5212 1213 5265 Ac
1230 5211 1275 5265 si
1297 5212 1447 5277 velis,
1471 5210 1684 5264 aliunde
1704 5225 1915 5278 quoque

319 5300 372 5353 id
404 5300 770 5355 ostendemus.
796 5302 1122 5355 Accesserant
1147 5302 1215 5354 ad
1238 5319 1371 5367 eum,
1393 5302 1580 5370 inquit,
1599 5300 1916 5369 septuaginta

318 5391 584 5461 discipuli,
604 5399 649 5445 et
673 5391 977 5462 gaudebant,
1009 5392 1351 5460 dicebantque,
1382 5391 1612 5451 Domine,
1633 5392 1685 5443 in
1714 5391 1917 5443 nomine

318 5492 412 5534 tuo
437 5483 587 5535 etiam
616 5483 868 5536 dtemonia
913 5484 1150 5537 obediunt
1177 5483 1338 5537 nobis.
1368 5481 1437 5535 Et
1466 5483 1535 5535 ait
1572 5483 1671 5535 illis
1698 5496 1715 5533 :
1742 5481 1915 5533 Nolite

316 5574 565 5645 gaudere,
585 5576 703 5644 quia
728 5576 980 5628 daemonia
1009 5577 1141 5628 vobis
1163 5575 1417 5637 obediunt,
1440 5575 1529 5627 scd
1555 5573 1785 5645 gaudete.
1800 5574 1918 5641 quia

320 5670 530 5722 nomina
558 5678 721 5722 vestra
758 5668 949 5737 scripta
990 5676 1106 5721 sunt
1152 5668 1204 5720 in
1243 5667 1377 5720 cwlis
1401 5664 1549 5736 (Luc.
1578 5667 1659 5720 l0.
1691 5665 1769 5719 l7.
1799 5664 1912 5735 20).

328 5756 492 5814 Vides
533 5757 731 5830 ubique
759 5757 1221 5816 conversationem
1252 5756 1492 5813 laudari?

2068 436 2120 490 6.
2164 436 2277 505 Age
2319 452 2445 506 ergo
2488 445 2839 491 retractemus
2868 452 2990 506 qua:
3034 451 3064 490 a
3097 435 3252 491 nobis
3290 445 3414 493 ante
3458 451 3581 493 sunt

1994 527 2155 583 dicta.
2200 527 2267 581 In
2311 528 2405 581 hoc
2448 539 2750 597 cegnoscent
2792 545 2987 593 omnes,
3037 530 3156 597 quia
3200 529 3442 599 discipuli
3490 530 3591 584 mei

1995 622 2132 687 estis,
2175 623 2220 675 si
2265 640 2352 676 vos
2387 622 2596 675 invicem
2632 622 2907 676 dilexeritis
2937 620 3116 694 (Joan.
3160 623 3246 676 15.
3297 620 3411 693 55).
3447 623 3586 677 Ecce

1997 728 2102 767 non
2126 729 2190 767 ex
2215 714 2504 779 miraculis,
2528 714 2621 768 sed
2646 729 2710 768 ex
2732 705 3134 767 conversatione
3158 712 3399 784 dignosci
3418 713 3582 768 disci-

1996 804 2151 873 pulos
2191 806 2614 859 demonstratum
2659 815 2761 859 est.
2797 804 2966 870 Petre,
3010 805 3183 873 diligis
3211 822 3290 858 me
3322 806 3436 874 plus
3465 805 3585 858 his?

1998 912 2148 966 pasce
2187 912 2302 950 oves
2345 913 2481 949 meas
2534 895 2653 963 (ld.
2710 895 2801 950 21.
2856 896 2972 965 17).
3012 895 3151 950 Ecce
3192 896 3416 950 alterum
3455 894 3593 949 indi-

1997 990 2160 1056 cium,
2185 998 2239 1043 et
2268 989 2371 1043 hoc
2402 1004 2586 1043 rursus
2626 1002 2656 1042 a
2696 988 3103 1043 conversatione
3136 1000 3428 1057 sumptum.
3460 989 3593 1043 Ter-

2000 1082 2129 1132 tium
2172 1094 2360 1133 rursus
2385 1080 2639 1133 indicium
2666 1095 2679 1131 :
2717 1078 2892 1132 Nolite
2918 1079 3160 1149 gaudere,
3196 1080 3314 1149 quia
3341 1079 3592 1133 dwmonia

1999 1171 2134 1225 vobis
2163 1171 2422 1234 obediunt,
2450 1170 2537 1223 sed
2568 1170 2798 1240 gaudete,
2824 1170 2942 1238 quia
2971 1169 3179 1222 nomina
3208 1180 3375 1222 vestra
3402 1170 3593 1239 scripta

1999 1272 2116 1316 sunt
2144 1263 2195 1314 in
2226 1262 2382 1315 ctelis.
2415 1262 2480 1314 Et
2524 1260 2625 1315 hoc
2661 1275 2845 1313 rursus
2885 1260 3310 1314 conversationis
3335 1271 3417 1312 est
3442 1271 3589 1314 recte

1996 1354 2220 1409 factum.
2273 1352 2366 1408 Vis
2395 1353 2556 1408 etiam
2586 1362 2828 1422 quartam
2876 1351 3034 1420 lmjus
3073 1352 3149 1406 rei
3179 1351 3594 1407 demonstratio-

2001 1461 2123 1501 nem
2166 1444 2536 1515 cognoscere?
2584 1443 2791 1507 Luceat,
2842 1443 3034 1513 inquit,
3080 1444 3173 1497 lux
3216 1455 3379 1498 vestra
3421 1460 3592 1497 coram

2002 1536 2306 1600 hominibus,
2350 1544 2402 1589 ut
2427 1536 2627 1589 videant
2652 1551 2807 1604 opera
2834 1545 2997 1589 uestra
3023 1535 3176 1599 bona,
3224 1544 3270 1589 et
3298 1535 3587 1605 glorificent

2003 1628 2211 1682 Patrem
2239 1637 2455 1682 vestrum
2492 1628 2577 1698 qui
2617 1628 2670 1681 in
2703 1626 2841 1681 cwlis
2870 1637 2940 1682 est
2975 1625 3186 1697 (Matth.
3224 1627 3279 1682 5.
3308 1628 3421 1698 16).
3452 1628 3590 1683 Ecce

2005 1721 2091 1774 hic
2128 1734 2343 1791 quoque
2396 1736 2557 1788 opera
2607 1728 2916 1773 occurrunt.
2970 1719 3038 1773 Et
3080 1734 3200 1774 cum
3246 1735 3434 1774 rursus
3473 1721 3589 1773 ait:

2005 1812 2246 1881 Quisquis
2302 1806 2558 1880 reliquerit
2602 1810 2828 1877 domum,
2881 1808 2957 1863 vel
3008 1809 3212 1879 fratres,
3264 1809 3343 1863 vel
3395 1826 3597 1863 sorores

2006 1915 2212 1975 prepter
2235 1920 2333 1966 me,
2366 1902 2655 1971 centuplum
2681 1902 2916 1972 accipiet,
2948 1911 2993 1954 et
3021 1902 3172 1954 vitam
3197 1911 3439 1956 (sternam
3470 1918 3591 1972 pos-

2002 1996 2181 2050 sidebit
2223 1995 2434 2067 (Matth.
2482 1994 2571 2050 l9.
2613 1992 2730 2064 29),
2785 1994 3247 2048 conversationem
3297 1994 3492 2058 laudat,
3544 2002 3600 2047 et

2006 2093 2169 2144 vitam
2215 2099 2479 2145 exactam.
2513 2088 2676 2143 Vides
2712 2088 3001 2156 discipulos
3043 2102 3107 2141 ex
3152 2101 3218 2141 eo
3262 2085 3423 2139 fuisse
3453 2086 3595 2139 desi-

2006 2192 2218 2253 gnatos,
2270 2182 2412 2252 quod
2464 2190 2652 2235 mutuo
2701 2195 2761 2235 se
2810 2180 3112 2250 diligerent,
3163 2194 3283 2232 eum
3339 2165 3466 2230 ὥτο
3505 2178 3597 2246 qui

2006 2274 2277 2329 Christum
2316 2287 2473 2342 supra
2500 2272 2773 2342 apostolos
2798 2270 3053 2341 diligebat
3089 2284 3155 2325 ex
3182 2284 3248 2324 eo
3273 2269 3591 2333 innotuisse,

2006 2365 2148 2436 quod
2180 2363 2372 2419 fratres
2414 2372 2658 2433 pasceret
2686 2381 2697 2416 :
2728 2377 2822 2418 eos
2842 2376 3006 2430 porro
3033 2362 3120 2430 qui
3144 2359 3379 2427 gaudere
3400 2360 3599 2413 debue-

2008 2464 2155 2523 runt,
2182 2470 2287 2509 non
2327 2470 2394 2509 ex
2420 2470 2487 2509 eo
2516 2453 2660 2525 quod
2699 2453 2957 2522 ejicerent
2982 2451 3277 2515 daemones,
3321 2449 3412 2503 sed
3443 2465 3507 2501 ex
3534 2464 3600 2501 c0

2009 2546 2149 2616 quod
2176 2561 2362 2601 eorum
2390 2544 2607 2598 nomina
2650 2544 2846 2613 scripta
2888 2543 2938 2595 in
2965 2540 3110 2596 caelis
3136 2549 3336 2603 essent,
3365 2538 3600 2609 gaudere

2004 2636 2185 2706 jussos
2222 2651 2363 2701 esse,
2409 2645 2569 2705 atque
2598 2635 2717 2688 illos
2747 2634 2835 2703 qui
2891 2633 3057 2687 Deum
3098 2631 3480 2701 glorificarent,
3525 2630 3595 2681 ab

2012 2743 2233 2798 operum
2283 2726 2569 2796 Splendore
2616 2725 2778 2779 fuisse
2816 2723 3156 2793 designatos;
3211 2736 3307 2775 eos
3345 2734 3475 2775 vero
3509 2720 3599 2787 qui

2010 2822 2175 2875 vitam
2217 2829 2650 2889 assequerentttr,
2703 2825 2755 2871 et
2805 2815 3111 2885 centuplum
3153 2813 3475 2883 acciperent,
3524 2810 3601 2864 id-

2011 2914 2156 2968 circo
2180 2911 2441 2980 ejusmodi
2470 2924 2690 2963 munere
2707 2908 2915 2972 donari,
2939 2904 3082 2976 quod
3102 2903 3381 2974 prresentia
3405 2913 3599 2955 cuncta

2012 3002 2454 3072 contempserint.
2480 3001 2589 3055 Hos
2615 3013 2805 3054 omnes
2836 2998 3064 3061 imitare,
3083 2994 3443 3095 etdiscipulus
3470 3008 3592 3047 esse

2014 3094 2233 3166 poteris,
2261 3103 2419 3163 atque
2443 3094 2579 3146 inter
2604 3091 2806 3145 amicos
2832 3090 2925 3145 Dei
2968 3084 3259 3151 numerari,
3287 3087 3451 3140 Deum
3486 3084 3601 3153 glo-

2013 3190 2245 3254 rificare,
2267 3204 2330 3242 ac
2358 3188 2465 3241 vita
2492 3198 2691 3240 aeterna
2719 3184 2875 3254 potiri
2910 3201 2924 3238 :
2948 3197 3048 3237 nec
3078 3181 3458 3251 impedimento
3490 3179 3597 3231 ullo

2020 3283 2112 3337 tibi
2162 3297 2281 3336 esse
2312 3279 2523 3348 poterit,
2565 3276 2851 3348 quominus
2892 3275 3029 3329 bona
3074 3272 3375 3341 assequeris
3404 3269 3602 3331 otnnia,

2017 3373 2157 3444 quod
2180 3374 2328 3442 signa
2355 3386 2460 3424 non
2483 3368 2667 3433 facias,
2701 3369 2745 3421 si
2776 3364 3237 3421 conversationem
3271 3360 3522 3414 mundam
3551 3367 3608 3412 et

2017 3475 2258 3519 exactam
2285 3478 2394 3532 pra:
2425 3470 2475 3514 te
2502 3461 2663 3514 feras.
2687 3457 2818 3512 Nam
2846 3467 2897 3511 et
2925 3455 3041 3525 ipse
3070 3455 3259 3508 l’etrus
3286 3452 3386 3505 hoc
3410 3466 3602 3503 nomen

2018 3571 2124 3610 non
2158 3563 2375 3624 propter
2403 3550 2658 3606 miracula
2698 3549 2779 3604 vel
2806 3549 2956 3619 signa
2987 3547 3211 3615 recepit,
3254 3543 3348 3598 sed
3389 3552 3607 3612 propter

2018 3646 2213 3711 zelum,
2240 3658 2584 3712 amoremque
2611 3642 2896 3696 sincerum.
2924 3638 3104 3708 Neque
3133 3638 3275 3691 enim
3305 3636 3426 3705 quia
3459 3651 3607 3688 mor—

2020 3746 2141 3790 tuos
2162 3735 2464 3798 suscitarat,
2494 3742 2585 3786 aut
2605 3732 2727 3801 quia
2755 3730 3001 3784 claudum
3028 3737 3296 3792 erexerat,
3326 3727 3402 3779 sic
3427 3726 3609 3794 appel-

2019 3828 2159 3881 latus
2184 3834 2299 3890 est;
2332 3824 2425 3879 sed
2457 3824 2580 3892 quia
2625 3822 2781 3876 fidem
2813 3836 2935 3874 cum
2975 3817 3312 3873 confessione
3340 3816 3605 3870 sinceram

2018 3916 2360 3981 exhibuerat,
2410 3914 2513 3968 hoc
2559 3927 2755 3966 nomen
2810 3910 3056 3965 obtinuit.
3099 3907 3181 3961 Tu
3223 3924 3274 3961 es
3327 3906 3530 3967 Petrus,
3560 3915 3609 3958 et

2017 4026 2169 4078 super
2186 4009 2317 4060 hanc
2333 4017 2520 4076 petram
2534 4003 2795 4072 ardi/icabo
2817 4002 3093 4055 Ecclesium
3109 4016 3268 4052 meam
3286 3997 3496 4069 (Matth.
3520 3998 3604 4051 16.

2020 4098 2132 4169 18).
2160 4100 2330 4164 Quam
2370 4097 2438 4151 ob
2466 4094 2727 4149 causam?
2756 4092 2866 4145 Non
2898 4091 3020 4161 quia
3046 4089 3166 4143 fecit
3206 4088 3483 4152 miracula,
3512 4087 3605 4140 sed

2019 4189 2141 4259 quia
2169 4188 2324 4252 dixit,
2347 4185 2423 4239 Tu
2452 4202 2504 4239 es
2533 4183 2758 4238 Christus
2783 4180 2948 4235 Filius
2976 4179 3071 4233 Dei
3101 4179 3217 4233 vivi.
3245 4177 3403 4232 Vides
3433 4176 3602 4246 ipsam

2019 4281 2179 4335 etiam
2213 4279 2355 4335 Petri
2397 4277 2807 4347 appellationem
2853 4289 2957 4327 non
2995 4288 3025 4325 a
3070 4270 3361 4334 miraculis,
3399 4269 3491 4323 sed
3537 4268 3606 4320 ab

2019 4371 2229 4426 ardenti
2275 4371 2390 4424 zelo
2430 4370 2639 4423 initium
2670 4364 2928 4420 duxisse?
2970 4363 3164 4417 Verum
3209 4360 3423 4430 quando
3463 4358 3606 4412 l‘ctri

2020 4464 2121 4517 feci
2148 4464 2497 4526 mentionem,
2527 4460 2692 4514 subiit
2725 4457 2960 4510 animum
2999 4470 3177 4508 meum
3217 4452 3435 4506 alterius
3465 4450 3607 4504 Petri

2021 4554 2341 4618 recordatio,
2383 4552 2685 4607 communis
2714 4549 2878 4619 patris
2905 4558 2957 4601 et
2982 4546 3219 4601 doctoris
3237 4545 3337 4617 (a),
3366 4544 3456 4613 qui
3484 4558 3605 4598 cum

2022 4650 2095 4705 illi
2130 4650 2181 4703 in
2210 4648 2405 4702 virtute
2431 4644 2799 4708 successisset,
2825 4642 2986 4697 etiam
3021 4639 3163 4693 illius
3196 4636 3501 4692 cathedram
3524 4642 3609 4688 est

2020 4742 2263 4811 adeptus.
2310 4739 2434 4793 Hice
2470 4738 2612 4792 enim
2662 4744 2744 4789 est
2790 4748 2891 4787 una
2937 4732 3097 4785 etiam
3137 4738 3334 4782 nostra:
3375 4726 3608 4781 civitatis

2023 4835 2369 4905 prarrogativa
2399 4830 2694 4901 dignitatis.
2741 4827 2882 4897 quod
2917 4824 3208 4894 principem
3242 4820 3605 4888 apostolorum

2020 4929 2087 4981 ab
2130 4926 2281 4980 initio
2310 4924 2584 4978 doctorem
2610 4918 2899 4989 acceperit.
2928 4915 3163 4985 Equum
3205 4913 3347 4967 enim
3387 4920 3524 4975 erat,
3554 4920 3613 4964 ut

2021 5036 2107 5085 ea,
2138 5034 2258 5089 quae
2301 5017 2519 5071 nomine
2547 5013 2974 5068 Christianorum
3015 5015 3140 5061 ante
3179 5004 3487 5059 universum
3515 5016 3607 5056 or-

2024 5111 2144 5166 bem
2182 5119 2445 5164 terrarum
2471 5115 2659 5160 ornata
2703 5103 2821 5169 fttit,
2856 5099 3087 5171 primum
3128 5094 3491 5165 apostolorum
3524 5107 3613 5160 pa-

2023 5215 2225 5259 storem
2261 5200 2547 5268 acciperet.
2579 5196 2686 5253 Sed
2712 5210 2832 5250 cum
2861 5208 2980 5247 eum
3005 5191 3280 5245 doctorem
3311 5184 3612 5253 accepisse-

2026 5311 2164 5359 mus,
2191 5309 2297 5347 non
2326 5293 2377 5346 in
2402 5300 2714 5361 perpetuum
2745 5285 3084 5347 retinuimus,
3112 5280 3204 5335 sed
3228 5278 3386 5349 regite
3413 5275 3614 5331 civitati

2026 5389 2211 5441 Ruina:
2252 5386 2398 5440 illum
2434 5381 2800 5437 concessimus
2832 5396 2846 5432 :
2877 5377 2984 5431 imo
3022 5390 3151 5429 vero
3200 5374 3252 5425 in
3298 5378 3609 5440 perpetuum

2028 5479 2201 5549 ipsum
2253 5476 2605 5532 retinuimus:
2637 5487 2759 5526 nam
2803 5483 3000 5538 corpus
3057 5463 3273 5536 quidem
3318 5458 3457 5514 l‘etri
3507 5471 3615 5510 non

2095 5758 2167 5822 (tt)
2202 5759 2481 5822 Episcopum
2514 5752 2871 5806 Antiochenam
2894 5746 3166 5797 Elavianum
3184 5736 3433 5802 intelligit.
