4010 6342
409 283 476 337 87
1118 277 1176 334 S.
1214 276 1495 334 JOANNIS
1531 277 2012 335 CllRYSOSTOMI
2051 279 2371 336 AllClllEP.
2409 279 2947 338 CONSTANTINOP.
3625 289 3700 346 88

402 397 720 463 retinemus,
750 395 847 451 sed
884 395 1024 450 Petri
1051 395 1207 449 fidem
1238 405 1510 465 tamquam
1541 394 1756 450 Petrum
1788 394 1989 451 retine-

402 503 522 543 mus
552 505 566 541 :
597 504 757 558 porro
799 487 926 542 dum
960 486 1102 541 Petri
1133 485 1289 540 fidem
1325 485 1642 552 retinemus,
1676 485 1850 556 ipsum
1895 484 1993 539 Pe-

405 593 542 632 truttt
580 578 860 633 habemus.
889 578 963 632 Ita
991 594 1114 630 ettttt
1148 577 1474 632 imitatorem
1509 577 1653 630 illius
1682 590 1991 641 cernamus,

403 670 572 738 ipsum
593 683 817 725 cernere
838 669 1085 723 videmur
1111 687 1124 723 :
1154 669 1416 739 siquidem
1452 667 1716 722 Joannem
1743 665 1994 722 ChriStus

403 759 607 818 lleliam
633 761 941 832 appellavit,
972 777 1076 814 non
1099 761 1238 830 quod
1264 759 1440 813 llelias
1461 769 1603 814 esset
1621 759 1875 826 Joannes,
1900 758 1994 813 sed

401 851 546 920 quod
578 851 630 906 in
661 851 852 922 spiritu
881 851 1046 906 Heliae
1072 867 1134 906 ac
1157 852 1350 906 virtute
1377 852 1630 907 venisset.
1663 849 1814 907 Sicut
1836 851 1998 921 igitur

400 941 653 1007 Joannes,
688 943 939 1013 quoniam
986 942 1038 996 in
1069 942 1262 1012 Spiritu
1313 941 1477 998 Ilelia:
1519 957 1581 997 ac
1616 941 1810 997 virtute
1835 957 1997 997 vene-

404 1041 506 1092 rat.
550 1032 728 1087 llelias
764 1032 1086 1087 dicebatur:
1121 1033 1194 1086 ita
1237 1031 1323 1086 hic
1361 1047 1594 1101 quoque,
1640 1031 1892 1102 quoniam
1941 1031 1993 1085 itt

401 1123 748 1178 confessione
771 1139 835 1177 ac
863 1124 970 1178 ﬁde
995 1123 1137 1178 Petri
1166 1123 1402 1189 advenit,
1436 1123 1627 1177 merito
1658 1123 1798 1178 illius
1835 1123 1996 1178 etiam

405 1215 766 1282 appellatione
789 1213 1091 1270 donabitur.
1137 1213 1270 1268 Nam
1299 1215 1722 1269 conversationis
1747 1214 1998 1284 cognatio

405 1290 682 1360 nominum
708 1305 870 1360 etiam
905 1307 1338 1362 communionem
1381 1307 1538 1376 parit.
1561 1305 1793 1360 Oremus
1818 1314 1994 1359 autem

401 1414 614 1458 omnes.
645 1406 703 1453 ut
741 1398 807 1452 ad
835 1407 1166 1453 senectutem
1208 1397 1367 1452 etiam
1401 1397 1542 1452 Petri
1574 1400 1843 1466 perveniat
1875 1415 1888 1451 :
1922 1398 1998 1452 si-

2103 394 2320 465 quidem
2345 397 2624 468 apostolus
2657 397 2766 466 jam
2801 414 2967 454 senex
2995 398 3154 454 vitam
3183 399 3372 456 ﬁnivit.
3413 400 3536 455 Cum
3562 407 3702 460 enim

2099 489 2346 554 senueris,
2376 489 2567 558 inquit,
2598 499 2715 542 tunc
2747 489 2948 561 cingent
2983 501 3050 556 te,
3080 500 3129 546 et
3159 491 3344 545 ducent
3375 509 3474 562 quo
3503 505 3557 546 tu
3592 512 3702 550 non

2100 581 2173 635 vis
2203 579 2381 652 (Joan.
2411 581 2503 647 2i,
2540 582 2649 652 l8).
2693 581 2989 638 Precemur
3033 592 3210 638 autem
3238 593 3293 639 et
3323 585 3456 640 huic
3482 585 3700 655 longam

2100 672 2225 726 vita:
2247 673 2716 728 conversationem
2747 691 2761 728 :
2795 674 2841 727 si
2869 675 3011 729 enim
3039 676 3364 746 producatur
3383 677 3500 746 ejus
3533 694 3699 732 sene-

2100 774 2241 831 ctus,
2274 765 2493 833 efﬁciet,
2527 775 2583 820 ut
2605 767 2775 838 magis
2794 778 2982 838 vegeta
3009 769 3082 822 sit
3105 779 3160 824 et
3198 769 3371 823 vivida
3403 770 3700 839 spiritualis

2097 857 2354 928 juventus
2406 868 2589 914 nostra
2617 876 2631 912 :
2659 875 2821 930 quam
2874 860 3076 914 utinam
3124 870 3284 916 tctate
3313 860 3595 918 ﬂorentem
3635 878 3703 918 ac

2102 951 2336 1008 vividam
2357 967 2454 1007 nos
2475 962 2736 1023 perpetuo
2757 968 3082 1008 conservare
3107 955 3382 1023 contingat
3401 970 3523 1009 cunt
3551 955 3702 1009 illius

2106 1042 2378 1113 precibus,
2430 1053 2487 1099 et
2525 1043 2683 1113 hujus
2727 1043 2892 1110 Petri,
2924 1052 3033 1098 tum
3064 1046 3238 1113 gratia
3281 1056 3337 1100 et
3369 1045 3701 1116 benignitate

2109 1134 2319 1188 Domini
2363 1135 2532 1188 nostri
2566 1134 2694 1190 Jesu
2723 1133 2946 1198 Christi,
2979 1137 3064 1189 cui
3102 1136 3272 1204 gloria
3318 1144 3374 1191 et
3407 1136 3697 1209 imperium

2105 1241 2209 1279 una
2229 1240 2352 1279 cum
2373 1225 2577 1293 Spiritu
2607 1233 2817 1292 saneto,
2841 1241 2985 1280 nunc
3005 1234 3060 1280 et
3084 1241 3318 1296 semper,
3342 1235 3398 1282 et
3423 1226 3477 1280 in
3502 1227 3701 1282 saecula

2105 1317 2446 1372 seculorum.
2478 1318 2671 1371 Atueu.

1249 1597 3668 1621 ___——_.—____—_._._._____________

404 1781 576 1845 QUOD
621 1783 826 1826 UTILJS
876 1784 973 1828 SIT
1018 1785 1242 1829 LECTIO
1285 1787 1624 1830 SACRARUM
1667 1785 2184 1842 SCRIPTURARUM,
2216 1788 2298 1830 ET
2339 1787 2512 1840 QUOD
2553 1789 2910 1833 SERVITUTE
2953 1791 3036 1833 ΕΤ
3062 1789 3458 1836 ΙΝΩΟΜΙΟΙΠΒ
3492 1794 3701 1837 ΟΒΝΙ-

487 1883 599 1925 BUS
627 1883 1188 1928 INEXPUGNABILEM
1223 1887 1479 1929 REDDAT
1523 1887 1682 1943 EUM,
1727 1886 1837 1939 QUI
1881 1887 2118 1930 FUEBIT
2161 1888 2258 1932 EIS
2300 1888 2613 1932 INTENTUS

2661 1891 2678 1931 2
2725 1891 2806 1933 ΕΤ
2846 1891 3019 1944 QUOD
3061 1892 3523 1939 APOSTOLOBUM
3577 1898 3706 1939 N0-

485 1985 615 2026 MEN
659 1985 1014 2028 MULTARUM
1057 1987 1454 2030 DJGNJTATUM
1499 1989 1600 2032 SIT
1629 1988 1871 2042 ΝΟΜΕΝ,
1905 1989 1987 2032 ET

2107 1989 2191 2033 OD
2234 1990 2550 2033 EXTEBNIS
2596 1990 3131 2047 κΑσιετιιηιΒυε,
3179 1993 3459 2047 ινειερυε
3536 1998 3708 2040 ΑΙ)εο

488 2085 754 2127 REGIBUS
791 2087 1005 2130 Μυιτο
1051 2087 1350 2130 MAJOIIEM
1413 2089 1714 2132 HABEANT
1755 2090 1997 2133 Ροτεετη

2105 2091 2168 2135 ει
2212 2090 2294 2132 ΕΤ
2341 2089 2833 2134 Δυοτοιιιτλτιειη
2877 2090 3182 2136 19081⁵01]

486 2189 570 2228 an
614 2173 823 2230 manu
866 2187 1250 2232 BAPTIZATOS
1298 2169 1409 2252 (α).

3229 2095 3246 2136 :
3291 2094 3372 2138 ET
3415 2095 3481 2139 IN
3529 2095 3706 2153 nne,

1796 2389 2318 2454 metem-

478 2590 527 2647 l.
571 2591 822 2647 Alucritas
882 2594 1176 2648 auditorum
1221 2593 1451 2647 laudata.
1513 2590 1800 2662 Scriptura:
1847 2591 1996 2645 lectio

403 2701 520 2738 cum
573 2697 720 2751 prato
765 2685 970 2738 collata.
1000 2682 1226 2741 —Cum
1274 2693 1568 2755 egestatem
1627 2685 1823 2738 mentis
1863 2699 1996 2737 mea:

401 2757 706 2840 considero,
737 2785 922 2846 torpeo
961 2786 1018 2832 et
1066 2775 1272 2846 refugio
1296 2815 1313 2842 ,
1360 2775 1427 2830 ad
1460 2773 1765 2830 habendum
1812 2788 1994 2828 coram

405 2876 553 2921 tanto
575 2869 770 2938 populo
800 2884 1106 2924 sermonem
1137 2869 1392 2924 invitatus
1425 2887 1437 2921 :
1468 2884 1589 2924 cum
1621 2877 1799 2922 autem
1830 2866 1996 2920 animi

403 2961 566 3016 vestri
595 2961 926 3017 alacritatem
964 2963 1216 3032 respicio,
1259 2962 1340 3018 sic
1371 2971 1430 3016 ut
1457 2962 1661 3017 nullum
1701 2977 1797 3014 vos
1823 2962 1999 3032 capiat

405 3069 656 3122 umquam
700 3054 952 3110 audiendi
1008 3054 1320 3121 fastidium,
1380 3054 1628 3110 fiduciam
1674 3069 1893 3109 resumo
1943 3064 1998 3110 et

407 3147 633 3223 excitur,
667 3164 731 3203 ac
764 3160 1012 3220 prompto
1053 3152 1234 3206 animo
1272 3150 1338 3205 ad
1360 3149 1616 3204 doctrina:
1649 3149 1879 3204 stadium
1913 3165 1998 3204 me

407 3241 652 3310 accingo.
685 3240 924 3296 Possetis
957 3243 1100 3296 enim
1130 3258 1246 3306 vos,
1277 3243 1322 3297 si
1350 3242 1432 3296 vel
1476 3243 1527 3296 itt
1556 3242 1786 3296 animam
1815 3242 1998 3296 incur-

408 3333 617 3388 rissetis
644 3334 927 3404 lapideam,
971 3333 1069 3389 hac
1101 3347 1274 3390 vestra
1321 3335 1572 3390 audiendi
1608 3335 1899 3406 cupiditate
1933 3349 1998 3390 ac

407 3425 586 3480 studio
639 3441 811 3495 penna
865 3427 1058 3497 quavis
1107 3426 1366 3482 leviorem
1422 3427 1564 3480 illam
1622 3426 1872 3482 reddere.
1929 3425 2001 3482 Et

406 3516 855 3586 quemadmodum
879 3533 998 3588 qua:
1029 3518 1081 3572 itt
1125 3517 1360 3573 latibulis
1382 3519 1633 3573 animalia
1672 3518 2000 3574 delitescunt

409 3622 472 3675 ac
492 3606 665 3661 media
695 3607 887 3677 hyeme
913 3623 971 3664 se
993 3607 1129 3662 intra
1152 3623 1312 3676 rupes
1338 3608 1694 3672 abscondunt,
1725 3610 1810 3664 tibi
1838 3619 1998 3664 testa-

412 3707 519 3751 tem
551 3697 782 3753 viderint
804 3714 1090 3768 apparere,
1119 3699 1337 3756 latibula
1370 3699 1650 3766 deserunt,
1683 3710 1879 3756 etcum
1910 3717 1999 3756 re-

412 3790 568 3859 liquis
597 3792 957 3847 animantibus
982 3802 1396 3865 congregantur,
1439 3809 1503 3848 ac
1528 3794 1687 3848 simul
1717 3795 1996 3848 nohiscutn

407 3883 677 3936 exsultant
719 3883 843 3937 :sic
890 3893 948 3938 et
988 3885 1200 3939 animus
1239 3896 1441 3948 noster,
1484 3885 1573 3956 qui
1624 3895 1892 3956 tamquam
1944 3884 1998 3940 itt

415 3973 694 4028 latibulum
723 3975 991 4045 quoddam
1026 3977 1406 4032 imbecillitatis
1440 3977 1782 4032 conscientia:
1810 3993 1870 4034 se
1900 3978 1999 4031 ah-

410 4063 591 4131 debat,
632 4081 752 4119 cum
781 4076 976 4121 vestrae
1006 4067 1241 4122 caritatis
1281 4067 1605 4123 desiderium
1637 4068 1892 4137 intuetur,
1926 4069 2000 4125 Ia-

414 4155 638 4211 tihulutn
665 4157 884 4225 deserit,
912 4169 967 4214 et
995 4160 1266 4216 vobiscum
1305 4171 1675 4231 congregatur,
1719 4169 1774 4216 et
1817 4161 1868 4216 in
1900 4161 2002 4218 hoc

413 4248 673 4317 spirituali
729 4249 1018 4322 divinoquc
1072 4260 1245 4320 prato,
1307 4251 1359 4306 in
1414 4253 1660 4322 paradiso
1712 4253 2001 4324 Scriptura:

416 4340 683 4408 przrclaris
709 4343 1103 4411 Scripturartttn
1143 4342 1368 4398 saltibus
1394 4344 1551 4399 simul
1583 4345 1860 4399 vobiscum
1907 4362 2002 4400 ex-

411 4432 597 4486 sultat.
637 4433 734 4486 Est
779 4435 920 4488 enim
969 4435 1244 4503 Spirilttale
1295 4446 1524 4504 pratum,
1579 4452 1642 4492 ac
1689 4437 1998 4492 deliciarum

413 4523 691 4594 paradisus
719 4539 991 4578 sacrarunt
1021 4525 1176 4580 lectio
1197 4527 1609 4595 Scripturarum,
1640 4536 1694 4581 et
1724 4528 2001 4597 paradisus

409 4614 722 4670 deliciarum
766 4617 934 4670 multo
963 4617 1054 4670 illo
1081 4617 1270 4673 melior
1299 4619 1567 4688 paradiso.
1616 4619 1767 4674 Hunc
1792 4622 2003 4690 paradi-

411 4722 528 4759 sum
560 4723 666 4762 non
700 4709 751 4762 itt
784 4717 949 4772 terra,
973 4709 1066 4763 sed
1099 4709 1148 4763 iu
1180 4709 1412 4765 fidelium
1439 4710 1723 4766 animabus
1746 4713 2005 4780 plantavit

415 4797 557 4852 Deus
587 4818 600 4854 :
631 4802 776 4854 hunc
807 4801 1110 4871 paradisum
1151 4817 1256 4856 non
1301 4802 1352 4856 itt
1377 4803 1564 4867 Edent,
1596 4818 1692 4858 nec
1723 4802 1789 4857 ad
1820 4803 2001 4858 orien-

415 4900 520 4944 tem
550 4907 655 4944 ttno
683 4893 1146 4963 circumscriptum
1177 4894 1296 4950 loco
1325 4893 1523 4963 posuit,
1547 4894 1641 4948 sed
1673 4894 1867 4964 ubique
1897 4904 2004 4950 ter-

414 4997 592 5034 rarum
621 4984 890 5051 expandit.
920 4996 979 5039 et
1011 4987 1061 5038 in
1105 4984 1237 5040 ﬁnes
1277 4985 1424 5039 orbis
1445 4993 1710 5040 terrarum
1741 4986 1998 5040 extendit.

415 5074 587 5141 Atque
615 5083 672 5126 ut
699 5073 964 5145 intelligas
989 5076 1042 5130 in
1067 5077 1376 5131 universum
1402 5076 1587 5131 orbem
1611 5085 1873 5131 terrarum
1901 5091 1999 5131 ex-

419 5179 614 5232 pansas
653 5179 774 5219 esse
817 5164 1140 5236 Scripturas,
1188 5168 1310 5221 attdi
1348 5166 1658 5238 prophetam
1688 5168 1997 5222 dicentem:

416 5263 476 5309 lu
505 5272 706 5308 omnem
733 5267 918 5310 terram
945 5259 1093 5312 exivit
1137 5276 1292 5312 sonus
1323 5277 1516 5322 eorum,
1560 5270 1606 5313 et
1631 5260 1683 5312 in
1712 5260 1837 5327 ﬁnes
1867 5259 2001 5313 orbis

410 5360 558 5400 terra:
585 5345 731 5400 verba
755 5363 924 5400 conon
952 5347 1121 5419 (Paul.
1142 5351 1228 5405 18.
1260 5351 1313 5405 5.
1337 5351 1487 5404 Rom.
1522 5351 1608 5407 10.
1645 5350 1756 5418 l8).
1785 5350 1908 5406 Sive
1933 5349 1998 5404 ad

413 5437 569 5492 ludos
615 5447 672 5504 te
705 5437 973 5502 conferas,
1019 5457 1152 5510 quos
1190 5442 1371 5497 oriens
1399 5443 1600 5512 primos
1641 5442 1722 5497 sol
1764 5442 1998 5513 respicit,

409 5534 524 5586 sive
550 5530 618 5586 ad
651 5547 908 5587 oceanum
933 5542 982 5586 te
1003 5534 1267 5600 conferas,
1292 5535 1403 5590 sive
1431 5535 1496 5590 ad
1522 5533 1853 5590 Britannicas
1884 5535 1999 5588 illas

472 5662 544 5732 (ᾳ)
583 5663 761 5732 collata
782 5679 893 5732 cum
921 5663 1237 5732 pls.t_‘.olbert.
1262 5667 1404 5729 $38,
1445 5668 1526 5718 ubi
1561 5681 1733 5732 magna
1771 5680 1882 5731 pars
1914 5666 1998 5717 ho-

409 5726 552 5776 utilite
580 5727 630 5778 in
654 5729 887 5794 priactpio
906 5728 1232 5780 desideratur.

2107 2587 2330 2651 insulas,
2377 2585 2490 2642 sive
2531 2587 2582 2642 itt
2635 2587 2897 2645 Euxinum
2932 2600 3149 2660 pontum
3195 2594 3433 2663 naviges,
3470 2595 3584 2648 sive
3627 2595 3696 2650 ad

2103 2681 2364 2734 australes
2406 2691 2583 2749 partes
2630 2682 2811 2747 abeas,
2856 2699 3044 2737 omnes
3085 2684 3277 2755 ubique
3314 2687 3499 2742 audies
3526 2666 3596 2742 de
3633 2689 3698 2744 iis

2102 2788 2223 2842 qua:
2269 2771 2320 2825 in
2362 2771 2633 2841 Scriptura
2678 2788 2802 2827 sunt
2844 2775 3304 2846 pltiloSOphantes,
3340 2778 3443 2832 alia
3478 2779 3697 2848 quidem

2103 2881 2259 2924 voce.
2285 2865 2376 2919 sed
2418 2883 2522 2920 uott
2545 2867 2643 2920 alia
2669 2866 2792 2930 fide,
2821 2885 2882 2921 ac
2915 2869 3088 2940 lingua
3115 2870 3329 2939 quidem
3353 2870 3588 2938 diversa,
3607 2872 3706 2928 sed

2104 2967 2284 3011 mente
2321 2973 2574 3012 consona.
2614 2957 2745 3013 Nam
2778 2959 2969 3028 lingua:
2998 2960 3211 3030 quidem
3254 2977 3388 3016 sono
3430 2962 3707 3028 differunt,

2104 3051 2377 3119 religionis
2399 3060 2577 3104 autem
2611 3050 2890 3105 tnodotton
2921 3051 3171 3106 differunt
3193 3062 3273 3108 :et
3291 3054 3466 3125 lingua
3485 3055 3705 3124 quidem

2105 3141 2330 3196 barbare
2358 3141 2662 3212 loquuntur,
2695 3141 2792 3198 sed
2819 3143 2979 3196 animi
3022 3158 3180 3197 sensu
3211 3144 3658 3214 phiIOSOphantttr
3689 3164 3706 3202 :

2104 3234 2438 3289 solmcisntos
2462 3233 2660 3288 faciunt
2679 3249 2832 3298 sono,
2855 3235 2947 3288 sed
2975 3236 3221 3304 pietatem
3241 3237 3475 3290 moribus
3499 3238 3706 3293 colunt.

2175 3323 2419 3379 Paradisi
2446 3325 2662 3395 [lumina
2693 3341 2826 3395 qum.
2857 3325 2981 3378 Cum
3027 3329 3166 3397 {ante
3210 3338 3535 3395 comparatur
3564 3327 3710 3383 Scrt'«

2105 3427 2276 3489 ptura.
2299 3449 2371 3459 ——
2391 3417 2554 3474 Vides
2591 3418 2993 3486 amplitudinem
3037 3418 3263 3488 paradisi
3292 3419 3357 3474 ad
3398 3421 3531 3475 ﬁnes
3557 3422 3707 3476 orbis

2104 3518 2367 3565 terrarum
2397 3511 2644 3566 extensi?
2690 3510 2784 3565 llic
2832 3527 3052 3580 serpens
3102 3527 3205 3566 nou
3249 3521 3363 3579 est,
3391 3512 3538 3567 locus
3565 3524 3702 3568 esta

2104 3601 2230 3658 feris
2258 3603 2531 3670 immunis,
2557 3617 2622 3658 ac
2649 3602 2877 3672 Spiritus
2902 3604 3069 3658 sancti
3100 3604 3268 3674 gratia
3309 3605 3561 3660 munitur.
3594 3605 3704 3659 Ha-

2106 3695 2197 3751 bet
2238 3705 2291 3750 et
2338 3695 2538 3751 fontem
2582 3695 2671 3751 hic
2716 3695 3024 3764 paradisus,
3079 3695 3529 3766 quemadmodum
3577 3697 3702 3763 ille,

2103 3783 2307 3844 fontem
2355 3803 2421 3844 ex
2468 3803 2574 3858 quo
2623 3788 2900 3843 innumera
2960 3798 3250 3843 nascuntur
3299 3787 3538 3850 ﬂumina,
3592 3805 3704 3844 non

2109 3889 2338 3948 quatuor
2367 3886 2591 3932 tantum.
2623 3877 2739 3932 Non
2766 3879 2907 3934 enim
2935 3876 3186 3948 Trigrim,
3221 3895 3320 3934 nec
3350 3879 3702 3949 Euphratem,

2104 3985 2205 4024 nec
2249 3967 2557 4041 Egyptium
2601 3969 2800 4036 Nilum,
2852 3987 2950 4026 uec
2992 3970 3173 4025 Indum
3204 3971 3463 4042 Gangem,
3492 3973 3584 4028 sed
3618 3975 3702 4028 in-

2107 4077 2360 4116 numeros
2410 4060 2526 4116 fons
2573 4061 2672 4116 iste
2719 4061 2908 4117 ﬂuvios
2951 4063 3191 4118 effundit.
3240 4062 3369 4131 Quis
3408 4064 3512 4120 hoc
3536 4065 3706 4122 dicit?

2107 4151 2248 4207 Deus
2286 4153 2420 4222 ipse,
2463 4153 2551 4224 qui
2596 4151 2786 4207 ﬂuvios
2823 4154 2976 4208 nobis
3023 4155 3153 4210 istos
3200 4155 3418 4226 largitus
3443 4166 3566 4211 est:
3602 4157 3707 4223 Qui

2105 4248 2236 4298 enim
2259 4245 2414 4298 credit
2443 4247 2494 4298 in
2522 4262 2618 4310 me,
2653 4245 2845 4316 inqttit,
2873 4247 3003 4300 sicut
3023 4246 3151 4300 dixit
3171 4247 3458 4318 Scriptura.
3487 4249 3706 4318 [Iuntina

2105 4337 2168 4390 de
2196 4347 2363 4390 ventre
2405 4339 2515 4408 eius
2559 4337 2721 4406 [luent
2765 4353 2912 4408 aqua:
2936 4337 3058 4391 viva:
3100 4335 3276 4408 (Joan.
3309 4339 3362 4392 7.
3394 4339 3508 4407 58).
3541 4339 3706 4396 Vides

2106 4442 2164 4484 ut
2205 4446 2310 4484 non
2353 4439 2582 4500 quatuor
2627 4428 2866 4495 ﬂumina,
2915 4427 3010 4484 sed
3055 4429 3259 4484 inﬁnita
3306 4429 3375 4486 ab
3422 4432 3513 4485 illo
3555 4431 3704 4488 fonte

2107 4519 2407 4591 proﬂttaut?
2433 4519 2618 4591 Neque
2648 4536 2775 4576 vero
2804 4520 3141 4575 multitudine
3163 4529 3386 4588 tantum,
3419 4522 3512 4577 sed
3538 4525 3702 4577 etiam

2106 4624 2294 4673 natura
2343 4612 2462 4668 fons
2506 4622 2589 4668 est
2629 4613 2888 4668 mirabilis
2915 4627 2929 4667 :
2959 4629 3130 4684 neque
3154 4613 3296 4669 enim
3323 4629 3476 4684 aqua:
3502 4616 3701 4670 ﬂuenta

2102 4711 2248 4767 sunt,
2288 4701 2385 4758 sed
2431 4702 2664 4773 Spiritus
2705 4701 2864 4758 dona.
2895 4703 3039 4758 Fons
3075 4693 3182 4758 iste
3214 4704 3264 4758 in
3303 4705 3538 4776 singulas
3567 4707 3703 4762 ﬁde-

2105 4794 2234 4848 lium
2284 4803 2492 4850 mentes
2537 4794 2808 4861 dividitur,
2855 4803 2908 4850 et
2957 4811 3062 4848 non
3095 4795 3390 4849 minuitur:
3421 4796 3729 4860 dividitur;

2103 4896 2155 4941 et
2188 4902 2292 4942 non
2334 4887 2708 4941 consumitur:
2741 4887 3071 4957 dispertitur,
3120 4894 3176 4942 et
3222 4887 3397 4941 minor
3441 4904 3546 4942 non
3597 4890 3657 4941 fit
3691 4911 3694 4916 ·

2104 4981 2245 5051 apud
2291 4996 2479 5035 omnes
2524 4981 2747 5050 integer,
2798 4989 2854 5035 et
2902 4983 2952 5034 itt
3002 4981 3224 5049 singulis
3271 4981 3492 5052 integer.
3547 4981 3699 5036 Talia

2105 5086 2333 5142 namque
2353 5068 2723 5140 suntSpiritus
2741 5069 2903 5124 dona.
2930 5069 3020 5124 Vis
3042 5079 3096 5125 tu
3126 5072 3442 5126 ﬂuentorum
3474 5070 3701 5126 istorum

2105 5162 2404 5217 ubertatem
2433 5161 2796 5232 cognoscere?
2823 5162 2901 5216 vis
2926 5175 3185 5230 aquarum
3217 5172 3462 5216 naturam
3491 5178 3703 5232 cogno-

2103 5256 2422 5324 scere?quo
2453 5263 2608 5322 pacto
2638 5254 2718 5307 his
2760 5267 2864 5307 non
2907 5253 3130 5318 similes,
3173 5253 3270 5308 sed
3316 5253 3397 5307 his
3446 5254 3705 5310 meliores

2103 5359 2228 5404 sunt
2269 5357 2325 5404 et
2367 5347 2758 5402 mirabiliores?
2806 5346 2942 5401 Audi
2992 5362 3175 5401 rursus
3213 5339 3482 5401 Christum
3525 5347 3701 5414 ipsum

2103 5441 2452 5496 Samaritana:
2480 5439 2771 5504 dicentem,
2806 5447 2862 5491 ttt
2889 5438 3184 5493 ubertatem
3222 5435 3385 5492 fontis
3413 5453 3702 5507 agnoscas.

2103 5532 2270 5598 Aqua,
2300 5549 2452 5601 quant
2500 5548 2590 5602 ego
2634 5529 2786 5594 dabo,
2841 5531 3012 5600 inquit
3061 5529 3226 5596 ﬁdeli,
3260 5529 3423 5598 ﬁetin
3470 5545 3532 5584 eo
3581 5533 3704 5598 fons

2102 5640 2250 5691 aqua:
2288 5623 2512 5677 salientis
2551 5623 2603 5676 in
2647 5623 2800 5675 vitam
2844 5632 3084 5675 teter-nam
3129 5619 3309 5694 (Joan.
3351 5621 3404 5674 4.
3436 5620 3547 5689 Η).
3581 5619 3701 5675 Non

2103 5715 2256 5781 dixit,
2307 5714 2572 5784 exeuntis,
2605 5729 2711 5769 nou
2733 5710 2894 5781 dixit,
2925 5710 3130 5778 cﬂusre,
3159 5709 3276 5776 sed,
3302 5709 3568 5776 Salienus,
3603 5726 3704 5779 per
