4010 6342
263 323 334 379 87
747 319 834 376 DE
869 321 1123 378 UTILI'I'.
1168 323 1532 380 LECTION‘IS
1567 321 1886 380 SCRIPTUI

1989 321 2137 376 um.
2183 321 2251 376 ιν
2280 305 2570 377 ramum.
2615 317 2970 376 ACTORI'M.
3014 322 3103 377 ιιι.
3478 313 3552 375 88

268 451 386 493 τες,
425 431 594 486 αὐτὸν
637 431 907 500 δοκοῦμεν
950 434 1116 504 ὁρᾷν·
1165 434 1261 487 καὶ
1303 433 1415 506 γάρ
1466 433 1558 486 τὸν
1614 434 1868 505 Ἰωάννην

283 515 472 568 Ἠλίαν
513 513 772 567 ἐκάλεσεν
807 514 840 566 ὁ
876 513 1134 586 Χριστὸς,
1165 517 1267 570 οὐκ
1307 515 1492 585 ἐπειδὴ
1538 515 1722 587 Ἰιλίας
1749 513 1816 587 ἦν
1841 519 1870 571 ὁ

283 598 564 666 Ἰωάννης,
597 597 711 650 ἀλλ’
738 585 1012 668 ἐπειδὴίέν
1033 598 1304 670 πνεύματι
1338 599 1430 651 καὶ
1460 585 1696 668 δυνάμεί
1707 585 1872 670 ἦλθεν

285 681 492 736 Ἠλίου.
521 679 786 753 Καθάπερ
801 677 896 736 οὖν
925 682 954 734 ὁ
993 682 1266 752 Ἰωάννης,
1298 681 1485 752 ἐπειδὴ
1509 682 1568 734 ἐν
1601 683 1872 754 πνεύματι

273 767 371 819 καὶ¹
399 765 626 836 δυνάμει
652 761 815 836 ἦλθεν
853 767 1054 829 Ἠλίου,
1101 766 1286 828 Ἠλίας
1329 764 1569 833 ἐλέγετο,
1606 765 1750 820 οὕτω
1776 768 1872 821 καὶ

271 845 454 914 οὗτος,
492 848 681 919 ἐπειδὴ
711 851 768 902 ἐν
797 849 1060 921 ὁμολογίᾳ
1100 848 1195 902 καὶ
1224 847 1408 902 πίστει
1440 848 1650 920 Πέτρου
1691 867 1864 921 παρα-

272 935 522 1002 γέγονεν.
562 933 790 996 εἰκότως
841 933 908 986 ἀν
959 935 1053 987 καὶ
1080 933 1179 1004 τῆς
1235 933 1608 1003 προσηγορίας
1653 934 1870 1005 ἐκείνης

272 1017 559 1088 ἀξιωθείη.
611 1018 674 1069 Ἡ
703 1019 812 1088 γὰρ
855 1017 958 1087 τῆς
1004 1015 1276 1080 πολιτείας
1307 1016 1596 1083 συγγένεια
1645 1017 1740 1071 καί¹
1767 1017 1868 1089 τὴν

1988 433 2310 496 Ἀπόστολος
2337 435 2396 486 ἐν
2427 434 2574 504 γήρα
2604 433 2696 486 τὸν
2723 433 2834 503 βίον
2868 431 3161 488 κατέλυσεν
3213 437 3391 489 Ὅταν
3419 436 3548 506 γὰρ.

1973 518 2126 587 φησὶ,
2146 515 2437 586 γηράσῃς,
2460 521 2592 569 τότε
2607 515 2865 576 ζώσυυσί
2883 533 2974 580 σε,
2993 517 3091 569 καὶ
3119 519 3380 581 ἄξουσιν
3401 517 3556 573 ὅπου

1974 602 2048 654 οὐ
2087 599 2298 666 θέλεις.
2341 601 2658 669 Αἰτήσωμεν
2703 599 2768 671 δὴ
2803 601 2897 652 καὶ
2934 598 3110 670 τούτῳ
3153 602 3371 672 μακράν
3405 602 3558 654 πολι-

1977 683 2160 735 τείανο
2194 681 2570 752 ἐκτεινόμενον
2596 681 2706 752 γάρ
2739 681 2904 736 αὐτοῦ
2933 682 2995 734 τὸ
3023 683 3199 753 γῆρας
3233 685 3332 756 τὴν
3359 683 3557 754 ἡμετέ-

1979 782 2079 836 ραν
2107 764 2335 836 νεότητα
2358 764 2458 833 τὴν
2479 765 2858 836 πνευματικὴν
2881 764 3080 835 μᾶλλον
3099 766 3376 835 ἀκμάζειν
3392 769 3554 818 ποιεῖ’

1973 850 2040 919 ἢν
2063 849 2274 917 γένοιτο
2302 849 2594 913 διαπαντὸς
2619 850 2678 902 ἐν
2706 851 2858 921 ἀκμῇ
2888 849 3214 922 τηρηθῆναι,
3244 849 3430 919 εὐχαῖς
3459 849 3558 920 μὲν

1972 934 2184 986 ἐκείνου
2206 934 2300 987 καὶ
2333 933 2524 987 τούτου
2556 933 2651 987 τοῦ
2669 935 2900 1006 Πέτρου,
2936 933 3121 1004 χάριτι
3154 933 3213 986 δέ
3236 935 3331 986 καὶ
3359 933 3556 1002 φιλαν-

1970 1015 2186 1088 θρωπίᾳ
2215 1016 2310 1069 τοῦ
2350 1018 2558 1087 Κυρίου
2600 1017 2759 1088 ήμῶν
2799 1017 2975 1087 Ἰησοῦ
3002 1015 3263 1089 Χριστοῦ,
3301 1010 3344 1084 ᾧ
3371 1018 3404 1084 ἡ
3429 1016 3558 1080 δόξα

273 1101 566 1153 κοινωνίαν
594 1098 702 1152 τῶν
731 1099 1010 1170 ὀνομάτων
1041 1101 1205 1153 ποιεῖ.
1253 1096 1551 1168 Εὐξώμεθα
1577 1099 1634 1152 δέ
1665 1100 1866 1163 πάντες
1967 1101 2062 1153 καὶ
2086 1098 2148 1152 τὸ
2189 1099 2391 1170 κράτος
2429 1100 2543 1170 ἃμα
2581 1100 2659 1169 τῷ
2682 1099 2822 1170 ἁγίῳ
2856 1099 3157 1170 Πνεύματι,
3189 1099 3283 1154 νῦν
3311 1100 3404 1152 καὶ
3444 1101 3556 1162 ἀεὶ,

274 1187 373 1239 καὶ
422 1188 502 1249 είς
550 1185 612 1237 τὸ
647 1185 856 1256 Πέτρου
908 1185 1087 1256 γῆρας
1127 1183 1290 1238 αὐτὸν
1326 1183 1532 1237 ἐλθεῖν·
1567 1184 1662 1237 καὶ
1699 1185 1807 1254 γὰρ
1833 1187 1863 1239 ό
1965 1183 2060 1234 καὶ
2092 1184 2171 1246 εἰς
2202 1185 2329 1246 τοὺς
2347 1182 2546 1247 αἰῶνας
2569 1183 2680 1238 τῶν
2707 1183 2940 1237 αἰώνων.
2973 1183 3166 1255 ’Λμὴν.

281 1903 403 1977 [7|]
450 1907 571 1959 ’Ότι
605 1903 965 1976 χρήσιμοςή
986 1905 1109 1959 τῶν
1133 1905 1393 1975 Γραφῶν
1432 1903 1800 1973 ἀνάγνωσις,
1878 1903 1977 1957 καὶ
2013 1904 2102 1958 ὅτι
2152 1903 2400 1975 δουλείᾳ
2451 1907 2548 1960 καί
2585 1909 2932 1976 περιστάσει
2981 1913 3340 1983 πραγμάτοιν
3391 1917 3556 1985 ἀχεί-

344 2019 543 2069 ρωτον
585 2001 745 2056 ποιεῖ
778 2001 886 2055 τὸν
924 1999 1327 2070 προσέχοντα,
1371 2001 1470 2054 καὶ
1522 2000 1612 2054 ὅτι
1644 1998 1710 2052 τὸ
1741 1998 1928 2066 ὄνομα
1957 1998 2078 2052 τῶν
2107 2000 2468 2055 ἀποστόλων
2485 2001 2734 2056 πολλῶν
2753 2003 2924 2058 ἐστιν
2959 2005 3308 2075 ἀξιωμάτων
3339 2007 3548 2076 ὄνομα,

363 2094 462 2146 καί
497 2094 587 2147 ὅτι
619 2093 739 2148 τῶν
767 2094 992 2158 ἔξωθεν
1014 2093 1328 2161 ἀρχόντων
1360 2093 1458 2147 καί
1490 2090 1690 2148 αὐτῶν
1715 2089 1832 2144 τῶν
1847 2091 2308 2154 βασιλευόντων
2347 2093 2562 2159 πολλῷ
2594 2093 2837 2163 μείζονα
2863 2096 3182 2166 κέκτηνται
3227 2098 3485 2171 δύναμιν
3505 2103 3560 2158 οι

353 2187 688 2240 ἀπόστολοι
718 2186 815 2240 xu!
846 2185 1137 2250 ἐξουσίαν
1161 2200 1175 2214 ⁸
1220 2184 1321 2238 καί
1361 2185 1514 2253 πρὸς
1541 2183 1622 2250 τῷ
1653 2182 1812 2237 τέλει
1852 2184 2005 2252 πρὸς
2034 2186 2498 2254 νεοφωτίστους.

356 2827 430 2882 α’.
455 2827 630 2880 Ὅταν
653 2825 754 2896 μέν
775 2825 856 2889 είς
873 2823 976 2897 τὴν
993 2823 1270 2894 πτωχείαν
1285 2822 1385 2892 τῆς
1408 2820 1646 2884 διανοίας
1668 2820 1762 2874 ἴδω
1781 2820 1886 2890 τῆς

282 2910 552 2982 ἐμαυτοῦ,
587 2909 774 2980 ναρκῶ
806 2909 904 2962 καὶ
924 2907 1250 2978 ἀναδύομαι,
1276 2907 1416 2977 πρὸς
1436 2905 1674 2970 διάλεξιν
1692 2903 1882 2956 τοσού-

279 3013 383 3049 του
421 2996 594 3066 δημου
629 2992 990 3064 καλούμενος
1037 2991 1166 3045 ὅταν
1212 2990 1270 3044 δέ
1324 2992 1404 3053 εἰς
1445 2989 1544 3061 τὴν
1573 2987 1882 3058 προθυμίαν

284 3079 578 3148 ἀναϐλέψω
609 3079 709 3148 τὴν
739 3075 1036 3148 ὑμετέραν,
1072 3076 1168 3128 καὶ
1195 3073 1258 3126 τὸ
1284 3073 1384 3142 τῆς
1409 3073 1727 3144 ἀκροάσεως
1748 3071 1880 3124 ἀκό-

288 3179 504 3234 ρεστον,
538 3159 728 3232 θαρρῶ
755 3161 850 3214 καὶ
870 3159 1240 3229 διανίσταμαι,
1269 3157 1366 3209 καὶ
1400 3156 1540 3226 μετὰ
1575 3155 1882 3226 προθυμίας

284 3246 428 3316 πρὸς
441 3244 613 3314 τὸτῆς
627 3242 977 3304 διδασκαλίας
987 3240 1293 3310 ἀποδύομαι
1311 3238 1545 3293 στάδιον.
1563 3238 1760 3292 Ἰκανοὶ
1774 3237 1884 3309 γάρ

286 3330 452 3399 ὑμεῖς
483 3328 580 3381 καὶ
615 3326 826 3398 λιθίνην
859 3325 1120 3388 λαϐόντες
1142 3323 1403 3387 διάνοιαν,
1432 3321 1636 3393 πτεροῦ
1683 3321 1882 3384 παντὸς

287 3413 628 3484 κουφοτέραν
659 3408 1000 3481 ἐργάσασθαι
1024 3411 1091 3480 τῇ
1125 3407 1255 3479 περὶ
1278 3407 1376 3476 τὴν
1411 3405 1676 3478 ἀκρόασιν
1701 3404 1884 3458 ἐπιθυ-

293 3498 398 3569 μία
423 3513 484 3548 τε
512 3495 611 3550 καὶ
646 3493 880 3565 σπουδῇ.
905 3493 1016 3547 Καὶ
1047 3491 1300 3563 καθάπερ
1325 3489 1395 3544 τὰ
1423 3487 1736 3559 φωλεύοντα
1772 3487 1890 3540 τῶν.

289 3583 450 3647 ζώων
471 3581 531 3635 ἐν
565 3579 717 3651 μέσῳ
742 3577 822 3649 τῷ
848 3576 1078 3648 χειμῶνι
1097 3575 1236 3648 πρὸς
1254 3575 1356 3637 τὰς
1383 3574 1590 3646 πέτρας
1624 3571 1886 3627 καταδυό-

295 3683 455 3738 μενα,
474 3665 694 3719 ἐπειδάν
712 3663 797 3735 ῐδῃ
820 3663 885 3717 τὸ
912 3661 1071 3736 θέρος
1088 3661 1277 3731 φανὲν,
1295 3658 1490 3730 ἀφίησι
1515 3658 1619 3729 τὴν
1645 3656 1885 3710 κατάδυ-

292 3767 400 3814 σιν,
426 3749 519 3803 καὶ
543 3749 682 3820 μετὰ
703 3746 814 3800 τῶν
837 3745 1044 3800 λοιπῶν
1071 3743 1227 3811 ζώων
1241 3743 1590 3813 ἀγελάζεται,
1608 3741 1704 3796 καὶ
1728 3741 1883 3810 κοινῇ

297 3832 418 3905 μεθ’
447 3831 609 3904 ἡμῶν
638 3831 864 3902 σκιρτᾷ·
894 3829 1038 3882 οὕτω
1068 3829 1166 3883 καὶ
1193 3829 1226 3898 ἠ
1254 3827 1402 3898 ψυχὴ
1428 3827 1462 3897 ὴ
1486 3823 1732 3896 ἡμετέρα
1772 3823 1884 3876 ὥσ-

292 3935 406 3989 περ
442 3918 526 3980 εἰς
575 3933 700 3969 τινα
749 3915 956 3984 φωλεὸν
989 3914 1093 3983 τῆς
1125 3912 1409 3976 ἀσθενείας
1443 3911 1544 3964 τοῦ
1585 3908 1887 3972 συνειδότος

295 3999 700 4070 καταδυομένη,
725 3999 855 4052 ὅταν
880 3998 965 4069 ῐδῃ
999 3997 1093 4050 τὸν
1137 3996 1305 4050 πόθον
1331 3995 1434 4065 τῆς
1453 3994 1729 4066 ὑμετέρας
1747 3993 1886 4060 ἀγά-

293 4102 428 4156 πης,
452 4083 647 4154 ἀφίησι
679 4081 772 4134 τὸν
819 4080 1048 4150 φωλεὸν,
1078 4080 1173 4133 καὶ
1205 4079 1324 4151 μεθ’
1361 4077 1514 4149 ὐμῶν
1537 4075 1885 4146 ἀγελάζεται,

296 4170 453 4236 κοινῇ
485 4165 607 4236 μεθ’
639 4163 801 4235 ὐμῶν.
825 4165 1022 4236 σκιρτᾷ
1059 4163 1129 4216 τὰ
1156 4162 1297 4217 καλά
1323 4162 1433 4215 τῶν
1457 4161 1495 4212 Γ
1503 4159 1690 4232 ραφῶν
1736 4175 1892 4229 σκιρ-

293 4257 535 4323 τήματα,
567 4251 627 4304 ἐν
659 4248 737 4318 τῷ
766 4245 1120 4318 πνευματικῴ
1165 4246 1261 4300 καὶ
1288 4245 1416 4316 θείῳ
1443 4244 1694 4315 λειμῶνι,
1727 4243 1785 4294 ἐν
1810 4240 1890 4312 τῷ

293 4334 615 4407 παραδείσῳ
660 4332 759 4403 τῆς
790 4330 1033 4402 Γραφῆς.
1089 4330 1198 4384 Καὶ
1232 4329 1343 4402 γὰρ
1389 4327 1755 4399 πνευματικὸς
1783 4325 1896 4377 λει-

299 4421 439 4492 μὼν,
490 4419 586 4472 καὶ
631 4415 959 4486 παράδεισος
991 4414 1205 4486 τρυφῆς
1249 4417 1284 4486 ἡ
1315 4413 1428 4467 τῶν
1468 4412 1628 4467 θείων
1661 4408 1896 4492 Γραφῶν

296 4491 449 4557 ἐστιν
489 4501 818 4568 ἀνάγνωσις,
853 4499 1182 4571 παράδεισος
1207 4498 1263 4550 δέ
1293 4497 1506 4570 τρυφῆς
1556 4494 1765 4549 ἐκείνου
1793 4491 1890 4544 τοῦ

297 4585 634 4658 παραδείσου
670 4585 918 4654 βελτίων.
967 4582 1168 4635 Τοῦτον
1201 4582 1294 4635 τὸν
1322 4581 1649 4653 παράδεισον
1693 4578 1795 4632 οὐκ
1833 4578 1892 4629 ἐν

297 4677 365 4744 τῇ
394 4675 490 4743 γῇ,
517 4670 632 4724 ἀλλ’
659 4672 717 4724 ἰν
750 4672 870 4732 ταῖς
897 4667 1008 4721 τῶν
1043 4667 1410 4721 πιστευόντων
1429 4666 1629 4737 ψυχαίς
1661 4663 1893 4732 ἐφύτευ-

300 4775 396 4809 σεν
447 4756 478 4807 ό
520 4753 683 4817 Θεός·
721 4752 912 4806 τοῦτον
957 4751 1049 4804 τὸν
1101 4751 1432 4822 παράδεισον
1459 4751 1560 4802 οὐκ
1608 4749 1668 4802 ἐν
1711 4745 1891 4815 Ἑδέμ,

297 4841 425 4893 οὐδέ
450 4839 598 4892 κατά
630 4837 892 4901 ἀνατολάς
935 4835 1087 4889 ἔθετο
1109 4837 1167 4888 ἐν
1189 4836 1269 4888 ἐνὶ
1301 4833 1652 4904 περιγράψας
1681 4831 1892 4902 χωρίῳ,

298 4926 439 4980 ἀλλά
465 4921 744 4992 πανταχοῦ
771 4921 869 4989 τῆς
895 4921 1002 4990 γῆς
1022 4919 1325 4990 ἐξήπλωσε,
1357 4920 1453 4972 καὶ
1481 4920 1561 4980 είς
1581 4918 1651 4970 τά
1684 4917 1896 4987 πέρατα

299 5010 403 5079 τῆς
433 5005 764 5078 οἰκουμένης
811 5003 1068 5068 ἐξέτεινε.
1107 5002 1216 5055 Καὶ
1246 5003 1329 5055 ὅτι
1363 5000 1640 5071 πανταχοῦ
1685 4999 1784 5070 τῆς
1825 4999 1897 5051 οἰ-

300 5090 578 5160 κουμένης
610 5089 705 5152 τάς
751 5087 974 5159 Γραφάς
996 5086 1272 5158 ἥπλωσεν,
1310 5085 1543 5139 ἄκουσον
1567 5083 1662 5136 τοῦ
1691 5084 1899 5154 προφή-

299 5193 400 5228 του
421 5173 702 5241 λέγοντος·
726 5175 831 5238 Εἰς
855 5169 1063 5226 πᾶσαν
1091 5171 1206 5237 τὴν
1237 5168 1356 5238 τῆν
1379 5166 1642 5237 ἐξῆλθεν
1667 5170 1701 5220 ό
1717 5168 1898 5235 φθόγ-

301 5276 412 5327 γος
433 5255 657 5320 αὐτῶν,
686 5255 787 5308 καί
823 5258 911 5321 είς
944 5255 1018 5307 τὰ
1040 5253 1267 5321 πέρατα
1304 5250 1412 5320 τῆς
1439 5250 1796 5319 οἰκουμένης
1824 5253 1896 5303 τὰ

294 5342 539 5410 ῥήματα
597 5337 814 5392 αὐτῶν.
858 5338 976 5392 Κᾶν
1015 5339 1152 5409 πρὸς
1209 5337 1406 5400 Ἰνδοὺς
1483 5334 1745 5406 ἀπέλθῃς,
1804 5333 1899 5394 οὒς

299 5424 560 5495 πρώτους
605 5423 840 5491 ἀνίσχων
875 5423 902 5474 ὁ
949 5420 1099 5492 ἥλιος
1151 5423 1271 5492 ὁρᾷ,
1301 5420 1404 5474 κᾶν
1435 5422 1514 5484 εἰς
1547 5419 1639 5472 τὸν
1659 5416 1900 5471 ὠκεανὸν

300 5508 573 5579 ἀπέλθῃς,
609 5505 712 5559 κᾶν
743 5506 878 5574 πρὸς
905 5507 1004 5569 τὰς
1033 5505 1400 5577 Βρεταννικάς
1431 5505 1630 5576 νήσους
1659 5503 1894 5562 ἐκείνας.

301 5591 412 5645 κᾶν
465 5593 546 5654 είς
595 5591 688 5643 τὸν
716 5589 966 5655 Εὔξεινον
1011 5590 1253 5661 πλεύσῃς
1287 5589 1504 5650 πόντον,
1528 5586 1634 5642 κᾶν
1667 5587 1804 5657 πρὸς
1828 5584 1897 5638 τὰ

300 5673 459 5728 νύτια
497 5673 941 5746 ἀπέλθῃς.μέρη,
980 5673 1198 5726 πάντων
1254 5671 1466 5743 ἀκούσῃ
1515 5667 1788 5740 πανταχοῦ
1829 5667 1899 5720 τὰ

300 5757 422 5814 ἀπὸ
471 5757 572 5832 τῆς
610 5757 832 5829 Γραφῆς
884 5755 1337 5827 φιλοσοφούντων,
1383 5756 1538 5827 φωνῇ
1576 5754 1677 5827 μὲν
1715 5753 1898 5826 ἑτέρᾳ,

1983 2820 2164 2874 πίστει
2197 2821 2254 2875 δὲ
2297 2821 2396 2894 οὐχ
2435 2823 2618 2896 ἑτέρᾳ,
2645 2824 2738 2879 καὶ
2763 2825 2984 2900 γλώσσῃ
3031 2830 3132 2900 μὲν
3153 2829 3415 2904 διαφόρῳ,
3453 2831 3568 2886 δια-

1982 2906 2101 2976 νοίᾳ
2129 2906 2186 2971 δέ
2215 2906 2514 2978 συμφώνῳ.
2563 2909 2622 2960 '0
2641 2909 2745 2977 μὲν
2767 2911 2878 2983 γάρ
2906 2912 3144 2982 φθόγγος
3161 2915 3263 2985 τῆς
3289 2915 3564 2984 γλώσσης,

1982 2989 2332 3062 ἐνήλλακται,
2365 2993 2393 3045 ό
2425 2992 2482 3045 δὲ
2513 2993 2716 3062 τρόπος
2747 2995 2848 3065 τῆς
2900 2997 3182 3062 εὐσεϐείας
3217 3001 3317 3053 οὐκ
3354 3001 3576 3072 ἐψηλλα-’

1986 3089 2138 3126 κται·
2183 3075 2279 3127 καὶ
2311 3074 2700 3146 βαρϐαρίζουσι
2731 3077 2831 3148 μὲν
2856 3081 2923 3150 τῇ
2949 3079 3184 3152 γλώττῃ,
3220 3083 3569 3153 φιλοσοφοῦσι

1981 3157 2040 3209 δὲ
2169 3157 2393 3231 γνώμῃ·
2421 3162 2516 3212 καὶ
2552 3160 2911 3228 σολοικίξουσι
2955 3165 3056 3235 μὲν
3080 3166 3160 3237 τῷ
3194 3168 3437 3240 φθόγγῳ,
3477 3170 3568 3222 εὐ-

1985 3239 2207 3293 σεϐοῦσι
2234 3240 2293 3293 δέ
2331 3243 2410 3314 τῷ
2436 3244 2644 3314 τρόπῳ.

2053 3317 2207 3386 Εἶδες
2234 3325 2564 3396 παραδείσου
2590 3327 2762 3398 μῆκος
2791 3327 2925 3400 πρὸς
2947 3328 3018 3384 τά
3036 3331 3248 3402 πέρατα
3271 3333 3370 3404 τῆς
3390 3335 3566 3389 οἰκου-

1987 3395 2155 3477 μένης
2177 3395 2885 3480 ὲκτεταμένουξἙνταῦθα
2915 3413 3015 3466 οὐκ
3043 3395 3190 3469 ἔστιν
3217 3395 3360 3485 ὅφις,
3396 3419 3570 3472 καθα-

1986 3489 2080 3559 ρὸν
2111 3490 2219 3544 τῶν
2243 3491 2451 3563 θηρίων
2471 3494 2587 3547 ἐστὶ
2607 3495 2667 3548 τὸ
2687 3495 2906 3568 χωρίον,
2931 3498 3026 3552 καὶ
3045 3501 3112 3570 τῇ
3133 3498 3228 3551 τοῦ
3252 3501 3392 3553 Πνεύ
3401 3519 3570 3571 ματος

1985 3573 2278 3654 τειχίζεται
2325 3576 2527 3648 χάριτι.
2592 3580 2747 3650 Ἔχει
2804 3582 2897 3634 καὶ
2947 3583 3132 3654 πηγὴν
3172 3583 3202 3639 ὁ
3245 3585 3572 3654 παράδεισος

1984 3651 2170 3722 οὗτος,
2194 3660 2448 3732 καθάπερ
2465 3663 2692 3729 ἐκεῖνος,
2725 3664 2906 3735 πηγὴν
2932 3651 3144 3736 μυρίων
3173 3651 3434 3736 ποταμῶν
3451 3667 3581 3741 [7⁸31

1989 3741 2224 3811 μητέρα,
2247 3743 2372 3816 οὐχ).
2395 3745 2699 3816 τεσσάρων.
2753 3747 2827 3799 υο
2860 3746 2968 3818 γὰρ
2996 3747 3088 3800 τὸν
3119 3749 3398 3820 Τίγρητα,
3449 3752 3570 3804 οὐδὲ

1985 3824 2078 3878 τὸν
2109 3826 2425 3898 Εὐφράτην,
2449 3828 2571 3886 οὐδὲ
2617 3830 2710 3883 τὸν
2737 3831 3034 3900 Αίγύπτιον
3063 3833 3283 3900 Νεῖλον,
3315 3835 3436 3888 οὐδὲ
3478 3837 3571 3888 τὸν

1999 3907 2160 3961 Ἰνδὸν
2203 3910 2444 3982 Γάγγην,
2471 3910 2610 3966 ἀλλά
2640 3913 2866 3984 μυρίους
2895 3915 3088 3984 ἀφίησι
3121 3919 3396 3987 ποταμοὺς
3427 3916 3568 3988 αὕτη

1985 3991 2024 4061 ἡ
2053 3993 2230 4064 πηγή.
2259 3994 2355 4058 Τίς
2386 3995 2559 4052 ταῦτά
2599 4013 2802 4066 (manv;
2846 3999 3020 4062 Αὐτὸς
3071 4000 3100 4052 ὁ
3125 4002 3250 4064 τοὺς
3295 4004 3572 4073 ποταμοὺς

1989 4078 2122 4147 ἡμῖν
2148 4078 2516 4148 χαρισάμενος
2557 4079 2689 4144 Θεός
2713 4097 2727 4112 ο
2769 4081 2833 4135 '0
2866 4085 3170 4138 πιστεύων
3197 4089 3306 4155 γὰρ
3324 4089 3409 4151 είς
3442 4087 3569 4155 ἐμὲ,

1989 4163 2144 4232 φησὶ,
2187 4163 2385 4228 καθὼς
2409 4159 2578 4217 εἶπεν
2606 4167 2646 4233 ἡ
2677 4165 2913 4234 licam),
2942 4170 3191 4236 ποταμοί
3219 4170 3290 4223 ἐκ
3318 4168 3426 4238 τῆς
3450 4188 3571 4224 κοι-

1989 4248 2130 4312 λίας
2157 4246 2344 4300 αὐτοῦ
2369 4249 2709 4316 ῥεύσουσιν
2739 4251 2958 4318 ’ὓδατος
2990 4251 3222 4320 ζῶντος.
3265 4250 3420 4318 Εἶδες
3454 4254 3573 4318 πῶς

1990 4331 2111 4402 οὐχὶ
2129 4332 2392 4404 τέσσαρες
2410 4335 2660 4405 ποταμοὶ,
2681 4335 2818 4388 ἀλλά
2837 4335 3130 4406 ἀδιόριστοι
3149 4337 3258 4390 ἀπὸ
3271 4339 3368 4408 τῆς
3387 4339 3572 4408 πηγῆς

1993 4416 2211 4486 ἐκείνης
2234 4417 2516 4488 ἐκχέοντες
2535 4437 2550 4484 ;
2573 4419 2648 4472 Οὐ
2668 4417 2744 4490 τῷ
2763 4419 2958 4490 πλήθει
2973 4421 3029 4474 δὲ
3049 4421 3230 4491 μόνον,
3248 4423 3382 4476 ἀλλά
3399 4425 3492 4478 καὶ
3504 4426 3572 4494 τῇ

1993 4499 2154 4569 φύσει
2183 4499 2472 4573 θαυμαστὴ
2497 4503 2529 4570 ἠ
2555 4503 2726 4573 πηγή’
2763 4503 2826 4555 οὐ
2858 4503 2966 4574 γὰρ
2999 4503 3191 4568 ὕδατός
3233 4507 3351 4560 ἐστι
3383 4506 3452 4559 τά
3475 4507 3574 4560 νά-

1997 4601 2164 4654 ματα,
2197 4584 2336 4638 ἀλλά
2364 4584 2679 4656 Πνεύματος
2705 4586 2775 4641 τὰ
2802 4587 3137 4658 χαρίσματα.
3181 4589 3328 4660 Αὕτη
3359 4591 3392 4661 ἡ
3421 4591 3574 4660 πηγὴ

1993 4667 2118 4721 καθ’
2153 4668 2392 4740 ἑκάστην
2413 4669 2592 4740 ψυχήν
2610 4671 2726 4724 ἐστι
2755 4671 2864 4724 τῶν
2883 4671 3089 4725 πιστῶν
3114 4672 3464 4742 μεριζομένη,
3481 4673 3591 4724 καὶ-

1993 4753 2056 4806 οὐ
2089 4753 2411 4825 μειουμένη·
2440 4755 2791 4827 μεριζομένη,
2813 4756 2908 4809 καὶ
2925 4756 2986 4809 οὐ
3002 4755 3392 4827 δαπανωμένηο
3406 4773 3576 4810 κατα-

1995 4838 2438 4910 κερματιζομένη
2458 4880 2474 4903 ,
2513 4841 2610 4894 καὶ
2658 4841 2759 4892 οὐκ
2791 4839 3162 4910 ἐλαττουμένη
3181 4855 3196 4870 ο
3236 4839 3386 4910 παρά
3411 4841 3591 4893 πᾶσιν·

1995 4920 2311 4992 ὁλόκληρος,
2347 4922 2441 4974 καὶ
2471 4923 2530 4975 ἐν
2567 4922 2784 4994 ἑκάστῳ
2822 4922 3134 4992 ὁλόκληρος.
3176 4923 3425 4976 Τοσαῦτα
3466 4924 3580 4993 γάρ

1996 5003 2092 5058 τοῦ
2127 5005 2445 5076 Πνεύματος
2471 5007 2542 5061 τά
2570 5007 2902 5079 χαρίσματα.
2939 5006 3126 5060 Βούλει
3155 5005 3347 5076 μαθεῖν
3371 5005 3552 5076 τὴνδα

1996 5087 2211 5156 ψίλειαν
2266 5089 2375 5144 τῶν
2423 5092 2684 5160 ναμάτων
2717 5089 2955 5155 τούτων;
2991 5089 3172 5160 βούλει
3224 5090 3417 5160 μαθεῖν
3469 5090 3579 5142 τῶν

2000 5170 2207 5224 ὑδάτων
2253 5171 2351 5244 τὴν
2398 5172 2591 5241 φύσιν;
2649 5173 2767 5236 πῶς
2813 5174 2913 5228 οὐκ
2971 5173 3111 5226 ἔοικε
3161 5172 3406 5235 τούτοις,
3443 5171 3581 5225 ἀλλὰ

2003 5253 2198 5324 βελτίω
2232 5255 2438 5308 τούτων
2481 5257 2575 5308 καὶ
2621 5255 3044 5327 θαυμασιώτερά
3080 5257 3261 5317 ἐστινς
3313 5257 3585 5308 ’Ἄκουσον

2001 5339 2162 5392 πάλιν
2189 5339 2354 5392 αὐτοῦ
2382 5338 2476 5390 τοῦ
2524 5337 2764 5410 Χριστοῦ
2813 5337 3062 5406 λέγοντος
3105 5341 3169 5409 τῇ
3206 5337 3587 5408 Σαμαρείτιδι,
3643 5386 3652 5392 .

1999 5425 2085 5476 ἵνα
2123 5424 2297 5497 μάθῃς
2323 5423 2421 5494 τὴν
2452 5423 2728 5492 δαψίλειαν
2753 5423 2853 5492 τῆς
2885 5424 3086 5493 πηγῆς.
3118 5425 3186 5477 Ἠ)
3214 5422 3389 5488 ὕδωρ,
3415 5420 3446 5473 ὃ
3467 5421 3582 5489 ἐγὼ

1996 5506 2189 5565 δώσω,
2217 5507 2370 5574 φησὶ,
2401 5504 2482 5570 τῷ
2507 5503 2719 5570 πιστῷ,
2751 5506 3070 5574 γενήσεται
3113 5505 3183 5558 ἐν
3213 5501 3375 5568 αὐτῷ
3415 5502 3580 5572 πηγὴ

1997 5590 2215 5654 ὕδατος
2243 5588 2586 5658 ἁλλομένου
2630 5591 2719 5654 είς
2750 5587 2903 5654 ζωὴν
2944 5588 3203 5642 αίώνιον.
3248 5588 3362 5640 Οὐκ
3392 5582 3544 5638 εἶπεν
3565 5626 3582 5648 ,

1995 5673 2250 5739 ἐξιόντος,
2276 5675 2378 5727 οὐκ
2406 5669 2548 5736 εἷπε,
2583 5675 2972 5744 προχεομένου,
3004 5670 3168 5734 ἀλλὰ,
3219 5668 3584 5740 ἁλλομένου,

1996 5757 2086 5812 διὰ
2112 5757 2220 5813 τῶν
2239 5756 2497 5830 άλμάτων
2514 5756 2612 5827 τὴν
2628 5757 2890 5827 ἀφθονίαν
2907 5758 3037 5825 ἡμῖν
3051 5755 3352 5827 ἐμφαίνων.
3369 5753 3584 5808 Ἐκεῖνα
