4010 6342
431 253 503 309 89
1103 261 1163 318 s.
1205 259 1491 319 JOANNIS
1528 257 2028 318 cnmsos'rom
2073 257 2393 315 ARCIIIEP.
2435 251 2985 314 CONSTANTINOP.

431 363 541 418 τῶν
570 361 844 432 κρηναίων
874 361 1081 415 ὑδάτων
1113 363 1427 428 ἐξάλλεσθαι
1463 367 1556 419 καὶ
1597 366 1772 438 πηδᾷν
1801 383 2003 419 παντα-

429 446 588 516 χόθεν
625 444 836 509 είωθεν,
871 445 1015 516 ἆπερ
1047 445 1114 499 ἂν
1156 448 1211 498 αί
1240 449 1413 516 πηγαὶ
1443 450 1501 501 ἐν
1536 452 1648 512 τοῖς
1677 450 1896 513 κόλποις
1930 449 2005 518 μὴ

429 527 682 580 δύνανται
725 529 998 598 κατέχειν,
1034 529 1169 582 ἀλλά
1205 528 1501 601 νικώμεναι
1529 533 1594 602 τῇ
1627 532 1876 602 συνεχείᾳ
1905 532 2004 600 τῆς

428 611 692 681 ἐπιρῥοῆς
721 613 1054 680 πανταχόθεν
1081 615 1221 668 αὑτά
1257 615 1640 679 ἀναϐλύζουσι.
1677 615 2004 682 Βουλόμενος

424 691 518 749 οὖν
544 697 642 766 τὴν
673 697 950 768 δαψίλειαν
975 700 1082 755 τῶν
1107 704 1362 773 ναμάτων
1382 701 1571 767 δεῖξαι,
1599 697 1770 766 εἶπεν,
1815 701 2002 756 ἀλλο-

419 780 632 848 μένου,
676 783 797 845 οὑκ,
849 784 1100 849 ἐξιόντος.
1145 785 1330 840 Βούλει
1378 788 1470 840 καὶ
1509 787 1608 858 τὴν
1640 787 1800 857 φύσιν
1833 786 2001 854 αὑτῆς

425 865 795 934 καταμαθεῖν;
849 867 1103 922 Μάνθανε
1149 869 1256 923 ἀπὸ
1285 871 1384 941 τῆς
1417 871 1623 942 χρείας.
1665 872 1740 924 Ub
1779 873 1888 942 γὰρ
1919 874 2000 936 εἰς

425 945 569 1015 ζωὴν
600 946 700 1016 τὴν
727 949 1025 1020 παροῦσαν,
1054 951 1168 1004 ἀλλ’
1199 955 1279 1016 εἰς
1301 953 1445 1024 ζωὴν
1479 955 1695 1008 αἰώνιόν
1721 957 1837 1008 ἐστι
1867 972 2002 1026 χρη-

425 1029 579 1100 σίμη.
626 1034 1004 1104 Διατρίψωμεν
1034 1036 1213 1089 τοίνυν
1246 1039 1304 1090 ἐν
1331 1038 1409 1108 τῷ
1451 1038 1762 1109 παραδείσῳ
1791 1040 1996 1110 τούτῳ,

423 1113 929 1186 παρακαθεζώμεθα
954 1121 1020 1189 τῇ
1043 1123 1212 1192 πηγῇ,
1246 1120 1320 1191 μὴ
1349 1122 1611 1190 πάθωμεν
1630 1123 1766 1192 ὅπερ
1797 1122 1997 1175 ἔπαθεν

421 1197 450 1247 6
488 1196 675 1266 ’Δδάμ,
707 1201 803 1252 καὶ
835 1202 1158 1273 ἐκπέσωμεν
1187 1203 1281 1258 τοῦ
1318 1205 1646 1276 παραδείσου
1675 1223 1688 1237 ·
1731 1208 1806 1276 μὴ
1830 1207 1996 1271 δεξώ-

424 1279 562 1362 μεθα
596 1282 903 1356 συμϐουλὴν
946 1286 1193 1358 ὀλεθρίαν
1214 1330 1230 1354 ,
1289 1288 1364 1362 μὴ
1416 1288 1849 1360 παραδεξώμεθα
1898 1288 1996 1360 τὴν

419 1361 638 1445 ἀπάτην
679 1365 771 1419 τοῦ
813 1367 1078 1424 διαϐόλου·
1120 1373 1369 1444 μένωμεν
1416 1373 1583 1427 ἔνδον·
1620 1373 1788 1445 πολλὴ
1821 1373 1993 1445 γὰρὴ

419 1443 668 1528 ἐντεῦθεν
701 1449 987 1520 ἀσφάλεια·
1047 1443 1295 1526 μένωμεν
1331 1458 1388 1510 ἐν
1429 1460 1495 1528 τῇ
1541 1443 1844 1526 ἀναγνώσει
1885 1443 1994 1510 τῶν

420 1526 651 1598 Γραφῶν
687 1533 908 1591 τούτων.
948 1538 1213 1609 Καθάπερ
1253 1539 1362 1612 γὰρ
1406 1526 1638 1612 οίνπγῇ
1671 1541 1995 1613 παρακαθή-

421 1625 593 1677 μενοι,
627 1614 720 1668 καὶ
747 1617 847 1688 τῆς
875 1617 1047 1690 αὔρας
1084 1621 1298 1693 ἐκείνης
1328 1623 1712 1689 ἀπολαύοντες,
1743 1626 1837 1678 καὶ
1867 1625 1994 1679 καύ-

419 1709 588 1780 σωνος
610 1698 957 1772 ἐπικειμένου
983 1706 1083 1777 τὴν
1127 1707 1249 1777 ὄψιν
1301 1711 1541 1780 συνεχῶς
1573 1710 1990 1775 ἐπικλύζοντες,

416 1777 808 1866 ἀποκρούονται
835 1785 894 1838 τὸ
928 1790 1115 1857 πνῖγος
1133 1794 1244 1855 τοῖς
1267 1777 1494 1864 νάμασι,
1521 1795 1615 1848 καὶ
1640 1795 1827 1866 δίψους
1852 1795 1993 1848 διεν-

413 1861 695 1951 οχλοῢντφς
712 1867 928 1951 Δῥᾳδίως
953 1869 1139 1926 ίῶνται
1169 1875 1230 1929 τὸ
1253 1861 1441 1942 πάθος,
1474 1861 1717 1948 ἐγγύθεν
1741 1878 1805 1932 τὸ
1845 1879 1991 1951 φάρ-

417 1960 590 2038 μακον
629 1947 739 2038 ἀπὸ
764 1950 870 2038 τῆς
920 1957 1104 2026 πηγῆς
1131 1958 1376 2030 ἔχοντες·
1415 1947 1589 2028 οὕτως
1635 1965 1664 2017 6
1702 1947 1867 2036 1:696
1890 1947 1990 2038 τήν

414 2028 596 2118 πηγήν
624 2031 733 2084 τῶν
759 2033 917 2090 θείων
947 2028 1691 2118 Γραφῶνπαρακαθήμενος,
1726 2028 1831 2104 κάν
1869 2028 1990 2103 ἐπί-

414 2112 615 2209 θυμίας
645 2120 846 2209 ἀτόπου
890 2127 1061 2195 φλόγα
1099 2112 1618 2209 διενοχλοῦσανίδῃ,
1649 2112 1848 2208 ῥᾳδίως
1878 2139 1988 2193 61:6

411 2200 522 2252 τῶν
561 2205 816 2273 ναμάτων
869 2211 1093 2266 ἐκείνων
1149 2200 1468 2290 τὴνήψυχὴν
1513 2200 1840 2288 ἀποκλύσας-
1880 2225 1986 2278 61:-

412 2289 712 2386 εκρούσατο
730 2296 844 2386 Δτήν
871 2298 1042 2386 φλόγα
1067 2318 1079 2331 ·
1106 2304 1208 2357 κᾶν
1229 2307 1364 2378 ὀργὴ
1391 2289 1620 2379 διακαής
1649 2312 1859 2383 ἐνοχλῇ,
1885 2313 1986 2386 τὴν

413 2374 637 2466 καρδίαν
652 2378 902 2466 καθάπερ
919 2382 1119 2456 λέϐητα
1135 2374 1527 2462 ὑποκαιόμενον
1543 2374 1982 2466 ἀναϐράσσουσά,

413 2459 611 2542 μικρὸν
655 2461 749 2514 τοῦ
793 2465 1032 2536 νάματος
1059 2459 1394 2539 ἐπιστάξαςν,
1435 2476 1638 2542 εὐθέως
1671 2459 1983 2534 κατέστειλε

409 2541 504 2594 τοῦ
530 2542 734 2610 πάθους
780 2548 880 2620 τὴν
932 2551 1311 2624 ἀναισχυντίαν
1336 2574 1351 2588 ο
1385 2559 1477 2612 καὶ
1519 2562 1585 2614 ἐκ
1629 2563 1845 2617 πάντων
1876 2564 1986 2619 τῶν

411 2627 988 2719 πονηρῶνᾼλογισμῶν,
1004 2634 1192 2710 ῶσπερ
1210 2640 1274 2694 ἐκ
1307 2641 1480 2714 μέσης
1509 2644 1724 2714 φλογὸς,
1744 2648 1986 2719 ἐξαρπά-

409 2706 491 2771 ζει
529 2709 627 2780 τὴν
653 2712 830 2784 ψυχὴν
859 2717 892 2786 ἡ
922 2717 1030 2771 τῶν
1065 2706 1223 2775 θείων
1251 2723 1291 2775 Γ
1295 2706 1484 2795 ραφῶν
1512 2706 1842 2799 ἀνάγνωσις.

480 2866 546 2936 β’.
568 2869 659 2922 Διὸ
680 2871 774 2924 καὶ
797 2874 827 2926 6
846 2876 1133 2948 προφήτης
1152 2880 1180 2932 6
1200 2879 1373 2951 μέγας
1391 2884 1554 2939 Δαυῒδ
1581 2887 1803 2950 ἐκεῖνος,
1828 2885 1984 2951 εἰδὼς

407 2949 507 3040 τῂν
533 2951 806 3040 ώφέλειαν
830 2958 928 3026 τὴν
960 2960 1068 3013 61:6
1092 2963 1188 3033 τῆς
1203 2949 1573 3034 ἀναγνώσεως
1593 2970 1702 3024 τῶν
1724 2949 1980 3040 Γραφῶν,

406 3033 498 3124 τδν
527 3033 788 3124 διηνεκῶς
817 3042 1152 3112 προσέχοντα
1179 3051 1298 3112 ταῖς
1327 3050 1566 3121 Γραφαῖς
1597 3053 1691 3105 καὶ
1724 3033 1827 3123 ne};
1854 3033 1982 3124 όμιέ

406 3118 526 3209 λίας
573 3121 767 3209 ταύτης
791 3125 1132 3184 ἀπολαύοντα
1171 3118 1489 3204 παρεικάζει
1520 3138 1671 3209 φυτῷ
1704 3118 1794 3192 ἀεί
1822 3118 1982 3209 τεθη-

406 3201 538 3287 λότι,
567 3207 714 3275 παρά
735 3211 859 3273 τοὺς
881 3212 1090 3280 ῥύακας
1113 3216 1364 3286 ἑστηκότι
1390 3219 1500 3272 τῶν
1523 3201 1753 3287 ὑδάτων,
1781 3222 1982 3275 οὑτωσὶ

405 3285 599 3373 λέγωνξ
631 3291 930 3361 Μακάριος
951 3296 1128 3366 ἀνὴρ,
1154 3285 1353 3365 ὅςούκ
1375 3303 1665 3372 ἐπορεύθη
1690 3285 1983 3373 ἐνβουλῆ

405 3370 794 3458 ιίσεϐῶν,γοιαὶ
840 3378 912 3430 ἐν
948 3380 1065 3446 ὀδῷ
1109 3383 1474 3453 ἁμαρτωλῶν
1505 3391 1618 3443 οὐκ
1653 3370 1806 3458 ἔστη
1831 3431 1846 3455 ,
1883 3370 1982 3446 καί

404 3453 502 3544 ἐπὶ
534 3456 827 3544 καθέδραν
859 3460 975 3534 [75]
1006 3465 1232 3535 λοιμῶν
1262 3471 1374 3522 οὐκ
1414 3469 1712 3525 ἐκάθισεν·
1912 3475 1982 3527 ἐν

405 3538 486 3624 τῷ
517 3538 680 3606 νόμῳ
711 3544 929 3611 Κυρίου
990 3546 1057 3599 τὸ
1106 3549 1336 3618 θέλημα
1394 3554 1610 3620 αὑτοῦ,
1649 3555 1749 3609 καί
1794 3557 1864 3610 ἐν
1900 3558 1980 3624 τῷ

403 3620 566 3707 νόμῳ
590 3624 777 3707 αὐτοῦ
813 3629 1133 3698 μελετήσει
1177 3635 1401 3702 ἡμέρας
1439 3636 1537 3690 καί
1580 3639 1840 3707 νυκτὸς,
1881 3620 1978 3695 καί

403 3703 681 3790 ξσταιᾼώς
712 3707 778 3761 τὸ
809 3709 1004 3790 ξύλον
1047 3713 1116 3765 τὸ
1158 3719 1611 3786 πεφυτευμένον
1637 3703 1835 3790 ,παρά
1873 3725 1979 3790 τὰς

403 3785 714 3875 διεξόδους
762 3789 882 3844 τῶν
921 3793 1174 3852 ὑδάτων.
1233 3785 1502 3874 Καθάπερ
1551 3804 1659 3875 γὰρ
1713 3785 1774 3859 1:6
1822 3785 1979 3874 ξύλον

405 3872 582 3958 ἐκεῖνο
616 3875 678 3927 τὸ
718 3875 870 3948 παρά
914 3877 1012 3942 τὰς
1035 3879 1301 3948 διεξόδους
1327 3884 1439 3938 τῶν
1469 3872 1676 3941 ὑδάτων
1706 3872 1978 3958 πεφυτευ-

409 3956 588 4048 μένον,
617 3960 748 4048 παρ’
779 3961 976 4048 αὑτοὺς
1009 3966 1136 4029 τοὺς
1184 3965 1394 4036 ῥύακας
1438 3970 1700 4042 ἑστηκὸς,
1753 3956 1976 4048 διηνεκῆ

403 4039 503 4126 τῆς
529 4041 765 4126 ,ἀρδείας
816 4045 937 4116 ἔχον
986 4048 1086 4120 τὴν
1139 4053 1420 4122 χορηγίαν,
1455 4039 1603 4126 πάσῃ
1634 4055 1810 4126 ἀέρων
1830 4039 1980 4112 -ἀνωλ

407 4124 575 4198 μαλίςι
629 4129 924 4213 ἀχείρωτον
949 4131 1186 4199 γίνεται,
1217 4138 1310 4190 καὶ
1339 4136 1463 4190 οὔτε
1496 4124 1690 4194 ἀκτῖνα
1705 4124 1978 4213 θερμοτέ-

405 4227 504 4294 ραν
530 4212 826 4284 γενομένην
853 4214 1106 4283 δέδοικεν,
1149 4217 1272 4272 οὑτε
1299 4221 1390 4275 τὸν
1419 4222 1558 4293 ἀέρα
1600 4212 1976 4294 μεταπεσόντα

403 4293 484 4380 είς
540 4294 748 4367 αὑχμὸν
789 4297 1133 4353 εὐλαϐεῖταιο
1173 4302 1361 4376 ίκανὴν
1407 4305 1514 4380 γάρ
1553 4293 1676 4378 ἔχον
1717 4311 1976 4366 ἐναποκε-

403 4376 728 4466 κλεισμένην
811 4381 986 4466 ἐαυτῷ
999 4382 1096 4454 τὴν
1115 4387 1309 4452 νοτίδα,
1329 4376 1508 4461 πάσης
1522 4376 1751 4463 ήλι-ακῆς
1767 4394 1976 4466 θέρμης

401 4459 713 4548 πλεονεξίαν
735 4463 932 4530 ἔξωθεν
956 4468 1364 4538 προσϐαλοῦσαν
1385 4459 1588 4538 εὐθέως
1608 4459 1975 4548 ἀποκρούεται

403 4547 493 4634 καὶ
534 4545 850 4634 διωθεῖταιξ
894 4549 1042 4634 ,οὕτω
1088 4553 1351 4627 καὶψυχὴ
1397 4558 1548 4629 παρὰ
1592 4563 1720 4624 τοὺς
1759 4545 1974 4634 ῥύακας

399 4630 660 4701 ἑστηκυῖα
688 4633 796 4686 τῶν
820 4633 979 4686 θείων
1009 4635 1048 4686 Γ
1053 4637 1261 4705 ραφῶν,
1301 4639 1394 4692 καὶ
1432 4630 1775 4715 ποτιζομένῃ-
1799 4645 1975 4716 διηνε-

398 4716 532 4781 κῶς,
566 4718 750 4773 ἐκεῖνα
779 4718 849 4772 τά
884 4719 1102 4789 νάματα
1151 4722 1246 4774 καὶ
1288 4721 1388 4794 τήν
1429 4724 1618 4794 δρόσον
1658 4727 1751 4781 τοῦ
1805 4730 1976 4784 Πνεύ-

401 4817 568 4870 ματος
598 4802 656 4854 ἐν
678 4803 842 4873 ἑαυτῇ
879 4803 1187 4872 συνάγουσα
1206 4843 1221 4867 ,
1255 4805 1391 4874 1:96;
1419 4809 1600 4862 πᾶσαν
1633 4814 1974 4881 πραγμάτων

399 4883 717 4970 περίστασιν
745 4887 1043 4958 ἀχείρωτος
1069 4887 1240 4954 ἔσται,
1266 4893 1370 4944 κᾶν
1383 4894 1557 4956 νόσος,
1584 4894 1688 4948 κᾶν
1716 4897 1970 4970 ἐπήρεια,

399 4967 504 5020 κᾶν
547 4971 915 5037 συκοφαντία,
971 4971 1075 5025 κᾶν
1118 4972 1408 5044 λοιδορίαι,
1465 4976 1570 5029 κᾶν
1623 4967 1970 5053 σκώμματα,

400 5051 696 5141 κᾶν-πάσα
731 5055 994 5141 ῥᾳθυμία,
1047 5056 1149 5110 κᾶν
1194 5059 1371 5113 πάντα
1407 5058 1476 5112 τὰ
1510 5061 1610 5132 τῆς
1647 5051 1972 5141 οἰκουμένης

399 5134 549 5220 κακά
583 5135 663 5220 είς
692 5137 791 5206 τὴν
821 5139 1074 5209 τοιαύτην
1105 5144 1433 5216 κατασκήψῃ
1463 5147 1641 5219 ψυχὴν
1661 5189 1676 5213 ,
1733 5134 1972 5220 εὐκόλως

400 5218 766 5288 ἀποκρούεται
810 5221 907 5293 τὴν
970 5225 1214 5298 πύρωσιν
1263 5229 1372 5282 τῶν
1428 5218 1648 5302 παθῶν,
1705 5236 1814 5289 ἀπὸ
1871 5218 1972 5308 τῆς

397 5301 508 5388 τῶν
527 5301 758 5388 Γραφῶν
787 5304 1142 5374 ἀναγνώσεως
1169 5312 1359 5382 ἱκανὴν
1382 5315 1728 5386 παράκλησιν
1749 5301 1968 5388 ἔχουσαί

401 5384 540 5469 οὑτε
572 5387 680 5459 γὰρ
711 5387 866 5460 δόξης
901 5390 1150 5460 μέγεθος,
1200 5395 1260 5446 οὑ
1313 5384 1634 5463 δυναστείας
1677 5384 1860 5469 ὄγκος,
1909 5409 1969 5458 οὑ

400 5468 571 5555 φίλων
619 5472 892 5555 παρουσία
919 5512 933 5535 ,
968 5474 1067 5528 οὐκ
1117 5476 1244 5530 ἄλλο
1280 5480 1432 5532 οὐδὲν
1474 5481 1584 5535 τῶν
1614 5468 1971 5555 ἀνθρωπίνων

399 5550 542 5637 οὕτω
585 5553 676 5637 τὸν
705 5555 764 5606 ἐν
795 5555 954 5628 ὀδύνῃ
1007 5560 1504 5631 παραμυθήσασθαι
1545 5550 1852 5637 δυνήσεται,
1896 5573 1974 5637 ὡς

401 5636 437 5704 ἡ
461 5634 569 5689 τῶν
598 5634 757 5692 θείων
812 5640 850 5692 Γ
855 5627 1042 5711 ραφῶν
1085 5627 1407 5710 ἀνάγνωσις,
1464 5648 1528 5699 Τί
1573 5627 1766 5720 δήποτε
1797 5672 1810 5721 ;
1840 5627 1991 5710 ’Ὅτίᾨ

3608 249 3684 305 90

2107 365 2289 415 ἐκεῖνα
2332 362 2432 432 μὲν
2475 362 2717 432 ἐπίκηρα
2765 362 2860 415 καὶ
2903 361 3153 432 φθαρτὰ,
3201 361 3284 414 διὸ
3320 361 3414 414 καὶ
3465 361 3686 432 φθαρτὴ

2105 445 2282 498 αὐτῶν
2312 447 2344 516 ἡ
2379 445 2720 516 παράκλησις
2741 462 2755 476 ·
2791 446 2898 517 ἡδὲ
2941 446 3050 499 τῶν
3085 446 3322 517 Γραφῶν
3353 446 3686 515 ἀνάγνωσις,

2103 529 2237 582 Θεοῦ
2265 529 2449 599 ὁμιλία
2480 531 2648 583 ἐστίν.
2692 530 2860 585 Ὅταν
2901 525 2994 584 οῦν
3039 532 3069 583 6
3102 530 3235 594 Θεὸς
3263 530 3356 582 τὸν
3382 532 3440 582 ἐν
3471 532 3686 600 ἀθυμία

2107 613 2425 683 παρακαλῇ,
2451 614 2504 666 τί
2529 613 2636 668 τῶν
2662 614 2832 667 ὅντων
2865 614 3026 668 αὑτὸν
3055 615 3134 678 εἰς
3157 615 3396 686 ἀθυμίαν
3418 614 3686 685 ἐμϐαλεῖν

2099 693 2365 760 δύναται;

2171 834 2536 906 Προσέχωμεν
2584 839 2760 889 τοίνυν
2807 840 2874 908 τῇ
2918 837 3250 906 ἀναγνώσει,
3308 836 3384 908 μὴ
3440 835 3542 899 τάς
3584 835 3680 890 δύο

2102 918 2261 987 μόνον
2303 919 2506 982 ταύτας
2555 919 2704 994 ὥρας
2743 922 2760 990 (
2781 921 2843 974 οὑ
2888 921 2995 992 γὰρ
3032 923 3194 992 ἀρκεῖ
3225 923 3356 991 ἡμῖν
3389 922 3470 984 είς
3497 921 3678 990 ἀσφά-

2098 999 2245 1054 λειαν
2280 1000 2468 1073 ήψιλὴ
2508 1001 2646 1073 αὓτη
2698 1003 3034 1074 ἀκρόασις),
3076 1003 3210 1058 ἀλλά
3243 1003 3506 1074 διηνεκῶς
3530 1021 3546 1036 ⁸
3582 1005 3679 1058 καὶ

2096 1083 2327 1148 ἕκαστος
2369 1086 2550 1140 οίκαδε
2588 1089 2949 1159 ἀναχωρήσας
2977 1089 3045 1142 τά
3078 1089 3270 1144 Βιϐλία
3304 1089 3440 1160 μετά
3483 1093 3677 1161 χεῖρας

2095 1167 2438 1238 λαμϐανέτω,
2469 1172 2562 1224 καὶ
2594 1171 2704 1224 τῶν
2744 1173 3051 1243 εἰρημένων
3097 1174 3410 1246 ἐπερχέσθω
3442 1175 3516 1227 τά
3552 1177 3677 1245 νοή-

2097 1270 2264 1322 ματα,
2300 1254 2352 1305 εῐ
2381 1270 2444 1320 γε
2483 1254 2652 1326 μέλλῃ
2699 1254 2925 1325 διηνεκῆ
2957 1256 3053 1310 καὶ
3093 1257 3370 1327 ἀρκοῦσαν
3402 1258 3547 1328 ἔχειν
3573 1259 3676 1326 τὴν

2094 1337 2202 1390 ἀπὸ
2230 1337 2328 1408 τῆς
2352 1337 2573 1409 Γραφῆς
2603 1339 2887 1407 ὠφέλειαν.
2920 1341 3028 1394 Καὶ
3055 1339 3162 1410 γὰρ
3187 1341 3247 1394 τὸ
3283 1341 3438 1408 ξύλον
3472 1343 3672 1405 ἐκεῖνο,

2092 1422 2152 1475 τὸ
2182 1424 2335 1494 παρά
2371 1424 2496 1486 τοὺς
2526 1423 2734 1493 ῥύακας
2761 1423 3008 1493 ἑστηκὸς,
3036 1425 3097 1477 οὑ
3123 1423 3216 1476 δύο
3236 1426 3330 1477 καὶ
3350 1427 3500 1494 τρεῖς
3522 1424 3673 1496 ῶρας

2091 1507 2393 1578 όμιλεῖτοῖς
2419 1507 2625 1570 ὕδασιν,
2655 1508 2789 1561 ἀλλά
2813 1509 2994 1560 πᾶσαν
3027 1509 3126 1578 μὲν
3150 1509 3386 1579 ἡμέραν,
3417 1512 3597 1563 πᾶσαν
3613 1511 3671 1562 δὲ

2091 1590 2281 1644 νύκτα.
2316 1591 2414 1643 Διά
2440 1590 2600 1644 τοῦτο
2627 1592 2773 1661 κομᾷ
2797 1593 2911 1655 τοῖς
2938 1591 3171 1657 φύλλοις,
3196 1592 3284 1645 διά
3311 1593 3469 1644 τοῦτο
3498 1593 3672 1662 βρίθει

2088 1673 2167 1744 τῷ
2198 1673 2394 1745 καρπῷ
2427 1675 2604 1727 ἐκεῖνο
2629 1673 2691 1726 τὸ
2725 1673 2899 1738 ξύλον,
2931 1673 3033 1727 κᾶν
3077 1675 3266 1744 μηδεὶς
3295 1675 3426 1728 αὑτὸ
3459 1674 3671 1744 ἀνθρώ-

2090 1775 2207 1810 πων
2229 1759 2444 1828 ποτίζῃ·
2466 1758 2651 1830 ἐπειδὴ
2681 1760 2831 1830 παρά
2855 1761 2981 1824 τοὺς
3011 1759 3221 1831 ῥύακας
3251 1759 3482 1828 ἔστηκεν
3515 1759 3667 1820 αὐτὸ,

2086 1839 2176 1894 διὰ
2225 1841 2333 1895 τῶν
2376 1841 2542 1912 ῥιζῶν
2586 1843 2885 1896 ἐπισπᾶται
2940 1843 3040 1915 τὴν
3088 1842 3286 1905 νοτίδα,
3338 1843 3432 1896 καὶ
3479 1841 3670 1911 ὥσπερ

2086 1923 2174 1978 διά
2205 1942 2366 1978 τινων
2395 1926 2578 1996 πόρων
2617 1927 2984 1997 παραπέμπει
3030 1927 3132 1996 τὴν
3177 1926 3447 1997 ὠφέλειαν
3502 1928 3670 1979 παντὶ

2085 2009 2164 2080 τῷ
2221 2007 2453 2080 σώματιο
2487 2009 2630 2063 οὕτω
2663 2011 2756 2064 καὶ
2787 2013 2814 2064 6
2847 2009 3084 2080 συνεχῶς
3132 2009 3523 2076 ἀναγινώσκων
3569 2010 3668 2074 τὰς

2087 2092 2235 2155 θείας
2257 2092 2498 2163 Γραφάς.
2529 2093 2623 2146 καὶ
2640 2093 2790 2164 παρά
2821 2094 2945 2156 τοὺς
2965 2093 3172 2164 ῥύακας
3192 2093 3372 2146 αὐτῶν
3394 2092 3661 2162 έστηκὼς,

2086 2176 2191 2229 κᾶν
2222 2177 2426 2246 μηδένα
2465 2176 2564 2248 ἔχῃ
2605 2178 2694 2230 τὸν
2735 2177 3133 2248 ἐρμηνεύοντα,
3164 2177 3253 2229 διὰ
3278 2177 3378 2245 τῆς
3409 2177 3667 2247 συνεχοῦς

2085 2260 2464 2329 ἀναγνώσεως,
2481 2261 2670 2333 ῶσπερ
2691 2262 2781 2315 διά
2805 2279 2967 2314 τινων
2993 2263 3179 2334 ῥιζῶν,
3199 2262 3398 2332 πολλὴν
3428 2263 3666 2315 ἐπισπᾶ-

2083 2361 2174 2398 ται
2203 2344 2302 2416 τὴν
2332 2344 2615 2414 ὠφέλειαν.
2641 2347 2738 2400 Διά
2765 2345 2923 2399 τοῦτο
2950 2346 3044 2399 καὶ
3073 2347 3231 2416 ἡμεῖς
3253 2345 3349 2409 τάς
3378 2347 3666 2416 φροντίδας

2085 2431 2238 2501 ὑμῶν
2264 2433 2487 2495 εἰδότες,
2512 2433 2636 2494 τοὺς
2676 2431 3115 2502 περισπασμοὺς,
3145 2431 3244 2494 τὰς
3277 2431 3537 2500 ἀσχολίας
3564 2432 3666 2494 τὰς

2083 2515 2304 2580 πολλάς,
2330 2515 2511 2586 ἡρέμα
2539 2515 2632 2568 καὶ
2659 2520 2998 2585 καταμικρὸν
3020 2514 3164 2584 ὑμᾶς
3185 2515 3535 2586 προσάγομεν
3551 2518 3666 2578 τοῖς

2083 2600 2312 2670 νοήμασι
2341 2599 2448 2652 τῶν
2491 2598 2758 2670 Γραφῶν,
2805 2595 2884 2666 τῷ
2923 2597 3155 2668 σχολαίῳ
3202 2598 3303 2667 τῆς
3352 2598 3666 2668 ἐξηγήσεως

2085 2684 2312 2756 μόνιμον
2331 2681 2610 2744 ποιοῦντες
2644 2681 2752 2734 τῶν
2793 2680 3100 2751 λεγομένων
3134 2681 3233 2750 τὴν
3265 2681 3510 2752 μνήμην.
3550 2683 3664 2734 Καὶ

2082 2767 2190 2836 γὰρ
2221 2765 2428 2836 ὄμϐρος
2476 2764 2730 2836 ῥαγδαῖος
2780 2763 2879 2834 μέν
2913 2762 3449 2834 καταρῥηγνύμενος,
3496 2781 3666 2817 κατα-

2083 2849 2269 2914 κλύζει
2298 2847 2395 2919 τὴν
2424 2848 2769 2916 ἐπιφάνειαν,
2807 2848 2903 2899 καὶ
2927 2846 2988 2898 τὸ
3033 2845 3195 2916 βάθος
3227 2847 3379 2899 οὐδὲν
3423 2848 3628 2916 ὠφελεῖ
3648 2865 3662 2877 ’

2082 2933 2267 3004 ἡρέμα
2299 2931 2356 2984 δὲ
2393 2931 2487 2983 καὶ
2513 2929 2854 3000 καταμικρὺν
2886 2927 3068 2981 ἐλαίου
3105 2928 3260 2999 δίκην
3285 2929 3545 2994 ἐνιζάνων
3584 2930 3665 3000 τῷ

2083 3017 2360 3087 προσώπῳ
2402 3016 2502 3086 τῆς
2534 3016 2636 3085 γῆς
2660 3054 2674 3076 ,
2731 3014 2922 3086 ῶσπερ
2974 3013 3062 3068 διά
3097 3031 3260 3068 τινων
3309 3015 3523 3085 φλεϐῶν
3551 3016 3664 3069 τῶν

2083 3102 2265 3172 πόρων
2289 3099 2458 3168 αὑτῆς
2489 3099 2623 3167 πρὸς
2639 3097 2699 3150 τὸ
2722 3096 2880 3166 βάθος
2896 3096 3286 3163 διολισθαίνων,
3307 3099 3405 3162 τὰς
3431 3099 3664 3167 λαγόνας

2081 3185 2251 3254 αὑτῆς
2284 3184 2568 3255 ἐμπλήσας
2585 3183 2808 3245 νοτίδος,
2824 3184 3210 3254 εὑπορωτάτην
3231 3186 3374 3237 ποιεί
3390 3186 3525 3256 πρὸς
3544 3185 3662 3260 [741

2079 3269 2178 3340 τὴν
2206 3268 2315 3321 τῶν
2358 3267 2584 3337 καρπῶν
2611 3266 2806 3337 φοράν.
2842 3266 2934 3318 Διὸ
2971 3269 3066 3320 καὶ
3104 3267 3386 3344 ἡμεῖςντὺν
3419 3286 3666 3339 πνευμα-

2080 3354 2229 3406 τικὸν
2271 3351 2459 3406 τοῦτον
2500 3349 2706 3421 ὄμϐρον
2752 3349 2936 3420 ἡρέμα
2973 3353 3091 3413 ταῖς
3125 3351 3418 3423 ὑμετέραις
3444 3353 3664 3424 ἐνίεμεν

2078 3437 2306 3506 ψυχαῖςθ
2345 3436 2401 3488 αἱ
2441 3433 2540 3505 μὲν
2568 3433 2677 3504 γὰρ
2705 3432 2921 3502 Γραφαὶ
2948 3433 3205 3502 νεφέλαις
3236 3435 3448 3490 ἐοίκασι
3492 3455 3661 3490 πνευ-

2083 3522 2357 3592 ματικαῖς,
2391 3519 2457 3572 τὰ
2485 3517 2541 3571 δὲ
2577 3518 2799 3588 ῥήματα
2837 3518 2932 3570 καὶ
2969 3520 3216 3588 νοήματα
3255 3519 3448 3591 ὄμϐρῳ
3488 3538 3658 3591 προσ-

2081 3607 2226 3658 έοικε
2281 3601 2460 3671 πολλῷ
2507 3599 2700 3652 τούτου
2751 3599 2982 3668 βελτίονι
3004 3616 3020 3632 ο
3077 3602 3171 3655 καὶ
3220 3603 3308 3656 διὰ
3349 3603 3510 3658 τοῦτο
3565 3605 3663 3658 τὸν

2079 3687 2446 3760 πνευματικὸν
2462 3687 2649 3740 τοῦτον
2669 3686 2872 3757 ὄμϐρον
2899 3688 3241 3758 καταμικρὸν
3263 3690 3391 3760 ὑμῖν
3417 3691 3662 3762 ἐνίεμεν,

2079 3777 2164 3829 ἵνα
2193 3773 2330 3847 πρὸς
2355 3772 2488 3827 αὑτὸ
2516 3771 2578 3824 τὸ
2609 3771 2771 3841 βάθος
2800 3773 3024 3843 χωρήσῃ
3043 3772 3112 3825 τά
3128 3776 3366 3844 ῥήματα.
3386 3775 3484 3830 Διά
3499 3777 3663 3831 τοῦτο

2077 3858 2342 3929 τετάρτην
2389 3855 2628 3926 σήμερον
2673 3855 2888 3926 ἡμέραν
2938 3855 3153 3925 ἔχοντες
3182 3857 3495 3930 ἐξηγήσεως
3519 3899 3534 3923 ,
3569 3862 3662 3914 οὑ-

2079 3941 2230 3994 δέπω
2257 3938 2386 4010 μίαν
2429 3937 2741 4011 ἐπιγραφὴν
2796 3936 3088 4008 παρελθεῖν
3117 3939 3498 4012 ἠδυνήθημεν,
3540 3944 3660 3996 ἀλλ’

2077 4025 2158 4079 ἔτι
2185 4023 2313 4095 περὶ
2351 4021 2522 4093 αὐτὴν
2552 4020 2913 4092 στρεφόμεθα.
2941 4021 3158 4076 Βέλτιον
3187 4023 3297 4095 γὰρ
3327 4026 3523 4096 μικρὸν
3543 4028 3661 4082 δια⁴

2079 4109 2419 4167 σκάπτοντας
2446 4105 2664 4177 χωρίον,
2688 4115 2781 4160 και
2803 4105 2938 4177 1:96;
2955 4106 3015 4160 τὸ
3045 4107 3206 4178 βάθος
3230 4110 3664 4176 καταϐαίνοντας

2076 4190 2243 4244 πολὺν
2265 4187 2373 4244 τῶν
2405 4188 2717 4258 ἀναγκαίων
2738 4188 3014 4259 εὑρίσκειν
3038 4189 3128 4242 τὸν
3150 4191 3441 4262 θησαυρὸν,
3459 4193 3493 4263 ἦ
3526 4196 3661 4248 πολ-

2073 4273 2173 4339 λάς
2203 4273 2446 4347 ἀρούρας
2496 4271 2747 4336 ἐπιόντας
2787 4271 3012 4353 ἀνωθεν,
3049 4271 3236 4353 ἁπλῶς
3275 4277 3368 4328 καὶ
3405 4277 3529 4348 είκῆ
3561 4296 3662 4331 τα-

2073 4355 2467 4427 λαιπωρρῖσθαι
2499 4355 2594 4408 καὶ
2635 4354 2830 4424 μάτην.
2865 4351 3060 4408 Καίτοι
3097 4351 3215 4408 οἶδα
3259 4357 3488 4422 πολλοὺς
3516 4361 3659 4431 1:96;

2073 4441 2172 4511 τὴν
2207 4437 2514 4510 βραδύτητα
2558 4436 2760 4506 ταύτην
2799 4437 3269 4510 δυσχεραίνοντας’
3313 4440 3426 4494 ἀλλ’
3457 4443 3520 4495 οὑ
3554 4444 3652 4512 μέ-

2073 4525 2154 4578 λει
2186 4541 2276 4594 μοι
2304 4522 2403 4589 τῆς
2428 4521 2653 4574 ἐκείνων
2680 4523 3036 4593 κατηγορίας,
3073 4524 3210 4577 ἀλλὰ
3249 4525 3400 4594 μέλει
3433 4543 3522 4595 μοι
3555 4527 3659 4598 τῆς

2075 4606 2342 4677 ὑμετέρας
2375 4604 2664 4668 ὠφελείας.
2703 4607 2768 4658 Ol
2805 4605 3058 4677 ὀξύτερον
3096 4607 3335 4676 βαδίζειν
3362 4608 3659 4680 δυνάμενοι

2072 4691 2198 4752 τοὺς
2225 4688 2586 4760 βραδυτέρους
2605 4687 2714 4740 τῶν
2741 4687 2985 4757 ἀδελφῶν
3007 4690 3428 4761 ἀναμενέτωσαν
3454 4709 3468 4723 ·
3507 4688 3658 4746 οὗτοι

2077 4772 2176 4843 μὲν
2206 4772 2315 4842 γὰρ
2348 4772 2588 4834 ἐκείνους
2621 4773 2909 4842 ἀναμεῖναι
2945 4773 3221 4838 δύνανται,
3255 4775 3306 4826 οἱ
3333 4774 3392 4827 δὲ
3428 4774 3658 4828 ἀσθενέο

2076 4872 2254 4926 στεροι
2281 4853 2418 4925 πρὸς
2459 4854 2698 4917 ἐκείνους
2731 4855 2958 4918 ἑαυτοὺς
2991 4861 3347 4928 παρεκτείναι
3368 4859 3470 4911 οὑκ
3499 4859 3658 4928 ἰσχύς

2071 4955 2212 4991 ουσι.
2248 4937 2346 4990 Διά
2376 4935 2534 4989 τοῦτο
2563 4938 2657 4990 καὶ
2681 4938 2710 4989 6
2736 4937 2946 5002 Παῦλός
2974 4957 3159 5011 φησιν,
3192 4942 3272 4994 ὅτι
3304 4942 3408 4994 οὑκ
3438 4943 3659 5009 ὀφείλο-

2075 5041 2175 5094 μεν
2206 5023 2333 5085 τοὺς
2362 5020 2610 5084 ἀσθενεῖς
2645 5021 2978 5089 ἀναγκάζειν
3010 5025 3117 5094 πρὸ
3148 5025 3369 5096 καιροῦ,
3393 5026 3529 5097 πρὸς
3557 5026 3658 5096 τὴν

2069 5108 2382 5177 τελειότητα
2406 5107 2513 5159 τῶν
2533 5105 2773 5160 δυνατῶν
2805 5108 3144 5161 ἐκτείνεσθαι
3175 5111 3249 5181 μὴ
3270 5110 3610 5180 δυναμένους
3637 5130 3650 5141 ·

2071 5189 2184 5244 ἀλλ’
2216 5190 2296 5242 ὅτι
2325 5191 2485 5259 ἡμεῖς
2520 5187 2807 5258 ὀφείλομεν
2847 5191 2896 5242 οί
2948 5191 3164 5244 δυνατοὶ
3194 5193 3263 5245 τὰ
3290 5193 3659 5263 ἀσθενήματα

2069 5272 2177 5327 τῶν
2207 5273 2482 5326 ἀδυνάτων
2521 5271 2834 5341 βαστάζειν.
2880 5274 3158 5342 Ὠφελείας
3189 5277 3320 5346 ἡμῖν
3362 5275 3514 5346 μέλει
3548 5277 3656 5346 τῆς

2070 5357 2369 5428 ὑμετέρας,
2403 5355 2503 5408 οὐκ
2545 5356 2857 5423 ἐπιδείξεως
2897 5359 3086 5422 ἀπλῶς
3108 5377 3121 5390 ·
3161 5361 3251 5413 διά
3285 5361 3440 5415 τοῦτο
3472 5361 3659 5414 ἐνδιαρ-

2069 5443 2329 5514 τρίϐομεν
2365 5444 2477 5504 τοῖς
2508 5441 2766 5512 νοήμασι.

2138 5578 2206 5648 γ’.
2230 5577 2308 5647 Τῇ
2330 5574 2427 5646 μὲν
2443 5574 2535 5629 οὖν
2554 5576 2742 5650 πρώτῃ
2760 5580 2939 5650 ἡμέρᾳ
2955 5581 3037 5632 ὅτι
3053 5583 3150 5650 οὑχ
3168 5580 3354 5644 ἁπλῶς
3374 5579 3653 5652 1:696:96-

2074 5679 2193 5730 χειν
2214 5662 2320 5734 χρὴ
2346 5661 2443 5725 τὰς
2465 5663 2773 5734 ἐπιγραφὰς
2793 5663 2999 5735 ἔλεγον,
3016 5667 3104 5719 ὅτε
3131 5667 3222 5719 καὶ
3233 5664 3298 5718 '16
3317 5665 3656 5737 ἐπίγραμμα
