4010 6342
226 275 297 329 39
846 276 935 337 DE
977 281 1224 339 UTILIT.
1266 286 1625 346 LECTIONIS
1662 290 2217 349 SCRIPTURARUM.
2266 290 2331 348 IN
2362 293 2649 350 PRINCiP.
2692 295 3145 354 ACTORUMJ".
3470 300 3541 359 90

226 388 400 444 saltus
439 387 823 447 abundantiam
867 394 1024 450 nobis
1066 398 1394 466 exprimens.
1442 400 1553 456 Illa:
1604 402 1836 458 fontanre

238 482 416 534 solent
442 496 596 550 aqua:
626 482 896 551 prosilire,
927 497 1086 556 atque
1109 489 1342 559 undique
1374 502 1677 563 erumpere,
1707 510 1841 565 quas

233 573 515 628 continere
546 573 667 628 sinu
698 574 875 631 fontes
900 591 1191 648 nequeunt,
1216 583 1310 635 sed
1334 584 1522 638 ﬂuetus
1544 587 1837 655 frequentia

236 667 361 719 victi
394 666 632 737 undique
660 668 777 722 illas
804 672 1158 727 scaturientes
1183 673 1482 730 effundunt.
1509 678 1644 731 Cum
1679 679 1839 747 igitur

233 760 447 814 laticum
495 763 708 833 copiam
753 765 916 821 vellet
958 766 1214 831 indicare,
1262 770 1506 825 Salientis
1545 773 1695 838 dixit,
1730 790 1834 828 non

229 854 500 907 exeuntis.
571 854 666 910 Vis
738 858 897 913 etiam
972 868 1217 914 naturam
1283 862 1399 932 ejus
1476 868 1837 935 cognoscere"

230 943 307 997 Ex
368 962 469 1000 usu
518 962 803 1017 cognosce.
845 950 961 1005 Non
997 953 1139 1007 enim
1185 955 1250 1008 ad
1290 957 1451 1010 vitam
1493 970 1831 1027 praesentem,

230 1037 322 1090 sed
372 1038 439 1090 ad
495 1039 659 1093 vitam
713 1051 968 1097 aeternam
1033 1053 1116 1098 est
1177 1047 1341 1101 utilis.
1392 1048 1447 1102 In
1513 1049 1615 1106 hoc
1677 1052 1836 1121 igitur

230 1129 480 1197 paradiso
526 1147 803 1187 versemur
848 1153 861 1188 :
926 1136 1259 1193 assideamus
1322 1139 1490 1203 fonti,
1560 1158 1629 1198 ne
1680 1145 1833 1199 nobis

229 1221 441 1275 accidat
507 1222 557 1276 id
630 1224 771 1293 quod
854 1225 1059 1281 Adamo
1126 1230 1365 1292 accidit,
1452 1242 1505 1287 et
1587 1236 1832 1301 paradiso

230 1313 583 1369 excidamus:
620 1331 685 1369 ne
734 1317 1090 1385 perniciosum
1139 1324 1418 1376 consilium
1463 1325 1826 1391 admittamus,

230 1418 298 1457 ne
340 1403 540 1459 diaboli
580 1405 823 1462 fraudem
870 1411 1220 1480 suscipiamus
1252 1431 1266 1467 :
1298 1432 1608 1473 maneamus
1638 1419 1779 1474 intus
1812 1438 1826 1475 :

228 1495 428 1565 quippe
475 1497 643 1552 multa
688 1499 812 1555 inde
858 1503 1115 1558 securitas
1147 1523 1159 1557 :
1196 1507 1247 1560 in
1279 1502 1508 1565 feetione
1541 1510 1829 1581 Scriptum

228 1585 382 1640 isdus
430 1603 859 1656 permaneamus.
911 1591 979 1647 Ut
1025 1595 1167 1649 enim
1200 1596 1254 1661 ii,
1288 1600 1377 1668 qui
1407 1599 1537 1655 fonti
1569 1604 1825 1669 assident,

227 1684 279 1729 et
324 1691 455 1731 aura
506 1679 592 1733 illa
626 1680 890 1746 fruuntur,
923 1694 979 1739 et
1003 1697 1137 1740 testu
1182 1688 1462 1759 ingruente
1498 1694 1685 1749 faciem
1717 1697 1826 1751 fre-

227 1777 457 1834 quenter
503 1770 848 1841 immergunt,
899 1775 1145 1832 laticibus
1190 1781 1433 1835 :estivum
1462 1784 1696 1840 calorem
1726 1787 1822 1842 de-

228 1857 452 1925 pellunt,
487 1869 542 1913 et
570 1862 706 1928 sitis,
736 1879 839 1933 qtta
867 1877 1146 1934 vexantur,
1179 1870 1320 1925 male
1365 1874 1667 1939 medentur,
1698 1877 1823 1932 dum

226 1946 328 2000 illis
354 1948 428 2003 de
455 1953 753 2022 propinquo
793 1955 939 2010 fonte
969 1960 1264 2015 remedium
1296 1969 1531 2033 suppetit
1562 1983 1577 2019 :
1616 1968 1694 2021 sic
1733 1969 1823 2039 qui

224 2053 501 2095 sacrarum
534 2045 664 2099 fonti
714 2046 1111 2118 Scripturarum
1170 2054 1405 2123 assidet,
1459 2057 1582 2112 licet
1611 2059 1824 2116 nefaria:

227 2131 461 2187 libidinis
492 2133 704 2191 ﬂamma
729 2140 952 2194 cruciari
998 2157 1057 2195 se
1083 2145 1310 2207 sentiat,
1340 2161 1459 2201 cum
1488 2151 1718 2206 animam
1749 2152 1826 2206 la-

224 2225 420 2280 tit-ibus
465 2228 570 2283 illis
596 2229 909 2301 perfuderit,
940 2234 1094 2291 facile
1123 2236 1390 2294 ﬂammam
1420 2244 1629 2312 repellit
1658 2263 1671 2299 :
1710 2247 1823 2301 sive

223 2316 425 2369 fervida
468 2319 681 2373 infestet
726 2322 1019 2391 iracundia,
1050 2344 1167 2394 qute
1208 2338 1475 2401 tamquam
1504 2350 1821 2391 succensum

224 2406 453 2462 lebetem
492 2425 587 2466 cor
630 2413 947 2484 inﬂammat,
991 2420 1035 2473 si
1067 2422 1336 2478 modicum
1383 2442 1537 2495 aqua:
1577 2430 1816 2497 instillet,

223 2499 506 2555 confestim
568 2505 659 2557 ira:
715 2505 1168 2576 importunitatem
1222 2527 1531 2585 compescet
1585 2537 1599 2573 :
1652 2530 1706 2575 ct
1754 2538 1819 2576 ex

224 2593 472 2646 omnibus
520 2596 695 2663 pravis
743 2600 1153 2669 cogitationibus
1181 2607 1412 2661 animam
1459 2617 1723 2680 tamquam
1754 2628 1819 2668 ex

223 2684 398 2737 media
443 2685 653 2741 ﬂamma
698 2691 891 2759 eripiet
920 2706 1190 2751 sacrarum
1222 2698 1378 2753 lectio
1402 2700 1817 2771 Scripturarum.

291 2775 347 2827 2.
391 2776 562 2843 Quam
611 2778 681 2832 ob
724 2797 941 2838 causam
989 2787 1149 2841 etiam
1198 2806 1420 2859 magnus
1448 2793 1535 2847 ille
1563 2796 1820 2864 propheta

225 2864 411 2932 David,
438 2882 557 2922 cnm
582 2872 743 2939 probe
770 2876 949 2941 sciret,
976 2890 1170 2948 quanta
1199 2898 1260 2935 cx
1283 2883 1511 2940 lectione
1532 2887 1819 2957 Scripturze

223 2966 406 3010 manet
450 2961 672 3024 utilitas,
716 2978 837 3019 eum
867 2968 958 3037 qui
998 2968 1287 3040 Scripturis
1335 2987 1590 3045 perpetuo
1636 2980 1707 3034 sit
1732 2981 1817 3035 in-

223 3055 423 3114 tentus,
451 3059 506 3104 et
533 3066 717 3107 earum
744 3056 1011 3127 colloquio
1051 3060 1280 3128 fruatur,
1311 3082 1431 3121 cum
1465 3070 1643 3138 planta
1666 3086 1819 3126 com-

221 3149 373 3205 parat
397 3156 515 3208 quzc
560 3156 774 3214 semper
814 3148 1017 3215 ﬂoreat,
1063 3152 1215 3220 juxta
1243 3155 1385 3212 rivos
1409 3174 1665 3228 aquarum
1694 3162 1812 3229 sita,

218 3227 343 3281 dum
376 3229 449 3283 ita
479 3230 715 3303 loquitur
744 3253 758 3289 :
787 3237 976 3295 Beatus
1006 3244 1101 3307 vir,
1130 3246 1218 3313 qui
1243 3263 1343 3300 non
1369 3250 1491 3303 abiit
1529 3252 1580 3304 in
1606 3253 1818 3307 consilio

218 3319 512 3387 impiorum,
541 3334 589 3377 et
612 3327 664 3379 in
690 3328 771 3381 via
801 3343 1120 3398 peccatorum
1151 3354 1251 3391 non
1279 3342 1431 3405 stetit,
1473 3353 1521 3396 et
1561 3346 1612 3398 in
1639 3348 1816 3401 cat/te-

218 3410 311 3463 dra
336 3417 637 3481 pestilentia:
672 3437 773 3473 non
818 3424 946 3476 sedit
966 3441 986 3479 :
1014 3428 1104 3480 sed
1127 3430 1179 3482 in
1215 3431 1323 3502 lege
1353 3433 1559 3489 Domini
1587 3439 1817 3495 voluntas

217 3504 344 3572 ejus,
366 3516 413 3558 et
437 3508 490 3561 in
509 3510 617 3581 lege
646 3514 756 3584 ejus
783 3518 1104 3573 meditabitur
1115 3524 1196 3575 die
1216 3541 1275 3577 ac
1302 3538 1446 3581 nocte
1467 3546 1486 3583 :
1504 3540 1550 3583 et
1570 3535 1659 3583 erit
1686 3543 1815 3587 tant-

215 3611 364 3662 quam
396 3599 610 3669 lignum,
642 3607 778 3673 quod
802 3608 1086 3675 plantatunt
1115 3624 1187 3669 est
1216 3634 1356 3673 secus
1383 3621 1622 3678 decursus
1648 3643 1813 3697 aqua-

217 3702 325 3740 rum
382 3689 554 3761 (Psal.
613 3696 845 3769 1.1-3).
907 3700 974 3757 Ut
1028 3706 1169 3759 enim
1222 3708 1421 3779 lignum
1474 3714 1603 3769 illud
1658 3689 1815 3774 secus

215 3794 474 3849 aquarum
519 3786 777 3844 decursus
827 3794 1140 3863 plantatum,
1181 3810 1235 3854 ct
1258 3802 1409 3870 juxta
1454 3808 1596 3861 rivos
1627 3811 1811 3879 situm,

213 3871 334 3926 dum
379 3880 602 3945 perenni
647 3897 904 3952 aquarum
949 3890 1100 3958 copia
1130 3892 1395 3963 irrigatur,
1438 3899 1580 3952 nulla
1612 3899 1809 3955 intem-

215 3967 357 4030 perie
397 3970 540 4023 aeris
582 3971 701 4026 laedi
744 3985 935 4045 potest,
977 3989 1031 4033 et
1074 3998 1247 4053 neque
1275 3986 1403 4039 solis
1429 3989 1608 4043 radios
1633 3993 1810 4048 acrius

212 4059 597 4120 incalescentes
622 4069 956 4139 reformidat,
982 4090 1155 4145 neque
1175 4079 1403 4147 graviori
1426 4091 1557 4137 aestu
1584 4087 1810 4140 szevieu-

212 4161 312 4206 tem
340 4168 524 4209 aerem
572 4160 929 4227 pertimescit;
975 4180 1096 4219 cum
1143 4168 1286 4222 enim
1334 4170 1592 4228 inclusum
1643 4176 1696 4230 in
1747 4192 1807 4233 se

206 4244 562 4301 sufficientem
612 4249 893 4307 humorem
940 4255 1156 4325 habeat,
1202 4276 1416 4317 omnem
1447 4265 1583 4320 radii
1610 4268 1805 4325 solaris

203 4335 443 4391 exterius
488 4338 821 4409 ingruentem
866 4346 1116 4403 ardorem
1146 4355 1324 4409 statim
1358 4356 1576 4426 depellit
1602 4375 1665 4415 ac
1690 4362 1802 4416 dis-

203 4426 335 4480 cutit
378 4444 393 4481 :
436 4429 517 4484 sie
559 4434 718 4487 etiam
767 4437 941 4492 anima
991 4456 1110 4511 quae
1149 4444 1298 4511 juxta
1340 4462 1616 4505 sacrarum
1659 4454 1803 4509 rivos

201 4516 597 4589 Scripturarum
630 4528 802 4594 sedet,
832 4545 894 4585 ac
920 4544 1175 4603 perpetuo
1206 4538 1425 4608 rigatur,
1456 4542 1582 4597 dum
1614 4546 1800 4602 latices

200 4608 337 4678 illos,
371 4629 660 4686 roremque
692 4620 922 4689 Spiritus
967 4626 1019 4679 in
1057 4630 1343 4699 semetipsa
1370 4633 1587 4705 colligit,
1620 4641 1797 4693 enmi-

198 4698 295 4759 bus
317 4720 503 4760 rerum
545 4708 894 4767 humanarum
936 4714 1287 4775 incommodis
1314 4724 1530 4780 resistet
1563 4727 1794 4795 invicta;

198 4793 304 4848 sive
348 4797 591 4864 morbus,
638 4803 753 4856 sive
799 4808 1142 4876 contumelia,
1190 4812 1302 4867 sive
1348 4815 1637 4883 calumnia,
1681 4820 1795 4877 sive

190 5176 304 5216 cum
350 5165 636 5223 sufficienti
667 5171 914 5229 lectionis
943 5177 1237 5248 Scripturae
1260 5183 1451 5240 solatio
1481 5188 1783 5246 roborctur.

188 5250 315 5345 liam
367 5273 544 5327 neque
580 5260 766 5329 gloriae
815 5268 1143 5337 magnitudo,
1176 5287 1348 5342 neque
1378 5279 1627 5345 potentire
1667 5298 1785 5335 ma-

188 5343 365 5411 iestas,
399 5363 501 5402 nec
524 5351 820 5409 amicorum
856 5355 1164 5428 praesentia,
1195 5380 1292 5418 nec
1322 5343 1465 5421 aliud
1494 5372 1780 5441 quidquam

186 5450 245 5489 ex
286 5440 453 5496 rebus
500 5442 749 5502 humanis
793 5452 1027 5506 animum
1059 5455 1193 5510 adeo
1235 5460 1446 5516 tristitia
1479 5440 1780 5522 confectum

185 5529 341 5586 solari
372 5538 587 5603 poterit,
618 5554 680 5593 ac
702 5554 975 5599 sacrarum
1008 5547 1165 5603 lectio
1193 5550 1612 5622 Scripturarum.
1644 5560 1780 5628 Quid

187 5617 275 5673 ita?
300 5622 455 5689 Quod
480 5626 568 5681 illa
585 5630 796 5699 quidem
813 5634 1011 5690 caduca
1031 5640 1160 5706 sint,
1184 5652 1238 5695 et
1264 5617 1506 5702 interitni
1525 5617 1773 5721 obno~xia,

186 5725 335 5780 quam
367 5717 437 5775 ob
465 5734 680 5779 causam
723 5734 774 5782 et
816 5726 1105 5787 obnoxium
1152 5735 1386 5794 interitui
1419 5748 1500 5796 est
1542 5717 1775 5814 ipsorum

1950 407 2244 462 solatium:
2276 419 2328 463 at
2382 408 2540 462 lectio
2580 409 2870 480 Scriptnrre
2909 411 3231 483 colloquium
3286 420 3368 468 est
3418 428 3538 469 cum

1949 497 2077 551 Deo.
2109 500 2333 566 Quando
2366 501 2524 570 igitur
2550 516 2673 555 eum
2712 503 2801 571 qui
2826 503 3037 558 tristitia
3067 505 3136 559 sit
3161 504 3383 559 allectus
3411 523 3538 561 enn-

1945 590 2147 642 solatnr
2197 591 2357 658 Deus,
2398 591 2525 661 quid
2551 606 2614 645 ex
2640 592 2801 647 rebus
2824 594 3019 649 creatis
3057 594 3230 665 ipsum
3259 596 3311 650 in
3342 612 3539 651 nueru-

1944 695 2057 734 rcm
2089 691 2260 750 potest
2282 683 2589 751 conjicere?

2014 773 2095 825 Ad
2131 773 2393 827 lectionem
2442 774 2727 845 Scriptura:
2773 791 2933 831 sacra:
2961 776 3211 831 hortatur.
3265 778 3536 850 Scriptura

1940 879 2054 916 cum
2081 865 2292 919 nubibus
2320 866 2527 919 collata.
2551 896 2621 907 -—
2641 866 2879 921 Lectioni
2924 882 3052 938 ergo
3103 869 3269 923 simus
3317 869 3532 936 intenti,

1941 972 2045 1009 non
2075 958 2207 1012 duas
2229 966 2433 1012 tantum
2460 960 2554 1014 has
2582 959 2740 1014 horas
2761 960 2899 1031 (non
2925 962 3068 1015 enim
3095 962 3160 1015 ad
3190 964 3530 1017 securitatem

1939 1048 2131 1102 sufficit
2180 1050 2294 1104 hmc
2332 1050 2532 1105 auditio
2569 1051 2780 1121 nuda),
2822 1052 2916 1106 sed
2962 1064 3266 1123 perpetuo:
3307 1054 3532 1125 quisque

1936 1138 2156 1193 domum
2203 1155 2452 1195 reversus
2487 1142 2677 1196 Libros
2719 1156 2902 1198 sacros
2937 1143 2988 1197 in
3020 1158 3210 1198 manus
3253 1155 3446 1209 sumat,
3477 1155 3531 1197 ct

1936 1245 2119 1283 eorum
2164 1248 2283 1301 qua:
2325 1232 2464 1287 dicta
2514 1244 2640 1288 sunt
2677 1248 2869 1289 sensus
2909 1244 3201 1304 percurrat,
3242 1238 3286 1290 si
3311 1236 3527 1306 quidem

1938 1333 2250 1390 perpetuam
2282 1330 2337 1377 et
2361 1322 2715 1379 sufficientem
2742 1324 3025 1378 utilitatem
3054 1327 3330 1395 percipere
3350 1326 3529 1395 cupiat

1934 1428 1999 1466 ex
2042 1414 2335 1484 Scriptura.
2378 1414 2512 1469 Nam
2557 1426 2611 1471 et
2643 1416 2840 1486 lignum
2874 1418 3000 1471 illud
3021 1418 3169 1486 juxta
3193 1419 3335 1472 rivos
3366 1419 3525 1472 situm

1935 1519 2040 1556 non
2077 1504 2143 1558 ad
2188 1504 2320 1559 duas
2360 1514 2415 1560 et
2458 1516 2567 1561 tres
2614 1506 2773 1561 horas
2801 1523 2922 1561 cum
2953 1508 3104 1578 aquis
3130 1518 3393 1575 versatur,
3430 1510 3526 1564 sed

1933 1597 2081 1649 omni
2124 1598 2212 1653 die
2251 1600 2503 1669 omnique
2550 1610 2727 1655 nocte.
2782 1601 3068 1669 Propterea
3119 1601 3259 1657 foliis
3304 1613 3525 1670 vernat,

1933 1696 2216 1757 prepterca
2267 1689 2439 1743 fructu
2486 1703 2740 1760 gravatur
2783 1692 2984 1762 lignum
3017 1693 3167 1757 illud,
3201 1693 3325 1747 licet
3352 1695 3526 1749 nullus

1932 1793 1996 1831 ex
2045 1779 2348 1835 hominibus
2395 1782 2527 1837 illud
2557 1783 2784 1853 irriget:
2822 1785 3072 1854 quoniam
3098 1785 3249 1854 juxta
3272 1787 3413 1841 rivos
3442 1799 3525 1842 est

1930 1870 2217 1936 consitum,
2264 1873 2533 1928 radicibus
2582 1873 2858 1930 humorem
2888 1875 3126 1942 attrahit,
3167 1887 3221 1932 et
3248 1879 3397 1948 quasi
3429 1895 3524 1948 per

1931 1974 2137 2020 meatus
2166 1967 2424 2035 quosdam
2452 1968 2504 2022 in
2538 1976 2703 2022 totum
2731 1983 2923 2040 corpus
2946 1969 3224 2024 utilitatem
3260 1972 3524 2025 transfun-

1928 2056 2008 2111 dit
2039 2075 2051 2109 :
2082 2057 2163 2113 sic
2188 2068 2243 2112 ct
2282 2059 2329 2114 is
2357 2061 2447 2129 qui
2474 2059 2781 2131 Scripturas
2837 2076 3019 2117 sacras
3044 2063 3256 2117 assidue
3292 2065 3439 2134 legit,
3469 2075 3522 2118 ct

1925 2149 2072 2219 juxta
2120 2151 2263 2205 rivos
2310 2151 2519 2206 illarum
2568 2152 2788 2219 residet,
2836 2153 2961 2207 licet
2988 2153 3256 2208 neminem
3308 2154 3518 2220 habeat,

1927 2244 2019 2311 qui
2068 2244 2467 2313 interpretetur,
2502 2243 2768 2314 frequenti
2798 2246 3026 2300 lectione
3068 2246 3221 2316 quasi
3253 2246 3521 2300 radicibus

1926 2335 2245 2404 quibusdam
2271 2336 2555 2390 utilitatem
2586 2336 2781 2393 haurit.
2810 2336 3014 2391 Idcirco
3041 2351 3139 2391 nos
3156 2337 3347 2406 quibus
3368 2338 3519 2391 solli-

1925 2427 2189 2482 citudines
2221 2437 2416 2482 vestra:
2451 2439 2577 2483 sunt
2598 2439 2761 2494 notm,
2790 2430 3188 2499 occupationes,
3215 2446 3277 2484 ac
3308 2433 3516 2499 negotia

1925 2521 2112 2584 multa,
2145 2520 2342 2574 sensim
2372 2536 2435 2575 ac
2464 2522 2721 2590 paulatim
2768 2537 2865 2576 vos
2913 2523 2978 2575 ad
3029 2522 3321 2591 Scriptura:
3362 2537 3516 2576 sensa

1924 2613 2259 2678 deducimus,
2308 2629 2371 2669 ac
2400 2615 2722 2671 lentitudine
2769 2617 3120 2685 expositionis
3148 2616 3427 2681 efficimus,
3463 2628 3517 2670 ut

1924 2721 2132 2771 eorum,
2181 2723 2299 2776 quat
2345 2707 2485 2761 dicta
2534 2717 2676 2769 sunt,
2707 2695 2965 2762 memoria
3008 2709 3247 2762 tenacius
3272 2707 3516 2762 adhmre-

1923 2810 2052 2854 seat.
2082 2799 2211 2853 Nam
2235 2811 2287 2855 et
2310 2801 2478 2855 imber
2500 2801 2543 2853 si
2564 2801 2854 2855 vehemens
2881 2802 3157 2871 irrumpat,
3177 2801 3514 2870 superficiem
3545 2821 3551 2828 -

1925 2902 2083 2947 terra:
2114 2894 2354 2956 inundat,
2386 2902 2441 2949 et
2467 2892 2731 2963 profundo
2760 2893 2893 2948 nihil
2929 2892 3183 2962 prodest:
3226 2892 3307 2946 sin
3338 2901 3515 2945 autem

1923 2988 2122 3040 sensim
2152 2996 2206 3039 et
2234 2986 2558 3056 pedetentim
2587 2988 2636 3040 in
2667 3002 2870 3041 morem
2899 2985 3002 3040 olei
3048 2986 3099 3040 in
3143 2995 3300 3039 terra:
3325 2984 3514 3039 faciem

1923 3092 1983 3131 se
2026 3077 2278 3142 insinuet,
2323 3078 2474 3148 quasi
2526 3094 2620 3147 per
2655 3094 2818 3132 venas
2867 3077 3125 3147 quasdam
3180 3092 3275 3146 per
3308 3085 3516 3131 meatus

1923 3169 2039 3239 ejus
2064 3170 2129 3223 ad
2159 3169 2478 3239 profundum
2505 3170 2793 3235 delabitur,
2822 3170 3043 3241 ejusque
3062 3170 3265 3225 viscera
3291 3170 3515 3223 lmmore

1922 3263 2200 3331 complens
2220 3263 2287 3317 ad
2313 3263 2490 3333 fruges
2510 3264 2742 3318 ubertim
2773 3264 3056 3334 pariendas
3085 3264 3513 3319 fecundissimam

1922 3354 2065 3407 illam
2096 3355 2291 3410 reddit.
2321 3357 2607 3427 PrOpterea
2638 3372 2736 3411 nos
2758 3373 2971 3428 quoque
3001 3357 3333 3428 spiritualem
3369 3357 3511 3411 hunc

1923 3447 2147 3501 imbrem
2189 3448 2467 3503 animabus
2512 3451 2707 3505 vestris
2751 3450 3005 3518 paulatim
3039 3450 3510 3503 itnniittimtts:si-

1918 3539 2132 3607 quidem
2161 3540 2449 3611 Scriptum
2489 3541 2854 3611 spiritualibus
2882 3551 3008 3596 sunt
3039 3541 3267 3597 nubibus
3292 3542 3513 3607 similes,

1919 3640 1973 3683 at
2000 3646 2158 3686 voces
2184 3642 2239 3687 et
2263 3648 2454 3688 sensus
2484 3634 2641 3689 imbri
2673 3635 2874 3691 similes
2901 3644 3026 3690 sunt
3063 3637 3218 3704 longe
3244 3636 3346 3689 isto
3372 3651 3512 3705 pra!-

1918 3726 2159 3779 stantiori
2202 3744 2216 3781 :
2263 3738 2424 3797 atque
2473 3728 2671 3783 idcirco
2718 3730 3050 3799 spiritualem
3098 3729 3238 3784 hunc
3286 3730 3509 3783 imbrem

1916 3818 2114 3869 sensim
2157 3818 2308 3873 vobis
2336 3819 2680 3885 infundimus,
2714 3830 2771 3874 ut
2796 3823 2861 3875 ad
2889 3820 3108 3875 fundum
3149 3824 3318 3891 ipsum
3349 3824 3509 3877 verba

1915 3917 2208 3973 permeent.
2245 3909 2321 3962 Eo
2350 3910 2428 3976 fit,
2461 3919 2519 3965 ut
2543 3927 2665 3965 cum
2691 3911 2756 3965 ad
2786 3923 3031 3982 quartum
3050 3913 3157 3983 jam
3185 3915 3324 3968 diem
3346 3929 3510 3983 expo-

1914 3998 2160 4052 sitionem
2208 4000 2641 4069 produxerimus,
2670 4003 2895 4057 necdum
2924 4013 3099 4057 tamen
3127 4021 3284 4059 unum
3318 4005 3507 4059 inscri-

1914 4089 2147 4157 ptionem
2174 4092 2511 4161 potuerimus
2540 4094 2833 4162 praeterire,
2866 4095 2958 4148 sed
2989 4095 3163 4150 adhuc
3192 4097 3332 4151 circa
3363 4098 3503 4150 illam

1911 4194 2209 4235 versemur.
2254 4182 2435 4238 Satius
2477 4184 2619 4238 enim
2645 4194 2745 4250 est,
2776 4195 2833 4239 ut
2858 4187 3046 4255 exiguo
3088 4186 3330 4256 perfosso
3353 4204 3503 4258 agro.

1909 4283 2030 4322 cum
2062 4270 2128 4323 ad
2177 4270 2396 4325 fundum
2427 4272 2887 4342 descenderimus,
2932 4277 3158 4331 multum
3191 4277 3297 4332 illic
3324 4295 3501 4333 rerum

1910 4361 2330 4416 necessariarum
2374 4362 2678 4418 thesaurum
2720 4365 3071 4432 oﬂ‘endamus,
3114 4382 3272 4438 quam
3312 4369 3354 4424 si
3380 4385 3500 4423 enm

1906 4464 2031 4504 arva
2073 4452 2239 4506 multa
2282 4455 2565 4522 superficie
2608 4464 2763 4509 tenus
2794 4459 3235 4525 percurrerimus,
3282 4458 3499 4522 frustra,

1907 4550 2125 4605 temere,
2152 4555 2204 4598 et
2232 4546 2497 4602 incassum
2542 4564 2639 4603 nos
2666 4548 2985 4619 afﬂigamus.
3020 4552 3086 4605 At
3111 4553 3224 4605 scio
3253 4553 3497 4621 equidem

1904 4636 2103 4690 multos
2148 4636 2286 4693 hanc
2318 4640 2618 4694 tarditatem
2649 4657 2790 4710 (egre
2821 4643 2995 4707 ferre;
3028 4642 3123 4697 sed
3152 4643 3361 4697 illormn
3399 4659 3499 4713 ego

1902 4726 2374 4792 reprehensionem
2403 4730 2535 4784 nihil
2559 4746 2710 4792 curo,
2742 4730 2851 4786 sola
2882 4732 3009 4785 mihi
3036 4742 3210 4787 vestra
3238 4748 3380 4787 curcr.
3415 4746 3498 4788 est.

1900 4817 2123 4873 utilitas.
2173 4819 2273 4887 Qui
2328 4821 2557 4875 celerius
2619 4832 2840 4892 possunt
2890 4824 3171 4891 incedere,
3237 4825 3496 4882 tardiores

1898 4905 2092 4963 fratres
2134 4921 2484 4979 exspectent:
2514 4928 2635 4966 nam
2668 4912 2750 4968 isti
2780 4914 2993 4983 quidem
3037 4925 3349 4989 exspectare
3375 4918 3495 4973 illos

1896 5006 2138 5065 possunt,
2169 5010 2221 5053 at
2252 5001 2572 5057 infirmiores
2608 5003 2729 5057 illos
2766 5005 2978 5074 assequi
3002 5005 3221 5060 minime
3248 5021 3488 5076 possunt.

1895 5088 2101 5145 Idcirco
2139 5092 2299 5146 etiam
2324 5092 2522 5149 Paulus
2539 5110 2645 5148 non
2665 5094 2863 5150 debere
2889 5110 2986 5150 nos
3010 5096 3085 5150 ait
3114 5096 3492 5153 imbecilliores

1892 5192 2017 5235 ante
2035 5191 2243 5252 tempus
2265 5198 2478 5254 urgere,
2506 5200 2625 5239 cum
2644 5186 2708 5239 ad
2741 5186 3081 5242 robustorum
3108 5190 3499 5258 perfectionem

1891 5285 1949 5326 se
1977 5272 2119 5342 ipsos
2150 5276 2368 5329 nnnime
2391 5276 2596 5344 possint
2615 5260 2901 5333 extendere
2923 5296 2935 5332 :
2956 5280 3050 5333 scd
3064 5279 3261 5334 debere
3281 5272 3377 5334 nos
3403 5281 3493 5334 ﬂr-

1891 5364 2493 5421 mioresimbecillitates
2528 5366 2858 5422 inﬁrmorum
2893 5370 3158 5425 sustinere
3179 5372 3256 5439 (l.
3287 5370 3402 5424 Cor.
3431 5371 3484 5424 8.
3551 5422 3563 5442 ι

1889 5453 1966 5521 9).
1991 5454 2097 5509 Nos
2118 5455 2183 5510 de
2211 5468 2379 5511 vestra
2394 5473 2577 5512 sumus
2594 5460 2815 5515 utilitate
2843 5461 3074 5527 solliciti,
3098 5478 3203 5516 non
3223 5472 3277 5515 ut
3294 5477 3391 5515 nos
3410 5472 3487 5515 te-

1888 5560 2036 5600 mere
2057 5556 2414 5605 ostentemus:
2444 5560 2603 5620 atque
2631 5551 2828 5607 idcirco
2849 5554 3093 5609 sensibus
3112 5555 3474 5611 immorantur.

1957 5636 2008 5691 5.
2054 5637 2397 5694 Homiliarum
2418 5643 2469 5695 in
2488 5644 2795 5712 principium
2814 5644 3052 5699 Actorum
3069 5647 3226 5712 ordo;
3257 5647 3376 5716 quid
3410 5648 3477 5699 si-

1886 5731 2093 5802 gniﬁcet
2120 5748 2301 5790 nomen
2327 5732 2577 5808 Apostoli.
2610 5733 2843 5796 Christus
2872 5755 2903 5793 a
2927 5739 3191 5795 sensilibus
3235 5739 3305 5794 ad
3330 5740 3490 5811 spiri-
