4010 6342
443 253 502 314 9|
1185 248 1241 306 S.
1280 245 1561 306 JOANNIS
1595 241 2072 302 CHRYSOSTOMI
2110 242 2428 300 ARClllEP.
2467 243 3008 302 CONS'I‘ANTINOP.
3668 248 3746 301 9‘2

443 373 604 428 utalia
647 370 872 426 deducit.
904 400 975 410 ——
1000 367 1182 439 Itaque
1210 367 1386 438 primo
1412 366 1501 422 die
1539 381 1647 422 non
1679 379 1800 419 esse
1827 374 2030 418 temere

443 463 842 536 prmtereuudas
890 462 1270 531 inscriptiones
1311 459 1594 522 dicebam,
1647 470 1755 527 quo
1799 465 2038 524 tempore

444 554 650 608 titulutn
681 551 833 626 vobis
851 553 1034 608 altaris
1055 550 1181 622 legi,
1199 565 1261 604 ae
1289 549 1436 604 Pauli
1458 547 1773 617 sapientiam
1803 545 2035 608 ostendi,

441 646 529 714 qui
559 646 782 698 militem
812 645 1066 707 alienum,
1092 643 1292 713 quippe
1347 642 1402 695 in
1450 639 1876 695 adversariorum
1925 637 2039 691 acie

441 735 638 802 stabat,
671 734 737 790 ad
766 735 1021 790 cohortes
1049 748 1175 788 suas
1207 731 1499 788 transtulit.
1636 730 1694 786 lit
1740 730 1842 784 hoc
1881 729 2040 782 desiit

443 826 608 894 priori
643 825 733 882 die
763 835 873 880 tota
903 826 1148 880 doctrina
1173 841 1188 878 :
1219 832 1340 894 post
1367 822 1512 877 illaut
1535 821 1772 877 secundo
1796 820 1906 883 die,
1947 821 2038 890 qui

443 916 562 970 libri
586 926 732 973 esset
761 917 900 972 illius
923 926 1113 972 auctor
1135 958 1153 984 ,
1201 915 1543 986 quaisivimus
1564 953 1582 980 ,
1635 921 1692 968 et
1739 911 2041 966 invenimus

445 1007 537 1062 Dei
561 1009 726 1078 gratia
753 1007 952 1066 Lucam
979 1007 1384 1078 evangelistam,
1413 1005 1704 1074 multisque
1743 1003 1896 1060 vobis
1943 1002 2040 1057 dc-

447 1102 933 1158 monstrationibus
957 1117 1072 1156 rem
1099 1101 1154 1155 in
1175 1099 1472 1170 qumstione
1502 1097 1734 1168 positam
1786 1094 2038 1166 probavi-

445 1207 589 1258 mus,
609 1208 836 1264 quarum
853 1193 974 1246 aliae
993 1191 1272 1257 clariores,
1300 1189 1658 1245 abstrusiores
1674 1186 1792 1244 alia:
1805 1185 2036 1240 fuerunt.

445 1283 571 1338 Seio
590 1299 821 1353 namque
845 1284 1040 1337 multos
1053 1298 1121 1336 ex
1146 1281 1479 1336 auditoribus
1505 1295 1586 1346 ea,
1620 1295 1740 1350 qua:
1765 1291 2042 1350 posuemo

449 1376 572 1433 loco
588 1376 732 1429 dicta
753 1384 897 1441 sunt,
925 1385 1241 1445 assequutos
1271 1389 1376 1429 non
1406 1387 1565 1429 esse:
1597 1387 1699 1426 nec
1743 1380 1924 1426 tamen
1953 1369 2040 1424 id-

447 1468 594 1523 circo
617 1467 926 1522 subtiliores
948 1481 1140 1522 sensus
1165 1466 1498 1521 confidenter
1525 1464 1775 1536 persequi
1801 1461 2039 1518 desiste-

451 1577 588 1616 mus.
617 1561 798 1632 Itaque
815 1577 878 1616 ea
902 1578 1020 1632 qum
1055 1561 1285 1615 clariora
1301 1570 1444 1624 sunt,
1463 1557 1899 1628 simplicioribus,
1916 1571 2043 1626 pro-

450 1651 694 1708 fuudiora
719 1669 845 1708 vero
875 1653 1166 1721 proderunt
1207 1651 1310 1717 his,
1359 1651 1451 1722 qui
1497 1648 1708 1706 acutius
1751 1648 2042 1702 intuentur.

459 1744 670 1799 Variam
697 1745 893 1815 quippe
938 1758 1180 1799 mensam
1201 1757 1322 1797 esse
1342 1749 1556 1813 oportet
1576 1756 1640 1795 ac
1662 1739 1994 1794 diﬂ‘erentem
2024 1777 2043 1804 ,

450 1837 885 1908 quandoquidem
914 1846 965 1892 et
983 1837 1238 1892 differens
1264 1845 1349 1891 est
1373 1850 1560 1891 eorum
1581 1834 1670 1904 qui
1702 1831 2047 1888 iuvitatisunt

452 1930 742 1998 appetitus.
780 1928 960 1984 Primo
981 1928 1141 1999 igitur
1165 1927 1251 1984 die
1290 1927 1357 1982 dc
1397 1919 1770 1998 inscriptione,
1811 1923 2046 1980 secunda

456 2032 583 2074 νυνο
611 2020 698 2075 die
726 2019 794 2075 de
818 2035 884 2076 eo
918 2022 1010 2091 qui
1053 2021 1244 2075 librum
1285 2019 1539 2088 Scripsit,
1593 2017 1750 2074 tertia
1797 2015 1886 2072 die
1930 2014 2045 2071 beri

456 2111 811 2165 disseruimus
854 2110 996 2180 apud
1018 2126 1114 2168 eos
1145 2113 1235 2182 qui
1263 2110 1593 2166 advenerant
1634 2109 1704 2166 dc
1739 2108 1892 2166 initio
1916 2109 2049 2165 scri-

460 2209 656 2270 pturae,
677 2211 733 2256 et
760 2201 1114 2268 ostendimus,
1138 2202 1278 2257 sicut
1305 2202 1380 2256 illi
1403 2210 1600 2257 norunt
1622 2201 1713 2272 qui
1740 2201 2048 2268 audierunt,

453 2291 582 2360 quid
607 2293 676 2346 sit
693 2302 894 2358 actum,
925 2292 1053 2362 quid
1075 2293 1146 2347 sit
1173 2293 1488 2348 miraculum
1508 2333 1526 2358 ,
1573 2303 1628 2348 et
1671 2292 1798 2364 quid
1824 2294 1894 2347 sit
1917 2308 2048 2347 con—

456 2386 712 2452 versatio,
738 2386 866 2456 quid
905 2388 1114 2457 signum
1170 2396 1225 2442 ct
1272 2386 1570 2459 prodigium
1616 2401 1681 2442 ac
1732 2387 1939 2450 virtus,
1994 2394 2051 2440 ct

455 2487 712 2548 quantum
741 2480 877 2534 inter
899 2490 1121 2550 utraque
1145 2479 1210 2536 sit
1253 2479 1539 2536 discrimen
1565 2496 1580 2534 :
1611 2495 1714 2551 qua
1742 2481 1948 2534 ratione
1972 2479 2050 2532 al-

456 2579 630 2626 terum
659 2571 830 2640 majus
853 2571 944 2635 sit,
968 2571 1149 2625 utilius
1177 2571 1404 2626 alterum
1435 2587 1447 2622 :
1477 2580 1531 2626 et
1555 2586 1657 2641 qua
1680 2571 1886 2625 ratione
1909 2570 2046 2624 alte-

456 2678 578 2716 rtttu
609 2662 786 2718 solum
809 2679 903 2732 per
931 2678 990 2718 se
1015 2661 1514 2734 regnum'aequirit,
1543 2663 1768 2716 alterum
1797 2662 1896 2716 nisi
1918 2677 2049 2731 ope-

455 2771 574 2810 rum
596 2756 895 2811 subsidium
923 2765 1184 2823 assumat,
1214 2767 1371 2810 extra
1397 2755 1719 2810 vestibulum
1742 2753 1869 2809 illud
1894 2755 2047 2823 ejici-

455 2850 748 2906 tur.liodie
779 2851 1044 2920 reliquum
1082 2848 1445 2922 inscriptionis
1482 2864 1662 2918 Opera:
1691 2849 1922 2920 pretium
1965 2856 2051 2902 est

454 2941 697 2996 dicamus
721 2983 737 3006 ,
785 2941 985 3012 etquid
1013 2941 1278 3013 signiticet
1304 2941 1542 3012 Apostoli
1573 2956 1768 2994 nomen
1799 2938 2048 2994 ostenda-

456 3049 596 3086 mus.
626 3033 809 3101 Neque
835 3032 980 3088 enim
1006 3033 1204 3088 nudum
1229 3042 1312 3088 est
1340 3047 1536 3087 nomen
1575 3031 1698 3099 hoc,
1726 3030 1820 3086 sed
1848 3030 2048 3101 magis-

457 3133 626 3180 tratus
652 3136 734 3180 est
756 3126 1064 3197 appellatio,
1086 3127 1304 3182 maximi
1319 3126 1679 3196 magistratus,
1707 3125 2048 3195 magistratus

457 3219 688 3272 maxime
715 3219 1030 3288 Spiritualis,
1051 3221 1392 3290 magistratus
1419 3219 1670 3279 ctelesais.
1723 3217 1830 3275 Sed
1875 3229 2049 3276 atten-

454 3308 567 3364 dite
592 3309 894 3380 diligenter.
920 3311 1050 3367 Nam
1075 3311 1524 3384 quemadmodum
1553 3312 1605 3368 in
1627 3312 1790 3369 rebus
1827 3314 2052 3369 saecula-

458 3401 604 3456 ribus
631 3402 972 3471 magistratus
1023 3413 1147 3458 sunt
1175 3404 1367 3469 multi,
1421 3419 1532 3460 non
1581 3415 1759 3459 tamen
1806 3405 2048 3473 ejusdem

457 3505 648 3546 omnes
675 3492 969 3563 dignitatis,
994 3493 1088 3549 sed
1109 3495 1199 3550 alii
1219 3495 1451 3564 majores
1474 3537 1490 3562 ,
1535 3495 1626 3550 alii
1650 3495 1923 3551 minores:
1949 3512 2050 3550 ex-

459 3581 618 3650 empli
649 3595 832 3650 causa,
850 3591 911 3638 ut
926 3585 993 3638 ab
1010 3583 1250 3639 inferiori
1271 3585 1736 3641 enumerationem
1753 3586 2048 3654 ordiamur,

457 3683 542 3728 est
571 3675 826 3730 Defensor
849 3677 1122 3743 civitatis;
1155 3688 1237 3734 est
1267 3678 1362 3734 illo
1388 3679 1670 3734 sublimior
1696 3680 1870 3752 gentis
1905 3679 2052 3735 Pran-

455 3780 543 3819 ses
567 3781 581 3831 ;
613 3774 698 3820 est
718 3767 855 3821 alios
881 3776 1002 3838 post
1029 3768 1174 3824 illum
1202 3768 1546 3839 magistratus
1574 3770 1778 3840 major:
1827 3778 2050 3826 estrur-

459 3870 550 3909 sus
571 3855 820 3926 Magister
845 3857 1113 3914 militum:
1155 3869 1239 3916 est
1267 3858 1596 3926 Praafectus;
1642 3869 1726 3915 est
1770 3861 2052 3918 sublimior

461 3946 578 4001 istis
595 3951 960 4018 magistratus,
973 3949 1204 4021 dignitas
1216 3949 1506 4006 Cousulum
1522 3969 1536 4006 :
1553 3959 1608 4008 et
1625 3966 1815 4007 omnes
1833 3952 2050 4022 quidem

463 4036 515 4090 lii
547 4048 671 4092 sunt
696 4039 1065 4109 magistratus,
1091 4041 1185 4098 scd
1205 4057 1312 4097 non
1341 4042 1582 4112 ejusdem
1610 4057 1801 4100 omnes
1822 4043 2052 4114 dignita-

460 4127 528 4181 tis
550 4127 667 4196 tita
697 4131 849 4185 multi
875 4141 1000 4188 sunt
1029 4131 1338 4202 spirituales
1367 4133 1712 4204 magistratus
1737 4151 1844 4190 non
1865 4151 2050 4206 aequa-

463 4219 542 4274 les
591 4219 852 4290 dignitate
899 4240 913 4278 :
961 4239 1124 4294 porro
1163 4226 1335 4294 major
1384 4227 1635 4284 omnibus
1686 4236 1772 4283 est
1822 4228 2053 4300 dignitas

463 4310 829 4380 Apostolatns.
863 4315 907 4369 A
931 4315 1282 4372 sensibilibus
1307 4317 1452 4374 enim
1475 4318 1640 4375 rebus
1661 4319 1730 4374 ad
1752 4321 2050 4392 spiritualia

461 4403 611 4471 quasi
642 4419 804 4459 manu
824 4405 1052 4462 ducendi
1079 4409 1233 4464 estis.
1281 4408 1356 4464 Ita
1392 4409 1522 4465 fecit
1562 4419 1619 4466 et
1653 4411 1900 4468 Christus
1921 4453 1937 4478 ,
1983 4413 2054 4469 de

461 4493 660 4563 Spiritu
685 4495 960 4554 disserens
976 4514 1127 4569 aqua:
1139 4502 1402 4559 meminit.
1419 4503 1520 4570 Qui
1533 4510 1667 4557 enim
1681 4502 1799 4557 bibit
1817 4521 1880 4558 ea:
1917 4521 2054 4574 aqua

462 4587 574 4651 bac,
591 4588 724 4642 sitiet
749 4589 951 4659 iterum,
973 4592 1166 4662 inquit;
1181 4594 1265 4661 qui
1280 4604 1447 4650 autem
1463 4595 1638 4651 biberit
1648 4612 1712 4651 ea:
1725 4613 1877 4668 aqua,
1899 4615 2053 4668 quant

461 4696 553 4750 ego
583 4681 713 4736 dabo
741 4683 808 4750 ei,
831 4700 932 4738 non
950 4686 1083 4739 sitiet
1108 4686 1168 4739 in
1187 4697 1432 4742 wtcrnuut
1458 4686 1639 4758 (Joan.
1671 4689 1728 4744 4.
1754 4690 1863 4759 15).
1891 4689 2054 4746 Vides

465 4788 586 4826 cum
633 4789 663 4828 a
719 4776 1012 4831 sensilibus
1051 4777 1117 4832 ad
1167 4778 1461 4850 spiritualia
1500 4781 1869 4844 mulierculam
1901 4781 2053 4836 illam

471 4865 770 4923 deducere?
801 4869 890 4925 Sic
919 4885 1020 4925 nos
1046 4870 1210 4926 etiam
1236 4872 1467 4942 agimus,
1499 4884 1554 4930 et
1600 4877 1670 4930 ab
1709 4877 2053 4933 inferioribus

463 4959 529 5012 ad
560 4961 834 5029 superiora
854 4963 1304 5031 conscendimus,
1349 4975 1408 5019 ut
1454 4966 1624 5036 magis
1657 4971 1933 5037 perspicua
1963 4969 2054 5036 fiat

461 5053 656 5107 oratio.
683 5053 970 5125 Propterea
987 5072 1112 5114 cum
1132 5057 1201 5114 de
1224 5058 1536 5129 magistratu
1558 5061 1920 5131 loqueremur,
1947 5078 2052 5117 non

461 5143 754 5213 spiritualis
784 5155 982 5202 tantum
1015 5149 1341 5206 mentionem
1371 5150 1616 5217 fecimus,
1648 5153 1742 5207 sed
1783 5153 2054 5209 sensibilis

465 5235 822 5304 magistratus,
845 5246 903 5292 ut
921 5239 988 5294 ab
1016 5239 1120 5296 hoc
1146 5256 1243 5297 vos
1263 5241 1330 5297 ad
1347 5242 1500 5298 illum
1530 5259 1690 5299 manu
1711 5244 2054 5302 duceremus.

465 5327 700 5383 Audistis
719 5339 848 5398 quot
869 5333 1152 5388 smculares
1177 5335 1520 5404 magistratus
1535 5337 2050 5406 enumeraverimus,

461 5431 646 5492 etquo
673 5432 829 5492 pacto
848 5423 935 5478 alii
965 5425 1180 5495 quidem
1212 5427 1462 5498 majores,
1496 5429 1586 5484 alii
1633 5444 1765 5484 vero
1811 5431 1918 5485 sint
1947 5432 2053 5486 mi-

461 5526 644 5580 nores,
685 5523 740 5568 et
768 5529 873 5585 quo
905 5526 1061 5586 pacto
1084 5514 1374 5574 Consulum
1400 5521 1740 5590 magistratus
1760 5521 1913 5592 quasi
1940 5523 2055 5578 cul-

464 5621 586 5663 men
605 5617 660 5665 et
681 5618 842 5680 caput
866 5625 975 5682 pra:
992 5609 1216 5682 reliquis
1243 5613 1452 5672 cunctis
1475 5613 1744 5672 emineat:
1778 5614 2054 5672 videamus

2156 362 2460 432 spirituales
2507 364 2668 417 etiam
2714 363 3402 434 magistratus.Spiritualis
3429 373 3513 418 est
3567 370 3746 434 magi-

2145 462 2365 514 stratus.
2389 453 2690 523 Prophctia:
2708 455 3050 524 magistratus
3072 472 3085 509 :
3112 463 3198 510 est
3210 454 3345 508 alter
3364 454 3746 522 Evangelistae.

2144 553 2229 598 est
2261 544 2518 610 Pastoris,
2547 555 2632 598 est
2662 545 2926 608 Doctoris,
2951 557 3035 600 est
3059 545 3325 601 donorum
3347 587 3362 606 .
3395 553 3482 599 est
3503 557 3746 600 curatio-

2147 646 2398 702 nnm,est
2425 637 2885 706 interpretationis
2906 638 3230 707 linguarum.
3268 637 3394 692 llzec
3419 637 3598 691 omnia
3640 652 3746 689 no-

2145 728 2287 782 mina
2310 727 2524 798 quidem
2545 737 2670 782 sunt
2690 728 2978 795 donorum,
3012 744 3098 783 res
3121 741 3302 784 autem
3329 729 3744 798 magistratuum

2145 835 2208 874 ac
2231 829 2576 890 potestatum.
2605 820 2876 891 Propheta
2910 823 3253 891 magistratus
3294 831 3378 875 est
3407 838 3420 873 :
3454 821 3596 890 apud
3642 836 3748 874 nos

2147 912 2191 966 is
2244 911 2333 982 qui
2375 911 2652 968 daemones
2681 914 2866 983 ejicit,
2919 914 3261 985 magistratus
3306 923 3426 969 est:
3458 914 3600 986 apud
3643 927 3748 968 nos

2146 1001 2336 1059 Pastor
2362 1012 2417 1058 et
2446 1003 2642 1060 Doctor
2662 1005 2956 1076 Spiritualis
2997 1016 3081 1061 est
3131 1004 3477 1076 magistratus
3502 1021 3516 1058 :
3547 1021 3745 1058 verum

2146 1095 2229 1151 his
2250 1097 2497 1153 omnibus
2525 1099 2703 1168 major
2721 1109 2803 1154 est
2832 1099 3180 1170 Apostolicus
3203 1099 3565 1169 magistratus.
3592 1096 3749 1152 Unde

2145 1204 2274 1243 vero
2297 1188 2348 1244 id
2364 1198 2574 1245 constat
2588 1192 2612 1244 ?
2626 1191 2778 1258 Quod
2793 1206 2981 1246 omnes
2996 1191 3128 1246 istos
3148 1189 3414 1260 praecedat
3435 1189 3747 1260 Apostolus.

2146 1279 2213 1335 Et
2240 1281 2691 1352 quemadmodum
2723 1285 2861 1338 inter
2906 1282 3201 1338 sensibiles
3231 1281 3579 1352 magistratus
3605 1279 3748 1331 Con-

2146 1372 2254 1436 sul,
2292 1373 2371 1426 sic
2415 1373 2554 1427 inter
2582 1373 2893 1442 Spirituales
2940 1373 3232 1442 Apostolus
3273 1371 3496 1426 honoris
3541 1369 3747 1440 gaudet

2146 1464 2522 1535 pnerogativa.
2559 1465 2856 1519 Audiamus
2880 1464 3055 1535 ipsum
3083 1465 3306 1520 Paulum
3328 1473 3747 1518 enumerantem

2151 1555 2460 1624 dignitates,
2480 1566 2530 1612 et
2555 1557 2608 1610 in
2636 1557 2937 1611 s’ublimiori
2963 1557 3080 1611 loco
3105 1557 3470 1626 Apostolicam
3489 1556 3765 1610 collocau—

2150 1653 2279 1700 tem.
2314 1646 2454 1714 Quid
2484 1647 2646 1718 igitur
2697 1649 2769 1702 ait
2825 1647 2960 1702 ille?
3019 1647 3284 1715 Quosdam
3334 1647 3534 1716 quidem
3581 1649 3750 1717 posuit

2150 1737 2288 1792 Deus
2326 1740 2380 1794 in
2411 1738 2662 1806 Ecclesia,
2695 1741 2916 1811 primum
2945 1738 3201 1810 apostolos
3220 1780 3238 1805 ,
3281 1739 3500 1793 secundo
3528 1738 3752 1808 prophe-

2151 1838 2250 1892 tas,
2275 1831 2423 1883 tertio
2445 1829 2697 1897 doctores,
2728 1839 2776 1884 et
2806 1839 3055 1901 pastores,
3077 1829 3260 1884 exinde
3302 1831 3495 1898 gratias
3523 1829 3752 1883 curatio-

2151 1920 2368 1990 numﬂ.
2403 1920 2521 1975 Cor.
2552 1920 2640 1976 12.
2671 1921 2789 1993 28).

2223 2012 2554 2076 Apostalatas
2596 2014 2816 2083 dignitas
2853 2021 3066 2083 quanta.
3107 2011 3244 2080 Quid
3290 2027 3378 2080 per
3415 2027 3597 2082 genera
3635 2010 3747 2065 lin-

2154 2121 2370 2175 guarum
2391 2104 2899 2177 iutelligat.—Vides
2919 2104 3190 2176 fastigium
3215 2103 3568 2174 dignitatum?
3601 2105 3754 2158 vides

2152 2197 2470 2266 Apostolum
2503 2197 2786 2253 sublimem
2825 2196 3042 2264 sedere,
3077 2211 3179 2251 nec
3212 2195 3377 2251 ullum
3415 2196 3591 2266 ipsum
3619 2213 3755 2266 pra:-

2151 2289 2367 2354 cedere,
2383 2301 2471 2345 aut
2493 2291 2860 2344 sublimiorem
2886 2289 2980 2343 illo
3003 2289 3162 2345 esse?
3187 2287 3419 2343 Primum
3441 2290 3586 2343 enim
3610 2291 3748 2357 Apo-

2152 2383 2321 2437 stolus
2365 2381 2515 2442 dicit,
2547 2382 2786 2437 secundo
2817 2380 3137 2452 Prophetas,
3188 2383 3347 2434 tertio
3397 2380 3659 2433 Doctores
3701 2389 3754 2432 et

2155 2471 2404 2527 Pastores
2449 2472 2689 2529 :dcinde
2717 2473 2916 2544 gratias
2959 2473 3316 2534 curationum,
3349 2471 3754 2541 cpitulationes,

2156 2564 2593 2634 gubernationes,
2620 2580 2817 2635 genera
2861 2564 3185 2634 linguarum.
3239 2562 3423 2632 Neque
3450 2577 3584 2615 vero
3630 2571 3753 2614 tan-

2155 2663 2263 2709 tum
2291 2655 2620 2726 principatus
2647 2663 2732 2710 est
2758 2663 3074 2708 cmterarum
3102 2653 3420 2723 dignitatum
3459 2651 3756 2719 Apostola-

2155 2755 2260 2810 tns,
2291 2744 2383 2799 sed
2409 2745 2570 2800 etiam
2603 2745 2751 2800 radix
2778 2759 2841 2798 ac
2862 2744 3289 2798 fundamentum.
3309 2742 3375 2795 Et
3399 2741 3756 2811 quemadmo-

2152 2835 2280 2890 dum
2305 2847 2461 2906 caput
2491 2838 2543 2891 in
2586 2836 2888 2891 sublimiori
2921 2836 3040 2890 loco
3067 2835 3229 2890 situm
3267 2851 3372 2888 non
3402 2834 3561 2888 modo
3607 2838 3757 2904 prin—

2153 2930 2360 3001 cipatus
2377 2941 2459 2984 est
2479 2931 2722 2999 corporis
2747 2938 2908 2996 atque
2933 2929 3260 2992 dominatus,
3285 2927 3378 2982 sed
3401 2927 3560 2982 etiam
3595 2928 3754 2981 radix

2155 3021 2452 3092 (siquidem
2491 3022 2665 3087 nervi,
2689 3022 2777 3091 qtti
2808 3035 3005 3090 corpus
3031 3029 3240 3089 regunt,
3267 3021 3512 3073 oriuntur
3539 3033 3607 3072 ex
3637 3018 3754 3084 illn,

2153 3123 2209 3166 et
2234 3128 2298 3167 es
2329 3113 2446 3181 ejus
2489 3114 2713 3166 cerebro
2754 3111 2885 3174 nati,
2915 3126 2977 3164 ac
3018 3111 3239 3180 spiritus
3269 3109 3546 3179 largitione
3574 3107 3754 3172 ditaii,

2153 3204 2350 3259 deinde
2378 3214 2546 3257 totum
2577 3202 2773 3256 animal
2805 3201 3154 3256 moderantur
3171 3205 3210 3269 ),
3233 3200 3311 3254 sic
3331 3209 3385 3254 et
3408 3199 3759 3268 Aluistolatus

2154 3311 2262 3350 non
2309 3294 2469 3348 modo
2511 3306 2778 3363 tamquam
2822 3293 3152 3362 principatus
3197 3307 3260 3346 ac
3303 3291 3607 3345 dominatus
3643 3306 3758 3359 przu

2154 3387 2367 3443 cmteris
2416 3387 2575 3442 donis
2617 3388 2844 3452 eminet,
2873 3387 2966 3441 sed
2999 3386 3242 3440 omnium
3281 3399 3494 3455 qucque
3541 3386 3759 3440 radices

2154 3480 2573 3550 comprehensas
2601 3479 2741 3550 apud
2772 3495 2833 3534 se
2858 3480 3074 3533 retinet.
3104 3479 3182 3532 Ac
3219 3476 3483 3543 Propheta
3531 3476 3756 3545 quidem

2155 3571 2447 3642 Apostolus
2488 3586 2610 3626 esse
2638 3586 2744 3626 non
2773 3579 2947 3640 potest
2993 3579 3048 3624 et
3091 3568 3355 3638 PrOpheta
3400 3585 3413 3620 :
3461 3568 3554 3621 sed
3601 3569 3756 3635 Apo-

2155 3665 2326 3719 Stolus
2367 3673 2451 3720 est
2478 3665 2640 3719 etiam
2683 3663 2902 3718 omnino
2952 3659 3240 3732 Propheta,
3289 3669 3344 3714 ct
3367 3660 3563 3729 gratias
3591 3659 3761 3714 habet

2153 3757 2512 3823 curationum,
2543 3767 2598 3812 et
2639 3771 2837 3826 genera
2890 3755 3212 3825 linguarum,
3253 3763 3309 3807 et
3352 3754 3758 3821 interpretatio-

2158 3865 2253 3905 nes
2306 3849 2607 3920 linguarum
2659 3864 2676 3902 :
2724 3856 3008 3918 propterea
3043 3845 3376 3916 principatus
3403 3853 3458 3898 et
3486 3843 3638 3896 radix
3669 3850 3760 3896 est

2155 3943 2468 4014 gratiarum.

2227 4035 2281 4090 4.
2315 4035 2480 4088 Porro
2501 4042 2557 4088 ut
2587 4033 2700 4086 haec
2731 4032 2801 4086 ita
2826 4046 2884 4085 se
2911 4029 3109 4085 habere
3129 4037 3359 4094 constet,
3381 4037 3572 4082 testem
3597 4028 3759 4081 vol-is

2156 4127 2365 4182 adduco
2382 4124 2621 4180 Paulum.
2639 4124 2791 4178 Prius
2810 4135 2985 4177 tamen
3001 4123 3180 4176 dicere
3192 4120 3462 4182 convenit,
3478 4121 3605 4190 quid
3624 4121 3756 4173 illud

2159 4221 2371 4274 tandem
2399 4221 2487 4278 sit.
2511 4233 2707 4288 genera
2739 4215 3074 4286 linguarum?
3111 4214 3247 4281 Quid
3272 4213 3431 4283 igitur
3448 4223 3534 4268 est
3555 4227 3760 4283 genera

2157 4309 2494 4380 linguarum?
2511 4309 2646 4363 Olim
2665 4307 2812 4378 isqui
2830 4307 3128 4376 baptizatus
3156 4307 3415 4370 fuerat,et
3428 4303 3755 4367 crediderat,

2157 4405 2337 4460 statim
2361 4402 2426 4458 ad
2448 4402 2678 4472 Spiritus
2699 4398 3421 4455 manifestationemdiversis
3450 4397 3647 4466 linguis
3677 4396 3758 4448 lo-

2156 4497 2573 4570 quebatur.Nam
2589 4496 2841 4566 quoniam
2853 4494 3026 4548 adhuc
3039 4491 3416 4548 imbecilliores
3425 4500 3580 4546 erant
3592 4489 3761 4543 homi-

2159 4603 2256 4644 nes
2271 4589 2409 4643 illius
2420 4588 2540 4653 :evi,
2555 4597 2609 4642 et
2620 4586 2916 4656 spiritualia
2929 4585 3066 4638 dona
3081 4599 3186 4638 non
3201 4591 3446 4652 poterant
3457 4581 3635 4635 oculis
3649 4596 3760 4633 rar-

2159 4681 2275 4736 neis
2290 4681 2555 4745 contueri,
2571 4677 2824 4732 sensibile
2839 4677 3036 4730 donum
3054 4675 3300 4738 dabatur,
3318 4681 3376 4728 ut
3395 4673 3764 4728 innotesceret

2159 4772 2660 4844 Spirituale,quique
2673 4771 2968 4841 baptizatus
2985 4767 3365 4834 fuerat,statim
3382 4766 3558 4835 lingua
3573 4775 3761 4819 nostra

2159 4874 2216 4919 et
2243 4865 2476 4928 Persica,
2500 4872 2554 4918 et
2584 4861 2782 4927 Indica,
2811 4871 2866 4914 et
2890 4859 3137 4930 Scythica
3186 4856 3503 4927 loquebatur
3527 4871 3543 4920 ;
3591 4855 3673 4909 sic
3700 4865 3766 4906 ut

2159 4973 2281 5012 eum
2306 4956 2506 5025 Spiritu
2529 4964 2715 5008 sancto
2742 4954 2994 5007 donatum
3024 4965 3144 5004 esse
3174 4948 3538 5017 intelligerent
3563 4946 3762 4999 intide-

2160 5050 2260 5105 les.
2286 5050 2364 5103 Ac
2386 5049 2598 5119 signum
2622 5045 2838 5116 quidem
2871 5043 3117 5098 sensibus
3148 5040 3454 5110 subjectum
3477 5049 3615 5098 erat,
3641 5038 3767 5090 talis

2160 5141 2373 5211 inquam
2400 5155 2543 5204 vox;
2590 5137 2855 5208 siquidem
2884 5134 3126 5204 corporis
3175 5147 3340 5187 sensu
3385 5131 3531 5184 illam
3573 5128 3768 5182 audie-

2159 5232 2288 5286 bant
2314 5249 2325 5284 :
2352 5230 2685 5301 Spiritualem
2713 5238 2912 5292 autem,
2935 5235 2994 5281 et
3017 5242 3138 5296 qua:
3159 5225 3380 5279 minime
3405 5223 3764 5285 cernebatur,

2161 5324 2393 5394 Spiritus
2444 5322 2665 5392 gratiam
2713 5319 3011 5390 subjectum
3055 5316 3301 5372 sensibus
3354 5314 3568 5384 signum
3617 5312 3768 5367 istud

2160 5419 2408 5472 omnibus
2429 5415 2765 5470 manifestam
2799 5412 3074 5467 reddebat.
3106 5409 3174 5464 Et
3203 5409 3305 5463 hoc
3325 5409 3535 5478 signum
3552 5409 3769 5476 genera

2163 5512 2462 5581 linguarum
2493 5508 2880 5578 appellabatur.
2911 5505 3012 5572 Qui
3039 5504 3184 5559 enim
3236 5503 3448 5556 unicam
3493 5516 3523 5553 a
3573 5510 3772 5552 natura

2161 5604 2394 5674 linguam
2427 5601 2675 5664 habebat,
2705 5599 2966 5653 beneficio
2996 5597 3181 5666 gratiae
3226 5593 3385 5646 variis
3411 5607 3475 5646 ac
3502 5588 3769 5645 ὀξεῖαι-ει)-

2163 5696 2302 5754 tibus
2342 5694 2538 5768 linguis
2581 5691 2899 5764 loquebatur
2934 5708 2948 5745 :
2999 5703 3063 5744 ac
3107 5685 3292 5743 videre
3322 5693 3440 5741 erat
3484 5682 3776 5738 hominem
