4010 6342
462 240 533 296 95
1179 252 1235 308 S.
1274 251 1556 309 JOANNIS
1587 250 2078 308 CHRYSOSTOMI
2117 248 2436 307 ARCHIEP.
2485 241 3032 304 CONSTANTINUP.
3648 240 3727 298 95

460 360 574 420 τοῖς
630 357 954 428 χαρίσματι,
994 359 1086 412 καὶ
1117 358 1349 430 διάφορα
1384 361 1630 430 στόματα
1672 359 1884 428 ἔχοντα,
1939 357 2036 411 καὶ

459 449 750 520 διαφόρους
787 449 1058 518 γλώσσας.
1101 450 1329 522 Ἴδωμεν
1358 446 1452 505 οὖν
1496 451 1613 514 πῶς
1644 453 1672 503 ὁ
1714 450 2038 513 Ἀπόστολος

459 541 730 595 καὶτοῦτο
750 537 863 612 εἶχε
893 543 954 595 τὸ
982 545 1250 615 χάρισμα,
1284 546 1379 596 καὶ
1400 543 1468 598 τὰ
1503 544 1638 598 ἄλλα
1667 544 1863 598 πάντα.
1901 544 2038 614 Περὶ

460 637 559 705 μὲν
597 634 785 688 τούτου
831 635 974 689 οὓτω
1029 636 1220 705 λέγει·
1281 637 1531 690 Πάντων
1575 636 1742 706 ὑμῶν
1794 636 2038 707 μᾶλλον

455 726 764 798 γλώσσαις
788 727 976 784 λαλῶ.
1017 725 1176 794 Εἶδες
1203 730 1318 795 πῶς
1345 730 1457 802 ἔχει
1489 731 1556 784 τά
1577 731 1709 800 γένη
1726 731 1835 784 τῶν
1862 731 2038 798 γλωσ-

456 820 589 884 σῶν,
629 823 723 874 καὶ
771 823 871 876 ούκ
923 823 1034 892 ἔχει
1073 822 1232 893 μόνον
1257 861 1272 886 ,
1325 822 1461 876 ἀλλά
1490 825 1584 876 καὶ
1618 823 1756 893 μετά
1791 823 2037 888 πλείονος

456 914 764 986 ὑπερϐολῆς
797 916 829 987 ἢ
882 918 930 968 οἰ
955 915 1133 970 λοιποὶ
1150 917 1349 980 πάντες
1383 917 1594 982 πιστοί;
1628 918 1703 969 υύ
1726 917 1835 988 γὰρ
1856 913 2031 978 εἶπεν.

454 1007 537 1061 ὅτι
571 1006 849 1071 Γλώσσαις
880 1008 988 1079 ἔχω
1032 1008 1216 1062 λαλεῖν
1255 1009 1436 1080 μόνον,
1465 1009 1600 1062 ἀλλά
1636 1009 1754 1072 καὶ,
1785 1008 2035 1063 Πάντων

453 1099 623 1169 ὑμῶν
641 1099 886 1168 μᾶλλον
912 1100 1223 1170 γλώσσαις
1242 1102 1430 1158 λαλῶ.
1465 1103 1575 1173 Τὴν
1596 1103 1652 1156 δὲ
1674 1103 2031 1173 προφητείαν,

455 1193 524 1263 ῆν
561 1188 695 1262 εἶχε,
727 1192 796 1246 δι’
830 1194 1055 1246 ἐκείνων
1094 1194 1337 1248 δείκνυσι
1374 1195 1483 1248 τῶν
1532 1194 1828 1265 ῥημάτων,
1887 1193 2032 1247 οὕτω

455 1287 650 1355 λέγων·
690 1287 764 1342 Τὸ
802 1287 870 1340 δὲ
895 1288 1137 1357 Πνεῦμα
1171 1289 1366 1357 ῥητῶς
1406 1289 1591 1360 λέγει,
1631 1289 1721 1342 ὅτι
1757 1290 1829 1342 ὲν
1853 1290 2032 1344 ὑστέο

451 1399 584 1449 ροις
607 1382 836 1450 καιροῖς
856 1383 1260 1448 ἐνστήσονται
1291 1383 1484 1453 καιροί
1515 1383 1806 1451 χαλεποί·
1851 1385 1934 1437 ὅτι
1972 1383 2030 1436 δὲ

452 1473 523 1528 τά
557 1476 616 1528 ἐν
647 1475 893 1546 ὑστέροις
921 1478 1132 1546 καιροῖς
1158 1475 1359 1544 λέγειν,
1383 1475 1692 1546 προφητεία
1709 1477 1847 1540 ἐστὶ,
1867 1477 2030 1530 παντί

455 1583 559 1620 που
584 1567 760 1639 δῆλον.
797 1568 904 1620 Kal
935 1568 1119 1633 πάλιν,
1154 1567 1334 1622 Τοῦτο
1372 1568 1441 1621 δὲ
1475 1567 1820 1637 γινώσκετε,
1843 1569 1934 1621 ὅτι
1962 1569 2032 1621 ἐν

453 1659 734 1730 ἐσχάτοις
765 1663 991 1729 καιροῖς
1023 1661 1425 1728 ἐνστήσονται
1479 1660 1671 1728 καιροί
1727 1661 1987 1731 χαλεποί
2012 1677 2026 1692 ·

454 1753 548 1807 καὶ
579 1753 766 1813 πάλιν,
793 1752 956 1822 Λέγω
979 1753 1047 1807 δὲ
1091 1753 1233 1822 ὑμῖν
1277 1754 1346 1807 ἐν
1372 1755 1535 1822 λόγῳ
1564 1755 1810 1822 Κυρίου,
1840 1754 1930 1807 ὅτι
1960 1754 2032 1807 ἐν

452 1847 754 1914 παρουσίᾳ
777 1845 966 1900 αὑτοῦ
1003 1845 1175 1915 ἡμεῖς
1203 1847 1257 1898 οὶ
1298 1846 1508 1912 ζῶντες
1537 1849 1593 1900 οἱ
1619 1847 2032 1922 περιλειπόμε-

450 1955 562 2004 νοι,
622 1940 695 1992 οὐ
743 1939 829 2007 μὴ
877 1938 1205 2007 φθάσωμεν
1251 1939 1394 2004 τοὺς
1449 1939 1860 2008 κοιμηθέντας.
1919 1941 2030 1993 Kal

449 2029 608 2084 τοῦτο
655 2031 711 2084 δέ
776 2031 1082 2103 προφητεία
1119 2031 1287 2085 ἐστίν.
1341 2026 1496 2094 Εἶδες
1536 2030 1653 2095 πῶς
1680 2031 1812 2102 γένη
1853 2030 2030 2102 γλωσ-

455 2124 562 2176 σῶν
579 2124 674 2177 καὶ
695 2123 1031 2194 προφητείας
1055 2123 1166 2194 ἔχει
1194 2140 1208 2186 ;
1239 2123 1426 2176 Βούλει
1455 2123 1650 2193 μαθεῖν
1673 2122 1792 2187 πῶς
1807 2123 1919 2192 ἔχει
1937 2125 2030 2177 καὶ

451 2214 769 2285 χαρίσματα
792 2213 1063 2284 ἰαμάτων;
1111 2213 1272 2266 Ἀλλά
1295 2213 1432 2283 τάχα
1461 2213 1622 2267 τοῦτο
1645 2214 1766 2268 οὐδὲ
1794 2215 1893 2283 τῆς
1921 2215 2029 2268 ἀπὸ

450 2306 561 2359 τῶν
593 2305 768 2374 λόγων
805 2305 1132 2370 ἀποδείξεως
1157 2306 1348 2367 δεῖται.
1382 2309 1510 2361 ὅταν
1543 2307 1741 2375 ἴδωμεν
1771 2307 1831 2360 ού
1867 2307 2029 2376 μόνον

450 2396 578 2458 τοὺς
609 2396 960 2460 ἀποστόλους,
995 2397 1130 2450 ἀλλά
1148 2399 1243 2452 καὶ
1270 2399 1337 2452 τά
1365 2399 1554 2470 ίμάτια
1589 2398 1766 2451 αὐτῶν
1793 2397 1904 2470 [77]
1932 2416 2030 2468 χα-

457 2502 697 2556 ρισματα
731 2487 976 2557 ἰαμάτων
1005 2489 1218 2559 ἔχοντα.
1251 2491 1372 2544 Ὀτι
1413 2491 1470 2544 δὲ
1498 2492 1591 2544 καὶ
1621 2491 1940 2555 διδάσκαλος
1961 2487 2030 2562 ῆν

451 2579 564 2632 τῶν
588 2579 781 2641 ἐθνῶν.
806 2581 1075 2652 πολλαχοῦ
1111 2581 1272 2634 τοῦτο
1309 2581 1480 2650 λέγει,
1510 2582 1603 2635 καὶ
1619 2583 1703 2635 ὃτι
1726 2582 1827 2652 τῆς
1848 2584 2032 2636 οἰκου-

455 2669 625 2742 μένης
670 2671 1110 2743 ἀντελαμϐάνετο
1149 2675 1350 2746 πάσης,
1402 2676 1497 2728 καὶ
1550 2675 1876 2747 διεκυϐέρνα
1930 2675 2030 2740 τάς

464 2761 812 2834 Ἑκκλησίας.
832 2765 998 2818 Ὅταν
1027 2761 1119 2820 οὖν
1135 2765 1397 2838 ἀκούσῃς,
1427 2766 1644 2836 πρῶτον
1670 2767 2027 2833 ἀποστόλους,

449 2852 699 2927 δεύτερον
730 2859 1038 2928 προφήτας,
1050 2859 1234 2931 τρίτον
1250 2859 1515 2929 ποιμένας
1535 2859 1630 2913 καὶ
1647 2859 2025 2924 διδασκάλους,

451 2945 766 3018 χαρίσματα
801 2949 1066 3020 ἰαμάτων,
1097 2949 1432 3022 ἀντιλήψεις,
1465 2950 1848 3020 κυϐερνήσεις,
1894 2951 2025 3021 γένη

449 3037 730 3106 γλωσσῶν,
775 3041 914 3110 μάθε
936 3041 1017 3095 ὃτι
1054 3044 1202 3096 πᾶσα
1230 3045 1262 3112 ή
1292 3043 1526 3114 χορηγία
1557 3043 1669 3096 τῶν
1687 3043 1891 3097 λοιπῶν
1925 3060 2027 3114 χα-

451 3132 754 3202 ρισμάτων,
785 3131 974 3203 ὥσπερ
997 3133 1054 3187 ἐν
1084 3134 1314 3205 κεφαλῇ,
1351 3137 1416 3204 τῇ
1443 3134 1714 3205 ἀποστολῇ
1745 3135 2028 3189 ἐναπόκει-

447 3240 559 3277 ται.
591 3220 719 3295 Ἆρ’
741 3226 801 3278 οὺ
830 3225 984 3294 ψιλὸν
1014 3225 1295 3295 ἐνομίζετε
1315 3225 1554 3297 τοῦνομα
1581 3227 1690 3280 τῶν
1713 3226 2026 3280 ἀποστόλων

449 3317 557 3386 πρὸ
587 3317 814 3382 τούτους
856 3317 986 3371 Ἰδοὺ
1013 3317 1108 3372 νῦν
1130 3319 1331 3386 ἔγνωτε
1367 3319 1532 3370 πόσον
1563 3318 1727 3388 βάθος
1767 3317 1880 3388 ἔχει
1906 3320 2029 3389 νοή-

451 3422 621 3474 ματος
653 3405 714 3458 τὸ
743 3405 932 3476 ὄνομα.
973 3407 1159 3460 Ταῦτα
1187 3407 1243 3459 δὲ
1297 3408 1622 3478 είρήκαμεν,
1670 3408 1771 3460 οὑκ
1818 3407 2028 3471 οἰκείας

445 3497 731 3566 δυνάμεως
764 3497 1022 3564 ἐπίδειξιν
1048 3498 1362 3570 ποιούμενοι
1389 3516 1402 3528 °
1427 3501 1488 3552 ού
1529 3500 1641 3570 γάρ
1678 3499 1926 3572 ἡμέτερα
1957 3501 2028 3553 τὰ

446 3587 754 3656 λεγόμενα,
811 3589 948 3643 ἀλλά
995 3590 1094 3660 τῆς
1142 3591 1236 3644 τοῦ
1284 3590 1602 3662 Πνεύματος
1653 3593 1876 3663 χάριτος
1915 3593 2024 3646 τῶν

447 3679 836 3754 ρᾳθυμοτέρων
866 3682 964 3752 τὴν
985 3682 1224 3752 νωθρίαν
1253 3683 1661 3756 διεγειρούσης,
1683 3683 1825 3738 ὥστε
1857 3685 2024 3756 μηδὲν

443 3775 810 3845 παρατρέχειν
840 3775 1046 3838 ἁπλῶς.

515 3865 754 3930 Εἰκότως
810 3867 920 3939 ἀρα
947 3868 1215 3923 ὑπατείαν
1261 3868 1639 3940 πνευματικὴν
1676 3871 2022 3941 ἐκαλέσαμεν

444 3957 542 4026 τὴν
576 3959 900 4030 ἀποστολήν.
936 3961 1230 4031 ’Ἄρχοντες
1258 3960 1366 4032 γάρ
1416 3963 1554 4014 εἰσιν
1589 3961 1694 4014 ὑπὸ
1720 3961 1856 4016 Θεοῦ
1906 3980 2019 4034 χει-

445 4049 826 4120 ροτονηθὲντες
855 4054 903 4104 οἰ
940 4052 1230 4107 ἀπόστολοι
1249 4070 1262 4084 ·
1293 4054 1576 4126 ἄρχοντες,
1629 4055 1730 4107 οὑκ
1762 4053 1890 4124 ἔθνη
1925 4057 2019 4108 καὶ

443 4141 630 4207 πόλεις
681 4143 972 4215 διαφόρους
1026 4143 1416 4216 λαμϐάνοντες,
1453 4147 1590 4200 ἀλλά
1621 4149 1823 4210 πάντες
1865 4149 2017 4218 κοινῇ

441 4235 542 4305 τὴν
584 4237 910 4307 οἰκουμένην
949 4239 1424 4309 ἐμπιστευθέντες.
1467 4241 1575 4294 Kal
1633 4241 1716 4294 ὅτι
1758 4240 2020 4310 ἄρχοντές

442 4327 551 4379 εἰσι
579 4329 962 4398 πνευματικοὶ,
999 4330 1094 4384 καὶ
1135 4331 1294 4385 τοῦτο
1338 4332 1624 4398 ἀποδεῖξαι
1659 4333 2016 4404 πειράσομαι,

444 4412 533 4465 ἵνα
563 4413 702 4482 μετὰ
725 4414 823 4485 τὴν
842 4414 1112 4481 ἀπόδειξιν
1137 4415 1370 4486 μάθητε,
1396 4419 1479 4471 ὃτι
1507 4416 1747 4488 τοσούτῳ
1774 4416 2017 4487 βελτίους

440 4504 579 4556 εἰσὶν
618 4506 668 4558 οί
690 4505 976 4561 ἀπόστολοι
997 4508 1106 4560 τῶν
1127 4508 1402 4578 ἀρχόντων
1425 4508 1534 4562 τῶν
1563 4508 1858 4578 βιωτικῶν,
1900 4509 2018 4578 ὅσῳ

442 4594 597 4650 αὑτοὶ
645 4597 694 4649 οἰ
729 4595 972 4667 βιωτικοὶ
1005 4597 1266 4669 ἄρχοντες
1298 4598 1406 4651 τῶν
1451 4599 1659 4652 παίδων
1718 4599 1829 4653 τῶν
1888 4615 2018 4653 παι.-

441 4691 642 4755 ζόντων
671 4691 926 4760 ἀμείνους
946 4690 1071 4744 εἰσί.
1107 4689 1252 4744 Πολὺ
1281 4691 1388 4762 γάρ
1417 4689 1618 4760 μείζων
1643 4691 1780 4761 αὓτη
1805 4689 2017 4762 ἐκείνης

441 4787 475 4853 ή
511 4783 677 4855 ἀρχὴ,
707 4785 805 4836 καὶ
843 4782 1044 4853 μᾶλλον
1071 4783 1172 4854 τὴν
1197 4783 1472 4853 ἡμετέραν
1500 4782 1713 4852 συνέχει
1735 4779 2017 4851 ζωὴν,καὶ

439 4875 645 4945 ταύτης
674 4876 932 4945 ἀρθείσης
963 4876 1142 4929 πάντα
1189 4873 1396 4944 οἴχεται
1454 4874 1548 4928 καὶ
1577 4873 1906 4929 διαλέλυται,
1951 4873 2016 4928 Τί

441 4969 562 5022 ποτ’
593 4963 688 5022 οὗν
721 4970 870 5022 ἐστιν
901 4969 1075 5040 ἀρχῆς
1105 4967 1395 5037 σύμϐολον,
1428 4968 1523 5020 καὶ
1568 4967 1692 5022 τίνα
1743 4968 1888 5039 ἔχειν
1925 4969 2016 5022 τὸν

442 5057 678 5127 ἄρχοντα
700 5061 831 5130 χρή;
865 5057 1252 5129 Δεσμωτηρίου
1281 5058 1553 5132 ἐξοιισίαν,
1588 5056 1728 5110 ῶστε
1766 5059 1891 5122 τοὺς
1918 5061 2016 5128 μὲν

441 5149 624 5219 δῆσαι,
679 5150 806 5213 τοὺς
850 5149 908 5202 δὲ
939 5148 1120 5213 λῦσαι,
1169 5149 1297 5211 τοὺς
1330 5148 1430 5220 μὲν
1454 5147 1760 5214 ἐκϐάλλειν,
1796 5150 1924 5213 τοὺς
1958 5151 2016 5204 δὲ

442 5238 733 5312 ἐμϐάλλειν
764 5239 952 5310 κύριός
992 5243 1172 5294 ἐστιν·
1220 5243 1439 5309 ἀφεῖναι
1497 5239 1660 5292 πάλιν
1711 5241 2014 5312 χρημάτων

440 5327 748 5398 ὀφλήματα,
781 5329 871 5381 καὶ
904 5329 1028 5390 τοὺς
1053 5330 1152 5401 μὲν
1186 5329 1454 5382 ἀπολῦσαι
1477 5329 1636 5393 δντας
1657 5330 2011 5398 ὑπευθύνους,

438 5424 566 5484 τοὺς
593 5420 649 5474 δὲ
689 5419 940 5475 κελεῦσαι
970 5422 1258 5475 ἀποδοῦναι
1297 5421 1486 5494 κύριός
1517 5421 1696 5475 ἐστιν·
1737 5423 1818 5486 εἰς
1845 5421 2012 5477 θάνα-

437 5531 532 5567 τον
569 5513 728 5570 πάλιν
761 5513 1090 5580 ἀπαγαγεῖν,
1125 5514 1219 5566 καὶ
1244 5513 1352 5566 ἀπὸ
1379 5513 1472 5566 τοῦ
1503 5513 1736 5568 θανάτου
1761 5513 2006 5568 καλέσαι·

442 5605 641 5676 μᾶλλον
671 5605 728 5658 δέ
749 5604 906 5659 τοῦτο
934 5607 1194 5677 ἄρχοντος
1222 5605 1319 5676 μὲν
1349 5606 1448 5660 οὐκ
1481 5605 1620 5669 ἔστι,
1652 5605 1917 5676 βασιλέως
1951 5606 2008 5658 δὲ

441 5697 630 5766 μόνον·
669 5697 869 5768 μᾶλλον
913 5697 970 5751 δὲ
1009 5697 1128 5750 οὐδὲ
1174 5697 1445 5766 ,βασιλέως
1484 5698 1775 5769 ὁλόκληρόν
1801 5700 1914 5751 ἐστι
1945 5697 2006 5750 τὸ

2142 356 2337 427 δῶρον.
2379 357 2456 410 Οὐ
2478 357 2592 424 γὰρ
2615 357 2724 410 ἀπὸ
2751 355 2984 410 θανάτου
3014 354 3169 409 καλεῖ
3197 354 3289 408 τὸν
3313 354 3568 419 ἀπιόντα,
3599 357 3728 410 ἀλλ’

2140 449 2201 514 ἐξ
2230 449 2535 518 ἀπαγωγῆς
2559 450 2743 514 μόνον,
2768 450 2864 503 καὶ
2880 447 3155 517 ἀπόφασιν
3177 447 3276 515 μὲν
3292 447 3448 502 λῦσαι
3470 448 3727 511 δύναται.

2141 543 2250 596 ἀπὸ
2281 541 2514 596 θανάτου
2554 543 2610 596 δέ
2643 539 3084 596 ἀνακαλέσασθαι
3135 542 3196 595 οὐ
3236 541 3495 596 δύναται·
3531 543 3627 597 καὶ
3659 541 3730 596 τὸ

2143 633 2242 703 μὲν
2287 637 2469 704 χεῖρον
2509 645 2535 673 ι
2589 633 2722 704 ἔχει,
2757 632 2852 686 τοῦ
2901 632 3171 702 βελτίονος
3217 633 3275 687 δὲ
3323 634 3724 705 ἀπεστέρηται.

2151 724 2285 778 Ἀπὸ
2311 726 2412 795 τῆς
2449 724 2628 794 ζώνης
2658 725 2716 777 δὲ
2741 723 2902 779 πάλιν
2927 724 3294 796 δοκιμάζομεν
3326 725 3418 778 τὸν
3459 727 3728 798 ἄρχοντα,

2139 816 2248 870 ἀπὸ
2279 817 2376 888 τῆς
2418 817 2514 870 τοῦ
2554 820 2797 888 κήρυκος
2833 818 3038 888 φωνῆς,
3084 818 3194 871 ἀπὸ
3223 818 3333 871 τῶν
3372 819 3724 891 ῥαϐδούχων,

2137 909 2246 962 ἀπὸ
2291 909 2384 962 τού
2427 911 2708 980 ὀχήματος
2742 911 2791 976 ι’,
2839 909 2948 964 ἀπὸ
2989 909 3082 963 τοῦ
3133 909 3358 980 ξίφους·
3396 911 3572 966 ταῦτα
3607 913 3726 983 γὰρ

2137 1002 2316 1056 πάντα
2344 1001 2523 1072 ἀρχῆς
2556 1001 2823 1073 σύμϐολα.
2866 1004 3096 1074 Ἴδωμεν
3145 1004 3324 1057 τοίνυν
3355 1005 3449 1058 καὶ
3476 1004 3575 1077 τήν
3607 1005 3725 1058 τῶν

2137 1093 2451 1147 ἀποστόλων
2496 1094 2697 1165 ἀρχὴν,
2729 1096 2778 1148 εί
2823 1094 2998 1148 ταῦτα
3029 1094 3142 1166 ἔχει
3173 1095 3244 1148 τά
3290 1096 3567 1167 σύμϐολα·
3601 1097 3726 1166 ἔχει

2139 1185 2260 1256 μὲν,
2303 1187 2362 1240 οὐ
2394 1185 2626 1240 τοιαῦτα
2650 1186 2728 1252 δέ,
2761 1185 2901 1240 ἀλλά
2944 1186 3125 1257 πολλῷ
3172 1187 3441 1258 βελτίονα.
3475 1190 3586 1242 Καὶ
3630 1189 3724 1243 ίνα

2138 1278 2314 1350 μάθῃς
2343 1279 2423 1332 ὅτι
2449 1277 2626 1332 ταῦτα
2658 1279 2756 1350 μὲν
2787 1279 3030 1350 ὀνόματα
3059 1281 3423 1353 πραγμάτων,
3457 1280 3723 1334 ἐκεῖναδδ

2135 1369 2362 1442 ἀλήθεια
2391 1371 2738 1442 πραγμάτων
2758 1387 2772 1400 ·
2811 1371 2898 1425 ἵνα
2943 1371 3121 1444 μάθῃς
3150 1371 3212 1426 τὸ
3245 1373 3410 1443 μέσον
3434 1373 3542 1426 τῶν
3586 1390 3709 1426 παι-

2133 1462 2259 1516 δίων
2301 1462 2408 1517 τῶν
2456 1463 2766 1528 παιζόντων
2811 1463 3016 1535 ἀρχάς,
3070 1463 3166 1517 καὶ
3206 1463 3319 1517 τῶν
3367 1464 3553 1535 ἀρχῶν
3604 1463 3724 1516 τῶν

2133 1555 2368 1624 ἐχόντων
2382 1555 2482 1619 τάς
2509 1555 2688 1626 ἀρχάς
2710 1573 2724 1586 ·
2741 1556 2853 1617 καὶ,
2877 1558 2926 1610 εἰ
2960 1555 3240 1628 βούλεσθε,
3266 1559 3375 1611 ἀπὸ
3388 1557 3482 1611 τοῦ
3505 1557 3723 1628 δεσμω-

2132 1644 2323 1717 τηρίου
2350 1645 2566 1717 πρῶτον
2597 1646 2999 1719 ἀριθμήσομεν.
3026 1648 3139 1702 Καὶ
3163 1649 3272 1719 γάρ
3293 1650 3616 1720 εἰρήκαμεν,
3633 1651 3722 1703 ὅτι

2134 1735 2323 1807 κύριος
2357 1734 2452 1790 τοῦ
2483 1737 2644 1807 δῆσαι
2675 1739 2770 1790 καὶ
2805 1737 2966 1791 λῦσαί
2993 1739 3142 1792 ἐστιν
3173 1741 3202 1792 ό
3238 1738 3443 1810 ἄρχων.
3474 1738 3617 1810 Ὅρα
3649 1738 3723 1810 δὴ

2133 1823 2336 1896 ταύτην
2372 1824 2474 1897 τήν
2511 1825 2690 1897 ἀρχὴν
2734 1828 2860 1889 τοὺς
2907 1827 3241 1892 ἀποστόλους
3300 1829 3546 1898 ἔχοντας.
3599 1826 3718 1900 [78]

2135 1917 2362 1982 Ὃσους
2386 1919 2495 1988 γὰρ
2514 1917 2592 1971 ἂν
2605 1917 2837 1986 δήσητε
2851 1919 2952 1974 ἐπὶ
2972 1919 3083 1988 τῆς
3102 1919 3239 1990 τῆς,
3266 1923 3451 1991 φησὶν,
3469 1922 3722 1975 ἔσονται

2132 2006 2437 2076 δεδεμένοι
2465 2009 2536 2062 ἐν
2563 2009 2688 2076 τοῖς
2717 2011 3017 2080 οὐρανοῖς·
3047 2011 3147 2065 καὶ
3163 2011 3351 2078 ὅσους
3383 2013 3459 2066 ἂν
3481 2016 3718 2080 λύσητε

2132 2099 2229 2152 ἐπὶ
2262 2098 2370 2168 τῆς
2397 2100 2513 2170 γῆς
2531 2101 2777 2155 ἔσονται
2803 2103 3126 2172 λελυμένοι
3155 2105 3225 2157 ἐν
3241 2105 3536 2172 οὐρανοῖς.
3554 2101 3719 2168 Εἶδες

2131 2190 2532 2264 δεσμωτηρίου,
2568 2194 2663 2247 καὶ
2686 2195 3066 2267 δεσμωτηρίου
3095 2197 3344 2262 ἐξουσίαν
3367 2213 3381 2226 ·
3407 2199 3501 2250 καὶ
3524 2197 3588 2250 τδ
3617 2197 3722 2268 μὲν

2131 2280 2302 2354 ὄνομα
2326 2283 2388 2337 τὸ
2406 2283 2558 2345 αὐτὸ,
2589 2285 2650 2338 τὸ
2678 2286 2733 2340 δέ
2756 2287 2988 2358 πρᾶγμα
3016 2287 3079 2340 ού
3113 2289 3174 2341 τὸ
3210 2289 3360 2343 αὑτό.
3397 2289 3720 2361 Δεσμά,καὶ

2130 2373 2326 2444 δεσμά·
2347 2375 2484 2430 ἀλλά
2510 2377 2578 2429 τά
2606 2377 2706 2447 μὲν
2727 2379 2820 2431 ἐπὶ
2847 2379 2944 2449 τῆς
2961 2379 3165 2450 γῆς,τά
3190 2380 3248 2433 δέ
3279 2382 3338 2435 ἐν
3361 2379 3598 2452 οὐρανῷ.
3613 2380 3716 2433 Οὐδ

2135 2468 2296 2538 ρανὸς
2327 2467 2436 2539 γάρ
2465 2469 2612 2521 ἐστιν
2640 2471 2824 2533 αὐτοῖς
2845 2471 2906 2523 τὸ
2926 2471 3324 2544 δεσμωτήριον.
3345 2472 3502 2526 Μάθε
3532 2474 3722 2529 τοίνυν

2132 2557 2191 2610 τὸ
2210 2558 2438 2628 μέγεθος
2452 2559 2553 2629 τῆς
2572 2560 2768 2632 ἀρχῆς.
2796 2561 2920 2613 Ἐπὶ
2932 2561 3031 2632 τῆς
3047 2561 3152 2632 γῆς
3169 2562 3468 2632 καθήμενοι
3488 2565 3721 2636 φέρουσι

2132 2649 2230 2720 τὴν
2252 2650 2456 2720 ψῆφον,
2493 2651 2588 2704 καὶ
2617 2654 2714 2722 τῆς
2750 2652 2932 2724 ψήφου
2965 2656 3001 2725 ή
3026 2654 3254 2727 δύναμις
3284 2657 3553 2710 διαϐαίνει
3589 2659 3718 2723 τοὺς

2131 2741 2411 2811 οὐρανούς.
2442 2744 2551 2796 Καὶ
2585 2744 2838 2816 καθάπερ
2854 2749 2902 2798 οἰ
2931 2747 3030 2816 μὲν
3063 2747 3302 2818 βασιλεῖς
3330 2749 3635 2820 καθήμενοι
3657 2753 3720 2804 ἐν

2135 2833 2234 2904 μιᾷ
2255 2833 2406 2886 πόλει
2429 2833 2756 2905 ψηφίξονται
2778 2837 2871 2889 καὶ
2892 2837 3344 2910 νομοθετοῦσιν,ή
3377 2839 3437 2893 δὲ
3464 2840 3574 2892 τῶν
3602 2841 3719 2912 ψη-

2133 2925 2421 2995 φισμάτων
2476 2927 2569 2979 καὶ
2603 2927 2711 2980 τῶν
2744 2929 2926 2999 νόμων
2972 2929 3202 3002 δύναμις
3227 2933 3407 2985 πᾶσαν
3431 2929 3718 2998 διατρέχει

2129 3017 2229 3088 τὴν
2263 3019 2585 3090 οἰκουμένην
2607 3036 2619 3047 ·
2650 3019 2793 3074 οὑτω
2831 3021 2926 3075 καὶ
2954 3022 3098 3088 τότε,
3132 3024 3182 3076 οἱ
3207 3024 3306 3094 μὲν
3339 3024 3630 3078 ἀπόστολοι
3652 3025 3716 3076 ἐν

2133 3110 2213 3163 ἐνὶ
2257 3111 2407 3182 τόπῳ
2448 3112 2750 3184 καθήμενοι
2791 3113 2965 3168 ταῦτα
3011 3116 3394 3186 ἐνομοθέτουν·
3441 3119 3475 3186 ή
3516 3117 3574 3170 δέ
3603 3117 3719 3169 τῶν

2130 3201 2310 3272 νόμων
2353 3201 2612 3274 δύναμις,
2661 3204 2892 3258 καὶτῶν
2931 3205 3151 3278 δεσμῶν
3187 3207 3415 3268 τούτων,
3449 3208 3572 3279 οὐχὶ
3611 3208 3717 3279 τήν

2129 3295 2458 3366 οἰκουμένην
2503 3297 2664 3367 μόνον
2700 3298 2996 3370 διέτρεχεν,
3043 3300 3181 3355 ἀλλά
3225 3302 3320 3355 καὶ
3359 3304 3440 3364 είς
3481 3303 3615 3356 αὐτὸ
3648 3303 3722 3356 τὸ

2130 3385 2262 3456 ὕψος
2289 3387 2397 3441 τῶν
2416 3389 2661 3461 οὐρανῶν
2682 3391 2986 3449 ἀνέϐαινεν.
3019 3389 3172 3454 Εἶδες
3186 3393 3581 3466 δεσμωτήριον,
3614 3395 3712 3448 καὶ

2125 3479 2530 3552 δεσμωτήριον·
2568 3482 2634 3534 τὸ
2667 3482 2765 3553 μὲν
2805 3484 2898 3536 ἐπὶ
2932 3483 3056 3554 γῆς,
3097 3484 3160 3537 τὸ
3201 3485 3258 3538 δὲ
3302 3487 3358 3537 ἐν
3383 3485 3620 3556 οὐρανῷ.
3648 3486 3718 3539 τὸ

2129 3573 2228 3642 μὲν
2258 3573 2547 3644 σωμάτων,
2592 3574 2655 3627 τὸ
2707 3575 2764 3629 δὲ
2814 3575 3032 3646 ψυχῶν·
3079 3577 3278 3647 μᾶλλον
3313 3575 3370 3628 δέ
3399 3577 3493 3630 καὶ
3516 3576 3710 3647 ψυχῶν

2126 3666 2221 3718 καὶ
2246 3667 2515 3737 σωμάτων
2536 3684 2550 3698 ·
2587 3668 2648 3720 ού
2679 3668 2790 3740 γάρ
2826 3668 3058 3739 σώματα
3080 3668 3346 3740 ἐδέσμουν
3373 3669 3712 3741 μόνονεάλὶὰ

2125 3755 2218 3807 καὶ
2253 3754 2450 3825 ψυχάς.

2195 3854 2255 3900 ε’.
2291 3847 2479 3901 Βούλει
2515 3849 2708 3920 μαθεῖν
2742 3851 2858 3914 πῶς
2888 3849 3067 3921 κύριοι
3093 3845 3235 3922 ἦσαν
3274 3852 3369 3904 καὶ
3413 3851 3714 3925 ὀφλήματα

2125 3938 2371 4006 ἀφεῖναι;
2393 3941 2499 3993 Καὶ
2515 3941 2623 4013 γάρ
2652 3941 2746 3995 καὶ
2773 3943 3007 3995 ἐνταῦθα
3040 3943 3172 3996 πολὺ
3194 3943 3254 3996 τὸ
3281 3943 3537 4015 διάφορον
3557 3945 3706 4014 ὄψει·

2123 4029 2185 4082 ού
2215 4029 2325 4102 γὰρ
2353 4031 2642 4101 ὀφλήματα
2670 4031 2992 4102 χρημάτων,
3032 4032 3149 4087 ἀλλ’
3176 4032 3468 4104 ὀφλήματα
3520 4037 3707 4109 ἀμαρ-

2122 4119 2380 4190 τημάτων
2403 4119 2633 4188 ἀφίεσαν
2658 4137 2671 4151 ο
2688 4117 2946 4193 Ὦν-ῃὰρ,
2969 4125 3154 4193 φησὶν,
3178 4123 3372 4193 ἀφῆτε
3394 4123 3504 4190 τὰς
3519 4127 3712 4195 ἀμαρ-

2123 4212 2278 4276 τίας,
2297 4211 2594 4280 ἀφέωνται
2617 4213 2841 4280 αὐτοῖς·
2866 4215 2963 4268 καὶ
2979 4209 3066 4269 ὧν
3082 4213 3162 4270 ἂν
3190 4215 3471 4285 κρατῆτε,
3489 4218 3708 4288 κεκρά-

2121 4318 2349 4369 τηνται.
2389 4305 2453 4356 Τί
2507 4306 2645 4375 μετὰ
2691 4305 2851 4358 τοῦτο
2883 4305 3164 4371 ἀποδεῖξαι
3195 4307 3324 4380 χρὴ.
3360 4309 3444 4362 ὅτι
3490 4310 3588 4363 καὶ
3625 4311 3712 4372 εἰς

2123 4395 2352 4449 θάνατον
2387 4395 2655 4467 ἔπεμπον,
2689 4398 2784 4452 καὶ
2815 4399 2924 4452 ἀπὸ
2965 4398 3197 4453 θανάτου
3233 4400 3398 4454 πάλιν
3446 4401 3704 4464 ἐκάλουν,

2122 4489 2222 4539 οὐκ
2245 4487 2304 4552 ἐξ
2321 4488 2649 4557 ἀποφάσεως
2679 4489 2869 4561 μόνης,
2903 4491 2997 4541 καὶ
3021 4489 3350 4561 ἀπαγωγῆς,
3367 4490 3507 4545 ἀλλά
3525 4492 3621 4546 καὶ
3638 4495 3707 4545 ἐκ

2123 4576 2354 4631 θανάτου
2367 4581 2491 4642 τοὺς
2508 4579 2793 4650 κειμένους
2810 4582 2909 4652 ήδη
2928 4582 3022 4636 καὶ
3032 4581 3430 4654 διαφθαρέντας
3441 4585 3706 4638 ἀνιστῶν-

2121 4686 2249 4734 τες;
2275 4670 2388 4723 Ποῦ
2411 4672 2592 4725 τοίνυν
2624 4672 3019 4739 κατεδίκασαν;
3054 4673 3158 4727 ποῦ
3187 4673 3582 4746 δέἀπήλλαξαν
3609 4676 3708 4729 θα-

2122 4761 2317 4826 νάτους
2345 4761 2406 4813 ὐ
2434 4762 2682 4826 Ἁνανίας
2713 4764 2806 4816 καὶ
2832 4765 3168 4836 ήΣάπφειρα
3205 4765 3512 4838 ἱεροσυλίας
3533 4765 3708 4821 ἑάλω-

2124 4867 2256 4904 σαν·
2299 4853 2348 4904 εί
2387 4852 2497 4923 γὰρ
2528 4853 2623 4906 καὶ
2643 4854 2712 4908 τά
2743 4855 2952 4908 ἑαυτῶν
2985 4856 3223 4926 ἔκλεψαν
3263 4859 3545 4929 χρήματα,
3582 4857 3701 4910 ἀλλ’

2119 4947 2269 5014 ὅμως
2321 4946 2627 5016 ἱεροσυλίας
2678 4947 2739 5000 τὸ
2790 4947 3048 5018 τόλμημα
3097 4945 3207 5021 ῆν·
3250 4948 3390 5020 μετά
3433 4948 3546 5022 γὰρ
3598 4954 3704 5021 τὴν

2121 5034 2418 5104 ὑπόσχεσιν
2449 5037 2549 5088 οὐκ
2594 5035 2673 5089 ἔτι
2705 5032 2774 5108 ἦν
2810 5037 2993 5091 αὐτῶν
3023 5039 3092 5092 τά
3127 5042 3410 5112 χρήματα.
3453 5041 3520 5092 Τί
3547 5037 3645 5096 οὗν
3670 5046 3702 5096 ὀ

2132 5122 2485 5189 Ἀπόστολος;
2523 5125 2788 5178 ’Ἄκουσον
2825 5126 2962 5190 πῶς,
2998 5129 3249 5202 καθάπερ
3271 5132 3330 5183 ἐν
3361 5130 3703 5203 δικαστηρίῳ

2118 5213 2447 5286 καθήμενος,
2483 5216 2576 5268 τὸν
2612 5217 2890 5288 ἱερόσυλον
2919 5220 3153 5288 εἰσάγει,
3191 5221 3285 5274 καὶ
3311 5221 3508 5274 πεῦσιν
3537 5237 3706 5292 προσ-

2117 5307 2240 5374 άγει
2272 5307 2526 5379 καθάπερ
2548 5308 2831 5381 δικαστὴς,
2859 5311 2954 5364 καὶ
2977 5313 3098 5366 τότε
3130 5313 3230 5384 τὴν
3252 5313 3532 5382 ἀπόφασιν
3585 5315 3690 5365 ἐπ-

2179 5458 2203 5485 ’
2229 5457 2362 5521 Colb.
2398 5455 2539 5505 λῦσαι
2561 5457 2768 5506 δύναται·
2793 5460 2894 5506 ἀλλ’
2919 5459 3165 5521 ἐμϐάλλειν
3187 5459 3270 5521 μὲν
3306 5459 3372 5514 εἰς
3392 5459 3591 5506 θάνατον
3614 5459 3696 5507 δύο

2114 5535 2268 5589 ναςαι,
2293 5520 2389 5566 ἀπὸ
2407 5521 2606 5568 θανάτου
2631 5521 2682 5568 δὲ
2703 5521 3086 5571 ἀνακαλέσασθαι
3110 5521 3166 5568 οὐ
3188 5520 3395 5569 δύναται·
3423 5522 3505 5568 καί
3531 5521 3588 5568 τὸ
3611 5521 3701 5582 μὴ

2112 5595 2242 5641 χειρο

2175 5599 2361 5691 ἷῗῗόιδ.
2387 5640 2588 5707 ἀπὸτοῦ
2608 5642 2864 5707 ὀχήματος,
2885 5655 2919 5707 ρ
2939 5656 3242 5707 συντιμσυω
3267 5639 3415 5695 lectu")
3436 5655 3695 5707 gemma,

2113 5708 2167 5751 ut
2189 5715 2247 5751 ex
2272 5703 2594 5765 sequentibus
2611 5703 2847 5767 aiginilur.
2880 5703 3013 5756 Editi
3035 5703 3295 5770 σχήματος.
