  <div class='ocr_page' id='page_1' title='image "/cluster/home/n/w/nwhite01/storage/ocr_20150623/51/nnc1.0046978275/092.png"; bbox 0 0 4010 6342; ppageno 0'>
   <div class='ocr_carea' id='block_1_1' title="bbox 264 353 3553 480">
    <p class='ocr_par' dir='ltr' id='par_1_1' title="bbox 264 353 3553 480">
     <span class='ocr_line' id='line_1_1' title="bbox 264 353 3553 480; baseline 0.019 -75"><span class='ocrx_word' id='word_1_1' title='bbox 264 353 332 406; x_wconf 74' lang='lat'><strong>93</strong></span> <span class='ocrx_word' id='word_1_2' title='bbox 770 359 858 414; x_wconf 85' lang='lat' dir='ltr'><strong>DE</strong></span> <span class='ocrx_word' id='word_1_3' title='bbox 902 361 1152 419; x_wconf 71' lang='lat' dir='ltr'><strong>ETILIT.</strong></span> <span class='ocrx_word' id='word_1_4' title='bbox 1196 366 1552 429; x_wconf 80' lang='lat' dir='ltr'><strong>LECTIONIS</strong></span> <span class='ocrx_word' id='word_1_5' title='bbox 1592 374 2149 440; x_wconf 72' lang='lat' dir='ltr'><strong>SCRIPTURARUM.</strong></span> <span class='ocrx_word' id='word_1_6' title='bbox 2183 385 2250 443; x_wconf 82' lang='lat' dir='ltr'><strong>IN</strong></span> <span class='ocrx_word' id='word_1_7' title='bbox 2280 390 2566 449; x_wconf 73' lang='lat' dir='ltr'><strong>PRINCIP.</strong></span> <span class='ocrx_word' id='word_1_8' title='bbox 2609 398 2957 460; x_wconf 75' lang='lat' dir='ltr'><strong>ACTORUM.</strong></span> <span class='ocrx_word' id='word_1_9' title='bbox 3003 408 3087 463; x_wconf 80' lang='lat' dir='ltr'><strong>lll.</strong></span> <span class='ocrx_word' id='word_1_10' title='bbox 3486 424 3553 480; x_wconf 61' lang='lat'><strong>9.5</strong></span> 
     </span>
    </p>
   </div>
   <div class='ocr_carea' id='block_1_2' title="bbox 262 467 1856 553">
    <p class='ocr_par' dir='ltr' id='par_1_2' title="bbox 262 467 1856 553">
     <span class='ocr_line' id='line_1_2' title="bbox 262 467 1856 553; baseline 0.02 -38"><span class='ocrx_word' id='word_1_11' title='bbox 262 481 491 521; x_wconf 85' lang='lat' dir='ltr'><strong>numero</strong></span> <span class='ocrx_word' id='word_1_12' title='bbox 520 467 734 536; x_wconf 82' lang='lat' dir='ltr'><strong>quidem</strong></span> <span class='ocrx_word' id='word_1_13' title='bbox 782 487 969 541; x_wconf 87' lang='lat' dir='ltr'><strong>unum,</strong></span> <span class='ocrx_word' id='word_1_14' title='bbox 1003 479 1207 533; x_wconf 88' lang='lat' dir='ltr'><strong>varium</strong></span> <span class='ocrx_word' id='word_1_15' title='bbox 1256 493 1434 539; x_wconf 87' lang='lat' dir='ltr'><strong>autem</strong></span> <span class='ocrx_word' id='word_1_16' title='bbox 1480 486 1655 553; x_wconf 91' lang='lat' dir='ltr'><strong>donis,</strong></span> <span class='ocrx_word' id='word_1_17' title='bbox 1688 505 1751 544; x_wconf 87' lang='lat' dir='ltr'><strong>ac</strong></span> <span class='ocrx_word' id='word_1_18' title='bbox 1773 491 1856 547; x_wconf 88' lang='lat' dir='ltr'><strong>di-</strong></span> 
     </span>
    </p>
   </div>
   <div class='ocr_carea' id='block_1_3' title="bbox 262 562 1859 644">
    <p class='ocr_par' dir='ltr' id='par_1_3' title="bbox 262 562 1859 644">
     <span class='ocr_line' id='line_1_3' title="bbox 262 562 1859 644; baseline 0.019 -35"><span class='ocrx_word' id='word_1_19' title='bbox 262 574 419 613; x_wconf 69' lang='lat' dir='ltr'><strong>versa</strong></span> <span class='ocrx_word' id='word_1_20' title='bbox 470 562 835 630; x_wconf 71' lang='lat' dir='ltr'><strong>possidentem</strong></span> <span class='ocrx_word' id='word_1_21' title='bbox 882 583 996 633; x_wconf 88' lang='lat' dir='ltr'><strong>ora,</strong></span> <span class='ocrx_word' id='word_1_22' title='bbox 1039 570 1351 644; x_wconf 90' lang='lat' dir='ltr'><strong>linguasque</strong></span> <span class='ocrx_word' id='word_1_23' title='bbox 1376 577 1634 635; x_wconf 87' lang='lat' dir='ltr'><strong>diversas.</strong></span> <span class='ocrx_word' id='word_1_24' title='bbox 1666 581 1859 639; x_wconf 88' lang='lat' dir='ltr'><strong>Videa-</strong></span> 
     </span>
    </p>
   </div>
   <div class='ocr_carea' id='block_1_4' title="bbox 258 654 1854 741">
    <p class='ocr_par' dir='ltr' id='par_1_4' title="bbox 258 654 1854 741">
     <span class='ocr_line' id='line_1_4' title="bbox 258 654 1854 741; baseline 0.016 -36"><span class='ocrx_word' id='word_1_25' title='bbox 258 669 379 705; x_wconf 75' lang='lat' dir='ltr'><strong>mus</strong></span> <span class='ocrx_word' id='word_1_26' title='bbox 422 654 600 722; x_wconf 87' lang='lat' dir='ltr'><strong>itaque</strong></span> <span class='ocrx_word' id='word_1_27' title='bbox 630 672 737 725; x_wconf 90' lang='lat' dir='ltr'><strong>quo</strong></span> <span class='ocrx_word' id='word_1_28' title='bbox 767 669 923 729; x_wconf 89' lang='lat' dir='ltr'><strong>pacto</strong></span> <span class='ocrx_word' id='word_1_29' title='bbox 952 664 1238 731; x_wconf 80' lang='lat' dir='ltr'><strong>Apostolus</strong></span> <span class='ocrx_word' id='word_1_30' title='bbox 1268 668 1368 723; x_wconf 91' lang='lat' dir='ltr'><strong>hoc</strong></span> <span class='ocrx_word' id='word_1_31' title='bbox 1407 686 1618 741; x_wconf 88' lang='lat' dir='ltr'><strong>quoque</strong></span> <span class='ocrx_word' id='word_1_32' title='bbox 1656 674 1854 730; x_wconf 88' lang='lat' dir='ltr'><strong>donum</strong></span> 
     </span>
    </p>
   </div>
   <div class='ocr_carea' id='block_1_5' title="bbox 258 741 1853 835">
    <p class='ocr_par' dir='ltr' id='par_1_5' title="bbox 258 741 1853 835">
     <span class='ocr_line' id='line_1_5' title="bbox 258 741 1853 835; baseline 0.018 -42"><span class='ocrx_word' id='word_1_33' title='bbox 258 741 505 806; x_wconf 86' lang='lat' dir='ltr'><strong>haberet,</strong></span> <span class='ocrx_word' id='word_1_34' title='bbox 529 753 585 799; x_wconf 86' lang='lat' dir='ltr'><strong>et</strong></span> <span class='ocrx_word' id='word_1_35' title='bbox 612 748 713 800; x_wconf 87' lang='lat' dir='ltr'><strong>alia</strong></span> <span class='ocrx_word' id='word_1_36' title='bbox 756 752 955 805; x_wconf 90' lang='lat' dir='ltr'><strong>omnia.</strong></span> <span class='ocrx_word' id='word_1_37' title='bbox 991 754 1064 806; x_wconf 82' lang='lat' dir='ltr'><strong>De</strong></span> <span class='ocrx_word' id='word_1_38' title='bbox 1096 755 1196 810; x_wconf 87' lang='lat' dir='ltr'><strong>hoc</strong></span> <span class='ocrx_word' id='word_1_39' title='bbox 1227 759 1440 827; x_wconf 84' lang='lat' dir='ltr'><strong>quidem</strong></span> <span class='ocrx_word' id='word_1_40' title='bbox 1473 761 1543 817; x_wconf 88' lang='lat' dir='ltr'><strong>ita</strong></span> <span class='ocrx_word' id='word_1_41' title='bbox 1582 764 1853 835; x_wconf 91' lang='lat' dir='ltr'><strong>loquitur:</strong></span> 
     </span>
    </p>
   </div>
   <div class='ocr_carea' id='block_1_6' title="bbox 255 831 1851 926">
    <p class='ocr_par' dir='ltr' id='par_1_6' title="bbox 255 831 1851 926">
     <span class='ocr_line' id='line_1_6' title="bbox 255 831 1851 926; baseline 0.018 -42"><span class='ocrx_word' id='word_1_42' title='bbox 255 831 431 902; x_wconf 77' lang='lat' dir='ltr'><strong>Magis</strong></span> <span class='ocrx_word' id='word_1_43' title='bbox 459 853 613 907; x_wconf 80' lang='lat' dir='ltr'><strong>quant</strong></span> <span class='ocrx_word' id='word_1_44' title='bbox 634 853 721 892; x_wconf 90' lang='lat' dir='ltr'><strong>vos</strong></span> <span class='ocrx_word' id='word_1_45' title='bbox 747 856 920 896; x_wconf 83' lang='lat' dir='ltr'><strong>omnes</strong></span> <span class='ocrx_word' id='word_1_46' title='bbox 947 844 1136 915; x_wconf 80' lang='lat' dir='ltr'><strong>linguis</strong></span> <span class='ocrx_word' id='word_1_47' title='bbox 1159 848 1337 917; x_wconf 82' lang='lat' dir='ltr'><strong>loquor</strong></span> <span class='ocrx_word' id='word_1_48' title='bbox 1362 852 1438 919; x_wconf 99' lang='lat'><strong>(1.</strong></span> <span class='ocrx_word' id='word_1_49' title='bbox 1468 851 1587 908; x_wconf 90' lang='lat' dir='ltr'><strong>Cor.</strong></span> <span class='ocrx_word' id='word_1_50' title='bbox 1619 831 1706 910; x_wconf 51' lang='grc' dir='ltr'><strong>ιλ.</strong></span> <span class='ocrx_word' id='word_1_51' title='bbox 1742 858 1851 926; x_wconf 89' lang='lat'><strong>18).</strong></span> 
     </span>
    </p>
   </div>
   <div class='ocr_carea' id='block_1_7' title="bbox 256 922 1851 1013">
    <p class='ocr_par' dir='ltr' id='par_1_7' title="bbox 256 922 1851 1013">
     <span class='ocr_line' id='line_1_7' title="bbox 256 922 1851 1013; baseline 0.018 -40"><span class='ocrx_word' id='word_1_52' title='bbox 256 922 423 980; x_wconf 76' lang='lat' dir='ltr'><strong>Vides</strong></span> <span class='ocrx_word' id='word_1_53' title='bbox 447 936 502 981; x_wconf 91' lang='lat' dir='ltr'><strong>ut</strong></span> <span class='ocrx_word' id='word_1_54' title='bbox 526 942 727 993; x_wconf 77' lang='lat' dir='ltr'><strong>genera</strong></span> <span class='ocrx_word' id='word_1_55' title='bbox 757 931 1054 1001; x_wconf 89' lang='lat' dir='ltr'><strong>linguarum</strong></span> <span class='ocrx_word' id='word_1_56' title='bbox 1084 937 1295 1003; x_wconf 85' lang='lat' dir='ltr'><strong>habeat,</strong></span> <span class='ocrx_word' id='word_1_57' title='bbox 1318 955 1416 996; x_wconf 86' lang='lat' dir='ltr'><strong>nec</strong></span> <span class='ocrx_word' id='word_1_58' title='bbox 1438 944 1608 999; x_wconf 90' lang='lat' dir='ltr'><strong>solum</strong></span> <span class='ocrx_word' id='word_1_59' title='bbox 1639 945 1851 1013; x_wconf 90' lang='lat' dir='ltr'><strong>habeat,</strong></span> 
     </span>
    </p>
   </div>
   <div class='ocr_carea' id='block_1_8' title="bbox 254 1016 1853 1095">
    <p class='ocr_par' dir='ltr' id='par_1_8' title="bbox 254 1016 1853 1095">
     <span class='ocr_line' id='line_1_8' title="bbox 254 1016 1853 1095; baseline 0.017 -28"><span class='ocrx_word' id='word_1_60' title='bbox 254 1016 348 1069; x_wconf 75' lang='lat' dir='ltr'><strong>sed</strong></span> <span class='ocrx_word' id='word_1_61' title='bbox 380 1017 571 1086; x_wconf 82' lang='lat' dir='ltr'><strong>majori</strong></span> <span class='ocrx_word' id='word_1_62' title='bbox 603 1035 725 1073; x_wconf 91' lang='lat' dir='ltr'><strong>cum</strong></span> <span class='ocrx_word' id='word_1_63' title='bbox 756 1023 999 1079; x_wconf 81' lang='lat' dir='ltr'><strong>ubertate</strong></span> <span class='ocrx_word' id='word_1_64' title='bbox 1021 1043 1177 1095; x_wconf 89' lang='lat' dir='ltr'><strong>quam</strong></span> <span class='ocrx_word' id='word_1_65' title='bbox 1209 1034 1390 1086; x_wconf 73' lang='lat' dir='ltr'><strong>caeteri</strong></span> <span class='ocrx_word' id='word_1_66' title='bbox 1415 1048 1603 1091; x_wconf 90' lang='lat' dir='ltr'><strong>omnes</strong></span> <span class='ocrx_word' id='word_1_67' title='bbox 1634 1038 1853 1094; x_wconf 87' lang='lat' dir='ltr'><strong>lideles?</strong></span> 
     </span>
    </p>
   </div>
   <div class='ocr_carea' id='block_1_9' title="bbox 252 1104 1853 1197">
    <p class='ocr_par' dir='ltr' id='par_1_9' title="bbox 252 1104 1853 1197">
     <span class='ocr_line' id='line_1_9' title="bbox 252 1104 1853 1197; baseline 0.018 -36"><span class='ocrx_word' id='word_1_68' title='bbox 252 1104 371 1161; x_wconf 76' lang='lat' dir='ltr'><strong>Non</strong></span> <span class='ocrx_word' id='word_1_69' title='bbox 418 1110 560 1163; x_wconf 86' lang='lat' dir='ltr'><strong>enim</strong></span> <span class='ocrx_word' id='word_1_70' title='bbox 613 1111 755 1166; x_wconf 78' lang='lat' dir='ltr'><strong>dixit</strong></span> <span class='ocrx_word' id='word_1_71' title='bbox 798 1116 978 1183; x_wconf 91' lang='lat' dir='ltr'><strong>modo,</strong></span> <span class='ocrx_word' id='word_1_72' title='bbox 1024 1118 1242 1191; x_wconf 80' lang='lat' dir='ltr'><strong>Linguis</strong></span> <span class='ocrx_word' id='word_1_73' title='bbox 1292 1124 1438 1196; x_wconf 81' lang='lat' dir='ltr'><strong>loqui</strong></span> <span class='ocrx_word' id='word_1_74' title='bbox 1491 1144 1726 1197; x_wconf 64' lang='lat' dir='ltr'><strong>possum,</strong></span> <span class='ocrx_word' id='word_1_75' title='bbox 1759 1134 1853 1189; x_wconf 86' lang='lat' dir='ltr'><strong>sed</strong></span> 
     </span>
    </p>
   </div>
   <div class='ocr_carea' id='block_1_10' title="bbox 255 1198 1850 1290">
    <p class='ocr_par' dir='ltr' id='par_1_10' title="bbox 255 1198 1850 1290">
     <span class='ocr_line' id='line_1_10' title="bbox 255 1198 1850 1290; baseline 0.018 -39"><span class='ocrx_word' id='word_1_76' title='bbox 255 1198 431 1273; x_wconf 73' lang='lat' dir='ltr'><strong>Magis</strong></span> <span class='ocrx_word' id='word_1_77' title='bbox 476 1218 629 1270; x_wconf 86' lang='lat' dir='ltr'><strong>quam</strong></span> <span class='ocrx_word' id='word_1_78' title='bbox 676 1220 849 1259; x_wconf 88' lang='lat' dir='ltr'><strong>onmes</strong></span> <span class='ocrx_word' id='word_1_79' title='bbox 901 1222 986 1262; x_wconf 85' lang='lat' dir='ltr'><strong>vos</strong></span> <span class='ocrx_word' id='word_1_80' title='bbox 1034 1211 1219 1282; x_wconf 75' lang='lat' dir='ltr'><strong>linguis</strong></span> <span class='ocrx_word' id='word_1_81' title='bbox 1269 1214 1466 1285; x_wconf 84' lang='lat' dir='ltr'><strong>loquor.</strong></span> <span class='ocrx_word' id='word_1_82' title='bbox 1509 1220 1850 1290; x_wconf 89' lang='lat' dir='ltr'><strong>Prophetiam</strong></span> 
     </span>
    </p>
   </div>
   <div class='ocr_carea' id='block_1_11' title="bbox 250 1298 1849 1383">
    <p class='ocr_par' dir='ltr' id='par_1_11' title="bbox 250 1298 1849 1383">
     <span class='ocr_line' id='line_1_11' title="bbox 250 1298 1849 1383; baseline 0.016 -37"><span class='ocrx_word' id='word_1_83' title='bbox 250 1302 435 1349; x_wconf 86' lang='lat' dir='ltr'><strong>autem</strong></span> <span class='ocrx_word' id='word_1_84' title='bbox 463 1310 565 1366; x_wconf 88' lang='lat' dir='ltr'><strong>qua</strong></span> <span class='ocrx_word' id='word_1_85' title='bbox 615 1298 873 1366; x_wconf 66' lang='lat' dir='ltr'><strong>praeditus</strong></span> <span class='ocrx_word' id='word_1_86' title='bbox 903 1313 1038 1369; x_wconf 87' lang='lat' dir='ltr'><strong>erat,</strong></span> <span class='ocrx_word' id='word_1_87' title='bbox 1072 1305 1174 1360; x_wconf 87' lang='lat' dir='ltr'><strong>illis</strong></span> <span class='ocrx_word' id='word_1_88' title='bbox 1202 1310 1382 1365; x_wconf 81' lang='lat' dir='ltr'><strong>verbis</strong></span> <span class='ocrx_word' id='word_1_89' title='bbox 1412 1312 1701 1383; x_wconf 80' lang='lat' dir='ltr'><strong>indicabat,</strong></span> <span class='ocrx_word' id='word_1_90' title='bbox 1729 1335 1849 1372; x_wconf 89' lang='lat' dir='ltr'><strong>cum</strong></span> 
     </span>
    </p>
   </div>
   <div class='ocr_carea' id='block_1_12' title="bbox 251 1382 1848 1472">
    <p class='ocr_par' dir='ltr' id='par_1_12' title="bbox 251 1382 1848 1472">
     <span class='ocr_line' id='line_1_12' title="bbox 251 1382 1848 1472; baseline 0.018 -37"><span class='ocrx_word' id='word_1_91' title='bbox 251 1382 462 1440; x_wconf 91' lang='lat' dir='ltr'><strong>diceret</strong></span> <span class='ocrx_word' id='word_1_92' title='bbox 492 1406 505 1439; x_wconf 92' lang='lat'><strong>:</strong></span> <span class='ocrx_word' id='word_1_93' title='bbox 538 1388 764 1456; x_wconf 76' lang='lat' dir='ltr'><strong>Spiritus</strong></span> <span class='ocrx_word' id='word_1_94' title='bbox 789 1402 956 1448; x_wconf 86' lang='lat' dir='ltr'><strong>autem</strong></span> <span class='ocrx_word' id='word_1_95' title='bbox 987 1398 1250 1466; x_wconf 71' lang='lat' dir='ltr'><strong>manifeste</strong></span> <span class='ocrx_word' id='word_1_96' title='bbox 1279 1401 1420 1467; x_wconf 81' lang='lat' dir='ltr'><strong>dicit,</strong></span> <span class='ocrx_word' id='word_1_97' title='bbox 1451 1407 1583 1472; x_wconf 86' lang='lat' dir='ltr'><strong>quod</strong></span> <span class='ocrx_word' id='word_1_98' title='bbox 1604 1407 1657 1460; x_wconf 87' lang='lat' dir='ltr'><strong>in</strong></span> <span class='ocrx_word' id='word_1_99' title='bbox 1679 1410 1848 1463; x_wconf 82' lang='lat' dir='ltr'><strong>novis-</strong></span> 
     </span>
    </p>
   </div>
   <div class='ocr_carea' id='block_1_13' title="bbox 249 1475 1845 1571">
    <p class='ocr_par' dir='ltr' id='par_1_13' title="bbox 249 1475 1845 1571">
     <span class='ocr_line' id='line_1_13' title="bbox 249 1475 1845 1571; baseline 0.018 -45"><span class='ocrx_word' id='word_1_100' title='bbox 249 1475 391 1528; x_wconf 87' lang='lat' dir='ltr'><strong>simis</strong></span> <span class='ocrx_word' id='word_1_101' title='bbox 419 1481 728 1547; x_wconf 76' lang='lat' dir='ltr'><strong>temporibus</strong></span> <span class='ocrx_word' id='word_1_102' title='bbox 747 1483 1004 1540; x_wconf 88' lang='lat' dir='ltr'><strong>instabunt</strong></span> <span class='ocrx_word' id='word_1_103' title='bbox 1032 1497 1258 1560; x_wconf 87' lang='lat' dir='ltr'><strong>tempora</strong></span> <span class='ocrx_word' id='word_1_104' title='bbox 1287 1494 1571 1562; x_wconf 83' lang='lat' dir='ltr'><strong>periculosa</strong></span> <span class='ocrx_word' id='word_1_105' title='bbox 1604 1498 1680 1571; x_wconf 76' lang='grc'><strong>(2.</strong></span> <span class='ocrx_word' id='word_1_106' title='bbox 1712 1499 1845 1557; x_wconf 88' lang='lat' dir='ltr'><strong>Tim.</strong></span> 
     </span>
    </p>
   </div>
   <div class='ocr_carea' id='block_1_14' title="bbox 248 1567 1851 1654">
    <p class='ocr_par' dir='ltr' id='par_1_14' title="bbox 248 1567 1851 1654">
     <span class='ocr_line' id='line_1_14' title="bbox 248 1567 1851 1654; baseline 0.017 -32"><span class='ocrx_word' id='word_1_107' title='bbox 248 1567 303 1627; x_wconf 78' lang='lat'><strong>5.</strong></span> <span class='ocrx_word' id='word_1_108' title='bbox 333 1569 385 1624; x_wconf 87' lang='lat'><strong>1.</strong></span> <span class='ocrx_word' id='word_1_109' title='bbox 418 1572 538 1624; x_wconf 90' lang='lat' dir='ltr'><strong>coll.</strong></span> <span class='ocrx_word' id='word_1_110' title='bbox 580 1574 625 1626; x_wconf 82' lang='grc' dir='ltr'><strong>Ι.</strong></span> <span class='ocrx_word' id='word_1_111' title='bbox 672 1573 803 1629; x_wconf 86' lang='lat' dir='ltr'><strong>Tim.</strong></span> <span class='ocrx_word' id='word_1_112' title='bbox 836 1578 890 1632; x_wconf 76' lang='grc'><strong>4.</strong></span> <span class='ocrx_word' id='word_1_113' title='bbox 929 1580 1019 1651; x_wconf 89' lang='lat'><strong>1):</strong></span> <span class='ocrx_word' id='word_1_114' title='bbox 1054 1596 1215 1650; x_wconf 87' lang='lat' dir='ltr'><strong>porro</strong></span> <span class='ocrx_word' id='word_1_115' title='bbox 1241 1600 1359 1654; x_wconf 74' lang='lat' dir='ltr'><strong>qua:</strong></span> <span class='ocrx_word' id='word_1_116' title='bbox 1387 1567 1690 1647; x_wconf 84' lang='lat' dir='ltr'><strong>novissimis</strong></span> <span class='ocrx_word' id='word_1_117' title='bbox 1718 1604 1851 1648; x_wconf 90' lang='lat' dir='ltr'><strong>tem-</strong></span> 
     </span>
    </p>
   </div>
   <div class='ocr_carea' id='block_1_15' title="bbox 247 1661 1849 1757">
    <p class='ocr_par' dir='ltr' id='par_1_15' title="bbox 247 1661 1849 1757">
     <span class='ocr_line' id='line_1_15' title="bbox 247 1661 1849 1757; baseline 0.019 -45"><span class='ocrx_word' id='word_1_118' title='bbox 247 1661 471 1728; x_wconf 89' lang='lat' dir='ltr'><strong>poribus</strong></span> <span class='ocrx_word' id='word_1_119' title='bbox 492 1665 739 1721; x_wconf 87' lang='lat' dir='ltr'><strong>evenient</strong></span> <span class='ocrx_word' id='word_1_120' title='bbox 769 1669 972 1735; x_wconf 88' lang='lat' dir='ltr'><strong>dicere,</strong></span> <span class='ocrx_word' id='word_1_121' title='bbox 998 1674 1331 1745; x_wconf 86' lang='lat' dir='ltr'><strong>pr0plietiam</strong></span> <span class='ocrx_word' id='word_1_122' title='bbox 1359 1695 1479 1736; x_wconf 90' lang='lat' dir='ltr'><strong>esse</strong></span> <span class='ocrx_word' id='word_1_123' title='bbox 1511 1698 1670 1739; x_wconf 92' lang='lat' dir='ltr'><strong>nemo</strong></span> <span class='ocrx_word' id='word_1_124' title='bbox 1698 1687 1849 1757; x_wconf 89' lang='lat' dir='ltr'><strong>igno-</strong></span> 
     </span>
    </p>
   </div>
   <div class='ocr_carea' id='block_1_16' title="bbox 247 1752 1845 1848">
    <p class='ocr_par' dir='ltr' id='par_1_16' title="bbox 247 1752 1845 1848">
     <span class='ocr_line' id='line_1_16' title="bbox 247 1752 1845 1848; baseline 0.018 -45"><span class='ocrx_word' id='word_1_125' title='bbox 247 1758 348 1805; x_wconf 85' lang='lat' dir='ltr'><strong>rat.</strong></span> <span class='ocrx_word' id='word_1_126' title='bbox 383 1752 454 1807; x_wconf 88' lang='lat' dir='ltr'><strong>Et</strong></span> <span class='ocrx_word' id='word_1_127' title='bbox 478 1770 689 1822; x_wconf 86' lang='lat' dir='ltr'><strong>rursus,</strong></span> <span class='ocrx_word' id='word_1_128' title='bbox 724 1757 837 1813; x_wconf 84' lang='lat' dir='ltr'><strong>Hoc</strong></span> <span class='ocrx_word' id='word_1_129' title='bbox 865 1762 1056 1829; x_wconf 77' lang='lat' dir='ltr'><strong>scitote,</strong></span> <span class='ocrx_word' id='word_1_130' title='bbox 1090 1767 1227 1835; x_wconf 86' lang='lat' dir='ltr'><strong>quod</strong></span> <span class='ocrx_word' id='word_1_131' title='bbox 1263 1767 1314 1820; x_wconf 89' lang='lat' dir='ltr'><strong>in</strong></span> <span class='ocrx_word' id='word_1_132' title='bbox 1346 1771 1629 1828; x_wconf 71' lang='lat' dir='ltr'><strong>novissimis</strong></span> <span class='ocrx_word' id='word_1_133' title='bbox 1651 1785 1845 1848; x_wconf 89' lang='lat' dir='ltr'><strong>tempo-</strong></span> 
     </span>
    </p>
   </div>
   <div class='ocr_carea' id='block_1_17' title="bbox 244 1842 1847 1939">
    <p class='ocr_par' dir='ltr' id='par_1_17' title="bbox 244 1842 1847 1939">
     <span class='ocr_line' id='line_1_17' title="bbox 244 1842 1847 1939; baseline 0.019 -45"><span class='ocrx_word' id='word_1_134' title='bbox 244 1842 385 1897; x_wconf 83' lang='lat' dir='ltr'><strong>ribus</strong></span> <span class='ocrx_word' id='word_1_135' title='bbox 418 1845 676 1901; x_wconf 81' lang='lat' dir='ltr'><strong>instabunt</strong></span> <span class='ocrx_word' id='word_1_136' title='bbox 704 1858 931 1920; x_wconf 85' lang='lat' dir='ltr'><strong>tempora</strong></span> <span class='ocrx_word' id='word_1_137' title='bbox 952 1857 1235 1922; x_wconf 85' lang='lat' dir='ltr'><strong>periculosa</strong></span> <span class='ocrx_word' id='word_1_138' title='bbox 1280 1859 1355 1931; x_wconf 72' lang='grc'><strong>(2.</strong></span> <span class='ocrx_word' id='word_1_139' title='bbox 1398 1862 1530 1916; x_wconf 87' lang='lat' dir='ltr'><strong>Tim.</strong></span> <span class='ocrx_word' id='word_1_140' title='bbox 1569 1865 1621 1920; x_wconf 81' lang='lat'><strong>&#39;5.</strong></span> <span class='ocrx_word' id='word_1_141' title='bbox 1653 1868 1678 1921; x_wconf 92' lang='lat'><strong>1</strong></span> <span class='ocrx_word' id='word_1_142' title='bbox 1792 1881 1847 1925; x_wconf 90' lang='lat' dir='ltr'><strong>et.</strong></span> 
     </span>
    </p>
   </div>
   <div class='ocr_carea' id='block_1_18' title="bbox 244 1936 1845 2023">
    <p class='ocr_par' dir='ltr' id='par_1_18' title="bbox 244 1936 1845 2023">
     <span class='ocr_line' id='line_1_18' title="bbox 244 1936 1845 2023; baseline 0.017 -37"><span class='ocrx_word' id='word_1_143' title='bbox 244 1947 454 1999; x_wconf 83' lang='lat' dir='ltr'><strong>rursus,</strong></span> <span class='ocrx_word' id='word_1_144' title='bbox 498 1936 629 1991; x_wconf 87' lang='lat' dir='ltr'><strong>Dico</strong></span> <span class='ocrx_word' id='word_1_145' title='bbox 668 1941 802 1993; x_wconf 86' lang='lat' dir='ltr'><strong>enim</strong></span> <span class='ocrx_word' id='word_1_146' title='bbox 830 1942 967 1996; x_wconf 86' lang='lat' dir='ltr'><strong>vobis</strong></span> <span class='ocrx_word' id='word_1_147' title='bbox 997 1951 1049 1997; x_wconf 84' lang='lat' dir='ltr'><strong>tn</strong></span> <span class='ocrx_word' id='word_1_148' title='bbox 1079 1946 1225 2001; x_wconf 89' lang='lat' dir='ltr'><strong>verbo</strong></span> <span class='ocrx_word' id='word_1_149' title='bbox 1272 1948 1497 2017; x_wconf 87' lang='lat' dir='ltr'><strong>Domini,</strong></span> <span class='ocrx_word' id='word_1_150' title='bbox 1530 1958 1764 2023; x_wconf 81' lang='lat' dir='ltr'><strong>quoniam</strong></span> <span class='ocrx_word' id='word_1_151' title='bbox 1792 1961 1845 2014; x_wconf 86' lang='lat' dir='ltr'><strong>in</strong></span> 
     </span>
    </p>
   </div>
   <div class='ocr_carea' id='block_1_19' title="bbox 241 2024 1845 2117">
    <p class='ocr_par' dir='ltr' id='par_1_19' title="bbox 241 2024 1845 2117">
     <span class='ocr_line' id='line_1_19' title="bbox 241 2024 1845 2117; baseline 0.019 -42"><span class='ocrx_word' id='word_1_152' title='bbox 241 2024 464 2081; x_wconf 81' lang='lat' dir='ltr'><strong>adventu</strong></span> <span class='ocrx_word' id='word_1_153' title='bbox 506 2031 620 2099; x_wconf 86' lang='lat' dir='ltr'><strong>ejus</strong></span> <span class='ocrx_word' id='word_1_154' title='bbox 648 2048 741 2085; x_wconf 89' lang='lat' dir='ltr'><strong>nos</strong></span> <span class='ocrx_word' id='word_1_155' title='bbox 767 2035 855 2101; x_wconf 83' lang='lat' dir='ltr'><strong>qui</strong></span> <span class='ocrx_word' id='word_1_156' title='bbox 897 2037 1129 2105; x_wconf 84' lang='lat' dir='ltr'><strong>vivimus,</strong></span> <span class='ocrx_word' id='word_1_157' title='bbox 1171 2041 1257 2108; x_wconf 87' lang='lat' dir='ltr'><strong>qui</strong></span> <span class='ocrx_word' id='word_1_158' title='bbox 1302 2044 1491 2097; x_wconf 85' lang='lat' dir='ltr'><strong>residui</strong></span> <span class='ocrx_word' id='word_1_159' title='bbox 1520 2062 1710 2117; x_wconf 88' lang='lat' dir='ltr'><strong>sumus,</strong></span> <span class='ocrx_word' id='word_1_160' title='bbox 1743 2068 1845 2106; x_wconf 84' lang='lat' dir='ltr'><strong>non</strong></span> 
     </span>
    </p>
   </div>
   <div class='ocr_carea' id='block_1_20' title="bbox 244 2120 1840 2215">
    <p class='ocr_par' dir='ltr' id='par_1_20' title="bbox 244 2120 1840 2215">
     <span class='ocr_line' id='line_1_20' title="bbox 244 2120 1840 2215; baseline 0.018 -47"><span class='ocrx_word' id='word_1_161' title='bbox 244 2120 614 2182; x_wconf 72' lang='lat' dir='ltr'><strong>prwveniemus</strong></span> <span class='ocrx_word' id='word_1_162' title='bbox 658 2139 762 2190; x_wconf 88' lang='lat' dir='ltr'><strong>eos,</strong></span> <span class='ocrx_word' id='word_1_163' title='bbox 792 2127 877 2194; x_wconf 82' lang='lat' dir='ltr'><strong>qui</strong></span> <span class='ocrx_word' id='word_1_164' title='bbox 922 2127 1235 2183; x_wconf 83' lang='lat' dir='ltr'><strong>dormierunt</strong></span> <span class='ocrx_word' id='word_1_165' title='bbox 1282 2132 1356 2203; x_wconf 90' lang='lat'><strong>(1.</strong></span> <span class='ocrx_word' id='word_1_166' title='bbox 1395 2133 1571 2191; x_wconf 82' lang='lat' dir='ltr'><strong>Tliess.</strong></span> <span class='ocrx_word' id='word_1_167' title='bbox 1620 2140 1677 2194; x_wconf 73' lang='grc'><strong>4.</strong></span> <span class='ocrx_word' id='word_1_168' title='bbox 1730 2142 1840 2215; x_wconf 75' lang='grc' dir='ltr'><strong>Η).</strong></span> 
     </span>
    </p>
   </div>
   <div class='ocr_carea' id='block_1_21' title="bbox 239 2206 1840 2302">
    <p class='ocr_par' dir='ltr' id='par_1_21' title="bbox 239 2206 1840 2302">
     <span class='ocr_line' id='line_1_21' title="bbox 239 2206 1840 2302; baseline 0.019 -42"><span class='ocrx_word' id='word_1_169' title='bbox 239 2206 355 2261; x_wconf 88' lang='lat' dir='ltr'><strong>lloe</strong></span> <span class='ocrx_word' id='word_1_170' title='bbox 408 2226 622 2281; x_wconf 89' lang='lat' dir='ltr'><strong>quoque</strong></span> <span class='ocrx_word' id='word_1_171' title='bbox 679 2216 961 2284; x_wconf 88' lang='lat' dir='ltr'><strong>pr0phetia</strong></span> <span class='ocrx_word' id='word_1_172' title='bbox 1006 2228 1108 2274; x_wconf 86' lang='lat' dir='ltr'><strong>est.</strong></span> <span class='ocrx_word' id='word_1_173' title='bbox 1157 2222 1315 2278; x_wconf 83' lang='lat' dir='ltr'><strong>Vides</strong></span> <span class='ocrx_word' id='word_1_174' title='bbox 1368 2224 1515 2281; x_wconf 88' lang='lat' dir='ltr'><strong>illum</strong></span> <span class='ocrx_word' id='word_1_175' title='bbox 1562 2241 1617 2285; x_wconf 88' lang='lat' dir='ltr'><strong>et</strong></span> <span class='ocrx_word' id='word_1_176' title='bbox 1644 2206 1840 2302; x_wconf 79' lang='lat' dir='ltr'><strong>genera</strong></span> 
     </span>
    </p>
   </div>
   <div class='ocr_carea' id='block_1_22' title="bbox 238 2298 1837 2392">
    <p class='ocr_par' dir='ltr' id='par_1_22' title="bbox 238 2298 1837 2392">
     <span class='ocr_line' id='line_1_22' title="bbox 238 2298 1837 2392; baseline 0.019 -41"><span class='ocrx_word' id='word_1_177' title='bbox 238 2298 544 2368; x_wconf 78' lang='lat' dir='ltr'><strong>linguarum</strong></span> <span class='ocrx_word' id='word_1_178' title='bbox 566 2312 621 2357; x_wconf 89' lang='lat' dir='ltr'><strong>et</strong></span> <span class='ocrx_word' id='word_1_179' title='bbox 650 2306 960 2375; x_wconf 89' lang='lat' dir='ltr'><strong>prophetias</strong></span> <span class='ocrx_word' id='word_1_180' title='bbox 988 2308 1274 2368; x_wconf 83' lang='lat' dir='ltr'><strong>habuisse?</strong></span> <span class='ocrx_word' id='word_1_181' title='bbox 1297 2313 1389 2370; x_wconf 89' lang='lat' dir='ltr'><strong>Vis</strong></span> <span class='ocrx_word' id='word_1_182' title='bbox 1418 2320 1576 2373; x_wconf 89' lang='lat' dir='ltr'><strong>etiam</strong></span> <span class='ocrx_word' id='word_1_183' title='bbox 1606 2321 1837 2392; x_wconf 88' lang='lat' dir='ltr'><strong>discere,</strong></span> 
     </span>
    </p>
   </div>
   <div class='ocr_carea' id='block_1_23' title="bbox 236 2397 1839 2473">
    <p class='ocr_par' dir='ltr' id='par_1_23' title="bbox 236 2397 1839 2473">
     <span class='ocr_line' id='line_1_23' title="bbox 236 2397 1839 2473; baseline 0.019 -31"><span class='ocrx_word' id='word_1_184' title='bbox 236 2407 344 2458; x_wconf 70' lang='grc' dir='ltr'><strong>(μη)</strong></span> <span class='ocrx_word' id='word_1_185' title='bbox 372 2405 527 2460; x_wconf 91' lang='lat' dir='ltr'><strong>pacto</strong></span> <span class='ocrx_word' id='word_1_186' title='bbox 551 2397 751 2465; x_wconf 80' lang='lat' dir='ltr'><strong>gratias</strong></span> <span class='ocrx_word' id='word_1_187' title='bbox 777 2402 1112 2457; x_wconf 88' lang='lat' dir='ltr'><strong>curationum</strong></span> <span class='ocrx_word' id='word_1_188' title='bbox 1141 2405 1427 2464; x_wconf 82' lang='lat' dir='ltr'><strong>habuerit?</strong></span> <span class='ocrx_word' id='word_1_189' title='bbox 1464 2411 1568 2467; x_wconf 88' lang='lat' dir='ltr'><strong>Sed</strong></span> <span class='ocrx_word' id='word_1_190' title='bbox 1601 2413 1701 2471; x_wconf 85' lang='lat' dir='ltr'><strong>hoc</strong></span> <span class='ocrx_word' id='word_1_191' title='bbox 1725 2416 1839 2473; x_wconf 81' lang='lat' dir='ltr'><strong>for-</strong></span> 
     </span>
    </p>
   </div>
   <div class='ocr_carea' id='block_1_24' title="bbox 237 2487 1834 2574">
    <p class='ocr_par' dir='ltr' id='par_1_24' title="bbox 237 2487 1834 2574">
     <span class='ocr_line' id='line_1_24' title="bbox 237 2487 1834 2574; baseline 0.021 -40"><span class='ocrx_word' id='word_1_192' title='bbox 237 2492 380 2537; x_wconf 86' lang='lat' dir='ltr'><strong>tasse</strong></span> <span class='ocrx_word' id='word_1_193' title='bbox 408 2487 693 2542; x_wconf 79' lang='lat' dir='ltr'><strong>verborum</strong></span> <span class='ocrx_word' id='word_1_194' title='bbox 719 2489 1176 2552; x_wconf 83' lang='lat' dir='ltr'><strong>demonstratione</strong></span> <span class='ocrx_word' id='word_1_195' title='bbox 1199 2515 1306 2555; x_wconf 92' lang='lat' dir='ltr'><strong>non</strong></span> <span class='ocrx_word' id='word_1_196' title='bbox 1333 2502 1553 2574; x_wconf 82' lang='lat' dir='ltr'><strong>indiget,</strong></span> <span class='ocrx_word' id='word_1_197' title='bbox 1574 2522 1695 2563; x_wconf 92' lang='lat' dir='ltr'><strong>cum</strong></span> <span class='ocrx_word' id='word_1_198' title='bbox 1729 2528 1834 2567; x_wconf 92' lang='lat' dir='ltr'><strong>non</strong></span> 
     </span>
    </p>
   </div>
   <div class='ocr_carea' id='block_1_25' title="bbox 231 2576 1833 2671">
    <p class='ocr_par' dir='ltr' id='par_1_25' title="bbox 231 2576 1833 2671">
     <span class='ocr_line' id='line_1_25' title="bbox 231 2576 1833 2671; baseline 0.021 -46"><span class='ocrx_word' id='word_1_199' title='bbox 231 2576 525 2643; x_wconf 76' lang='lat' dir='ltr'><strong>Apostolus</strong></span> <span class='ocrx_word' id='word_1_200' title='bbox 554 2588 779 2647; x_wconf 89' lang='lat' dir='ltr'><strong>tantum,</strong></span> <span class='ocrx_word' id='word_1_201' title='bbox 809 2583 904 2638; x_wconf 89' lang='lat' dir='ltr'><strong>sed</strong></span> <span class='ocrx_word' id='word_1_202' title='bbox 937 2585 1173 2655; x_wconf 88' lang='lat' dir='ltr'><strong>ipsorum</strong></span> <span class='ocrx_word' id='word_1_203' title='bbox 1217 2592 1377 2647; x_wconf 89' lang='lat' dir='ltr'><strong>etiam</strong></span> <span class='ocrx_word' id='word_1_204' title='bbox 1423 2607 1600 2653; x_wconf 84' lang='lat' dir='ltr'><strong>vestes</strong></span> <span class='ocrx_word' id='word_1_205' title='bbox 1649 2604 1833 2671; x_wconf 86' lang='lat' dir='ltr'><strong>gratiis</strong></span> 
     </span>
    </p>
   </div>
   <div class='ocr_carea' id='block_1_26' title="bbox 232 2666 1833 2749">
    <p class='ocr_par' dir='ltr' id='par_1_26' title="bbox 232 2666 1833 2749">
     <span class='ocr_line' id='line_1_26' title="bbox 232 2666 1833 2749; baseline 0.022 -35"><span class='ocrx_word' id='word_1_206' title='bbox 232 2666 576 2721; x_wconf 81' lang='lat' dir='ltr'><strong>curationum</strong></span> <span class='ocrx_word' id='word_1_207' title='bbox 622 2673 877 2740; x_wconf 68' lang='lat' dir='ltr'><strong>przeditas</strong></span> <span class='ocrx_word' id='word_1_208' title='bbox 903 2675 1065 2732; x_wconf 82' lang='lat' dir='ltr'><strong>fuisse</strong></span> <span class='ocrx_word' id='word_1_209' title='bbox 1090 2680 1385 2738; x_wconf 88' lang='lat' dir='ltr'><strong>videamus.</strong></span> <span class='ocrx_word' id='word_1_210' title='bbox 1428 2686 1708 2746; x_wconf 83' lang='lat' dir='ltr'><strong>Ductorem</strong></span> <span class='ocrx_word' id='word_1_211' title='bbox 1735 2710 1833 2749; x_wconf 88' lang='lat' dir='ltr'><strong>au-</strong></span> 
     </span>
    </p>
   </div>
   <div class='ocr_carea' id='block_1_27' title="bbox 229 2760 1832 2850">
    <p class='ocr_par' dir='ltr' id='par_1_27' title="bbox 229 2760 1832 2850">
     <span class='ocr_line' id='line_1_27' title="bbox 229 2760 1832 2850; baseline 0.023 -44"><span class='ocrx_word' id='word_1_212' title='bbox 229 2763 338 2808; x_wconf 88' lang='lat' dir='ltr'><strong>tem</strong></span> <span class='ocrx_word' id='word_1_213' title='bbox 368 2760 613 2825; x_wconf 88' lang='lat' dir='ltr'><strong>gentium</strong></span> <span class='ocrx_word' id='word_1_214' title='bbox 645 2778 703 2817; x_wconf 90' lang='lat' dir='ltr'><strong>se</strong></span> <span class='ocrx_word' id='word_1_215' title='bbox 732 2763 898 2821; x_wconf 83' lang='lat' dir='ltr'><strong>fuisse</strong></span> <span class='ocrx_word' id='word_1_216' title='bbox 944 2770 1127 2825; x_wconf 91' lang='lat' dir='ltr'><strong>multis</strong></span> <span class='ocrx_word' id='word_1_217' title='bbox 1157 2773 1208 2827; x_wconf 91' lang='lat' dir='ltr'><strong>in</strong></span> <span class='ocrx_word' id='word_1_218' title='bbox 1248 2775 1383 2832; x_wconf 89' lang='lat' dir='ltr'><strong>locis</strong></span> <span class='ocrx_word' id='word_1_219' title='bbox 1412 2789 1657 2850; x_wconf 89' lang='lat' dir='ltr'><strong>testatur,</strong></span> <span class='ocrx_word' id='word_1_220' title='bbox 1685 2802 1748 2841; x_wconf 88' lang='lat' dir='ltr'><strong>ac</strong></span> <span class='ocrx_word' id='word_1_221' title='bbox 1774 2804 1832 2844; x_wconf 90' lang='lat' dir='ltr'><strong>se</strong></span> 
     </span>
    </p>
   </div>
   <div class='ocr_carea' id='block_1_28' title="bbox 229 2845 1829 2943">
    <p class='ocr_par' dir='ltr' id='par_1_28' title="bbox 229 2845 1829 2943">
     <span class='ocr_line' id='line_1_28' title="bbox 229 2845 1829 2943; baseline 0.024 -47"><span class='ocrx_word' id='word_1_222' title='bbox 229 2845 327 2898; x_wconf 86' lang='lat' dir='ltr'><strong>tuti</strong></span> <span class='ocrx_word' id='word_1_223' title='bbox 362 2856 627 2904; x_wconf 88' lang='lat' dir='ltr'><strong>terrarum</strong></span> <span class='ocrx_word' id='word_1_224' title='bbox 666 2854 784 2909; x_wconf 91' lang='lat' dir='ltr'><strong>orbi</strong></span> <span class='ocrx_word' id='word_1_225' title='bbox 834 2858 1170 2929; x_wconf 79' lang='lat' dir='ltr'><strong>subvenisse,</strong></span> <span class='ocrx_word' id='word_1_226' title='bbox 1222 2874 1276 2918; x_wconf 90' lang='lat' dir='ltr'><strong>ct</strong></span> <span class='ocrx_word' id='word_1_227' title='bbox 1323 2867 1589 2925; x_wconf 83' lang='lat' dir='ltr'><strong>Ecclesias</strong></span> <span class='ocrx_word' id='word_1_228' title='bbox 1634 2877 1829 2943; x_wconf 87' lang='lat' dir='ltr'><strong>guber-</strong></span> 
     </span>
    </p>
   </div>
   <div class='ocr_carea' id='block_1_29' title="bbox 225 2940 1828 3033">
    <p class='ocr_par' dir='ltr' id='par_1_29' title="bbox 225 2940 1828 3033">
     <span class='ocr_line' id='line_1_29' title="bbox 225 2940 1828 3033; baseline 0.026 -45"><span class='ocrx_word' id='word_1_229' title='bbox 225 2952 408 2993; x_wconf 88' lang='lat' dir='ltr'><strong>nasse.</strong></span> <span class='ocrx_word' id='word_1_230' title='bbox 451 2940 585 2998; x_wconf 87' lang='lat' dir='ltr'><strong>Cum</strong></span> <span class='ocrx_word' id='word_1_231' title='bbox 610 2944 770 3015; x_wconf 83' lang='lat' dir='ltr'><strong>igitur</strong></span> <span class='ocrx_word' id='word_1_232' title='bbox 788 2950 1038 3018; x_wconf 89' lang='lat' dir='ltr'><strong>audieris,</strong></span> <span class='ocrx_word' id='word_1_233' title='bbox 1058 2957 1289 3024; x_wconf 89' lang='lat' dir='ltr'><strong>primum</strong></span> <span class='ocrx_word' id='word_1_234' title='bbox 1310 2961 1613 3033; x_wconf 86' lang='lat' dir='ltr'><strong>Apostolus,</strong></span> <span class='ocrx_word' id='word_1_235' title='bbox 1633 2940 1828 3029; x_wconf 78' lang='lat' dir='ltr'><strong>deinde</strong></span> 
     </span>
    </p>
   </div>
   <div class='ocr_carea' id='block_1_30' title="bbox 226 3027 1828 3125">
    <p class='ocr_par' dir='ltr' id='par_1_30' title="bbox 226 3027 1828 3125">
     <span class='ocr_line' id='line_1_30' title="bbox 226 3027 1828 3125; baseline 0.023 -44"><span class='ocrx_word' id='word_1_236' title='bbox 226 3027 550 3101; x_wconf 83' lang='lat' dir='ltr'><strong>Prophetas,</strong></span> <span class='ocrx_word' id='word_1_237' title='bbox 586 3040 743 3093; x_wconf 87' lang='lat' dir='ltr'><strong>tertio</strong></span> <span class='ocrx_word' id='word_1_238' title='bbox 766 3040 1016 3099; x_wconf 89' lang='lat' dir='ltr'><strong>Pastores</strong></span> <span class='ocrx_word' id='word_1_239' title='bbox 1042 3062 1105 3102; x_wconf 91' lang='lat' dir='ltr'><strong>ae</strong></span> <span class='ocrx_word' id='word_1_240' title='bbox 1134 3047 1412 3119; x_wconf 81' lang='lat' dir='ltr'><strong>Doctores,</strong></span> <span class='ocrx_word' id='word_1_241' title='bbox 1445 3059 1645 3125; x_wconf 83' lang='lat' dir='ltr'><strong>gratias</strong></span> <span class='ocrx_word' id='word_1_242' title='bbox 1674 3078 1828 3117; x_wconf 89' lang='lat' dir='ltr'><strong>cura-</strong></span> 
     </span>
    </p>
   </div>
   <div class='ocr_carea' id='block_1_31' title="bbox 222 3123 1827 3224">
    <p class='ocr_par' dir='ltr' id='par_1_31' title="bbox 222 3123 1827 3224">
     <span class='ocr_line' id='line_1_31' title="bbox 222 3123 1827 3224; baseline 0.022 -49"><span class='ocrx_word' id='word_1_243' title='bbox 222 3123 451 3190; x_wconf 87' lang='lat' dir='ltr'><strong>tionum,</strong></span> <span class='ocrx_word' id='word_1_244' title='bbox 486 3129 887 3202; x_wconf 89' lang='lat' dir='ltr'><strong>opitulationes,</strong></span> <span class='ocrx_word' id='word_1_245' title='bbox 926 3139 1366 3211; x_wconf 86' lang='lat' dir='ltr'><strong>gubernationes,</strong></span> <span class='ocrx_word' id='word_1_246' title='bbox 1395 3162 1589 3217; x_wconf 88' lang='lat' dir='ltr'><strong>genera</strong></span> <span class='ocrx_word' id='word_1_247' title='bbox 1623 3153 1827 3224; x_wconf 73' lang='lat' dir='ltr'><strong>lingua-</strong></span> 
     </span>
    </p>
   </div>
   <div class='ocr_carea' id='block_1_32' title="bbox 219 3218 1823 3310">
    <p class='ocr_par' dir='ltr' id='par_1_32' title="bbox 219 3218 1823 3310">
     <span class='ocr_line' id='line_1_32' title="bbox 219 3218 1823 3310; baseline 0.023 -43"><span class='ocrx_word' id='word_1_248' title='bbox 219 3229 381 3282; x_wconf 87' lang='lat' dir='ltr'><strong>rum,</strong></span> <span class='ocrx_word' id='word_1_249' title='bbox 423 3218 570 3275; x_wconf 91' lang='lat' dir='ltr'><strong>disce</strong></span> <span class='ocrx_word' id='word_1_250' title='bbox 624 3225 952 3295; x_wconf 88' lang='lat' dir='ltr'><strong>reliquarum</strong></span> <span class='ocrx_word' id='word_1_251' title='bbox 1004 3233 1297 3301; x_wconf 80' lang='lat' dir='ltr'><strong>gratiarum</strong></span> <span class='ocrx_word' id='word_1_252' title='bbox 1350 3241 1560 3310; x_wconf 91' lang='lat' dir='ltr'><strong>copiam</strong></span> <span class='ocrx_word' id='word_1_253' title='bbox 1610 3260 1823 3305; x_wconf 80' lang='lat' dir='ltr'><strong>omnem</strong></span> 
     </span>
    </p>
   </div>
   <div class='ocr_carea' id='block_1_33' title="bbox 216 3312 1821 3411">
    <p class='ocr_par' dir='ltr' id='par_1_33' title="bbox 216 3312 1821 3411">
     <span class='ocr_line' id='line_1_33' title="bbox 216 3312 1821 3411; baseline 0.024 -53"><span class='ocrx_word' id='word_1_254' title='bbox 216 3317 495 3379; x_wconf 84' lang='lat' dir='ltr'><strong>tamquam</strong></span> <span class='ocrx_word' id='word_1_255' title='bbox 541 3312 594 3367; x_wconf 88' lang='lat' dir='ltr'><strong>in</strong></span> <span class='ocrx_word' id='word_1_256' title='bbox 638 3319 814 3386; x_wconf 88' lang='lat' dir='ltr'><strong>capite</strong></span> <span class='ocrx_word' id='word_1_257' title='bbox 843 3320 896 3374; x_wconf 90' lang='lat' dir='ltr'><strong>in</strong></span> <span class='ocrx_word' id='word_1_258' title='bbox 927 3323 1243 3391; x_wconf 79' lang='lat' dir='ltr'><strong>Apostolatu</strong></span> <span class='ocrx_word' id='word_1_259' title='bbox 1272 3332 1522 3387; x_wconf 87' lang='lat' dir='ltr'><strong>residere.</strong></span> <span class='ocrx_word' id='word_1_260' title='bbox 1554 3336 1821 3411; x_wconf 86' lang='lat' dir='ltr'><strong>Numquid</strong></span> 
     </span>
    </p>
   </div>
   <div class='ocr_carea' id='block_1_34' title="bbox 216 3402 1821 3491">
    <p class='ocr_par' dir='ltr' id='par_1_34' title="bbox 216 3402 1821 3491">
     <span class='ocr_line' id='line_1_34' title="bbox 216 3402 1821 3491; baseline 0.024 -39"><span class='ocrx_word' id='word_1_261' title='bbox 216 3402 423 3457; x_wconf 87' lang='lat' dir='ltr'><strong>nudum</strong></span> <span class='ocrx_word' id='word_1_262' title='bbox 446 3420 568 3461; x_wconf 88' lang='lat' dir='ltr'><strong>esse</strong></span> <span class='ocrx_word' id='word_1_263' title='bbox 603 3424 801 3466; x_wconf 86' lang='lat' dir='ltr'><strong>nomen</strong></span> <span class='ocrx_word' id='word_1_264' title='bbox 855 3413 1232 3483; x_wconf 82' lang='lat' dir='ltr'><strong>Apostolorum</strong></span> <span class='ocrx_word' id='word_1_265' title='bbox 1278 3433 1436 3479; x_wconf 84' lang='lat' dir='ltr'><strong>antea</strong></span> <span class='ocrx_word' id='word_1_266' title='bbox 1478 3434 1821 3491; x_wconf 83' lang='lat' dir='ltr'><strong>censebatis?</strong></span> 
     </span>
    </p>
   </div>
   <div class='ocr_carea' id='block_1_35' title="bbox 214 3490 1817 3583">
    <p class='ocr_par' dir='ltr' id='par_1_35' title="bbox 214 3490 1817 3583">
     <span class='ocr_line' id='line_1_35' title="bbox 214 3490 1817 3583; baseline 0.024 -41"><span class='ocrx_word' id='word_1_267' title='bbox 214 3490 387 3559; x_wconf 72' lang='lat' dir='ltr'><strong>licce,</strong></span> <span class='ocrx_word' id='word_1_268' title='bbox 431 3509 629 3565; x_wconf 86' lang='lat' dir='ltr'><strong>quanta</strong></span> <span class='ocrx_word' id='word_1_269' title='bbox 684 3501 1022 3570; x_wconf 81' lang='lat' dir='ltr'><strong>profunditas</strong></span> <span class='ocrx_word' id='word_1_270' title='bbox 1062 3523 1314 3566; x_wconf 89' lang='lat' dir='ltr'><strong>sensuum</strong></span> <span class='ocrx_word' id='word_1_271' title='bbox 1366 3514 1468 3570; x_wconf 87' lang='lat' dir='ltr'><strong>hoc</strong></span> <span class='ocrx_word' id='word_1_272' title='bbox 1507 3535 1571 3574; x_wconf 82' lang='lat' dir='ltr'><strong>ex</strong></span> <span class='ocrx_word' id='word_1_273' title='bbox 1603 3528 1817 3583; x_wconf 87' lang='lat' dir='ltr'><strong>nomine</strong></span> 
     </span>
    </p>
   </div>
   <div class='ocr_carea' id='block_1_36' title="bbox 210 3588 1810 3683">
    <p class='ocr_par' dir='ltr' id='par_1_36' title="bbox 210 3588 1810 3683">
     <span class='ocr_line' id='line_1_36' title="bbox 210 3588 1810 3683; baseline 0.023 -47"><span class='ocrx_word' id='word_1_274' title='bbox 210 3588 609 3655; x_wconf 89' lang='lat' dir='ltr'><strong>comprehensa</strong></span> <span class='ocrx_word' id='word_1_275' title='bbox 638 3594 883 3649; x_wconf 83' lang='lat' dir='ltr'><strong>novistis.</strong></span> <span class='ocrx_word' id='word_1_276' title='bbox 908 3597 1034 3653; x_wconf 70' lang='lat' dir='ltr'><strong>llazc</strong></span> <span class='ocrx_word' id='word_1_277' title='bbox 1058 3611 1238 3656; x_wconf 87' lang='lat' dir='ltr'><strong>autem</strong></span> <span class='ocrx_word' id='word_1_278' title='bbox 1268 3620 1296 3657; x_wconf 90' lang='lat' dir='ltr'><strong>a</strong></span> <span class='ocrx_word' id='word_1_279' title='bbox 1328 3607 1479 3662; x_wconf 87' lang='lat' dir='ltr'><strong>nobis</strong></span> <span class='ocrx_word' id='word_1_280' title='bbox 1504 3610 1643 3668; x_wconf 86' lang='lat' dir='ltr'><strong>dicta</strong></span> <span class='ocrx_word' id='word_1_281' title='bbox 1668 3628 1810 3683; x_wconf 89' lang='lat' dir='ltr'><strong>sunt,</strong></span> 
     </span>
    </p>
   </div>
   <div class='ocr_carea' id='block_1_37' title="bbox 210 3686 1811 3772">
    <p class='ocr_par' dir='ltr' id='par_1_37' title="bbox 210 3686 1811 3772">
     <span class='ocr_line' id='line_1_37' title="bbox 210 3686 1811 3772; baseline 0.021 -44"><span class='ocrx_word' id='word_1_282' title='bbox 210 3690 318 3730; x_wconf 91' lang='lat' dir='ltr'><strong>non</strong></span> <span class='ocrx_word' id='word_1_283' title='bbox 348 3688 411 3733; x_wconf 90' lang='lat' dir='ltr'><strong>ut</strong></span> <span class='ocrx_word' id='word_1_284' title='bbox 438 3690 678 3737; x_wconf 91' lang='lat' dir='ltr'><strong>nostram</strong></span> <span class='ocrx_word' id='word_1_285' title='bbox 711 3686 962 3742; x_wconf 83' lang='lat' dir='ltr'><strong>virtutem</strong></span> <span class='ocrx_word' id='word_1_286' title='bbox 988 3700 1425 3751; x_wconf 87' lang='lat' dir='ltr'><strong>ostentaremus:</strong></span> <span class='ocrx_word' id='word_1_287' title='bbox 1457 3715 1634 3772; x_wconf 90' lang='lat' dir='ltr'><strong>neque</strong></span> <span class='ocrx_word' id='word_1_288' title='bbox 1671 3709 1811 3762; x_wconf 91' lang='lat' dir='ltr'><strong>enim</strong></span> 
     </span>
    </p>
   </div>
   <div class='ocr_carea' id='block_1_38' title="bbox 206 3776 1812 3866">
    <p class='ocr_par' dir='ltr' id='par_1_38' title="bbox 206 3776 1812 3866">
     <span class='ocr_line' id='line_1_38' title="bbox 206 3776 1812 3866; baseline 0.021 -46"><span class='ocrx_word' id='word_1_289' title='bbox 206 3778 394 3823; x_wconf 87' lang='lat' dir='ltr'><strong>nostra</strong></span> <span class='ocrx_word' id='word_1_290' title='bbox 445 3780 574 3825; x_wconf 87' lang='lat' dir='ltr'><strong>sunt</strong></span> <span class='ocrx_word' id='word_1_291' title='bbox 612 3789 729 3843; x_wconf 65' lang='lat' dir='ltr'><strong>qua;</strong></span> <span class='ocrx_word' id='word_1_292' title='bbox 766 3776 1035 3845; x_wconf 89' lang='lat' dir='ltr'><strong>dicuntur,</strong></span> <span class='ocrx_word' id='word_1_293' title='bbox 1067 3783 1161 3837; x_wconf 90' lang='lat' dir='ltr'><strong>sed</strong></span> <span class='ocrx_word' id='word_1_294' title='bbox 1204 3787 1391 3855; x_wconf 76' lang='lat' dir='ltr'><strong>gratia:</strong></span> <span class='ocrx_word' id='word_1_295' title='bbox 1439 3790 1671 3860; x_wconf 89' lang='lat' dir='ltr'><strong>Spiritus</strong></span> <span class='ocrx_word' id='word_1_296' title='bbox 1693 3815 1812 3866; x_wconf 78' lang='lat' dir='ltr'><strong>qua:</strong></span> 
     </span>
    </p>
   </div>
   <div class='ocr_carea' id='block_1_39' title="bbox 204 3861 1811 3948">
    <p class='ocr_par' dir='ltr' id='par_1_39' title="bbox 204 3861 1811 3948">
     <span class='ocr_line' id='line_1_39' title="bbox 204 3861 1811 3948; baseline 0.022 -36"><span class='ocrx_word' id='word_1_297' title='bbox 204 3861 654 3932; x_wconf 86' lang='lat' dir='ltr'><strong>negligentiorum</strong></span> <span class='ocrx_word' id='word_1_298' title='bbox 714 3872 993 3940; x_wconf 85' lang='lat' dir='ltr'><strong>segnitiem</strong></span> <span class='ocrx_word' id='word_1_299' title='bbox 1042 3877 1261 3946; x_wconf 77' lang='lat' dir='ltr'><strong>excitat,</strong></span> <span class='ocrx_word' id='word_1_300' title='bbox 1317 3889 1372 3934; x_wconf 92' lang='lat' dir='ltr'><strong>ut</strong></span> <span class='ocrx_word' id='word_1_301' title='bbox 1422 3884 1551 3939; x_wconf 88' lang='lat' dir='ltr'><strong>nihil</strong></span> <span class='ocrx_word' id='word_1_302' title='bbox 1610 3897 1811 3948; x_wconf 86' lang='lat' dir='ltr'><strong>temere</strong></span> 
     </span>
    </p>
   </div>
   <div class='ocr_carea' id='block_1_40' title="bbox 204 3957 609 4020">
    <p class='ocr_par' dir='ltr' id='par_1_40' title="bbox 204 3957 609 4020">
     <span class='ocr_line' id='line_1_40' title="bbox 204 3957 609 4020; baseline 0.015 -15"><span class='ocrx_word' id='word_1_303' title='bbox 204 3957 609 4020; x_wconf 74' lang='lat' dir='ltr'><strong>pranermittat.</strong></span> 
     </span>
    </p>
   </div>
   <div class='ocr_carea' id='block_1_41' title="bbox 280 4045 1808 4142">
    <p class='ocr_par' dir='ltr' id='par_1_41' title="bbox 280 4045 1808 4142">
     <span class='ocr_line' id='line_1_41' title="bbox 280 4045 1808 4142; baseline 0.023 -48"><span class='ocrx_word' id='word_1_304' title='bbox 280 4045 618 4112; x_wconf 82' lang='lat' dir='ltr'><strong>Apostolatus</strong></span> <span class='ocrx_word' id='word_1_305' title='bbox 655 4048 961 4107; x_wconf 84' lang='lat' dir='ltr'><strong>Consulatus</strong></span> <span class='ocrx_word' id='word_1_306' title='bbox 1004 4057 1304 4126; x_wconf 84' lang='lat' dir='ltr'><strong>spiritualis.</strong></span> <span class='ocrx_word' id='word_1_307' title='bbox 1331 4093 1401 4102; x_wconf 94' lang='lat'><em>—</em></span> <span class='ocrx_word' id='word_1_308' title='bbox 1426 4064 1608 4123; x_wconf 86' lang='lat' dir='ltr'><strong>Merito</strong></span> <span class='ocrx_word' id='word_1_309' title='bbox 1649 4072 1808 4142; x_wconf 81' lang='lat' dir='ltr'><strong>igitur</strong></span> 
     </span>
    </p>
   </div>
   <div class='ocr_carea' id='block_1_42' title="bbox 196 4134 1801 4228">
    <p class='ocr_par' dir='ltr' id='par_1_42' title="bbox 196 4134 1801 4228">
     <span class='ocr_line' id='line_1_42' title="bbox 196 4134 1801 4228; baseline 0.021 -41"><span class='ocrx_word' id='word_1_310' title='bbox 196 4134 538 4203; x_wconf 74' lang='lat' dir='ltr'><strong>Spiritualem</strong></span> <span class='ocrx_word' id='word_1_311' title='bbox 584 4141 927 4200; x_wconf 88' lang='lat' dir='ltr'><strong>Consulatum</strong></span> <span class='ocrx_word' id='word_1_312' title='bbox 975 4150 1367 4218; x_wconf 84' lang='lat' dir='ltr'><strong>appellavimus</strong></span> <span class='ocrx_word' id='word_1_313' title='bbox 1406 4157 1801 4228; x_wconf 81' lang='lat' dir='ltr'><strong>Apostolatum.</strong></span> 
     </span>
    </p>
   </div>
   <div class='ocr_carea' id='block_1_43' title="bbox 195 4227 1801 4320">
    <p class='ocr_par' dir='ltr' id='par_1_43' title="bbox 195 4227 1801 4320">
     <span class='ocr_line' id='line_1_43' title="bbox 195 4227 1801 4320; baseline 0.021 -38"><span class='ocrx_word' id='word_1_314' title='bbox 195 4227 338 4283; x_wconf 87' lang='lat' dir='ltr'><strong>Sunt</strong></span> <span class='ocrx_word' id='word_1_315' title='bbox 361 4231 507 4285; x_wconf 89' lang='lat' dir='ltr'><strong>enim</strong></span> <span class='ocrx_word' id='word_1_316' title='bbox 533 4249 560 4286; x_wconf 89' lang='lat' dir='ltr'><strong>a</strong></span> <span class='ocrx_word' id='word_1_317' title='bbox 588 4234 701 4289; x_wconf 81' lang='lat' dir='ltr'><strong>Deo</strong></span> <span class='ocrx_word' id='word_1_318' title='bbox 725 4237 987 4309; x_wconf 83' lang='lat' dir='ltr'><strong>designati</strong></span> <span class='ocrx_word' id='word_1_319' title='bbox 1014 4245 1353 4314; x_wconf 83' lang='lat' dir='ltr'><strong>magistratus</strong></span> <span class='ocrx_word' id='word_1_320' title='bbox 1381 4227 1653 4320; x_wconf 12' lang='lat' dir='ltr'><strong>Aprostoli;</strong></span> <span class='ocrx_word' id='word_1_321' title='bbox 1686 4275 1801 4315; x_wconf 85' lang='lat' dir='ltr'><strong>ma-</strong></span> 
     </span>
    </p>
   </div>
   <div class='ocr_carea' id='block_1_44' title="bbox 190 4320 1801 4408">
    <p class='ocr_par' dir='ltr' id='par_1_44' title="bbox 190 4320 1801 4408">
     <span class='ocr_line' id='line_1_44' title="bbox 190 4320 1801 4408; baseline 0.02 -36"><span class='ocrx_word' id='word_1_322' title='bbox 190 4320 488 4387; x_wconf 82' lang='lat' dir='ltr'><strong>gistratus,</strong></span> <span class='ocrx_word' id='word_1_323' title='bbox 519 4326 711 4393; x_wconf 90' lang='lat' dir='ltr'><strong>quibus</strong></span> <span class='ocrx_word' id='word_1_324' title='bbox 737 4344 842 4383; x_wconf 92' lang='lat' dir='ltr'><strong>non</strong></span> <span class='ocrx_word' id='word_1_325' title='bbox 871 4342 1056 4401; x_wconf 84' lang='lat' dir='ltr'><strong>gentes</strong></span> <span class='ocrx_word' id='word_1_326' title='bbox 1084 4335 1346 4408; x_wconf 88' lang='lat' dir='ltr'><strong>urbesque</strong></span> <span class='ocrx_word' id='word_1_327' title='bbox 1371 4340 1531 4397; x_wconf 65' lang='lat' dir='ltr'><strong>Variae</strong></span> <span class='ocrx_word' id='word_1_328' title='bbox 1565 4347 1801 4405; x_wconf 88' lang='lat' dir='ltr'><strong>tribuun-</strong></span> 
     </span>
    </p>
   </div>
   <div class='ocr_carea' id='block_1_45' title="bbox 192 4414 1797 4497">
    <p class='ocr_par' dir='ltr' id='par_1_45' title="bbox 192 4414 1797 4497">
     <span class='ocr_line' id='line_1_45' title="bbox 192 4414 1797 4497; baseline 0.021 -33"><span class='ocrx_word' id='word_1_329' title='bbox 192 4422 316 4479; x_wconf 89' lang='lat' dir='ltr'><strong>tur,</strong></span> <span class='ocrx_word' id='word_1_330' title='bbox 342 4414 440 4468; x_wconf 86' lang='lat' dir='ltr'><strong>sed</strong></span> <span class='ocrx_word' id='word_1_331' title='bbox 476 4432 701 4486; x_wconf 90' lang='lat' dir='ltr'><strong>quorum</strong></span> <span class='ocrx_word' id='word_1_332' title='bbox 728 4422 964 4477; x_wconf 90' lang='lat' dir='ltr'><strong>omnium</strong></span> <span class='ocrx_word' id='word_1_333' title='bbox 996 4424 1118 4481; x_wconf 86' lang='lat' dir='ltr'><strong>ﬁdei</strong></span> <span class='ocrx_word' id='word_1_334' title='bbox 1143 4428 1302 4484; x_wconf 88' lang='lat' dir='ltr'><strong>simul</strong></span> <span class='ocrx_word' id='word_1_335' title='bbox 1330 4440 1469 4489; x_wconf 86' lang='lat' dir='ltr'><strong>totus</strong></span> <span class='ocrx_word' id='word_1_336' title='bbox 1514 4437 1657 4493; x_wconf 89' lang='lat' dir='ltr'><strong>orbis</strong></span> <span class='ocrx_word' id='word_1_337' title='bbox 1687 4450 1797 4497; x_wconf 87' lang='lat' dir='ltr'><strong>ter-</strong></span> 
     </span>
    </p>
   </div>
   <div class='ocr_carea' id='block_1_46' title="bbox 188 4510 1798 4606">
    <p class='ocr_par' dir='ltr' id='par_1_46' title="bbox 188 4510 1798 4606">
     <span class='ocr_line' id='line_1_46' title="bbox 188 4510 1798 4606; baseline 0.02 -48"><span class='ocrx_word' id='word_1_338' title='bbox 188 4518 376 4559; x_wconf 75' lang='lat' dir='ltr'><strong>rarum</strong></span> <span class='ocrx_word' id='word_1_339' title='bbox 405 4510 776 4566; x_wconf 86' lang='lat' dir='ltr'><strong>committitur.</strong></span> <span class='ocrx_word' id='word_1_340' title='bbox 805 4514 975 4570; x_wconf 86' lang='lat' dir='ltr'><strong>Porro</strong></span> <span class='ocrx_word' id='word_1_341' title='bbox 1014 4519 1355 4589; x_wconf 79' lang='lat' dir='ltr'><strong>magistratus</strong></span> <span class='ocrx_word' id='word_1_342' title='bbox 1384 4525 1506 4581; x_wconf 88' lang='lat' dir='ltr'><strong>illos</strong></span> <span class='ocrx_word' id='word_1_343' title='bbox 1530 4544 1649 4586; x_wconf 89' lang='lat' dir='ltr'><strong>esse</strong></span> <span class='ocrx_word' id='word_1_344' title='bbox 1688 4537 1798 4606; x_wconf 88' lang='lat' dir='ltr'><strong>spi-</strong></span> 
     </span>
    </p>
   </div>
   <div class='ocr_carea' id='block_1_47' title="bbox 172 4574 1796 4681">
    <p class='ocr_par' dir='ltr' id='par_1_47' title="bbox 172 4574 1796 4681">
     <span class='ocr_line' id='line_1_47' title="bbox 1100 4574 1796 4606; baseline 0.032 -20"><span class='ocrx_word' id='word_1_345' title='bbox 1100 4574 1130 4589; x_wconf 79' lang='grc' dir='ltr'><strong><em>υ</em></strong></span> <span class='ocrx_word' id='word_1_346' title='bbox 1276 4574 1351 4577; x_wconf 58' lang='grc' dir='ltr'><strong>τη</strong></span> <span class='ocrx_word' id='word_1_347' title='bbox 1384 4574 1504 4581; x_wconf 68' lang='lat'><strong>---&quot;</strong></span> <span class='ocrx_word' id='word_1_348' title='bbox 1532 4574 1649 4586; x_wconf 75' lang='grc' dir='ltr'><em>νυυυ</em></span> <span class='ocrx_word' id='word_1_349' title='bbox 1688 4574 1796 4606; x_wconf 69' lang='grc' dir='ltr'><strong>σν·-</strong></span> 
     </span>
     <span class='ocr_line' id='line_1_48' title="bbox 172 4574 1796 4681; baseline 0.022 -36"><span class='ocrx_word' id='word_1_350' title='bbox 172 4574 417 4651; x_wconf 85' lang='lat' dir='ltr'><strong>rituales</strong></span> <span class='ocrx_word' id='word_1_351' title='bbox 455 4598 826 4660; x_wconf 90' lang='lat' dir='ltr'><strong>demonstrare</strong></span> <span class='ocrx_word' id='word_1_352' title='bbox 865 4608 1124 4676; x_wconf 88' lang='lat' dir='ltr'><strong>conabor,</strong></span> <span class='ocrx_word' id='word_1_353' title='bbox 1161 4621 1217 4667; x_wconf 91' lang='lat' dir='ltr'><strong>ut</strong></span> <span class='ocrx_word' id='word_1_354' title='bbox 1244 4628 1310 4667; x_wconf 85' lang='lat' dir='ltr'><strong>ex</strong></span> <span class='ocrx_word' id='word_1_355' title='bbox 1345 4614 1796 4681; x_wconf 75' lang='lat' dir='ltr'><strong>demonstratione</strong></span> 
     </span>
    </p>
   </div>
   <div class='ocr_carea' id='block_1_48' title="bbox 185 4687 1794 4779">
    <p class='ocr_par' dir='ltr' id='par_1_48' title="bbox 185 4687 1794 4779">
     <span class='ocr_line' id='line_1_49' title="bbox 185 4687 1794 4779; baseline 0.021 -39"><span class='ocrx_word' id='word_1_356' title='bbox 185 4687 508 4759; x_wconf 86' lang='lat' dir='ltr'><strong>intelligatis</strong></span> <span class='ocrx_word' id='word_1_357' title='bbox 552 4702 698 4749; x_wconf 85' lang='lat' dir='ltr'><strong>tanto</strong></span> <span class='ocrx_word' id='word_1_358' title='bbox 729 4698 981 4754; x_wconf 88' lang='lat' dir='ltr'><strong>meliores</strong></span> <span class='ocrx_word' id='word_1_359' title='bbox 1010 4704 1356 4761; x_wconf 67' lang='lat' dir='ltr'><strong>smcularibus</strong></span> <span class='ocrx_word' id='word_1_360' title='bbox 1398 4710 1794 4779; x_wconf 81' lang='lat' dir='ltr'><strong>magistratibus</strong></span> 
     </span>
    </p>
   </div>
   <div class='ocr_carea' id='block_1_49' title="bbox 184 4782 1792 4866">
    <p class='ocr_par' dir='ltr' id='par_1_49' title="bbox 184 4782 1792 4866">
     <span class='ocr_line' id='line_1_50' title="bbox 184 4782 1792 4866; baseline 0.021 -34"><span class='ocrx_word' id='word_1_361' title='bbox 184 4795 308 4834; x_wconf 83' lang='lat' dir='ltr'><strong>esse</strong></span> <span class='ocrx_word' id='word_1_362' title='bbox 346 4782 641 4849; x_wconf 82' lang='lat' dir='ltr'><strong>Apostolus</strong></span> <span class='ocrx_word' id='word_1_363' title='bbox 671 4827 687 4851; x_wconf 92' lang='lat'><strong>,</strong></span> <span class='ocrx_word' id='word_1_364' title='bbox 733 4800 933 4857; x_wconf 89' lang='lat' dir='ltr'><strong>quanto</strong></span> <span class='ocrx_word' id='word_1_365' title='bbox 973 4792 1076 4861; x_wconf 87' lang='lat' dir='ltr'><strong>ipsi</strong></span> <span class='ocrx_word' id='word_1_366' title='bbox 1120 4796 1461 4865; x_wconf 88' lang='lat' dir='ltr'><strong>magistratus</strong></span> <span class='ocrx_word' id='word_1_367' title='bbox 1510 4808 1792 4866; x_wconf 70' lang='lat' dir='ltr'><strong>szeculares</strong></span> 
     </span>
    </p>
   </div>
   <div class='ocr_carea' id='block_1_50' title="bbox 184 4872 1792 4968">
    <p class='ocr_par' dir='ltr' id='par_1_50' title="bbox 184 4872 1792 4968">
     <span class='ocr_line' id='line_1_51' title="bbox 184 4872 1792 4968; baseline 0.021 -43"><span class='ocrx_word' id='word_1_368' title='bbox 184 4872 495 4929; x_wconf 86' lang='lat' dir='ltr'><strong>ludentibus</strong></span> <span class='ocrx_word' id='word_1_369' title='bbox 526 4879 704 4945; x_wconf 91' lang='lat' dir='ltr'><strong>pueris</strong></span> <span class='ocrx_word' id='word_1_370' title='bbox 728 4884 1073 4942; x_wconf 87' lang='lat' dir='ltr'><strong>antecellunt.</strong></span> <span class='ocrx_word' id='word_1_371' title='bbox 1102 4886 1265 4943; x_wconf 89' lang='lat' dir='ltr'><strong>Multo</strong></span> <span class='ocrx_word' id='word_1_372' title='bbox 1290 4892 1485 4962; x_wconf 87' lang='lat' dir='ltr'><strong>quippe</strong></span> <span class='ocrx_word' id='word_1_373' title='bbox 1514 4900 1792 4968; x_wconf 82' lang='lat' dir='ltr'><strong>magistra-</strong></span> 
     </span>
    </p>
   </div>
   <div class='ocr_carea' id='block_1_51' title="bbox 182 4973 1785 5060">
    <p class='ocr_par' dir='ltr' id='par_1_51' title="bbox 182 4973 1785 5060">
     <span class='ocr_line' id='line_1_52' title="bbox 182 4973 1785 5060; baseline 0.019 -37"><span class='ocrx_word' id='word_1_374' title='bbox 182 4980 263 5025; x_wconf 87' lang='lat' dir='ltr'><strong>tus</strong></span> <span class='ocrx_word' id='word_1_375' title='bbox 288 4973 398 5027; x_wconf 89' lang='lat' dir='ltr'><strong>iste</strong></span> <span class='ocrx_word' id='word_1_376' title='bbox 424 4980 764 5043; x_wconf 65' lang='lat' dir='ltr'><strong>prwstantior</strong></span> <span class='ocrx_word' id='word_1_377' title='bbox 792 4990 874 5037; x_wconf 89' lang='lat' dir='ltr'><strong>est</strong></span> <span class='ocrx_word' id='word_1_378' title='bbox 901 4984 991 5038; x_wconf 84' lang='lat' dir='ltr'><strong>illo</strong></span> <span class='ocrx_word' id='word_1_379' title='bbox 1012 5026 1025 5049; x_wconf 93' lang='lat'><strong>,</strong></span> <span class='ocrx_word' id='word_1_380' title='bbox 1054 4988 1330 5060; x_wconf 74' lang='lat' dir='ltr'><strong>magisque</strong></span> <span class='ocrx_word' id='word_1_381' title='bbox 1358 4995 1516 5047; x_wconf 90' lang='lat' dir='ltr'><strong>vitam</strong></span> <span class='ocrx_word' id='word_1_382' title='bbox 1550 5005 1785 5053; x_wconf 90' lang='lat' dir='ltr'><strong>nostram</strong></span> 
     </span>
    </p>
   </div>
   <div class='ocr_carea' id='block_1_52' title="bbox 177 5065 1785 5160">
    <p class='ocr_par' dir='ltr' id='par_1_52' title="bbox 177 5065 1785 5160">
     <span class='ocr_line' id='line_1_53' title="bbox 177 5065 1785 5160; baseline 0.02 -44"><span class='ocrx_word' id='word_1_383' title='bbox 177 5065 470 5131; x_wconf 85' lang='lat' dir='ltr'><strong>continet,</strong></span> <span class='ocrx_word' id='word_1_384' title='bbox 513 5084 683 5140; x_wconf 83' lang='lat' dir='ltr'><strong>eoque</strong></span> <span class='ocrx_word' id='word_1_385' title='bbox 709 5075 919 5131; x_wconf 87' lang='lat' dir='ltr'><strong>sublato</strong></span> <span class='ocrx_word' id='word_1_386' title='bbox 943 5080 1121 5134; x_wconf 87' lang='lat' dir='ltr'><strong>omnia</strong></span> <span class='ocrx_word' id='word_1_387' title='bbox 1152 5086 1562 5151; x_wconf 87' lang='lat' dir='ltr'><strong>pessumdantur</strong></span> <span class='ocrx_word' id='word_1_388' title='bbox 1591 5102 1643 5144; x_wconf 82' lang='lat' dir='ltr'><strong>et</strong></span> <span class='ocrx_word' id='word_1_389' title='bbox 1691 5108 1785 5160; x_wconf 88' lang='lat' dir='ltr'><strong>pe-</strong></span> 
     </span>
    </p>
   </div>
   <div class='ocr_carea' id='block_1_53' title="bbox 175 5157 1787 5251">
    <p class='ocr_par' dir='ltr' id='par_1_53' title="bbox 175 5157 1787 5251">
     <span class='ocr_line' id='line_1_54' title="bbox 175 5157 1787 5251; baseline 0.02 -42"><span class='ocrx_word' id='word_1_390' title='bbox 175 5166 361 5211; x_wconf 87' lang='lat' dir='ltr'><strong>reunt.</strong></span> <span class='ocrx_word' id='word_1_391' title='bbox 412 5157 689 5225; x_wconf 84' lang='lat' dir='ltr'><strong>Quodnam</strong></span> <span class='ocrx_word' id='word_1_392' title='bbox 735 5165 894 5234; x_wconf 86' lang='lat' dir='ltr'><strong>igitur</strong></span> <span class='ocrx_word' id='word_1_393' title='bbox 932 5177 1018 5224; x_wconf 82' lang='lat' dir='ltr'><strong>est</strong></span> <span class='ocrx_word' id='word_1_394' title='bbox 1064 5175 1406 5243; x_wconf 88' lang='lat' dir='ltr'><strong>magistratus</strong></span> <span class='ocrx_word' id='word_1_395' title='bbox 1436 5178 1644 5251; x_wconf 84' lang='lat' dir='ltr'><strong>insigne</strong></span> <span class='ocrx_word' id='word_1_396' title='bbox 1672 5226 1687 5247; x_wconf 95' lang='lat'><strong>,</strong></span> <span class='ocrx_word' id='word_1_397' title='bbox 1732 5196 1787 5240; x_wconf 91' lang='lat' dir='ltr'><strong>et</strong></span> 
     </span>
    </p>
   </div>
   <div class='ocr_carea' id='block_1_54' title="bbox 172 5258 1781 5343">
    <p class='ocr_par' dir='ltr' id='par_1_54' title="bbox 172 5258 1781 5343">
     <span class='ocr_line' id='line_1_55' title="bbox 172 5258 1781 5343; baseline 0.019 -44"><span class='ocrx_word' id='word_1_398' title='bbox 172 5262 431 5318; x_wconf 78' lang='lat' dir='ltr'><strong>quaenam</strong></span> <span class='ocrx_word' id='word_1_399' title='bbox 462 5262 630 5322; x_wconf 89' lang='lat' dir='ltr'><strong>sunt,</strong></span> <span class='ocrx_word' id='word_1_400' title='bbox 674 5271 794 5326; x_wconf 69' lang='lat' dir='ltr'><strong>qua:</strong></span> <span class='ocrx_word' id='word_1_401' title='bbox 842 5258 1040 5317; x_wconf 87' lang='lat' dir='ltr'><strong>habere</strong></span> <span class='ocrx_word' id='word_1_402' title='bbox 1088 5264 1249 5321; x_wconf 86' lang='lat' dir='ltr'><strong>debet</strong></span> <span class='ocrx_word' id='word_1_403' title='bbox 1275 5268 1363 5324; x_wconf 92' lang='lat' dir='ltr'><strong>hic</strong></span> <span class='ocrx_word' id='word_1_404' title='bbox 1397 5273 1781 5343; x_wconf 73' lang='lat' dir='ltr'><strong>magistratus?</strong></span> 
     </span>
    </p>
   </div>
   <div class='ocr_carea' id='block_1_55' title="bbox 172 5341 1780 5441">
    <p class='ocr_par' dir='ltr' id='par_1_55' title="bbox 172 5341 1780 5441">
     <span class='ocr_line' id='line_1_56' title="bbox 172 5341 1780 5441; baseline 0.019 -45"><span class='ocrx_word' id='word_1_405' title='bbox 172 5341 511 5402; x_wconf 84' lang='lat' dir='ltr'><strong>Potestatem</strong></span> <span class='ocrx_word' id='word_1_406' title='bbox 540 5348 594 5404; x_wconf 84' lang='lat' dir='ltr'><strong>in</strong></span> <span class='ocrx_word' id='word_1_407' title='bbox 624 5364 926 5417; x_wconf 87' lang='lat' dir='ltr'><strong>carcerem,</strong></span> <span class='ocrx_word' id='word_1_408' title='bbox 957 5356 1035 5412; x_wconf 90' lang='lat' dir='ltr'><strong>sic</strong></span> <span class='ocrx_word' id='word_1_409' title='bbox 1062 5368 1120 5414; x_wconf 89' lang='lat' dir='ltr'><strong>ut</strong></span> <span class='ocrx_word' id='word_1_410' title='bbox 1155 5361 1291 5418; x_wconf 87' lang='lat' dir='ltr'><strong>alios</strong></span> <span class='ocrx_word' id='word_1_411' title='bbox 1331 5367 1532 5423; x_wconf 84' lang='lat' dir='ltr'><strong>vincire</strong></span> <span class='ocrx_word' id='word_1_412' title='bbox 1560 5386 1780 5441; x_wconf 81' lang='lat' dir='ltr'><strong>compe-</strong></span> 
     </span>
    </p>
   </div>
   <div class='ocr_carea' id='block_1_56' title="bbox 169 5434 1779 5531">
    <p class='ocr_par' dir='ltr' id='par_1_56' title="bbox 169 5434 1779 5531">
     <span class='ocr_line' id='line_1_57' title="bbox 169 5434 1779 5531; baseline 0.021 -45"><span class='ocrx_word' id='word_1_413' title='bbox 169 5434 330 5490; x_wconf 87' lang='lat' dir='ltr'><strong>dibus</strong></span> <span class='ocrx_word' id='word_1_414' title='bbox 351 5476 372 5503; x_wconf 90' lang='lat'><strong>,</strong></span> <span class='ocrx_word' id='word_1_415' title='bbox 403 5439 537 5493; x_wconf 88' lang='lat' dir='ltr'><strong>alios</strong></span> <span class='ocrx_word' id='word_1_416' title='bbox 557 5441 795 5508; x_wconf 88' lang='lat' dir='ltr'><strong>solvere,</strong></span> <span class='ocrx_word' id='word_1_417' title='bbox 821 5446 954 5503; x_wconf 85' lang='lat' dir='ltr'><strong>alios</strong></span> <span class='ocrx_word' id='word_1_418' title='bbox 982 5448 1229 5517; x_wconf 85' lang='lat' dir='ltr'><strong>educere,</strong></span> <span class='ocrx_word' id='word_1_419' title='bbox 1257 5457 1393 5513; x_wconf 89' lang='lat' dir='ltr'><strong>alios</strong></span> <span class='ocrx_word' id='word_1_420' title='bbox 1416 5464 1584 5530; x_wconf 74' lang='lat' dir='ltr'><strong>possit</strong></span> <span class='ocrx_word' id='word_1_421' title='bbox 1610 5464 1779 5531; x_wconf 89' lang='lat' dir='ltr'><strong>conji—</strong></span> 
     </span>
    </p>
   </div>
   <div class='ocr_carea' id='block_1_57' title="bbox 167 5537 1778 5624">
    <p class='ocr_par' dir='ltr' id='par_1_57' title="bbox 167 5537 1778 5624">
     <span class='ocr_line' id='line_1_58' title="bbox 167 5537 1778 5624; baseline 0.019 -43"><span class='ocrx_word' id='word_1_422' title='bbox 167 5541 292 5584; x_wconf 84' lang='lat' dir='ltr'><strong>cere</strong></span> <span class='ocrx_word' id='word_1_423' title='bbox 323 5547 341 5584; x_wconf 92' lang='lat'><strong>:</strong></span> <span class='ocrx_word' id='word_1_424' title='bbox 372 5546 559 5588; x_wconf 88' lang='lat' dir='ltr'><strong>rursus</strong></span> <span class='ocrx_word' id='word_1_425' title='bbox 582 5537 924 5603; x_wconf 84' lang='lat' dir='ltr'><strong>pecuniarum</strong></span> <span class='ocrx_word' id='word_1_426' title='bbox 944 5541 1121 5597; x_wconf 86' lang='lat' dir='ltr'><strong>debita</strong></span> <span class='ocrx_word' id='word_1_427' title='bbox 1144 5546 1436 5613; x_wconf 86' lang='lat' dir='ltr'><strong>dimittere.</strong></span> <span class='ocrx_word' id='word_1_428' title='bbox 1465 5565 1625 5624; x_wconf 86' lang='lat' dir='ltr'><strong>atque</strong></span> <span class='ocrx_word' id='word_1_429' title='bbox 1647 5558 1778 5613; x_wconf 90' lang='lat' dir='ltr'><strong>alios</strong></span> 
     </span>
    </p>
   </div>
   <div class='ocr_carea' id='block_1_58' title="bbox 166 5620 1777 5717">
    <p class='ocr_par' dir='ltr' id='par_1_58' title="bbox 166 5620 1777 5717">
     <span class='ocr_line' id='line_1_59' title="bbox 166 5620 1777 5717; baseline 0.02 -46"><span class='ocrx_word' id='word_1_430' title='bbox 166 5624 255 5686; x_wconf 80' lang='lat' dir='ltr'><strong>qui</strong></span> <span class='ocrx_word' id='word_1_431' title='bbox 285 5620 511 5678; x_wconf 70' lang='lat' dir='ltr'><strong>obnoxii</strong></span> <span class='ocrx_word' id='word_1_432' title='bbox 539 5636 692 5680; x_wconf 87' lang='lat' dir='ltr'><strong>erant</strong></span> <span class='ocrx_word' id='word_1_433' title='bbox 721 5628 1033 5696; x_wconf 80' lang='lat' dir='ltr'><strong>absolvere,</strong></span> <span class='ocrx_word' id='word_1_434' title='bbox 1066 5635 1185 5692; x_wconf 88' lang='lat' dir='ltr'><strong>aliis</strong></span> <span class='ocrx_word' id='word_1_435' title='bbox 1216 5650 1269 5694; x_wconf 90' lang='lat' dir='ltr'><strong>ut</strong></span> <span class='ocrx_word' id='word_1_436' title='bbox 1298 5620 1581 5701; x_wconf 80' lang='lat' dir='ltr'><strong>restituant</strong></span> <span class='ocrx_word' id='word_1_437' title='bbox 1610 5648 1777 5717; x_wconf 82' lang='lat' dir='ltr'><strong>impe-</strong></span> 
     </span>
    </p>
   </div>
   <div class='ocr_carea' id='block_1_59' title="bbox 168 5714 1775 5797">
    <p class='ocr_par' dir='ltr' id='par_1_59' title="bbox 168 5714 1775 5797">
     <span class='ocr_line' id='line_1_60' title="bbox 168 5714 1775 5797; baseline 0.022 -36"><span class='ocrx_word' id='word_1_438' title='bbox 168 5725 310 5777; x_wconf 84' lang='lat' dir='ltr'><strong>rare,</strong></span> <span class='ocrx_word' id='word_1_439' title='bbox 337 5727 407 5767; x_wconf 84' lang='lat' dir='ltr'><strong>ex</strong></span> <span class='ocrx_word' id='word_1_440' title='bbox 452 5714 619 5784; x_wconf 86' lang='lat' dir='ltr'><strong>ipsius</strong></span> <span class='ocrx_word' id='word_1_441' title='bbox 668 5720 863 5788; x_wconf 87' lang='lat' dir='ltr'><strong>pendet</strong></span> <span class='ocrx_word' id='word_1_442' title='bbox 909 5725 1175 5783; x_wconf 89' lang='lat' dir='ltr'><strong>arbitrio:</strong></span> <span class='ocrx_word' id='word_1_443' title='bbox 1205 5732 1270 5785; x_wconf 91' lang='lat' dir='ltr'><strong>ad</strong></span> <span class='ocrx_word' id='word_1_444' title='bbox 1320 5748 1547 5795; x_wconf 87' lang='lat' dir='ltr'><strong>mortem</strong></span> <span class='ocrx_word' id='word_1_445' title='bbox 1592 5756 1775 5797; x_wconf 83' lang='lat' dir='ltr'><strong>rursus</strong></span> 
     </span>
    </p>
   </div>
   <div class='ocr_carea' id='block_1_60' title="bbox 168 5800 1770 5899">
    <p class='ocr_par' dir='ltr' id='par_1_60' title="bbox 168 5800 1770 5899">
     <span class='ocr_line' id='line_1_61' title="bbox 168 5800 1770 5899; baseline 0.023 -44"><span class='ocrx_word' id='word_1_446' title='bbox 168 5800 473 5872; x_wconf 61' lang='lat' dir='ltr'><strong>abducere,</strong></span> <span class='ocrx_word' id='word_1_447' title='bbox 514 5815 675 5878; x_wconf 83' lang='lat' dir='ltr'><strong>atque</strong></span> <span class='ocrx_word' id='word_1_448' title='bbox 703 5823 732 5864; x_wconf 85' lang='lat' dir='ltr'><strong>a</strong></span> <span class='ocrx_word' id='word_1_449' title='bbox 764 5822 936 5873; x_wconf 89' lang='lat' dir='ltr'><strong>morte</strong></span> <span class='ocrx_word' id='word_1_450' title='bbox 985 5832 1241 5878; x_wconf 87' lang='lat' dir='ltr'><strong>revocare</strong></span> <span class='ocrx_word' id='word_1_451' title='bbox 1272 5840 1284 5877; x_wconf 89' lang='lat'><strong>:</strong></span> <span class='ocrx_word' id='word_1_452' title='bbox 1319 5826 1400 5882; x_wconf 86' lang='lat' dir='ltr'><strong>vel</strong></span> <span class='ocrx_word' id='word_1_453' title='bbox 1448 5830 1625 5899; x_wconf 85' lang='lat' dir='ltr'><strong>potius</strong></span> <span class='ocrx_word' id='word_1_454' title='bbox 1670 5832 1770 5891; x_wconf 90' lang='lat' dir='ltr'><strong>hoc</strong></span> 
     </span>
    </p>
   </div>
   <div class='ocr_carea' id='block_1_61' title="bbox 1964 498 3551 608">
    <p class='ocr_par' dir='ltr' id='par_1_61' title="bbox 1964 498 3551 608">
     <span class='ocr_line' id='line_1_62' title="bbox 1964 498 3551 608; baseline 0.03 -61"><span class='ocrx_word' id='word_1_455' title='bbox 1964 498 2306 568; x_wconf 80' lang='lat' dir='ltr'><strong>magistratus</strong></span> <span class='ocrx_word' id='word_1_456' title='bbox 2335 521 2443 560; x_wconf 91' lang='lat' dir='ltr'><strong>non</strong></span> <span class='ocrx_word' id='word_1_457' title='bbox 2468 519 2570 576; x_wconf 92' lang='lat' dir='ltr'><strong>est,</strong></span> <span class='ocrx_word' id='word_1_458' title='bbox 2599 513 2691 567; x_wconf 91' lang='lat' dir='ltr'><strong>sed</strong></span> <span class='ocrx_word' id='word_1_459' title='bbox 2721 514 3059 585; x_wconf 87' lang='lat' dir='ltr'><strong>Imperatoris</strong></span> <span class='ocrx_word' id='word_1_460' title='bbox 3087 528 3252 584; x_wconf 88' lang='lat' dir='ltr'><strong>solius</strong></span> <span class='ocrx_word' id='word_1_461' title='bbox 3283 549 3297 586; x_wconf 91' lang='lat'><strong>:</strong></span> <span class='ocrx_word' id='word_1_462' title='bbox 3332 535 3411 590; x_wconf 89' lang='lat' dir='ltr'><strong>vel</strong></span> <span class='ocrx_word' id='word_1_463' title='bbox 3452 553 3551 608; x_wconf 90' lang='lat' dir='ltr'><strong>po-</strong></span> 
     </span>
    </p>
   </div>
   <div class='ocr_carea' id='block_1_62' title="bbox 1965 587 3547 686">
    <p class='ocr_par' dir='ltr' id='par_1_62' title="bbox 1965 587 3547 686">
     <span class='ocr_line' id='line_1_63' title="bbox 3372 587 3518 608; baseline 0.021 -19"><span class='ocrx_word' id='word_1_464' title='bbox 3372 587 3410 590; x_wconf 85' lang='lat'>__</span> <span class='ocrx_word' id='word_1_465' title='bbox 3452 587 3518 608; x_wconf 57' lang='grc' dir='ltr'><strong>Γ-</strong></span> 
     </span>
     <span class='ocr_line' id='line_1_64' title="bbox 1965 587 3547 686; baseline 0.03 -47"><span class='ocrx_word' id='word_1_466' title='bbox 1965 587 2070 642; x_wconf 85' lang='lat' dir='ltr'><strong>tius</strong></span> <span class='ocrx_word' id='word_1_467' title='bbox 2095 606 2162 645; x_wconf 88' lang='lat' dir='ltr'><strong>ne</strong></span> <span class='ocrx_word' id='word_1_468' title='bbox 2191 591 2527 663; x_wconf 88' lang='lat' dir='ltr'><strong>Imperatoris</strong></span> <span class='ocrx_word' id='word_1_469' title='bbox 2552 603 2762 672; x_wconf 92' lang='lat' dir='ltr'><strong>quidem</strong></span> <span class='ocrx_word' id='word_1_470' title='bbox 2789 620 2868 663; x_wconf 83' lang='lat' dir='ltr'><strong>est</strong></span> <span class='ocrx_word' id='word_1_471' title='bbox 2895 612 3154 685; x_wconf 87' lang='lat' dir='ltr'><strong>integrum</strong></span> <span class='ocrx_word' id='word_1_472' title='bbox 3186 621 3404 680; x_wconf 89' lang='lat' dir='ltr'><strong>donum.</strong></span> <span class='ocrx_word' id='word_1_473' title='bbox 3436 629 3547 686; x_wconf 84' lang='lat' dir='ltr'><strong>Ne-</strong></span> 
     </span>
    </p>
   </div>
   <div class='ocr_carea' id='block_1_63' title="bbox 1961 682 3545 787">
    <p class='ocr_par' dir='ltr' id='par_1_63' title="bbox 1961 682 3545 787">
     <span class='ocr_line' id='line_1_65' title="bbox 1961 682 3545 787; baseline 0.03 -57"><span class='ocrx_word' id='word_1_474' title='bbox 1961 694 2064 746; x_wconf 89' lang='lat' dir='ltr'><strong>que</strong></span> <span class='ocrx_word' id='word_1_475' title='bbox 2084 682 2225 735; x_wconf 91' lang='lat' dir='ltr'><strong>enim</strong></span> <span class='ocrx_word' id='word_1_476' title='bbox 2250 698 2508 745; x_wconf 88' lang='lat' dir='ltr'><strong>revocata</strong></span> <span class='ocrx_word' id='word_1_477' title='bbox 2532 704 2705 750; x_wconf 90' lang='lat' dir='ltr'><strong>morte</strong></span> <span class='ocrx_word' id='word_1_478' title='bbox 2723 698 3050 773; x_wconf 79' lang='lat' dir='ltr'><strong>defunctum,</strong></span> <span class='ocrx_word' id='word_1_479' title='bbox 3065 709 3157 763; x_wconf 90' lang='lat' dir='ltr'><strong>sed</strong></span> <span class='ocrx_word' id='word_1_480' title='bbox 3176 728 3296 768; x_wconf 92' lang='lat' dir='ltr'><strong>eum</strong></span> <span class='ocrx_word' id='word_1_481' title='bbox 3322 725 3545 787; x_wconf 74' lang='lat' dir='ltr'><strong>tantum,</strong></span> 
     </span>
    </p>
   </div>
   <div class='ocr_carea' id='block_1_64' title="bbox 1959 769 3550 871">
    <p class='ocr_par' dir='ltr' id='par_1_64' title="bbox 1959 769 3550 871">
     <span class='ocr_line' id='line_1_66' title="bbox 1959 769 3550 871; baseline 0.032 -53"><span class='ocrx_word' id='word_1_482' title='bbox 1959 769 2049 838; x_wconf 87' lang='lat' dir='ltr'><strong>qui</strong></span> <span class='ocrx_word' id='word_1_483' title='bbox 2075 772 2390 845; x_wconf 89' lang='lat' dir='ltr'><strong>abducitur,</strong></span> <span class='ocrx_word' id='word_1_484' title='bbox 2430 795 2492 836; x_wconf 88' lang='lat' dir='ltr'><strong>ac</strong></span> <span class='ocrx_word' id='word_1_485' title='bbox 2538 790 2858 845; x_wconf 87' lang='lat' dir='ltr'><strong>sententiam</strong></span> <span class='ocrx_word' id='word_1_486' title='bbox 2886 796 3101 863; x_wconf 90' lang='lat' dir='ltr'><strong>quidem</strong></span> <span class='ocrx_word' id='word_1_487' title='bbox 3141 814 3311 871; x_wconf 87' lang='lat' dir='ltr'><strong>potest</strong></span> <span class='ocrx_word' id='word_1_488' title='bbox 3343 812 3550 868; x_wconf 87' lang='lat' dir='ltr'><strong>rescin-</strong></span> 
     </span>
    </p>
   </div>
   <div class='ocr_carea' id='block_1_65' title="bbox 1959 860 3548 967">
    <p class='ocr_par' dir='ltr' id='par_1_65' title="bbox 1959 860 3548 967">
     <span class='ocr_line' id='line_1_67' title="bbox 1959 860 3548 967; baseline 0.03 -54"><span class='ocrx_word' id='word_1_489' title='bbox 1959 860 2086 917; x_wconf 83' lang='lat' dir='ltr'><strong>dere</strong></span> <span class='ocrx_word' id='word_1_490' title='bbox 2107 903 2121 926; x_wconf 97' lang='lat'><strong>,</strong></span> <span class='ocrx_word' id='word_1_491' title='bbox 2150 865 2243 920; x_wconf 89' lang='lat' dir='ltr'><strong>sed</strong></span> <span class='ocrx_word' id='word_1_492' title='bbox 2271 884 2375 923; x_wconf 91' lang='lat' dir='ltr'><strong>non</strong></span> <span class='ocrx_word' id='word_1_493' title='bbox 2408 883 2580 940; x_wconf 90' lang='lat' dir='ltr'><strong>potest</strong></span> <span class='ocrx_word' id='word_1_494' title='bbox 2605 892 2634 931; x_wconf 91' lang='lat' dir='ltr'><strong>a</strong></span> <span class='ocrx_word' id='word_1_495' title='bbox 2666 892 2837 939; x_wconf 91' lang='lat' dir='ltr'><strong>morte</strong></span> <span class='ocrx_word' id='word_1_496' title='bbox 2865 860 3115 946; x_wconf 82' lang='lat' dir='ltr'><strong>revocare</strong></span> <span class='ocrx_word' id='word_1_497' title='bbox 3146 895 3163 924; x_wconf 79' lang='grc' dir='ltr'>ί</span> <span class='ocrx_word' id='word_1_498' title='bbox 3194 910 3209 959; x_wconf 90' lang='grc'>;</span> <span class='ocrx_word' id='word_1_499' title='bbox 3240 906 3398 967; x_wconf 88' lang='lat' dir='ltr'><strong>atque</strong></span> <span class='ocrx_word' id='word_1_500' title='bbox 3421 904 3548 960; x_wconf 88' lang='lat' dir='ltr'><strong>illud</strong></span> 
     </span>
    </p>
   </div>
   <div class='ocr_carea' id='block_1_66' title="bbox 1962 953 3561 1052">
    <p class='ocr_par' dir='ltr' id='par_1_66' title="bbox 1962 953 3561 1052">
     <span class='ocr_line' id='line_1_68' title="bbox 1962 953 3561 1052; baseline 0.031 -49"><span class='ocrx_word' id='word_1_501' title='bbox 1962 953 2173 1019; x_wconf 91' lang='lat' dir='ltr'><strong>quidem</strong></span> <span class='ocrx_word' id='word_1_502' title='bbox 2223 957 2386 1015; x_wconf 89' lang='lat' dir='ltr'><strong>habet</strong></span> <span class='ocrx_word' id='word_1_503' title='bbox 2431 967 2572 1033; x_wconf 90' lang='lat' dir='ltr'><strong>quod</strong></span> <span class='ocrx_word' id='word_1_504' title='bbox 2599 969 2835 1028; x_wconf 89' lang='lat' dir='ltr'><strong>deterius</strong></span> <span class='ocrx_word' id='word_1_505' title='bbox 2864 987 2946 1032; x_wconf 88' lang='lat' dir='ltr'><strong>est</strong></span> <span class='ocrx_word' id='word_1_506' title='bbox 2970 1022 2984 1045; x_wconf 94' lang='lat'><strong>,</strong></span> <span class='ocrx_word' id='word_1_507' title='bbox 3017 997 3083 1037; x_wconf 88' lang='lat' dir='ltr'><strong>eo</strong></span> <span class='ocrx_word' id='word_1_508' title='bbox 3111 1000 3239 1041; x_wconf 87' lang='lat' dir='ltr'><strong>vero</strong></span> <span class='ocrx_word' id='word_1_509' title='bbox 3263 953 3561 1052; x_wconf 74' lang='lat' dir='ltr'><strong>destitutus&#39;</strong></span> 
     </span>
    </p>
   </div>
   <div class='ocr_carea' id='block_1_67' title="bbox 1956 1051 3547 1149">
    <p class='ocr_par' dir='ltr' id='par_1_67' title="bbox 1956 1051 3547 1149">
     <span class='ocr_line' id='line_1_69' title="bbox 1956 1051 3547 1149; baseline 0.033 -54"><span class='ocrx_word' id='word_1_510' title='bbox 1956 1051 2077 1110; x_wconf 88' lang='lat' dir='ltr'><strong>est,</strong></span> <span class='ocrx_word' id='word_1_511' title='bbox 2110 1051 2250 1116; x_wconf 91' lang='lat' dir='ltr'><strong>quod</strong></span> <span class='ocrx_word' id='word_1_512' title='bbox 2279 1062 2360 1106; x_wconf 88' lang='lat' dir='ltr'><strong>est</strong></span> <span class='ocrx_word' id='word_1_513' title='bbox 2410 1063 2767 1123; x_wconf 70' lang='lat' dir='ltr'><strong>praestantius.</strong></span> <span class='ocrx_word' id='word_1_514' title='bbox 2813 1068 3017 1127; x_wconf 86' lang='lat' dir='ltr'><strong>Rursus</strong></span> <span class='ocrx_word' id='word_1_515' title='bbox 3066 1081 3431 1149; x_wconf 83' lang='lat' dir='ltr'><strong>magistratum</strong></span> <span class='ocrx_word' id='word_1_516' title='bbox 3481 1108 3547 1146; x_wconf 79' lang='lat' dir='ltr'><strong>ex</strong></span> 
     </span>
    </p>
   </div>
   <div class='ocr_carea' id='block_1_68' title="bbox 1956 1138 3545 1251">
    <p class='ocr_par' dir='ltr' id='par_1_68' title="bbox 1956 1138 3545 1251">
     <span class='ocr_line' id='line_1_70' title="bbox 1956 1138 3545 1251; baseline 0.031 -61"><span class='ocrx_word' id='word_1_517' title='bbox 1956 1138 2166 1208; x_wconf 88' lang='lat' dir='ltr'><strong>cingqu</strong></span> <span class='ocrx_word' id='word_1_518' title='bbox 2186 1146 2531 1219; x_wconf 63' lang='lat' dir='ltr'><strong>aestimamus,</strong></span> <span class='ocrx_word' id='word_1_519' title='bbox 2561 1171 2625 1209; x_wconf 87' lang='lat' dir='ltr'><strong>ex</strong></span> <span class='ocrx_word' id='word_1_520' title='bbox 2657 1174 2787 1214; x_wconf 89' lang='lat' dir='ltr'><strong>voce</strong></span> <span class='ocrx_word' id='word_1_521' title='bbox 2808 1170 3088 1236; x_wconf 63' lang='lat' dir='ltr'><strong>prmconis,</strong></span> <span class='ocrx_word' id='word_1_522' title='bbox 3116 1188 3180 1227; x_wconf 83' lang='lat' dir='ltr'><strong>ex</strong></span> <span class='ocrx_word' id='word_1_523' title='bbox 3209 1180 3545 1251; x_wconf 85' lang='lat' dir='ltr'><strong>satellitibus,</strong></span> 
     </span>
    </p>
   </div>
   <div class='ocr_carea' id='block_1_69' title="bbox 1955 1244 3547 1340">
    <p class='ocr_par' dir='ltr' id='par_1_69' title="bbox 1955 1244 3547 1340">
     <span class='ocr_line' id='line_1_71' title="bbox 1955 1244 3547 1340; baseline 0.03 -55"><span class='ocrx_word' id='word_1_524' title='bbox 1955 1244 2019 1285; x_wconf 79' lang='lat' dir='ltr'><strong>ex</strong></span> <span class='ocrx_word' id='word_1_525' title='bbox 2052 1249 2251 1302; x_wconf 89' lang='lat' dir='ltr'><strong>curru,</strong></span> <span class='ocrx_word' id='word_1_526' title='bbox 2284 1257 2347 1294; x_wconf 83' lang='lat' dir='ltr'><strong>ex</strong></span> <span class='ocrx_word' id='word_1_527' title='bbox 2392 1244 2612 1312; x_wconf 88' lang='lat' dir='ltr'><strong>gladio;</strong></span> <span class='ocrx_word' id='word_1_528' title='bbox 2647 1250 2758 1307; x_wconf 66' lang='lat' dir='ltr'><strong>haec</strong></span> <span class='ocrx_word' id='word_1_529' title='bbox 2806 1259 2947 1313; x_wconf 87' lang='lat' dir='ltr'><strong>enim</strong></span> <span class='ocrx_word' id='word_1_530' title='bbox 2991 1265 3165 1318; x_wconf 88' lang='lat' dir='ltr'><strong>omnia</strong></span> <span class='ocrx_word' id='word_1_531' title='bbox 3209 1273 3547 1340; x_wconf 82' lang='lat' dir='ltr'><strong>magistratus</strong></span> 
     </span>
    </p>
   </div>
   <div class='ocr_carea' id='block_1_70' title="bbox 1955 1324 3542 1430">
    <p class='ocr_par' dir='ltr' id='par_1_70' title="bbox 1955 1324 3542 1430">
     <span class='ocr_line' id='line_1_72' title="bbox 1955 1324 3542 1430; baseline 0.032 -58"><span class='ocrx_word' id='word_1_532' title='bbox 1955 1330 2080 1376; x_wconf 86' lang='lat' dir='ltr'><strong>sunt</strong></span> <span class='ocrx_word' id='word_1_533' title='bbox 2126 1324 2370 1399; x_wconf 84' lang='lat' dir='ltr'><strong>insignia.</strong></span> <span class='ocrx_word' id='word_1_534' title='bbox 2435 1336 2714 1397; x_wconf 80' lang='lat' dir='ltr'><strong>Videamus</strong></span> <span class='ocrx_word' id='word_1_535' title='bbox 2769 1347 2926 1417; x_wconf 88' lang='lat' dir='ltr'><strong>igitur</strong></span> <span class='ocrx_word' id='word_1_536' title='bbox 2980 1370 3106 1409; x_wconf 92' lang='lat' dir='ltr'><strong>num</strong></span> <span class='ocrx_word' id='word_1_537' title='bbox 3164 1324 3542 1430; x_wconf 60' lang='lat' dir='ltr'><strong>Aposutolorum</strong></span> 
     </span>
    </p>
   </div>
   <div class='ocr_carea' id='block_1_71' title="bbox 1954 1414 3547 1517">
    <p class='ocr_par' dir='ltr' id='par_1_71' title="bbox 1954 1414 3547 1517">
     <span class='ocr_line' id='line_1_73' title="bbox 1954 1414 3547 1517; baseline 0.033 -53"><span class='ocrx_word' id='word_1_538' title='bbox 1954 1414 2110 1469; x_wconf 88' lang='lat' dir='ltr'><strong>etiam</strong></span> <span class='ocrx_word' id='word_1_539' title='bbox 2159 1424 2495 1491; x_wconf 85' lang='lat' dir='ltr'><strong>magistratus</strong></span> <span class='ocrx_word' id='word_1_540' title='bbox 2539 1430 2655 1487; x_wconf 74' lang='lat' dir='ltr'><strong>1)ch</strong></span> <span class='ocrx_word' id='word_1_541' title='bbox 2701 1414 2891 1495; x_wconf 78' lang='lat' dir='ltr'><strong>habeat</strong></span> <span class='ocrx_word' id='word_1_542' title='bbox 2935 1444 3161 1517; x_wconf 86' lang='lat' dir='ltr'><strong>insignia</strong></span> <span class='ocrx_word' id='word_1_543' title='bbox 3196 1414 3229 1501; x_wconf 51' lang='grc' dir='ltr'><strong>τι</strong></span> <span class='ocrx_word' id='word_1_544' title='bbox 3251 1453 3411 1512; x_wconf 86' lang='lat' dir='ltr'><strong>habet</strong></span> <span class='ocrx_word' id='word_1_545' title='bbox 3457 1461 3547 1517; x_wconf 86' lang='lat' dir='ltr'><strong>ille</strong></span> 
     </span>
    </p>
   </div>
   <div class='ocr_carea' id='block_1_72' title="bbox 1953 1506 3542 1615">
    <p class='ocr_par' dir='ltr' id='par_1_72' title="bbox 1953 1506 3542 1615">
     <span class='ocr_line' id='line_1_74' title="bbox 1953 1506 3542 1615; baseline 0.033 -59"><span class='ocrx_word' id='word_1_546' title='bbox 1953 1506 2171 1574; x_wconf 88' lang='lat' dir='ltr'><strong>quidem</strong></span> <span class='ocrx_word' id='word_1_547' title='bbox 2196 1553 2209 1576; x_wconf 95' lang='lat'><strong>,</strong></span> <span class='ocrx_word' id='word_1_548' title='bbox 2245 1516 2337 1569; x_wconf 90' lang='lat' dir='ltr'><strong>sed</strong></span> <span class='ocrx_word' id='word_1_549' title='bbox 2366 1534 2469 1573; x_wconf 93' lang='lat' dir='ltr'><strong>non</strong></span> <span class='ocrx_word' id='word_1_550' title='bbox 2513 1525 2633 1579; x_wconf 89' lang='lat' dir='ltr'><strong>talia</strong></span> <span class='ocrx_word' id='word_1_551' title='bbox 2661 1569 2675 1592; x_wconf 94' lang='lat'><strong>,</strong></span> <span class='ocrx_word' id='word_1_552' title='bbox 2705 1546 2886 1588; x_wconf 91' lang='lat' dir='ltr'><strong>verum</strong></span> <span class='ocrx_word' id='word_1_553' title='bbox 2942 1542 3109 1595; x_wconf 88' lang='lat' dir='ltr'><strong>multo</strong></span> <span class='ocrx_word' id='word_1_554' title='bbox 3153 1553 3542 1615; x_wconf 61' lang='lat' dir='ltr'><strong>praestantiora.</strong></span> 
     </span>
    </p>
   </div>
   <div class='ocr_carea' id='block_1_73' title="bbox 1952 1599 3543 1708">
    <p class='ocr_par' dir='ltr' id='par_1_73' title="bbox 1952 1599 3543 1708">
     <span class='ocr_line' id='line_1_75' title="bbox 1952 1599 3543 1708; baseline 0.032 -58"><span class='ocrx_word' id='word_1_555' title='bbox 1952 1599 2125 1670; x_wconf 81' lang='lat' dir='ltr'><strong>Atque</strong></span> <span class='ocrx_word' id='word_1_556' title='bbox 2144 1616 2199 1658; x_wconf 91' lang='lat' dir='ltr'><strong>ut</strong></span> <span class='ocrx_word' id='word_1_557' title='bbox 2217 1606 2481 1682; x_wconf 86' lang='lat' dir='ltr'><strong>intelligas</strong></span> <span class='ocrx_word' id='word_1_558' title='bbox 2496 1615 2610 1673; x_wconf 64' lang='lat' dir='ltr'><strong>haec</strong></span> <span class='ocrx_word' id='word_1_559' title='bbox 2625 1623 2836 1689; x_wconf 89' lang='lat' dir='ltr'><strong>quidem</strong></span> <span class='ocrx_word' id='word_1_560' title='bbox 2857 1644 3034 1686; x_wconf 90' lang='lat' dir='ltr'><strong>rerum</strong></span> <span class='ocrx_word' id='word_1_561' title='bbox 3062 1650 3182 1691; x_wconf 90' lang='lat' dir='ltr'><strong>esse</strong></span> <span class='ocrx_word' id='word_1_562' title='bbox 3200 1642 3436 1708; x_wconf 87' lang='lat' dir='ltr'><strong>nomina,</strong></span> <span class='ocrx_word' id='word_1_563' title='bbox 3458 1646 3543 1700; x_wconf 88' lang='lat' dir='ltr'><strong>illa</strong></span> 
     </span>
    </p>
   </div>
   <div class='ocr_carea' id='block_1_74' title="bbox 1953 1702 3545 1807">
    <p class='ocr_par' dir='ltr' id='par_1_74' title="bbox 1953 1702 3545 1807">
     <span class='ocr_line' id='line_1_76' title="bbox 1953 1702 3545 1807; baseline 0.033 -67"><span class='ocrx_word' id='word_1_564' title='bbox 1953 1702 2080 1744; x_wconf 90' lang='lat' dir='ltr'><strong>vero</strong></span> <span class='ocrx_word' id='word_1_565' title='bbox 2112 1709 2287 1751; x_wconf 90' lang='lat' dir='ltr'><strong>rerum</strong></span> <span class='ocrx_word' id='word_1_566' title='bbox 2312 1703 2589 1761; x_wconf 90' lang='lat' dir='ltr'><strong>veritatem</strong></span> <span class='ocrx_word' id='word_1_567' title='bbox 2609 1727 2622 1762; x_wconf 93' lang='lat'><strong>:</strong></span> <span class='ocrx_word' id='word_1_568' title='bbox 2640 1720 2696 1766; x_wconf 93' lang='lat' dir='ltr'><strong>ut</strong></span> <span class='ocrx_word' id='word_1_569' title='bbox 2721 1719 2861 1783; x_wconf 92' lang='lat' dir='ltr'><strong>quod</strong></span> <span class='ocrx_word' id='word_1_570' title='bbox 2882 1720 3251 1784; x_wconf 90' lang='lat' dir='ltr'><strong>sitdiscrimcn</strong></span> <span class='ocrx_word' id='word_1_571' title='bbox 3280 1733 3545 1807; x_wconf 88' lang='lat' dir='ltr'><strong>intelligas</strong></span> 
     </span>
    </p>
   </div>
   <div class='ocr_carea' id='block_1_75' title="bbox 1954 1780 3542 1902">
    <p class='ocr_par' dir='ltr' id='par_1_75' title="bbox 1954 1780 3542 1902">
     <span class='ocr_line' id='line_1_77' title="bbox 2739 1780 3542 1807; baseline 0.022 -32"><span class='ocrx_word' id='word_1_572' title='bbox 2739 1780 2751 1783; x_wconf 99' lang='lat'>_</span> <span class='ocrx_word' id='word_1_573' title='bbox 3280 1780 3542 1807; x_wconf 65' lang='lat'><strong>-.---...,,....</strong></span> 
     </span>
     <span class='ocr_line' id='line_1_78' title="bbox 1954 1780 3542 1902; baseline 0.035 -69"><span class='ocrx_word' id='word_1_574' title='bbox 1954 1780 2093 1837; x_wconf 90' lang='lat' dir='ltr'><strong>inter</strong></span> <span class='ocrx_word' id='word_1_575' title='bbox 2113 1800 2309 1854; x_wconf 90' lang='lat' dir='ltr'><strong>pueros</strong></span> <span class='ocrx_word' id='word_1_576' title='bbox 2337 1795 2425 1862; x_wconf 90' lang='lat' dir='ltr'><strong>qui</strong></span> <span class='ocrx_word' id='word_1_577' title='bbox 2455 1802 2792 1870; x_wconf 83' lang='lat' dir='ltr'><strong>magistratus</strong></span> <span class='ocrx_word' id='word_1_578' title='bbox 2823 1810 3012 1871; x_wconf 88' lang='lat' dir='ltr'><strong>ludunt</strong></span> <span class='ocrx_word' id='word_1_579' title='bbox 3040 1829 3093 1873; x_wconf 91' lang='lat' dir='ltr'><strong>et</strong></span> <span class='ocrx_word' id='word_1_580' title='bbox 3116 1836 3210 1877; x_wconf 91' lang='lat' dir='ltr'><strong>eos</strong></span> <span class='ocrx_word' id='word_1_581' title='bbox 3238 1828 3328 1895; x_wconf 91' lang='lat' dir='ltr'><strong>qui</strong></span> <span class='ocrx_word' id='word_1_582' title='bbox 3372 1833 3542 1902; x_wconf 88' lang='lat' dir='ltr'><strong>magi-</strong></span> 
     </span>
    </p>
   </div>
   <div class='ocr_carea' id='block_1_76' title="bbox 1950 1884 3543 1977">
    <p class='ocr_par' dir='ltr' id='par_1_76' title="bbox 1950 1884 3543 1977">
     <span class='ocr_line' id='line_1_79' title="bbox 1950 1884 3543 1977; baseline 0.035 -53"><span class='ocrx_word' id='word_1_583' title='bbox 1950 1884 2164 1943; x_wconf 80' lang='lat' dir='ltr'><strong>SIratus,</strong></span> <span class='ocrx_word' id='word_1_584' title='bbox 2209 1896 2437 1953; x_wconf 88' lang='lat' dir='ltr'><strong>gerunt;</strong></span> <span class='ocrx_word' id='word_1_585' title='bbox 2465 1904 2528 1944; x_wconf 89' lang='lat' dir='ltr'><strong>ac</strong></span> <span class='ocrx_word' id='word_1_586' title='bbox 2557 1894 2600 1947; x_wconf 92' lang='lat' dir='ltr'><strong>si</strong></span> <span class='ocrx_word' id='word_1_587' title='bbox 2632 1897 2823 1966; x_wconf 91' lang='lat' dir='ltr'><strong>placet,</strong></span> <span class='ocrx_word' id='word_1_588' title='bbox 2856 1920 2883 1955; x_wconf 90' lang='lat' dir='ltr'><strong>a</strong></span> <span class='ocrx_word' id='word_1_589' title='bbox 2916 1921 3134 1967; x_wconf 89' lang='lat' dir='ltr'><strong>carcere</strong></span> <span class='ocrx_word' id='word_1_590' title='bbox 3174 1915 3380 1975; x_wconf 88' lang='lat' dir='ltr'><strong>initium</strong></span> <span class='ocrx_word' id='word_1_591' title='bbox 3410 1939 3543 1977; x_wconf 87' lang='lat' dir='ltr'><strong>enu-</strong></span> 
     </span>
    </p>
   </div>
   <div class='ocr_carea' id='block_1_77' title="bbox 1950 1971 3539 2073">
    <p class='ocr_par' dir='ltr' id='par_1_77' title="bbox 1950 1971 3539 2073">
     <span class='ocr_line' id='line_1_80' title="bbox 1950 1971 3539 2073; baseline 0.035 -55"><span class='ocrx_word' id='word_1_592' title='bbox 1950 1971 2260 2028; x_wconf 80' lang='lat' dir='ltr'><strong>nierationis</strong></span> <span class='ocrx_word' id='word_1_593' title='bbox 2281 1976 2558 2038; x_wconf 90' lang='lat' dir='ltr'><strong>ducemus.</strong></span> <span class='ocrx_word' id='word_1_594' title='bbox 2588 1986 2827 2047; x_wconf 81' lang='lat' dir='ltr'><strong>Diximus</strong></span> <span class='ocrx_word' id='word_1_595' title='bbox 2852 1999 2993 2053; x_wconf 91' lang='lat' dir='ltr'><strong>enim</strong></span> <span class='ocrx_word' id='word_1_596' title='bbox 3019 2003 3070 2056; x_wconf 94' lang='lat' dir='ltr'><strong>in</strong></span> <span class='ocrx_word' id='word_1_597' title='bbox 3096 2014 3357 2073; x_wconf 86' lang='lat' dir='ltr'><strong>potestate</strong></span> <span class='ocrx_word' id='word_1_598' title='bbox 3378 2015 3539 2072; x_wconf 91' lang='lat' dir='ltr'><strong>situm</strong></span> 
     </span>
    </p>
   </div>
   <div class='ocr_carea' id='block_1_78' title="bbox 1947 2069 3541 2163">
    <p class='ocr_par' dir='ltr' id='par_1_78' title="bbox 1947 2069 3541 2163">
     <span class='ocr_line' id='line_1_81' title="bbox 1947 2069 3541 2163; baseline 0.033 -52"><span class='ocrx_word' id='word_1_599' title='bbox 1947 2075 2066 2116; x_wconf 89' lang='lat' dir='ltr'><strong>esse</strong></span> <span class='ocrx_word' id='word_1_600' title='bbox 2086 2069 2447 2141; x_wconf 88' lang='lat' dir='ltr'><strong>magistratus,</strong></span> <span class='ocrx_word' id='word_1_601' title='bbox 2477 2087 2537 2130; x_wconf 91' lang='lat' dir='ltr'><strong>ut</strong></span> <span class='ocrx_word' id='word_1_602' title='bbox 2564 2080 2757 2138; x_wconf 89' lang='lat' dir='ltr'><strong>vinciat</strong></span> <span class='ocrx_word' id='word_1_603' title='bbox 2784 2096 2838 2141; x_wconf 89' lang='lat' dir='ltr'><strong>et</strong></span> <span class='ocrx_word' id='word_1_604' title='bbox 2856 2090 3047 2149; x_wconf 88' lang='lat' dir='ltr'><strong>solvat.</strong></span> <span class='ocrx_word' id='word_1_605' title='bbox 3076 2096 3205 2153; x_wconf 83' lang='lat' dir='ltr'><strong>Vide</strong></span> <span class='ocrx_word' id='word_1_606' title='bbox 3231 2118 3415 2161; x_wconf 89' lang='lat' dir='ltr'><strong>rursus</strong></span> <span class='ocrx_word' id='word_1_607' title='bbox 3438 2107 3541 2163; x_wconf 89' lang='lat' dir='ltr'><strong>hoc</strong></span> 
     </span>
    </p>
   </div>
   <div class='ocr_carea' id='block_1_79' title="bbox 1950 2150 3540 2264">
    <p class='ocr_par' dir='ltr' id='par_1_79' title="bbox 1950 2150 3540 2264">
     <span class='ocr_line' id='line_1_82' title="bbox 1950 2150 3540 2264; baseline 0.033 -63"><span class='ocrx_word' id='word_1_608' title='bbox 1950 2150 2226 2219; x_wconf 89' lang='lat' dir='ltr'><strong>imperium</strong></span> <span class='ocrx_word' id='word_1_609' title='bbox 2269 2175 2393 2217; x_wconf 88' lang='lat' dir='ltr'><strong>esse</strong></span> <span class='ocrx_word' id='word_1_610' title='bbox 2437 2181 2602 2234; x_wconf 91' lang='lat' dir='ltr'><strong>penes</strong></span> <span class='ocrx_word' id='word_1_611' title='bbox 2645 2173 2952 2243; x_wconf 82' lang='lat' dir='ltr'><strong>Apostolus.</strong></span> <span class='ocrx_word' id='word_1_612' title='bbox 3005 2185 3355 2264; x_wconf 81' lang='lat' dir='ltr'><strong>Quoscumque</strong></span> <span class='ocrx_word' id='word_1_613' title='bbox 3405 2201 3540 2253; x_wconf 80' lang='lat' dir='ltr'><strong>enim</strong></span> 
     </span>
     <span class='ocr_line' id='line_1_83' title="bbox 1951 2242 2193 2264; baseline 0.037 -13"><span class='ocrx_word' id='word_1_614' title='bbox 1951 2242 2103 2264; x_wconf 33' lang='grc' dir='ltr'><strong>,μνη</strong></span> 
     </span>
    </p>
   </div>
   <div class='ocr_carea' id='block_1_80' title="bbox 1946 2242 3537 2349">
    <p class='ocr_par' dir='ltr' id='par_1_80' title="bbox 1946 2242 3537 2349">
     <span class='ocr_line' id='line_1_84' title="bbox 2696 2242 3537 2264; baseline 0.03 -36"><span class='ocrx_word' id='word_1_615' title='bbox 2696 2242 2703 2243; x_wconf 15' lang='grc' dir='ltr'>ί</span> <span class='ocrx_word' id='word_1_616' title='bbox 3009 2242 3045 2251; x_wconf 48' lang='grc' dir='ltr'>ω</span> <span class='ocrx_word' id='word_1_617' title='bbox 3227 2242 3351 2264; x_wconf 49' lang='grc' dir='ltr'><strong>η---</strong></span> 
     </span>
     <span class='ocr_line' id='line_1_85' title="bbox 1946 2242 3537 2349; baseline 0.034 -56"><span class='ocrx_word' id='word_1_618' title='bbox 1946 2242 2217 2311; x_wconf 82' lang='lat' dir='ltr'><strong>ligaveritis</strong></span> <span class='ocrx_word' id='word_1_619' title='bbox 2236 2268 2389 2322; x_wconf 77' lang='lat' dir='ltr'><strong>super</strong></span> <span class='ocrx_word' id='word_1_620' title='bbox 2414 2266 2618 2327; x_wconf 85' lang='lat' dir='ltr'><strong>terram,</strong></span> <span class='ocrx_word' id='word_1_621' title='bbox 2650 2264 2839 2337; x_wconf 89' lang='lat' dir='ltr'><strong>inquit,</strong></span> <span class='ocrx_word' id='word_1_622' title='bbox 2867 2288 3011 2328; x_wconf 89' lang='lat' dir='ltr'><strong>erunt</strong></span> <span class='ocrx_word' id='word_1_623' title='bbox 3033 2279 3176 2349; x_wconf 83' lang='lat' dir='ltr'><strong>ligati</strong></span> <span class='ocrx_word' id='word_1_624' title='bbox 3194 2285 3245 2336; x_wconf 86' lang='lat' dir='ltr'><strong>in</strong></span> <span class='ocrx_word' id='word_1_625' title='bbox 3276 2290 3413 2343; x_wconf 72' lang='lat' dir='ltr'><strong>ca&#39;lis</strong></span> <span class='ocrx_word' id='word_1_626' title='bbox 3441 2308 3460 2344; x_wconf 87' lang='lat'><em>:</em></span> <span class='ocrx_word' id='word_1_627' title='bbox 3488 2304 3537 2347; x_wconf 88' lang='lat' dir='ltr'><strong>ct</strong></span> 
     </span>
    </p>
   </div>
   <div class='ocr_carea' id='block_1_81' title="bbox 1943 2346 3538 2440">
    <p class='ocr_par' dir='ltr' id='par_1_81' title="bbox 1943 2346 3538 2440">
     <span class='ocr_line' id='line_1_86' title="bbox 1943 2346 3538 2440; baseline 0.036 -57"><span class='ocrx_word' id='word_1_628' title='bbox 1943 2350 2281 2409; x_wconf 79' lang='lat' dir='ltr'><strong>quoscumque</strong></span> <span class='ocrx_word' id='word_1_629' title='bbox 2309 2346 2555 2405; x_wconf 84' lang='lat' dir='ltr'><strong>solveritis</strong></span> <span class='ocrx_word' id='word_1_630' title='bbox 2575 2371 2729 2427; x_wconf 88' lang='lat' dir='ltr'><strong>super</strong></span> <span class='ocrx_word' id='word_1_631' title='bbox 2751 2371 2956 2433; x_wconf 80' lang='lat' dir='ltr'><strong>terram,</strong></span> <span class='ocrx_word' id='word_1_632' title='bbox 2975 2384 3121 2425; x_wconf 82' lang='lat' dir='ltr'><strong>erunt</strong></span> <span class='ocrx_word' id='word_1_633' title='bbox 3145 2378 3298 2431; x_wconf 84' lang='lat' dir='ltr'><strong>soluti</strong></span> <span class='ocrx_word' id='word_1_634' title='bbox 3325 2381 3376 2434; x_wconf 84' lang='lat' dir='ltr'><strong>in</strong></span> <span class='ocrx_word' id='word_1_635' title='bbox 3400 2387 3538 2440; x_wconf 69' lang='lat' dir='ltr'><strong>cretis</strong></span> 
     </span>
    </p>
   </div>
   <div class='ocr_carea' id='block_1_82' title="bbox 1944 2427 3536 2541">
    <p class='ocr_par' dir='ltr' id='par_1_82' title="bbox 1944 2427 3536 2541">
     <span class='ocr_line' id='line_1_87' title="bbox 1944 2427 3536 2541; baseline 0.035 -64"><span class='ocrx_word' id='word_1_636' title='bbox 1944 2427 1963 2495; x_wconf 91' lang='lat'><strong>(</strong></span> <span class='ocrx_word' id='word_1_637' title='bbox 1993 2428 2175 2486; x_wconf 80' lang='lat' dir='ltr'><strong>Matth.</strong></span> <span class='ocrx_word' id='word_1_638' title='bbox 2211 2436 2297 2492; x_wconf 83' lang='lat'><strong>18.</strong></span> <span class='ocrx_word' id='word_1_639' title='bbox 2330 2440 2460 2513; x_wconf 83' lang='lat'><strong>18).</strong></span> <span class='ocrx_word' id='word_1_640' title='bbox 2496 2444 2660 2504; x_wconf 84' lang='lat' dir='ltr'><strong>Vides</strong></span> <span class='ocrx_word' id='word_1_641' title='bbox 2679 2460 2929 2525; x_wconf 88' lang='lat' dir='ltr'><strong>carceris,</strong></span> <span class='ocrx_word' id='word_1_642' title='bbox 2963 2474 3017 2516; x_wconf 91' lang='lat' dir='ltr'><strong>et</strong></span> <span class='ocrx_word' id='word_1_643' title='bbox 3041 2472 3273 2525; x_wconf 84' lang='lat' dir='ltr'><strong>carceris</strong></span> <span class='ocrx_word' id='word_1_644' title='bbox 3301 2487 3536 2541; x_wconf 84' lang='lat' dir='ltr'><strong>potesta-</strong></span> 
     </span>
    </p>
   </div>
   <div class='ocr_carea' id='block_1_83' title="bbox 1944 2531 3537 2626">
    <p class='ocr_par' dir='ltr' id='par_1_83' title="bbox 1944 2531 3537 2626">
     <span class='ocr_line' id='line_1_88' title="bbox 1944 2531 3537 2626; baseline 0.033 -54"><span class='ocrx_word' id='word_1_645' title='bbox 1944 2531 2047 2575; x_wconf 89' lang='lat' dir='ltr'><strong>tem</strong></span> <span class='ocrx_word' id='word_1_646' title='bbox 2082 2542 2095 2577; x_wconf 92' lang='lat'><strong>:</strong></span> <span class='ocrx_word' id='word_1_647' title='bbox 2126 2536 2180 2580; x_wconf 91' lang='lat' dir='ltr'><strong>et</strong></span> <span class='ocrx_word' id='word_1_648' title='bbox 2229 2545 2423 2589; x_wconf 90' lang='lat' dir='ltr'><strong>nomen</strong></span> <span class='ocrx_word' id='word_1_649' title='bbox 2470 2541 2684 2608; x_wconf 89' lang='lat' dir='ltr'><strong>quidem</strong></span> <span class='ocrx_word' id='word_1_650' title='bbox 2712 2546 2851 2603; x_wconf 91' lang='lat' dir='ltr'><strong>idem</strong></span> <span class='ocrx_word' id='word_1_651' title='bbox 2877 2592 2892 2617; x_wconf 93' lang='lat'><strong>,</strong></span> <span class='ocrx_word' id='word_1_652' title='bbox 2927 2569 3037 2609; x_wconf 89' lang='lat' dir='ltr'><strong>rem</strong></span> <span class='ocrx_word' id='word_1_653' title='bbox 3089 2570 3267 2616; x_wconf 89' lang='lat' dir='ltr'><strong>autem</strong></span> <span class='ocrx_word' id='word_1_654' title='bbox 3318 2567 3537 2626; x_wconf 90' lang='lat' dir='ltr'><strong>minime</strong></span> 
     </span>
    </p>
   </div>
   <div class='ocr_carea' id='block_1_84' title="bbox 1940 2614 3533 2723">
    <p class='ocr_par' dir='ltr' id='par_1_84' title="bbox 1940 2614 3533 2723">
     <span class='ocr_line' id='line_1_89' title="bbox 1940 2614 3533 2723; baseline 0.032 -59"><span class='ocrx_word' id='word_1_655' title='bbox 1940 2614 2211 2673; x_wconf 88' lang='lat' dir='ltr'><strong>eamdem.</strong></span> <span class='ocrx_word' id='word_1_656' title='bbox 2262 2622 2483 2682; x_wconf 88' lang='lat' dir='ltr'><strong>Vincula</strong></span> <span class='ocrx_word' id='word_1_657' title='bbox 2529 2641 2583 2687; x_wconf 90' lang='lat' dir='ltr'><strong>et</strong></span> <span class='ocrx_word' id='word_1_658' title='bbox 2614 2636 2859 2707; x_wconf 88' lang='lat' dir='ltr'><strong>vincula;</strong></span> <span class='ocrx_word' id='word_1_659' title='bbox 2907 2646 3000 2698; x_wconf 90' lang='lat' dir='ltr'><strong>sed</strong></span> <span class='ocrx_word' id='word_1_660' title='bbox 3029 2649 3131 2703; x_wconf 90' lang='lat' dir='ltr'><strong>alia</strong></span> <span class='ocrx_word' id='word_1_661' title='bbox 3163 2650 3214 2705; x_wconf 89' lang='lat' dir='ltr'><strong>in</strong></span> <span class='ocrx_word' id='word_1_662' title='bbox 3250 2663 3387 2710; x_wconf 90' lang='lat' dir='ltr'><strong>terra</strong></span> <span class='ocrx_word' id='word_1_663' title='bbox 3415 2701 3429 2723; x_wconf 93' lang='lat'><strong>,</strong></span> <span class='ocrx_word' id='word_1_664' title='bbox 3481 2661 3533 2715; x_wconf 91' lang='lat' dir='ltr'><strong>in</strong></span> 
     </span>
    </p>
   </div>
   <div class='ocr_carea' id='block_1_85' title="bbox 1945 2708 3528 2819">
    <p class='ocr_par' dir='ltr' id='par_1_85' title="bbox 1945 2708 3528 2819">
     <span class='ocr_line' id='line_1_90' title="bbox 1945 2708 3528 2819; baseline 0.033 -62"><span class='ocrx_word' id='word_1_665' title='bbox 1945 2708 2080 2761; x_wconf 74' lang='lat' dir='ltr'><strong>cado</strong></span> <span class='ocrx_word' id='word_1_666' title='bbox 2123 2711 2246 2766; x_wconf 87' lang='lat' dir='ltr'><strong>alia.</strong></span> <span class='ocrx_word' id='word_1_667' title='bbox 2277 2714 2481 2776; x_wconf 70' lang='lat' dir='ltr'><strong>Caelum</strong></span> <span class='ocrx_word' id='word_1_668' title='bbox 2523 2727 2720 2796; x_wconf 91' lang='lat' dir='ltr'><strong>quippe</strong></span> <span class='ocrx_word' id='word_1_669' title='bbox 2747 2746 2931 2789; x_wconf 88' lang='lat' dir='ltr'><strong>carcer</strong></span> <span class='ocrx_word' id='word_1_670' title='bbox 2969 2739 3075 2792; x_wconf 90' lang='lat' dir='ltr'><strong>illis</strong></span> <span class='ocrx_word' id='word_1_671' title='bbox 3114 2754 3217 2797; x_wconf 91' lang='lat' dir='ltr'><strong>est.</strong></span> <span class='ocrx_word' id='word_1_672' title='bbox 3250 2747 3528 2819; x_wconf 82' lang='lat' dir='ltr'><strong>Cognosce</strong></span> 
     </span>
    </p>
   </div>
   <div class='ocr_carea' id='block_1_86' title="bbox 1937 2795 3533 2900">
    <p class='ocr_par' dir='ltr' id='par_1_86' title="bbox 1937 2795 3533 2900">
     <span class='ocr_line' id='line_1_91' title="bbox 2657 2795 3528 2819; baseline 0.033 -23"><span class='ocrx_word' id='word_1_673' title='bbox 2657 2795 2668 2796; x_wconf 35' lang='grc' dir='ltr'><em>γ</em></span> <span class='ocrx_word' id='word_1_674' title='bbox 3127 2795 3214 2797; x_wconf 66' lang='lat'>&quot;&quot;</span> <span class='ocrx_word' id='word_1_675' title='bbox 3258 2795 3528 2819; x_wconf 60' lang='lat' dir='ltr'><strong>&quot;D&quot;&quot;&quot;&quot;v</strong></span> 
     </span>
     <span class='ocr_line' id='line_1_92' title="bbox 1937 2795 3533 2900; baseline 0.033 -52"><span class='ocrx_word' id='word_1_676' title='bbox 1937 2795 2096 2866; x_wconf 82' lang='lat' dir='ltr'><strong>igitur</strong></span> <span class='ocrx_word' id='word_1_677' title='bbox 2122 2807 2525 2875; x_wconf 87' lang='lat' dir='ltr'><strong>amplitudinem</strong></span> <span class='ocrx_word' id='word_1_678' title='bbox 2570 2824 2929 2891; x_wconf 89' lang='lat' dir='ltr'><strong>magistratus.</strong></span> <span class='ocrx_word' id='word_1_679' title='bbox 2980 2829 3036 2885; x_wconf 91' lang='lat' dir='ltr'><strong>ln</strong></span> <span class='ocrx_word' id='word_1_680' title='bbox 3081 2838 3237 2892; x_wconf 87' lang='lat' dir='ltr'><strong>terris</strong></span> <span class='ocrx_word' id='word_1_681' title='bbox 3284 2843 3533 2900; x_wconf 88' lang='lat' dir='ltr'><strong>sedentes</strong></span> 
     </span>
    </p>
   </div>
   <div class='ocr_carea' id='block_1_87' title="bbox 1935 2896 3530 2995">
    <p class='ocr_par' dir='ltr' id='par_1_87' title="bbox 1935 2896 3530 2995">
     <span class='ocr_line' id='line_1_93' title="bbox 1935 2896 3530 2995; baseline 0.033 -55"><span class='ocrx_word' id='word_1_682' title='bbox 1935 2896 2252 2950; x_wconf 88' lang='lat' dir='ltr'><strong>sententiam</strong></span> <span class='ocrx_word' id='word_1_683' title='bbox 2276 2899 2453 2958; x_wconf 80' lang='lat' dir='ltr'><strong>ierunt</strong></span> <span class='ocrx_word' id='word_1_684' title='bbox 2475 2947 2492 2971; x_wconf 95' lang='lat'><strong>,</strong></span> <span class='ocrx_word' id='word_1_685' title='bbox 2519 2918 2575 2962; x_wconf 87' lang='lat' dir='ltr'><strong>et</strong></span> <span class='ocrx_word' id='word_1_686' title='bbox 2599 2913 2663 2965; x_wconf 89' lang='lat' dir='ltr'><strong>ad</strong></span> <span class='ocrx_word' id='word_1_687' title='bbox 2695 2916 2854 2971; x_wconf 74' lang='lat' dir='ltr'><strong>czelos</strong></span> <span class='ocrx_word' id='word_1_688' title='bbox 2897 2935 3062 2992; x_wconf 89' lang='lat' dir='ltr'><strong>usque</strong></span> <span class='ocrx_word' id='word_1_689' title='bbox 3090 2939 3335 2995; x_wconf 87' lang='lat' dir='ltr'><strong>penetrat</strong></span> <span class='ocrx_word' id='word_1_690' title='bbox 3363 2936 3530 2993; x_wconf 83' lang='lat' dir='ltr'><strong>virtus</strong></span> 
     </span>
    </p>
   </div>
   <div class='ocr_carea' id='block_1_88' title="bbox 1932 2986 3531 3097">
    <p class='ocr_par' dir='ltr' id='par_1_88' title="bbox 1932 2986 3531 3097">
     <span class='ocr_line' id='line_1_94' title="bbox 1932 2986 3531 3097; baseline 0.027 -61"><span class='ocrx_word' id='word_1_691' title='bbox 1932 2986 2232 3041; x_wconf 58' lang='lat' dir='ltr'><strong>sententia.</strong></span> <span class='ocrx_word' id='word_1_692' title='bbox 2262 2989 2333 3045; x_wconf 87' lang='lat' dir='ltr'><strong>Et</strong></span> <span class='ocrx_word' id='word_1_693' title='bbox 2350 3000 2797 3063; x_wconf 89' lang='lat' dir='ltr'><strong>quemadmodum</strong></span> <span class='ocrx_word' id='word_1_694' title='bbox 2830 3009 3180 3080; x_wconf 87' lang='lat' dir='ltr'><strong>Imperatores</strong></span> <span class='ocrx_word' id='word_1_695' title='bbox 3203 3022 3252 3075; x_wconf 93' lang='lat' dir='ltr'><strong>in</strong></span> <span class='ocrx_word' id='word_1_696' title='bbox 3279 3040 3380 3080; x_wconf 89' lang='lat' dir='ltr'><strong>una</strong></span> <span class='ocrx_word' id='word_1_697' title='bbox 3410 3033 3531 3097; x_wconf 84' lang='lat' dir='ltr'><strong>qui-</strong></span> 
     </span>
     <span class='ocr_line' id='line_1_95' title="bbox 1933 3068 2493 3097; baseline 0 0"><span class='ocrx_word' id='word_1_698' title='bbox 1933 3068 2053 3097; x_wconf 66' lang='grc' dir='ltr'><strong>ΑΛ...</strong></span> <span class='ocrx_word' id='word_1_699' title='bbox 2091 3076 2264 3097; x_wconf 70' lang='lat'><strong>-1-.:._.</strong></span> <span class='ocrx_word' id='word_1_700' title='bbox 2446 3088 2456 3097; x_wconf 90' lang='lat'><strong>.</strong></span> <span class='ocrx_word' id='word_1_701' title='bbox 2483 3089 2493 3097; x_wconf 92' lang='lat'><strong>.</strong></span> 
     </span>
    </p>
   </div>
   <div class='ocr_carea' id='block_1_89' title="bbox 1932 3068 3529 3192">
    <p class='ocr_par' dir='ltr' id='par_1_89' title="bbox 1932 3068 3529 3192">
     <span class='ocr_line' id='line_1_96' title="bbox 2910 3068 3529 3097; baseline 0.026 -30"><span class='ocrx_word' id='word_1_702' title='bbox 2910 3068 2920 3080; x_wconf 81' lang='grc'><strong>,</strong></span> <span class='ocrx_word' id='word_1_703' title='bbox 3069 3068 3179 3074; x_wconf 39' lang='grc' dir='ltr'><strong>ν---</strong></span> <span class='ocrx_word' id='word_1_704' title='bbox 3280 3068 3380 3080; x_wconf 82' lang='grc'><strong>......</strong></span> <span class='ocrx_word' id='word_1_705' title='bbox 3410 3068 3529 3097; x_wconf 68' lang='grc' dir='ltr'><strong>Ψ..-</strong></span> 
     </span>
     <span class='ocr_line' id='line_1_97' title="bbox 1932 3068 3529 3192; baseline 0.035 -70"><span class='ocrx_word' id='word_1_706' title='bbox 1932 3068 2054 3126; x_wconf 87' lang='lat' dir='ltr'><strong>dem</strong></span> <span class='ocrx_word' id='word_1_707' title='bbox 2086 3076 2302 3136; x_wconf 85' lang='lat' dir='ltr'><strong>civitate</strong></span> <span class='ocrx_word' id='word_1_708' title='bbox 2352 3088 2649 3148; x_wconf 86' lang='lat' dir='ltr'><strong>residentes</strong></span> <span class='ocrx_word' id='word_1_709' title='bbox 2676 3105 2993 3157; x_wconf 82' lang='lat' dir='ltr'><strong>sententiam</strong></span> <span class='ocrx_word' id='word_1_710' title='bbox 3042 3109 3220 3166; x_wconf 84' lang='lat' dir='ltr'><strong>ferunt</strong></span> <span class='ocrx_word' id='word_1_711' title='bbox 3243 3156 3257 3179; x_wconf 90' lang='lat'><strong>,</strong></span> <span class='ocrx_word' id='word_1_712' title='bbox 3284 3131 3346 3172; x_wconf 91' lang='lat' dir='ltr'><strong>ac</strong></span> <span class='ocrx_word' id='word_1_713' title='bbox 3384 3119 3529 3192; x_wconf 87' lang='lat' dir='ltr'><strong>leges</strong></span> 
     </span>
    </p>
   </div>
   <div class='ocr_carea' id='block_1_90' title="bbox 1930 3166 3525 3270">
    <p class='ocr_par' dir='ltr' id='par_1_90' title="bbox 1930 3166 3525 3270">
     <span class='ocr_line' id='line_1_98' title="bbox 3244 3166 3525 3192; baseline 0.032 -13"><span class='ocrx_word' id='word_1_714' title='bbox 3244 3166 3257 3179; x_wconf 80' lang='grc'><strong><em>1</em></strong></span> <span class='ocrx_word' id='word_1_715' title='bbox 3286 3166 3343 3172; x_wconf 66' lang='lat' dir='ltr'><strong>—v</strong></span> <span class='ocrx_word' id='word_1_716' title='bbox 3384 3166 3525 3192; x_wconf 72' lang='grc' dir='ltr'>-νονυ</span> 
     </span>
     <span class='ocr_line' id='line_1_99' title="bbox 1930 3166 3525 3270; baseline 0.035 -56"><span class='ocrx_word' id='word_1_717' title='bbox 1930 3166 2213 3234; x_wconf 89' lang='lat' dir='ltr'><strong>sanciunt,</strong></span> <span class='ocrx_word' id='word_1_718' title='bbox 2239 3188 2303 3229; x_wconf 91' lang='lat' dir='ltr'><strong>ac</strong></span> <span class='ocrx_word' id='word_1_719' title='bbox 2346 3186 2734 3242; x_wconf 89' lang='lat' dir='ltr'><strong>sententiarum</strong></span> <span class='ocrx_word' id='word_1_720' title='bbox 2784 3192 3065 3267; x_wconf 87' lang='lat' dir='ltr'><strong>legumque</strong></span> <span class='ocrx_word' id='word_1_721' title='bbox 3110 3203 3187 3257; x_wconf 88' lang='lat' dir='ltr'><strong>vis</strong></span> <span class='ocrx_word' id='word_1_722' title='bbox 3220 3209 3525 3270; x_wconf 87' lang='lat' dir='ltr'><strong>universum</strong></span> 
     </span>
    </p>
   </div>
   <div class='ocr_carea' id='block_1_91' title="bbox 1928 3257 3525 3371">
    <p class='ocr_par' dir='ltr' id='par_1_91' title="bbox 1928 3257 3525 3371">
     <span class='ocr_line' id='line_1_100' title="bbox 1928 3257 3525 3371; baseline 0.033 -63"><span class='ocrx_word' id='word_1_723' title='bbox 1928 3257 2114 3314; x_wconf 90' lang='lat' dir='ltr'><strong>orbem</strong></span> <span class='ocrx_word' id='word_1_724' title='bbox 2163 3273 2422 3325; x_wconf 90' lang='lat' dir='ltr'><strong>terrarum</strong></span> <span class='ocrx_word' id='word_1_725' title='bbox 2472 3290 2756 3344; x_wconf 88' lang='lat' dir='ltr'><strong>permeat:</strong></span> <span class='ocrx_word' id='word_1_726' title='bbox 2799 3288 2876 3341; x_wconf 92' lang='lat' dir='ltr'><strong>sic</strong></span> <span class='ocrx_word' id='word_1_727' title='bbox 2903 3292 3061 3345; x_wconf 89' lang='lat' dir='ltr'><strong>etiam</strong></span> <span class='ocrx_word' id='word_1_728' title='bbox 3111 3304 3219 3351; x_wconf 89' lang='lat' dir='ltr'><strong>tum</strong></span> <span class='ocrx_word' id='word_1_729' title='bbox 3270 3308 3525 3371; x_wconf 88' lang='lat' dir='ltr'><strong>temporis</strong></span> 
     </span>
     <span class='ocr_line' id='line_1_101' title="bbox 1939 3351 2310 3371; baseline 0.03 -10"><span class='ocrx_word' id='word_1_730' title='bbox 1939 3351 2091 3371; x_wconf 31' lang='grc' dir='ltr'><strong>,ΓΑ</strong></span> <span class='ocrx_word' id='word_1_731' title='bbox 2135 3356 2167 3371; x_wconf 92' lang='grc'><strong>..</strong></span> <span class='ocrx_word' id='word_1_732' title='bbox 2263 3361 2310 3371; x_wconf 91' lang='grc'><strong>..</strong></span> 
     </span>
    </p>
   </div>
   <div class='ocr_carea' id='block_1_92' title="bbox 1925 3351 3523 3452">
    <p class='ocr_par' dir='ltr' id='par_1_92' title="bbox 1925 3351 3523 3452">
     <span class='ocr_line' id='line_1_102' title="bbox 3273 3351 3523 3371; baseline 0.032 -18"><span class='ocrx_word' id='word_1_733' title='bbox 3480 3351 3523 3363; x_wconf 66' lang='grc' dir='ltr'><strong>,υ</strong></span> 
     </span>
     <span class='ocr_line' id='line_1_103' title="bbox 1925 3351 3523 3452; baseline 0.032 -50"><span class='ocrx_word' id='word_1_734' title='bbox 1925 3351 1967 3403; x_wconf 81' lang='grc' dir='ltr'><strong>Α</strong></span> <span class='ocrx_word' id='word_1_735' title='bbox 1977 3356 2168 3419; x_wconf 87' lang='lat' dir='ltr'><strong>postoli</strong></span> <span class='ocrx_word' id='word_1_736' title='bbox 2185 3361 2397 3427; x_wconf 90' lang='lat' dir='ltr'><strong>quidem</strong></span> <span class='ocrx_word' id='word_1_737' title='bbox 2419 3381 2526 3422; x_wconf 87' lang='lat' dir='ltr'><strong>uno</strong></span> <span class='ocrx_word' id='word_1_738' title='bbox 2544 3371 2594 3424; x_wconf 93' lang='lat' dir='ltr'><strong>in</strong></span> <span class='ocrx_word' id='word_1_739' title='bbox 2616 3372 2736 3429; x_wconf 87' lang='lat' dir='ltr'><strong>loco</strong></span> <span class='ocrx_word' id='word_1_740' title='bbox 2750 3380 3039 3438; x_wconf 87' lang='lat' dir='ltr'><strong>residentes</strong></span> <span class='ocrx_word' id='word_1_741' title='bbox 3054 3384 3166 3443; x_wconf 72' lang='grc' dir='ltr'>ιιίυε</span> <span class='ocrx_word' id='word_1_742' title='bbox 3183 3395 3523 3452; x_wconf 76' lang='lat' dir='ltr'><strong>sanciebant:</strong></span> 
     </span>
    </p>
   </div>
   <div class='ocr_carea' id='block_1_93' title="bbox 1926 3447 3516 3546">
    <p class='ocr_par' dir='ltr' id='par_1_93' title="bbox 1926 3447 3516 3546">
     <span class='ocr_line' id='line_1_104' title="bbox 1926 3447 3516 3546; baseline 0.033 -52"><span class='ocrx_word' id='word_1_743' title='bbox 1926 3456 2086 3509; x_wconf 91' lang='lat' dir='ltr'><strong>porro</strong></span> <span class='ocrx_word' id='word_1_744' title='bbox 2115 3447 2290 3519; x_wconf 89' lang='lat' dir='ltr'><strong>legum</strong></span> <span class='ocrx_word' id='word_1_745' title='bbox 2320 3455 2485 3513; x_wconf 86' lang='lat' dir='ltr'><strong>virtus</strong></span> <span class='ocrx_word' id='word_1_746' title='bbox 2514 3471 2568 3516; x_wconf 89' lang='lat' dir='ltr'><strong>et</strong></span> <span class='ocrx_word' id='word_1_747' title='bbox 2593 3465 2924 3527; x_wconf 90' lang='lat' dir='ltr'><strong>vinculorum</strong></span> <span class='ocrx_word' id='word_1_748' title='bbox 2959 3476 3179 3535; x_wconf 91' lang='lat' dir='ltr'><strong>istorum</strong></span> <span class='ocrx_word' id='word_1_749' title='bbox 3210 3501 3314 3541; x_wconf 92' lang='lat' dir='ltr'><strong>non</strong></span> <span class='ocrx_word' id='word_1_750' title='bbox 3341 3490 3516 3546; x_wconf 88' lang='lat' dir='ltr'><strong>solum</strong></span> 
     </span>
    </p>
   </div>
   <div class='ocr_carea' id='block_1_94' title="bbox 1924 3538 3515 3642">
    <p class='ocr_par' dir='ltr' id='par_1_94' title="bbox 1924 3538 3515 3642">
     <span class='ocr_line' id='line_1_105' title="bbox 1924 3538 3515 3642; baseline 0.033 -54"><span class='ocrx_word' id='word_1_751' title='bbox 1924 3538 2109 3594; x_wconf 88' lang='lat' dir='ltr'><strong>orbem</strong></span> <span class='ocrx_word' id='word_1_752' title='bbox 2139 3552 2402 3605; x_wconf 89' lang='lat' dir='ltr'><strong>terrarum</strong></span> <span class='ocrx_word' id='word_1_753' title='bbox 2436 3558 2758 3621; x_wconf 87' lang='lat' dir='ltr'><strong>pervadebat</strong></span> <span class='ocrx_word' id='word_1_754' title='bbox 2778 3606 2792 3627; x_wconf 89' lang='lat'><strong>,</strong></span> <span class='ocrx_word' id='word_1_755' title='bbox 2828 3568 2923 3621; x_wconf 90' lang='lat' dir='ltr'><strong>sed</strong></span> <span class='ocrx_word' id='word_1_756' title='bbox 2951 3570 3015 3624; x_wconf 91' lang='lat' dir='ltr'><strong>ad</strong></span> <span class='ocrx_word' id='word_1_757' title='bbox 3046 3572 3216 3642; x_wconf 90' lang='lat' dir='ltr'><strong>ipsum</strong></span> <span class='ocrx_word' id='word_1_758' title='bbox 3263 3580 3515 3640; x_wconf 64' lang='lat' dir='ltr'><strong>caelorum</strong></span> 
     </span>
    </p>
   </div>
   <div class='ocr_carea' id='block_1_95' title="bbox 1922 3627 3516 3743">
    <p class='ocr_par' dir='ltr' id='par_1_95' title="bbox 1922 3627 3516 3743">
     <span class='ocr_line' id='line_1_106' title="bbox 1922 3627 3516 3743; baseline 0.033 -64"><span class='ocrx_word' id='word_1_759' title='bbox 1922 3627 2188 3701; x_wconf 82' lang='lat' dir='ltr'><strong>fastigium</strong></span> <span class='ocrx_word' id='word_1_760' title='bbox 2229 3643 2574 3701; x_wconf 88' lang='lat' dir='ltr'><strong>ascendebat.</strong></span> <span class='ocrx_word' id='word_1_761' title='bbox 2618 3650 2777 3709; x_wconf 83' lang='lat' dir='ltr'><strong>Vides</strong></span> <span class='ocrx_word' id='word_1_762' title='bbox 2805 3672 3076 3716; x_wconf 86' lang='lat' dir='ltr'><strong>carcerem</strong></span> <span class='ocrx_word' id='word_1_763' title='bbox 3106 3677 3159 3720; x_wconf 92' lang='lat' dir='ltr'><strong>et</strong></span> <span class='ocrx_word' id='word_1_764' title='bbox 3199 3684 3470 3730; x_wconf 88' lang='lat' dir='ltr'><strong>carcerem</strong></span> <span class='ocrx_word' id='word_1_765' title='bbox 3498 3719 3516 3743; x_wconf 94' lang='lat'><strong>,</strong></span> 
     </span>
     <span class='ocr_line' id='line_1_107' title="bbox 1922 3721 2491 3743; baseline 0.03 0"><span class='ocrx_word' id='word_1_766' title='bbox 1922 3721 2067 3743; x_wconf 54' lang='grc' dir='ltr'><strong>..1.--η</strong></span> <span class='ocrx_word' id='word_1_767' title='bbox 2128 3742 2133 3743; x_wconf 43' lang='grc' dir='ltr'><em>γ</em></span> <span class='ocrx_word' id='word_1_768' title='bbox 2170 3730 2182 3742; x_wconf 81' lang='grc' dir='ltr'><strong>ο</strong></span> <span class='ocrx_word' id='word_1_769' title='bbox 2248 3738 2258 3743; x_wconf 79' lang='lat'><strong><em>-</em></strong></span> <span class='ocrx_word' id='word_1_770' title='bbox 2359 3735 2371 3743; x_wconf 78' lang='grc'><strong><em>⁵</em></strong></span> <span class='ocrx_word' id='word_1_771' title='bbox 2482 3741 2491 3743; x_wconf 84' lang='grc'><strong><em>“</em></strong></span> 
     </span>
    </p>
   </div>
   <div class='ocr_carea' id='block_1_96' title="bbox 1919 3721 3513 3835">
    <p class='ocr_par' dir='ltr' id='par_1_96' title="bbox 1919 3721 3513 3835">
     <span class='ocr_line' id='line_1_108' title="bbox 3211 3721 3513 3743; baseline 0.033 -10"><span class='ocrx_word' id='word_1_772' title='bbox 3211 3721 3244 3723; x_wconf 53' lang='grc' dir='ltr'><strong><em>π</em></strong></span> <span class='ocrx_word' id='word_1_773' title='bbox 3267 3721 3278 3723; x_wconf 98' lang='grc'><strong><em>-</em></strong></span> <span class='ocrx_word' id='word_1_774' title='bbox 3299 3721 3374 3728; x_wconf 67' lang='grc' dir='ltr'><strong>νν-</strong></span> <span class='ocrx_word' id='word_1_775' title='bbox 3389 3721 3469 3730; x_wconf 76' lang='grc' dir='ltr'><strong>νη·</strong></span> <span class='ocrx_word' id='word_1_776' title='bbox 3498 3721 3513 3743; x_wconf 77' lang='grc' dir='ltr'><strong>ι</strong></span> 
     </span>
     <span class='ocr_line' id='line_1_109' title="bbox 1919 3721 3513 3835; baseline 0.033 -62"><span class='ocrx_word' id='word_1_777' title='bbox 1919 3721 2143 3781; x_wconf 86' lang='lat' dir='ltr'><strong>alterum</strong></span> <span class='ocrx_word' id='word_1_778' title='bbox 2165 3730 2222 3785; x_wconf 90' lang='lat' dir='ltr'><strong>in</strong></span> <span class='ocrx_word' id='word_1_779' title='bbox 2244 3735 2421 3803; x_wconf 88' lang='lat' dir='ltr'><strong>terris,</strong></span> <span class='ocrx_word' id='word_1_780' title='bbox 2445 3741 2672 3798; x_wconf 89' lang='lat' dir='ltr'><strong>alterum</strong></span> <span class='ocrx_word' id='word_1_781' title='bbox 2695 3746 2745 3801; x_wconf 92' lang='lat' dir='ltr'><strong>in</strong></span> <span class='ocrx_word' id='word_1_782' title='bbox 2768 3752 2933 3818; x_wconf 63' lang='lat' dir='ltr'><strong>caelis;</strong></span> <span class='ocrx_word' id='word_1_783' title='bbox 2958 3756 3183 3814; x_wconf 88' lang='lat' dir='ltr'><strong>alterum</strong></span> <span class='ocrx_word' id='word_1_784' title='bbox 3207 3778 3513 3835; x_wconf 91' lang='lat' dir='ltr'><strong>corporum,</strong></span> 
     </span>
     <span class='ocr_line' id='line_1_110' title="bbox 1919 3815 2257 3835; baseline 0.027 0"><span class='ocrx_word' id='word_1_785' title='bbox 1919 3815 1985 3835; x_wconf 74' lang='grc' dir='ltr'><strong>..Ιι</strong></span> <span class='ocrx_word' id='word_1_786' title='bbox 2000 3832 2083 3835; x_wconf 45' lang='grc' dir='ltr'><strong>--.η</strong></span> <span class='ocrx_word' id='word_1_787' title='bbox 2245 3824 2257 3835; x_wconf 81' lang='grc'><strong>⁹</strong></span> 
     </span>
    </p>
   </div>
   <div class='ocr_carea' id='block_1_97' title="bbox 1916 3815 3515 3930">
    <p class='ocr_par' dir='ltr' id='par_1_97' title="bbox 1916 3815 3515 3930">
     <span class='ocr_line' id='line_1_111' title="bbox 2921 3815 3513 3835; baseline 0.032 -28"><span class='ocrx_word' id='word_1_788' title='bbox 2921 3815 2928 3818; x_wconf 89' lang='lat'>_</span> <span class='ocrx_word' id='word_1_789' title='bbox 3247 3815 3513 3835; x_wconf 73' lang='lat'><strong>_.,---_...,</strong></span> 
     </span>
     <span class='ocr_line' id='line_1_112' title="bbox 1916 3815 3515 3930; baseline 0.033 -65"><span class='ocrx_word' id='word_1_790' title='bbox 1916 3815 2144 3873; x_wconf 89' lang='lat' dir='ltr'><strong>alterum</strong></span> <span class='ocrx_word' id='word_1_791' title='bbox 2170 3824 2469 3884; x_wconf 89' lang='lat' dir='ltr'><strong>animarum</strong></span> <span class='ocrx_word' id='word_1_792' title='bbox 2499 3851 2512 3885; x_wconf 89' lang='lat'><strong>:</strong></span> <span class='ocrx_word' id='word_1_793' title='bbox 2546 3835 2652 3889; x_wconf 92' lang='lat' dir='ltr'><strong>imo</strong></span> <span class='ocrx_word' id='word_1_794' title='bbox 2682 3854 2809 3895; x_wconf 88' lang='lat' dir='ltr'><strong>vero</strong></span> <span class='ocrx_word' id='word_1_795' title='bbox 2837 3854 2890 3898; x_wconf 90' lang='lat' dir='ltr'><strong>et</strong></span> <span class='ocrx_word' id='word_1_796' title='bbox 2915 3849 3213 3908; x_wconf 86' lang='lat' dir='ltr'><strong>animarum</strong></span> <span class='ocrx_word' id='word_1_797' title='bbox 3243 3867 3296 3911; x_wconf 91' lang='lat' dir='ltr'><strong>et</strong></span> <span class='ocrx_word' id='word_1_798' title='bbox 3322 3874 3515 3930; x_wconf 65' lang='grc' dir='ltr'><strong>(ξω-βο⁴</strong></span> 
     </span>
    </p>
   </div>
   <div class='ocr_carea' id='block_1_98' title="bbox 1915 3918 3509 4008">
    <p class='ocr_par' dir='ltr' id='par_1_98' title="bbox 1915 3918 3509 4008">
     <span class='ocr_line' id='line_1_113' title="bbox 1915 3918 3509 4008; baseline 0.033 -52"><span class='ocrx_word' id='word_1_799' title='bbox 1915 3918 2032 3959; x_wconf 92' lang='lat' dir='ltr'><strong>rum</strong></span> <span class='ocrx_word' id='word_1_800' title='bbox 2066 3926 2077 3961; x_wconf 94' lang='lat'><strong>:</strong></span> <span class='ocrx_word' id='word_1_801' title='bbox 2108 3927 2280 3983; x_wconf 87' lang='lat' dir='ltr'><strong>neque</strong></span> <span class='ocrx_word' id='word_1_802' title='bbox 2308 3920 2449 3975; x_wconf 92' lang='lat' dir='ltr'><strong>enim</strong></span> <span class='ocrx_word' id='word_1_803' title='bbox 2477 3938 2699 3995; x_wconf 88' lang='lat' dir='ltr'><strong>corpora</strong></span> <span class='ocrx_word' id='word_1_804' title='bbox 2734 3940 2959 4003; x_wconf 89' lang='lat' dir='ltr'><strong>tantum,</strong></span> <span class='ocrx_word' id='word_1_805' title='bbox 2993 3941 3086 3995; x_wconf 89' lang='lat' dir='ltr'><strong>sed</strong></span> <span class='ocrx_word' id='word_1_806' title='bbox 3114 3948 3275 4000; x_wconf 88' lang='lat' dir='ltr'><strong>etiam</strong></span> <span class='ocrx_word' id='word_1_807' title='bbox 3301 3952 3509 4008; x_wconf 87' lang='lat' dir='ltr'><strong>animas</strong></span> 
     </span>
    </p>
   </div>
   <div class='ocr_carea' id='block_1_99' title="bbox 1913 3998 2233 4059">
    <p class='ocr_par' dir='ltr' id='par_1_99' title="bbox 1913 3998 2233 4059">
     <span class='ocr_line' id='line_1_114' title="bbox 1913 3998 2233 4059; baseline 0.044 -14"><span class='ocrx_word' id='word_1_808' title='bbox 1913 3998 2233 4059; x_wconf 88' lang='lat' dir='ltr'><strong>vinciebant.</strong></span> 
     </span>
    </p>
   </div>
   <div class='ocr_carea' id='block_1_100' title="bbox 1904 4460 3497 4568">
    <p class='ocr_par' dir='ltr' id='par_1_100' title="bbox 1904 4460 3497 4568">
     <span class='ocr_line' id='line_1_115' title="bbox 1904 4460 3497 4568; baseline 0.031 -59"><span class='ocrx_word' id='word_1_809' title='bbox 1904 4460 2272 4519; x_wconf 82' lang='lat' dir='ltr'><strong>remittebant.</strong></span> <span class='ocrx_word' id='word_1_810' title='bbox 2310 4468 2537 4535; x_wconf 80' lang='lat' dir='ltr'><strong>Quorum</strong></span> <span class='ocrx_word' id='word_1_811' title='bbox 2560 4480 2711 4545; x_wconf 89' lang='lat' dir='ltr'><strong>enim,</strong></span> <span class='ocrx_word' id='word_1_812' title='bbox 2743 4482 2932 4555; x_wconf 87' lang='lat' dir='ltr'><strong>inquit,</strong></span> <span class='ocrx_word' id='word_1_813' title='bbox 2962 4494 3253 4551; x_wconf 86' lang='lat' dir='ltr'><strong>remiseritis</strong></span> <span class='ocrx_word' id='word_1_814' title='bbox 3274 4515 3497 4568; x_wconf 81' lang='lat' dir='ltr'><strong>peccata,</strong></span> 
     </span>
    </p>
   </div>
   <div class='ocr_carea' id='block_1_101' title="bbox 1902 4554 3495 4662">
    <p class='ocr_par' dir='ltr' id='par_1_101' title="bbox 1902 4554 3495 4662">
     <span class='ocr_line' id='line_1_116' title="bbox 1902 4554 3495 4662; baseline 0.03 -61"><span class='ocrx_word' id='word_1_815' title='bbox 1902 4554 2220 4611; x_wconf 86' lang='lat' dir='ltr'><strong>remittuntur</strong></span> <span class='ocrx_word' id='word_1_816' title='bbox 2229 4562 2317 4627; x_wconf 86' lang='lat' dir='ltr'><strong>eis,</strong></span> <span class='ocrx_word' id='word_1_817' title='bbox 2340 4573 2386 4617; x_wconf 90' lang='lat' dir='ltr'><strong>et</strong></span> <span class='ocrx_word' id='word_1_818' title='bbox 2405 4583 2617 4635; x_wconf 85' lang='lat' dir='ltr'><strong>quorum</strong></span> <span class='ocrx_word' id='word_1_819' title='bbox 2637 4576 2958 4644; x_wconf 83' lang='lat' dir='ltr'><strong>retinueritis,</strong></span> <span class='ocrx_word' id='word_1_820' title='bbox 2979 4596 3169 4639; x_wconf 83' lang='lat' dir='ltr'><strong>retenta</strong></span> <span class='ocrx_word' id='word_1_821' title='bbox 3187 4601 3303 4643; x_wconf 77' lang='lat' dir='ltr'><strong>siml</strong></span> <span class='ocrx_word' id='word_1_822' title='bbox 3320 4594 3495 4662; x_wconf 86' lang='lat' dir='ltr'><strong>(Joan.</strong></span> 
     </span>
     <span class='ocr_line' id='line_1_117' title="bbox 1902 4643 2517 4662; baseline 0.029 0"><span class='ocrx_word' id='word_1_823' title='bbox 1902 4643 1967 4662; x_wconf 64' lang='grc' dir='ltr'><strong>οη</strong></span> <span class='ocrx_word' id='word_1_824' title='bbox 2018 4647 2087 4662; x_wconf 70' lang='grc' dir='ltr'><strong>η-</strong></span> <span class='ocrx_word' id='word_1_825' title='bbox 2112 4650 2122 4662; x_wconf 70' lang='grc' dir='ltr'>ι</span> <span class='ocrx_word' id='word_1_826' title='bbox 2201 4653 2231 4662; x_wconf 60' lang='grc' dir='ltr'><strong>Α</strong></span> <span class='ocrx_word' id='word_1_827' title='bbox 2283 4656 2292 4662; x_wconf 88' lang='grc'><strong><em>-</em></strong></span> <span class='ocrx_word' id='word_1_828' title='bbox 2319 4656 2330 4662; x_wconf 90' lang='grc'><strong><em>-</em></strong></span> <span class='ocrx_word' id='word_1_829' title='bbox 2513 4661 2517 4662; x_wconf 53' lang='grc' dir='ltr'><em>ν</em></span> 
     </span>
    </p>
   </div>
   <div class='ocr_carea' id='block_1_102' title="bbox 1898 4643 3499 4742">
    <p class='ocr_par' dir='ltr' id='par_1_102' title="bbox 1898 4643 3499 4742">
     <span class='ocr_line' id='line_1_118' title="bbox 1898 4643 3499 4742; baseline 0.029 -47"><span class='ocrx_word' id='word_1_830' title='bbox 1898 4643 1987 4700; x_wconf 78' lang='lat'><strong>20.</strong></span> <span class='ocrx_word' id='word_1_831' title='bbox 2017 4647 2149 4719; x_wconf 72' lang='grc'><strong>25).</strong></span> <span class='ocrx_word' id='word_1_832' title='bbox 2194 4653 2332 4720; x_wconf 83' lang='lat' dir='ltr'><strong>Quid</strong></span> <span class='ocrx_word' id='word_1_833' title='bbox 2364 4671 2477 4726; x_wconf 92' lang='lat' dir='ltr'><strong>post</strong></span> <span class='ocrx_word' id='word_1_834' title='bbox 2508 4661 2623 4719; x_wconf 82' lang='lat' dir='ltr'><strong>haec</strong></span> <span class='ocrx_word' id='word_1_835' title='bbox 2665 4681 2798 4736; x_wconf 85' lang='lat' dir='ltr'><strong>Opus</strong></span> <span class='ocrx_word' id='word_1_836' title='bbox 2841 4682 2923 4727; x_wconf 90' lang='lat' dir='ltr'><strong>est</strong></span> <span class='ocrx_word' id='word_1_837' title='bbox 2949 4643 3248 4736; x_wconf 4' lang='lat' dir='ltr'><strong>(ostendere</strong></span> 
     </span>
    </p>
   </div>
   <div class='ocr_carea' id='block_1_103' title="bbox 1900 4750 3492 4843">
    <p class='ocr_par' dir='ltr' id='par_1_103' title="bbox 1900 4750 3492 4843">
     <span class='ocr_line' id='line_1_119' title="bbox 1900 4750 3492 4843; baseline 0.027 -52"><span class='ocrx_word' id='word_1_838' title='bbox 1900 4750 2127 4797; x_wconf 90' lang='lat' dir='ltr'><strong>mortem</strong></span> <span class='ocrx_word' id='word_1_839' title='bbox 2159 4751 2519 4809; x_wconf 87' lang='lat' dir='ltr'><strong>transmisisse</strong></span> <span class='ocrx_word' id='word_1_840' title='bbox 2539 4796 2553 4818; x_wconf 96' lang='lat'><strong>,</strong></span> <span class='ocrx_word' id='word_1_841' title='bbox 2587 4772 2649 4811; x_wconf 90' lang='lat' dir='ltr'><strong>ac</strong></span> <span class='ocrx_word' id='word_1_842' title='bbox 2680 4776 2865 4817; x_wconf 91' lang='lat' dir='ltr'><strong>rursus</strong></span> <span class='ocrx_word' id='word_1_843' title='bbox 2893 4780 2922 4818; x_wconf 93' lang='lat' dir='ltr'><strong>a</strong></span> <span class='ocrx_word' id='word_1_844' title='bbox 2953 4780 3126 4823; x_wconf 87' lang='lat' dir='ltr'><strong>morte</strong></span> <span class='ocrx_word' id='word_1_845' title='bbox 3170 4787 3452 4834; x_wconf 87' lang='lat' dir='ltr'><strong>revocasse</strong></span> <span class='ocrx_word' id='word_1_846' title='bbox 3474 4819 3492 4843; x_wconf 93' lang='lat'><strong>,</strong></span> 
     </span>
    </p>
   </div>
   <div class='ocr_carea' id='block_1_104' title="bbox 1900 4844 3496 4929">
    <p class='ocr_par' dir='ltr' id='par_1_104' title="bbox 1900 4844 3496 4929">
     <span class='ocr_line' id='line_1_120' title="bbox 1900 4844 3496 4929; baseline 0.028 -47"><span class='ocrx_word' id='word_1_847' title='bbox 1900 4845 2004 4884; x_wconf 90' lang='lat' dir='ltr'><strong>non</strong></span> <span class='ocrx_word' id='word_1_848' title='bbox 2035 4844 2154 4899; x_wconf 88' lang='lat' dir='ltr'><strong>post</strong></span> <span class='ocrx_word' id='word_1_849' title='bbox 2182 4848 2503 4898; x_wconf 88' lang='lat' dir='ltr'><strong>sententiam</strong></span> <span class='ocrx_word' id='word_1_850' title='bbox 2546 4855 2751 4904; x_wconf 88' lang='lat' dir='ltr'><strong>tantum</strong></span> <span class='ocrx_word' id='word_1_851' title='bbox 2788 4853 2946 4909; x_wconf 88' lang='lat' dir='ltr'><strong>latam</strong></span> <span class='ocrx_word' id='word_1_852' title='bbox 2969 4899 2983 4923; x_wconf 96' lang='lat'><strong>,</strong></span> <span class='ocrx_word' id='word_1_853' title='bbox 3013 4869 3065 4912; x_wconf 89' lang='lat' dir='ltr'><strong>et</strong></span> <span class='ocrx_word' id='word_1_854' title='bbox 3089 4862 3199 4929; x_wconf 88' lang='lat' dir='ltr'><strong>jam</strong></span> <span class='ocrx_word' id='word_1_855' title='bbox 3238 4865 3496 4926; x_wconf 87' lang='lat' dir='ltr'><strong>abductos</strong></span> 
     </span>
    </p>
   </div>
   <div class='ocr_carea' id='block_1_105' title="bbox 1895 4922 3491 5029">
    <p class='ocr_par' dir='ltr' id='par_1_105' title="bbox 1895 4922 3491 5029">
     <span class='ocr_line' id='line_1_121' title="bbox 1895 4922 3491 5029; baseline 0.027 -55"><span class='ocrx_word' id='word_1_856' title='bbox 1895 4922 1960 4975; x_wconf 86' lang='lat' dir='ltr'><strong>ad</strong></span> <span class='ocrx_word' id='word_1_857' title='bbox 1988 4928 2306 4994; x_wconf 87' lang='lat' dir='ltr'><strong>supplicium</strong></span> <span class='ocrx_word' id='word_1_858' title='bbox 2335 4933 2647 5004; x_wconf 84' lang='lat' dir='ltr'><strong>liberantes,</strong></span> <span class='ocrx_word' id='word_1_859' title='bbox 2682 4943 2773 4996; x_wconf 88' lang='lat' dir='ltr'><strong>sed</strong></span> <span class='ocrx_word' id='word_1_860' title='bbox 2801 4946 2973 5013; x_wconf 87' lang='lat' dir='ltr'><strong>reipsa</strong></span> <span class='ocrx_word' id='word_1_861' title='bbox 3002 4950 3279 5009; x_wconf 74' lang='lat' dir='ltr'><strong>defunctos</strong></span> <span class='ocrx_word' id='word_1_862' title='bbox 3308 4968 3359 5011; x_wconf 78' lang='lat' dir='ltr'><strong>et</strong></span> <span class='ocrx_word' id='word_1_863' title='bbox 3381 4960 3491 5029; x_wconf 77' lang='lat' dir='ltr'><strong>jam</strong></span> 
     </span>
    </p>
   </div>
   <div class='ocr_carea' id='block_1_106' title="bbox 1893 5017 3495 5112">
    <p class='ocr_par' dir='ltr' id='par_1_106' title="bbox 1893 5017 3495 5112">
     <span class='ocr_line' id='line_1_122' title="bbox 1893 5017 3495 5112; baseline 0.024 -47"><span class='ocrx_word' id='word_1_864' title='bbox 1893 5017 2187 5072; x_wconf 81' lang='lat' dir='ltr'><strong>exstinctos</strong></span> <span class='ocrx_word' id='word_1_865' title='bbox 2212 5037 2240 5073; x_wconf 89' lang='lat' dir='ltr'><strong>a</strong></span> <span class='ocrx_word' id='word_1_866' title='bbox 2281 5027 2503 5080; x_wconf 79' lang='lat' dir='ltr'><strong>inm-tuis</strong></span> <span class='ocrx_word' id='word_1_867' title='bbox 2527 5032 2863 5090; x_wconf 70' lang='lat' dir='ltr'><strong>exritantes?</strong></span> <span class='ocrx_word' id='word_1_868' title='bbox 2897 5039 2991 5093; x_wconf 90' lang='lat' dir='ltr'><strong>Ubi</strong></span> <span class='ocrx_word' id='word_1_869' title='bbox 3023 5056 3149 5112; x_wconf 88' lang='lat' dir='ltr'><strong>ergo</strong></span> <span class='ocrx_word' id='word_1_870' title='bbox 3169 5048 3495 5105; x_wconf 76' lang='lat' dir='ltr'><strong>cendemna-</strong></span> 
     </span>
    </p>
   </div>
   <div class='ocr_carea' id='block_1_107' title="bbox 1893 5108 3485 5210">
    <p class='ocr_par' dir='ltr' id='par_1_107' title="bbox 1893 5108 3485 5210">
     <span class='ocr_line' id='line_1_123' title="bbox 1893 5108 3485 5210; baseline 0.025 -52"><span class='ocrx_word' id='word_1_871' title='bbox 1893 5108 2057 5162; x_wconf 85' lang='lat' dir='ltr'><strong>runt?</strong></span> <span class='ocrx_word' id='word_1_872' title='bbox 2082 5112 2167 5165; x_wconf 88' lang='lat' dir='ltr'><strong>ubi</strong></span> <span class='ocrx_word' id='word_1_873' title='bbox 2194 5127 2221 5165; x_wconf 89' lang='lat' dir='ltr'><strong>a</strong></span> <span class='ocrx_word' id='word_1_874' title='bbox 2254 5126 2425 5171; x_wconf 91' lang='lat' dir='ltr'><strong>morte</strong></span> <span class='ocrx_word' id='word_1_875' title='bbox 2453 5119 2831 5180; x_wconf 84' lang='lat' dir='ltr'><strong>vindicarunt?</strong></span> <span class='ocrx_word' id='word_1_876' title='bbox 2860 5130 3098 5187; x_wconf 83' lang='lat' dir='ltr'><strong>Ananias</strong></span> <span class='ocrx_word' id='word_1_877' title='bbox 3141 5145 3196 5191; x_wconf 86' lang='lat' dir='ltr'><strong>et</strong></span> <span class='ocrx_word' id='word_1_878' title='bbox 3222 5137 3485 5210; x_wconf 84' lang='lat' dir='ltr'><strong>Sapphira</strong></span> 
     </span>
    </p>
   </div>
   <div class='ocr_carea' id='block_1_108' title="bbox 1894 5200 3491 5289">
    <p class='ocr_par' dir='ltr' id='par_1_108' title="bbox 1894 5200 3491 5289">
     <span class='ocr_line' id='line_1_124' title="bbox 1894 5200 3491 5289; baseline 0.024 -38"><span class='ocrx_word' id='word_1_879' title='bbox 1894 5200 2160 5271; x_wconf 89' lang='lat' dir='ltr'><strong>sacrilegii</strong></span> <span class='ocrx_word' id='word_1_880' title='bbox 2209 5209 2436 5262; x_wconf 87' lang='lat' dir='ltr'><strong>convicti</strong></span> <span class='ocrx_word' id='word_1_881' title='bbox 2473 5211 2584 5280; x_wconf 87' lang='lat' dir='ltr'><strong>jam</strong></span> <span class='ocrx_word' id='word_1_882' title='bbox 2632 5216 2838 5271; x_wconf 80' lang='lat' dir='ltr'><strong>fuerant</strong></span> <span class='ocrx_word' id='word_1_883' title='bbox 2869 5239 2882 5273; x_wconf 92' lang='lat'><strong>:</strong></span> <span class='ocrx_word' id='word_1_884' title='bbox 2915 5228 3122 5279; x_wconf 87' lang='lat' dir='ltr'><strong>tametsi</strong></span> <span class='ocrx_word' id='word_1_885' title='bbox 3168 5231 3312 5285; x_wconf 87' lang='lat' dir='ltr'><strong>enim</strong></span> <span class='ocrx_word' id='word_1_886' title='bbox 3364 5251 3491 5289; x_wconf 82' lang='lat' dir='ltr'><strong>suas</strong></span> 
     </span>
    </p>
   </div>
   <div class='ocr_carea' id='block_1_109' title="bbox 1890 5293 3485 5396">
    <p class='ocr_par' dir='ltr' id='par_1_109' title="bbox 1890 5293 3485 5396">
     <span class='ocr_line' id='line_1_125' title="bbox 1890 5293 3485 5396; baseline 0.024 -54"><span class='ocrx_word' id='word_1_887' title='bbox 1890 5293 2142 5359; x_wconf 84' lang='lat' dir='ltr'><strong>pecunias</strong></span> <span class='ocrx_word' id='word_1_888' title='bbox 2180 5294 2338 5353; x_wconf 82' lang='lat' dir='ltr'><strong>furati</strong></span> <span class='ocrx_word' id='word_1_889' title='bbox 2368 5312 2520 5357; x_wconf 88' lang='lat' dir='ltr'><strong>erant</strong></span> <span class='ocrx_word' id='word_1_890' title='bbox 2540 5347 2555 5371; x_wconf 91' lang='lat'><strong>,</strong></span> <span class='ocrx_word' id='word_1_891' title='bbox 2602 5306 2698 5361; x_wconf 78' lang='lat' dir='ltr'><strong>fuit</strong></span> <span class='ocrx_word' id='word_1_892' title='bbox 2726 5319 2901 5367; x_wconf 90' lang='lat' dir='ltr'><strong>tamen</strong></span> <span class='ocrx_word' id='word_1_893' title='bbox 2933 5317 3135 5375; x_wconf 89' lang='lat' dir='ltr'><strong>crimen</strong></span> <span class='ocrx_word' id='word_1_894' title='bbox 3176 5326 3439 5396; x_wconf 88' lang='lat' dir='ltr'><strong>sacrilegii</strong></span> <span class='ocrx_word' id='word_1_895' title='bbox 3469 5343 3485 5381; x_wconf 89' lang='lat'><strong>:</strong></span> 
     </span>
    </p>
   </div>
   <div class='ocr_carea' id='block_1_110' title="bbox 1887 5387 3489 5478">
    <p class='ocr_par' dir='ltr' id='par_1_110' title="bbox 1887 5387 3489 5478">
     <span class='ocr_line' id='line_1_126' title="bbox 1887 5387 3489 5478; baseline 0.022 -42"><span class='ocrx_word' id='word_1_896' title='bbox 1887 5387 2316 5457; x_wconf 84' lang='lat' dir='ltr'><strong>quandoquidem</strong></span> <span class='ocrx_word' id='word_1_897' title='bbox 2365 5406 2483 5462; x_wconf 91' lang='lat' dir='ltr'><strong>post</strong></span> <span class='ocrx_word' id='word_1_898' title='bbox 2511 5402 2921 5466; x_wconf 88' lang='lat' dir='ltr'><strong>promissionem</strong></span> <span class='ocrx_word' id='word_1_899' title='bbox 2956 5408 3065 5478; x_wconf 87' lang='lat' dir='ltr'><strong>jam</strong></span> <span class='ocrx_word' id='word_1_900' title='bbox 3113 5430 3218 5469; x_wconf 91' lang='lat' dir='ltr'><strong>non</strong></span> <span class='ocrx_word' id='word_1_901' title='bbox 3245 5429 3399 5471; x_wconf 89' lang='lat' dir='ltr'><strong>erant</strong></span> <span class='ocrx_word' id='word_1_902' title='bbox 3426 5420 3489 5473; x_wconf 80' lang='lat' dir='ltr'><strong>il-</strong></span> 
     </span>
    </p>
   </div>
   <div class='ocr_carea' id='block_1_111' title="bbox 1886 5475 3485 5574">
    <p class='ocr_par' dir='ltr' id='par_1_111' title="bbox 1886 5475 3485 5574">
     <span class='ocr_line' id='line_1_127' title="bbox 1886 5475 3485 5574; baseline 0.022 -45"><span class='ocrx_word' id='word_1_903' title='bbox 1886 5475 2057 5533; x_wconf 83' lang='lat' dir='ltr'><strong>lorum</strong></span> <span class='ocrx_word' id='word_1_904' title='bbox 2078 5484 2476 5555; x_wconf 55' lang='lat' dir='ltr'><strong>pecuniaﬂuid</strong></span> <span class='ocrx_word' id='word_1_905' title='bbox 2496 5490 2695 5561; x_wconf 81' lang='lat' dir='ltr'><strong>igiturA</strong></span> <span class='ocrx_word' id='word_1_906' title='bbox 2706 5500 2942 5563; x_wconf 86' lang='lat' dir='ltr'><strong>postolus</strong></span> <span class='ocrx_word' id='word_1_907' title='bbox 2959 5500 2981 5552; x_wconf 68' lang='grc' dir='ltr'><strong>ἱ)</strong></span> <span class='ocrx_word' id='word_1_908' title='bbox 2997 5503 3133 5558; x_wconf 83' lang='lat' dir='ltr'><strong>Audi</strong></span> <span class='ocrx_word' id='word_1_909' title='bbox 3147 5523 3242 5573; x_wconf 84' lang='lat' dir='ltr'><strong>qua</strong></span> <span class='ocrx_word' id='word_1_910' title='bbox 3260 5509 3485 5574; x_wconf 86' lang='lat' dir='ltr'><strong>ratione,</strong></span> 
     </span>
    </p>
   </div>
   <div class='ocr_carea' id='block_1_112' title="bbox 1887 5574 3478 5666">
    <p class='ocr_par' dir='ltr' id='par_1_112' title="bbox 1887 5574 3478 5666">
     <span class='ocr_line' id='line_1_128' title="bbox 1887 5574 3478 5666; baseline 0.022 -46"><span class='ocrx_word' id='word_1_911' title='bbox 1887 5577 2153 5639; x_wconf 87' lang='lat' dir='ltr'><strong>tamquam</strong></span> <span class='ocrx_word' id='word_1_912' title='bbox 2178 5574 2230 5628; x_wconf 91' lang='lat' dir='ltr'><strong>in</strong></span> <span class='ocrx_word' id='word_1_913' title='bbox 2248 5575 2450 5645; x_wconf 87' lang='lat' dir='ltr'><strong>judicio</strong></span> <span class='ocrx_word' id='word_1_914' title='bbox 2472 5585 2779 5651; x_wconf 87' lang='lat' dir='ltr'><strong>considens,</strong></span> <span class='ocrx_word' id='word_1_915' title='bbox 2805 5591 3119 5663; x_wconf 82' lang='lat' dir='ltr'><strong>sacrilegum</strong></span> <span class='ocrx_word' id='word_1_916' title='bbox 3140 5595 3206 5651; x_wconf 89' lang='lat' dir='ltr'><strong>ad</strong></span> <span class='ocrx_word' id='word_1_917' title='bbox 3222 5598 3478 5666; x_wconf 88' lang='lat' dir='ltr'><strong>judicium</strong></span> 
     </span>
    </p>
   </div>
   <div class='ocr_carea' id='block_1_113' title="bbox 1884 5660 3473 5762">
    <p class='ocr_par' dir='ltr' id='par_1_113' title="bbox 1884 5660 3473 5762">
     <span class='ocr_line' id='line_1_129' title="bbox 1884 5660 3473 5762; baseline 0.023 -51"><span class='ocrx_word' id='word_1_918' title='bbox 1884 5660 2069 5727; x_wconf 78' lang='lat' dir='ltr'><strong>sistat,</strong></span> <span class='ocrx_word' id='word_1_919' title='bbox 2105 5674 2158 5720; x_wconf 87' lang='lat' dir='ltr'><strong>et</strong></span> <span class='ocrx_word' id='word_1_920' title='bbox 2183 5666 2654 5741; x_wconf 76' lang='lat' dir='ltr'><strong>interregationem</strong></span> <span class='ocrx_word' id='word_1_921' title='bbox 2687 5686 2953 5751; x_wconf 86' lang='lat' dir='ltr'><strong>tamquam</strong></span> <span class='ocrx_word' id='word_1_922' title='bbox 2986 5660 3152 5754; x_wconf 26' lang='lat' dir='ltr'><strong>jvudex</strong></span> <span class='ocrx_word' id='word_1_923' title='bbox 3183 5689 3473 5762; x_wconf 86' lang='lat' dir='ltr'><strong>adhibeat,</strong></span> 
     </span>
    </p>
   </div>
   <div class='ocr_carea' id='block_1_114' title="bbox 1948 5786 3480 5877">
    <p class='ocr_par' dir='ltr' id='par_1_114' title="bbox 1948 5786 3480 5877">
     <span class='ocr_line' id='line_1_130' title="bbox 1948 5786 3480 5877; baseline 0.023 -45"><span class='ocrx_word' id='word_1_924' title='bbox 1948 5786 1961 5814; x_wconf 87' lang='grc'>¹</span> <span class='ocrx_word' id='word_1_925' title='bbox 1997 5786 2164 5877; x_wconf 41' lang='lat' dir='ltr'><strong>9),th</strong></span> <span class='ocrx_word' id='word_1_926' title='bbox 2209 5794 2491 5877; x_wconf 75' lang='lat' dir='ltr'><strong>sententiam</strong></span> <span class='ocrx_word' id='word_1_927' title='bbox 2540 5804 2691 5877; x_wconf 79' lang='lat' dir='ltr'><strong>potest</strong></span> <span class='ocrx_word' id='word_1_928' title='bbox 2737 5802 3046 5869; x_wconf 80' lang='lat' dir='ltr'><strong>rescindere;</strong></span> <span class='ocrx_word' id='word_1_929' title='bbox 3087 5817 3240 5874; x_wconf 78' lang='lat' dir='ltr'><strong>potest</strong></span> <span class='ocrx_word' id='word_1_930' title='bbox 3284 5815 3480 5877; x_wconf 70' lang='lat' dir='ltr'><strong>quidm:</strong></span> 
     </span>
    </p>
   </div>
   <div class='ocr_carea' id='block_1_115' title="bbox 1886 5847 3235 5937">
    <p class='ocr_par' dir='ltr' id='par_1_115' title="bbox 1886 5847 3235 5937">
     <span class='ocr_line' id='line_1_131' title="bbox 1886 5847 3235 5937; baseline 0.024 -43"><span class='ocrx_word' id='word_1_931' title='bbox 1886 5847 2031 5899; x_wconf 87' lang='lat' dir='ltr'><strong>morti</strong></span> <span class='ocrx_word' id='word_1_932' title='bbox 2052 5851 2265 5915; x_wconf 78' lang='lat' dir='ltr'><strong>tradere,</strong></span> <span class='ocrx_word' id='word_1_933' title='bbox 2287 5869 2317 5904; x_wconf 88' lang='lat' dir='ltr'><strong>a</strong></span> <span class='ocrx_word' id='word_1_934' title='bbox 2338 5865 2488 5909; x_wconf 78' lang='lat' dir='ltr'><strong>morte</strong></span> <span class='ocrx_word' id='word_1_935' title='bbox 2520 5847 2686 5912; x_wconf 61' lang='lat' dir='ltr'><strong>(intem</strong></span> <span class='ocrx_word' id='word_1_936' title='bbox 2703 5847 3041 5920; x_wconf 57' lang='lat' dir='ltr'><strong>réitiézfé&#39;naui</strong></span> <span class='ocrx_word' id='word_1_937' title='bbox 3068 5847 3235 5937; x_wconf 50' lang='grc' dir='ltr'><strong>ρ’ἓῖἷῖ</strong></span> 
     </span>
    </p>
   </div>
  </div>
