4010 6342
420 393 491 449 9‘5

413 520 477 560 ae
520 498 833 558 sententiam
861 490 1054 550 deinde
1093 476 1419 561 pronuntiet.
1464 487 1649 556 Neque
1690 484 1832 539 enim
1883 490 2006 536 ante

410 613 571 670 quam
610 593 910 652 sciscitatur
934 632 949 659 ,
982 589 1083 644 fert
1128 587 1445 643 sententiam
1477 602 1488 636 :
1519 593 1837 652 quamquam
1866 577 2009 632 enim

416 668 755 748 manifestum
786 694 904 743 erat
929 683 1217 747 delictum,
1248 688 1426 734 tamen
1470 686 1527 729 ut
1564 674 1719 729 nobis
1759 671 1848 741 qui
1880 668 2012 723 foris

415 786 687 841 adstamus
729 775 1077 850 persuaderet
1100 773 1301 843 justam
1332 784 1360 822 a
1386 784 1447 823 se
1487 766 1615 822 ferri
1643 762 1965 819 sententiam
1991 801 2005 823 ,

419 885 697 949 propterea
728 869 1203 941 interrogationem
1243 862 1459 919 adhibet
1494 860 1575 915 his
1604 857 1782 913 verbis
1811 865 1967 909 utens
1996 870 2010 905 :

417 946 771 1039 Cur'intpkuit
798 973 1002 1019 satanas
1025 977 1112 1015 cor
1157 969 1297 1021 tuum
1320 997 1336 1021 ,
1371 964 1429 1009 ut
1472 951 1755 1008 mentireris
1794 946 2014 1017 Spiritui

420 1071 635 1126 sancto,
678 1068 724 1113 et
767 1054 1032 1127 fraudares
1080 1050 1143 1105 de
1194 1049 1355 1121 pretio
1399 1044 1553 1114 agri?
1596 1040 1780 1096 Nonne
1808 1052 2015 1091 manens

422 1156 510 1210 tibi
538 1151 791 1217 manebat,
820 1157 867 1203 et
889 1144 1243 1201 venumdatam
1268 1141 1321 1193 in
1352 1148 1438 1191 tua
1459 1145 1565 1190 erat
1593 1129 1871 1202 potestate?
1896 1127 2017 1181 Non

421 1268 472 1305 es
502 1245 736 1303 mentitus
765 1238 1083 1302 hominibus,
1124 1234 1212 1289 sed
1241 1232 1348 1287 Deo
1380 1229 1526 1302 (Act.
1569 1226 1622 1281 5.
1666 1224 1719 1278 5.
1745 1224 1779 1278 4
1802 1223 1841 1289 ).
1881 1217 2018 1287 Quid

428 1343 582 1411 igitur
610 1334 830 1392 audiens
867 1332 959 1386 ille
987 1340 1265 1385 sermones
1292 1322 1463 1378 istos?
1493 1316 1732 1377 Cecidit.
1762 1322 1815 1369 et
1844 1310 2022 1382 exspi-

430 1403 588 1492 ravit.
617 1428 780 1483 Vides
805 1434 859 1479 ut
877 1422 1112 1495 gladium
1134 1419 1295 1472 etiam
1322 1413 1553 1468 habeant
1574 1404 1855 1478 Apostoli?
1882 1403 2018 1457 Cum

426 1525 691 1577 dicentem
720 1491 939 1572 Paulum
967 1508 1254 1570 audiveris,
1290 1503 1357 1558 In
1386 1500 1619 1557 omnibus
1645 1495 1871 1568 gladium
1897 1491 2020 1562 Spi-

431 1615 573 1676 ritus,
600 1608 734 1679 quod
758 1615 834 1661 est
860 1601 1062 1658 uerbum
1082 1597 1179 1653 Dei
1206 1594 1440 1669 (Epltes.
1464 1591 1520 1647 6.
1556 1591 1619 1644 l7
1648 1590 1666 1657 )
1693 1627 1711 1654 ,
1741 1582 2021 1641 recordare

433 1674 713 1763 sententia:
740 1699 913 1763 istius,
941 1692 1081 1766 quod
1134 1703 1394 1760 nusquam
1426 1682 1635 1755 gladius
1673 1681 1742 1734 sit
1770 1720 1786 1744 ,
1820 1685 1873 1732 et
1905 1674 2023 1729 solo

432 1796 596 1853 verbo
623 1791 912 1859 sacrilegus
942 1764 1225 1856 percussus
1266 1775 1539 1833 ceciderit.
1578 1770 1761 1826 Vidisti
1790 1764 2023 1838 gladium

431 1896 713 1944 exacutum
754 1897 817 1937 ac
843 1875 1143 1934 nudatum?
1174 1872 1447 1941 Nusquam
1476 1866 1673 1921 ferrqu
1700 1905 1714 1930 ,
1762 1872 2023 1930 nusquam

432 1978 656 2048 capulus
679 2017 692 2039 ,
726 1986 988 2042 nusquam
1034 1980 1221 2023 manus
1251 1982 1265 2017 τ
1298 1960 1391 2017 sed
1440 1960 1557 2013 locu
1584 1969 1777 2011 manus
1798 1953 1979 2022 lingua
2007 1991 2023 2014 ,

437 2042 596 2126 verba
626 2065 905 2139 proferens
945 2064 1062 2117 loco
1085 2056 1281 2128 gladii,
1326 2051 1605 2109 confestim
1636 2049 1783 2103 illum
1812 2042 2024 2101 occidit.

439 2164 565 2218 Post
590 2138 733 2215 hunc
758 2155 995 2211 introivit
1037 2166 1205 2213 uxor,
1233 2157 1289 2203 et
1316 2145 1656 2201 occasionem
1694 2138 1766 2193 illi
1804 2150 2029 2193 excusa-

440 2254 599 2311 tionis
614 2293 630 2319 ,
659 2265 842 2305 ansam
863 2246 1033 2301 venia:
1056 2241 1296 2313 praebere
1320 2236 1485 2293 voluit
1510 2253 1521 2288 :
1548 2241 1826 2304 propterea
1848 2242 2031 2283 rursus

441 2340 854 2415 interrogat,Dic
870 2337 1013 2402 mihi,
1031 2334 1209 2390 sitanti
1229 2345 1406 2402 agrum
1425 2324 1852 2391 vendidistis(.4ct.
1877 2321 1929 2375 5.
1951 2320 2029 2388 8).

440 2436 677 2495 Tametsi
706 2451 809 2491 non
834 2432 962 2487 tanti
985 2426 1254 2484 venditum
1276 2422 1476 2478 sciebat
1506 2437 1519 2473 :
1552 2416 1646 2473 sed
1675 2416 1915 2483 utipsam
1938 2426 2037 2482 per

447 2528 921 2599 interrogationem
953 2522 1016 2575 ad
1047 2516 1410 2590 pmnitentiam
1444 2511 1711 2572 invitaret.
1745 2520 1807 2563 ac
1836 2506 2037 2579 peccati

443 2638 503 2681 se
534 2621 933 2681 condemnaret,
956 2622 1009 2669 et
1031 2610 1104 2667 illi
1128 2609 1335 2665 veniam
1359 2606 1673 2675 impertiret,
1704 2602 1900 2659 idci'co
1918 2616 2036 2656 eam

446 2715 739 2781 interrogat
770 2731 783 2765 :
815 2708 903 2763 illa
950 2716 1125 2759 tamen
1173 2701 1225 2755 in
1269 2697 1592 2769 impudentia
1626 2696 2038 2765 perseverabat;

448 2813 730 2877 propterea
759 2801 812 2856 in
836 2796 1166 2855 consortium
1201 2789 1444 2863 supplicii
1479 2789 1651 2843 mariti
1683 2788 1847 2842 venit.
1883 2786 2043 2841 Vides

447 2897 683 2955 carceris
704 2890 1057 2966 potestatem?
1084 2885 1231 2941 vides
1259 2894 1315 2938 ut
1343 2882 1550 2952 possint
1577 2880 1643 2935 ad
1670 2890 1898 2935 mortem
1924 2878 2047 2933 mit-

446 2990 612 3048 vtcre?
640 2987 924 3043 Videamus
953 2981 1003 3035 id
1032 2978 1172 3049 quod
1203 2976 1392 3031 melius
1417 2984 1520 3042 est,
1546 2987 1653 3043 quo
1680 2981 1835 3042 pacto
1863 2984 2049 3025 rursus

450 3099 480 3137 a
506 3087 687 3137 morte
712 3082 981 3133 revocent.
1010 3068 1235 3126 'fabitha
1265 3066 1521 3136 discipula
1552 3073 1761 3118 mortua
1783 3072 1868 3117 est
1887 3102 1904 3130 ,
1931 3076 2051 3133 qua:

448 3173 636 3228 multis
659 3164 1016 3236 eleemosynis
1038 3160 1266 3217 celebris
1291 3166 1429 3222 erat,
1456 3164 1511 3211 et
1533 3155 1600 3209 ad
1626 3152 1911 3224 Apostolus
1939 3161 2052 3205 sta-

455 3266 551 3321 tim
577 3262 830 3318 curritur.
857 3255 1113 3313 Sciebant
1140 3252 1284 3307 enim
1312 3250 1432 3304 illos
1454 3248 1642 3302 mortis
1667 3261 1730 3300 ac
1756 3246 1878 3301 vita:
1907 3254 2057 3314 pote-

456 3367 649 3413 atatem
678 3353 875 3409 habere
905 3369 919 3405 :
947 3348 1184 3404 sciebant
1209 3344 1480 3401 caelestem
1509 3341 1868 3410 principatum
1907 3339 2059 3393 dela-

460 3465 613 3520 psum
646 3448 697 3503 in
726 3456 915 3501 terras.
939 3440 1074 3508 Quid
1096 3454 1224 3509 ergo
1244 3436 1469 3492 Petrus?
1500 3434 1733 3501 Tabitlta,
1751 3449 1899 3504 surge
1922 3432 2056 3500 (Act.

460 3546 521 3601 9.
545 3543 649 3612 40)
675 3580 691 3606 ,
718 3540 904 3610 inquit.
936 3535 1091 3591 Nullo
1119 3534 1225 3586 alio
1247 3531 1318 3586 illi
1345 3544 1479 3601 opus
1506 3527 1623 3593 fuit,
1648 3543 1756 3582 non
1782 3526 2059 3591 ministris,

462 3652 568 3691 non
599 3631 828 3695 famulis;
856 3627 951 3684 sed
969 3627 1033 3681 ad
1057 3623 1501 3680 resurrectionem
1521 3619 1681 3674 verba
1703 3618 2022 3673 suffecerunt
2046 3631 2061 3680 ;

464 3742 653 3785 vocem
682 3726 842 3796 igitur
867 3719 1067 3775 audivit
1095 3731 1239 3771 mors
1262 3756 1278 3781 ,
1310 3723 1363 3768 et
1385 3712 1620 3767 retinere
1660 3719 1928 3764 mortuam
1960 3723 2065 3761 non

469 3820 662 3894 potuit.
694 3814 856 3871 Vides
883 3811 1067 3883 quales
1087 3808 1196 3863 sint
1228 3805 1467 3876 judicum
1496 3801 1719 3857 istorum
1750 3802 1952 3855 voces?
1980 3796 2066 3875 Si-

466 3893 680 3985 quidem
707 3917 1050 3965 externorum
1094 3901 1333 3972 judicum
1379 3911 1541 3952 voces
1589 3893 1873 3949 imbecilla:
1922 3902 2065 3946 sunt.

470 4008 619 4062 Licet
642 4003 785 4059 enim
810 4001 1037 4069 imperet
1063 4010 1128 4049 ex
1157 3992 1263 4047 illis
1288 3990 1549 4061 quiSpiam
1576 4028 1589 4051 ,
1622 3987 1666 4041 si
1696 3986 1924 4040 famulus
1963 3999 2069 4036 non

470 4099 837 4164 obtemperet,
867 4106 953 4145 res
992 4090 1247 4157 imperata
1282 4079 1691 4148 interrumpitur
1725 4095 1739 4131 :
1773 4076 1860 4131 hic
1888 4087 2068 4129 autem

475 4206 579 4245 non
607 4197 689 4242 est
708 4200 841 4254 opus
860 4181 1089 4244 famulis;
1117 4185 1318 4231 tantum
1348 4172 1500 4238 dixit,
1528 4181 1583 4226 et
1605 4172 1857 4226 continuo
1878 4169 2074 4223 factum

481 4293 582 4339 est.
608 4279 769 4334 Vides
790 4291 975 4331 eorum
1004 4285 1301 4333 carcerem,
1331 4266 1473 4337 quod
1514 4265 1852 4336 magistratus
1881 4275 1965 4319 est
1992 4263 2071 4316 in-

478 4374 629 4444 signe
662 4387 675 4422 :
706 4367 878 4433 vides,
909 4380 1013 4435 quo
1038 4370 1195 4432 pacto
1226 4366 1439 4430 peccata
1466 4356 1758 4420 dimittant,
1784 4369 1892 4425 quo
1923 4360 2079 4424 pacto

480 4472 710 4520 mortem
738 4458 1021 4514 discutiant
1047 4494 1061 4519 ,
1090 4469 1194 4522 quo
1222 4460 1376 4522 pacto
1407 4448 1458 4502 in
1486 4450 1647 4502 vitam
1680 4454 1957 4503 revocent.
1989 4445 2081 4500 Vis

480 4555 750 4626 cingulum
776 4551 936 4606 etiam
962 4548 1175 4602 illorum
1204 4544 1564 4614 cognoscere?
1590 4539 1861 4611 Siquidem
1878 4538 2082 4594 cinctos

484 4650 604 4704 illos
632 4644 777 4700 misit
803 4641 1050 4697 Christus
1071 4653 1175 4693 non
1205 4637 1374 4701 corio,
1419 4634 1513 4689 sed
1534 4635 1761 4688 veritate
1788 4648 1803 4697 ;
1836 4631 1939 4685 hoc
1964 4630 2082 4684 cin-

484 4742 665 4819 gulum
710 4742 952 4791 sanctum
994 4740 1047 4786 et
1076 4728 1388 4799 spirituale;
1429 4733 1711 4796 propterea
1748 4721 1877 4777 dicit
1907 4739 1922 4772 :
1951 4720 2084 4775 Suc-

488 4817 638 4891 cincti
675 4832 871 4889 lumbos
900 4840 1086 4885 vestros
1115 4829 1167 4881 in
1208 4828 1412 4880 veritate
1444 4823 1464 4894 (
1490 4820 1683 4890 Ephes.
1718 4819 1772 4874 6.
1803 4820 1871 4874 M
1890 4818 1930 4889 ).
1958 4817 2081 4887 Spi-

492 4927 701 4981 ritualis
727 4925 869 4979 enim
892 4931 975 4977 est
999 4920 1339 4990 magistratus
1362 4956 1377 4980 ,
1408 4913 1656 4985 quocirca
1682 4910 1810 4965 nihil
1836 4908 2090 4965 sensibile

495 5017 841 5089 qumrendum
865 5032 880 5080 ;
909 5014 1088 5067 Omnis
1117 5012 1313 5081 quippe
1342 5007 1506 5078 gloria
1552 5005 1676 5073 ﬁlia:
1704 5003 1836 5073 regis
1861 5002 1923 5054 ab
1955 5002 2090 5054 intus

497 5115 515 5182 (
543 5110 740 5165 Psalm.
769 5109 860 5164 Η.
894 5107 961 5161 11
985 5108 1025 5175 ).

572 5200 848 5268 Carniﬁces
872 5192 1300 5263 habentApostoli
1338 5192 1616 5245 daemonas.
1676 5219 1749 5235 —
1799 5186 1903 5243 Sed
1942 5183 2097 5256 quid?

497 5303 633 5343 num
674 5280 1433 5340 viscamificesetiamvidere?
1462 5278 1754 5334 Carniliees
1796 5285 1958 5340 sunt,
2004 5274 2093 5345 qui

503 5397 625 5435 rens
657 5379 819 5447 virgis
846 5377 1079 5439 cmdunt,
1110 5375 1199 5444 qui
1224 5376 1276 5427 in
1306 5373 1451 5443 ligno
1477 5368 1828 5439 suspendunt,
1852 5377 1907 5423 et
1931 5367 2095 5421 latera

504 5472 811 5535 deradunt,
842 5469 931 5539 qui
977 5467 1277 5537 castigant,
1308 5465 1396 5533 qui
1443 5463 1686 5533 puniunt.
1732 5459 1897 5515 Visne
1940 5459 2099 5528 igitur

508 5569 646 5621 istos
670 5562 899 5618 videre?
928 5558 1043 5615 Non
1073 5557 1318 5613 homines
1345 5555 1560 5619 habent,
1594 5552 1686 5607 sed
1719 5553 1890 5623 ipsum
1916 5550 2101 5605 diabo.

513 5655 1005 5733 lum,etda?mones
1039 5668 1051 5704 :
1081 5649 1415 5720 quicorpore
1454 5656 1579 5702 sunt
1606 5656 1661 5700 et
1688 5660 1849 5700 carne
1875 5645 2103 5699 circum-

515 5751 660 5818 dati,
692 5749 966 5804 ministras
993 5742 1260 5801 habebant
1308 5743 1651 5812 incorporeas
1690 5740 1934 5794 virtutes.
1966 5738 2099 5794 Audi

518 5856 648 5900 sane
667 5856 773 5916 quo
795 5849 949 5915 pacto
970 5852 1092 5897 cum
1117 5834 1433 5894 auctoritate
1449 5831 1645 5892 Paulus
1666 5832 1771 5890 illis
1791 5833 2098 5903 imperaret:

1125 376 1197 434 'S.
1238 372 1518 432 JOANNlS
1554 366 2030 428 CIIRYSOSTOMI
2070 363 2388 423 AHClle'P.
2428 358 2967 423 CONSTANTIND'P.

2119 481 2381 552 siquidem
2410 481 2478 536 de
2504 496 2570 535 eo
2599 481 2689 552 qui
2718 480 3008 536 fornicatus
3034 489 3168 544 erat,
3198 476 3437 532 scribens
3461 474 3676 531 dicebat
3700 494 3716 527 :

2131 571 2339 627 Tradite
2383 574 2674 644 Itujusmodi
2699 584 2892 628 satana
2914 574 2968 626 in
2997 574 3251 626 interitum
3279 572 3445 624 carnis
3474 570 3493 639 (
3515 572 3569 624 1.
3590 568 3719 624 Cor.

2121 665 2174 719 5.
2209 664 2305 737 5).
2341 665 2545 721 Rursus
2596 681 2717 721 cum
2752 665 2842 719 alii
2872 664 3305 733 blasphemarent
3327 704 3343 729 ,
3397 661 3498 717 hoe
3540 661 3723 730 ipsum

2122 757 2244 812 fecit
2274 777 2284 811 :
2307 755 2520 811 Tradidi
2544 759 2677 811 enim
2700 758 2837 823 illos,
2866 757 3055 827 inquit,
3080 764 3294 819 satana’,
3319 764 3373 807 ut
3397 754 3595 806 discant
3614 768 3724 806 non

2122 848 2468 917 blasphemare
2487 850 2565 918 (1.
2588 848 2724 903 Tim.
2746 850 2798 903 1.
2821 848 2892 902 ‘20
2913 848 2951 916 ).
2967 847 3102 914 Quid
3122 854 3286 902 restat
3304 844 3726 901 Ostendendnm?

2123 958 2249 997 num
2278 957 2469 996 currus
2498 945 2659 997 etiam
2705 942 2825 996 illos
2855 940 3097 995 habere?
3134 938 3239 994 Sed
3266 954 3333 993 ne
3362 939 3477 993 haec
3502 937 3724 1007 quidem

2123 1038 2279 1094 nobis
2330 1037 2718 1094 demonstratio
2770 1035 2993 1090 deerit:
3044 1032 3306 1101 siquidem
3360 1030 3663 1100 Philippum
3700 1070 3718 1092 ,

2124 1141 2404 1201 postquam
2434 1128 2739 1185 eunuchum
2771 1126 3093 1195 baptizavit,
3142 1134 3197 1177 et
3239 1123 3407 1177 sacris
3450 1119 3728 1192 mysteriis

2126 1222 2387 1289 initiavit,
2417 1235 2537 1276 cum
2580 1217 2958 1275 revertendum
3012 1216 3083 1270 illi
3114 1224 3293 1277 esset,
3346 1214 3521 1283 rapuit
3547 1212 3728 1282 ipsum

2130 1314 2401 1385 Spiritus,
2446 1321 2502 1368 et
2528 1326 2558 1367 a
2588 1312 2801 1366 deserto
2831 1310 3117 1365 translatus
3158 1306 3313 1363 Διοιί
3356 1314 3598 1373 repertus
3640 1313 3734 1358 est

2128 1409 2279 1478 (Act.
2312 1407 2368 1462 8.
2396 1406 2485 1462 59.
2516 1405 2644 1474 40).
2677 1403 2839 1458 Vides
2877 1417 3096 1457 currum
3127 1400 3324 1454 alatnm
3348 1399 3372 1449 ?
3395 1397 3545 1451 vides
3584 1395 3735 1450 cele-

2126 1502 2239 1556 rius
2263 1510 2422 1555 vento
2462 1498 2801 1555 vehiculum?
2827 1497 3033 1551 Rursus
3074 1496 3126 1549 in
3160 1493 3461 1563 paradisum
3506 1506 3735 1562 pergere

2129 1595 2445 1666 Apostolum
2472 1594 2706 1663 oportuit
2731 1633 2745 1658 ,
2777 1600 2919 1646 tanta
2948 1590 3153 1643 itineris
3178 1585 3579 1657 longinquitate,
3619 1595 3732 1637 tam

2130 1690 2392 1744 immenso
2419 1688 2663 1743 dissitum
2708 1684 2991 1739 intervallo
3022 1700 3034 1733 :
3066 1691 3176 1735 tum
3216 1680 3306 1734 ille
3343 1679 3521 1733 subito
3547 1684 3735 1745 raptus

2132 1782 2253 1835 illuc
2275 1781 2422 1834 nullo
2439 1780 2650 1849 negotio
2665 1787 2718 1833 et
2746 1777 2798 1831 in
2818 1776 2963 1830 brevi
2994 1782 3265 1828 momento
3286 1770 3544 1839 temporis
3558 1776 3733 1822 trans-

2130 1874 2403 1931 ferebatur
2452 1870 2548 1943 (2.
2579 1868 2697 1924 Cor.
2732 1866 2874 1922 12.2
2894 1864 2934 1937 ).
2976 1864 3133 1920 Tales
3160 1864 3320 1932 igitur
3343 1873 3535 1915 currus
3563 1866 3691 1911 sunt
3718 1874 3735 1910 ς

2133 1980 2235 2018 vox
2259 1974 2435 2019 autem
2483 1962 2746 2033 prrcconis
2792 1969 2875 2013 est
2904 2000 2917 2021 ,
2950 1967 3005 2013 et
3037 1958 3149 2026 ipsa
3199 1956 3384 2010 rursus
3425 1952 3740 2022 magistratu

2132 2058 2311 2128 digna.
2352 2056 2466 2110 Non
2493 2057 2637 2112 enim
2676 2051 3027 2109 antecedebat
3052 2051 3172 2105 illos
3203 2050 3364 2102 homo
3390 2061 3574 2101 vocem
3598 2044 3727 2099 mit-

2134 2158 2255 2204 tens
2274 2191 2290 2216 ,
2313 2164 2498 2204 verum
2528 2148 2756 2218 Spiritus
2780 2146 2947 2217 gratia
2968 2186 2984 2211 ,
3012 2154 3067 2198 et
3096 2158 3191 2212 per
3219 2139 3470 2197 miracula
3512 2137 3739 2193 demnt-

2136 2241 2323 2296 stratio
2342 2241 2528 2309 quavis
2557 2240 2677 2295 tuba
2700 2237 2977 2293 clariorem
3000 2250 3181 2291 vocem
3210 2233 3470 2297 mittebat,
3494 2240 3651 2300 atque
3672 2230 3746 2281 ita

2137 2333 2278 2387 viam
2300 2332 2405 2387 illis
2434 2332 2628 2401 ubique
2659 2330 2909 2386 faciebat.
2936 2325 3469 2398 thuemadmodum
3496 2324 3546 2378 in
3570 2322 3743 2377 multa

2140 2423 2397 2495 dignitate
2420 2438 2482 2478 ac
2513 2422 2902 2493 magnificentia
2927 2419 3200 2474 constituti
3229 2426 3353 2472 sunt
3375 2416 3743 2484 magistratus,

2144 2532 2243 2573 nec
2262 2517 2457 2571 audent
2474 2515 2659 2586 privati
2679 2516 2873 2584 passim
2894 2527 3014 2567 cum
3041 2510 3146 2566 illis
3167 2507 3380 2564 misceri
3407 2525 3419 2560 ε
3443 2506 3589 2560 sicin
3605 2506 3752 2573 Apo-

2145 2611 2296 2665 stolis
2324 2609 2601 2664 accidebat
2628 2606 2973 2663 :therorum
3003 2604 3171 2667 enim,
3198 2600 3387 2671 inquit,
3418 2614 3562 2652 nemo
3588 2598 3753 2650 aude-

2147 2703 2230 2756 bat
2257 2718 2309 2755 se
2336 2702 2643 2771 conjungere
2679 2699 2821 2761 illis;
2855 2697 2944 2753 sed
2988 2694 3343 2766 magniﬁcabat
3396 2708 3479 2745 eos
3527 2691 3752 2761 populus

2151 2796 2168 2863 (
2194 2796 2306 2847 Act.
2329 2794 2382 2851 5.
2408 2794 2475 2848 l3
2498 2795 2537 2863 ).
2559 2792 2720 2845 Vides
2739 2790 2971 2845 careeris
2994 2794 3334 2858 potestatem,
3356 2794 3412 2839 et
3442 2782 3755 2837 remittendi

2151 2890 2329 2945 debita
2353 2887 2679 2951 facultatem,
2702 2891 2757 2939 et
2779 2882 2981 2954 gladios
3000 2881 3117 2934 illos
3143 2878 3413 2943 habuisse,
3435 2875 3759 2946 cinguloque

2155 2981 2316 3035 fuisse
2354 2976 2670 3049 praecinctos
2693 3017 2709 3043 ,
2756 2989 2915 3028 curru
2944 2981 3127 3026 vectos
3152 3012 3167 3036 ,
3211 2984 3397 3024 vocem
3448 2966 3759 3037 praecedere

2157 3072 2344 3144 quavis
2371 3070 2493 3124 tuba
2520 3068 2822 3132 clariorem,
2856 3075 2911 3119 et
2938 3063 2990 3117 in
3023 3063 3186 3117 multa
3215 3075 3408 3132 pompa
3437 3058 3556 3111 illos
3587 3056 3760 3111 fuisse

2158 3179 2220 3219 ac
2247 3160 2530 3232 splendore
2556 3156 2882 3213 decoratos?

2232 3258 2283 3311 6.
2322 3256 2401 3309 Ad
2446 3270 2605 3323 nuper
2640 3252 2954 3306 illuminatos
2991 3248 3292 3301 cohortatio.
3320 3274 3390 3284 —
3426 3243 3541 3297 Jam
3573 3257 3757 3314 opera!

2166 3349 2395 3416 pretium
2426 3344 2585 3399 fuerit
2608 3353 2663 3397 et
2690 3356 2877 3397 onmes
2909 3340 3119 3393 illorum
3162 3351 3248 3391 res
3286 3336 3540 3405 praeclare
3580 3343 3765 3404 gestas

2165 3439 2401 3496 indicare
2426 3478 2441 3502 ,
2473 3446 2525 3491 et
2551 3451 2669 3505 qua:
2704 3434 2912 3488 illorum
2946 3432 2997 3485 in
3028 3429 3213 3483 orbem
3252 3436 3510 3481 terrarum
3549 3433 3767 3478 exstent

2167 3535 2446 3592 beneficia.
2473 3531 2603 3585 Nam
2638 3537 2692 3584 et
2731 3528 2837 3581 hoc
2870 3525 3272 3594 magistratuum
3300 3530 3419 3584 est,
3448 3529 3504 3573 ut
3530 3517 3769 3573 non'ho-

2170 3644 2300 3684 nore
2328 3634 2531 3679 tantum
2571 3620 2846 3681 fruantur,
2888 3615 2979 3671 sed
3017 3623 3071 3669 et
3100 3612 3318 3667 multam
3350 3608 3767 3663 sollicitudinem

2171 3729 2223 3773 et
2251 3732 2435 3773 curam
2461 3728 2585 3784 erga
2622 3710 2862 3765 subditos
2891 3722 2999 3777 pra:
3026 3720 3085 3760 se
3111 3703 3303 3757 ferant.
3332 3700 3439 3755 Sed
3473 3701 3581 3768 jam
3615 3699 3768 3768 plura

2172 3812 2312 3866 dicta
2343 3815 2502 3870 sunt,
2532 3818 2691 3875 quam
2721 3800 3020 3871 oportebat.
3048 3797 3307 3865 Quocirca
3334 3792 3399 3847 ad
3426 3792 3587 3847 alium
3614 3788 3773 3845 diffe-

2174 3917 2302 3958 rens
2341 3901 2441 3955 ista
2480 3904 2792 3958 tractatum,
2833 3891 2898 3946 ad
2943 3905 3129 3945 eorum
3172 3886 3597 3941 eohortationem
3622 3923 3639 3948 ,
3675 3884 3774 3953 qui

2178 4009 2347 4063 nuper
2377 3989 2657 4046 illuminati
2689 3992 2832 4050 sunt,
2863 3981 3142 4037 traducere
3174 3990 3476 4032 sermonem
3507 3973 3771 4029 conabor.

2177 4086 2347 4141 Nemo
2368 4091 2543 4138 autem
2570 4078 2849 4135 consilium
2872 4073 3146 4130 existimet
3171 4069 3601 4138 intempestivum
3627 4064 3775 4134 :jam

2181 4178 2324 4233 enim
2352 4174 2461 4229 dixi
2493 4186 2599 4226 non
2631 4168 2790 4223 modo
2818 4174 2935 4235 post
2963 4164 3151 4217 decem
3191 4170 3247 4215 et
3285 4159 3465 4229 viginti
3497 4157 3647 4220 dies,
3676 4158 3779 4210 sed

2181 4280 2235 4324 et
2259 4276 2379 4338 post
2404 4264 2588 4318 decem
2618 4269 2671 4315 et
2699 4257 2883 4327 viginti
2916 4269 3085 4308 annos
3123 4266 3285 4322 posse
3315 4264 3483 4319 nuper
3509 4247 3781 4301 illumina-

2185 4372 2267 4416 tos
2294 4357 2473 4413 vocari
2495 4369 2611 4420 eos,
2640 4351 2729 4422 qui
2758 4347 3028 4421 mysteriis
3056 4344 3246 4399 initiati
3276 4349 3420 4407 sunt,
3448 4342 3493 4395 si
3516 4339 3707 4410 vigiles
3727 4350 3785 4393 et

2184 4451 2349 4508 sobrii
2379 4447 2595 4503 fuerint.
2619 4444 2732 4509 Qua
2761 4442 2919 4511 igitur
2940 4438 3138 4507 Optima
3164 4435 3231 4489 ad
3262 4434 3381 4489 illos
3407 4431 3786 4487 cohortatione

2188 4538 2440 4598 utemur?
2465 4538 2521 4593 Si
2547 4534 2801 4591 nimirum
2830 4532 2897 4587 iis
2927 4529 3142 4584 modum
3181 4524 3473 4580 nativitatis
3496 4524 3548 4577 in
3577 4536 3787 4577 memo-

2190 4637 2325 4691 riam
2362 4643 2697 4695 revoeemus,
2727 4635 2782 4681 et
2809 4623 3041 4695 priorem
3075 4632 3125 4675 et
3158 4620 3529 4689 posteriorem,
3560 4627 3788 4671 natura—

2191 4729 2294 4782 lem
2335 4740 2399 4780 ae
2435 4721 2760 4793 spiritualem
2782 4759 2797 4784 ,
2829 4725 2883 4771 et
2916 4714 3181 4785 quodnam
3226 4713 3295 4766 sit
3336 4712 3477 4764 inter
3505 4719 3791 4780 utramque

2193 4818 2520 4874 nativitatem
2546 4810 2856 4874 discrimen,
2883 4802 3251 4861 ostendamus.
3276 4802 3387 4855 lmo
3412 4814 3541 4853 vero
3567 4814 3794 4854 necesse

2196 4926 2302 4967 non
2339 4918 2459 4971 est,
2492 4913 2552 4959 ut
2588 4918 2655 4958 ex
2695 4901 2847 4955 nobis
2888 4899 2965 4953 illi
3006 4895 3105 4949 ista
3143 4894 3352 4948 discant
3381 4907 3396 4944 :
3424 4890 3541 4961 ipse
3568 4892 3796 4945 tonitrui

2195 5005 2335 5060 ﬁlius
2351 5000 2521 5057 dehis
2547 4999 2691 5067 ipsos
2715 4992 3043 5057 admonebit,
3068 4990 3295 5044 dilectus
3314 4985 3513 5041 Christi
3532 4984 3797 5039 Joannes.
3844 4996 3847 4999 ‘

2196 5092 2333 5162 Quid
2360 5092 2519 5162 igitur
2544 5088 2634 5142 ille
2659 5085 2821 5140 dicit?
2854 5083 3110 5151 Quotquot
3139 5088 3308 5133 autem
3336 5084 3633 5145 receperunt
3656 5090 3799 5138 eum,

2197 5186 2333 5240 dedit
2352 5184 2423 5237 eis
2446 5188 2734 5249 potestatem
2759 5175 2893 5245 filios
2914 5171 3011 5227 Dei
3034 5172 3146 5242 ﬁeri
3173 5169 3351 5243 (Joan.
3372 5170 3423 5222 1.
3449 5166 3545 5238 12)
3570 5165 3805 5220 :deinde

2200 5277 2432 5347 priorem
2474 5273 2579 5326 illis
2620 5268 2953 5324 nativitatem
2984 5266 3037 5319 in
3068 5263 3379 5319 memoriam
3410 5272 3673 5314 revocans
3697 5299 3715 5323 ,
3751 5269 3807 5311 et

2201 5385 2267 5425 ex
2299 5366 2695 5436 comparatione
2720 5361 3054 5416 sanctitatem
3086 5372 3149 5412 ac
3175 5356 3484 5424 dignitatem
3518 5354 3809 5423 praesentis

2201 5465 2386 5535 gratia:
2414 5461 2713 5524 declarans,
2740 5456 2819 5510 sic
2844 5455 2919 5508 ait
2946 5472 2959 5508 :
2990 5450 3091 5517 Qui
3116 5468 3219 5504 non
3243 5465 3306 5504 ex
3332 5446 3686 5519 sanguinibus,
3716 5461 3813 5497 ne—

2204 5574 2301 5627 que
2328 5571 2392 5609 ea:
2419 5553 2673 5607 voluntate
2704 5549 2829 5613 viri,
2859 5545 2947 5601 sed
2976 5561 3039 5600 ex
3082 5543 3185 5595 Deo
3228 5542 3336 5595 nati
3375 5550 3491 5594 sunt
3523 5536 3714 5608 (Joan.
3756 5537 3806 5590 1.

2208 5649 2321 5719 15).
2346 5645 2465 5701 Uno
2488 5643 2654 5698 verbo
2681 5638 3011 5695 nobilitatem
3037 5635 3248 5689 illorum
3271 5631 3553 5700 expressit.
3577 5628 3625 5684 0
3652 5644 3813 5682 mum

2207 5739 2275 5793 da
2321 5736 2545 5792 natalia!
2584 5748 2619 5788 ο
2658 5729 2958 5801 spirituales
2999 5727 3210 5797 partus!
3240 5738 3275 5778 o
3308 5737 3441 5782 nova
3488 5721 3812 5790 puerperia!

2214 5833 2331 5889 sine
2360 5839 2510 5887 utero
2536 5825 2836 5894 conceptio,
2863 5820 2978 5879 sine
3003 5827 3189 5876 ventre
3215 5815 3482 5883 nativitas,
3507 5815 3627 5872 sine
3645 5827 3819 5871 carne
