4010 6342
202 385 279 441 εἴ
847 384 985 442 CUR
1024 384 1090 441 IN
1130 383 1417 442 PENTEC.
1460 383 1662 447 ACTA,
1705 382 1855 438 ETC.
1891 383 1957 439 IN
1997 381 2284 439 PRINCIP.
2314 381 2661 437 ACTORUM.
2698 380 2781 435 IV.
3427 368 3497 423 93

207 505 391 567 uirtus
411 536 425 559 ,
460 504 646 567 partus
674 497 976 568 spirituales
996 540 1012 565 ,
1048 510 1228 569 parttts
1257 515 1323 555 ex
1352 500 1519 569 gratia
1553 508 1608 553 et
1646 499 1798 552 beni-

204 590 407 659 gnitate
438 588 569 653 Dei,
613 598 793 657 partus
833 588 1029 644 laetitia:
1072 591 1258 659 plenus
1292 598 1347 643 et
1385 590 1581 659 gaudii.
1617 591 1684 643 At
1714 590 1801 644 ille

208 680 355 749 prior
384 679 504 733 talis
530 680 749 733 minime
776 679 906 745 fuit,
939 680 1033 735 sed
1062 696 1093 734 a
1126 681 1369 735 lamentis
1397 682 1601 735 iuitiutn
1630 681 1797 734 duxit.

207 770 484 840 Siquidem
514 769 599 823 uhi
632 768 831 840 prodiit
862 771 1033 825 infans
1062 787 1127 826 ex
1156 782 1307 825 utero
1336 780 1390 826 et
1414 787 1476 825 ex
1507 772 1626 825 alvo
1655 771 1801 838 deje-

204 871 325 915 etus
354 870 475 925 est,
505 861 729 931 primam
762 877 882 915 cum
917 863 1161 932 lacrymis
1189 878 1372 916 vocem
1410 863 1603 929 mittit,
1646 870 1803 931 prout

204 954 337 1008 dixit
372 955 634 1024 quispiam
667 973 681 1006 :
719 954 945 1007 Primam
974 970 1140 1008 vocem
1169 956 1381 1008 similem
1410 955 1639 1008 omnibus
1661 970 1801 1024 teque

204 1044 415 1112 plorans
450 1042 601 1113 (Sap.
638 1044 690 1097 7.
726 1044 801 1113 3).
836 1043 939 1098 Per
969 1046 1200 1098 lamenta
1239 1044 1501 1113 siquidem
1534 1046 1802 1113 ingressus

206 1137 257 1189 in
290 1143 454 1189 vitam
478 1177 492 1200 ,
529 1152 624 1205 per
654 1136 914 1207 lacrymas
943 1135 1161 1191 exordia
1182 1176 1196 1199 ,
1229 1135 1353 1189 dum
1399 1135 1600 1189 futuras
1630 1134 1799 1189 mole-

204 1228 337 1283 stias
379 1237 565 1281 natura
608 1229 950 1297 praenuntiat.
982 1226 1089 1281 Cur
1134 1227 1305 1297 piorat
1335 1228 1508 1281 infans
1536 1243 1655 1281 cum
1686 1227 1801 1282 exit

206 1321 257 1374 in
286 1319 507 1374 lucem?
537 1318 647 1374 Hac
677 1319 745 1373 de
783 1334 941 1373 causa
977 1338 990 1371 :
1020 1327 1145 1372 ante
1174 1326 1446 1387 peccatum
1476 1317 1687 1387 quidem
1715 1317 1801 1373 di-

203 1411 357 1464 cebat
402 1409 575 1475 Deus,
606 1408 851 1471 Crescite,
883 1418 929 1462 et
968 1408 1378 1477 multiplicamini
1407 1408 1558 1480 (Gen.
1593 1410 1643 1463 1.
1672 1408 1797 1481 28),

204 1502 349 1573 quod
382 1513 498 1558 erat
526 1502 914 1558 benedictionis
939 1520 951 1555 :
978 1502 1103 1556 illud
1130 1511 1329 1568 autem,
1352 1500 1419 1555 In
1439 1501 1613 1556 dolore
1637 1504 1804 1571 paries

206 1596 340 1663 [ilics
372 1593 534 1666 (Gen.
572 1595 623 1649 3.
656 1594 787 1664 16),
828 1604 949 1663 post
978 1604 1249 1663 peccatum
1287 1594 1489 1649 dictum
1518 1602 1633 1659 est,
1659 1594 1802 1664 quod

204 1698 323 1743 erat
344 1703 540 1759 paena.
566 1687 751 1758 Neque
771 1702 899 1743 vero
922 1687 1171 1758 lacrymze
1198 1687 1250 1740 in
1277 1686 1549 1741 nativitate
1574 1695 1801 1753 tantum,

202 1782 301 1837 sed
328 1792 384 1836 et
410 1781 587 1836 fasciae
614 1790 669 1835 et
700 1780 914 1835 vincula
948 1798 961 1835 :
991 1779 1244 1850 lacrymze
1286 1778 1339 1839 in
1382 1778 1687 1843 nativitate,
1721 1778 1803 1831 la-

201 1890 407 1946 crymze
427 1890 480 1929 in
504 1882 709 1929 morte:
734 1873 913 1928 fascia:
933 1873 983 1927 in
1007 1873 1301 1938 nativitate,
1322 1873 1501 1927 fasciae
1522 1873 1573 1926 in
1597 1882 1767 1926 morte
1790 1890 1801 1924 :

206 1979 263 2023 nt
306 1968 575 2038 intelligas
613 1967 775 2021 vitam
819 1965 958 2021 hanc
988 1965 1041 2021 in
1074 1975 1299 2020 mortem
1327 1964 1606 2029 desinere,
1630 1974 1685 2017 et
1714 1964 1805 2017 illo

209 2061 318 2114 line
348 2060 643 2115 terminari.
673 2059 779 2115 Sed
809 2058 929 2113 talis
954 2072 1059 2113 non
1097 2067 1182 2113 est
1223 2058 1339 2113 haec
1368 2056 1633 2111 nativitas.
1665 2055 1805 2110 Nus-

206 2283 533 2327 ιέιιιουιο
602 2283 728 2326 NON
772 2282 1047 2335 οΔιιΕιιΕ,
1094 2281 1149 2323 SI
1194 2279 1549 2322 AUDITORES
1593 2279 1671 2321 ΕΑ
1716 2280 1816 2322 ΤΔ(

1927 2280 2029 2334 NT,
2074 2280 2216 2332 quas
2260 2282 2325 2323 IN
2395 2282 2689 2325 ECCLESIA
2758 2284 3103 2338 DICUNTUR,

1906 514 2062 568 quam
2094 499 2348 571 lacryinte
2371 507 2425 552 et
2454 497 2650 562 fasciae,
2674 496 2767 551 sed
2795 498 2998 551 solutus
3019 498 3208 566 estqui
3239 500 3491 563 nascitur,

1907 601 1961 644 et
1990 590 2055 644 ad
2084 600 2352 645 certamen
2400 600 2617 663 paratus
2650 606 2662 641 :
2698 599 2974 659 propterea
3004 599 3127 644 sunt
3153 593 3310 645 etiam
3341 591 3492 648 liberi

1906 681 2108 751 pedes,
2137 691 2191 735 et
2221 698 2437 747 manus,
2471 690 2533 735 ut
2562 688 2616 734 et
2650 688 2832 734 currat
2873 689 2928 735 et
2966 690 3161 750 pugnet
3191 699 3202 734 :
3237 698 3496 750 nusquam

1908 772 2139 827 lamenta
2165 813 2180 839 ,
2211 789 2468 844 nusquam
2508 775 2763 834 lacrymai
2794 771 2878 826 hic
2901 812 2915 837 ,
2953 772 3047 827 sed
3077 772 3417 827 salutationes
3444 784 3497 825 υι

1907 866 2086 919 oscula
2113 906 2126 928 ,
2173 874 2227 920 et
2268 866 2542 935 amplexus
2581 859 2810 919 fratrum
2855 865 2946 932 qui
2993 878 3146 917 suum
3195 864 3494 919 membrum

1907 967 2218 1025 agnoscunt,
2248 968 2299 1012 et
2327 967 2592 1027 tamquam
2624 974 2691 1012 ex
2726 954 3008 1024 longinqua
3038 972 3309 1010 reversum
3342 971 3495 1026 perc-

1907 1046 2203 1119 griuatio’ne
2242 1049 2521 1117 recipiunt.
2558 1048 2686 1102 Nam
2717 1045 2968 1119 quoniam
3010 1057 3133 1101 ante
3178 1048 3495 1116 baptismum

1908 1137 2153 1192 inimicus
2176 1146 2323 1202 erat,
2354 1147 2474 1206 post
2506 1138 2829 1207 baptismum
2865 1142 3047 1192 autem
3077 1136 3277 1191 amicus
3306 1148 3387 1192 est
3418 1136 3498 1191 fa.

1908 1236 2024 1281 ctus
2062 1230 2360 1283 communis
2389 1229 2624 1283 omnium
2663 1239 2899 1283 nostrum
2943 1227 3153 1285 Dom-iiii
3176 1270 3189 1292 ,
3224 1238 3499 1296 propterea

1906 1319 2236 1387 gratulamur
2263 1334 2488 1385 omnes;
2522 1320 2721 1375 idcirco
2748 1322 2907 1376 etiam
2933 1322 3171 1377 osculum
3202 1334 3305 1394 pax
3344 1334 3500 1375 voca-

1910 1420 2011 1474 tnr,
2045 1423 2102 1465 ut
2126 1410 2394 1466 discamus
2420 1428 2451 1466 a
2477 1413 2588 1467 Deo
2615 1414 2819 1467 ﬁnitum
2849 1429 2969 1470 esse
2999 1415 3217 1484 bellum,
3241 1422 3298 1472 et
3322 1427 3424 1471 tios
3449 1415 3500 1467 in

1911 1501 2194 1555 amicitiam
2233 1502 2352 1572 ejus
2395 1513 2637 1572 receptos
2670 1519 2808 1559 esse.
2855 1504 3003 1561 Hanc
3044 1506 3203 1577 igitur
3240 1513 3502 1578 perpetuo

1907 1608 2283 1648 conservemus
2304 1636 2317 1658 ,
2347 1595 2481 1649 lianc
2506 1609 2689 1664 pacem
2714 1593 2988 1650 faveamus
3005 1638 3021 1665 ,
3046 1596 3182 1651 hanc
3202 1598 3490 1653 amicitiam

1911 1700 2230 1755 augeamus,
2264 1695 2320 1740 ut
2355 1696 2551 1741 aeterna
2581 1703 2793 1757 quoque
2824 1689 3163 1744 tabernacula
3202 1705 3492 1761 consequa-

1913 1793 2052 1844 mur,
2076 1779 2244 1848 gratia
2271 1787 2325 1832 et
2350 1778 2674 1849 benignitate
2701 1779 2905 1833 Domini
2934 1782 3097 1835 nostri
3124 1780 3251 1837 Jesu
3278 1779 3497 1848 Christi.

1916 1886 2010 1940 per
2032 1886 2193 1940 quem
2221 1880 2276 1925 et
2302 1886 2422 1926 cum
2450 1886 2558 1941 quo
2584 1871 2727 1926 Patri
2749 1872 2939 1942 gloria,
2974 1872 3164 1939 honor,
3196 1874 3503 1943 imperium1

1916 1978 2016 2017 una
2041 1978 2165 2018 cum
2193 1972 2380 2019 sancto
2404 1979 2467 2018 ac
2492 1964 2699 2018 vivilico
2727 1962 2925 2034 Spiritu
2946 2007 2961 2031 ,
2994 1980 3136 2019 nunc
3169 1975 3224 2019 et
3261 1979 3500 2035 semper,

1915 2064 1969 2110 et
1996 2057 2047 2110 iu
2080 2057 2269 2111 saecula
2299 2057 2637 2111 szeculorum.
2672 2058 2867 2111 Amen.

3174 2286 3252 2327 ΕΤ
3312 2285 3419 2329 CUJ
3432 2288 3502 2329 US

294 2386 403 2429 REI
447 2385 686 2429 GBATIA
732 2383 1064 2427 LEGANTUR
1111 2382 1268 2423 ACTA
1334 2380 1786 2423 APOSTOLORUM

1942 2382 2375 2438 PENTECOSTE;
2423 2384 2503 2425 ΕΤ
2546 2384 2671 2427 (ζυιι
2710 2368 2979 2430 ἐειρδωι
3048 2386 3169 2428 NON
3226 2387 3504 2430 OMNIBUS

288 2486 596 2531 CHRISTUS
638 2482 1058 2535 οεΤΕΝυειιιτ,
1105 2482 1237 2524 CUM
1280 2480 1707 2524 SURREXISSET
1748 2482 1787 2523 Δ
1830 2482 2143 2538 MORTUIS;
2192 2484 2453 2536 Εἰ]ΜοοΕ
2497 2484 2711 2527 MULTO
2754 2486 3117 2529 CLARIOREM
3167 2488 3301 2530 IPSO
3344 2488 3510 2530 CON-

289 2588 526 2631 θρεοτο
572 2582 1204 2628 DEMONSTBATIONEM
1249 2580 1625 2623 EXHIBUISSE
1670 2581 2209 2625 RESURRECTIONIS
2253 2582 2375 2624 PER
2419 2584 2767 2639 MIRACULA,
2813 2585 2955 2637 ρυλε
3001 2587 3161 2629 SUNT
3205 2588 3283 2629 AB
3345 2589 3510 2631 APO-

290 2688 505 2734 srous
549 2687 741 2730 eum
789 2665 899 2746 (a).

1740 2800 1843 2849 Θζο
1848 2800 2004 2848 0-883

285 2930 335 2981 l.
376 2924 601 2981 Usuram
625 2924 870 2977 doctrina:
893 2929 1111 2991 accepta:
1134 2920 1289 2991 exigit
1315 2918 1471 2972 Deus.
1500 2917 1545 2973 U
1550 2934 1695 2971 suras
1724 2918 1813 2985 qui

209 3026 422 3093 exigunt
448 3037 602 3088 quam
640 3019 802 3089 iniqui
838 3018 960 3071 sint.
990 3044 1062 3057 ——
1091 3014 1344 3083 Majorem
1374 3012 1534 3067 debiti
1570 3020 1810 3082 partem,

209 3115 358 3185 quod
378 3129 445 3167 ex
466 3111 751 3167 occasione
779 3106 1141 3177 inscriptionis
1163 3109 1415 3160 Actorum
1440 3102 1813 3172 APleOiOI'UIn

208 3204 617 3268 contraximus,
646 3199 1014 3271 superioribus
1042 3198 1197 3252 vobis
1220 3196 1409 3250 diebus
1440 3193 1764 3249 exsolvimns
1799 3209 1811 3244 :

210 3297 309 3353 sed
339 3294 598 3366 quoniam
644 3290 913 3345 modicum
951 3288 1128 3343 adhuc
1170 3284 1514 3355 reliquiarum
1545 3282 1817 3354 quippiam

211 3399 426 3455 restat,
459 3387 563 3441 hoc
603 3400 812 3456 quoque
849 3381 1003 3437 vobis
1032 3380 1293 3435 hodierno
1321 3378 1409 3433 die
1448 3385 1819 3431 uumeraturus

210 3497 469 3550 exsurgo.
503 3481 588 3533 An
615 3475 1054 3544 vero_diligenter
1079 3486 1163 3536 ea,
1192 3486 1310 3540 qua:
1340 3470 1478 3524 dicta
1519 3476 1660 3531 sunt,
1692 3481 1820 3520 con-

212 3574 446 3630 servetis
466 3615 480 3637 ,
508 3582 562 3626 et
586 3570 826 3624 studiose
850 3564 1109 3621 memoria
1141 3564 1370 3620 teneatis
1390 3604 1405 3627 ,
1436 3576 1533 3616 vos
1561 3561 1708 3615 scitis
1730 3560 1819 3629 qui

216 3668 478 3739 pecunias
514 3662 830 3732 accepistis,
858 3671 912 3715 et
937 3676 966 3713 a
998 3659 1191 3729 quibus
1220 3658 1441 3711 istarum
1478 3654 1820 3724 pecuniarum

215 3762 485 3815 rationem
511 3759 563 3811 in
590 3756 683 3809 illo
705 3754 791 3809 die
812 3752 995 3823 exiget
1021 3750 1295 3811 Dominus,
1322 3764 1444 3803 cum
1470 3748 1568 3813 illi,
1597 3762 1821 3815 quorum

216 3855 343 3908 fidei
374 3851 579 3905 talenta
607 3850 897 3903 commissa
925 3852 1067 3907 sunt,
1098 3840 1451 3903 vocabuntur,
1480 3849 1535 3893 et
1561 3839 1821 3892 rationem

216 3944 488 4001 reddent:
515 3956 637 3997 cum
659 3939 901 3995 Christus
926 3936 1194 3999 adveniet,
1222 3943 1276 3988 et
1298 3949 1328 3986 a
1356 3931 1664 3985 uumulariis
1688 3929 1824 3983 hanc

216 4039 506 4108 pecuniam
535 4035 715 4103 exiget
752 4046 873 4086 cum
904 4029 1101 4084 usuris.
1138 4026 1377 4095 Oportuit
1406 4026 1547 4080 enim
1568 4067 1584 4089 ,
1617 4024 1820 4093 inquit,

215 4142 265 4182 te
283 4126 601 4181 committere
625 4123 889 4193 pecuniam
916 4136 1079 4173 meam
1104 4116 1428 4181 numulariis,
1455 4126 1499 4169 et
1520 4116 1717 4169 veniens
1736 4131 1826 4185 ego

214 4236 337 4273 cum
357 4232 522 4271 usura
547 4215 820 4285 exegissem
846 4212 991 4266 illam
1012 4210 1226 4279 (Matth.
1254 4208 1345 4263 25.
1370 4206 1487 4275 27).
1511 4206 1555 4261 Ο
1580 4220 1824 4275 magnam

213 4319 274 4363 et
317 4306 649 4362 ineﬂabilem
690 4303 899 4359 Domini
942 4301 1359 4372 benignitatem!
1393 4299 1493 4365 Qui
1523 4296 1828 4352 hominibus

217 4401 479 4473 prohibet
505 4412 695 4453 usuras
720 4412 790 4452 ne
818 4395 1032 4465 exigant
1052 4437 1065 4458 ,
1104 4395 1217 4462 ipse
1257 4393 1419 4462 exigit
1455 4406 1664 4445 usuras.
1688 4390 1825 4456 Quid

218 4496 293 4549 ita
315 4494 343 4547 ?
370 4491 639 4561 Quoniam
668 4487 971 4543 damnanda
1000 4496 1082 4542 est
1109 4499 1270 4541 usura
1306 4484 1396 4538 illa
1423 4492 1478 4539 et
1506 4482 1829 4538 accusationi

217 4586 503 4650 obnoxia;
553 4584 667 4638 lizec
715 4591 892 4637 autem
940 4580 1222 4634 laudabilis
1266 4587 1320 4633 et
1364 4576 1829 4632 commendatione

216 4682 408 4751 digna.
446 4677 630 4747 Itaque
654 4691 810 4730 usura
839 4676 951 4740 illa,
978 4675 1344 4744 pecuniarum,
1374 4673 1610 4740 inquam,
1635 4679 1688 4725 et
1708 4686 1827 4725 eum

218 4778 309 4843 qui
341 4771 576 4841 accipit,
608 4778 663 4824 et
690 4785 810 4822 eum
843 4769 934 4838 qui
963 4768 1158 4831 solvit,
1192 4767 1388 4821 damno
1415 4764 1583 4819 afficit
1614 4782 1627 4817 :
1661 4765 1829 4834 siqui—

220 4867 346 4919 dem
392 4872 451 4918 et
478 4864 597 4930 ejus
626 4861 714 4931 qui
742 4862 969 4929 accipit,
998 4860 1228 4914 animam
1270 4858 1478 4928 perdit,
1513 4870 1567 4911 et
1601 4857 1716 4926 ejus
1742 4858 1829 4926 qui

220 4958 427 5020 solvit,
462 4963 753 5023 egestatem
795 4951 1001 5021 afﬂigit.
1043 4950 1178 5017 Quid
1223 4951 1364 5005 enim
1409 4949 1675 5003 crudelius
1719 4949 1831 5003 ﬁeri

224 5058 434 5114 ιιοιθει,
458 5060 618 5115 quam
639 5059 761 5097 cum
788 5060 849 5097 ex
881 5042 1107 5112 proximi
1135 5051 1370 5112 egestate
1394 5042 1658 5112 quispiam
1688 5056 1834 5111 qum-

222 5149 371 5193 stum
402 5136 553 5201 facit,
575 5145 629 5190 et
654 5135 708 5190 in
738 5137 958 5190 fratrum
981 5136 1368 5189 calamitatibus
1394 5135 1541 5189 lucra
1570 5134 1834 5188 sectatur?

222 5248 349 5284 eum
374 5231 501 5300 quis
527 5229 867 5299 benignitatis
896 5230 1101 5283 larvam
1124 5240 1361 5297 geSIans,
1392 5227 1831 5282 inhumanitatem

223 5336 453 5376 omnem
492 5330 709 5375 exercet
730 5362 742 5380 ,
774 5330 829 5374 et
863 5322 949 5391 qui
991 5320 1265 5391 porrigere
1292 5335 1510 5374 manum
1544 5320 1830 5382 debuerat,

223 5430 352 5467 eum
399 5413 458 5465 in
503 5412 809 5466 barathrum
843 5413 1125 5481 propellit,
1149 5414 1237 5480 qui
1268 5412 1505 5466 subsidio
1536 5412 1835 5481 indigebat?

224 5504 370 5572 Quid
402 5502 559 5570 facis,
586 5504 657 5557 mi
682 5503 888 5557 homo?
910 5503 1026 5558 Non
1059 5504 1257 5558 idcirco
1281 5504 1346 5557 ad
1376 5512 1492 5558 tuas
1526 5506 1725 5575 appulit
1759 5505 1835 5558 fo-

228 5611 319 5651 res
355 5609 603 5665 pauper,
651 5604 706 5648 ut
747 5594 912 5664 ipsius
957 5610 1157 5665 augeas
1203 5604 1599 5664 paupertatem,
1642 5596 1734 5651 sed
1781 5606 1839 5652 ut

229 5685 416 5755 ipsum
450 5685 647 5741 liberes
680 5696 990 5755 paupertate
1020 5706 1033 5738 :
1061 5695 1114 5739 at
1145 5696 1197 5740 tu
1241 5686 1462 5754 perinde
1500 5688 1646 5758 agis,
1680 5698 1837 5758 atque

295 5796 375 5857 la)
410 5794 714 5861 mllatacuni
740 5804 820 5847 Ms.
837 5798 1050 5861 nomen.
1074 5796 1214 5854 δαίς,
1240 5798 1287 5845 in
1311 5811 1409 5861 quo
1426 5800 1679 5851 innumera
1697 5814 1835 5850 mcu-

233 5861 286 5908 ia
336 5866 452 5906 uate
475 5860 677 5909 Humilia
695 5861 838 5911 deest
858 5862 906 5910 iu
924 5860 1136 5911 Lditiuuc
1154 5861 1329 5910 savilti.

1924 2915 1996 2968 illi
2029 2917 2117 2984 qui
2148 2932 2351 2971 venena
2379 2928 2607 2973 miscent
2637 2938 2649 2973 ε
2677 2919 3108 2988 quandoquidem
3144 2922 3245 2991 ipsi
3272 2921 3396 2976 dum
3427 2923 3511 2975 illa

1923 3008 2194 3062 consuetis
2232 3010 2366 3063 cibis
2409 3008 2732 3075 admiscent,
2766 3011 3005 3065 occultas
3040 3012 3109 3066 ita
3153 3022 3341 3081 parant
3382 3014 3507 3067 insi—

1924 3097 2083 3152 dias:
2115 3098 2200 3153 isti
2230 3116 2441 3170 quoque
2480 3100 2605 3155 dum
2650 3100 2995 3170 benignitatis
3034 3104 3209 3172 specie
3247 3104 3514 3173 pernicio—

1924 3204 2037 3242 sam
2070 3204 2282 3243 usuram
2311 3192 2602 3257 occultant,
2629 3191 2806 3247 damni
2835 3193 2915 3247 sui
2946 3209 3161 3248 sensum
3188 3210 3381 3266 capere
3406 3212 3513 3251 non

1924 3282 2107 3335 sinunt
2126 3297 2241 3349 eos,
2264 3284 2353 3353 qui
2375 3282 2645 3339 letiferum
2672 3282 2798 3340 illud
2825 3295 2946 3339 sunt
2968 3302 3228 3341 venenum
3258 3288 3515 3343 liausturi.

1925 3374 2284 3438 Quamobrem
2315 3375 2366 3429 id
2394 3375 2531 3443 quod
2572 3376 2638 3432 de
2680 3386 2900 3447 peccato
2934 3377 3134 3433 dictum
3167 3390 3285 3446 est,
3318 3396 3517 3454 oppor-

1931 3475 2057 3519 tune
2100 3468 2294 3535 poto-rit
2322 3476 2378 3523 et
2405 3468 2471 3521 de
2503 3468 2604 3522 illis
2633 3470 2722 3539 qui
2767 3470 2953 3525 faenori
2990 3471 3154 3538 dant,
3182 3485 3237 3526 et
3278 3485 3517 3528 mutuum

1929 3558 2216 3627 accipiunt,
2245 3557 2444 3613 efferri.
2473 3559 2609 3627 Quid
2641 3576 2802 3630 porro
2830 3562 3029 3617 dictum
3061 3576 3141 3618 est
3167 3564 3235 3618 de
3264 3568 3521 3634 peccato?

1930 3650 2010 3702 Ad
2052 3660 2283 3718 tempus,
2327 3650 2529 3716 inquit,
2572 3654 2756 3705 mulcet
2796 3657 2967 3724 fauces
3008 3665 3122 3708 tuas
3152 3672 3169 3709 :
3199 3666 3369 3726 postea
3409 3674 3523 3722 vero

1929 3742 2152 3795 amarius
2176 3742 2305 3795 illud
2334 3742 2452 3812 felle
2476 3744 2713 3809 invenies,
2739 3754 2785 3798 et
2810 3747 2968 3816 magis
2994 3757 3215 3813 acutum,
3240 3766 3388 3819 quam
3411 3751 3525 3819 gla-

1930 3833 2070 3885 dium
2098 3834 2367 3901 ancipitem
2398 3834 2417 3905 (
2443 3835 2594 3889 Prov.
2639 3837 2692 3891 5.
2733 3838 2783 3891 5.
2824 3838 2913 3909 4).
2959 3838 3073 3894 lloc
3117 3841 3276 3910 igitur
3300 3852 3351 3896 et
3382 3843 3431 3896 in
3463 3844 3526 3897 iis

1929 3926 2153 3987 accidit.
2182 3927 2270 3995 qui
2308 3925 2515 3983 fcenore
2552 3930 2820 3997 accipiunt
2854 3949 2866 3985 :
2903 3930 3165 4001 siquidem
3199 3948 3319 3987 cum
3363 3950 3525 4003 pecu-

1931 4016 2047 4069 nias
2074 4016 2267 4084 accipit
2305 4018 2396 4087 qui
2426 4021 2507 4072 eis
2549 4018 2786 4088 indiget,
2815 4021 3006 4090 exiguo
3043 4022 3293 4091 quopiam
3335 4025 3525 4077 solatio

1930 4108 1997 4163 ad
2028 4119 2237 4179 tempus
2270 4109 2462 4164 fruitur
2490 4128 2502 4163 :
2534 4122 2719 4180 postea
2746 4128 2875 4166 vero
2908 4114 2995 4167 ubi
3039 4112 3209 4170 faenus
3253 4118 3483 4170 accrevit
3511 4161 3521 4177 .

1932 4211 1985 4252 et
2020 4198 2191 4268 majus
2229 4200 2432 4254 viribus
2478 4200 2676 4255 factum
2715 4212 2797 4256 est
2834 4218 3007 4272 onus,
3036 4204 3190 4259 dulce
3226 4206 3354 4260 illud
3385 4211 3523 4278 quod

1932 4288 2115 4344 fauces
2155 4291 2619 4359 impioguaverat,
2658 4291 2778 4347 felle
2818 4295 3054 4348 amarius
3094 4297 3290 4350 sentiet
3327 4296 3527 4352 factum

1935 4398 2087 4448 esse,
2118 4392 2276 4452 atque
2302 4384 2510 4437 acutius
2548 4384 2723 4453 gladio
2761 4387 2974 4455 ancipiti
3002 4430 3016 4453 ,
3059 4389 3345 4460 statimque
3377 4389 3533 4443 bonis

1934 4475 2182 4528 omnibus
2208 4475 2443 4543 paternis
2467 4476 2660 4531 cedere
2690 4489 2930 4546 cogetur.

2006 4567 2059 4619 2.
2105 4565 2297 4621 Verum
2339 4570 2614 4623 enimvero
2654 4585 2683 4623 a
2725 4570 3008 4624 sensilibus
3037 4572 3101 4625 ad
3130 4589 3189 4626 ea
3220 4590 3336 4639 qua:
3368 4574 3531 4642 spiri--

1939 4660 2099 4713 tnalia
2128 4671 2253 4713 sunt
2284 4662 2581 4715 orationem
2621 4662 2982 4717 traducamus.
3022 4662 3291 4731 Oportuit,
3329 4666 3531 4734 inquit,

1940 4764 1985 4805 te
2013 4754 2319 4806 committere
2354 4758 2617 4824 pecuniam
2657 4771 2819 4807 meam
2858 4756 3158 4809 numulariis
3190 4757 3206 4824 (
3223 4755 3408 4809 Matth.
3438 4757 3528 4811 ‘25.

1937 4844 2030 4915 ‘27)
2056 4886 2070 4908 ,
2102 4844 2244 4897 illius
2282 4846 2517 4910 pecunize
2553 4847 2881 4899 numularios
2913 4863 3007 4900 vos
3042 4848 3315 4916 appellatis
3341 4848 3531 4903 verbo-

1940 4950 2056 4988 rum
2102 4935 2323 4989 istorum
2366 4936 2653 4991 auditores.
2690 4936 2856 5003 Quam
2898 4954 3025 4990 vero
3062 4938 3132 4991 ob
3170 4954 3383 4993 causam
3428 4958 3533 4995 uu-

1941 5026 2192 5080 nmlarios
2236 5042 2331 5080 vos
2381 5027 2521 5081 Deus
2566 5028 2889 5096 appellavit?
2920 5028 2984 5083 Ut
3024 5044 3211 5083 omnes
3248 5029 3439 5084 doceat
3467 5032 3534 5085 ad

1940 5117 2290 5172 examinanda
2322 5132 2419 5181 ea,
2455 5134 2571 5187 quae
2610 5118 2890 5183 dicuntur,
2937 5119 3075 5174 idem
3116 5122 3349 5174 studium
3399 5137 3531 5175 cou-

1944 5210 2083 5265 fcrre
2106 5251 2121 5275 ,
2156 5209 2294 5278 quod
2344 5210 2413 5262 illi
2453 5210 2743 5277 adhibent,
2776 5226 2895 5264 cum
2927 5212 3248 5281 explorandi
3282 5215 3364 5268 vel
3398 5214 3531 5268 infe-

1942 5303 2105 5356 renda
2130 5313 2252 5355 sunt
2275 5303 2617 5357 numismata.
2639 5302 2768 5357 Nam
2793 5314 2847 5357 ut
2874 5306 3155 5358 numularii
3177 5305 3535 5361 adulterinum

1942 5403 1996 5448 et
2034 5410 2312 5463 perperam
2354 5394 2616 5462 signatum
2652 5396 2913 5449 numisma
2951 5397 3265 5466 repudiant,
3308 5399 3531 5467 probum

1943 5492 1995 5539 et
2030 5485 2288 5553 integrum
2316 5484 2621 5548 admittunt,
2641 5495 2694 5539 et
2721 5485 3071 5540 adulteratutn
3102 5502 3130 5539 a
3160 5490 3390 5557 genuino
3419 5488 3534 5539 dis-

1946 5577 2189 5645 tinguunt
2215 5594 2228 5629 :
2259 5578 2325 5628 ita
2354 5578 2434 5630 fac
2474 5586 2526 5630 tu
2563 5592 2793 5646 quoque,
2824 5593 2995 5647 neque
3022 5592 3322 5633 sermonem
3350 5596 3535 5647 quem-

1944 5668 2024 5721 vis
2053 5667 2293 5729 admitte,
2326 5669 2418 5722 sed
2463 5669 2815 5723 adulterinum
2852 5671 3086 5739 quidem,
3117 5682 3532 5742 corruptumque

1945 5758 2040 5813 abs
2069 5769 2118 5812 te
2150 5759 2311 5828 rejicc
2332 5802 2343 5820 ,
2378 5762 2640 5827 integrum
2684 5770 2859 5814 autctn
2896 5772 2949 5814 et
2989 5762 3276 5816 salutarem
3309 5765 3359 5815 in
3390 5773 3531 5815 tuam

1947 5863 2179 5909 mentem
2211 5855 2453 5911 admitte.
2486 5856 2619 5911 Sunt
2650 5855 2789 5912 enim
2813 5895 2829 5923 ,
2861 5866 2983 5911 sunt
3012 5856 3169 5911 etiam
3204 5856 3293 5910 tibi
3325 5860 3539 5905 statera:
