4010 6342
498 382 570 438 99
1266 377 1324 433 S.
1366 377 1644 433 JOANNIS
1681 372 2088 430 CllllYSOS'l'Ui

2199 368 2510 427 ARCHIEP.
2550 371 3086 429 CONSTANTINOP.

498 512 562 552 ac
599 494 812 550 trutina:
836 534 850 561 ,
891 508 995 548 non
1040 508 1105 548 ex
1155 507 1264 550 aere
1305 492 1552 563 ferroque
1587 490 1866 557 conflatae,
1894 487 1991 544 sed
2019 503 2085 542 ex

499 602 706 642 morum
737 585 1050 641 castimonia
1078 594 1134 641 et
1166 584 1272 641 fide
1298 586 1638 655 composita},
1667 593 1826 653 atque
1855 581 1937 637 his
1968 596 2086 634 οιιι-

499 697 620 734 nem
664 695 967 734 sermonem
1013 679 1277 733 examina.
1320 677 1605 747 Propterea
1648 690 1876 744 namque
1912 673 2082 736 dixit,

500 771 684 825 Estote
715 770 865 841 probi
898 769 1196 840 trapezitae,
1229 783 1334 823 non
1365 776 1422 822 ut
1449 768 1500 822 in
1531 765 1649 822 foro
1681 775 1883 821 stantes
1922 780 2086 835 pecn-

501 863 615 914 nias
643 861 952 926 numeretis,
979 859 1072 916 sed
1095 868 1154 914 ut
1181 857 1325 912 omni
1351 857 1589 912 adhibito
1609 857 1787 912 studio
1812 871 2086 911 sermones

498 951 815 1006 exauiinetis
839 970 851 1005 :
880 961 1156 1022 pr0pterea
1185 949 1379 1004 Paulus
1402 963 1612 1019 quoque
1630 947 1768 1004 dixit
1791 947 2082 1018 apostolus,

502 1044 688 1097 Omnia
727 1045 935 1114 probate
957 1083 970 1107 ,
999 1042 1134 1113 quod
1165 1052 1332 1096 autem
1374 1042 1558 1097 bonum
1595 1051 1666 1096 est
1688 1081 1704 1109 ,
1737 1050 1897 1096 tenete
1921 1041 2088 1094 solum

501 1138 578 1208 (I.
606 1133 788 1190 Thess.
817 1136 872 1191 5.
898 1135 1010 1204 21).
1043 1134 1224 1205 Neque
1257 1148 1382 1189 vero
1422 1141 1637 1203 propter
1665 1132 2084 1202 explorationem

501 1239 704 1283 tantum
749 1227 1034 1297 trapezitas
1067 1225 1391 1296 appellavit,
1418 1223 1515 1280 sed
1540 1232 1595 1278 et
1625 1233 1840 1293 propter
1863 1237 2048 1278 eorum
2068 1263 2082 1286 ,

499 1338 618 1390 qua:
637 1320 920 1375 commissa
948 1328 1092 1384 sunt,
1116 1317 1561 1372 distributionem.
1582 1315 1715 1370 Nam
1737 1323 1790 1369 et
1815 1315 2086 1384 trapezita:

499 1413 545 1467 si
589 1411 842 1482 pecunias
869 1420 1114 1480 acceptas
1147 1417 1349 1464 tantum
1386 1407 1531 1463 domi
1571 1405 1882 1473 recludant,
1913 1419 2085 1474 neque

501 1504 555 1558 in
584 1505 719 1558 alios
758 1503 874 1558 illas
899 1501 1254 1566 distribuant,
1289 1509 1431 1555 totus
1460 1499 1565 1555 illis
1594 1507 1831 1569 quaestus
1857 1496 2080 1567 peribit;

495 1606 658 1666 atque
699 1593 842 1650 idem
891 1594 1080 1648 accidit
1128 1591 1480 1650 auditoribus.
1529 1591 1586 1647 Si
1625 1592 1766 1646 enim
1810 1599 2084 1660 acceptam

497 1689 795 1743 doctrinam
826 1688 964 1758 apud
997 1696 1046 1741 te
1074 1685 1381 1751 concludas,
1410 1700 1510 1740 nec
1540 1685 1593 1739 in
1631 1685 1768 1738 alios
1794 1681 2080 1745 diffundas,

497 1791 607 1836 tota
641 1782 732 1836 tibi
767 1782 822 1836 in
861 1781 1086 1835 nihilum
1128 1779 1333 1834 recidet
1370 1777 1679 1848 negotiatio.
1712 1776 2001 1846 Propterea
2033 1775 2084 1827 in

496 1875 600 1930 illis
625 1875 862 1945 quotidie
889 1873 1132 1928 videmus
1158 1871 1390 1926 officinis
1414 1869 1658 1925 homines
1687 1869 1825 1923 ultro
1845 1867 2086 1936 citroque

495 1983 816 2023 commeare.
844 1968 956 2022 Hoc
983 1967 1142 2036 igitur
1167 1975 1221 2021 et
1249 1965 1302 2020 in
1327 1964 1568 2020 doctrina
1599 1973 1842 2018 servetur
1872 1979 1885 2016 :
1912 1959 2087 2030 Siqui.

496 2061 616 2114 dem
658 2058 798 2129 apud
835 2057 1165 2113 numularios
1209 2055 1327 2111 illos
1373 2056 1506 2110 alios
1545 2054 1788 2110 videmus
1835 2053 2086 2123 pecunias

497 2151 856 2215 committere,
884 2150 1016 2203 alios
1043 2148 1286 2217 accipere
1311 2146 1489 2202 statim
1513 2155 1567 2201 et
1592 2145 1760 2212 abire,
1790 2143 1947 2214 idque
1974 2152 2086 2198 t0to

497 2243 584 2296 die
615 2241 726 2296 fieri
757 2240 927 2310 quivis
970 2247 1143 2309 potest
1176 2253 1415 2292 cernere.
1462 2237 1595 2291 Hinc
1634 2236 1725 2302 fit,
1758 2245 1816 2290 ut
1844 2235 2086 2305 quamvis

499 2332 727 2400 propria:
753 2330 971 2384 minime
999 2329 1106 2384 sint
1133 2327 1240 2384 illis
1265 2327 1525 2400 pecuniae,
1551 2328 1672 2398 quia
1701 2335 1878 2379 tamen
1906 2324 1971 2378 ad
1999 2340 2085 2390 ea,

497 2441 615 2493 qua:
649 2424 947 2479 necessaria
975 2429 1118 2488 sunt,
1149 2421 1254 2476 illis
1287 2429 1523 2488 utuntur,
1553 2419 1775 2474 multum
1805 2433 1868 2474 ex
1899 2416 2085 2472 alienis

495 2517 701 2572 lucrutn
742 2516 1042 2586 colligatur.
1085 2514 1159 2569 Ita
1205 2515 1285 2570 fac
1329 2523 1385 2568 tu
1425 2527 1655 2584 quoque.
1683 2511 1798 2567 Non
1834 2520 1959 2565 sunt
1996 2519 2086 2565 tua

497 2610 612 2664 lucc
637 2610 868 2680 eloquia,
892 2609 984 2664 sed
1013 2609 1241 2678 Spiritus
1267 2607 1434 2662 sancti
1470 2624 1482 2659 :
1510 2606 1556 2660 si
1587 2615 1763 2660 tamen
1790 2604 1893 2660 illis
1919 2603 2086 2674 probe

497 2703 570 2755 uti
600 2701 832 2766 noveris,
865 2700 1089 2754 inultum
1120 2698 1211 2753 tibi
1243 2697 1516 2768 spirituale
1550 2697 1754 2752 lucrum
1785 2710 2042 2766 congeres
2067 2715 2084 2748 :

497 2791 698 2848 idcirco
722 2800 777 2848 et
801 2791 942 2847 Deus
972 2806 1067 2846 vos
1094 2791 1422 2845 numularios
1447 2788 1750 2859 appellavit.
1779 2787 1885 2843 Cur
1908 2796 2085 2842 autent

496 2900 796 2940 sermonem
823 2885 1099 2955 pecuniam
1125 2882 1443 2955 appellavit?
1461 2881 1614 2949 Quod
1637 2879 1887 2936 nimirum
1909 2895 2089 2951 quem-

493 2977 782 3034 admodum
819 2976 1038 3048 pecunia
1079 2975 1311 3046 perfecta
1355 2974 1494 3044 regis
1528 2972 1706 3044 effigie
1735 2973 1978 3044 insignita
2008 2979 2090 3027 est

497 3071 620 3140 (nisi
649 3073 790 3126 enim
817 3086 936 3126 eam
963 3084 1271 3140 expressam
1300 3067 1514 3134 habeat,
1541 3069 1708 3138 proba
1733 3069 1956 3138 pecunia
1981 3085 2085 3122 non

496 3177 600 3233 est,
628 3166 723 3222 sed
753 3165 949 3220 dicitur
977 3160 1322 3236 adulterina),
1350 3163 1431 3217 sic
1462 3171 1515 3216 et
1551 3161 1844 3216 doctrinatn
1875 3159 1996 3215 fidei
2026 3159 2090 3213 ti-

497 3276 685 3329 guram
715 3275 778 3313 ac
804 3268 982 3314 notam
1009 3257 1276 3313 sermonis
1301 3265 1508 3326 oportet
1551 3257 1837 3326 perfectam
1869 3254 2088 3310 habere.

497 3351 705 3405 ltursus
734 3350 1079 3422 pecuniarum
1107 3364 1233 3406 usus
1261 3349 1427 3405 vitam
1453 3363 1668 3403 omnem
1697 3358 1934 3403 nostram
1962 3363 2090 3402 con-

498 3446 671 3509 tinet,
702 3453 756 3498 et
783 3451 1152 3498 contractuum
1190 3442 1432 3497 omnium
1468 3442 1804 3496 occasionem
1845 3440 2048 3511 pra‘bet
2070 3482 2087 3506 ,

498 3549 556 3592 et
579 3553 674 3591 seu
704 3536 773 3591 sit
801 3534 1086 3591 emendum
1113 3534 1381 3605 quidpiam
1408 3573 1423 3597 ,
1457 3548 1553 3588 seu
1580 3532 1916 3587 vendendum
1941 3573 1956 3598 ,
2000 3550 2092 3602 per

500 3628 597 3682 ltas
627 3638 814 3682 cuncta
846 3627 1168 3696 peregimus.
1202 3625 1314 3680 lloc
1354 3624 1493 3680 idem
1533 3624 1591 3678 fit
1625 3624 1676 3678 in
1703 3623 1942 3679 doctrina
1967 3665 1982 3689 ,
2015 3625 2089 3678 si-

493 3720 714 3790 'quidem
744 3717 1098 3788 spiritualium
1123 3717 1334 3771 occasio
1361 3723 1726 3770 contractuum
1756 3724 1811 3770 et
1838 3715 1984 3770 radix
2011 3726 2094 3770 est

501 3810 791 3883 spiritualis
817 3808 930 3863 haec
961 3808 1182 3878 pecunia
1209 3825 1221 3860 :
1245 3823 1351 3877 quo
1382 3806 1458 3871 ﬂt,
1483 3817 1539 3859 ut
1561 3805 1606 3859 si
1632 3806 1757 3876 quid
1784 3821 1813 3858 a
1845 3806 1951 3861 Deo
1971 3821 2093 3861 coe-

500 3919 650 3962 mere
675 3901 1001 3958 voluerimus
1022 3942 1038 3964 ,
1077 3909 1355 3956 numerato
1385 3899 1531 3969 prius
1556 3912 1774 3968 precum
1809 3913 2056 3953 sermone
2075 3938 2090 3960 ,

504 4007 621 4050 tum
640 3994 856 4050 demum
886 3991 1013 4046 illud
1034 3990 1378 4060 accipiamus,
1401 3989 1542 4060 quod
1567 3989 1917 4057 postulamus.
1940 3989 2091 4056 Quod

506 4089 552 4144 si
584 4087 937 4156 negligentem
967 4083 1182 4138 fratrem
1210 4082 1484 4138 videamus
1508 4123 1524 4148 ,
1553 4091 1711 4152 atque
1743 4092 2048 4150 pereuntem
2073 4121 2092 4148 ,

504 4183 551 4235 si
588 4189 856 4250 tamquam
895 4177 1174 4246 pecuniam
1202 4173 1460 4229 doctrina:
1503 4189 1806 4228 sermonem
1843 4188 2092 4228 numera-

503 4271 763 4335 verimus,
783 4268 1008 4322 salutem
1031 4267 1196 4336 ipsius
1217 4264 1558 4328 lucrabimur,
1577 4274 1630 4319 et
1650 4265 1813 4318 vitam
1832 4279 2092 4319 ememus.

578 4362 818 4416 Doctoris
852 4374 1057 4413 munere
1081 4357 1293 4428 quisque
1335 4356 1478 4428 [ungi
1511 4364 1700 4426 potest,
1727 4356 1999 4426 quomodo.
2025 4387 2095 4394 ——-

509 4455 680 4524 Quam
705 4453 777 4508 ob
804 4466 1020 4508 causam
1047 4449 1194 4504 omni
1219 4463 1321 4519 ope
1347 4459 1648 4517 conatuque
1671 4447 1964 4503 curandum
1991 4458 2092 4511 est,

507 4557 561 4603 ut
586 4543 765 4602 omnia
794 4555 1196 4605 conservemus,
1234 4554 1298 4594 ac
1339 4539 1595 4594 memoria
1624 4548 1933 4605 teneamus,
1958 4548 2015 4592 ut
2043 4539 2093 4592 in

505 4642 640 4696 alios
690 4637 780 4691 illa
831 4635 1245 4696 distribuamus,
1295 4631 1558 4702 siquidem
1602 4645 1632 4684 a
1679 4630 1834 4685 nobis
1885 4645 2096 4701 quoque

505 4748 682 4787 usura:
723 4729 1068 4800 pecuniarum
1121 4725 1342 4779 istarum
1383 4725 1691 4794 exiguntur.
1747 4721 2098 4778 Attendamus

507 4827 686 4896 igitur,
717 4825 842 4878 dum
865 4837 958 4878 eas
1001 4819 1324 4890 recepimus,
1365 4826 1497 4872 utet
1539 4817 1591 4871 in
1622 4817 1754 4872 alios
1777 4815 2096 4892 distribuere

508 4919 762 4987 pecunias
800 4915 1105 4986 possimus;
1147 4910 1575 4982 quandoquidem
1626 4911 1669 4963 si
1724 4910 1884 4974 velit,
1933 4925 2098 4964 unus-

507 5011 735 5079 quisque
761 5017 1002 5063 nostrum
1029 5003 1256 5060 docendi
1287 5011 1368 5058 est
1397 5001 1653 5072 praeditus
1675 4999 1944 5056 facultate.
1979 5000 2092 5055 Non

508 5110 661 5172 potes
687 5109 884 5154 tantam
923 5095 1213 5152 Ecclesiam
1257 5093 1562 5163 corrigere;
1589 5101 1645 5147 at
1686 5101 1840 5163 potes
1867 5107 2090 5147 uxorem

510 5201 657 5244 tuam
702 5202 941 5244 monere.
981 5185 1098 5241 Non
1125 5193 1274 5254 potes
1321 5192 1522 5238 tantam
1570 5182 1766 5253 alloqui
1803 5182 2096 5236 multitudi-

510 5296 666 5344 nem;
698 5289 753 5333 at
781 5278 944 5332 lilium
979 5286 1123 5332 tuum
1161 5286 1312 5346 potes
1338 5273 1406 5328 ad
1447 5273 1711 5329 saniorem
1742 5284 1973 5329 mentem
2006 5290 2092 5329 re-

509 5376 728 5430 ducere.
767 5370 881 5426 Non
913 5378 1066 5442 potes
1087 5369 1156 5424 ad
1187 5378 1392 5424 tantum
1423 5368 1672 5438 populum
1700 5367 1957 5424 doctrinae
1982 5383 2096 5424 ser—

510 5481 724 5522 monem
751 5463 1016 5534 dirigere;
1042 5471 1095 5517 at
1128 5471 1279 5532 potes
1302 5477 1514 5518 servum
1538 5471 1684 5517 tuum
1718 5461 1783 5516 ad
1817 5462 2092 5518 meliorem

509 5557 716 5629 frugem
739 5569 1010 5610 revocare.
1039 5551 1156 5608 Non
1181 5553 1391 5610 excedit
1415 5552 1556 5608 vires
1581 5563 1698 5608 tuas
1714 5552 2092 5622 discipulorunt

511 5657 684 5705 uetus
711 5646 839 5702 ille:
871 5659 975 5701 non
1009 5644 1220 5700 excedit
1253 5645 1564 5716 sapientiam
1596 5654 1736 5699 tuam
1767 5644 1958 5701 modus
2006 5647 2095 5702 ille

510 5737 769 5798 doctrina:
803 5734 939 5793 :sed
993 5744 1047 5790 ct
1079 5734 1286 5792 facilius
1329 5751 1488 5806 quam
1536 5751 1632 5791 nos
1670 5734 1798 5805 ipsi,
1843 5751 1936 5791 vos
1975 5736 2093 5794 illos

511 5845 694 5887 omnes
728 5829 948 5901 potestis
996 5827 1300 5886 emendare.
1346 5829 1455 5900 Ego
1486 5831 1624 5886 cuitu
1667 5831 1832 5894 semel
1859 5843 1946 5890 aut
1973 5833 2086 5905 plc-

3683 378 3782 434 mo

2195 500 2421 555 rumque
2448 485 2500 538 in
2530 484 2860 540 hebdomada
2883 486 3153 542 vobiscum
3183 487 3375 543 iterum
3406 505 3615 554 versor,
3647 500 3704 546 at
3730 505 3781 545 tu

2193 587 2455 647 perpetuo
2479 578 2767 647 discipulos
2810 579 2946 634 intra
2974 582 3207 650 privatos
3248 581 3476 650 parietes
3508 583 3702 650 habes,
3732 597 3785 638 et

2195 685 2437 736 uxorem,
2459 680 2512 726 et
2532 671 2751 735 liberos,
2777 682 2830 727 et
2856 688 3061 740 servos,
3083 683 3140 729 et
3158 676 3387 744 veSperi,
3407 686 3463 731 et
3489 677 3542 730 in
3568 692 3780 742 mensa,

2192 771 2247 815 et
2275 771 2386 816 toto
2412 764 2499 818 die
2532 775 2682 833 petes
2709 766 2829 822 illos
2870 767 3162 838 corrigere.
3207 769 3438 824 Aliunde
3463 786 3683 840 quoque
3706 771 3782 824 fa.

2192 857 2347 912 cilior
2372 857 2426 912 fit
2453 858 2552 912 ista
2581 861 2806 927 curatio,
2835 861 3096 931 siquidem
3125 876 3244 932 ego,
3263 861 3388 917 dum
3419 872 3621 918 tantam
3648 863 3783 918 allo-

2191 964 2328 1019 quor
2352 949 2764 1016 multitudinem,
2793 953 3009 1022 quinam
3036 954 3258 1008 morbus
3283 954 3515 1009 animam
3546 965 3783 1010 vestram

2191 1041 2428 1106 divexet,
2457 1042 2677 1112 ignoro;
2709 1053 3034 1120 quapropter
3063 1045 3286 1116 singulis
3311 1047 3363 1102 in
3391 1048 3635 1103 collectis
3665 1064 3782 1103 om-

2193 1135 2278 1188 nia
2301 1149 2465 1204 cogor
2495 1135 2876 1190 medicamenta
2901 1152 3201 1207 proponere
3233 1157 3248 1205 ;
3278 1155 3374 1195 Vos
3400 1155 3528 1195 vero
3571 1157 3680 1195 non
3713 1142 3782 1195 ita

2192 1225 2373 1280 facere
2399 1241 2622 1282 necesse
2649 1237 2751 1295 cst,
2781 1228 2871 1284 sed
2899 1229 3091 1284 minori
3123 1229 3272 1285 vobis
3302 1246 3423 1286 cum
3450 1233 3634 1288 labore
3664 1234 3787 1289 licet

2192 1319 2466 1388 amplioris
2535 1319 2762 1375 fructum
2824 1323 3179 1378 correctionis
3246 1322 3570 1394 decerpere;
3632 1326 3783 1379 vobis

2191 1413 2388 1480 quippe
2434 1411 2599 1480 probe
2652 1421 2776 1467 nota
2832 1421 2956 1468 sunt
3004 1429 3190 1468 eorum
3241 1424 3491 1485 peccata,
3545 1418 3638 1486 qui
3683 1419 3785 1472 sub

2191 1500 2380 1555 eodem
2405 1510 2546 1557 tecto
2585 1503 2858 1558 vobiscum
2906 1503 3419 1576 deguntzquocirea
3469 1519 3524 1562 et
3555 1509 3787 1564 celerius

2193 1594 2412 1662 potestis
2441 1593 2759 1648 medicinam
2783 1595 3064 1651 adhibere.

2263 1685 2316 1740 5.
2336 1685 2413 1740 Ne
2429 1686 2608 1756 igitur,
2629 1687 2983 1752 dilectissimi,
3006 1690 3464 1746 contubernalium
3478 1701 3782 1747 nostrorum

2192 1793 2376 1832 curam
2410 1779 2742 1846 outittamus,
2788 1779 3054 1850 siquidem
3094 1782 3326 1836 maxima
3374 1797 3530 1852 paena
3577 1785 3787 1854 suppli-

2192 1868 2441 1938 ciumque
2469 1878 2710 1939 paratum
2735 1878 2820 1926 est
2845 1870 3166 1926 immensum
3197 1872 3324 1941 illis,
3341 1873 3432 1944 qui
3456 1873 3786 1930 domesticos

2191 1975 2317 2014 suos
2343 1963 2696 2031 neglexerint.
2724 1962 2786 2017 Si
2804 1965 2917 2032 quis
2941 1965 3093 2029 enim,
3119 1964 3289 2034 inquit
3315 1965 3528 2028 Paulus,
3550 1983 3786 2033 morum,

2191 2061 2237 2104 et
2267 2053 2485 2106 maxime
2507 2053 2897 2108 domesticorum
2939 2071 3113 2108 curam
3141 2074 3242 2110 non
3285 2055 3461 2123 habet,
3508 2058 3659 2126 ﬁdem
3689 2076 3786 2112 ne-

2191 2148 2346 2214 gavit,
2377 2153 2425 2198 et
2448 2155 2521 2199 est
2541 2145 2738 2213 inﬁdeli
2765 2146 2983 2200 deterior
3005 2146 3082 2217 (l.
3111 2146 3248 2200 Tim.
3277 2149 3330 2203 5.
3361 2148 3438 2220 8).
3463 2147 3653 2217 Vides,
3676 2167 3788 2220 quo

2194 2244 2350 2306 pacto
2377 2236 2572 2292 Paulus
2595 2252 2688 2292 eos
2718 2235 2894 2303 feriat,
2916 2238 3007 2308 qui
3031 2238 3446 2294 domesticorum
3475 2256 3654 2295 curam
3689 2258 3787 2297 ne-

2192 2327 2432 2398 gligunt?
2479 2328 2548 2384 Et
2592 2329 2808 2399 quidem
2857 2331 3097 2396 merito:
3143 2332 3232 2401 qui
3279 2333 3421 2387 enim
3461 2332 3788 2390 domesticos

2193 2433 2319 2472 suos
2344 2419 2560 2490 negligit
2579 2459 2596 2488 ,
2633 2420 2833 2491 inquit,
2865 2421 3133 2492 quomodo
3159 2421 3361 2478 alienos
3387 2425 3632 2479 curabit?
3657 2425 3787 2480 Scio

2194 2524 2283 2566 me
2309 2514 2406 2567 hac
2426 2512 2564 2583 apud
2592 2529 2688 2569 vos
2710 2513 3081 2570 cohortatione
3127 2514 3435 2586 frequenter
3455 2533 3608 2573 usum
3629 2534 3754 2575 esse
3769 2563 3784 2584 .

2193 2617 2296 2658 nec
2313 2619 2561 2675 umquam
2595 2605 2670 2660 uti
2709 2605 2980 2672 desinam,
3009 2608 3218 2662 tametsi
3242 2607 3502 2679 deinceps
3523 2611 3788 2666 innocens

2194 2711 2295 2767 ego
2329 2711 2447 2751 sum
2489 2697 2557 2752 ah
2583 2698 2808 2754 aliorum
2846 2701 3165 2771 negligentia
3193 2718 3207 2754 :
3239 2699 3477 2772 Oportuit
3503 2704 3668 2770 enim,
3702 2706 3788 2758 iu-

2193 2789 2326 2858 quit,
2354 2797 2402 2842 te
2424 2790 2690 2858 pecuniam
2719 2806 2881 2844 meant
2905 2792 3213 2847 committere
3239 2793 3539 2849 numulariis
3560 2793 3784 2866 (Hau/2.

2311 2880 2406 2953 9.7)
2429 2923 2444 2947 ,
2475 2897 2573 2937 nec
2596 2882 2826 2952 amplius
2852 2883 3139 2954 quidquam
3166 2887 3409 2956 requirit.
3438 2886 3553 2958 Ego
3578 2903 3711 2945 vero
3734 2899 3790 2942 et

2195 2972 2473 3040 pecuniam
2501 2974 2770 3041 commisi,
2804 2991 2977 3046 neque
3006 2976 3200 3031 rationi
3232 2977 3324 3031 ulli
3354 2978 3640 3034 reddenda:
3665 2996 3789 3034 sum

2195 3063 2461 3118 obnoxius
2495 3083 2507 3118 :
2541 3076 2909 3122 verumtamen
2937 3071 3278 3138 quantumvis
3307 3071 3555 3126 innoxius
3581 3073 3708 3139 sint,
3736 3083 3792 3127 et

2193 3169 2226 3208 a
2253 3156 2514 3226 supplicio
2535 3156 2659 3213 huic
2677 3159 2889 3214 crimini
2912 3162 3185 3231 proposito
3209 3160 3488 3229 liberatus,
3516 3172 3786 3234 tamquam

2198 3264 2370 3317 pcenae
2396 3251 2765 3322 supplicioque
2789 3253 3072 3319 obnoxius,
3096 3255 3166 3309 ita
3197 3255 3382 3311 salutis
3410 3266 3604 3313 vestrae
3625 3273 3787 3313 causa

2196 3349 2379 3396 metuo
2405 3353 2460 3398 et
2484 3344 2865 3400 contremisco.

2271 3431 2374 3488 Cur
2423 3435 2734 3506 longioribus
2784 3437 3007 3492 exordiis
3055 3448 3225 3493 utatur
3265 3440 3671 3512 Clirysostomus.
3719 3469 3790 3484 -ι-

2196 3527 2364 3582 Nemo
2393 3528 2550 3598 igitur
2591 3538 2791 3584 temere
2816 3545 2880 3584 ac
2923 3530 3286 3602 perfunctorie
3331 3535 3635 3604 spirituales
3669 3551 3789 3591 ser-

2198 3633 2389 3674 mones
2433 3620 2701 3675 auscultet
2733 3639 2745 3674 :
2779 3636 2953 3692 neque
2979 3623 3124 3677 enim
3167 3623 3364 3680 frustra
3404 3635 3458 3681 et
3483 3628 3601 3681 sine
3628 3642 3790 3684 causa

2201 3712 2403 3782 prolixa
2434 3713 2831 3783 prmmittuutur
2856 3729 2885 3767 a
2927 3729 3015 3770 me
3039 3715 3260 3771 exordia
3280 3758 3298 3784 ,
3320 3717 3416 3773 sed
3457 3727 3515 3773 ut
3549 3722 3790 3775 exactior

2199 3819 2409 3869 eorum,
2439 3820 2557 3873 qua:
2581 3806 2988 3862 committuntur
3007 3848 3022 3871 ,
3047 3809 3138 3862 fiat
3168 3809 3409 3864 custodia
3441 3829 3456 3864 :
3488 3825 3555 3866 ne
3597 3812 3684 3866 ubi
3715 3825 3792 3867 te-

2201 3909 2349 3948 mere
2384 3903 2477 3948 aut
2515 3895 2780 3950 incassum
2809 3898 3181 3967 applauseritis
3201 3941 3215 3965 ,
3245 3916 3312 3954 ac
3335 3902 3642 3958 tumultuati
3678 3905 3789 3960 fue-

2200 3987 2337 4054 ritis,
2359 3987 2578 4042 domum
2601 3989 2884 4045 recedatis.
2912 3989 3059 4046 Nihil
3080 3992 3224 4047 enim
3250 4009 3351 4064 ego
3373 4005 3582 4050 vestras
3607 3997 3791 4051 qudt-s

2201 4093 2355 4144 curo,
2395 4081 2491 4134 sed
2533 4081 2600 4134 de
2645 4091 2819 4136 vestra
2859 4083 3032 4139 salute
3070 4100 3187 4138 sum
3222 4086 3503 4142 sollicitus.
3542 4087 3680 4142 Nam
3721 4090 3791 4142 illi

2200 4169 2438 4238 quidem,
2471 4173 2558 4241 qui
2597 4173 2650 4227 in
2681 4173 2891 4230 theatro
2930 4185 3160 4243 certant,
3193 4177 3354 4248 hujus
3383 4179 3458 4233 rei
3489 4182 3790 4236 mercedem

2199 4277 2231 4314 a
2257 4265 2456 4332 populo
2487 4264 2697 4320 laudem
2715 4268 2990 4336 accipiunt
3017 4287 3028 4320 :
3061 4285 3162 4325 nos
3181 4286 3310 4327 vero
3335 4271 3436 4327 hac
3461 4271 3531 4327 de
3550 4289 3715 4329 causa
3740 4275 3793 4329 iu

2201 4354 2340 4408 hanc
2384 4371 2602 4410 arenam
2643 4374 2752 4412 non
2793 4359 3189 4426 descendimus,
3220 4363 3336 4422 sed,
3365 4374 3423 4418 ut
3463 4367 3794 4435 propositam

2203 4445 2326 4500 huic
2365 4446 2442 4501 rei
2468 4447 2770 4504 mercedem
2797 4465 2826 4503 a
2856 4451 3078 4506 Domino
3119 4453 3460 4523 recipiamus.
3503 4455 3794 4526 Propterea

2202 4551 2297 4592 vos
2343 4537 2409 4592 ad
2456 4538 2557 4594 hoc
2596 4539 2900 4610 frequenter
2937 4541 3319 4612 adhortamur,
3349 4554 3408 4600 ut
3441 4561 3526 4612 ea,
3552 4563 3674 4617 quae
3711 4550 3796 4602 di-

2202 4640 2397 4685 cuntur
2417 4672 2433 4698 ,
2467 4632 2520 4685 in
2551 4634 2744 4687 vestris
2770 4635 3040 4690 mentibus
3065 4637 3172 4692 alte
3199 4636 3520 4708 defigantur.
3555 4639 3628 4696 Ut
3653 4641 3796 4694 enim

2205 4723 2419 4791 plantae,
2460 4740 2580 4795 qua:
2611 4726 2904 4795 profundas
2943 4729 3152 4783 radices
3185 4731 3413 4800 egerint,
3453 4732 3618 4787 nullis
3663 4748 3795 4788 ven-

2205 4824 2380 4872 torum
2411 4816 2708 4873 incursibus
2729 4822 2938 4875 concuti
2969 4832 3186 4890 possunt
3221 4839 3235 4876 :
3263 4821 3334 4878 ita
3356 4822 3650 4894 Scriptum
3670 4839 3795 4879 sen-

2205 4909 2384 4963 tcntiae
2397 4924 2506 4979 quo
2520 4909 2679 4966 altius
2699 4910 2897 4966 fuerint
2921 4913 2975 4966 in
2999 4922 3178 4968 mente
3197 4913 3413 4979 defixze,
3442 4916 3625 4970 minus
3647 4915 3798 4971 facile

2203 5001 2537 5070 negotiorum
2573 5001 2872 5057 incursibus
2910 5005 3227 5060 evelluntur.
3263 5006 3355 5061 Die
3381 5006 3549 5074 enim,
3578 5025 3795 5079 quaeso,

2202 5095 2499 5160 carissime,
2537 5095 2578 5149 si
2606 5095 2771 5150 filium
2803 5095 2943 5152 fame
2970 5097 3272 5153 confectum
3308 5100 3540 5166 videres,
3582 5117 3652 5156 an
3681 5118 3795 5156 eam

2205 5201 2391 5256 posses
2419 5195 2788 5255 contemnere,
2818 5205 2989 5260 neque
3015 5192 3192 5244 omnia
3221 5192 3396 5261 potius
3423 5191 3647 5247 ferenda
3677 5211 3789 5249 cen-

2201 5293 2368 5344 seres,
2398 5288 2454 5333 ut
2476 5279 2593 5347 ejus
2623 5295 2810 5349 posses
2857 5281 3050 5340 famem
3091 5285 3373 5354 mitigare?
3400 5287 3617 5357 Ergone
3652 5291 3800 5359 panis

2202 5369 2341 5425 fame
2369 5368 2674 5426 divexatum
2713 5388 2818 5427 non
2856 5373 3197 5444 despiceres,
3237 5375 3433 5432 divina:
3476 5388 3659 5434 autem
3699 5381 3798 5434 (Ιο-

2200 5464 2387 5519 ctriute
2413 5463 2553 5520 fame
2571 5477 2882 5536 pereuntem
2909 5478 3065 5540 potes
3086 5472 3472 5528 contemnere?
3497 5471 3620 5541 Quo
3649 5483 3799 5545 pacto

2201 5553 2362 5624 igitur
2384 5555 2577 5626 dignus
2601 5555 2784 5624 fueris,
2810 5567 2865 5613 ut
2894 5569 3043 5630 pater
3062 5561 3271 5616 voceris
3286 5564 3311 5616 ?
3329 5563 3608 5635 Siquidem
3634 5565 3799 5618 multo

2200 5647 2413 5717 gravior
2460 5648 2547 5703 illa
2583 5658 2666 5704 est
2696 5651 2811 5706 hare
2857 5651 3048 5719 fames,
3093 5666 3294 5726 quanto
3337 5654 3691 5714 funestiorem
3737 5656 3792 5711 in

2199 5749 2428 5795 mortem
2460 5741 2674 5807 desiuit,
2719 5743 2860 5798 unde
2903 5744 3075 5814 majus
3116 5746 3166 5802 in
3214 5746 3318 5802 hoc
3342 5749 3579 5803 studium
3611 5749 3795 5805 colite-

2203 5834 2426 5894 tendunt
2455 5847 2551 5894 est.
2587 5835 2816 5894 Educate
2843 5838 3012 5908 enirn,
3038 5839 3236 5914 inquit,
3259 5841 3399 5911 ﬁlios
3420 5853 3616 5900 vestros
3639 5843 3690 5899 in
3710 5843 3796 5898 di-
