4010 6342
259 317 331 373 99

263 440 363 489 οὐκ
399 433 508 488 ἀπὸ
531 431 732 503 χαλκοῦ
765 431 858 483 καὶ
912 431 1132 500 σιδήρου
1184 426 1686 497 κατεσκευασμένα,
1723 420 1836 475 ἀλλ’

262 521 373 579 ἀπὸ
407 518 629 586 ἁγνείας
688 517 779 568 καὶ
809 514 1043 574 πίστεως
1089 511 1441 581 συγκείμενα,
1477 511 1571 563 καὶ
1607 508 1695 561 διὰ
1721 505 1844 560 τού·

265 620 374 656 των
400 599 664 672 δοκίμαζε
691 598 845 666 λόγον
868 600 1101 650 ᾶπαντα.
1135 593 1239 648 Καὶ
1261 596 1370 664 γάρ
1395 594 1480 647 διὰ
1509 591 1666 645 τοῦτό
1686 607 1843 660 φησι,

265 685 491 738 Γίνεσθε
518 679 845 752 τραπεζῖται
876 680 1112 750 δόκιμοι.
1141 680 1240 748 οὐχ
1275 679 1362 730 ἴνα
1389 679 1481 730 ἐπὶ
1514 676 1610 745 τῆς
1641 675 1847 744 ἀγορᾶς

267 769 507 831 ἑστῶτες
535 769 605 821 τά
636 765 872 837 ἀργύρια
913 765 1202 834 ἀριθμῆτε,
1234 764 1347 816 ἀλλ’
1390 763 1477 814 ἴνα
1506 763 1631 824 τοὺς
1660 760 1849 827 λόγους

272 851 606 923 βασανίζητε
646 851 782 914 μετά
819 849 1106 918 ἀκριϐείας
1139 847 1391 916 ἀπάσηςο
1430 846 1518 899 διὰ
1570 844 1728 897 τοῦτο
1757 843 1852 896 καὶ

268 939 297 989 ὁ
335 935 636 998 ἀπόστολος
684 932 895 995 Παῦλός
938 947 1101 1001 φησι·
1154 930 1358 984 Πάντα
1397 926 1754 997 δοκιμάζετε,
1786 926 1851 978 τὸ

270 1020 469 1073 καλὸν
498 1017 566 1070 δὲ
603 1015 882 1082 κατέχετε
903 1013 1116 1082 μόνον.
1175 1015 1249 1065 UO
1289 1011 1378 1065 διὰ
1404 1012 1503 1081 τὴν
1534 1010 1854 1081 δοκιμασίαν

271 1104 330 1156 δὲ
380 1103 543 1172 μόνον
583 1101 727 1170 ὑμᾶς
755 1093 1084 1168 τραπεζίτας
1128 1096 1420 1158 ἐκάλεσεν,
1466 1094 1601 1148 ἀλλά
1638 1093 1732 1146 καὶ
1769 1091 1856 1145 διὰ

271 1187 378 1256 τὴν
403 1184 512 1237 τῶν
551 1181 1040 1252 καταϐαλλομένων
1070 1181 1264 1251 νομήν.
1314 1177 1429 1252 [85]
1464 1179 1574 1231 Καὶ
1605 1177 1714 1247 γὰρ
1747 1177 1858 1237 τοῖς

273 1268 657 1341 τραπεζίταις,
706 1267 800 1319 ὲάν
847 1265 1006 1336 μόνον
1057 1263 1439 1334 ὑποδεχόμενοι
1487 1261 1557 1314 τά
1601 1261 1859 1331 χρήματα

275 1352 675 1405 κατακλείωσιν
696 1351 852 1409 οἶκοι,
874 1348 1070 1418 μηκέτι
1092 1348 1148 1401 δὲ
1169 1349 1248 1411 είς
1271 1347 1490 1418 ἑτέρους
1510 1346 1859 1414 διανέμωσιν,

279 1435 430 1490 ἅπαν
457 1436 518 1489 τὸ
542 1437 641 1505 τῆς
668 1433 938 1505 ἐμπορίας
977 1433 1254 1500 οἰχήσεται
1277 1447 1292 1463 ο
1340 1430 1483 1482 οὓτω
1507 1429 1601 1482 καὶ
1634 1427 1726 1480 ἐπὶ
1754 1427 1863 1480 τῶν

281 1522 568 1592 ἀκροατῶν
601 1519 660 1570 τὸ
689 1519 822 1570 αὐτὸ
851 1515 1009 1569 τοῦτο
1035 1516 1263 1583 γίνεται.
1309 1515 1406 1566 Ἂν
1439 1512 1546 1584 γάρ
1575 1511 1866 1581 δεξάμενος

281 1605 384 1672 τὴν
424 1601 770 1655 διδασκαλίαν
817 1600 969 1671 παρὰ
1012 1599 1194 1668 σαυτῷ
1224 1601 1524 1667 κατασχῇς.
1570 1595 1762 1665 μηκέτι
1809 1593 1866 1645 δὲ

286 1691 364 1750 είς
396 1687 614 1756 ἑτέρους
643 1683 900 1753 ἐκϐάλῃς,
937 1682 1086 1735 πᾶσά
1131 1700 1225 1736 σου
1257 1684 1290 1752 ἡ
1327 1679 1680 1752 πραγματεία
1716 1679 1870 1748 διαρ-

291 1775 568 1842 ρυήσεται.
597 1769 696 1822 Διά
717 1769 876 1821 τοῦτο
899 1768 992 1822 ἐπὶ
1008 1767 1115 1821 τῶν
1133 1767 1510 1837 ἐργαστηρίων
1537 1764 1756 1818 ἐκείνων
1781 1762 1868 1816 διά

289 1857 472 1926 πάσης
512 1855 726 1926 ἡμέρας
758 1852 959 1905 εἴσοδόν
993 1869 1052 1904 τε
1091 1851 1184 1904 καὶ
1210 1850 1385 1916 ἔξοδον
1402 1849 1691 1918 γινομένην
1728 1846 1867 1917 δρῶ-

293 1958 416 2009 μεν.
453 1939 624 1992 Τοῦτο
652 1939 830 1991 τοίνυν
861 1937 952 1989 καὶ
982 1936 1074 1988 ἐπὶ
1101 1935 1202 2004 τῆς
1230 1933 1578 1992 διδασκαλίας
1616 1929 1869 2000 γινέσθω.

294 2026 406 2078 Καὶ
445 2023 554 2094 γὰρ
587 2023 680 2075 καὶ
731 2022 823 2073 ἐπὶ
863 2019 970 2072 τῶν
1011 2016 1353 2089 τραπεζιτῶν
1395 2016 1618 2069 ἐκείνων
1657 2012 1874 2084 ὁρῶμεν

292 2111 421 2171 τοὺς
465 2107 562 2178 μὲν
607 2104 1040 2168 καταϐάλλοντας
1070 2105 1360 2174 χρήματα,
1403 2102 1524 2164 τοὺς
1564 2100 1620 2152 δὲ
1654 2097 1872 2168 λαμϐά-

293 2207 490 2254 νοντας
529 2189 753 2251 εὐθέως,
798 2188 890 2240 καὶ
929 2188 1212 2250 ἀπιόντας,
1256 2187 1349 2239 καὶ
1386 2184 1544 2238 τοῦτο
1577 2183 1664 2237 διά
1695 2184 1876 2252 πάσης

295 2275 511 2345 ἡμέρας
536 2272 818 2340 γινόμενον
849 2271 946 2323 ἴδοι
969 2287 1052 2333 τις
1081 2269 1166 2323 ἀν.
1231 2269 1328 2322 Διά
1358 2267 1534 2328 τοῦτο,
1564 2269 1740 2320 καίτοι
1769 2265 1878 2318 τῶν

295 2356 599 2426 χρημάτων
625 2354 725 2406 οὐκ
756 2352 924 2406 ὅντων
951 2353 1134 2414 αὐτοῖς
1163 2351 1400 2414 οἰκείων,
1433 2349 1619 2420 ἐπειδὴ
1648 2352 1716 2420 τῇ
1744 2349 1880 2419 χρή-

300 2456 385 2492 σει
419 2439 558 2508 πρὸς
589 2437 651 2488 τὸ
676 2436 793 2489 δέον
820 2435 1138 2505 κέχρηνται,
1167 2434 1256 2488 διά
1283 2434 1390 2486 τῶν
1421 2433 1716 2504 ἀλλοτρίων
1753 2432 1882 2485 πολ·-

297 2524 402 2594 λὴν
433 2524 646 2585 ἑαυτοῖς
689 2520 1007 2587 συλλέγουσι
1041 2521 1141 2589 τὴν
1177 2519 1460 2590 εὐπορίαν.
1499 2517 1658 2571 Οὕτω
1689 2517 1781 2570 καὶ
1814 2516 1878 2569 σὺ

302 2608 546 2677 ποίησον.
603 2607 716 2659 Οὐκ
759 2605 875 2657 ἔστι
925 2605 1096 2657 ταῦτα
1129 2605 1196 2658 τὰ
1243 2604 1398 2671 λόγια
1445 2604 1548 2665 σά,
1600 2601 1736 2656 ἀλλά
1787 2602 1882 2655 τοῦ

304 2689 653 2760 Πνεύματος·
707 2687 821 2740 ἀλλ’
876 2688 1028 2757 ὅμως
1079 2689 1172 2740 ὲάν
1229 2687 1458 2756 ἀρίστην
1496 2685 1739 2758 ἐπιδείξῃ
1785 2684 1884 2755 τὴν

303 2775 520 2845 χρῆσιν,
571 2771 768 2842 πολλὴν
818 2769 993 2840 ἐαυτῷ
1044 2770 1292 2836 συνάξεις
1337 2771 1435 2840 τὴν
1487 2769 1746 2840 εὐπορίαν
1787 2767 1885 2838 τὴν

306 2857 710 2927 πνευματικήν·
751 2855 836 2908 διά
863 2854 1022 2907 τοῦτο
1047 2854 1140 2906 καὶ
1167 2853 1499 2924 τραπεζίτας
1530 2853 1674 2922 ὑμᾶς
1706 2850 1888 2905 ὲκάλε-

306 2959 402 2994 σεν
427 2944 456 2994 ὁ
483 2941 636 3002 Θεός.
666 2938 820 3002 Τίνος
848 2939 902 2991 δὲ
933 2937 1120 2990 ἕνεκεν
1146 2937 1408 3008 ἀργύριον
1446 2936 1536 2988 τὸν
1573 2935 1730 3004 λόγον
1760 2933 1888 2986 ἐκά-

306 3023 497 3090 λεσεν;
546 3022 763 3092 Ἐπειδὴ
788 3021 1038 3091 καθάπερ
1068 3021 1127 3073 τὸ
1158 3020 1421 3092 ἀργύριον
1448 3019 1540 3072 τὸν
1568 3018 1891 3090 χαρακτῆρα

309 3109 422 3178 ἔχει
454 3105 860 3177 ἀπηρτισμένον
888 3105 977 3158 τὸν
1009 3104 1285 3174 βασιλικὸν
1315 3103 1438 3174 (κᾶν
1468 3103 1575 3176 γὰρ
1603 3103 1676 3174 μὴ
1703 3103 1892 3155 τοῦτον

311 3192 432 3264 ἔχῃ,
465 3193 567 3246 οὒκ
601 3190 746 3245 ἔστιν
779 3190 1038 3260 ἀργύριον
1070 3190 1314 3258 δόκιμον,
1348 3190 1484 3244 ἀλλά
1521 3189 1769 3258 κίϐδηλον
1791 3206 1892 3242 κα-

311 3272 548 3339 λεῖται),
597 3272 740 3329 οὕτω
780 3274 874 3326 καὶ
908 3276 1006 3343 τὴν
1039 3273 1385 3328 διδασκαλίαν
1413 3275 1510 3344 τῆς
1544 3275 1778 3336 πίστεως
1804 3272 1896 3326 τόν

315 3359 639 3429 χαρακτῆρα
663 3357 757 3410 τοῦ
793 3357 951 3426 λόγου
983 3359 1390 3428 ἀπηρτισμένον
1419 3356 1562 3426 ἔχειν
1593 3356 1686 3409 δεῖ.
1728 3356 1897 3410 Πάλιν

315 3443 424 3496 τῶν
459 3441 737 3514 ἀργυρίων
779 3444 812 3512 ὴ
857 3445 1054 3512 χρῆσις
1089 3443 1270 3494 πᾶσαν
1297 3441 1454 3512 ἡμῶν
1482 3443 1771 3512 συγκροτεῖ
1800 3443 1899 3511 τὴν

320 3528 467 3599 ζωὴν
492 3569 506 3592 ,
561 3528 654 3580 καὶ
703 3526 1048 3597 συμϐολαίων
1079 3526 1335 3582 ἁπάντων
1385 3524 1640 3588 ὑπόθεσις
1667 3525 1899 3592 γίνεται,

320 3611 424 3664 κᾶν
446 3612 714 3682 ἀγοράσαι
733 3629 804 3676 τι,
826 3610 930 3664 κᾶν
953 3610 1200 3680 πωλῆσαι
1221 3609 1335 3682 δέῃ,
1360 3607 1446 3662 διά
1461 3607 1664 3662 τούτων
1687 3609 1902 3662 ἅπαντα

323 3698 658 3766 πράττομεν.
691 3695 862 3749 Τοῦτο
889 3695 984 3748 καὶ
1022 3696 1116 3748 ἐπὶ
1144 3695 1244 3764 τῆς
1270 3693 1618 3757 διδασκαλίας
1652 3693 1861 3760 γίνεται
1886 3708 1900 3722 ο

321 3782 430 3834 τῶν
451 3782 561 3852 γὰρ
592 3782 933 3852 συμϐολαίων
967 3779 1349 3849 πνευματικῶν
1380 3778 1637 3841 ὑπόθεσίς
1665 3779 1780 3830 ἐστι
1812 3777 1907 3829 καὶ

327 3864 453 3936 ῥίζα
497 3866 557 3918 τὸ
601 3865 862 3937 ἀργύριον
908 3863 1066 3916 τοῦτο
1109 3862 1171 3915 τὸ
1205 3862 1593 3932 πνευματικόν·
1641 3862 1762 3916 ὅθεν
1803 3859 1908 3911 κάν

327 3949 480 4020 παρά
508 3948 600 4001 τοῦ
629 3947 763 4001 Θεοῦ
813 3965 863 4000 τι
899 3945 1248 4017 βουληθῶμεν
1293 3945 1584 4015 ἀγοράσαι,
1630 3944 1719 3997 τὸν
1752 3944 1907 4010 λόγον

326 4034 429 4103 τῆς
471 4034 636 4103 εὐχῆς
669 4031 1067 4094 καταϐαλόντες
1103 4029 1339 4101 πρῶτον,
1372 4029 1514 4081 οὓτω
1558 4028 1910 4099 λαμϐάνομεν

329 4118 472 4189 ἅπερ
506 4116 784 4187 αἰτοῦμεν.
819 4115 936 4169 Κάν
968 4113 1190 4181 ἀδελφὸν
1219 4112 1418 4182 ἴδωμεν
1450 4111 1794 4182 ἠμελημένον
1819 4111 1915 4164 καὶ

333 4202 729 4271 ἀπολλύμενον,
786 4201 883 4270 τὴν
921 4198 1192 4268 σωτηρίαν
1222 4196 1386 4249 αὑτοῦ
1428 4195 1788 4266 κερδήσομεν,
1820 4196 1914 4247 καὶ

333 4284 431 4356 τὴν
476 4283 621 4354 ζωὴν
664 4283 1031 4354 ἀγοράσομεν,
1078 4281 1169 4333 τὸν
1207 4281 1363 4348 λόγον
1418 4279 1517 4350 τῆς
1567 4278 1916 4341 διδασκαλίας

337 4369 784 4432 καταϐάλλοντες.

407 4477 496 4530 Διὸ
522 4476 628 4546 χρὴ
660 4475 797 4545 μετά
820 4471 1104 4546 ἀκριϐείας
1121 4472 1337 4541 ἀπάσης
1364 4469 1650 4539 φυλάττειν
1669 4470 1763 4521 καὶ
1785 4485 1919 4521 κατ-

341 4560 484 4630 ἐχειν
519 4561 754 4618 ᾶπαντα,
822 4559 910 4611 ῖνα
952 4559 1044 4609 καὶ
1077 4559 1155 4618 είς
1199 4555 1422 4625 ἑτέρους
1456 4553 1596 4606 αὖτά
1625 4552 1921 4622 διανείμω·

347 4658 444 4710 μεν
467 4659 483 4673 ο
541 4643 636 4695 καὶ
683 4642 792 4712 γὰρ
839 4641 934 4693 καὶ
984 4639 1177 4700 τόκους
1231 4637 1341 4690 τῶν
1387 4635 1666 4707 ἀργυρίων
1718 4634 1923 4688 τούτων

343 4725 740 4796 ἀπαιτούμεθα.
793 4723 1160 4795 Προσέχωμεν
1202 4721 1382 4774 τοίνυν
1418 4722 1484 4790 τῇ
1516 4718 1788 4788 ὑποδοχῇ,
1841 4717 1926 4770 ἵνα

349 4813 442 4864 καὶ
471 4812 551 4872 εἰς
597 4809 816 4878 ἑτέρους
860 4808 1134 4876 διανεῖμαι
1183 4803 1500 4874 δυνηθῶμεν
1548 4801 1615 4855 τά
1646 4801 1921 4872 ἀργύρια·

351 4897 443 4949 καὶ
476 4895 586 4964 γάρ
633 4893 883 4955 ἕκαστος,
921 4891 1014 4943 ὲάν
1059 4891 1210 4962 θέλῃ,
1241 4888 1470 4958 δύναμιν
1508 4887 1622 4956 ἔχει
1669 4886 1927 4938 διδασκα-

350 4978 490 5042 λίας.
544 4979 617 5030 Ού
665 4977 894 5030 δύνασαι
955 4973 1282 5044 Ἐκκλησίαν
1327 4970 1567 5042 ὀρθῶσαι
1620 4966 1883 5036 τοσαύτην
1912 4985 1925 4998 ·

353 5063 486 5118 ἀλλά
515 5063 741 5115 δύνασαι
789 5062 886 5132 τὴν
917 5062 1152 5129 γυναῖκα
1183 5058 1280 5128 τὴν
1326 5057 1425 5127 σὴν
1463 5055 1803 5124 νουθετῆσαι.
1855 5054 1930 5107 υύ

354 5148 576 5202 δύνασαι
606 5147 741 5218 πρὸς
767 5146 968 5215 πλῆθος
995 5142 1246 5196 τοσοῦτον
1271 5139 1618 5208 διαλεχθῆναι
1635 5153 1649 5170 ο
1683 5137 1819 5190 ἀλλά
1842 5137 1934 5189 τὸν

354 5233 468 5286 υίόν
499 5251 593 5285 σου
625 5230 956 5302 σωφρονίσαι
985 5227 1228 5281 δύνασαι.
1263 5225 1334 5278 Ού
1364 5223 1586 5275 δύνασαι
1608 5221 1744 5290 πρὸς
1763 5220 1935 5290 δῆμον

355 5317 672 5387 τηλικοῦτον
719 5316 810 5368 τὸν
841 5314 998 5382 λόγον
1049 5312 1327 5364 ἀποτεῖναι
1372 5306 1720 5367 διδασκαλίας
1742 5321 1758 5336 ο
1801 5303 1938 5355 ἀλλά

357 5403 446 5454 τὸν
485 5402 701 5470 οἰκέτην
751 5417 843 5452 σου
883 5397 1125 5468 βελτίονα
1161 5394 1500 5466 ἐργάσασθαι
1530 5391 1753 5444 δύνασαι
1825 5391 1938 5441 Οὐκ

361 5485 474 5539 ἐστι
509 5503 606 5538 σου
645 5485 844 5556 μείζων
872 5483 970 5551 τῆς
995 5481 1277 5550 δυνάμεως
1304 5479 1513 5538 ἐκεῖνος
1545 5475 1653 5526 τῶν
1677 5471 1940 5543 μαθητῶν

362 5572 391 5624 ὁ
426 5555 700 5638 σύλλογοςο
735 5569 836 5621 οὐκ
868 5567 982 5619 ἐστι
1010 5578 1104 5616 σου
1136 5563 1299 5615 πλέον
1327 5562 1426 5630 τῆς
1456 5558 1723 5618 συνέσεως
1763 5555 1940 5607 ἐκεῖνο

368 5654 466 5722 '57};
493 5635 844 5716 διδασκαλίας
871 5650 930 5703 τὸ
963 5650 1176 5721 μέτρον,
1213 5645 1347 5699 ἀλλά
1381 5643 1476 5696 καὶ
1509 5639 1665 5710 ἡμῶν
1693 5635 1941 5722 Ῠελύκολὼ-

369 5753 524 5808 ⁴(ερον
566 5739 726 5803 ὑμεῖς
780 5736 1020 5792 ἐκείνους
1066 5719 1290 5792 πάντας
1349 5724 1630 5797 ῥυθμίζειν
1685 5719 1933 5780 δύνασθε.

909 314 1046 370 Cl'R
1081 313 1145 368 IN
1177 312 1469 368 PENTEC.
1506 311 1708 370 ACTA.
1743 307 1891 365 ETC.

1995 307 2002 358 ἰ
2053 307 2342 374 βιιικειικ.
2401 307 2760 365 ACTCRUM.
2794 307 2882 363 IV.

3421 268 3538 341 {00‘

1956 419 2096 488 Ἐγὼ
2121 420 2218 489 μὲν
2246 433 2352 488 γαρ
2383 418 2509 487 ὑμῖν
2526 414 2672 480 ἅπαξ
2688 414 2786 483 τῆς
2814 407 3105 480 ἑϐδομάδος
3123 403 3521 475 σ·δγγίνομαι,ἥ

1944 486 2038 556 καί
2065 486 2610 572 δεύτερον-πολλάκις
2630 515 2644 528 ·
2692 498 2755 549 σὺ
2785 494 2842 547 δὲ
2878 491 3170 554 διαπαντὸς
3205 489 3351 542 ἔνδον
3378 486 3523 557 ἔχεις

1941 587 2041 654 τῆς
2084 568 2264 646 οἰκίας
2309 585 2436 646 τοὺς
2473 581 2743 653 μαθητάς,
2780 577 2873 630 καὶ
2919 575 3016 645 τὴν
3048 575 3307 642 γυναῖκα,
3337 571 3427 624 καὶ
3455 568 3527 621 τά

1947 670 2154 732 παιδία,
2179 669 2274 722 καὶ
2299 669 2425 729 τοὺς
2455 666 2691 726 οἰκέτας,
2720 663 2813 715 καὶ
2845 663 2902 712 ὲν
2932 659 3158 728 ἑσπέρα,
3187 657 3280 709 καὶ
3302 658 3360 708 ὲν
3389 670 3524 725 τρα-

1949 754 2110 823 πέζῃ,
2145 754 2238 806 καὶ
2276 751 2365 804 διὰ
2406 751 2586 820 πάσης
2620 747 2834 818 ἡμέρας
2878 743 3103 797 δύνασαι
3136 739 3384 812 διορθοῦν
3430 738 3526 791 αίμ

1948 838 2096 901 τούς.
2146 838 2253 889 Καὶ
2288 833 2552 904 ἑτέρωθεν
2581 833 2638 885 δὲ
2680 833 2713 902 ἡ
2750 829 2957 902 ἰατρεία
3004 825 3142 894 αὕτη
3187 823 3529 893 εὐκολωτέρα

1951 922 2188 990 γίνεταιο
2240 919 2352 980 ἐγὼ
2391 919 2487 988 μὲν
2517 918 2626 987 γὰρ
2660 918 2716 968 ὲν
2749 913 2942 982 πλήθει
2981 909 3222 979 τοσούτῳ
3265 906 3379 981 [84]
3410 907 3530 960 διαι-

1953 1005 2242 1074 λεγόμενος
2270 1004 2369 1054 οὐκ
2406 998 2519 1053 οἶδα
2552 998 2613 1051 τὸ
2642 996 2894 1067 ἐνοχλοῦν
2934 997 3063 1065 ύμῖν
3095 992 3266 1056 πάθος
3295 991 3396 1056 τῆς
3427 989 3532 1058 ψυ-

1955 1073 2093 1158 χῆς,
2115 1086 2194 1139 διὸ
2226 1085 2321 1138 καί
2351 1080 2731 1152 ἀναγκάζομαι
2762 1080 2881 1133 καθ’
2913 1079 3153 1148 ἑκάστην
3182 1073 3533 1158 διδασκαλίαν

1956 1156 2172 1224 ἅπαντα
2202 1167 2513 1239 προτιθέναι
2551 1166 2619 1219 τὰ
2655 1166 2952 1234 φάρμακω
3003 1162 3146 1231 ὑμᾶς
3177 1159 3234 1212 δὲ
3260 1158 3358 1228 οὐχ
3390 1156 3535 1210 οὔτω

1959 1257 2132 1307 ποιεῖν
2162 1253 2396 1322 ἀνάγκη,
2428 1252 2540 1304 ἀλλ’
2574 1251 2780 1315 ἔξεστιν
2811 1250 2939 1320 ὑμῖν
2977 1246 3116 1317 μετά
3138 1245 3422 1306 ἐλάττονος
3447 1242 3538 1293 πό-

1959 1355 2049 1390 νου
2079 1336 2297 1389 πλείονα
2321 1334 2665 1407 καρποῦσθαι
2698 1333 2797 1402 την
2817 1330 3100 1400 διόρθωσιν
3120 1345 3134 1358 °
3175 1327 3291 1380 ἴστε
3318 1325 3428 1394 γάρ
3449 1341 3541 1376 σα-

1962 1419 2076 1489 φῶς
2100 1419 2171 1472 τὰ
2201 1421 2575 1489 ἁμαρτήματα
2600 1417 2710 1469 τῶν
2731 1416 2859 1486 ύμῖν
2891 1411 3303 1474 συνοικούντων,
3326 1409 3406 1463 διὸ
3445 1408 3539 1462 καὶ

1960 1505 2268 1578 ταχυτέραν
2293 1503 2522 1558 δύνασθε
2549 1503 2772 1572 ποιῆσαι
2803 1501 2901 1570 τὴν
2934 1499 3250 1570 θεραπείαν.

2036 1652 2105 1721 γ’.
2133 1652 2222 1722 Μὴ
2241 1650 2442 1712 τοίνυν,
2477 1650 2769 1719 ἀγαπητοὶ,
2788 1647 3078 1717 ἀμελῶμεν
3100 1646 3207 1698 τῶν
3231 1641 3544 1698 συνοικούν-

1967 1754 2074 1788 των
2127 1737 2291 1806 ήμῖν⁶
2359 1735 2454 1787 καὶ
2497 1734 2606 1804 γὰρ
2675 1732 2907 1802 μεγίστη
2955 1730 3176 1792 κόλασις
3223 1730 3400 1781 κεῖται
3450 1726 3546 1780 καὶ

1968 1821 2172 1890 ἄφατος
2197 1821 2437 1890 τιμωρία
2464 1821 2573 1881 τοῖς
2602 1814 2865 1887 ἀμελοῦσι
2899 1815 3008 1867 τῶν
3047 1812 3282 1866 οἰκείων.
3333 1813 3404 1865 Et
3434 1811 3546 1880 γάρ
3591 1823 3593 1827 ‘

1970 1921 2080 1967 τις,
2109 1903 2273 1972 φησὶν
2298 1903 2326 1954 ὁ
2352 1900 2582 1962 Παῦλος.
2610 1898 2728 1953 τῶν
2755 1898 2917 1952 ἰδίων
2949 1899 3020 1950 οὐ
3059 1893 3416 1962 προνοεῖται,
3448 1893 3547 1946 καὶ

1966 1986 2233 2056 μάλιστα
2274 1983 2394 2039 τῶν
2435 1984 2690 2046 οἰκείων,
2729 1981 2843 2046 τὴν
2882 1982 3090 2034 πίστιν
3139 1978 3412 2046 ἤρνηται,
3451 1975 3552 2028 καὶ

1974 2071 2142 2124 ἔστιν
2161 2069 2421 2123 ἀπίστου
2448 2067 2680 2134 χείρων.
2727 2065 2890 2133 Ὁρᾷς
2922 2062 3024 2114 ποῦ
3073 2060 3180 2113 τῶν
3203 2057 3555 2130 ἀμελούντων

1972 2155 2080 2208 τῶν
2107 2155 2326 2207 οἰκείων
2350 2156 2380 2208 ὁ
2409 2151 2620 2215 Παῦλος
2646 2150 2934 2219 ἠκόντισε;
2979 2147 3090 2202 Καὶ
3119 2146 3263 2216 μάλα
3292 2143 3514 2206 εἰκότως
3534 2159 3551 2173 ·

1975 2243 2002 2292 ὁ
2031 2239 2140 2307 γὰρ
2163 2237 2270 2291 τῶν
2295 2236 2512 2291 οἰκείων
2539 2233 2778 2305 ἀμελῶν,
2811 2233 2964 2303 φησὶ,
2990 2231 3106 2295 πῶς
3129 2231 3236 2283 τῶν
3257 2228 3556 2299 ἀλλοτρίων

1978 2321 2411 2391 ἑπιμελήσεται;
2474 2314 2606 2371 Οἶδα
2659 2316 2922 2380 πολλάκις
2985 2314 3158 2368 ταῦτα
3218 2312 3556 2385 παραινέσας

1979 2407 2104 2478 ύμῖν
2122 2423 2136 2438 ο
2163 2405 2298 2458 ἀλλά
2325 2405 2420 2457 καὶ
2455 2401 2737 2473 παραινῶν
2765 2400 3019 2453 οὐδέποτε
3047 2397 3347 2468 παύσομαι,
3380 2395 3554 2449 καίτοι

1978 2507 2041 2559 γε
2074 2489 2185 2558 ἐγὼ
2223 2486 2515 2549 ἀνεύθυνος
2554 2484 2739 2538 λοιπὸν
2779 2482 2879 2552 τῆς
2916 2482 3023 2534 τῶν
3053 2481 3253 2550 ἐτέρων
3284 2478 3556 2552 ῥᾳθυμίας

1980 2574 2128 2644 εἰμί’
2165 2571 2320 2625 Ἔδει
2351 2571 2461 2642 γάρ
2483 2586 2577 2626 σε.
2613 2569 2765 2636 φησὶ,
2803 2564 3161 2618 καταϐαλεῖν
3187 2562 3253 2616 τὸ
3276 2563 3558 2630 ἀργύριόν

1977 2674 2096 2726 μου
2137 2657 2234 2708 ἐπὶ
2283 2654 2426 2720 τοὺς
2468 2649 2834 2720 τραπεζίτας,
2860 2649 2958 2702 καὶ
2989 2648 3180 2701 πλέον
3205 2646 3386 2700 οὐδὲν
3440 2645 3557 2698 ἀπο·

1981 2744 2230 2810 ᾔτησεν.
2264 2737 2404 2807 Ἐγὼ
2434 2739 2488 2790 δὲ
2519 2737 2614 2790 καὶ
2629 2736 2688 2788 τὸ
2706 2733 2971 2804 ἀργύριον
3003 2731 3320 2794 κατέϐαλον,
3351 2729 3444 2781 καὶ
3473 2727 3560 2780 λό-

1985 2843 2080 2895 γον
2107 2825 2295 2878 ούδένα
2325 2823 2434 2893 ἔχω
2454 2839 2468 2851 ·
2513 2820 2628 2874 ἀλλ’
2662 2822 2810 2888 ὅμως
2842 2816 3019 2870 καίτοι
3048 2832 3112 2895 γε
3143 2813 3432 2874 ἀνεύθυνος
3463 2811 3561 2873 ῶν,

1986 2891 2080 2964 καὶ
2130 2910 2228 2978 τῆς
2270 2891 2540 2978 τιμωρίας
2586 2901 3006 2974 ἀπηλλαγμένος
3051 2891 3150 2967 τῆς
3194 2897 3287 2949 ἐπὶ
3331 2894 3563 2978 τούτοις,

1989 2977 2239 3063 καθάπερ
2274 2977 2575 3052 ὑπεύθυνος
2621 2987 2696 3039 ῶν
2744 2985 2960 3039 κολάσει
3002 2983 3098 3035 καὶ
3133 2980 3392 3050 τιμωρίᾳ,
3424 2977 3569 3032 οὕτω

1992 3077 2208 3130 δέδοικα
2238 3077 2333 3130 καὶ
2358 3073 2546 3146 τρέμω
2575 3073 2703 3143 περί
2733 3070 2831 3141 τῆς
2861 3067 3132 3140 ὑμετέρας
3166 3065 3461 3136 σωτηρίας.

2065 3219 2271 3289 Μηδεὶς
2307 3217 2485 3271 τοίνυν
2532 3213 2720 3275 ἁπλῶς
2765 3211 2895 3282 μηδὲ
2929 3209 3290 3281 ἠμελημένως
3327 3204 3574 3259 ἀκουέτω

1993 3312 2104 3366 τῶν
2151 3311 2322 3379 λόγων
2371 3308 2480 3361 τῶν
2533 3304 2954 3376 πνευματικῶνο
3004 3301 3124 3354 οὐδὲ
3156 3298 3267 3370 γὰρ
3312 3297 3436 3366 εἰκῆ
3481 3298 3576 3349 καὶ

2001 3403 2176 3475 μάτην
2227 3399 2414 3470 μακρὰ
2461 3395 2722 3465 ποιοῦμαι
2775 3393 2844 3447 τά
2897 3391 3200 3462 προοίμια,
3265 3386 3378 3441 ἀλλ’
3431 3384 3574 3436 ὥστε

2000 3492 2411 3564 ἀσφαλεστέραν
2466 3489 2710 3558 γίνεσθαι
2769 3485 2879 3539 τῶν
2933 3480 3425 3550 καταϐαλλομένων
3477 3477 3579 3545 τὴν

2003 3585 2272 3660 φυλακὴν,
2313 3583 2454 3636 ὥστε
2485 3581 2560 3654 μὴ
2593 3580 2768 3650 μάτην
2812 3577 2945 3650 μηδὲ
2980 3573 3166 3637 ἁπλῶς
3208 3572 3579 3642 κροτήσαντας

2005 3680 2097 3734 καὶ
2127 3679 2536 3751 θορυϐήσαντας
2563 3674 2742 3728 οἶκαδε
2769 3669 3043 3725 ἀπελθεῖν.
3077 3668 3150 3721 Ού
3174 3666 3282 3736 γὰρ
3309 3663 3581 3751 μέλει-μοι

2003 3777 2112 3830 τῶν
2177 3773 2307 3845 παρ’
2382 3770 2538 3842 ὑμῶν
2607 3767 2873 3829 ²επαίνων,
2928 3762 3066 3816 ἀλλά
3137 3759 3409 3831 φροντίζω
3479 3757 3579 3826 τῆς

2009 3844 2282 3938 ὑμετέρας
2333 3860 2625 3931 σωτηρίας.
2677 3859 2740 3910 Ol
2791 3855 2889 3926 μὲν
2936 3852 3045 3922 γὰρ
3093 3851 3185 3902 ἐπὶ
3232 3849 3331 3917 τῆς
3379 3844 3586 3914 σκηνῆς

2010 3959 2404 4030 ἀγωνιζόμενοι
2452 3955 2542 4006 τὸν
2597 3950 2738 4020 ὑπὲρ
2769 3947 2961 4000 τούτου
3015 3942 3202 4014 μισθὸν
3235 3939 3326 3992 τὸν
3368 3937 3587 3990 ἔπαινον

2012 4051 2164 4124 παρὰ
2187 4050 2280 4104 τοῦ
2309 4049 2480 4118 δήμου
2515 4044 2902 4115 λαμϐάνουσιν·
2935 4040 3094 4109 ἡμεῖς
3123 4035 3180 4088 δὲ
3209 4033 3307 4086 οὐκ
3345 4033 3436 4084 ἐπὶ
3466 4029 3591 4083 τού-

2628 4136 2730 4190 nr
2758 4135 2851 4187 ἐπὶ
2884 4132 2977 4184 τὸν
3002 4127 3152 4200 παρὰ
3191 4124 3286 4179 τοῦ
3316 4123 3590 4177 Δεσπότου

2021 4238 2209 4310 μισθὸν
2240 4235 2331 4288 τὸν
2360 4234 2453 4285 ἐπὶ
2500 4229 2705 4291 τούτοις
2756 4226 3006 4296 κείμενον
3038 4220 3244 4274 λαϐεῖν.
3296 4215 3394 4269 Διά
3435 4212 3597 4267 τοῦτο

2020 4334 2114 4387 καὶ
2134 4328 2370 4397 συνεχῶς
2395 4325 2523 4394 ύμῖν
2549 4321 2720 4376 ταῦτα
2753 4311 3262 4388 παρακελευόμεθα,
3295 4309 3435 4362 ὥστε
3461 4305 3595 4376 πρὸς

2018 4426 2080 4476 τὸ
2115 4422 2276 4492 βάθος
2303 4420 2402 4489 τῆς
2429 4413 2666 4475 διανοίας
2691 4410 2842 4481 ὑμῶν
2877 4405 3182 4474 καταϐῆναι
3211 4401 3282 4456 τά
3308 4400 3595 4492 λεγόμενα.

2025 4487 2290 4582 Καθάπερ
2335 4487 2443 4577 γὰρ
2490 4505 2595 4558 τῶν
2632 4500 2815 4572 φυτῶν
2840 4501 3046 4568 ὅσαπερ
3079 4495 3144 4549 ἂν
3177 4493 3314 4564 πρὸς
3347 4490 3408 4542 τὸ
3437 4487 3606 4557 βάθος

2032 4577 2378 4672 παραπέμψῃ
2417 4597 2517 4659 τὰς
2570 4593 2745 4665 ῥίζας,
2778 4591 3005 4644 ἀσειστα
3056 4583 3267 4653 γίνεται
3319 4581 3438 4642 ταῖς
3487 4577 3598 4630 τῶν

2029 4698 2247 4767 ἀνέμων
2269 4690 2616 4762 προσϐολαῖς·
2652 4686 2793 4738 οὓτω
2821 4683 2916 4736 καὶ
2948 4681 3055 4732 τῶν
3073 4676 3362 4746 νοημάτων
3383 4673 3559 4742 ὃσῳπε
3572 4689 3604 4740 ρ

2031 4792 2097 4844 ἂν
2127 4763 2184 4842 έν
2215 4787 2294 4858 τῷ
2343 4784 2495 4856 βάθει
2532 4782 2668 4852 μένῃ
2714 4778 2815 4847 τῆς
2859 4772 3117 4834 διανοίας,
3161 4769 3224 4821 οὐ
3269 4764 3473 4858 wife);-
3500 4763 3606 4814 ὑπὸ

2028 4883 2127 4950 τῆς
2154 4878 2262 4930 τῶν
2295 4871 2636 4947 πραγμάτων
2663 4865 2973 4921 ἀνασπᾶται
3007 4855 3317 4926 ἐπιϐουλῆς.
3345 4850 3480 4906 Εἰπὲ
3498 4853 3607 4923 γάρ

2036 4991 2146 5044 μοι,
2177 4967 2448 5038 ἀγαπητὲ,
2484 4966 2531 5016 εἰ
2580 4960 2724 5032 λιμῷ
2770 4958 2859 5011 τὸν
2896 4954 3061 5009 παῖδα
3091 4950 3394 5022 τηκόμενον
3446 4942 3607 5010 εἶδες,

2036 5061 2146 5135 ἆρα
2190 5063 2254 5116 ἂν
2281 5060 2510 5129 ἠνέσχου
2540 5053 2825 5126 περιιδεῖν,
2868 5047 2982 5101 ἀλλ’
3017 5044 3139 5114 ούχὶ
3186 5042 3366 5095 πάντα
3391 5038 3457 5093 ἂν
3507 5039 3614 5091 ύπ·

2039 5130 2281 5228 έμεινας,
2315 5152 2455 5206 ὥστε
2483 5149 2641 5202 λῦσαι
2666 5143 2831 5199 αὐτοῦ
2859 5142 2950 5194 τὸν
2981 5138 3172 5208 λιμόν;
3197 5131 3328 5188 Εἶτα
3342 5130 3485 5203 λιμῷ
3513 5130 3612 5200 μὲν

2037 5222 2202 5325 άίρτου
2227 5242 2670 5315 διαφθειρόμενον
2689 5238 2789 5290 οὐκ
2813 5235 2878 5288 ἀν
2904 5229 3194 5303 περιεῖδες,
3215 5227 3266 5280 λι
3276 5225 3360 5298 μῷ
3387 5225 3443 5277 δὲ
3463 5222 3614 5324 θείας

2038 5313 2386 5401 δίδασκαλίας
2421 5313 2791 5400 ἀπολλύμενον
2819 5324 2985 5395 ἀνέχῃ
3018 5321 3281 5391 περιορᾷν
3303 5315 3464 5401 ;ῌΚαὶ
3497 5313 3616 5401 πῶς

2041 5435 2192 5501 ἄξιος
2225 5433 2291 5484 ἂν
2322 5424 2389 5498 ἧς
2424 5419 2706 5478 καλεῖσθαι
2749 5415 2965 5482 πατήρς
3018 5410 3128 5463 Καὶ
3163 5408 3273 5477 γὰρ
3303 5397 3456 5464 οὗτος
3482 5403 3510 5453 ὸ
3536 5399 3618 5451 λι-

2046 5490 2144 5599 μδς
2172 5490 2406 5577 ⁷ἐκείνου
2456 5510 2853 5586 χαλεπώτερος,
2901 5505 3011 5572 ὅσῳ
3060 5499 3157 5554 καὶ
3208 5497 3344 5567 πρὸς
3398 5490 3622 5599 “ea?”

2044 5581 2270 5673 τελευτά
2290 5613 2539 5671 θάνατον,
2571 5605 2691 5658 ὅθεν
2718 5601 2812 5654 καὶ
2839 5598 3058 5651 πλείονα
3090 5589 3323 5658 ἐνταῦθα
3352 5581 3624 5638 ποιεῖσθαι

2053 5708 2157 5780 χρὴ
2185 5672 2281 5776 την
2323 5698 2578 5767 σπουδήν.
2622 5689 2969 5759 Ἐκῖγέφετε
3001 5681 3130 5751 γὰρ,
3162 5678 3314 5751 φησί,
3348 5674 3417 5730 τὰ
3451 5673 3640 5730 τέκνα,
