4010 6342
242 286 337 346 101

243 405 461 475 ςεξριὲηα
492 408 537 454 et
564 393 879 463 correptione
910 386 1112 441 Domini
1152 380 1363 452 (Epltes.
1395 380 1449 435 6.
1476 378 1555 447 4).
1601 375 1725 430 11ωο
1756 382 1839 426 est

246 474 455 569 patrum
496 505 628 548 cura
670 482 1062 557 pulcherrima,
1099 476 1216 531 baac
1258 485 1512 545 germana
1558 474 1835 539 parentum

245 564 553 651 sollicitudo
586 582 754 639 :binc
793 593 894 648 ego
922 582 1127 629 natura:
1169 564 1542 637 cognationem
1585 571 1838 629 agnosco,

247 649 291 740 si
313 686 437 755 plus
459 682 513 734 in
540 673 837 748 spiritualia
863 666 1022 723 studii
1049 661 1346 719 conferant.
1374 655 1479 712 Sed
1507 654 1638 755 sat-is
1663 649 1842 755 indul-

249 744 359 833 tuin
404 775 476 829 sit
502 744 814 841 promniiis;
852 762 961 832 jam
992 769 1212 813 necesse
1240 760 1321 807 est
1361 749 1427 803 ad
1453 744 1838 802 exsolutionem

248 867 415 924 debiti
444 834 722 919 veniamus
754 875 768 911 :
811 854 911 909 bac
940 852 1083 906 enim
1116 847 1181 901 de
1207 856 1365 899 causa
1397 838 1663 910 prolixum
1699 834 1843 887 hunc

246 972 299 1017 et
334 971 617 1028 copiosum
659 951 923 1007 texuimus
970 943 1122 999 vobis
1171 949 1505 998 sermonem,
1535 940 1593 985 ut
1631 944 1693 984 ea
1723 942 1842 1028 qua:

248 1018 603 1109 nume-rantur
628 1061 748 1102 cum
788 1053 994 1095 summa
1032 1033 1276 1089 cautione
1315 1023 1634 1095 suscipiatis.
1665 1018 1845 1088 Quod-

248 1162 371 1203 nam
400 1158 534 1212 ergo
561 1139 796 1193 debitum
826 1132 947 1197 fuit,
973 1142 1077 1196 quo
1101 1130 1375 1180 contracto
1399 1130 1569 1186 nuper
1588 1110 1843 1212 discessi-

249 1200 408 1296 mus?
434 1200 503 1290 aii
532 1245 663 1286 vero
707 1226 847 1282 illius
878 1222 1057 1276 forsan
1091 1214 1240 1271 obliti
1285 1209 1452 1267 estis?
1479 1208 1659 1275 Itaque
1695 1200 1846 1256 vobis

252 1331 305 1386 in
335 1323 655 1383 memoriam
687 1334 719 1371 a
746 1315 900 1371 nobis
929 1322 1151 1365 necesse
1189 1313 1272 1359 est
1302 1297 1563 1362 revocari,
1593 1295 1846 1366 priusque

250 1419 610 1497 syngrapham
638 1414 763 1483 legi,
804 1408 957 1477 cujus
992 1416 1154 1472 opera
1185 1398 1331 1468 prior
1367 1391 1691 1497 solutionest
1719 1401 1845 1497 per-

250 1480 391 1578 acta,
420 1480 474 1567 ei.
494 1480 736 1579 qua-nam
763 1501 960 1555 fuerint
979 1511 1011 1550 a
1036 1493 1189 1548 nobis
1221 1493 1497 1542 numerata
1519 1524 1533 1545 ,
1561 1480 1845 1536 dicendum

251 1618 355 1671 est,
378 1572 448 1659 ἰιι
492 1572 557 1659 ex
591 1601 658 1653 iis
682 1610 802 1666 qua:
851 1595 1127 1645 numerata
1164 1590 1320 1645 sunt,
1349 1594 1468 1648 qua:
1512 1576 1618 1628 sint
1646 1572 1847 1642 reliqua

249 1670 550 1759 videamus.
602 1694 857 1760 Quianam
912 1683 1071 1754 igitur
1122 1677 1268 1750 prius
1306 1688 1336 1726 a
1378 1670 1533 1725 nobis
1570 1674 1847 1722 numerata

252 1756 414 1849 sunt?
444 1786 560 1843 Dixi
608 1756 719 1837 tum
758 1774 1012 1845 temporis
1055 1786 1085 1824 a
1126 1782 1232 1838 quo
1258 1764 1487 1833 scriptus
1518 1760 1675 1813 fuerit
1713 1756 1849 1811 liber

251 1891 518 1944 Actorum,
569 1886 624 1932 et
658 1872 778 1944 quis
821 1865 1000 1938 operis
1054 1863 1208 1916 istius
1257 1865 1444 1911 auctor
1480 1852 1684 1907 fuerit:
1740 1849 1849 1905 imo

253 1991 384 2033 vero
411 1989 516 2029 non
544 1968 666 2040 quis
685 1972 869 2019 auctor
905 1957 1113 2029 operis,
1140 1950 1233 2008 sed
1271 1950 1390 2020 quis
1419 1945 1664 2002 minister
1695 1961 1708 1997 :
1740 1958 1846 1998 non

252 2071 401 2128 enim
442 2065 534 2122 ille
562 2036 689 2134 qua:
728 2057 869 2113 dicta
897 2059 1022 2108 sunt
1047 2044 1313 2119 produxit,
1345 2040 1439 2096 sed
1472 2040 1536 2093 iis
1563 2052 1683 2109 quae
1709 2036 1850 2091 dicta

253 2172 381 2222 sunt
408 2153 749 2216 ministravit.

328 2256 435 2312 Cur
452 2254 506 2308 in
522 2251 818 2307 Pentecoste
842 2244 1075 2313 legantur
1095 2236 1221 2290 Acta
1243 2230 1617 2302 Apostolorum.
1646 2255 1719 2264 —
1736 2223 1849 2277 Dixi

255 2351 326 2407 de
353 2347 504 2404 Actis
535 2343 687 2415 ipsis,
723 2348 776 2394 et
812 2334 940 2407 quid
966 2330 1179 2386 tandem
1208 2327 1306 2381 sibi
1330 2323 1456 2377 velit
1494 2334 1688 2374 nomen
1722 2315 1851 2415 illud

259 2446 541 2505 Actorum,
557 2407 668 2490 dixi
684 2431 845 2488 etiam
861 2427 928 2481 de
946 2421 1320 2493 Apostolorum
1334 2412 1709 2485 appellatione.
1734 2407 1852 2463 Jam

259 2548 484 2592 necesse
530 2504 619 2583 est
661 2526 922 2584 dicamus,
950 2532 1053 2587 qua
1080 2514 1146 2568 de
1171 2526 1329 2565 causa
1358 2504 1639 2560 statuerint
1678 2510 1855 2571 patres

262 2590 457 2691 nostri,
477 2632 536 2676 ut
564 2619 698 2673 liber
725 2618 978 2670 Actorum
1003 2610 1054 2662 in
1068 2607 1389 2661 Pentecosm
1413 2599 1698 2668 legeretur.
1722 2590 1857 2647 For-

263 2729 411 2773 tasse
424 2687 653 2781 namque
671 2702 987 2762 meministis
1005 2699 1106 2752 hoc
1120 2708 1332 2766 quoque
1349 2700 1459 2745 tum
1478 2687 1743 2758 pollicitos
1759 2698 1859 2739 nos

263 2825 389 2865 esse
417 2776 672 2861 dicturos.
702 2798 884 2867 Neque
903 2792 1047 2848 enim
1068 2800 1270 2844 temere
1292 2794 1346 2839 et
1372 2785 1491 2837 sine
1516 2794 1678 2835 causa
1704 2776 1859 2834 nobis

269 3094 575 3155 temporum
628 3070 934 3130 necessitati
985 3065 1328 3134 subiicerent,
1383 3057 1497 3155 sed-
1534 3066 1594 3111 ut.
1805 3068 1865 3154 se

270 3144 688 3231 imbecilliorum
737 3165 1095 3231 attemperant
1128 3152 1383 3226 egestati,
1434 3148 1501 3204 ad
1545 3144 1867 3218 cognitionis

270 3283 408 3340 opes
430 3266 549 3319 illos
574 3260 951 3332 proveherent.
978 3254 1151 3321 Atque
1173 3256 1231 3302 ut
1258 3245 1521 3314 intelligas
1545 3256 1638 3296 eos
1669 3239 1869 3294 idcirco

274 3333 519 3431 tempora
540 3357 849 3417 observare,
875 3363 981 3403 non
1009 3356 1066 3400 ut
1085 3359 1144 3398 se
1170 3337 1564 3395 observationis
1586 3333 1871 3405 subjiciunt

275 3452 608 3513 necessitati,
636 3447 733 3504 sed
762 3443 906 3516 quod
946 3434 1387 3495 imbecillioribus
1412 3445 1533 3486 sese
1571 3441 1871 3483 accommo-

275 3547 413 3602 dare
458 3548 758 3603 conentur,
804 3533 927 3587 audi
971 3528 1098 3600 quid
1145 3526 1290 3582 dicat
1337 3522 1581 3579 Paulus:
1621 3517 1744 3572 Dies
1780 3517 1871 3570 ob-

277 3638 514 3697 seruatis,
540 3641 589 3685 et
624 3643 842 3692 menses,
887 3633 933 3677 et
968 3632 1217 3691 tempora,
1262 3626 1307 3671 et
1341 3613 1542 3668 annos?
1584 3609 1781 3675 Timeo,
1812 3624 1905 3684 ηε,

282 3732 417 3799 forte
446 3726 556 3780 sine
585 3736 739 3776 causa
766 3713 1099 3771 laboraverim
1142 3712 1195 3764 in
1223 3708 1362 3762 vobis
1391 3703 1533 3777 (Gal.
1560 3703 1614 3756 4.
1641 3700 1728 3755 i0.
1758 3700 1871 3799 11)Σ

281 3790 364 3876 Tu
396 3826 578 3871 autem
604 3825 782 3867 nonne
807 3809 1063 3864 observas
1098 3803 1215 3858 dies
1237 3812 1293 3855 et
1321 3808 1561 3868 tempora
1588 3802 1642 3849 ct
1666 3790 1879 3847 annos?

282 3913 404 3969 1am
436 3924 568 3964 vero
596 3907 644 3963 si
682 3905 956 3959 videamus
993 3913 1138 3962 eum,
1166 3897 1254 3966 qui
1284 3893 1420 3956 dies,
1452 3900 1507 3946 et
1536 3902 1782 3953 menses,
1825 3894 1880 3941 et

284 4018 552 4075 tempora,
582 4008 637 4054 et
674 4012 844 4053 annos
890 3990 1166 4050 observari
1206 3996 1371 4050 vetat,
1423 3984 1537 4039 haec
1563 3984 1875 4046 observare,

284 4098 437 4171 quid,
465 4108 649 4166 quieso
668 4133 684 4157 ,
713 4086 990 4146 dicemus?
1021 4099 1147 4139 num
1175 4096 1297 4138 eum
1326 4078 1425 4134 sibi
1466 4090 1762 4147 repugnare
1791 4088 1878 4127 se-

285 4166 521 4260 cumque
565 4181 931 4242 contendere?
982 4178 1161 4243 Absit;
1207 4173 1300 4230 sed
1348 4188 1494 4238 eum,
1539 4168 1679 4240 quod
1726 4166 1883 4221 vellet

287 4258 477 4340 eorum
511 4279 699 4334 tollere
748 4272 1165 4329 imbecillitatem
1185 4309 1201 4334 ,
1228 4282 1260 4320 a
1302 4264 1494 4335 quibus
1525 4272 1760 4329 tempora
1787 4258 1884 4311 ob-

289 4375 668 4435 servabuntur,
688 4368 790 4422 illis
810 4380 930 4420 sese
958 4378 1049 4433 per
1066 4359 1491 4415 observationem
1520 4354 1673 4409 istam
1695 4359 1885 4405 attem-

289 4481 507 4539 perare.
537 4464 613 4519 Ita
654 4474 865 4532 quoque
911 4456 1112 4511 iaciunt
1150 4450 1367 4513 medici,
1405 4456 1685 4520 porrectos
1727 4442 1885 4512 :egris

291 4570 447 4624 cibos
476 4565 627 4635 prius
651 4562 966 4630 degustant,
995 4551 1239 4622 quamvis
1269 4547 1368 4617 ipsi
1398 4546 1616 4599 minime
1640 4541 1773 4596 cibis
1803 4540 1883 4635 iu-

292 4630 512 4729 digeant
532 4697 549 4721 ,
580 4653 674 4707 sed
701 4652 912 4705 illorum
941 4645 1189 4700 studeant
1221 4637 1514 4695 inﬁrmitati
1558 4633 1777 4689 mederi.
1810 4630 1888 4685 lta

294 4722 510 4822 minque
534 4745 736 4802 Paulus
761 4742 901 4811 egit,
933 4753 1055 4793 cum
1081 4732 1455 4790 observatione
1479 4738 1777 4797 temporum
1807 4722 1890 4777 ni-

294 4815 375 4898 hil
405 4815 701 4909 indigeret,
731 4845 971 4901 tempora
997 4825 1319 4885 observavit,
1353 4832 1411 4876 ut
1439 4836 1552 4885 eos,
1582 4818 1669 4887 qui
1702 4815 1889 4868 obser-

295 4935 518 4997 vabant,
530 4908 629 4985 illa
644 4924 961 4981 observandi
982 4918 1340 4975 imbecillitate
1356 4914 1629 4968 liberaret.
1646 4908 1745 4965 Ubi
1766 4922 1893 4961 vero

301 5025 518 5083 .audem
537 5033 776 5091 tempora
796 5016 995 5072 Paulus
1015 5007 1351 5066 observavit?
1369 5002 1659 5063 Attendite,
1688 5014 1891 5065 quaeso,

306 5120 607 5189 ‘iligenter.
641 5089 883 5180 Sequenti
912 5115 1078 5160 autem
1107 5103 1208 5165 die,
1252 5098 1438 5167 inquit,
1468 5094 1769 5189 appulimus
1789 5089 1863 5189 Ali

302 5180 484 5267 cetum.
514 5208 860 5277 Proposuerat
890 5201 1020 5254 enim
1054 5195 1249 5249 Paulus
1274 5187 1695 5263 prmternavigare
1722 5180 1897 5250 Ephe-

303 5320 439 5365 sum,
463 5317 526 5353 ne
550 5275 651 5370 qua
676 5312 821 5350 mora
840 5293 916 5347 illi
940 5293 1078 5359 ﬁeret
1097 5289 1151 5342 in
1180 5285 1319 5339 Asia.
1350 5279 1645 5335 Festinabat
1671 5276 1826 5340 enim,
1857 5275 1902 5326 si

304 5395 547 5468 possibile
564 5367 664 5446 sibi
702 5396 860 5450 esset,
900 5394 954 5438 ut
980 5383 1110 5436 dicat
1150 5378 1467 5433 Pentecostes
1500 5379 1667 5441 ageret
1692 5367 1905 5468 derosa-

306 5458 462 5559 lymis
499 5483 639 5555 (Aa.
681 5479 771 5535 eo.
824 5477 911 5533 is.
963 5474 1072 5544 l6).
1117 5470 1317 5534 vides,
1365 5474 1425 5519 ut
1474 5463 1565 5518 ille
1617 5459 1707 5530 qui
1755 5458 1901 5559 dice-

306 5549 431 5643 bat,
490 5549 573 5630 Ne
609 5571 876 5628 observetis
904 5568 1011 5622 dies
1056 5574 1103 5620 et
1148 5576 1341 5616 menses
1370 5568 1415 5613 et
1467 5564 1695 5625 tempora
1716 5593 1731 5619 ,
1762 5549 1904 5605 diem

311 5669 659 5731 Pentecostes
686 5658 1032 5719 observaret?

390 5762 444 5819 4.
473 5758 652 5831 Neque
683 5772 810 5811 vero
839 5755 979 5809 diem
1013 5759 1215 5805 tantum
1247 5742 1586 5807 obscrvabat,
1620 5737 1713 5795 scd
1748 5738 1905 5794 etiam

958 268 1096 325 CUR
1136 264 1200 321 1N
1240 261 1533 321 PENTEC.
1575 258 1779 323 ACTA,
1822 254 1975 312 ETC.
2018 254 2082 311 IN
2126 256 2419 314 PRINCIP.
2462 258 2813 316 ACTORUM.
2855 256 2944 315 IV.

3430 257 3532 313 ill!

1953 371 2168 428 locum:
2199 390 2304 430 non
2348 376 2490 430 enim
2520 375 2693 430 solum
2727 375 3071 430 Pentecostes
3107 373 3247 428 diem
3272 381 3329 427 ut
3352 379 3534 441 ageret

1945 462 2252 532 festinabat,
2281 467 2377 522 sed
2404 468 2564 520 etiam
2597 476 2655 520 ut
2682 482 2799 521 eam
2829 464 3183 536 Jerosolymis
3208 462 3525 518 celebraret.

1949 555 2085 623 Quid
2116 555 2266 621 facis,
2300 557 2453 613 beate
2476 558 2680 613 Paule?
2708 558 2985 611 Destructa
3012 566 3134 611 sunt
3160 553 3494 625 Jerosolyma
3525 597 3539 618 ,

1948 646 2191 703 desolata
2237 657 2361 704 sunt
2414 660 2596 704 sancta
2650 658 2952 704 sanctorum
3008 648 3271 702 sententia
3319 645 3529 708 divina,

1949 740 2097 809 prior
2126 740 2317 811 religio
2342 741 2551 795 sublata
2577 750 2677 795 est.
2708 741 2893 795 Nonne
2917 739 2984 794 ad
3009 739 3223 795 Galatas
3253 739 3451 793 clamas
3480 748 3534 791 et

1951 831 2087 885 dicis
2118 850 2131 886 :
2163 830 2263 899 Qui
2289 833 2344 886 in
2374 832 2482 903 lege
2501 833 2778 903 justiﬁcari
2800 831 3118 901 exspectatis,
3147 847 3178 883 a
3204 830 3369 901 gratia
3395 830 3534 884 exci-

1950 926 2095 979 distis
2122 924 2267 994 (Gal.
2292 926 2345 981 5.
2374 926 2427 997 4)
2450 927 2472 978 ?
2495 936 2548 980 et
2586 941 2682 979 cur
2716 940 2815 979 nos
2844 926 3033 978 iterum
3064 923 3163 977 sub
3188 924 3320 993 legis
3359 921 3532 976 servi-

1950 1028 2116 1071 tutem
2147 1019 2519 1090 redigis?Non
2559 1031 2641 1074 est
2671 1020 2844 1090 exigui
2886 1019 3140 1073 momenti
3189 1032 3297 1082 res,
3341 1016 3408 1070 de
3427 1031 3533 1086 qua

1950 1113 2143 1179 agitur,
2177 1121 2234 1165 ut
2262 1112 2551 1174 discamus,
2587 1130 2708 1165 num
2736 1127 2917 1166 secum
2944 1112 3059 1181 ipse
3083 1110 3276 1164 Paulus
3314 1117 3533 1179 pugnet.

1952 1200 2132 1271 Neque
2162 1202 2302 1255 enim
2350 1200 2466 1257 dies
2491 1202 2739 1257 observat
2784 1200 3155 1257 tantummodo
3187 1201 3412 1266 Paulus,
3439 1200 3535 1253 sed

1950 1301 2005 1347 et
2028 1293 2131 1347 alia
2169 1293 2302 1363 legis
2331 1306 2591 1365 prtuccpta
2620 1295 2867 1361 custodit,
2911 1304 2965 1350 et
2990 1294 3183 1350 clamat
3217 1293 3281 1349 ad
3317 1293 3533 1349 Galatas

1950 1387 2135 1442 dicens
2165 1406 2179 1443 :
2212 1387 2364 1452 Ecce,
2397 1405 2489 1461 ego
2512 1388 2714 1443 Paulus
2744 1388 2857 1442 dico
2895 1388 3063 1454 vobis,
3093 1389 3331 1461 quoniam
3358 1388 3402 1440 si
3429 1390 3532 1439 cir-

1950 1479 2329 1546 cumcidamini,
2366 1479 2593 1534 Christus
2622 1481 2758 1534 vobis
2793 1481 2923 1534 nillil
2951 1481 3171 1548 proderit
3194 1478 3353 1552 (Ibid.
3378 1496 3406 1533 υ
3447 1478 3529 1550 ‘2).

2035 1570 2138 1625 Cur
2175 1572 2540 1626 circumciderit
2581 1571 2903 1627 Timotheum
2953 1573 3169 1627 Paulus.
3200 1603 3271 1613 —
3298 1572 3395 1627 Hic
3439 1573 3536 1643 igi—

1954 1668 2040 1716 tur
2084 1663 2280 1717 Paulus
2324 1663 2413 1735 qui
2464 1663 2626 1728 dicit,
2671 1664 2923 1730 Quoniam
2968 1664 3013 1719 si
3060 1664 3492 1719 circumcidamini
3516 1703 3537 1731 ,

1951 1752 2181 1809 Christus
2208 1755 2345 1810 vobis
2371 1755 2499 1812 nihil
2523 1755 2769 1827 proderit,
2798 1756 2912 1829 ipse
2939 1759 3275 1814 Timotheum
3303 1759 3535 1814 circum-

1951 1845 2148 1903 cidisse
2168 1850 2512 1918 comperitur.
2542 1850 2675 1904 Cum
2702 1851 2843 1905 enim
2870 1851 3179 1916 invenisset,
3202 1850 3370 1921 inquit
3389 1849 3538 1905 Scri-

1955 1950 2129 2008 ptura,
2162 1938 2356 1994 Paulus
2384 1937 2590 2011 Lystris
2617 1939 3014 1995 adolescentem
3044 1940 3327 2010 quemdam
3368 1938 3537 1993 ﬁlium

1956 2028 2194 2084 mulieris
2231 2027 2431 2083 Iudaea:
2474 2029 2677 2097 ﬁdelis,
2721 2031 2885 2099 patris
2925 2040 3100 2085 autem
3145 2030 3378 2101 gentilis,
3418 2046 3541 2085 cum

1952 2122 2281 2177 circumcidit
2324 2123 2462 2193 (Act.
2506 2123 2592 2178 16.
2640 2124 2664 2178 i
2696 2153 2720 2165 -
2752 2122 2810 2193 5)
2844 2137 2858 2177 :
2897 2122 3112 2177 nolebat
3144 2124 3285 2177 enim
3328 2138 3540 2193 praepu-

1956 2216 2089 2268 tium
2136 2213 2423 2269 habentem
2448 2214 2722 2269 doctorem
2760 2215 2992 2269 mittere.
3027 2214 3163 2283 Quid
3196 2215 3351 2274 lacis,
3388 2213 3545 2269 beate

1956 2307 2155 2362 Paule?
2182 2307 2361 2362 verbis
2388 2308 2853 2362 circumcisionem
2896 2306 3062 2371 tollis,
3098 2316 3152 2360 et
3181 2321 3365 2362 rursus
3390 2304 3545 2360 factis

1957 2399 2101 2453 illam
2152 2400 2476 2454 conlirmas?
2518 2399 2635 2454 Non
2684 2400 2977 2465 conﬁrmo,
3028 2399 3229 2469 inquit,
3279 2398 3374 2453 sed
3418 2399 3548 2452 tollo

1958 2490 2131 2547 factis.
2180 2492 2454 2564 Siquidem
2502 2494 2742 2548 mulieris
2796 2492 2995 2547 Judara:
3043 2492 3214 2546 lidelis
3258 2491 3397 2545 ﬁlius
3433 2500 3551 2546 erat

1960 2588 2302 2655 Timotheus,
2334 2589 2498 2660 patris
2538 2599 2715 2642 autem
2756 2586 2974 2656 gentilis
3000 2597 3054 2641 et
3081 2601 3144 2641 ex
3188 2601 3384 2656 genere
3411 2600 3553 2656 prie.

1962 2685 2168 2754 putium
2200 2683 2448 2738 habente.
2468 2681 2693 2751 Quando
2713 2682 2870 2752 igitur
2889 2696 3011 2735 cum
3040 2681 3412 2751 prmmissurus
3438 2688 3553 2733 erat

1961 2775 2161 2831 Judaeis
2205 2775 2483 2830 doctorem
2534 2774 2762 2839 Paulus,
2816 2773 3033 2828 nolebat
3065 2788 3194 2827 sane
3237 2771 3551 2842 praeputium

1966 2864 2254 2921 habentem
2281 2866 2525 2928 mittere,
2558 2879 2626 2919 ne
2654 2863 2835 2918 statim
2867 2879 2896 2915 a
2924 2863 3185 2933 principio
3215 2861 3382 2916 verbo
3410 2858 3555 2915 fores

1966 2956 2293 3012 occluderet.
2337 2954 2409 3012 Ut
2451 2956 2610 3026 igitur
2653 2953 2718 3008 ad
2763 2953 3054 3009 tollendam
3091 2952 3554 3008 circumcisionem

1968 3051 2107 3105 viam
2120 3058 2400 3114 sterneret,
2417 3061 2471 3104 et
2487 3047 2745 3102 doctrinae
2761 3044 3027 3102 Timothei
3047 3044 3248 3100 aditum
3270 3053 3554 3112 reserarat,

1968 3142 2430 3199 circumcisionem
2470 3141 2546 3195 illi
2591 3140 2872 3211 apposuit,
2919 3148 2976 3194 ut.
3018 3139 3229 3195 tolleret
3274 3138 3559 3193 circumci-

1971 3235 2199 3289 sionem.
2226 3234 2516 3303 Propterea
2542 3231 2697 3299 dixit,
2729 3230 2919 3285 Factus
2943 3247 3056 3284 sum
3078 3227 3278 3284 Iudicis
3305 3239 3559 3300 tamquam

1972 3325 2187 3380 Judtrus
2225 3326 2304 3394 (l.
2340 3324 2456 3379 Cor.
2486 3324 2539 3380 9.
2571 3323 2664 3395 20)
2696 3341 2708 3378 :
2741 3338 2848 3378 non
2897 3333 2955 3376 ut
2996 3321 3215 3377 Judaaus
3260 3322 3428 3385 lleret,
3461 3321 3563 3375 hoc

1974 3419 2107 3473 dixit
2135 3418 2347 3484 Paulus,
2375 3416 2470 3471 sed
2499 3427 2555 3470 ut
2586 3417 2649 3471 iis
2686 3415 2777 3486 qui
2802 3413 2973 3471 Judmi
3002 3413 3309 3477 manebant,
3344 3426 3564 3482 persua-

1975 3512 2148 3578 deret,
2176 3520 2363 3565 utnon
2401 3509 2628 3579 amplius
2654 3517 2835 3562 essent
2866 3506 3036 3561 Judzei
3067 3523 3081 3559 :
3111 3490 3393 3577 propterea
3422 3502 3567 3559 hunc

1977 3602 2136 3656 etiam
2164 3598 2517 3661 circumcidit,
2544 3606 2600 3653 ut
2627 3596 3090 3654 circumcisionem
3124 3595 3355 3650 tolleret.
3388 3594 3569 3664 Itaque

1979 3695 2389 3750 circumcisione
2404 3690 2664 3745 adversus
2683 3687 3147 3743 circumcisionem
3173 3693 3257 3740 est
3280 3699 3431 3740 usus.
3461 3688 3568 3739 Ac-

1979 3788 2122 3857 cepit
2146 3786 2287 3842 enim
2312 3794 2363 3839 et
2387 3784 2701 3839 Timotheus
2726 3779 3209 3845 circumcisionem,
3237 3788 3345 3832 uta
3371 3776 3569 3834 Judzeis

1984 3886 2163 3950 posset
2191 3875 2417 3939 admitti,
2451 3881 2507 3929 et
2545 3874 2817 3944 ingressus
2852 3870 2970 3925 illos
3007 3869 3206 3925 sensim
3237 3869 3305 3922 ab
3350 3870 3447 3921 hac
3474 3868 3575 3922 ob-

1983 3970 2286 4025 servatione
2328 3966 2635 4021 abduceret.
2667 3963 2828 4019 Vides
2865 3976 2965 4031 qua
2993 3961 3060 4015 de
3099 3975 3261 4017 causa
3298 3968 3351 4014 et
3374 3959 3573 4015 Pente-

1984 4073 2167 4117 costeu
2208 4068 2265 4114 et
2290 4057 2753 4113 circumcisionem
2793 4055 2989 4109 Paulus
3027 4052 3375 4107 observaret?
3408 4052 3576 4107 Vultis

1986 4164 2039 4207 et
2067 4152 2169 4206 alia
2198 4150 2431 4220 legitima
2462 4148 2614 4202 vobis
2647 4144 2925 4202 ostendam
2951 4144 3020 4199 ab
3047 4159 3113 4199 eo
3142 4143 3303 4199 fuisse
3324 4144 3575 4199 servata?

1991 4247 2277 4316 Diligenter
2292 4241 2570 4297 attendite.
2592 4238 2843 4294 Ascendit
2861 4238 3145 4307 aliquando
3160 4237 3574 4308 Jerosolymam,

1987 4351 2041 4394 ct
2066 4352 2187 4391 cum
2224 4351 2347 4389 eum
2382 4334 2641 4387 vidissent
2686 4331 2937 4400 apostoli,
2970 4329 3220 4384 dicebant
3260 4329 3308 4383 ei
3340 4346 3352 4380 :
3396 4327 3572 4394 Vides,

1991 4437 2149 4506 frater
2181 4431 2362 4494 Paule,
2395 4439 2513 4499 quot
2542 4428 2703 4482 millia
2733 4437 2849 4480 sunt
2875 4426 2928 4478 in
2955 4424 3186 4489 luditis,
3213 4427 3297 4496 qui
3331 4442 3571 4479 conuene-

1990 4537 2131 4592 runt,
2161 4534 2205 4579 et
2241 4540 2412 4577 omnes
2439 4522 2706 4575 audierunt
2736 4520 2798 4572 de
2839 4530 2919 4582 te,
2954 4520 3069 4589 quia
3097 4517 3447 4571 discessionem
3486 4517 3571 4572 do-

1992 4636 2105 4674 ceas
2132 4635 2163 4670 a
2190 4617 2314 4685 lege.
2363 4614 2499 4682 Quid
2539 4611 2699 4683 ergo?
2731 4609 2839 4663 Fac
2876 4609 3012 4679 quod
3054 4608 3141 4662 tibi
3177 4609 3392 4662 dicimus
3426 4620 3585 4663 :sant

1993 4711 2134 4783 apud
2177 4726 2266 4762 nos
2297 4708 2389 4761 viri
2430 4715 2598 4760 votum
2627 4703 2859 4758 habentes
2900 4718 3055 4771 super
3082 4718 3136 4754 se
3165 4716 3183 4754 :
3210 4700 3288 4753 his
3312 4701 3586 4771 assumptis

1995 4804 2261 4871 sancti/ica
2298 4814 2346 4854 te
2383 4816 2497 4853 cum
2536 4798 2660 4857 illis.
2710 4807 2757 4849 et
2795 4803 2948 4864 caput
2984 4792 3109 4845 rude
3131 4808 3243 4846 cum
3277 4792 3412 4857 illis,
3444 4801 3500 4846 ut
3534 4810 3589 4848 re

1996 4898 2109 4963 ipsa
2136 4894 2262 4964 ﬁdes
2288 4892 2390 4945 illis
2417 4893 2526 4957 ﬁat,
2555 4889 2674 4961 quia
2695 4901 2809 4957 qua:
2827 4884 3097 4937 audierunt
3122 4882 3187 4936 de
3212 4893 3261 4937 te
3286 4883 3418 4950 falsa
3445 4893 3583 4945 sunt,

2000 4989 2088 5043 sed
2127 4998 2172 5041 et
2216 4987 2324 5055 ipse
2364 4983 2558 5053 Moysis
2599 4982 2757 5050 legem
2798 4993 2965 5031 servas
3005 4973 3140 5048 (Act.
3189 4975 3281 5029 2-1.
3325 4975 3445 5031 20-
3470 4973 3587 5043 24).

2008 5079 2207 5135 Videtis
2224 5073 2732 5131 cmrdescensimieni
2760 5066 3165 5124 admirabilem?
3184 5065 3445 5122 Obscrvat
3462 5075 3596 5121 tem-

2005 5187 2155 5241 pora,
2189 5180 2247 5223 ut
2277 5165 2710 5221 observationem
2754 5173 3055 5230 temporum
3087 5158 3240 5213 tollat
3272 5177 3284 5212 :
3316 5160 3597 5215 circumci-

2008 5268 2211 5320 sionem
2238 5262 2475 5325 adhibet,
2504 5268 2561 5312 ut
2581 5253 2971 5311 circumcisioni
3001 5252 3159 5307 ﬁnem
3194 5252 3435 5321 imponat
3466 5269 3480 5306 :
3511 5266 3597 5304 sa-

2012 5358 2266 5415 criﬁcium
2306 5354 2481 5418 oli'crt,
2520 5359 2576 5404 ut
2604 5346 3028 5403 observationem
3069 5343 3274 5399 auferat
3311 5342 3600 5398 sacriﬁcio.

2012 5466 2150 5507 rum.
2180 5449 2293 5504 Hoc
2319 5455 2496 5501 autem
2540 5443 2684 5497 illum
2714 5440 2913 5495 idcirco
2956 5438 3147 5493 fecisse
3201 5445 3258 5490 ut
3285 5436 3551 5505 intelligas
3577 5478 3593 5501 ,

2013 5543 2134 5599 audi
2158 5542 2332 5612 ipsum
2363 5538 2465 5592 hoc
2486 5535 2752 5590 dicentem
2783 5550 2795 5584 :
2823 5531 3012 5586 Factus
3038 5547 3148 5584 sum
3176 5531 3239 5584 iis
3266 5530 3353 5593 qui
3375 5531 3468 5583 sub
3497 5530 3605 5600 legs

2016 5646 2158 5703 sunt,
2196 5633 2339 5706 quasi
2377 5629 2468 5685 sub
2495 5628 2603 5699 lege
2636 5643 2818 5692 essent,
2848 5635 2904 5679 ut
2938 5640 3022 5680 eos
3050 5626 3133 5689 qui
3175 5622 3265 5678 sub
3293 5622 3403 5693 lege
3428 5630 3605 5677 erant.

2021 5730 2412 5800 lucrifacerem:
2444 5731 2489 5779 ct
2521 5737 2634 5777 cum
2662 5719 2788 5775 liber
2808 5735 2964 5774 essem
3002 5716 3065 5771 ab
3099 5717 3609 5788 onmibus,omnium
