4010 6342
1164 244 1221 299 S.
1261 243 1538 299 JOANle
1575 239 1990 298 CllliYSOSTOI

2099 237 2408 294 AllClilEl’.
2451 239 2980 298 C(lNSTANTlNOi'.
3606 249 3706 305 1112

2129 366 2291 420 qtmm
2315 361 2392 405 est
2421 361 2596 406 autem
2629 362 2685 408 nt
2705 353 2980 410 videamus
3007 373 3110 426 qua
3135 356 3202 413 de
3225 373 3384 414 causa
3423 360 3474 415 in
3513 359 3717 420 Ponte.

2125 453 2273 497 coste
2299 443 2434 499 liber
2459 446 2710 500 Actorum
2744 445 2967 517 legatur.
2992 447 3101 502 Hac
3122 449 3264 504 enim
3298 450 3365 506 de
3389 467 3547 506 causa
3597 464 3714 511 haec

438 245 542 300 105

433 375 513 413 me
536 374 734 414 servum
761 360 855 430 {eri
880 358 950 429 (ι,
983 353 1100 413 Cor.
1131 358 1186 414 9.
1216 356 1307 414 2|.
1339 356 1448 430 l9).
1477 353 1599 410 llaec
1624 363 1798 408 autem
1823 353 2017 408 Paulus

432 453 642 519 agebat,
687 460 743 504 ut
788 464 943 504 suum
989 449 1263 503 domitium
1310 448 1627 502 imitaretur.
1669 445 1797 503 Nam
1844 453 1900 497 ut
1927 443 2016 498 ille

421 555 552 596 eum
577 545 630 598 iu
657 546 823 608 [arma
844 542 940 598 Dei
966 552 1110 607 esset,
1142 560 1240 596 non
1261 543 1500 611 rapinam
1528 541 1797 594 arbitratus
1817 547 1888 592 est
1909 553 2016 591 esse

425 655 476 692 se
514 638 759 708 aqualem
800 635 929 701 Deo,
974 637 1063 691 sed
1105 636 1427 704 semetipsum
1473 633 1748 687 exinanivit
1793 635 2012 700 formam

422 729 550 782 servi
577 729 828 797 accipiens
857 726 1112 800 (Philipp.
1147 726 1203 779 2.
1235 725 1288 780 6.
1325 724 1402 794 7),
1434 733 1627 778 etcum
1669 722 1804 776 liber
1831 729 2009 786 esset,

425 819 594 873 factus
623 827 709 874 est
735 833 922 872 servus
955 835 968 871 ε
998 818 1076 870 sic
1096 827 1150 870 et
1177 817 1276 870 iste
1313 830 1432 869 cum
1473 814 1607 868 liber
1633 823 1776 866 esset
1800 828 1864 866 ex
1891 828 2010 865 om-

421 910 598 978 nibus,
613 910 852 964 omnium
877 925 934 964 se
960 924 1172 963 servum
1198 907 1344 970 fecit,
1366 914 1424 960 ut
1443 920 1629 959 omnes
1651 903 2007 958 lucrifaceret.

419 1003 673 1057 Naturam
715 1011 952 1057 nostram
984 1015 1262 1055 assumens
1287 999 1538 1054 dominus
1573 997 1741 1052 lactus
1782 1005 1865 1051 est
1892 1011 2009 1051 ser-

420 1110 538 1160 vus,
571 1106 632 1151 ut
671 1095 868 1151 liberos
899 1093 1148 1148 redderet
1184 1105 1370 1146 servos
1397 1109 1412 1146 :
1447 1089 1719 1144 Inclinavit
1744 1089 1929 1153 cattas,
1961 1098 2007 1142 et

421 1187 678 1240 descendit
703 1185 872 1258 (Psal.
905 1186 991 1239 l7.
1023 1184 1134 1255 10),
1163 1195 1216 1238 ιιι
1244 1198 1338 1238 eos
1361 1181 1454 1253 qui
1475 1181 1696 1237 inferius
1723 1181 2008 1235 manebant

420 1282 473 1335 in
499 1282 690 1336 ctutum
724 1279 998 1333 CVCiICI'CI.
1030 1275 1306 1332 Inclinanit
1332 1274 1527 1329 ctelos:
1559 1290 1665 1328 non
1713 1273 1864 1334 dixit,
1898 1271 2004 1327 De-

419 1374 629 1444 reliquit
667 1374 827 1427 castos
850 1383 902 1426 et
928 1369 1224 1433 descendit,
1259 1368 1352 1424 sed
1383 1365 1681 1428 lnclinavit,
1715 1375 1771 1421 ut
1798 1364 2005 1420 facilio-

417 1482 532 1523 rem
562 1467 653 1520 tibi
691 1465 929 1520 efliecret
967 1479 1248 1518 ascensum
1295 1463 1349 1517 in
1389 1462 1570 1516 (XBIOS.
1613 1461 1763 1514 Hunc
1791 1475 2003 1530 quoque

419 1572 517 1626 pro
558 1555 759 1610 viribus
804 1555 1038 1609 imitatus
1073 1562 1157 1608 est
1198 1553 1421 1618 Paulus,
1460 1552 1708 1624 quocirca
1751 1551 1998 1608 dicebat:

414 1646 704 1701 Imitatores
743 1647 840 1700 mei
883 1656 1070 1713 estote,
1111 1646 1242 1701 sicut
1279 1655 1327 1699 et
1367 1659 1457 1717 ego
1493 1643 1679 1699 Christi
1729 1643 1748 1712 (
1776 1645 1826 1698 1.
1878 1643 1998 1698 Cor.

414 1741 469 1795 4.
504 1739 614 1809 16).
646 1739 705 1794 Et
741 1739 1011 1809 quomodo
1042 1750 1117 1802 tu,
1149 1739 1306 1794 beate
1327 1738 1512 1805 Paule,
1543 1735 1741 1792 Christi
1769 1738 2002 1792 imitator

413 1850 472 1888 es
499 1831 708 1888 factus?
728 1830 1052 1901 Quomodo?
1075 1831 1209 1900 Quia
1238 1831 1421 1887 nttllibi
1445 1831 1586 1902 quod
1610 1831 1739 1886 mihi
1764 1840 1846 1886 est
1871 1832 2000 1886 utile

411 1941 615 1995 quaero,
653 1926 747 1981 sed
776 1925 916 1995 quod
945 1924 1158 1991 multis,
1186 1933 1244 1979 ut
1268 1925 1403 1979 salvi
1446 1926 1594 1988 ﬁant,
1635 1934 1690 1980 et
1717 1940 1836 1979 cum
1865 1923 2000 1978 liber

411 2033 584 2073 essem
624 2033 689 2072 ex
737 2017 1013 2084 omnibus,
1056 2017 1294 2072 omnium
1324 2033 1535 2072 servum
1567 2032 1654 2072 me
1688 2015 1809 2072 feci.
1853 2015 1998 2071 Nihil

411 2125 539 2180 ergo
567 2109 757 2164 melius
785 2118 868 2165 est
895 2107 996 2163 hac
1023 2114 1299 2174 servitute,
1323 2107 1519 2177 quippe
1549 2123 1666 2177 qua:
1697 2107 1994 2163 libertatem

413 2200 627 2253 caeteris
655 2199 848 2269 pariat.
882 2197 1186 2268 Spiritualis
1219 2207 1335 2253 erat
1373 2199 1602 2267 piscator
1634 2196 1857 2264 Paulus;
1889 2195 1996 2250 Fa-

411 2291 543 2342 riom
580 2289 745 2356 enim,
792 2289 993 2359 inquit,
1038 2305 1124 2343 vos
1177 2289 1450 2359 piscatores
1484 2287 1744 2341 hominum
1782 2286 1991 2352 (Matth.

409 2382 460 2436 4.
491 2379 614 2452 19);
646 2395 805 2451 quam
849 2380 918 2435 ob
943 2395 1159 2434 causam
1191 2387 1246 2434 et
1282 2379 1380 2434 ista
1427 2379 1735 2449 prmstabat.
1765 2378 1897 2434 Nam
1941 2388 1996 2433 ct

411 2474 700 2543 piscatores
745 2490 867 2528 cum
913 2475 1112 2543 piscem
1161 2473 1390 2528 viderint
1437 2473 1652 2527 hamum
1693 2472 1990 2543 deglutire,

409 2580 513 2620 non
541 2565 717 2620 statim
755 2564 1054 2630 retrahunt,
1098 2563 1191 2619 sed
1217 2563 1469 2619 cedentes
1497 2563 1564 2617 ad
1611 2563 1836 2617 multum
1867 2579 1993 2631 spa-

410 2668 538 2721 tium
565 2677 880 2738 sequuntur,
909 2677 963 2720 et
1009 2673 1323 2734 exSpectant
1353 2675 1404 2718 ut
1446 2663 1636 2718 hamus
1685 2671 1831 2718 recte
1855 2660 1985 2716 deti-

405 2770 592 2831 gatur,
633 2771 794 2831 atque
843 2761 916 2815 ita
958 2759 1192 2830 praedam
1238 2759 1401 2813 tutius
1448 2756 1776 2813 extrahant:
1821 2758 1900 2813 sic
1938 2767 1994 2814 et

406 2853 631 2920 apostoli
683 2864 792 2907 tum
839 2853 1109 2923 agebant:
1149 2850 1364 2905 hamum
1404 2850 1662 2905 doctrina:
1703 2850 1852 2905 verbi
1894 2849 1990 2906 Ju-

403 2946 569 3001 tlaicze
597 2947 789 3000 animai
817 2942 1126 3016 injiciebant
1156 2962 1168 2996 :
1201 2955 1254 2998 at
1283 2943 1356 2998 illi
1386 2943 1732 2999 retrahebant
1757 2953 1986 3010 temere,

403 3049 562 3110 atque
585 3037 904 3100 retinebant,
935 3045 991 3092 et
1031 3036 1336 3112 seipsoslad
1372 3036 1830 3090 circmncisionetn
1878 3044 1988 3089 tra-

405 3132 694 3200 ducebant,
724 3130 792 3187 ad
838 3132 968 3189 festa
1013 3140 1066 3185 et
1111 3140 1409 3201 temporum
1450 3130 1870 3194 observationes,
1921 3128 1987 3182 ad

404 3224 661 3280 sacriﬁcia
688 3265 704 3292 ,
746 3223 814 3279 ad
856 3223 1027 3294 capita
1075 3222 1307 3277 radenda
1332 3263 1346 3284 ,
1378 3229 1432 3276 et
1467 3230 1660 3274 caetera
1709 3219 1832 3274 talia
1871 3234 1990 3288 per-

401 3317 606 3388 agenda
629 3336 643 3372 :
667 3333 849 3372 verum
881 3317 1106 3387 apostoli
1132 3314 1493 3385 sequebantur
1511 3313 1630 3368 illos
1653 3312 1868 3382 ubique,
1891 3328 1987 3366 nec

403 3410 762 3466 relrahebant.
794 3408 978 3480 Itaque
1006 3409 1118 3465 sive
1146 3408 1604 3464 circumcisionem
1633 3421 1844 3476 quarras
1863 3453 1877 3471 ,
1906 3407 1986 3460 in-

399 3504 542 3574 quit,
574 3517 680 3558 non
707 3503 923 3570 resisto,
955 3501 1050 3556 sed
1093 3515 1290 3570 sequor
1322 3518 1337 3554 :
1368 3499 1482 3554 sive
1529 3498 1850 3554 sacriﬁcium
1895 3515 1984 3552 re-

402 3597 600 3664 quiras,
631 3596 878 3650 sacriﬁco
907 3613 921 3650 :
952 3594 1066 3650 sive
1091 3593 1206 3649 radi
1235 3594 1366 3650 velis
1410 3609 1516 3656 me,
1544 3594 1631 3664 qni
1661 3608 1691 3646 a
1729 3601 1818 3646 tua
1865 3591 1986 3646 reli-

403 3689 562 3756 gione
583 3685 906 3752 deieceram,
938 3685 1146 3751 adsum,
1175 3695 1228 3740 et
1252 3684 1395 3756 quod
1413 3684 1639 3755 jusseris
1668 3682 1805 3737 facio
1830 3701 1842 3736 :
1871 3683 1984 3736 sive

401 3777 753 3833 Pentecosten
786 3777 1072 3832 observare
1111 3777 1408 3847 przecipias,
1443 3790 1510 3830 ne
1536 3775 1621 3830 hic
1649 3772 1863 3845 quidem
1893 3791 1981 3827 re-

401 3871 594 3934 luctor,
626 3869 720 3925 sed
738 3884 1073 3940 quocumque
1093 3867 1514 3924 circumduxeris
1539 3883 1754 3938 sequor,
1776 3876 1830 3920 et
1849 3865 1982 3921 cedo

395 3971 747 4032 exspectans,
797 3968 854 4016 ut
903 3961 1094 4015 hamus
1139 3959 1286 4015 verbi
1333 3959 1622 4030 deligatur,
1665 3959 1741 4012 sic
1767 3967 1824 4012 ut
1867 3967 1981 4012 tuto

398 4054 596 4123 possim
625 4062 788 4108 totam
817 4053 1086 4108 nationem
1117 4060 1346 4106 vestram
1371 4066 1400 4104 a
1425 4049 1592 4104 veteri
1619 4050 1763 4104 cultu
1793 4063 1855 4102 ac
1889 4064 1979 4102 re-

400 4146 592 4216 ligione
625 4159 900 4200 revocare.
931 4143 1220 4214 Propterea
1263 4157 1491 4212 namque
1523 4139 1736 4211 Epheso
1766 4139 1982 4194 Jeroso-

396 4238 590 4309 lymam
634 4237 776 4290 veni.
831 4235 992 4291 Vides
1040 4245 1295 4305 quantum
1348 4233 1734 4304 obsequeretur
1785 4231 1980 4286 Paulus

396 4328 678 4395 piscatum:
706 4327 929 4398 piscium
971 4327 1134 4382 verbo
1163 4326 1399 4382 cedens?
1431 4325 1577 4380 vides
1629 4340 1815 4380 rursus
1840 4334 1977 4380 tem—

395 4434 582 4490 porum
600 4418 1049 4484 observationem,
1077 4427 1131 4472 et
1153 4416 1574 4472 circumcisionis
1599 4415 1976 4487 indulgentiam

393 4526 458 4566 ac
492 4511 878 4566 sacrilieiorum
908 4508 1339 4564 communionem
1383 4509 1566 4563 initam
1599 4507 1798 4564 idcirco
1826 4524 1973 4573 esse,

398 4623 500 4661 non
533 4615 590 4660 ιιι
629 4606 727 4675 ipsi
767 4604 834 4659 ad
861 4614 1094 4659 veterem
1141 4603 1452 4674 religionem
1495 4602 1752 4667 redirent,
1783 4601 1877 4658 sed
1922 4610 1980 4656 ut

395 4699 515 4754 illos
540 4699 628 4768 qui
661 4697 847 4768 ﬁguris
881 4695 1260 4761 adlucrebant,
1291 4694 1358 4749 ad
1401 4696 1678 4750 veritatem
1711 4695 1977 4765 provehe-

396 4789 553 4844 rent?
596 4787 696 4857 Qui
741 4789 882 4843 enim
930 4788 982 4842 in
1017 4787 1231 4842 sublimi
1279 4787 1397 4842 loco
1424 4787 1592 4852 sedet,
1626 4788 1670 4842 si
1722 4796 1976 4856 perpetuo

397 4891 609 4936 maneat
639 4881 692 4934 in
719 4880 956 4946 sublimi,
989 4895 1275 4948 numquam
1305 4880 1500 4950 poterit
1525 4893 1670 4944 eum,
1699 4878 1788 4948 qui
1819 4877 1979 4931 deor-

395 4988 514 5028 sum
556 4971 719 5040 jacet,
759 4971 1024 5037 evehere,
1069 4971 1163 5025 sed
1209 4971 1357 5025 illum
1411 4971 1557 5041 prius
1599 4985 1657 5024 se
1696 4969 1978 5024 demittere

389 5071 625 5130 oportet,
653 5075 716 5116 ac
757 5059 949 5117 deinde
977 5062 1134 5115 istum
1161 5060 1406 5117 exaltari.
1435 5061 1719 5132 Propterea
1749 5075 1813 5114 ex
1845 5056 1975 5114 sub-

393 5153 618 5209 limitate
658 5152 927 5222 religionis
968 5155 1287 5224 evangeliea:
1335 5155 1352 5187 ί
1401 5153 1798 5209 descenderunt
1841 5168 1975 5222 apo-

393 5245 541 5312 stoli,
576 5253 631 5298 nt
659 5259 689 5297 a
730 5244 1002 5314 religionis
1029 5244 1264 5301 Judaica:
1304 5245 1603 5300 humilitate
1630 5245 1696 5300 ad
1730 5245 1975 5301 sublimi-

395 5345 556 5389 tatem
587 5334 729 5388 illam
757 5332 970 5389 Judaeos
1000 5334 1376 5403 provelterent.

464 5426 519 5480 5.
560 5423 665 5480 Cur
682 5424 914 5494 legantur
956 5425 1010 5478 in
1059 5423 1354 5480 Pentecoste
1396 5426 1522 5480 Acta
1569 5426 1746 5497 Apost.
1771 5457 1842 5468 —
1869 5425 1972 5481 Sed

393 5525 692 5584 tstnporum
723 5513 936 5584 quidem
967 5515 1393 5572 observationem
1441 5533 1504 5572 ac
1549 5518 1750 5587 reliqua
1797 5518 1973 5572 omnia

394 5605 594 5658 utiliter
612 5613 666 5658 et
694 5605 974 5664 commode
1007 5604 1141 5662 facta
1175 5621 1294 5662 csse
1318 5617 1520 5663 constat
1553 5623 1616 5663 ex
1663 5607 1807 5663 istis:
1843 5607 1970 5664 reli-

453 5707 472 5739 ⁶
505 5705 657 5760 υοιιγ..
676 5701 920 5761 ιιιισριὶειιν.
1592 5689 1596 5692 ’

2124 539 2300 590 omnia
2333 538 2726 608 proposuimus.
2756 547 2832 606 ut,
2876 556 2996 595 cum
3028 551 3327 612 temporum
3371 545 3709 601 observatio-

2124 645 2244 684 nem
2277 629 2476 684 iustare
2504 630 2764 700 videritis,
2814 648 2883 687 ne
2931 634 3250 692 existimetis
3293 640 3568 706 apostolos
3617 639 3711 695 Jo-

2121 715 2288 774 daicis
2306 720 2645 777 ritibusvclle
2690 737 2750 777 sc
2796 723 3150 795 obstringere.
3196 727 3389 782 Verum
3443 731 3710 785 attendite

2120 809 2423 880 diligenter,
2452 827 2666 882 quaso:
2721 827 2895 880 neque
2930 815 3074 870 enim
3108 815 3434 874 mediocrem
3496 832 3681 888 quies.

2120 901 2317 956 tionem
2361 905 2735 975 complectitur
2777 907 2828 960 id
2870 907 3012 978 quod
3035 907 3228 965 dicturi
3259 927 3472 969 sumus.
3508 913 3569 968 In
3614 913 3707 968 die

2116 996 2294 1049 crucis
2316 999 2494 1051 omnia
2531 999 2756 1070 legimus
2782 1015 2900 1071 quae
2929 1001 2994 1056 ad
3041 1017 3257 1059 crucem
3299 1006 3570 1074 pertinent
3600 1025 3615 1060 :
3650 1009 3704 1060 in

2117 1102 2309 1156 magno
2355 1088 2580 1144 sabbato
2637 1106 2860 1158 rursus,
2923 1092 3171 1148 traditum
3235 1111 3355 1150 esse
3414 1097 3703 1154 Dominum

2117 1189 2380 1239 nostrum.
2409 1178 2722 1234 cruciﬁxum
2747 1197 2899 1246 esse,
2936 1194 3201 1238 mortuum
3245 1201 3367 1241 esse
3404 1187 3702 1242 secundum

2113 1283 2329 1322 carnem
2351 1277 2406 1324 et
2429 1270 2675 1340 sepulcro
2701 1273 3131 1330 conditumzcnr
3172 1275 3331 1346 igitur
3377 1293 3483 1332 non
3533 1280 3702 1333 etiam

2113 1359 2491 1430 Apostolorum
2525 1367 2654 1417 Acta
2680 1363 2903 1434 legimus
2933 1375 3054 1435 post
3077 1364 3451 1432 Pentecosten,
3480 1370 3703 1440 quando

2109 1460 2164 1505 et
2182 1462 2497 1518 evenerunt,
2521 1464 2574 1508 et
2595 1455 2804 1509 initium
2832 1456 3138 1512 duxerunt?
3187 1461 3266 1515 Ac
3293 1461 3406 1516 scio
3445 1463 3699 1533 equidem

2111 1541 2212 1595 hoc
2242 1543 2478 1612 ignotum
2503 1561 2622 1600 esse
2652 1547 2852 1614 multis,
2877 1563 3034 1617 quam
3085 1549 3155 1602 ob
3197 1565 3414 1606 causam
3458 1569 3523 1607 ex
3577 1555 3702 1625 ipso

2110 1635 2364 1688 Actorum
2392 1635 2528 1690 libro
2555 1637 2986 1694 demonstremus
3027 1641 3166 1694 istud
3213 1657 3432 1698 necesse
3477 1654 3582 1710 est,
3637 1657 3701 1701 ut

2109 1742 2212 1781 non
2241 1742 2270 1782 a
2295 1728 2629 1794 Pentecoste,
2663 1730 2756 1785 sed
2779 1747 2808 1785 a
2833 1740 3071 1802 tempore
3091 1776 3106 1797 ,
3149 1735 3291 1802 quod
3341 1735 3696 1794 Pentecosten

2107 1827 2388 1889 sequutum
2418 1831 2521 1887 est,
2577 1822 2940 1891 apostolorum
2970 1833 3086 1878 acta
3119 1826 3324 1879 initium
3352 1825 3567 1884 duxisse
3609 1830 3700 1884 in-

2109 1911 2377 1981 telligatis.
2405 1911 2667 1980 Quocirca
2697 1913 2889 1968 merito
2911 1925 3114 1985 quzcret
3138 1916 3352 1987 aliquis,
3378 1934 3537 1988 quam
3564 1928 3696 1974 tan-

2103 2003 2225 2058 dem
2252 2005 2321 2058 ob
2347 2019 2560 2060 causam
2597 2015 2852 2060 statutum
2883 2008 2971 2071 sit,
3016 2017 3073 2062 ut
3121 2007 3397 2064 historiam
3426 2011 3600 2066 crucis
3627 2013 3688 2066 in

2103 2093 2189 2150 die
2235 2096 2407 2152 crucis
2448 2106 2503 2152 et
2543 2097 2804 2167 passionis
2850 2097 3087 2168 legamus
3120 2115 3134 2153 :
3174 2101 3546 2169 Apostolorum
3589 2118 3697 2158 au-

2105 2199 2209 2242 tem
2259 2189 2389 2242 Acta
2433 2204 2539 2244 non
2581 2190 2710 2259 ipsis
2749 2190 2852 2244 illis
2899 2189 3088 2244 diebus
3133 2199 3226 2245 aut
3269 2191 3362 2246 illo
3403 2201 3645 2264 tempore
3673 2238 3692 2261 ,

2101 2297 2209 2350 quo
2253 2288 2454 2350 patrata
2505 2291 2659 2344 sunt,
2707 2280 3096 2352 legamus,sed
3123 2291 3349 2353 tempus
3389 2285 3694 2354 praevenia-

2103 2373 2257 2426 tnns?
2299 2371 2481 2442 Neque
2531 2373 2673 2428 enim
2723 2371 3031 2440 confestim,
3083 2373 3173 2428 ubi
3212 2373 3457 2430 Christus
3505 2391 3695 2431 resur-

2101 2463 2256 2523 rexit.
2283 2463 2430 2517 edila‘
2464 2474 2590 2518 sunt
2636 2465 2891 2519 miracula
2919 2465 2988 2521 ab
3029 2465 3307 2535 apostolis,
3334 2467 3428 2521 sed
3456 2467 3696 2538 quadra-

2097 2555 2241 2624 ginta
2263 2555 2449 2612 diebus
2470 2573 2590 2611 cum
2614 2558 2741 2627 ipsis
2762 2558 3074 2613 vescebatur
3093 2558 3146 2612 in
3169 2559 3345 2615 terris.
3375 2558 3484 2618 Cur
3507 2569 3696 2618 autem

2097 2646 2286 2702 diebus
2309 2647 2656 2718 quadraginta
2683 2647 2844 2703 fuerit
2868 2665 2992 2704 cum
3023 2649 3128 2704 illis
3153 2659 3397 2706 versatus
3422 2651 3476 2706 in
3506 2654 3693 2719 terris,

2097 2738 2202 2791 alio
2259 2747 2499 2808 tempore
2551 2738 2991 2806 declarabimus;
3049 2756 3193 2796 nunc
3239 2741 3307 2796 ad
3353 2744 3695 2814 propositum

2099 2840 2430 2885 revertamur
2457 2872 2473 2898 ,
2531 2839 2588 2886 et
2631 2831 2982 2888 ostendamus
3021 2831 3294 2888 Christum
3340 2848 3444 2888 non
3498 2835 3684 2890 statim

2099 2933 2217 2991 post
2233 2924 2684 2980 resurrectionem
2705 2926 2755 2979 in
2778 2924 2940 2980 ctelos
2952 2925 3280 2992 ascendisse,
3302 2942 3487 2980 verum
3503 2928 3555 2982 in
3573 2936 3690 2983 ter-

2099 3015 2172 3066 ris
2201 3022 2591 3068 commoratum
2616 3029 2732 3069 esse
2751 3013 3297 3086 diebusquadraginta
3313 3017 3694 3088 cumdiscipu-

2097 3105 2182 3171 lis,
2209 3120 2379 3175 neque
2394 3105 2708 3174 simpliciter
2723 3115 3144 3170 commoratum,
3169 3106 3263 3162 sed
3294 3117 3347 3162 et
3379 3119 3696 3165 vescentem

2094 3214 2214 3252 eum
2246 3199 2462 3267 ipsis,et
2480 3199 2533 3254 in
2557 3215 2739 3254 mensa
2763 3214 2884 3254 cum
2908 3200 3014 3256 illis
3031 3201 3427 3257 recumbentem
3457 3202 3693 3259 familia-

2095 3289 2224 3342 riter
2264 3305 2385 3344 cum
2436 3289 2539 3344 illis
2595 3299 2862 3345 versatum
2907 3306 3056 3356 esse,
3088 3306 3152 3346 ac
3179 3302 3302 3364 post
3323 3293 3439 3349 dies
3467 3295 3689 3351 tandem

2091 3381 2438 3452 quadraginta
2491 3384 2544 3438 in
2595 3383 2758 3438 caelos
2789 3383 2854 3438 ad
2896 3383 3107 3438 Patrem
3153 3385 3493 3451 ascendisse,
3524 3404 3588 3444 ac
3613 3407 3690 3446 ne

2094 3482 2202 3527 tum
2229 3474 2445 3544 quidem
2477 3475 2731 3528 miracula
2762 3475 2882 3529 illos
2912 3473 3146 3531 edidisse
3166 3519 3181 3542 ,
3209 3476 3306 3532 sed
3332 3477 3466 3533 alios
3493 3477 3685 3536 decens

2088 3566 2206 3620 dies
2232 3567 2443 3636 elapsos
2467 3581 2587 3622 esse
2605 3607 2622 3632 ,
2665 3581 2896 3638 cumque
2941 3569 3301 3638 compleretur
3328 3569 3643 3629 Pentecoste
3663 3615 3684 3640 ,

2091 3660 2312 3712 missum
2338 3657 2404 3711 ad
2430 3673 2523 3713 eos
2549 3657 2806 3728 Spiritum
2829 3669 3072 3714 sanctum
3100 3661 3261 3715 fuisse
3279 3703 3296 3728 ,
3330 3671 3546 3733 tumque
3575 3663 3687 3718 lin-

2088 3753 2205 3821 guis
2225 3753 2439 3807 demum
2467 3751 2637 3821 igneis
2663 3753 2896 3821 acceptis
2924 3751 3085 3809 edere
3126 3755 3357 3824 cmpisse
3403 3758 3682 3813 miracula.

2092 3848 2215 3900 llzec
2263 3856 2440 3901 autem
2477 3846 2688 3913 omnia,
2727 3845 3094 3914 dilectissimi,
3143 3863 3212 3903 ex
3259 3848 3548 3919 Scripturis
3586 3851 3687 3907 de-

2091 3938 2507 3994 monstrabimus
2536 3955 2551 3992 :
2578 3939 2809 4007 exempli
2835 3953 2994 3992 causa
3030 3979 3046 4003 ,
3099 3939 3448 4010 quadraginta
3492 3941 3686 3998 diebus

2088 4046 2208 4084 cum
2247 4030 2376 4100 ipsis
2406 4039 2676 4085 versatum
2698 4044 2820 4084 eum
2841 4045 2982 4096 esse,
3007 4030 3265 4100 Spiritum
3293 4042 3536 4088 sanctum
3560 4045 3684 4102 post

2089 4123 2438 4178 Pentecosten
2466 4122 2808 4179 descendisse
2828 4165 2842 4189 ,
2874 4132 3092 4193 tumque
3118 4122 3326 4192 linguas
3349 4122 3467 4178 illos
3497 4124 3685 4195 igneas

2087 4215 2355 4283 accepisse
2374 4257 2388 4279 ,
2420 4225 2578 4286 atque
2607 4215 2675 4270 ab
2700 4230 2765 4270 eo
2791 4225 3031 4284 tempore
3058 4215 3312 4269 miracula
3355 4215 3441 4271 edi
3478 4217 3547 4272 ab
3574 4219 3684 4274 illis

2085 4309 2333 4373 cmpisse.
2365 4306 2496 4374 Quis
2523 4307 2680 4377 igitur
2705 4307 2884 4361 omnia
2914 4307 3013 4361 ista
3043 4316 3432 4363 commemorat
3457 4309 3482 4360 ‘l
3513 4308 3687 4364 Disci-

2089 4398 2242 4467 pulus
2272 4398 2448 4461 Pauli,
2474 4397 2811 4453 venerandus
2834 4407 2890 4454 et
2934 4413 3157 4469 magnus
3207 4398 3407 4464 Lucas,
3449 4398 3579 4455 dum
3609 4403 3682 4456 ita

2088 4489 2303 4556 incipit,
2345 4497 2397 4543 et
2423 4487 2507 4542 his
2537 4488 2714 4542 verbis
2741 4489 2943 4543 utitur:
2971 4487 3206 4542 Primum
3242 4490 3446 4558 quidem
3488 4507 3687 4547 sermo-

2086 4595 2199 4632 nem
2227 4579 2323 4650 feci
2348 4581 2410 4634 de
2429 4581 2660 4634 omnibus
2679 4623 2694 4646 ,
2713 4598 2744 4634 o
2759 4579 3068 4652 Theophile,
3099 4597 3214 4652 quae
3241 4583 3392 4652 coepit
3409 4581 3444 4636 J
3449 4600 3566 4638 esus
3594 4588 3681 4656 [ι-

2085 4688 2195 4725 cere
2211 4713 2223 4736 ,
2250 4681 2297 4725 et
2326 4671 2504 4726 docere
2529 4689 2685 4742 usque
2711 4673 2764 4725 in
2791 4673 2944 4736 diem,
2971 4689 3072 4742 qua
3101 4674 3400 4742 praecipiens
3432 4676 3684 4744 apostolis

2088 4779 2176 4830 per
2198 4763 2449 4832 Spiritum
2478 4774 2708 4817 sanctum
2723 4804 2738 4826 ,
2761 4779 2886 4833 quos
2907 4763 3088 4833 elegit,
3112 4777 3404 4834 assumptus
3422 4776 3518 4820 est.
3550 4767 3683 4834 Qui-

2085 4853 2176 4907 bus
2215 4865 2259 4908 ct
2283 4855 2492 4922 prtebuit
2531 4856 2754 4924 seipsunt
2784 4856 2948 4908 vivum
2985 4865 3096 4924 post
3122 4859 3407 4924 passionem
3448 4875 3597 4912 suam
3625 4861 3682 4914 in

2089 4946 2259 5000 multis
2284 4948 2615 5017 argumentis,
2641 4964 2730 5016 per
2756 4949 2864 5002 dies
2892 4948 3237 5020 quadraginta
3265 4966 3523 5020 apparens
3563 4954 3636 5008 a's
3659 4996 3678 5020 ,

2085 5047 2131 5090 et
2176 5040 2382 5108 loquens
2421 5036 2484 5093 de
2513 5054 2666 5110 regno
2719 5037 2836 5092 Dei.
2873 5037 2938 5092 Et
2963 5056 3267 5094 conuesceus
3298 5044 3543 5112 pra'cepit
3574 5045 3680 5108 eis,

2084 5128 2146 5180 ab
2165 5127 2495 5198 Jerosolyntis
2516 5145 2578 5182 ne
2602 5129 2916 5182 discederent
2933 5129 3070 5201 (Act.
3096 5132 3143 5184 1.
3175 5131 3272 5185 14
3288 5129 3331 5202 ).
3358 5130 3520 5187 Vides
3543 5149 3682 5201 qua-

2091 5218 2330 5288 draginta
2361 5218 2551 5272 diebus
2566 5220 2616 5272 in
2641 5221 2797 5274 terris
2820 5221 3103 5276 Dominum
3126 5231 3394 5277 versatum
3415 5237 3538 5278 esse
3562 5237 3686 5294 post

2085 5313 2530 5366 resurrectionem
2547 5352 2562 5374 ,
2589 5311 2658 5366 de
2683 5327 2850 5381 regno
2879 5312 2968 5367 Dei
2993 5313 3299 5382 loquentem
3316 5323 3521 5370 etcum
3549 5330 3688 5384 apo-

2084 5403 2237 5458 stolis
2267 5412 2572 5458 vescentem
2600 5405 2624 5458 ?
2653 5403 2814 5460 Vides
2836 5406 2998 5460 etiam
3024 5405 3205 5460 cibum
3232 5421 3354 5460 eum
3395 5407 3502 5463 illis
3529 5423 3681 5463 sum-

2087 5497 2255 5566 psisse
2274 5498 2297 5548 ?
2315 5494 2381 5549 Et
2408 5498 2644 5567 praecepit
2673 5497 2764 5562 eis,
2789 5499 2977 5568 inquit,
3000 5498 3064 5552 ab
3075 5497 3409 5570 Jerosolgmis
3432 5516 3498 5554 ne
3513 5502 3682 5556 disce-

2085 5589 2256 5641 derent
2281 5629 2295 5653 ,
2341 5589 2430 5642 sed
2480 5599 2826 5658 exspectarent
2874 5591 3257 5660 promissionem
3306 5589 3483 5646 Patris
3526 5610 3683 5662 quam

2089 5678 2327 5746 audistis,
2359 5679 2545 5750 inquit,
2574 5697 2637 5736 ea;
2660 5696 2738 5736 me
2756 5695 2776 5735 :
2798 5681 2918 5753 quia
2942 5681 3170 5738 Joannes
3203 5682 3473 5752 baptisattit
3503 5702 3637 5754 aqua
3656 5725 3676 5747 ,
