  <div class='ocr_page' id='page_1' title='image "/cluster/home/n/w/nwhite01/storage/ocr_20150623/51/nnc1.0046978275/102.png"; bbox 0 0 4010 6342; ppageno 0'>
   <div class='ocr_carea' id='block_1_1' title="bbox 291 297 398 346">
    <p class='ocr_par' dir='ltr' id='par_1_1' title="bbox 291 297 398 346">
     <span class='ocr_line' id='line_1_1' title="bbox 291 297 398 346; baseline 0.037 -4"><span class='ocrx_word' id='word_1_1' title='bbox 291 297 398 346; x_wconf 72' lang='grc' dir='ltr'>1οδ</span> 
     </span>
    </p>
   </div>
   <div class='ocr_carea' id='block_1_2' title="bbox 286 398 1870 474">
    <p class='ocr_par' dir='ltr' id='par_1_2' title="bbox 286 398 1870 474">
     <span class='ocr_line' id='line_1_2' title="bbox 286 398 1870 474; baseline -0.006 -13"><span class='ocrx_word' id='word_1_2' title='bbox 286 409 480 461; x_wconf 72' lang='grc' dir='ltr'>πᾶσιν</span> <span class='ocrx_word' id='word_1_3' title='bbox 504 400 767 474; x_wconf 78' lang='grc' dir='ltr'>ἐμαυτὸν</span> <span class='ocrx_word' id='word_1_4' title='bbox 789 399 1122 454; x_wconf 74' lang='grc' dir='ltr'>ἐδούλωσα.</span> <span class='ocrx_word' id='word_1_5' title='bbox 1166 403 1366 455; x_wconf 84' lang='grc' dir='ltr'>Ἐποίει</span> <span class='ocrx_word' id='word_1_6' title='bbox 1393 400 1644 455; x_wconf 72' lang='grc' dir='ltr'>δὲταῦτα</span> <span class='ocrx_word' id='word_1_7' title='bbox 1673 401 1700 453; x_wconf 93' lang='lat'>6</span> <span class='ocrx_word' id='word_1_8' title='bbox 1732 398 1870 453; x_wconf 78' lang='lat'><em>[166-</em></span> 
     </span>
    </p>
   </div>
   <div class='ocr_carea' id='block_1_3' title="bbox 225 483 1873 560">
    <p class='ocr_par' dir='ltr' id='par_1_3' title="bbox 225 483 1873 560">
     <span class='ocr_line' id='line_1_3' title="bbox 225 483 1873 560; baseline -0.006 -16"><span class='ocrx_word' id='word_1_9' title='bbox 225 499 231 504; x_wconf 84' lang='grc'><strong><em>“</em></strong></span> <span class='ocrx_word' id='word_1_10' title='bbox 282 493 374 555; x_wconf 90' lang='grc' dir='ltr'>λος</span> <span class='ocrx_word' id='word_1_11' title='bbox 414 485 752 560; x_wconf 86' lang='grc' dir='ltr'>μιμούμενος</span> <span class='ocrx_word' id='word_1_12' title='bbox 792 484 882 537; x_wconf 81' lang='grc' dir='ltr'>τὸν</span> <span class='ocrx_word' id='word_1_13' title='bbox 913 483 1104 538; x_wconf 88' lang='grc' dir='ltr'>ἐαυτοῦ</span> <span class='ocrx_word' id='word_1_14' title='bbox 1132 485 1430 554; x_wconf 85' lang='grc' dir='ltr'>Δεσπότην.</span> <span class='ocrx_word' id='word_1_15' title='bbox 1477 483 1743 552; x_wconf 78' lang='grc' dir='ltr'>Καθάπερ</span> <span class='ocrx_word' id='word_1_16' title='bbox 1765 483 1873 552; x_wconf 84' lang='grc' dir='ltr'>γὰρ</span> 
     </span>
    </p>
   </div>
   <div class='ocr_carea' id='block_1_4' title="bbox 283 567 1876 639">
    <p class='ocr_par' dir='ltr' id='par_1_4' title="bbox 283 567 1876 639">
     <span class='ocr_line' id='line_1_4' title="bbox 283 567 1876 639; baseline -0.007 -10"><span class='ocrx_word' id='word_1_17' title='bbox 283 575 450 638; x_wconf 85' lang='lat'><em>6616;</em></span> <span class='ocrx_word' id='word_1_18' title='bbox 510 573 605 624; x_wconf 86' lang='grc' dir='ltr'>Ἐν</span> <span class='ocrx_word' id='word_1_19' title='bbox 647 567 854 639; x_wconf 71' lang='grc' dir='ltr'>μορφῇ</span> <span class='ocrx_word' id='word_1_20' title='bbox 907 567 1055 622; x_wconf 84' lang='grc' dir='ltr'>Θεοῦ</span> <span class='ocrx_word' id='word_1_21' title='bbox 1088 568 1376 636; x_wconf 79' lang='grc' dir='ltr'>ὑπάρχων</span> <span class='ocrx_word' id='word_1_22' title='bbox 1409 569 1522 636; x_wconf 82' lang='grc' dir='ltr'>οὐχ</span> <span class='ocrx_word' id='word_1_23' title='bbox 1561 567 1876 636; x_wconf 78' lang='grc' dir='ltr'>ἁρπαγμὸν</span> 
     </span>
    </p>
   </div>
   <div class='ocr_carea' id='block_1_5' title="bbox 283 649 1876 726">
    <p class='ocr_par' dir='ltr' id='par_1_5' title="bbox 283 649 1876 726">
     <span class='ocr_line' id='line_1_5' title="bbox 283 649 1876 726; baseline -0.008 -14"><span class='ocrx_word' id='word_1_24' title='bbox 283 657 560 726; x_wconf 66' lang='grc' dir='ltr'>ἡγήσατο</span> <span class='ocrx_word' id='word_1_25' title='bbox 590 654 658 706; x_wconf 87' lang='grc' dir='ltr'>τὸ</span> <span class='ocrx_word' id='word_1_26' title='bbox 682 653 837 706; x_wconf 75' lang='grc' dir='ltr'>εἶναι</span> <span class='ocrx_word' id='word_1_27' title='bbox 873 651 978 704; x_wconf 85' lang='grc' dir='ltr'>ισα</span> <span class='ocrx_word' id='word_1_28' title='bbox 1016 650 1138 715; x_wconf 86' lang='grc' dir='ltr'>Θεῷ</span> <span class='ocrx_word' id='word_1_29' title='bbox 1163 692 1176 712; x_wconf 94' lang='grc'>,</span> <span class='ocrx_word' id='word_1_30' title='bbox 1203 651 1341 704; x_wconf 81' lang='grc' dir='ltr'>ἀλλ’</span> <span class='ocrx_word' id='word_1_31' title='bbox 1372 649 1591 704; x_wconf 80' lang='grc' dir='ltr'>ἑαυτὸν</span> <span class='ocrx_word' id='word_1_32' title='bbox 1617 651 1876 702; x_wconf 75' lang='grc' dir='ltr'>ἐκένωσε-</span> 
     </span>
    </p>
   </div>
   <div class='ocr_carea' id='block_1_6' title="bbox 276 731 1876 810">
    <p class='ocr_par' dir='ltr' id='par_1_6' title="bbox 276 731 1876 810">
     <span class='ocr_line' id='line_1_6' title="bbox 276 731 1876 810; baseline -0.007 -16"><span class='ocrx_word' id='word_1_33' title='bbox 276 739 528 810; x_wconf 62' lang='grc' dir='ltr'>θιορερὴν</span> <span class='ocrx_word' id='word_1_34' title='bbox 558 737 787 790; x_wconf 82' lang='grc' dir='ltr'>δούλου</span> <span class='ocrx_word' id='word_1_35' title='bbox 815 734 1038 801; x_wconf 76' lang='grc' dir='ltr'>λαϐὼν,</span> <span class='ocrx_word' id='word_1_36' title='bbox 1067 735 1164 788; x_wconf 80' lang='grc' dir='ltr'>καί</span> <span class='ocrx_word' id='word_1_37' title='bbox 1191 734 1510 801; x_wconf 83' lang='grc' dir='ltr'>ἐλεύθερος</span> <span class='ocrx_word' id='word_1_38' title='bbox 1544 731 1630 786; x_wconf 86' lang='grc' dir='ltr'>ὢν</span> <span class='ocrx_word' id='word_1_39' title='bbox 1655 731 1876 796; x_wconf 79' lang='grc' dir='ltr'>δοῦλος</span> 
     </span>
    </p>
   </div>
   <div class='ocr_carea' id='block_1_7' title="bbox 285 810 1876 893">
    <p class='ocr_par' dir='ltr' id='par_1_7' title="bbox 285 810 1876 893">
     <span class='ocr_line' id='line_1_7' title="bbox 285 810 1876 893; baseline -0.006 -17"><span class='ocrx_word' id='word_1_40' title='bbox 285 823 538 893; x_wconf 63' lang='grc' dir='ltr'>γέγωνεν</span> <span class='ocrx_word' id='word_1_41' title='bbox 557 836 572 851; x_wconf 88' lang='grc'><strong>·</strong></span> <span class='ocrx_word' id='word_1_42' title='bbox 601 819 746 874; x_wconf 85' lang='grc' dir='ltr'>οὕτω</span> <span class='ocrx_word' id='word_1_43' title='bbox 776 819 871 872; x_wconf 75' lang='grc' dir='ltr'>καὶ</span> <span class='ocrx_word' id='word_1_44' title='bbox 912 810 1067 881; x_wconf 81' lang='grc' dir='ltr'>οὕτος</span> <span class='ocrx_word' id='word_1_45' title='bbox 1098 817 1382 888; x_wconf 84' lang='grc' dir='ltr'>ἐλεύθερος</span> <span class='ocrx_word' id='word_1_46' title='bbox 1419 814 1494 868; x_wconf 81' lang='grc' dir='ltr'>ὢν</span> <span class='ocrx_word' id='word_1_47' title='bbox 1549 816 1614 870; x_wconf 81' lang='grc' dir='ltr'>ἐκ</span> <span class='ocrx_word' id='word_1_48' title='bbox 1659 816 1876 869; x_wconf 87' lang='grc' dir='ltr'>πάντων</span> 
     </span>
    </p>
   </div>
   <div class='ocr_carea' id='block_1_8' title="bbox 285 897 1872 967">
    <p class='ocr_par' dir='ltr' id='par_1_8' title="bbox 285 897 1872 967">
     <span class='ocr_line' id='line_1_8' title="bbox 285 897 1872 967; baseline -0.005 -9"><span class='ocrx_word' id='word_1_49' title='bbox 285 909 458 960; x_wconf 76' lang='grc' dir='ltr'>πᾶσιν</span> <span class='ocrx_word' id='word_1_50' title='bbox 509 903 702 957; x_wconf 82' lang='grc' dir='ltr'>ἐαυτὸν</span> <span class='ocrx_word' id='word_1_51' title='bbox 755 900 1089 964; x_wconf 71' lang='grc' dir='ltr'>ἐδούλωσεν,</span> <span class='ocrx_word' id='word_1_52' title='bbox 1143 899 1283 953; x_wconf 84' lang='grc' dir='ltr'>ὥστε</span> <span class='ocrx_word' id='word_1_53' title='bbox 1341 899 1549 962; x_wconf 80' lang='grc' dir='ltr'>πάντας</span> <span class='ocrx_word' id='word_1_54' title='bbox 1595 897 1872 967; x_wconf 76' lang='grc' dir='ltr'>κερδᾶναι.</span> 
     </span>
    </p>
   </div>
   <div class='ocr_carea' id='block_1_9' title="bbox 284 979 1878 1056">
    <p class='ocr_par' dir='ltr' id='par_1_9' title="bbox 284 979 1878 1056">
     <span class='ocr_line' id='line_1_9' title="bbox 284 979 1878 1056; baseline -0.007 -13"><span class='ocrx_word' id='word_1_55' title='bbox 284 989 484 1052; x_wconf 81' lang='grc' dir='ltr'>Δοῦλος</span> <span class='ocrx_word' id='word_1_56' title='bbox 524 986 743 1056; x_wconf 74' lang='grc' dir='ltr'>ἐγένετο</span> <span class='ocrx_word' id='word_1_57' title='bbox 773 985 872 1055; x_wconf 80' lang='grc' dir='ltr'>τὴν</span> <span class='ocrx_word' id='word_1_58' title='bbox 905 983 1066 1054; x_wconf 87' lang='grc' dir='ltr'>φύσιν</span> <span class='ocrx_word' id='word_1_59' title='bbox 1095 984 1195 1055; x_wconf 83' lang='grc' dir='ltr'>τὴν</span> <span class='ocrx_word' id='word_1_60' title='bbox 1223 982 1500 1053; x_wconf 79' lang='grc' dir='ltr'>ἡμετέραν</span> <span class='ocrx_word' id='word_1_61' title='bbox 1533 979 1818 1036; x_wconf 88' lang='grc' dir='ltr'>ἀναλαϐὼν</span> <span class='ocrx_word' id='word_1_62' title='bbox 1849 982 1878 1032; x_wconf 87' lang='grc' dir='ltr'>ό</span> 
     </span>
    </p>
   </div>
   <div class='ocr_carea' id='block_1_10' title="bbox 286 1065 1873 1142">
    <p class='ocr_par' dir='ltr' id='par_1_10' title="bbox 286 1065 1873 1142">
     <span class='ocr_line' id='line_1_10' title="bbox 286 1065 1873 1142; baseline 0.003 -16"><span class='ocrx_word' id='word_1_63' title='bbox 286 1072 614 1142; x_wconf 76' lang='grc' dir='ltr'>Δεσπότης,</span> <span class='ocrx_word' id='word_1_64' title='bbox 670 1069 759 1122; x_wconf 82' lang='grc' dir='ltr'>ἵνα</span> <span class='ocrx_word' id='word_1_65' title='bbox 815 1069 942 1130; x_wconf 80' lang='grc' dir='ltr'>τοὺς</span> <span class='ocrx_word' id='word_1_66' title='bbox 995 1066 1214 1130; x_wconf 81' lang='grc' dir='ltr'>δούλους</span> <span class='ocrx_word' id='word_1_67' title='bbox 1264 1066 1584 1137; x_wconf 80' lang='grc' dir='ltr'>ἐλευθέρους</span> <span class='ocrx_word' id='word_1_68' title='bbox 1639 1065 1873 1136; x_wconf 71' lang='grc' dir='ltr'>ποιήσῃ·</span> 
     </span>
    </p>
   </div>
   <div class='ocr_carea' id='block_1_11' title="bbox 288 1147 1879 1221">
    <p class='ocr_par' dir='ltr' id='par_1_11' title="bbox 288 1147 1879 1221">
     <span class='ocr_line' id='line_1_11' title="bbox 288 1147 1879 1221; baseline -0.008 -9"><span class='ocrx_word' id='word_1_69' title='bbox 288 1158 579 1212; x_wconf 78' lang='grc' dir='ltr'>Ἐκλινεν</span> <span class='ocrx_word' id='word_1_70' title='bbox 633 1150 927 1221; x_wconf 85' lang='grc' dir='ltr'>οὐρανοὺς</span> <span class='ocrx_word' id='word_1_71' title='bbox 949 1189 964 1216; x_wconf 88' lang='grc'>,</span> <span class='ocrx_word' id='word_1_72' title='bbox 1024 1151 1121 1204; x_wconf 78' lang='grc' dir='ltr'>καὶ</span> <span class='ocrx_word' id='word_1_73' title='bbox 1155 1147 1401 1218; x_wconf 81' lang='grc' dir='ltr'>κατέϐη,</span> <span class='ocrx_word' id='word_1_74' title='bbox 1434 1149 1521 1202; x_wconf 81' lang='grc' dir='ltr'>ἵνα</span> <span class='ocrx_word' id='word_1_75' title='bbox 1551 1150 1679 1212; x_wconf 79' lang='grc' dir='ltr'>τοὺς</span> <span class='ocrx_word' id='word_1_76' title='bbox 1730 1147 1879 1200; x_wconf 87' lang='grc' dir='ltr'>κάτω</span> 
     </span>
    </p>
   </div>
   <div class='ocr_carea' id='block_1_12' title="bbox 289 1231 1875 1309">
    <p class='ocr_par' dir='ltr' id='par_1_12' title="bbox 289 1231 1875 1309">
     <span class='ocr_line' id='line_1_12' title="bbox 289 1231 1875 1309; baseline -0.007 -16"><span class='ocrx_word' id='word_1_77' title='bbox 289 1239 555 1309; x_wconf 77' lang='grc' dir='ltr'>μένοντας</span> <span class='ocrx_word' id='word_1_78' title='bbox 582 1235 837 1307; x_wconf 82' lang='grc' dir='ltr'>ἀναγάγῃ</span> <span class='ocrx_word' id='word_1_79' title='bbox 869 1235 948 1297; x_wconf 82' lang='grc' dir='ltr'>είς</span> <span class='ocrx_word' id='word_1_80' title='bbox 971 1233 1222 1304; x_wconf 84' lang='grc' dir='ltr'>οὐρανόν.</span> <span class='ocrx_word' id='word_1_81' title='bbox 1251 1235 1537 1288; x_wconf 82' lang='grc' dir='ltr'>Ἔκλινεν</span> <span class='ocrx_word' id='word_1_82' title='bbox 1561 1231 1875 1299; x_wconf 58' lang='grc' dir='ltr'>οὐρανούς</span> 
     </span>
    </p>
   </div>
   <div class='ocr_carea' id='block_1_13' title="bbox 284 1313 1879 1388">
    <p class='ocr_par' dir='ltr' id='par_1_13' title="bbox 284 1313 1879 1388">
     <span class='ocr_line' id='line_1_13' title="bbox 284 1313 1879 1388; baseline -0.007 -13"><span class='ocrx_word' id='word_1_83' title='bbox 284 1324 392 1376; x_wconf 76' lang='grc' dir='ltr'>οὐκ</span> <span class='ocrx_word' id='word_1_84' title='bbox 423 1315 545 1374; x_wconf 74' lang='grc' dir='ltr'>εἶπε</span> <span class='ocrx_word' id='word_1_85' title='bbox 569 1336 584 1350; x_wconf 85' lang='grc'><strong>·</strong></span> <span class='ocrx_word' id='word_1_86' title='bbox 621 1318 931 1373; x_wconf 83' lang='grc' dir='ltr'>Κατέλιπεν</span> <span class='ocrx_word' id='word_1_87' title='bbox 985 1317 1286 1388; x_wconf 72' lang='grc' dir='ltr'>οὐρανοὺς,</span> <span class='ocrx_word' id='word_1_88' title='bbox 1324 1317 1418 1370; x_wconf 77' lang='grc' dir='ltr'>καὶ</span> <span class='ocrx_word' id='word_1_89' title='bbox 1465 1315 1668 1387; x_wconf 90' lang='grc' dir='ltr'>κατέϐη</span> <span class='ocrx_word' id='word_1_90' title='bbox 1697 1356 1712 1378; x_wconf 92' lang='grc'>,</span> <span class='ocrx_word' id='word_1_91' title='bbox 1764 1313 1879 1366; x_wconf 86' lang='grc' dir='ltr'>ἀλλ’</span> 
     </span>
    </p>
   </div>
   <div class='ocr_carea' id='block_1_14' title="bbox 289 1398 1880 1472">
    <p class='ocr_par' dir='ltr' id='par_1_14' title="bbox 289 1398 1880 1472">
     <span class='ocr_line' id='line_1_14' title="bbox 289 1398 1880 1472; baseline -0.007 -14"><span class='ocrx_word' id='word_1_92' title='bbox 289 1406 594 1468; x_wconf 80' lang='grc' dir='ltr'>Ἕκλινεν,</span> <span class='ocrx_word' id='word_1_93' title='bbox 621 1400 994 1472; x_wconf 84' lang='grc' dir='ltr'>εὐκολωτέραν</span> <span class='ocrx_word' id='word_1_94' title='bbox 1025 1417 1108 1453; x_wconf 88' lang='grc' dir='ltr'>σοι</span> <span class='ocrx_word' id='word_1_95' title='bbox 1131 1400 1232 1470; x_wconf 74' lang='grc' dir='ltr'>τὴν</span> <span class='ocrx_word' id='word_1_96' title='bbox 1264 1400 1448 1454; x_wconf 73' lang='grc' dir='ltr'>ἄνοδον</span> <span class='ocrx_word' id='word_1_97' title='bbox 1475 1399 1644 1452; x_wconf 88' lang='grc' dir='ltr'>ποιῶν</span> <span class='ocrx_word' id='word_1_98' title='bbox 1674 1398 1773 1468; x_wconf 73' lang='grc' dir='ltr'>τὴν</span> <span class='ocrx_word' id='word_1_99' title='bbox 1802 1399 1880 1460; x_wconf 84' lang='grc' dir='ltr'>εἰς</span> 
     </span>
    </p>
   </div>
   <div class='ocr_carea' id='block_1_15' title="bbox 285 1480 1882 1558">
    <p class='ocr_par' dir='ltr' id='par_1_15' title="bbox 285 1480 1882 1558">
     <span class='ocr_line' id='line_1_15' title="bbox 285 1480 1882 1558; baseline -0.006 -18"><span class='ocrx_word' id='word_1_100' title='bbox 285 1490 419 1552; x_wconf 79' lang='grc' dir='ltr'>τοὺς</span> <span class='ocrx_word' id='word_1_101' title='bbox 443 1489 504 1542; x_wconf 87' lang='lat'>06</span> <span class='ocrx_word' id='word_1_102' title='bbox 515 1485 730 1558; x_wconf 90' lang='grc' dir='ltr'>ρανούς.</span> <span class='ocrx_word' id='word_1_103' title='bbox 768 1484 972 1537; x_wconf 87' lang='grc' dir='ltr'>Τοῦτον</span> <span class='ocrx_word' id='word_1_104' title='bbox 1000 1483 1092 1536; x_wconf 75' lang='grc' dir='ltr'>καὶ</span> <span class='ocrx_word' id='word_1_105' title='bbox 1112 1484 1140 1534; x_wconf 97' lang='lat'>6</span> <span class='ocrx_word' id='word_1_106' title='bbox 1173 1483 1385 1547; x_wconf 78' lang='grc' dir='ltr'>Παῦλος</span> <span class='ocrx_word' id='word_1_107' title='bbox 1404 1484 1714 1553; x_wconf 81' lang='grc' dir='ltr'>ἐμιμήσατο</span> <span class='ocrx_word' id='word_1_108' title='bbox 1740 1480 1882 1533; x_wconf 83' lang='grc' dir='ltr'>κατὰ</span> 
     </span>
    </p>
   </div>
   <div class='ocr_carea' id='block_1_16' title="bbox 285 1565 1878 1641">
    <p class='ocr_par' dir='ltr' id='par_1_16' title="bbox 285 1565 1878 1641">
     <span class='ocr_line' id='line_1_16' title="bbox 285 1565 1878 1641; baseline -0.004 -19"><span class='ocrx_word' id='word_1_109' title='bbox 285 1570 522 1641; x_wconf 88' lang='grc' dir='ltr'>δύναμιν</span> <span class='ocrx_word' id='word_1_110' title='bbox 544 1611 560 1635; x_wconf 94' lang='grc'>,</span> <span class='ocrx_word' id='word_1_111' title='bbox 589 1569 673 1622; x_wconf 80' lang='grc' dir='ltr'>διὸ</span> <span class='ocrx_word' id='word_1_112' title='bbox 695 1567 789 1620; x_wconf 75' lang='grc' dir='ltr'>καὶ</span> <span class='ocrx_word' id='word_1_113' title='bbox 813 1565 966 1636; x_wconf 78' lang='grc' dir='ltr'>ἔλεγε</span> <span class='ocrx_word' id='word_1_114' title='bbox 990 1583 1005 1596; x_wconf 84' lang='grc'>⁶</span> <span class='ocrx_word' id='word_1_115' title='bbox 1030 1568 1293 1636; x_wconf 83' lang='grc' dir='ltr'>Μιμηταί</span> <span class='ocrx_word' id='word_1_116' title='bbox 1311 1585 1432 1637; x_wconf 84' lang='grc' dir='ltr'>μου</span> <span class='ocrx_word' id='word_1_117' title='bbox 1458 1567 1697 1635; x_wconf 76' lang='grc' dir='ltr'>γίνεσθε</span> <span class='ocrx_word' id='word_1_118' title='bbox 1720 1605 1734 1627; x_wconf 93' lang='grc'>,</span> <span class='ocrx_word' id='word_1_119' title='bbox 1773 1579 1878 1616; x_wconf 82' lang='grc' dir='ltr'>κα·</span> 
     </span>
    </p>
   </div>
   <div class='ocr_carea' id='block_1_17' title="bbox 289 1645 1878 1724">
    <p class='ocr_par' dir='ltr' id='par_1_17' title="bbox 289 1645 1878 1724">
     <span class='ocr_line' id='line_1_17' title="bbox 289 1645 1878 1724; baseline -0.008 -15"><span class='ocrx_word' id='word_1_120' title='bbox 289 1654 413 1717; x_wconf 83' lang='grc' dir='ltr'>θὼς</span> <span class='ocrx_word' id='word_1_121' title='bbox 438 1651 602 1724; x_wconf 79' lang='grc' dir='ltr'>κάγὼ</span> <span class='ocrx_word' id='word_1_122' title='bbox 625 1650 908 1719; x_wconf 81' lang='grc' dir='ltr'>Χριστοῦ.</span> <span class='ocrx_word' id='word_1_123' title='bbox 938 1651 1051 1705; x_wconf 79' lang='grc' dir='ltr'>Καὶ</span> <span class='ocrx_word' id='word_1_124' title='bbox 1082 1651 1198 1714; x_wconf 87' lang='grc' dir='ltr'>πῶς</span> <span class='ocrx_word' id='word_1_125' title='bbox 1227 1653 1312 1712; x_wconf 77' lang='grc' dir='ltr'>σὺ,</span> <span class='ocrx_word' id='word_1_126' title='bbox 1335 1645 1378 1704; x_wconf 84' lang='grc' dir='ltr'>ὧ</span> <span class='ocrx_word' id='word_1_127' title='bbox 1411 1651 1649 1720; x_wconf 80' lang='grc' dir='ltr'>μακάριε</span> <span class='ocrx_word' id='word_1_128' title='bbox 1679 1645 1878 1710; x_wconf 88' lang='grc' dir='ltr'>Παῦλε,</span> 
     </span>
    </p>
   </div>
   <div class='ocr_carea' id='block_1_18' title="bbox 285 1729 1884 1807">
    <p class='ocr_par' dir='ltr' id='par_1_18' title="bbox 285 1729 1884 1807">
     <span class='ocr_line' id='line_1_18' title="bbox 285 1729 1884 1807; baseline -0.006 -17"><span class='ocrx_word' id='word_1_129' title='bbox 285 1735 388 1789; x_wconf 85' lang='grc' dir='ltr'>τοῦ</span> <span class='ocrx_word' id='word_1_130' title='bbox 435 1733 676 1807; x_wconf 84' lang='grc' dir='ltr'>Χριστοῦ</span> <span class='ocrx_word' id='word_1_131' title='bbox 711 1735 900 1802; x_wconf 87' lang='grc' dir='ltr'>ἐγένου</span> <span class='ocrx_word' id='word_1_132' title='bbox 939 1735 1222 1806; x_wconf 88' lang='grc' dir='ltr'>μιμητής;</span> <span class='ocrx_word' id='word_1_133' title='bbox 1257 1732 1418 1798; x_wconf 86' lang='grc' dir='ltr'>Πῶς;</span> <span class='ocrx_word' id='word_1_134' title='bbox 1466 1731 1681 1798; x_wconf 81' lang='grc' dir='ltr'>Ἐπειδὴ</span> <span class='ocrx_word' id='word_1_135' title='bbox 1721 1729 1884 1784; x_wconf 82' lang='grc' dir='ltr'>οὐδα-</span> 
     </span>
    </p>
   </div>
   <div class='ocr_carea' id='block_1_19' title="bbox 293 1814 1884 1892">
    <p class='ocr_par' dir='ltr' id='par_1_19' title="bbox 293 1814 1884 1892">
     <span class='ocr_line' id='line_1_19' title="bbox 293 1814 1884 1892; baseline -0.002 -20"><span class='ocrx_word' id='word_1_136' title='bbox 293 1819 402 1890; x_wconf 79' lang='grc' dir='ltr'>μοῦ</span> <span class='ocrx_word' id='word_1_137' title='bbox 429 1819 581 1892; x_wconf 79' lang='grc' dir='ltr'>ζητῶ</span> <span class='ocrx_word' id='word_1_138' title='bbox 607 1833 632 1860; x_wconf 71' lang='grc' dir='ltr'>ο</span> <span class='ocrx_word' id='word_1_139' title='bbox 665 1817 732 1872; x_wconf 87' lang='lat'>16</span> <span class='ocrx_word' id='word_1_140' title='bbox 755 1818 993 1889; x_wconf 88' lang='grc' dir='ltr'>ἐμαυτοῦ</span> <span class='ocrx_word' id='word_1_141' title='bbox 1029 1818 1337 1889; x_wconf 82' lang='grc' dir='ltr'>συμφέρον,</span> <span class='ocrx_word' id='word_1_142' title='bbox 1369 1815 1506 1870; x_wconf 86' lang='grc' dir='ltr'>ἀλλά</span> <span class='ocrx_word' id='word_1_143' title='bbox 1533 1814 1593 1868; x_wconf 91' lang='lat'>16</span> <span class='ocrx_word' id='word_1_144' title='bbox 1618 1814 1727 1868; x_wconf 91' lang='grc' dir='ltr'>τῶν</span> <span class='ocrx_word' id='word_1_145' title='bbox 1756 1816 1884 1869; x_wconf 89' lang='grc' dir='ltr'>πολ-</span> 
     </span>
    </p>
   </div>
   <div class='ocr_carea' id='block_1_20' title="bbox 285 1899 1881 1972">
    <p class='ocr_par' dir='ltr' id='par_1_20' title="bbox 285 1899 1881 1972">
     <span class='ocr_line' id='line_1_20' title="bbox 285 1899 1881 1972; baseline -0.002 -15"><span class='ocrx_word' id='word_1_146' title='bbox 285 1905 402 1959; x_wconf 86' lang='grc' dir='ltr'>λῶν</span> <span class='ocrx_word' id='word_1_147' title='bbox 425 1945 439 1970; x_wconf 89' lang='grc'>,</span> <span class='ocrx_word' id='word_1_148' title='bbox 480 1906 631 1968; x_wconf 78' lang='grc' dir='ltr'>ὅπως</span> <span class='ocrx_word' id='word_1_149' title='bbox 677 1902 930 1965; x_wconf 83' lang='grc' dir='ltr'>σωθῶσι,</span> <span class='ocrx_word' id='word_1_150' title='bbox 968 1903 1061 1955; x_wconf 79' lang='grc' dir='ltr'>καὶ</span> <span class='ocrx_word' id='word_1_151' title='bbox 1097 1901 1382 1972; x_wconf 86' lang='grc' dir='ltr'>ἐλεύθερος</span> <span class='ocrx_word' id='word_1_152' title='bbox 1425 1899 1499 1952; x_wconf 83' lang='grc' dir='ltr'>ὢν</span> <span class='ocrx_word' id='word_1_153' title='bbox 1543 1901 1607 1953; x_wconf 87' lang='grc' dir='ltr'>ἐκ</span> <span class='ocrx_word' id='word_1_154' title='bbox 1638 1899 1881 1966; x_wconf 90' lang='grc' dir='ltr'>πάντων,</span> 
     </span>
    </p>
   </div>
   <div class='ocr_carea' id='block_1_21' title="bbox 289 1983 1884 2061">
    <p class='ocr_par' dir='ltr' id='par_1_21' title="bbox 289 1983 1884 2061">
     <span class='ocr_line' id='line_1_21' title="bbox 289 1983 1884 2061; baseline -0.003 -19"><span class='ocrx_word' id='word_1_155' title='bbox 289 1991 464 2043; x_wconf 83' lang='grc' dir='ltr'>πᾶσιν</span> <span class='ocrx_word' id='word_1_156' title='bbox 495 1988 734 2061; x_wconf 83' lang='grc' dir='ltr'>ἐμαυτὸν</span> <span class='ocrx_word' id='word_1_157' title='bbox 766 1987 1059 2040; x_wconf 85' lang='grc' dir='ltr'>ἐδούλωσα.</span> <span class='ocrx_word' id='word_1_158' title='bbox 1097 1985 1264 2038; x_wconf 85' lang='grc' dir='ltr'>Ούδέν</span> <span class='ocrx_word' id='word_1_159' title='bbox 1315 1983 1494 2037; x_wconf 83' lang='grc' dir='ltr'>τοίνυν</span> <span class='ocrx_word' id='word_1_160' title='bbox 1546 1983 1749 2054; x_wconf 83' lang='grc' dir='ltr'>ταύτης</span> <span class='ocrx_word' id='word_1_161' title='bbox 1785 1985 1884 2054; x_wconf 90' lang='grc' dir='ltr'>τῆς</span> 
     </span>
    </p>
   </div>
   <div class='ocr_carea' id='block_1_22' title="bbox 287 2066 1884 2142">
    <p class='ocr_par' dir='ltr' id='par_1_22' title="bbox 287 2066 1884 2142">
     <span class='ocr_line' id='line_1_22' title="bbox 287 2066 1884 2142; baseline -0.004 -16"><span class='ocrx_word' id='word_1_162' title='bbox 287 2071 538 2136; x_wconf 78' lang='grc' dir='ltr'>δουλείας</span> <span class='ocrx_word' id='word_1_163' title='bbox 578 2071 813 2142; x_wconf 80' lang='grc' dir='ltr'>βέλτιον,</span> <span class='ocrx_word' id='word_1_164' title='bbox 848 2068 1164 2139; x_wconf 75' lang='grc' dir='ltr'>ἐλευθερίας</span> <span class='ocrx_word' id='word_1_165' title='bbox 1214 2068 1322 2136; x_wconf 79' lang='grc' dir='ltr'>γὰρ</span> <span class='ocrx_word' id='word_1_166' title='bbox 1363 2066 1569 2137; x_wconf 78' lang='grc' dir='ltr'>ἑτέροις</span> <span class='ocrx_word' id='word_1_167' title='bbox 1604 2067 1752 2120; x_wconf 89' lang='grc' dir='ltr'>αἰτία</span> <span class='ocrx_word' id='word_1_168' title='bbox 1799 2067 1884 2136; x_wconf 84' lang='grc' dir='ltr'>γί-</span> 
     </span>
    </p>
   </div>
   <div class='ocr_carea' id='block_1_23' title="bbox 288 2149 1884 2224">
    <p class='ocr_par' dir='ltr' id='par_1_23' title="bbox 288 2149 1884 2224">
     <span class='ocr_line' id='line_1_23' title="bbox 288 2149 1884 2224; baseline -0.004 -15"><span class='ocrx_word' id='word_1_169' title='bbox 288 2173 467 2211; x_wconf 89' lang='grc' dir='ltr'>νεται.</span> <span class='ocrx_word' id='word_1_170' title='bbox 520 2155 731 2218; x_wconf 80' lang='grc' dir='ltr'>Ἀλιεῦς</span> <span class='ocrx_word' id='word_1_171' title='bbox 779 2149 848 2224; x_wconf 81' lang='grc' dir='ltr'>ἦν</span> <span class='ocrx_word' id='word_1_172' title='bbox 895 2150 1264 2222; x_wconf 81' lang='grc' dir='ltr'>πνευματικὸς</span> <span class='ocrx_word' id='word_1_173' title='bbox 1295 2152 1324 2203; x_wconf 92' lang='lat'>6</span> <span class='ocrx_word' id='word_1_174' title='bbox 1362 2150 1571 2214; x_wconf 78' lang='grc' dir='ltr'>Παῦλος</span> <span class='ocrx_word' id='word_1_175' title='bbox 1595 2165 1608 2179; x_wconf 84' lang='grc'><em>’</em></span> <span class='ocrx_word' id='word_1_176' title='bbox 1645 2149 1884 2216; x_wconf 84' lang='grc' dir='ltr'>Ποιήσω</span> 
     </span>
    </p>
   </div>
   <div class='ocr_carea' id='block_1_24' title="bbox 287 2233 1886 2310">
    <p class='ocr_par' dir='ltr' id='par_1_24' title="bbox 287 2233 1886 2310">
     <span class='ocr_line' id='line_1_24' title="bbox 287 2233 1886 2310; baseline -0.004 -16"><span class='ocrx_word' id='word_1_177' title='bbox 287 2241 405 2310; x_wconf 87' lang='grc' dir='ltr'>γάρ</span> <span class='ocrx_word' id='word_1_178' title='bbox 429 2237 588 2309; x_wconf 80' lang='grc' dir='ltr'>ὑμᾶς</span> <span class='ocrx_word' id='word_1_179' title='bbox 605 2277 621 2301; x_wconf 84' lang='grc'>,</span> <span class='ocrx_word' id='word_1_180' title='bbox 656 2237 822 2307; x_wconf 68' lang='grc' dir='ltr'>φησιν</span> <span class='ocrx_word' id='word_1_181' title='bbox 839 2277 854 2298; x_wconf 94' lang='grc'>,</span> <span class='ocrx_word' id='word_1_182' title='bbox 885 2235 1074 2302; x_wconf 80' lang='grc' dir='ltr'>ἁλιεῖς</span> <span class='ocrx_word' id='word_1_183' title='bbox 1099 2233 1424 2302; x_wconf 82' lang='grc' dir='ltr'>ἀνθρώπων</span> <span class='ocrx_word' id='word_1_184' title='bbox 1447 2251 1459 2264; x_wconf 88' lang='grc'><strong>·</strong></span> <span class='ocrx_word' id='word_1_185' title='bbox 1487 2234 1574 2288; x_wconf 88' lang='grc' dir='ltr'>διά</span> <span class='ocrx_word' id='word_1_186' title='bbox 1607 2235 1764 2288; x_wconf 85' lang='grc' dir='ltr'>τοῦτο</span> <span class='ocrx_word' id='word_1_187' title='bbox 1790 2236 1886 2288; x_wconf 76' lang='grc' dir='ltr'>καὶ</span> 
     </span>
    </p>
   </div>
   <div class='ocr_carea' id='block_1_25' title="bbox 286 2319 1885 2393">
    <p class='ocr_par' dir='ltr' id='par_1_25' title="bbox 286 2319 1885 2393">
     <span class='ocr_line' id='line_1_25' title="bbox 286 2319 1885 2393; baseline -0.004 -15"><span class='ocrx_word' id='word_1_188' title='bbox 286 2325 470 2378; x_wconf 84' lang='grc' dir='ltr'>ταῦτα</span> <span class='ocrx_word' id='word_1_189' title='bbox 501 2323 694 2377; x_wconf 85' lang='grc' dir='ltr'>ἐποίει.</span> <span class='ocrx_word' id='word_1_190' title='bbox 728 2321 837 2375; x_wconf 72' lang='grc' dir='ltr'>Καὶ</span> <span class='ocrx_word' id='word_1_191' title='bbox 869 2320 978 2393; x_wconf 87' lang='grc' dir='ltr'>γάρ</span> <span class='ocrx_word' id='word_1_192' title='bbox 1013 2321 1108 2373; x_wconf 78' lang='grc' dir='ltr'>καὶ</span> <span class='ocrx_word' id='word_1_193' title='bbox 1144 2320 1193 2372; x_wconf 84' lang='grc' dir='ltr'>οἱ</span> <span class='ocrx_word' id='word_1_194' title='bbox 1237 2319 1408 2382; x_wconf 82' lang='grc' dir='ltr'>ἁλιεῖς</span> <span class='ocrx_word' id='word_1_195' title='bbox 1433 2359 1448 2380; x_wconf 89' lang='grc'>,</span> <span class='ocrx_word' id='word_1_196' title='bbox 1483 2319 1701 2371; x_wconf 76' lang='grc' dir='ltr'>ἐπειδὰν</span> <span class='ocrx_word' id='word_1_197' title='bbox 1735 2319 1885 2371; x_wconf 75' lang='grc' dir='ltr'>ἴδωσι</span> 
     </span>
    </p>
   </div>
   <div class='ocr_carea' id='block_1_26' title="bbox 287 2403 1886 2479">
    <p class='ocr_par' dir='ltr' id='par_1_26' title="bbox 287 2403 1886 2479">
     <span class='ocr_line' id='line_1_26' title="bbox 287 2403 1886 2479; baseline -0.003 -19"><span class='ocrx_word' id='word_1_198' title='bbox 287 2413 385 2460; x_wconf 82' lang='grc' dir='ltr'>τὸν</span> <span class='ocrx_word' id='word_1_199' title='bbox 423 2407 579 2479; x_wconf 75' lang='grc' dir='ltr'>ἰχθὺν</span> <span class='ocrx_word' id='word_1_200' title='bbox 601 2406 937 2461; x_wconf 84' lang='grc' dir='ltr'>καταπιόντα</span> <span class='ocrx_word' id='word_1_201' title='bbox 963 2403 1022 2457; x_wconf 91' lang='lat'>16</span> <span class='ocrx_word' id='word_1_202' title='bbox 1049 2404 1368 2475; x_wconf 77' lang='grc' dir='ltr'>ἄγκιστρον,</span> <span class='ocrx_word' id='word_1_203' title='bbox 1386 2405 1486 2456; x_wconf 84' lang='grc' dir='ltr'>οὐκ</span> <span class='ocrx_word' id='word_1_204' title='bbox 1519 2403 1724 2467; x_wconf 77' lang='grc' dir='ltr'>εὐθέως</span> <span class='ocrx_word' id='word_1_205' title='bbox 1755 2405 1886 2456; x_wconf 86' lang='grc' dir='ltr'>ἀνθ-</span> 
     </span>
    </p>
   </div>
   <div class='ocr_carea' id='block_1_27' title="bbox 289 2488 1887 2559">
    <p class='ocr_par' dir='ltr' id='par_1_27' title="bbox 289 2488 1887 2559">
     <span class='ocr_line' id='line_1_27' title="bbox 289 2488 1887 2559; baseline -0.004 -13"><span class='ocrx_word' id='word_1_206' title='bbox 289 2493 546 2547; x_wconf 85' lang='grc' dir='ltr'>έλκουσιν</span> <span class='ocrx_word' id='word_1_207' title='bbox 569 2533 585 2558; x_wconf 91' lang='grc'>,</span> <span class='ocrx_word' id='word_1_208' title='bbox 623 2491 740 2545; x_wconf 85' lang='grc' dir='ltr'>ἀλλ’</span> <span class='ocrx_word' id='word_1_209' title='bbox 787 2489 1080 2552; x_wconf 73' lang='grc' dir='ltr'>ἐνδιδόντες</span> <span class='ocrx_word' id='word_1_210' title='bbox 1149 2488 1312 2559; x_wconf 88' lang='grc' dir='ltr'>μέχρι</span> <span class='ocrx_word' id='word_1_211' title='bbox 1354 2488 1548 2542; x_wconf 90' lang='grc' dir='ltr'>πολλοῦ</span> <span class='ocrx_word' id='word_1_212' title='bbox 1587 2488 1887 2558; x_wconf 86' lang='grc' dir='ltr'>διαστήμα-</span> 
     </span>
    </p>
   </div>
   <div class='ocr_carea' id='block_1_28' title="bbox 286 2571 1887 2642">
    <p class='ocr_par' dir='ltr' id='par_1_28' title="bbox 286 2571 1887 2642">
     <span class='ocr_line' id='line_1_28' title="bbox 286 2571 1887 2642; baseline -0.004 -13"><span class='ocrx_word' id='word_1_213' title='bbox 286 2593 386 2640; x_wconf 85' lang='grc' dir='ltr'>τος</span> <span class='ocrx_word' id='word_1_214' title='bbox 416 2573 799 2628; x_wconf 89' lang='grc' dir='ltr'>ἀκολουθοῦσιν</span> <span class='ocrx_word' id='word_1_215' title='bbox 845 2571 1208 2642; x_wconf 82' lang='grc' dir='ltr'>ἀναμένοντες</span> <span class='ocrx_word' id='word_1_216' title='bbox 1255 2572 1573 2642; x_wconf 78' lang='grc' dir='ltr'>ἐμπαγῆναι</span> <span class='ocrx_word' id='word_1_217' title='bbox 1622 2571 1683 2624; x_wconf 88' lang='lat'>16</span> <span class='ocrx_word' id='word_1_218' title='bbox 1733 2571 1887 2638; x_wconf 75' lang='grc' dir='ltr'>ἀγκιο</span> 
     </span>
    </p>
   </div>
   <div class='ocr_carea' id='block_1_29' title="bbox 290 2653 1888 2730">
    <p class='ocr_par' dir='ltr' id='par_1_29' title="bbox 290 2653 1888 2730">
     <span class='ocr_line' id='line_1_29' title="bbox 290 2653 1888 2730; baseline -0.003 -19"><span class='ocrx_word' id='word_1_219' title='bbox 290 2675 462 2730; x_wconf 85' lang='grc' dir='ltr'>στρον</span> <span class='ocrx_word' id='word_1_220' title='bbox 495 2656 678 2719; x_wconf 88' lang='grc' dir='ltr'>καλῶς</span> <span class='ocrx_word' id='word_1_221' title='bbox 703 2699 718 2721; x_wconf 95' lang='grc'>,</span> <span class='ocrx_word' id='word_1_222' title='bbox 745 2655 834 2708; x_wconf 85' lang='grc' dir='ltr'>ἵνα</span> <span class='ocrx_word' id='word_1_223' title='bbox 881 2653 1025 2708; x_wconf 86' lang='grc' dir='ltr'>οὕτω</span> <span class='ocrx_word' id='word_1_224' title='bbox 1066 2655 1204 2724; x_wconf 87' lang='grc' dir='ltr'>μετά</span> <span class='ocrx_word' id='word_1_225' title='bbox 1247 2654 1548 2722; x_wconf 81' lang='grc' dir='ltr'>ἀσφαλείας</span> <span class='ocrx_word' id='word_1_226' title='bbox 1576 2654 1675 2724; x_wconf 77' lang='grc' dir='ltr'>τήν</span> <span class='ocrx_word' id='word_1_227' title='bbox 1715 2654 1888 2724; x_wconf 89' lang='grc' dir='ltr'>θήραν</span> 
     </span>
    </p>
   </div>
   <div class='ocr_carea' id='block_1_30' title="bbox 288 2739 1891 2795">
    <p class='ocr_par' dir='ltr' id='par_1_30' title="bbox 288 2739 1891 2795">
     <span class='ocr_line' id='line_1_30' title="bbox 288 2739 1891 2795; baseline -0.001 -1"><span class='ocrx_word' id='word_1_228' title='bbox 288 2741 620 2795; x_wconf 83' lang='grc' dir='ltr'>ἐλκύσωσιν.</span> <span class='ocrx_word' id='word_1_229' title='bbox 652 2739 814 2794; x_wconf 86' lang='grc' dir='ltr'>Οὕτω</span> <span class='ocrx_word' id='word_1_230' title='bbox 843 2741 936 2792; x_wconf 77' lang='grc' dir='ltr'>καὶ</span> <span class='ocrx_word' id='word_1_231' title='bbox 961 2741 1010 2792; x_wconf 83' lang='grc' dir='ltr'>οἱ</span> <span class='ocrx_word' id='word_1_232' title='bbox 1039 2739 1328 2793; x_wconf 85' lang='grc' dir='ltr'>ἀπόστολοι</span> <span class='ocrx_word' id='word_1_233' title='bbox 1356 2739 1478 2792; x_wconf 87' lang='grc' dir='ltr'>τότε</span> <span class='ocrx_word' id='word_1_234' title='bbox 1508 2739 1744 2792; x_wconf 82' lang='grc' dir='ltr'>ἐποίουν⁹</span> <span class='ocrx_word' id='word_1_235' title='bbox 1777 2739 1891 2792; x_wconf 88' lang='grc' dir='ltr'>ἐνέ-</span> 
     </span>
    </p>
   </div>
   <div class='ocr_carea' id='block_1_31' title="bbox 286 2821 1888 2894">
    <p class='ocr_par' dir='ltr' id='par_1_31' title="bbox 286 2821 1888 2894">
     <span class='ocr_line' id='line_1_31' title="bbox 286 2821 1888 2894; baseline -0.001 -17"><span class='ocrx_word' id='word_1_236' title='bbox 286 2825 495 2879; x_wconf 82' lang='grc' dir='ltr'>ϐαλλον</span> <span class='ocrx_word' id='word_1_237' title='bbox 519 2826 581 2878; x_wconf 85' lang='grc' dir='ltr'>τὸ</span> <span class='ocrx_word' id='word_1_238' title='bbox 602 2825 902 2894; x_wconf 81' lang='grc' dir='ltr'>ἄγκιστρον</span> <span class='ocrx_word' id='word_1_239' title='bbox 930 2823 1028 2893; x_wconf 91' lang='grc' dir='ltr'>τῆς</span> <span class='ocrx_word' id='word_1_240' title='bbox 1053 2821 1403 2884; x_wconf 80' lang='grc' dir='ltr'>διδασκαλίας</span> <span class='ocrx_word' id='word_1_241' title='bbox 1432 2821 1525 2875; x_wconf 88' lang='grc' dir='ltr'>τοῦ</span> <span class='ocrx_word' id='word_1_242' title='bbox 1559 2821 1720 2890; x_wconf 80' lang='grc' dir='ltr'>λόγου</span> <span class='ocrx_word' id='word_1_243' title='bbox 1743 2823 1888 2893; x_wconf 84' lang='grc' dir='ltr'>ψυχῇ</span> 
     </span>
    </p>
   </div>
   <div class='ocr_carea' id='block_1_32' title="bbox 287 2905 1892 2981">
    <p class='ocr_par' dir='ltr' id='par_1_32' title="bbox 287 2905 1892 2981">
     <span class='ocr_line' id='line_1_32' title="bbox 287 2905 1892 2981; baseline -0.004 -18"><span class='ocrx_word' id='word_1_244' title='bbox 287 2912 362 2981; x_wconf 81' lang='grc' dir='ltr'>τῇ</span> <span class='ocrx_word' id='word_1_245' title='bbox 413 2909 676 2978; x_wconf 82' lang='grc' dir='ltr'>Ἰουδαϊκῇ</span> <span class='ocrx_word' id='word_1_246' title='bbox 693 2947 708 2971; x_wconf 92' lang='grc'>,</span> <span class='ocrx_word' id='word_1_247' title='bbox 744 2909 794 2960; x_wconf 85' lang='grc' dir='ltr'>οἱ</span> <span class='ocrx_word' id='word_1_248' title='bbox 815 2907 873 2960; x_wconf 84' lang='grc' dir='ltr'>δέ</span> <span class='ocrx_word' id='word_1_249' title='bbox 898 2906 1182 2960; x_wconf 80' lang='grc' dir='ltr'>ἀνθεῖλκον</span> <span class='ocrx_word' id='word_1_250' title='bbox 1209 2907 1330 2976; x_wconf 87' lang='grc' dir='ltr'>εἰκῆ</span> <span class='ocrx_word' id='word_1_251' title='bbox 1355 2945 1370 2968; x_wconf 92' lang='grc'>,</span> <span class='ocrx_word' id='word_1_252' title='bbox 1399 2905 1495 2959; x_wconf 73' lang='grc' dir='ltr'>καὶ</span> <span class='ocrx_word' id='word_1_253' title='bbox 1521 2907 1786 2976; x_wconf 81' lang='grc' dir='ltr'>κατέσχον</span> <span class='ocrx_word' id='word_1_254' title='bbox 1811 2907 1892 2968; x_wconf 86' lang='grc' dir='ltr'>εἰς</span> 
     </span>
    </p>
   </div>
   <div class='ocr_carea' id='block_1_33' title="bbox 291 2988 1892 3064">
    <p class='ocr_par' dir='ltr' id='par_1_33' title="bbox 291 2988 1892 3064">
     <span class='ocr_line' id='line_1_33' title="bbox 291 2988 1892 3064; baseline -0.002 -19"><span class='ocrx_word' id='word_1_255' title='bbox 291 2993 608 3064; x_wconf 80' lang='grc' dir='ltr'>περιτομὴν</span> <span class='ocrx_word' id='word_1_256' title='bbox 632 2991 860 3054; x_wconf 83' lang='grc' dir='ltr'>ἐαυτοῦς</span> <span class='ocrx_word' id='word_1_257' title='bbox 887 2990 1114 3059; x_wconf 79' lang='grc' dir='ltr'>ἄγοντες</span> <span class='ocrx_word' id='word_1_258' title='bbox 1137 3029 1152 3053; x_wconf 89' lang='grc'>,</span> <span class='ocrx_word' id='word_1_259' title='bbox 1180 2991 1260 3052; x_wconf 85' lang='grc' dir='ltr'>είς</span> <span class='ocrx_word' id='word_1_260' title='bbox 1293 2989 1514 3059; x_wconf 87' lang='grc' dir='ltr'>ἐορτάς,</span> <span class='ocrx_word' id='word_1_261' title='bbox 1563 2990 1642 3054; x_wconf 83' lang='grc' dir='ltr'>είς</span> <span class='ocrx_word' id='word_1_262' title='bbox 1685 2988 1892 3060; x_wconf 90' lang='grc' dir='ltr'>καιρῶν</span> 
     </span>
    </p>
   </div>
   <div class='ocr_carea' id='block_1_34' title="bbox 291 3070 1895 3146">
    <p class='ocr_par' dir='ltr' id='par_1_34' title="bbox 291 3070 1895 3146">
     <span class='ocr_line' id='line_1_34' title="bbox 291 3070 1895 3146; baseline -0.002 -18"><span class='ocrx_word' id='word_1_263' title='bbox 291 3076 708 3146; x_wconf 87' lang='grc' dir='ltr'>παρατήρησιν.</span> <span class='ocrx_word' id='word_1_264' title='bbox 753 3075 833 3138; x_wconf 89' lang='grc' dir='ltr'>εἰς</span> <span class='ocrx_word' id='word_1_265' title='bbox 863 3073 1056 3135; x_wconf 90' lang='grc' dir='ltr'>θυσίας</span> <span class='ocrx_word' id='word_1_266' title='bbox 1074 3113 1088 3132; x_wconf 92' lang='grc'>,</span> <span class='ocrx_word' id='word_1_267' title='bbox 1117 3073 1198 3137; x_wconf 74' lang='grc' dir='ltr'>εἰς</span> <span class='ocrx_word' id='word_1_268' title='bbox 1221 3070 1282 3125; x_wconf 91' lang='lat'>16</span> <span class='ocrx_word' id='word_1_269' title='bbox 1310 3072 1576 3144; x_wconf 76' lang='grc' dir='ltr'>ξυρᾶσθαι</span> <span class='ocrx_word' id='word_1_270' title='bbox 1610 3074 1705 3126; x_wconf 73' lang='grc' dir='ltr'>καὶ</span> <span class='ocrx_word' id='word_1_271' title='bbox 1729 3072 1895 3142; x_wconf 80' lang='grc' dir='ltr'>ἐτερα</span> 
     </span>
    </p>
   </div>
   <div class='ocr_carea' id='block_1_35' title="bbox 292 3154 1896 3227">
    <p class='ocr_par' dir='ltr' id='par_1_35' title="bbox 292 3154 1896 3227">
     <span class='ocr_line' id='line_1_35' title="bbox 292 3154 1896 3227; baseline -0.003 -15"><span class='ocrx_word' id='word_1_272' title='bbox 292 3158 525 3212; x_wconf 87' lang='grc' dir='ltr'>τοιαῦτα</span> <span class='ocrx_word' id='word_1_273' title='bbox 562 3161 736 3212; x_wconf 89' lang='grc' dir='ltr'>ποιεῖν</span> <span class='ocrx_word' id='word_1_274' title='bbox 772 3173 786 3186; x_wconf 81' lang='lat'><strong><em>°</em></strong></span> <span class='ocrx_word' id='word_1_275' title='bbox 827 3159 875 3210; x_wconf 82' lang='grc' dir='ltr'>οἱ</span> <span class='ocrx_word' id='word_1_276' title='bbox 909 3157 968 3210; x_wconf 85' lang='grc' dir='ltr'>δὲ</span> <span class='ocrx_word' id='word_1_277' title='bbox 1019 3155 1307 3209; x_wconf 80' lang='grc' dir='ltr'>ἀπόστολοι</span> <span class='ocrx_word' id='word_1_278' title='bbox 1340 3155 1615 3227; x_wconf 87' lang='grc' dir='ltr'>πανταχοῦ</span> <span class='ocrx_word' id='word_1_279' title='bbox 1667 3154 1896 3226; x_wconf 76' lang='grc' dir='ltr'>ἠκολούο</span> 
     </span>
    </p>
   </div>
   <div class='ocr_carea' id='block_1_36' title="bbox 294 3237 1897 3310">
    <p class='ocr_par' dir='ltr' id='par_1_36' title="bbox 294 3237 1897 3310">
     <span class='ocr_line' id='line_1_36' title="bbox 294 3237 1897 3310; baseline -0.004 -15"><span class='ocrx_word' id='word_1_280' title='bbox 294 3243 426 3296; x_wconf 88' lang='grc' dir='ltr'>θουν</span> <span class='ocrx_word' id='word_1_281' title='bbox 453 3243 671 3304; x_wconf 80' lang='grc' dir='ltr'>αὐτοῖς,</span> <span class='ocrx_word' id='word_1_282' title='bbox 714 3241 808 3294; x_wconf 63' lang='grc' dir='ltr'>καλ¹</span> <span class='ocrx_word' id='word_1_283' title='bbox 849 3239 952 3292; x_wconf 81' lang='grc' dir='ltr'>οὐκ</span> <span class='ocrx_word' id='word_1_284' title='bbox 989 3237 1271 3293; x_wconf 87' lang='grc' dir='ltr'>ἀνθεῖλκον</span> <span class='ocrx_word' id='word_1_285' title='bbox 1299 3255 1312 3269; x_wconf 83' lang='lat'><strong><em>°</em></strong></span> <span class='ocrx_word' id='word_1_286' title='bbox 1365 3238 1507 3292; x_wconf 82' lang='grc' dir='ltr'>ὥστε</span> <span class='ocrx_word' id='word_1_287' title='bbox 1544 3239 1646 3294; x_wconf 77' lang='grc' dir='ltr'>κᾶν</span> <span class='ocrx_word' id='word_1_288' title='bbox 1679 3255 1897 3310; x_wconf 89' lang='grc' dir='ltr'>περιτο-</span> 
     </span>
    </p>
   </div>
   <div class='ocr_carea' id='block_1_37' title="bbox 297 3321 1897 3397">
    <p class='ocr_par' dir='ltr' id='par_1_37' title="bbox 297 3321 1897 3397">
     <span class='ocr_line' id='line_1_37' title="bbox 297 3321 1897 3397; baseline -0.003 -19"><span class='ocrx_word' id='word_1_289' title='bbox 297 3327 412 3397; x_wconf 80' lang='grc' dir='ltr'>μὴν</span> <span class='ocrx_word' id='word_1_290' title='bbox 442 3325 612 3396; x_wconf 77' lang='grc' dir='ltr'>ζητῇς</span> <span class='ocrx_word' id='word_1_291' title='bbox 636 3364 652 3386; x_wconf 92' lang='grc'>,</span> <span class='ocrx_word' id='word_1_292' title='bbox 679 3324 865 3394; x_wconf 76' lang='grc' dir='ltr'>φησὶν,</span> <span class='ocrx_word' id='word_1_293' title='bbox 904 3321 1006 3374; x_wconf 76' lang='grc' dir='ltr'>οὐκ</span> <span class='ocrx_word' id='word_1_294' title='bbox 1041 3321 1350 3387; x_wconf 87' lang='grc' dir='ltr'>ἀντιτείνω,</span> <span class='ocrx_word' id='word_1_295' title='bbox 1375 3321 1492 3376; x_wconf 85' lang='grc' dir='ltr'>ἀλλ’</span> <span class='ocrx_word' id='word_1_296' title='bbox 1524 3322 1730 3393; x_wconf 82' lang='grc' dir='ltr'>ἐπομαι</span> <span class='ocrx_word' id='word_1_297' title='bbox 1751 3341 1764 3352; x_wconf 93' lang='grc'><strong>·</strong></span> <span class='ocrx_word' id='word_1_298' title='bbox 1792 3321 1897 3375; x_wconf 85' lang='grc' dir='ltr'>κᾶν</span> 
     </span>
    </p>
   </div>
   <div class='ocr_carea' id='block_1_38' title="bbox 295 3403 1897 3479">
    <p class='ocr_par' dir='ltr' id='par_1_38' title="bbox 295 3403 1897 3479">
     <span class='ocr_line' id='line_1_38' title="bbox 295 3403 1897 3479; baseline -0.003 -17"><span class='ocrx_word' id='word_1_299' title='bbox 295 3410 494 3463; x_wconf 81' lang='grc' dir='ltr'>θυσίαν</span> <span class='ocrx_word' id='word_1_300' title='bbox 527 3410 686 3479; x_wconf 77' lang='grc' dir='ltr'>αἰτῇς</span> <span class='ocrx_word' id='word_1_301' title='bbox 705 3447 720 3468; x_wconf 86' lang='grc'>,</span> <span class='ocrx_word' id='word_1_302' title='bbox 752 3405 864 3458; x_wconf 88' lang='grc' dir='ltr'>θύω</span> <span class='ocrx_word' id='word_1_303' title='bbox 890 3447 905 3472; x_wconf 92' lang='grc'>,</span> <span class='ocrx_word' id='word_1_304' title='bbox 936 3403 1040 3457; x_wconf 74' lang='grc' dir='ltr'>κᾶν</span> <span class='ocrx_word' id='word_1_305' title='bbox 1085 3403 1350 3474; x_wconf 73' lang='grc' dir='ltr'>ξυρᾶσθαι</span> <span class='ocrx_word' id='word_1_306' title='bbox 1383 3404 1649 3477; x_wconf 80' lang='grc' dir='ltr'>βουληθῇς</span> <span class='ocrx_word' id='word_1_307' title='bbox 1679 3406 1780 3477; x_wconf 85' lang='grc' dir='ltr'>ἐμὲ</span> <span class='ocrx_word' id='word_1_308' title='bbox 1808 3405 1897 3458; x_wconf 87' lang='lat' dir='ltr'><em>16v</em></span> 
     </span>
    </p>
   </div>
   <div class='ocr_carea' id='block_1_39' title="bbox 294 3487 1899 3562">
    <p class='ocr_par' dir='ltr' id='par_1_39' title="bbox 294 3487 1899 3562">
     <span class='ocr_line' id='line_1_39' title="bbox 294 3487 1899 3562; baseline -0.003 -15"><span class='ocrx_word' id='word_1_309' title='bbox 294 3493 616 3548; x_wconf 78' lang='grc' dir='ltr'>ἀποστάντα</span> <span class='ocrx_word' id='word_1_310' title='bbox 639 3491 740 3561; x_wconf 87' lang='grc' dir='ltr'>τῆς</span> <span class='ocrx_word' id='word_1_311' title='bbox 769 3490 869 3560; x_wconf 91' lang='grc' dir='ltr'>σῆς</span> <span class='ocrx_word' id='word_1_312' title='bbox 897 3488 1176 3553; x_wconf 89' lang='grc' dir='ltr'>πολιτείας</span> <span class='ocrx_word' id='word_1_313' title='bbox 1201 3531 1216 3554; x_wconf 97' lang='grc'>,</span> <span class='ocrx_word' id='word_1_314' title='bbox 1246 3489 1500 3562; x_wconf 77' lang='grc' dir='ltr'>πάρειμι,</span> <span class='ocrx_word' id='word_1_315' title='bbox 1542 3489 1634 3543; x_wconf 77' lang='grc' dir='ltr'>καὶ</span> <span class='ocrx_word' id='word_1_316' title='bbox 1670 3487 1807 3542; x_wconf 89' lang='grc' dir='ltr'>ποιῶ</span> <span class='ocrx_word' id='word_1_317' title='bbox 1839 3490 1899 3542; x_wconf 83' lang='lat'>16</span> 
     </span>
    </p>
   </div>
   <div class='ocr_carea' id='block_1_40' title="bbox 294 3571 1898 3648">
    <p class='ocr_par' dir='ltr' id='par_1_40' title="bbox 294 3571 1898 3648">
     <span class='ocr_line' id='line_1_40' title="bbox 294 3571 1898 3648; baseline -0.007 -15"><span class='ocrx_word' id='word_1_318' title='bbox 294 3578 652 3648; x_wconf 84' lang='grc' dir='ltr'>κελευόμενον</span> <span class='ocrx_word' id='word_1_319' title='bbox 675 3594 687 3605; x_wconf 93' lang='grc'><strong>·</strong></span> <span class='ocrx_word' id='word_1_320' title='bbox 761 3575 864 3629; x_wconf 82' lang='grc' dir='ltr'>κᾶν</span> <span class='ocrx_word' id='word_1_321' title='bbox 894 3575 1277 3646; x_wconf 83' lang='grc' dir='ltr'>Πεντηκοστὴν</span> <span class='ocrx_word' id='word_1_322' title='bbox 1316 3571 1545 3643; x_wconf 80' lang='grc' dir='ltr'>κελεύῃς</span> <span class='ocrx_word' id='word_1_323' title='bbox 1575 3573 1898 3644; x_wconf 85' lang='grc' dir='ltr'>παρατηρῆ-</span> 
     </span>
    </p>
   </div>
   <div class='ocr_carea' id='block_1_41' title="bbox 298 3655 1899 3732">
    <p class='ocr_par' dir='ltr' id='par_1_41' title="bbox 298 3655 1899 3732">
     <span class='ocr_line' id='line_1_41' title="bbox 298 3655 1899 3732; baseline -0.006 -15"><span class='ocrx_word' id='word_1_324' title='bbox 298 3663 395 3717; x_wconf 88' lang='grc' dir='ltr'>σαί</span> <span class='ocrx_word' id='word_1_325' title='bbox 431 3678 534 3732; x_wconf 89' lang='grc' dir='ltr'>με,</span> <span class='ocrx_word' id='word_1_326' title='bbox 570 3660 692 3713; x_wconf 84' lang='grc' dir='ltr'>ούδέ</span> <span class='ocrx_word' id='word_1_327' title='bbox 750 3657 988 3712; x_wconf 87' lang='grc' dir='ltr'>ἐνταῦθα</span> <span class='ocrx_word' id='word_1_328' title='bbox 1027 3657 1345 3726; x_wconf 87' lang='grc' dir='ltr'>φιλονεικῶ·</span> <span class='ocrx_word' id='word_1_329' title='bbox 1391 3656 1506 3710; x_wconf 85' lang='grc' dir='ltr'>ἀλλ’</span> <span class='ocrx_word' id='word_1_330' title='bbox 1554 3656 1800 3726; x_wconf 84' lang='grc' dir='ltr'>ὅπουπερ</span> <span class='ocrx_word' id='word_1_331' title='bbox 1833 3655 1899 3709; x_wconf 86' lang='grc' dir='ltr'>ἂν</span> 
     </span>
    </p>
   </div>
   <div class='ocr_carea' id='block_1_42' title="bbox 296 3739 1898 3818">
    <p class='ocr_par' dir='ltr' id='par_1_42' title="bbox 296 3739 1898 3818">
     <span class='ocr_line' id='line_1_42' title="bbox 296 3739 1898 3818; baseline -0.006 -17"><span class='ocrx_word' id='word_1_332' title='bbox 296 3747 608 3818; x_wconf 73' lang='grc' dir='ltr'>περιάγῃς,</span> <span class='ocrx_word' id='word_1_333' title='bbox 661 3742 942 3798; x_wconf 89' lang='grc' dir='ltr'>ἀκολουθῶ</span> <span class='ocrx_word' id='word_1_334' title='bbox 984 3743 1080 3795; x_wconf 80' lang='grc' dir='ltr'>καὶ</span> <span class='ocrx_word' id='word_1_335' title='bbox 1133 3741 1390 3812; x_wconf 84' lang='grc' dir='ltr'>ἐνδίδωμι</span> <span class='ocrx_word' id='word_1_336' title='bbox 1438 3739 1758 3811; x_wconf 90' lang='grc' dir='ltr'>ἐμπαγῆναί</span> <span class='ocrx_word' id='word_1_337' title='bbox 1817 3756 1898 3792; x_wconf 91' lang='grc' dir='ltr'>σοι</span> 
     </span>
    </p>
   </div>
   <div class='ocr_carea' id='block_1_43' title="bbox 295 3823 1899 3901">
    <p class='ocr_par' dir='ltr' id='par_1_43' title="bbox 295 3823 1899 3901">
     <span class='ocr_line' id='line_1_43' title="bbox 295 3823 1899 3901; baseline -0.007 -13"><span class='ocrx_word' id='word_1_338' title='bbox 295 3831 589 3901; x_wconf 74' lang='grc' dir='ltr'>ἀναμένων</span> <span class='ocrx_word' id='word_1_339' title='bbox 617 3829 714 3882; x_wconf 89' lang='grc' dir='ltr'>τοῦ</span> <span class='ocrx_word' id='word_1_340' title='bbox 753 3828 913 3895; x_wconf 88' lang='grc' dir='ltr'>λόγου</span> <span class='ocrx_word' id='word_1_341' title='bbox 951 3827 1012 3880; x_wconf 90' lang='lat'>16</span> <span class='ocrx_word' id='word_1_342' title='bbox 1043 3826 1342 3897; x_wconf 84' lang='grc' dir='ltr'>ἄγκιστρον</span> <span class='ocrx_word' id='word_1_343' title='bbox 1363 3868 1376 3888; x_wconf 92' lang='grc'>,</span> <span class='ocrx_word' id='word_1_344' title='bbox 1423 3824 1566 3878; x_wconf 78' lang='grc' dir='ltr'>ὥστε</span> <span class='ocrx_word' id='word_1_345' title='bbox 1597 3823 1899 3895; x_wconf 56' lang='grc' dir='ltr'>δυνηθῆναι</span> 
     </span>
    </p>
   </div>
   <div class='ocr_carea' id='block_1_44' title="bbox 301 3908 1898 3986">
    <p class='ocr_par' dir='ltr' id='par_1_44' title="bbox 301 3908 1898 3986">
     <span class='ocr_line' id='line_1_44' title="bbox 301 3908 1898 3986; baseline -0.001 -20"><span class='ocrx_word' id='word_1_346' title='bbox 301 3915 445 3986; x_wconf 84' lang='grc' dir='ltr'>μετά</span> <span class='ocrx_word' id='word_1_347' title='bbox 476 3911 780 3982; x_wconf 82' lang='grc' dir='ltr'>ἀσφαλείας</span> <span class='ocrx_word' id='word_1_348' title='bbox 814 3910 962 3965; x_wconf 71' lang='grc' dir='ltr'>ἀπαν</span> <span class='ocrx_word' id='word_1_349' title='bbox 1013 3910 1166 3979; x_wconf 82' lang='grc' dir='ltr'>ὑμῶν</span> <span class='ocrx_word' id='word_1_350' title='bbox 1199 3908 1486 3974; x_wconf 80' lang='grc' dir='ltr'>ἐξελκύσαι</span> <span class='ocrx_word' id='word_1_351' title='bbox 1523 3909 1585 3962; x_wconf 89' lang='lat'>16</span> <span class='ocrx_word' id='word_1_352' title='bbox 1621 3908 1772 3972; x_wconf 82' lang='grc' dir='ltr'>ἐθνος</span> <span class='ocrx_word' id='word_1_353' title='bbox 1802 3908 1898 3979; x_wconf 83' lang='grc' dir='ltr'>τῆς</span> 
     </span>
    </p>
   </div>
   <div class='ocr_carea' id='block_1_45' title="bbox 299 3990 1900 4066">
    <p class='ocr_par' dir='ltr' id='par_1_45' title="bbox 299 3990 1900 4066">
     <span class='ocr_line' id='line_1_45' title="bbox 299 3990 1900 4066; baseline -0.004 -16"><span class='ocrx_word' id='word_1_354' title='bbox 299 3997 545 4060; x_wconf 74' lang='grc' dir='ltr'>παλαιᾶς</span> <span class='ocrx_word' id='word_1_355' title='bbox 577 3993 834 4066; x_wconf 86' lang='grc' dir='ltr'>λατρείας</span> <span class='ocrx_word' id='word_1_356' title='bbox 867 3994 963 4046; x_wconf 77' lang='grc' dir='ltr'>καὶ</span> <span class='ocrx_word' id='word_1_357' title='bbox 992 3993 1286 4056; x_wconf 89' lang='grc' dir='ltr'>πολιτείας.</span> <span class='ocrx_word' id='word_1_358' title='bbox 1315 3993 1414 4046; x_wconf 81' lang='grc' dir='ltr'>Διά</span> <span class='ocrx_word' id='word_1_359' title='bbox 1458 3990 1618 4044; x_wconf 85' lang='grc' dir='ltr'>τοῦτο</span> <span class='ocrx_word' id='word_1_360' title='bbox 1659 3992 1768 4062; x_wconf 88' lang='grc' dir='ltr'>γάρ</span> <span class='ocrx_word' id='word_1_361' title='bbox 1807 3992 1900 4044; x_wconf 85' lang='grc' dir='ltr'>καὶ</span> 
     </span>
    </p>
   </div>
   <div class='ocr_carea' id='block_1_46' title="bbox 297 4073 1899 4149">
    <p class='ocr_par' dir='ltr' id='par_1_46' title="bbox 297 4073 1899 4149">
     <span class='ocr_line' id='line_1_46' title="bbox 297 4073 1899 4149; baseline -0.004 -17"><span class='ocrx_word' id='word_1_362' title='bbox 297 4079 411 4132; x_wconf 78' lang='lat'><em>6116</em></span> <span class='ocrx_word' id='word_1_363' title='bbox 469 4077 698 4146; x_wconf 81' lang='grc' dir='ltr'>Ἐφέσου</span> <span class='ocrx_word' id='word_1_364' title='bbox 753 4078 833 4140; x_wconf 90' lang='grc' dir='ltr'>είς</span> <span class='ocrx_word' id='word_1_365' title='bbox 861 4077 1240 4149; x_wconf 75' lang='grc' dir='ltr'>,Ἰεροσόλυμα</span> <span class='ocrx_word' id='word_1_366' title='bbox 1292 4073 1477 4146; x_wconf 82' lang='grc' dir='ltr'>ἦλθον.</span> <span class='ocrx_word' id='word_1_367' title='bbox 1521 4075 1685 4146; x_wconf 78' lang='grc' dir='ltr'>Ὁρᾷς</span> <span class='ocrx_word' id='word_1_368' title='bbox 1734 4075 1899 4127; x_wconf 88' lang='grc' dir='ltr'>πόσον</span> 
     </span>
    </p>
   </div>
   <div class='ocr_carea' id='block_1_47' title="bbox 299 4157 1900 4233">
    <p class='ocr_par' dir='ltr' id='par_1_47' title="bbox 299 4157 1900 4233">
     <span class='ocr_line' id='line_1_47' title="bbox 299 4157 1900 4233; baseline -0.004 -17"><span class='ocrx_word' id='word_1_369' title='bbox 299 4160 795 4233; x_wconf 82' lang='grc' dir='ltr'>παρηκολούθησεν</span> <span class='ocrx_word' id='word_1_370' title='bbox 827 4160 856 4213; x_wconf 91' lang='lat'>6</span> <span class='ocrx_word' id='word_1_371' title='bbox 886 4161 1100 4224; x_wconf 87' lang='grc' dir='ltr'>Παῦλος</span> <span class='ocrx_word' id='word_1_372' title='bbox 1131 4163 1198 4232; x_wconf 81' lang='grc' dir='ltr'>τῇ</span> <span class='ocrx_word' id='word_1_373' title='bbox 1238 4160 1394 4231; x_wconf 79' lang='grc' dir='ltr'>ἀλείᾳ</span> <span class='ocrx_word' id='word_1_374' title='bbox 1443 4159 1552 4212; x_wconf 91' lang='grc' dir='ltr'>τῶν</span> <span class='ocrx_word' id='word_1_375' title='bbox 1589 4157 1788 4230; x_wconf 85' lang='grc' dir='ltr'>ίχθύων</span> <span class='ocrx_word' id='word_1_376' title='bbox 1815 4161 1900 4210; x_wconf 84' lang='grc' dir='ltr'>ὲν-</span> 
     </span>
    </p>
   </div>
   <div class='ocr_carea' id='block_1_48' title="bbox 297 4242 1898 4315">
    <p class='ocr_par' dir='ltr' id='par_1_48' title="bbox 297 4242 1898 4315">
     <span class='ocr_line' id='line_1_48' title="bbox 297 4242 1898 4315; baseline -0.002 -15"><span class='ocrx_word' id='word_1_377' title='bbox 297 4247 481 4310; x_wconf 82' lang='grc' dir='ltr'>διδοῦς</span> <span class='ocrx_word' id='word_1_378' title='bbox 509 4244 586 4314; x_wconf 84' lang='grc' dir='ltr'>τῷ</span> <span class='ocrx_word' id='word_1_379' title='bbox 610 4244 796 4315; x_wconf 75' lang='grc' dir='ltr'>λόγως</span> <span class='ocrx_word' id='word_1_380' title='bbox 841 4246 973 4315; x_wconf 82' lang='grc' dir='ltr'>ὁρᾷς</span> <span class='ocrx_word' id='word_1_381' title='bbox 1003 4245 1083 4297; x_wconf 84' lang='grc' dir='ltr'>ὅτι</span> <span class='ocrx_word' id='word_1_382' title='bbox 1119 4246 1154 4314; x_wconf 86' lang='grc' dir='ltr'>ή</span> <span class='ocrx_word' id='word_1_383' title='bbox 1192 4245 1578 4314; x_wconf 82' lang='grc' dir='ltr'>παρατήρησις</span> <span class='ocrx_word' id='word_1_384' title='bbox 1625 4242 1734 4295; x_wconf 83' lang='grc' dir='ltr'>τῶν</span> <span class='ocrx_word' id='word_1_385' title='bbox 1775 4260 1898 4296; x_wconf 85' lang='grc' dir='ltr'>και-</span> 
     </span>
    </p>
   </div>
   <div class='ocr_carea' id='block_1_49' title="bbox 307 4326 1898 4402">
    <p class='ocr_par' dir='ltr' id='par_1_49' title="bbox 307 4326 1898 4402">
     <span class='ocr_line' id='line_1_49' title="bbox 307 4326 1898 4402; baseline -0.003 -20"><span class='ocrx_word' id='word_1_386' title='bbox 307 4329 459 4402; x_wconf 87' lang='grc' dir='ltr'>ρῶν,</span> <span class='ocrx_word' id='word_1_387' title='bbox 510 4329 607 4382; x_wconf 70' lang='grc' dir='ltr'>καὶ</span> <span class='ocrx_word' id='word_1_388' title='bbox 650 4331 684 4400; x_wconf 80' lang='grc' dir='ltr'><strong>ἠ</strong></span> <span class='ocrx_word' id='word_1_389' title='bbox 742 4327 1151 4396; x_wconf 87' lang='grc' dir='ltr'>συγκατάϐασις</span> <span class='ocrx_word' id='word_1_390' title='bbox 1200 4327 1302 4398; x_wconf 91' lang='grc' dir='ltr'>τῆς</span> <span class='ocrx_word' id='word_1_391' title='bbox 1351 4327 1686 4398; x_wconf 88' lang='grc' dir='ltr'>περιτομῆς,</span> <span class='ocrx_word' id='word_1_392' title='bbox 1722 4326 1815 4380; x_wconf 60' lang='grc' dir='ltr'>καὶ¹</span> <span class='ocrx_word' id='word_1_393' title='bbox 1864 4328 1898 4396; x_wconf 87' lang='grc' dir='ltr'>ή</span> 
     </span>
    </p>
   </div>
   <div class='ocr_carea' id='block_1_50' title="bbox 301 4408 1899 4478">
    <p class='ocr_par' dir='ltr' id='par_1_50' title="bbox 301 4408 1899 4478">
     <span class='ocr_line' id='line_1_50' title="bbox 301 4408 1899 4478; baseline -0.003 -13"><span class='ocrx_word' id='word_1_394' title='bbox 301 4410 566 4467; x_wconf 87' lang='grc' dir='ltr'>κοινωνία</span> <span class='ocrx_word' id='word_1_395' title='bbox 601 4409 712 4464; x_wconf 86' lang='grc' dir='ltr'>τῶν</span> <span class='ocrx_word' id='word_1_396' title='bbox 744 4409 946 4463; x_wconf 83' lang='grc' dir='ltr'>θυσιῶν</span> <span class='ocrx_word' id='word_1_397' title='bbox 967 4409 1057 4463; x_wconf 76' lang='grc' dir='ltr'>διὰ</span> <span class='ocrx_word' id='word_1_398' title='bbox 1083 4408 1244 4463; x_wconf 86' lang='grc' dir='ltr'>τοῦτο</span> <span class='ocrx_word' id='word_1_399' title='bbox 1274 4409 1504 4478; x_wconf 78' lang='grc' dir='ltr'>ἐγίνετο,</span> <span class='ocrx_word' id='word_1_400' title='bbox 1547 4409 1644 4478; x_wconf 88' lang='grc' dir='ltr'>ούχ</span> <span class='ocrx_word' id='word_1_401' title='bbox 1675 4409 1760 4461; x_wconf 81' lang='grc' dir='ltr'>ἵνα</span> <span class='ocrx_word' id='word_1_402' title='bbox 1801 4409 1899 4462; x_wconf 89' lang='lat'><em>66-</em></span> 
     </span>
    </p>
   </div>
   <div class='ocr_carea' id='block_1_51' title="bbox 298 4493 1901 4568">
    <p class='ocr_par' dir='ltr' id='par_1_51' title="bbox 298 4493 1901 4568">
     <span class='ocr_line' id='line_1_51' title="bbox 298 4493 1901 4568; baseline -0.004 -16"><span class='ocrx_word' id='word_1_403' title='bbox 298 4499 388 4552; x_wconf 76' lang='grc' dir='ltr'>τοὶ</span> <span class='ocrx_word' id='word_1_404' title='bbox 425 4495 566 4568; x_wconf 82' lang='grc' dir='ltr'>πρὸς</span> <span class='ocrx_word' id='word_1_405' title='bbox 613 4495 714 4567; x_wconf 79' lang='grc' dir='ltr'>τὴν</span> <span class='ocrx_word' id='word_1_406' title='bbox 763 4494 1002 4549; x_wconf 89' lang='grc' dir='ltr'>παλαιάν</span> <span class='ocrx_word' id='word_1_407' title='bbox 1035 4493 1370 4549; x_wconf 83' lang='grc' dir='ltr'>ἐπανέλθωσι</span> <span class='ocrx_word' id='word_1_408' title='bbox 1423 4494 1700 4548; x_wconf 90' lang='grc' dir='ltr'>πολιτείαν</span> <span class='ocrx_word' id='word_1_409' title='bbox 1725 4534 1737 4557; x_wconf 87' lang='grc'>,</span> <span class='ocrx_word' id='word_1_410' title='bbox 1787 4494 1901 4546; x_wconf 83' lang='grc' dir='ltr'>ἀλλ’</span> 
     </span>
    </p>
   </div>
   <div class='ocr_carea' id='block_1_52' title="bbox 301 4577 1902 4649">
    <p class='ocr_par' dir='ltr' id='par_1_52' title="bbox 301 4577 1902 4649">
     <span class='ocr_line' id='line_1_52' title="bbox 301 4577 1902 4649; baseline -0.004 -14"><span class='ocrx_word' id='word_1_411' title='bbox 301 4583 395 4635; x_wconf 77' lang='grc' dir='ltr'>ἵνα</span> <span class='ocrx_word' id='word_1_412' title='bbox 423 4579 671 4642; x_wconf 80' lang='grc' dir='ltr'>ἐκείνους</span> <span class='ocrx_word' id='word_1_413' title='bbox 716 4581 830 4643; x_wconf 86' lang='grc' dir='ltr'>τοῖς</span> <span class='ocrx_word' id='word_1_414' title='bbox 876 4577 1068 4642; x_wconf 81' lang='grc' dir='ltr'>τύποις</span> <span class='ocrx_word' id='word_1_415' title='bbox 1106 4577 1605 4649; x_wconf 84' lang='grc' dir='ltr'>παρακαθημένους</span> <span class='ocrx_word' id='word_1_416' title='bbox 1636 4578 1772 4648; x_wconf 83' lang='grc' dir='ltr'>πρὸς</span> <span class='ocrx_word' id='word_1_417' title='bbox 1803 4579 1902 4646; x_wconf 75' lang='grc' dir='ltr'>τὴν</span> 
     </span>
    </p>
   </div>
   <div class='ocr_carea' id='block_1_53' title="bbox 301 4660 1901 4734">
    <p class='ocr_par' dir='ltr' id='par_1_53' title="bbox 301 4660 1901 4734">
     <span class='ocr_line' id='line_1_53' title="bbox 301 4660 1901 4734; baseline -0.001 -18"><span class='ocrx_word' id='word_1_418' title='bbox 301 4663 566 4734; x_wconf 85' lang='grc' dir='ltr'>ἀλήθειαν</span> <span class='ocrx_word' id='word_1_419' title='bbox 595 4663 1050 4731; x_wconf 85' lang='grc' dir='ltr'>ἐπαναγάγωσιν;</span> <span class='ocrx_word' id='word_1_420' title='bbox 1080 4662 1139 4715; x_wconf 88' lang='lat'><strong>&#39;0</strong></span> <span class='ocrx_word' id='word_1_421' title='bbox 1173 4662 1284 4732; x_wconf 87' lang='grc' dir='ltr'>γάρ</span> <span class='ocrx_word' id='word_1_422' title='bbox 1322 4661 1380 4714; x_wconf 83' lang='grc' dir='ltr'>ἐν</span> <span class='ocrx_word' id='word_1_423' title='bbox 1415 4660 1538 4729; x_wconf 85' lang='grc' dir='ltr'>ὕψει</span> <span class='ocrx_word' id='word_1_424' title='bbox 1573 4661 1901 4733; x_wconf 84' lang='grc' dir='ltr'>καθήμενος,</span> 
     </span>
    </p>
   </div>
   <div class='ocr_carea' id='block_1_54' title="bbox 302 4744 1904 4818">
    <p class='ocr_par' dir='ltr' id='par_1_54' title="bbox 302 4744 1904 4818">
     <span class='ocr_line' id='line_1_54' title="bbox 302 4744 1904 4818; baseline -0.003 -17"><span class='ocrx_word' id='word_1_425' title='bbox 302 4747 404 4802; x_wconf 71' lang='grc' dir='ltr'>ἐὰν</span> <span class='ocrx_word' id='word_1_426' title='bbox 435 4746 729 4810; x_wconf 84' lang='grc' dir='ltr'>διαπαντὸς</span> <span class='ocrx_word' id='word_1_427' title='bbox 761 4747 855 4799; x_wconf 73' lang='grc' dir='ltr'>ἐπὶ</span> <span class='ocrx_word' id='word_1_428' title='bbox 873 4745 970 4800; x_wconf 89' lang='grc' dir='ltr'>τοῦ</span> <span class='ocrx_word' id='word_1_429' title='bbox 995 4744 1165 4814; x_wconf 84' lang='grc' dir='ltr'>ὕψους</span> <span class='ocrx_word' id='word_1_430' title='bbox 1195 4745 1362 4818; x_wconf 79' lang='grc' dir='ltr'>μένῃ,</span> <span class='ocrx_word' id='word_1_431' title='bbox 1395 4745 1653 4798; x_wconf 80' lang='grc' dir='ltr'>οὐδέποτε</span> <span class='ocrx_word' id='word_1_432' title='bbox 1677 4745 1904 4814; x_wconf 87' lang='grc' dir='ltr'>δυνήσε-</span> 
     </span>
    </p>
   </div>
   <div class='ocr_carea' id='block_1_55' title="bbox 303 4827 1904 4900">
    <p class='ocr_par' dir='ltr' id='par_1_55' title="bbox 303 4827 1904 4900">
     <span class='ocr_line' id='line_1_55' title="bbox 303 4827 1904 4900; baseline -0.002 -16"><span class='ocrx_word' id='word_1_433' title='bbox 303 4848 398 4884; x_wconf 86' lang='grc' dir='ltr'>ται</span> <span class='ocrx_word' id='word_1_434' title='bbox 442 4831 536 4884; x_wconf 82' lang='grc' dir='ltr'>τὸν</span> <span class='ocrx_word' id='word_1_435' title='bbox 565 4829 718 4882; x_wconf 86' lang='grc' dir='ltr'>κάτω</span> <span class='ocrx_word' id='word_1_436' title='bbox 756 4829 1008 4900; x_wconf 87' lang='grc' dir='ltr'>κείμενον</span> <span class='ocrx_word' id='word_1_437' title='bbox 1056 4830 1390 4898; x_wconf 88' lang='grc' dir='ltr'>ἀναγαγεῖν,</span> <span class='ocrx_word' id='word_1_438' title='bbox 1427 4827 1564 4882; x_wconf 90' lang='grc' dir='ltr'>ἀλλά</span> <span class='ocrx_word' id='word_1_439' title='bbox 1595 4829 1678 4882; x_wconf 88' lang='grc' dir='ltr'>δεῖ</span> <span class='ocrx_word' id='word_1_440' title='bbox 1709 4829 1904 4899; x_wconf 72' lang='lat'><em>11961:-</em></span> 
     </span>
    </p>
   </div>
   <div class='ocr_carea' id='block_1_56' title="bbox 305 4911 1900 4986">
    <p class='ocr_par' dir='ltr' id='par_1_56' title="bbox 305 4911 1900 4986">
     <span class='ocr_line' id='line_1_56' title="bbox 305 4911 1900 4986; baseline 0 -18"><span class='ocrx_word' id='word_1_441' title='bbox 305 4932 402 4986; x_wconf 88' lang='grc' dir='ltr'>ρον</span> <span class='ocrx_word' id='word_1_442' title='bbox 430 4917 638 4968; x_wconf 83' lang='grc' dir='ltr'>ἐκεῖνον</span> <span class='ocrx_word' id='word_1_443' title='bbox 665 4913 1088 4984; x_wconf 83' lang='grc' dir='ltr'>ταπεινωθῆναι,</span> <span class='ocrx_word' id='word_1_444' title='bbox 1113 4913 1208 4965; x_wconf 75' lang='grc' dir='ltr'>καὶ</span> <span class='ocrx_word' id='word_1_445' title='bbox 1231 4913 1353 4967; x_wconf 86' lang='grc' dir='ltr'>τότε</span> <span class='ocrx_word' id='word_1_446' title='bbox 1381 4914 1570 4966; x_wconf 89' lang='grc' dir='ltr'>τοῦτον</span> <span class='ocrx_word' id='word_1_447' title='bbox 1597 4911 1900 4982; x_wconf 79' lang='grc' dir='ltr'>ὑψωθῆναι.</span> 
     </span>
    </p>
   </div>
   <div class='ocr_carea' id='block_1_57' title="bbox 302 4995 1904 5068">
    <p class='ocr_par' dir='ltr' id='par_1_57' title="bbox 302 4995 1904 5068">
     <span class='ocr_line' id='line_1_57' title="bbox 302 4995 1904 5068; baseline -0.002 -16"><span class='ocrx_word' id='word_1_448' title='bbox 302 4999 410 5053; x_wconf 83' lang='grc' dir='ltr'>Διά</span> <span class='ocrx_word' id='word_1_449' title='bbox 451 4997 612 5052; x_wconf 87' lang='grc' dir='ltr'>τοῦτο</span> <span class='ocrx_word' id='word_1_450' title='bbox 647 4999 961 5068; x_wconf 88' lang='grc' dir='ltr'>κατέϐησαν</span> <span class='ocrx_word' id='word_1_451' title='bbox 999 5001 1048 5051; x_wconf 87' lang='grc' dir='ltr'>οἱ</span> <span class='ocrx_word' id='word_1_452' title='bbox 1099 4997 1390 5051; x_wconf 82' lang='grc' dir='ltr'>ἀπόστολοι</span> <span class='ocrx_word' id='word_1_453' title='bbox 1444 4996 1553 5049; x_wconf 83' lang='grc' dir='ltr'>ἀπὸ</span> <span class='ocrx_word' id='word_1_454' title='bbox 1590 4995 1682 5050; x_wconf 85' lang='grc' dir='ltr'>τοῦ</span> <span class='ocrx_word' id='word_1_455' title='bbox 1737 4996 1904 5066; x_wconf 88' lang='grc' dir='ltr'>ὕψους</span> 
     </span>
    </p>
   </div>
   <div class='ocr_carea' id='block_1_58' title="bbox 300 5079 1903 5154">
    <p class='ocr_par' dir='ltr' id='par_1_58' title="bbox 300 5079 1903 5154">
     <span class='ocr_line' id='line_1_58' title="bbox 300 5079 1903 5154; baseline -0.001 -20"><span class='ocrx_word' id='word_1_456' title='bbox 300 5083 407 5154; x_wconf 84' lang='grc' dir='ltr'>τῆς</span> <span class='ocrx_word' id='word_1_457' title='bbox 439 5079 718 5144; x_wconf 85' lang='grc' dir='ltr'>πολιτείας</span> <span class='ocrx_word' id='word_1_458' title='bbox 769 5081 868 5152; x_wconf 84' lang='grc' dir='ltr'>τῆς</span> <span class='ocrx_word' id='word_1_459' title='bbox 915 5080 1278 5150; x_wconf 86' lang='grc' dir='ltr'>εὐαγγελικῆς</span> <span class='ocrx_word' id='word_1_460' title='bbox 1307 5081 1357 5144; x_wconf 76' lang='lat' dir='ltr'><strong>b,</strong></span> <span class='ocrx_word' id='word_1_461' title='bbox 1402 5079 1488 5132; x_wconf 83' lang='grc' dir='ltr'>ἵνα</span> <span class='ocrx_word' id='word_1_462' title='bbox 1520 5080 1630 5134; x_wconf 83' lang='grc' dir='ltr'>ἀπὸ</span> <span class='ocrx_word' id='word_1_463' title='bbox 1673 5080 1771 5150; x_wconf 89' lang='grc' dir='ltr'>τῆς</span> <span class='ocrx_word' id='word_1_464' title='bbox 1807 5097 1903 5132; x_wconf 89' lang='grc' dir='ltr'>τα-</span> 
     </span>
    </p>
   </div>
   <div class='ocr_carea' id='block_1_59' title="bbox 305 5161 1907 5236">
    <p class='ocr_par' dir='ltr' id='par_1_59' title="bbox 305 5161 1907 5236">
     <span class='ocr_line' id='line_1_59' title="bbox 305 5161 1907 5236; baseline -0.001 -18"><span class='ocrx_word' id='word_1_465' title='bbox 305 5164 626 5236; x_wconf 84' lang='grc' dir='ltr'>πεινότητος</span> <span class='ocrx_word' id='word_1_466' title='bbox 651 5164 750 5234; x_wconf 91' lang='grc' dir='ltr'>τῆς</span> <span class='ocrx_word' id='word_1_467' title='bbox 782 5164 1058 5227; x_wconf 86' lang='grc' dir='ltr'>πολιτείας</span> <span class='ocrx_word' id='word_1_468' title='bbox 1094 5165 1192 5236; x_wconf 89' lang='grc' dir='ltr'>τῆς</span> <span class='ocrx_word' id='word_1_469' title='bbox 1227 5163 1526 5234; x_wconf 79' lang='grc' dir='ltr'>Ἰουδαϊκῆς</span> <span class='ocrx_word' id='word_1_470' title='bbox 1561 5161 1675 5236; x_wconf 85' lang='grc'>[88]</span> <span class='ocrx_word' id='word_1_471' title='bbox 1700 5163 1907 5233; x_wconf 70' lang='grc' dir='ltr'>ἀναγάα</span> 
     </span>
    </p>
   </div>
   <div class='ocr_carea' id='block_1_60' title="bbox 306 5244 1543 5319">
    <p class='ocr_par' dir='ltr' id='par_1_60' title="bbox 306 5244 1543 5319">
     <span class='ocr_line' id='line_1_60' title="bbox 306 5244 1543 5319; baseline -0.002 -17"><span class='ocrx_word' id='word_1_472' title='bbox 306 5266 482 5318; x_wconf 84' lang='grc' dir='ltr'>γωσιν</span> <span class='ocrx_word' id='word_1_473' title='bbox 509 5250 590 5312; x_wconf 89' lang='grc' dir='ltr'>εἰς</span> <span class='ocrx_word' id='word_1_474' title='bbox 613 5249 676 5302; x_wconf 86' lang='lat'>16</span> <span class='ocrx_word' id='word_1_475' title='bbox 706 5247 840 5319; x_wconf 87' lang='grc' dir='ltr'>ὕψος</span> <span class='ocrx_word' id='word_1_476' title='bbox 868 5251 1044 5302; x_wconf 90' lang='grc' dir='ltr'>ἐκεῖνο</span> <span class='ocrx_word' id='word_1_477' title='bbox 1064 5253 1191 5313; x_wconf 70' lang='grc' dir='ltr'>τοὺς</span> <span class='ocrx_word' id='word_1_478' title='bbox 1233 5244 1543 5311; x_wconf 73' lang='grc' dir='ltr'>Ἰουδαίους.</span> 
     </span>
    </p>
   </div>
   <div class='ocr_carea' id='block_1_61' title="bbox 382 5331 1903 5405">
    <p class='ocr_par' dir='ltr' id='par_1_61' title="bbox 382 5331 1903 5405">
     <span class='ocr_line' id='line_1_61' title="bbox 382 5331 1903 5405; baseline -0.001 -19"><span class='ocrx_word' id='word_1_479' title='bbox 382 5340 447 5387; x_wconf 87' lang='grc' dir='ltr'>ε’.</span> <span class='ocrx_word' id='word_1_480' title='bbox 486 5333 633 5386; x_wconf 78' lang='grc' dir='ltr'>Ἀλλ’</span> <span class='ocrx_word' id='word_1_481' title='bbox 655 5333 738 5386; x_wconf 82' lang='grc' dir='ltr'>ὅτι</span> <span class='ocrx_word' id='word_1_482' title='bbox 761 5333 861 5404; x_wconf 83' lang='grc' dir='ltr'>μὲν</span> <span class='ocrx_word' id='word_1_483' title='bbox 886 5336 919 5405; x_wconf 88' lang='grc' dir='ltr'>ή</span> <span class='ocrx_word' id='word_1_484' title='bbox 943 5333 1051 5385; x_wconf 87' lang='grc' dir='ltr'>τῶν</span> <span class='ocrx_word' id='word_1_485' title='bbox 1077 5331 1286 5404; x_wconf 89' lang='grc' dir='ltr'>καιρῶν</span> <span class='ocrx_word' id='word_1_486' title='bbox 1307 5334 1691 5404; x_wconf 87' lang='grc' dir='ltr'>παρατήρησις</span> <span class='ocrx_word' id='word_1_487' title='bbox 1712 5331 1805 5385; x_wconf 73' lang='grc' dir='ltr'>καὶ</span> <span class='ocrx_word' id='word_1_488' title='bbox 1832 5331 1903 5385; x_wconf 86' lang='lat'>16</span> 
     </span>
    </p>
   </div>
   <div class='ocr_carea' id='block_1_62' title="bbox 307 5415 1904 5487">
    <p class='ocr_par' dir='ltr' id='par_1_62' title="bbox 307 5415 1904 5487">
     <span class='ocr_line' id='line_1_62' title="bbox 307 5415 1904 5487; baseline -0.001 -17"><span class='ocrx_word' id='word_1_489' title='bbox 307 5417 478 5470; x_wconf 86' lang='grc' dir='ltr'>λοιπά</span> <span class='ocrx_word' id='word_1_490' title='bbox 523 5416 708 5471; x_wconf 87' lang='grc' dir='ltr'>πάντα</span> <span class='ocrx_word' id='word_1_491' title='bbox 737 5417 1022 5487; x_wconf 85' lang='grc' dir='ltr'>χρησίμως</span> <span class='ocrx_word' id='word_1_492' title='bbox 1057 5417 1152 5470; x_wconf 76' lang='grc' dir='ltr'>καὶ</span> <span class='ocrx_word' id='word_1_493' title='bbox 1205 5415 1592 5487; x_wconf 86' lang='grc' dir='ltr'>συμφερόντως</span> <span class='ocrx_word' id='word_1_494' title='bbox 1643 5415 1904 5484; x_wconf 88' lang='grc' dir='ltr'>ἐγίνοντο,</span> 
     </span>
    </p>
   </div>
   <div class='ocr_carea' id='block_1_63' title="bbox 311 5500 1907 5574">
    <p class='ocr_par' dir='ltr' id='par_1_63' title="bbox 311 5500 1907 5574">
     <span class='ocr_line' id='line_1_63' title="bbox 311 5500 1907 5574; baseline 0 -18"><span class='ocrx_word' id='word_1_495' title='bbox 311 5501 423 5556; x_wconf 80' lang='grc' dir='ltr'>ἀπὺ</span> <span class='ocrx_word' id='word_1_496' title='bbox 447 5501 656 5556; x_wconf 83' lang='grc' dir='ltr'>τούτων</span> <span class='ocrx_word' id='word_1_497' title='bbox 677 5502 835 5574; x_wconf 87' lang='grc' dir='ltr'>δῆλον</span> <span class='ocrx_word' id='word_1_498' title='bbox 857 5519 870 5534; x_wconf 91' lang='grc'><strong>·</strong></span> <span class='ocrx_word' id='word_1_499' title='bbox 905 5501 1107 5572; x_wconf 71' lang='grc' dir='ltr'>ἴδωμεν</span> <span class='ocrx_word' id='word_1_500' title='bbox 1131 5501 1188 5555; x_wconf 87' lang='grc' dir='ltr'>δέ</span> <span class='ocrx_word' id='word_1_501' title='bbox 1238 5501 1422 5555; x_wconf 84' lang='grc' dir='ltr'>λοιπὸν</span> <span class='ocrx_word' id='word_1_502' title='bbox 1457 5500 1603 5564; x_wconf 90' lang='grc' dir='ltr'>τίνος</span> <span class='ocrx_word' id='word_1_503' title='bbox 1631 5501 1817 5555; x_wconf 75' lang='grc' dir='ltr'>ἕνεκεν</span> <span class='ocrx_word' id='word_1_504' title='bbox 1846 5504 1907 5556; x_wconf 86' lang='grc' dir='ltr'>τὸ</span> 
     </span>
    </p>
   </div>
   <div class='ocr_carea' id='block_1_64' title="bbox 379 5625 1905 5693">
    <p class='ocr_par' dir='ltr' id='par_1_64' title="bbox 379 5625 1905 5693">
     <span class='ocr_line' id='line_1_64' title="bbox 379 5625 1905 5693; baseline 0.003 -18"><span class='ocrx_word' id='word_1_505' title='bbox 379 5627 408 5658; x_wconf 83' lang='grc'><strong>⁸</strong></span> <span class='ocrx_word' id='word_1_506' title='bbox 428 5628 528 5693; x_wconf 68' lang='lat' dir='ltr'><strong>Alij</strong></span> <span class='ocrx_word' id='word_1_507' title='bbox 551 5628 641 5693; x_wconf 47' lang='grc' dir='ltr'>καὶῄ</span> <span class='ocrx_word' id='word_1_508' title='bbox 671 5629 774 5693; x_wconf 80' lang='grc' dir='ltr'>πῶς</span> <span class='ocrx_word' id='word_1_509' title='bbox 813 5628 873 5676; x_wconf 83' lang='grc' dir='ltr'>σὺ</span> <span class='ocrx_word' id='word_1_510' title='bbox 893 5627 996 5692; x_wconf 82' lang='grc' dir='ltr'>γίνῃ</span> <span class='ocrx_word' id='word_1_511' title='bbox 1017 5625 1229 5693; x_wconf 77' lang='grc' dir='ltr'>Χριστοῦ</span> <span class='ocrx_word' id='word_1_512' title='bbox 1264 5628 1485 5692; x_wconf 84' lang='grc' dir='ltr'>μιμητής·</span> <span class='ocrx_word' id='word_1_513' title='bbox 1519 5627 1574 5676; x_wconf 74' lang='lat' dir='ltr'><em>o6</em></span> <span class='ocrx_word' id='word_1_514' title='bbox 1601 5626 1905 5692; x_wconf 61' lang='lat' dir='ltr'>(n16._Edili</span> 
     </span>
    </p>
   </div>
   <div class='ocr_carea' id='block_1_65' title="bbox 317 5687 785 5752">
    <p class='ocr_par' dir='ltr' id='par_1_65' title="bbox 317 5687 785 5752">
     <span class='ocr_line' id='line_1_65' title="bbox 317 5687 785 5752; baseline -0.015 0"><span class='ocrx_word' id='word_1_515' title='bbox 317 5689 350 5737; x_wconf 66' lang='grc'>³</span> <span class='ocrx_word' id='word_1_516' title='bbox 365 5687 537 5752; x_wconf 55' lang='grc' dir='ltr'>Ρέσῖοῖέ</span> <span class='ocrx_word' id='word_1_517' title='bbox 557 5691 785 5752; x_wconf 68' lang='grc' dir='ltr'>μαθητής.</span> 
     </span>
    </p>
   </div>
   <div class='ocr_carea' id='block_1_66' title="bbox 385 5749 979 5815">
    <p class='ocr_par' dir='ltr' id='par_1_66' title="bbox 385 5749 979 5815">
     <span class='ocr_line' id='line_1_66' title="bbox 385 5749 979 5815; baseline -0.002 -15"><span class='ocrx_word' id='word_1_518' title='bbox 385 5750 414 5790; x_wconf 72' lang='grc'><strong><em>³</em></strong></span> <span class='ocrx_word' id='word_1_519' title='bbox 437 5749 578 5800; x_wconf 69' lang='lat' dir='ltr'>C-JW.</span> <span class='ocrx_word' id='word_1_520' title='bbox 611 5757 696 5812; x_wconf 81' lang='grc' dir='ltr'>τῆς</span> <span class='ocrx_word' id='word_1_521' title='bbox 712 5751 979 5815; x_wconf 74' lang='grc' dir='ltr'>ἀγγαλικῆς.</span> 
     </span>
    </p>
   </div>
   <div class='ocr_carea' id='block_1_67' title="bbox 923 294 1942 357">
    <p class='ocr_par' dir='ltr' id='par_1_67' title="bbox 923 294 1942 357">
     <span class='ocr_line' id='line_1_67' title="bbox 923 294 1942 357; baseline -0.004 -7"><span class='ocrx_word' id='word_1_522' title='bbox 923 298 1061 351; x_wconf 70' lang='lat' dir='ltr'>CUR</span> <span class='ocrx_word' id='word_1_523' title='bbox 1123 297 1185 350; x_wconf 72' lang='lat' dir='ltr'>IN</span> <span class='ocrx_word' id='word_1_524' title='bbox 1229 297 1517 353; x_wconf 71' lang='lat' dir='ltr'>PENTEC.</span> <span class='ocrx_word' id='word_1_525' title='bbox 1554 298 1754 357; x_wconf 66' lang='lat' dir='ltr'>ACTA.</span> <span class='ocrx_word' id='word_1_526' title='bbox 1787 294 1942 350; x_wconf 74' lang='lat' dir='ltr'>ETC.</span> 
     </span>
    </p>
   </div>
   <div class='ocr_carea' id='block_1_68' title="bbox 1980 288 3561 351">
    <p class='ocr_par' dir='ltr' id='par_1_68' title="bbox 1980 288 3561 351">
     <span class='ocr_line' id='line_1_68' title="bbox 1980 288 3561 351; baseline -0.007 -4"><span class='ocrx_word' id='word_1_527' title='bbox 1980 292 2045 347; x_wconf 72' lang='lat' dir='ltr'>IN</span> <span class='ocrx_word' id='word_1_528' title='bbox 2087 292 2380 349; x_wconf 70' lang='lat' dir='ltr'>PRINCIP.</span> <span class='ocrx_word' id='word_1_529' title='bbox 2435 293 2791 351; x_wconf 75' lang='lat' dir='ltr'>ACTORUM.</span> <span class='ocrx_word' id='word_1_530' title='bbox 2833 295 2920 348; x_wconf 72' lang='lat' dir='ltr'>IV.</span> <span class='ocrx_word' id='word_1_531' title='bbox 3465 288 3561 337; x_wconf 72' lang='grc' dir='ltr'>ιιι-ι</span> 
     </span>
    </p>
   </div>
   <div class='ocr_carea' id='block_1_69' title="bbox 1983 397 3567 472">
    <p class='ocr_par' dir='ltr' id='par_1_69' title="bbox 1983 397 3567 472">
     <span class='ocr_line' id='line_1_69' title="bbox 1983 397 3567 472; baseline 0.001 -22"><span class='ocrx_word' id='word_1_532' title='bbox 1983 397 2186 468; x_wconf 83' lang='grc' dir='ltr'>βιϐλίον</span> <span class='ocrx_word' id='word_1_533' title='bbox 2223 401 2330 454; x_wconf 84' lang='grc' dir='ltr'>τῶν</span> <span class='ocrx_word' id='word_1_534' title='bbox 2362 401 2620 472; x_wconf 82' lang='grc' dir='ltr'>Πράξεων</span> <span class='ocrx_word' id='word_1_535' title='bbox 2667 399 3116 453; x_wconf 72' lang='grc' dir='ltr'>τῶνιάποστόλων</span> <span class='ocrx_word' id='word_1_536' title='bbox 3161 407 3223 458; x_wconf 77' lang='grc' dir='ltr'>ἐν</span> <span class='ocrx_word' id='word_1_537' title='bbox 3279 398 3355 469; x_wconf 80' lang='grc' dir='ltr'>τῷ</span> <span class='ocrx_word' id='word_1_538' title='bbox 3389 399 3567 471; x_wconf 65' lang='grc' dir='ltr'>καιρῷ</span> 
     </span>
    </p>
   </div>
   <div class='ocr_carea' id='block_1_70' title="bbox 1982 481 3566 556">
    <p class='ocr_par' dir='ltr' id='par_1_70' title="bbox 1982 481 3566 556">
     <span class='ocr_line' id='line_1_70' title="bbox 1982 481 3566 556; baseline -0.025 2"><span class='ocrx_word' id='word_1_539' title='bbox 1982 483 2082 556; x_wconf 61' lang='grc' dir='ltr'>τῆς</span> <span class='ocrx_word' id='word_1_540' title='bbox 2136 485 2518 555; x_wconf 81' lang='grc' dir='ltr'>Πεντηκοστῆς</span> <span class='ocrx_word' id='word_1_541' title='bbox 2581 482 3031 551; x_wconf 85' lang='grc' dir='ltr'>ἀναγινώσκεται.</span> <span class='ocrx_word' id='word_1_542' title='bbox 3092 481 3186 536; x_wconf 80' lang='grc' dir='ltr'>Διά</span> <span class='ocrx_word' id='word_1_543' title='bbox 3241 483 3351 551; x_wconf 75' lang='grc' dir='ltr'>γὰρ</span> <span class='ocrx_word' id='word_1_544' title='bbox 3405 483 3566 536; x_wconf 60' lang='grc' dir='ltr'><strong>τσῦτο</strong></span> 
     </span>
    </p>
   </div>
   <div class='ocr_carea' id='block_1_71' title="bbox 1982 565 3566 638">
    <p class='ocr_par' dir='ltr' id='par_1_71' title="bbox 1982 565 3566 638">
     <span class='ocr_line' id='line_1_71' title="bbox 1982 565 3566 638; baseline 0 -21"><span class='ocrx_word' id='word_1_545' title='bbox 1982 565 2154 620; x_wconf 87' lang='grc' dir='ltr'>ταῦτα</span> <span class='ocrx_word' id='word_1_546' title='bbox 2205 568 2382 621; x_wconf 90' lang='grc' dir='ltr'>πάντα</span> <span class='ocrx_word' id='word_1_547' title='bbox 2433 568 2794 638; x_wconf 83' lang='grc' dir='ltr'>ἐκινήσαμεν,</span> <span class='ocrx_word' id='word_1_548' title='bbox 2845 566 2933 630; x_wconf 81' lang='grc' dir='ltr'>ἶν’,</span> <span class='ocrx_word' id='word_1_549' title='bbox 2985 567 3113 618; x_wconf 81' lang='grc' dir='ltr'>ὅταν</span> <span class='ocrx_word' id='word_1_550' title='bbox 3163 566 3306 637; x_wconf 83' lang='grc' dir='ltr'>ἴδητε</span> <span class='ocrx_word' id='word_1_551' title='bbox 3357 567 3566 637; x_wconf 83' lang='grc' dir='ltr'>καιρῶν</span> 
     </span>
    </p>
   </div>
   <div class='ocr_carea' id='block_1_72' title="bbox 1983 649 3568 722">
    <p class='ocr_par' dir='ltr' id='par_1_72' title="bbox 1983 649 3568 722">
     <span class='ocr_line' id='line_1_72' title="bbox 1983 649 3568 722; baseline -0.003 -18"><span class='ocrx_word' id='word_1_552' title='bbox 1983 653 2370 722; x_wconf 81' lang='grc' dir='ltr'>παρατήρησιν</span> <span class='ocrx_word' id='word_1_553' title='bbox 2419 651 2784 720; x_wconf 83' lang='grc' dir='ltr'>ἐγκειμένην,</span> <span class='ocrx_word' id='word_1_554' title='bbox 2847 649 2920 720; x_wconf 82' lang='grc' dir='ltr'>μὴ</span> <span class='ocrx_word' id='word_1_555' title='bbox 2982 649 3240 719; x_wconf 82' lang='grc' dir='ltr'>νομίσητε</span> <span class='ocrx_word' id='word_1_556' title='bbox 3292 650 3568 703; x_wconf 88' lang='grc' dir='ltr'>πολιτείαν</span> 
     </span>
    </p>
   </div>
   <div class='ocr_carea' id='block_1_73' title="bbox 1985 732 3566 804">
    <p class='ocr_par' dir='ltr' id='par_1_73' title="bbox 1985 732 3566 804">
     <span class='ocr_line' id='line_1_73' title="bbox 1985 732 3566 804; baseline 0 -18"><span class='ocrx_word' id='word_1_557' title='bbox 1985 736 2159 786; x_wconf 82' lang='grc' dir='ltr'>νοσεῖν</span> <span class='ocrx_word' id='word_1_558' title='bbox 2207 734 2500 804; x_wconf 83' lang='grc' dir='ltr'>Ἰουδαῖκὴν</span> <span class='ocrx_word' id='word_1_559' title='bbox 2523 736 2648 797; x_wconf 75' lang='grc' dir='ltr'>τοὺς</span> <span class='ocrx_word' id='word_1_560' title='bbox 2682 732 3030 795; x_wconf 85' lang='grc' dir='ltr'>ἀποστόλους.</span> <span class='ocrx_word' id='word_1_561' title='bbox 3079 732 3240 785; x_wconf 85' lang='grc' dir='ltr'>Ἀλλά</span> <span class='ocrx_word' id='word_1_562' title='bbox 3268 733 3566 804; x_wconf 80' lang='grc' dir='ltr'>προσέχετε</span> 
     </span>
    </p>
   </div>
   <div class='ocr_carea' id='block_1_74' title="bbox 1989 815 3568 889">
    <p class='ocr_par' dir='ltr' id='par_1_74' title="bbox 1989 815 3568 889">
     <span class='ocr_line' id='line_1_74' title="bbox 1989 815 3568 889; baseline -0.002 -20"><span class='ocrx_word' id='word_1_563' title='bbox 1989 817 2129 886; x_wconf 82' lang='grc' dir='ltr'>μετὰ</span> <span class='ocrx_word' id='word_1_564' title='bbox 2183 817 2468 889; x_wconf 86' lang='grc' dir='ltr'>ἀκριϐείας</span> <span class='ocrx_word' id='word_1_565' title='bbox 2493 855 2508 879; x_wconf 85' lang='grc'>,</span> <span class='ocrx_word' id='word_1_566' title='bbox 2555 815 2858 888; x_wconf 86' lang='grc' dir='ltr'>παρακαλῶ</span> <span class='ocrx_word' id='word_1_567' title='bbox 2887 831 2900 844; x_wconf 85' lang='grc'><em>’</em></span> <span class='ocrx_word' id='word_1_568' title='bbox 2951 816 3012 868; x_wconf 88' lang='lat' dir='ltr'><em>o6</em></span> <span class='ocrx_word' id='word_1_569' title='bbox 3048 816 3156 888; x_wconf 76' lang='grc' dir='ltr'>γὰρ</span> <span class='ocrx_word' id='word_1_570' title='bbox 3217 816 3410 887; x_wconf 85' lang='grc' dir='ltr'>μικρόν</span> <span class='ocrx_word' id='word_1_571' title='bbox 3450 817 3568 870; x_wconf 83' lang='grc' dir='ltr'>ἐστι</span> 
     </span>
    </p>
   </div>
   <div class='ocr_carea' id='block_1_75' title="bbox 1987 900 3568 975">
    <p class='ocr_par' dir='ltr' id='par_1_75' title="bbox 1987 900 3568 975">
     <span class='ocr_line' id='line_1_75' title="bbox 1987 900 3568 975; baseline -0.001 -20"><span class='ocrx_word' id='word_1_572' title='bbox 1987 903 2209 975; x_wconf 81' lang='grc' dir='ltr'>ζήτημα</span> <span class='ocrx_word' id='word_1_573' title='bbox 2259 905 2320 957; x_wconf 89' lang='lat'>16</span> <span class='ocrx_word' id='word_1_574' title='bbox 2373 904 2564 975; x_wconf 83' lang='grc' dir='ltr'>μέλλον</span> <span class='ocrx_word' id='word_1_575' title='bbox 2602 902 2954 974; x_wconf 81' lang='grc' dir='ltr'>ῥηθήσεσθαι.</span> <span class='ocrx_word' id='word_1_576' title='bbox 2993 903 3081 955; x_wconf 88' lang='grc' dir='ltr'>Ἐν</span> <span class='ocrx_word' id='word_1_577' title='bbox 3128 905 3194 974; x_wconf 84' lang='grc' dir='ltr'>τῇ</span> <span class='ocrx_word' id='word_1_578' title='bbox 3246 903 3430 974; x_wconf 67' lang='grc' dir='ltr'>ήμέρα</span> <span class='ocrx_word' id='word_1_579' title='bbox 3470 900 3568 956; x_wconf 88' lang='grc' dir='ltr'>τοῦ</span> 
     </span>
    </p>
   </div>
   <div class='ocr_carea' id='block_1_76' title="bbox 1989 986 3566 1060">
    <p class='ocr_par' dir='ltr' id='par_1_76' title="bbox 1989 986 3566 1060">
     <span class='ocr_line' id='line_1_76' title="bbox 1989 986 3566 1060; baseline -0.004 -18"><span class='ocrx_word' id='word_1_580' title='bbox 1989 989 2224 1059; x_wconf 86' lang='grc' dir='ltr'>σταυροῦ</span> <span class='ocrx_word' id='word_1_581' title='bbox 2247 989 2316 1042; x_wconf 86' lang='grc' dir='ltr'>τά</span> <span class='ocrx_word' id='word_1_582' title='bbox 2344 989 2474 1060; x_wconf 69' lang='grc' dir='ltr'>περὶ</span> <span class='ocrx_word' id='word_1_583' title='bbox 2495 987 2588 1042; x_wconf 88' lang='grc' dir='ltr'>τοῦ</span> <span class='ocrx_word' id='word_1_584' title='bbox 2624 987 2856 1058; x_wconf 90' lang='grc' dir='ltr'>σταυροῦ</span> <span class='ocrx_word' id='word_1_585' title='bbox 2891 986 3069 1040; x_wconf 84' lang='grc' dir='ltr'>πάντα</span> <span class='ocrx_word' id='word_1_586' title='bbox 3091 986 3532 1056; x_wconf 75' lang='grc' dir='ltr'>ἀναγινώσκομεν</span> <span class='ocrx_word' id='word_1_587' title='bbox 3553 1002 3566 1013; x_wconf 82' lang='lat'><strong><em>°</em></strong></span> 
     </span>
    </p>
   </div>
   <div class='ocr_carea' id='block_1_77' title="bbox 1988 1068 3570 1142">
    <p class='ocr_par' dir='ltr' id='par_1_77' title="bbox 1988 1068 3570 1142">
     <span class='ocr_line' id='line_1_77' title="bbox 1988 1068 3570 1142; baseline -0.001 -19"><span class='ocrx_word' id='word_1_588' title='bbox 1988 1074 2045 1124; x_wconf 82' lang='grc' dir='ltr'>ἐν</span> <span class='ocrx_word' id='word_1_589' title='bbox 2075 1070 2153 1142; x_wconf 80' lang='grc' dir='ltr'>τῷ</span> <span class='ocrx_word' id='word_1_590' title='bbox 2198 1071 2455 1142; x_wconf 84' lang='grc' dir='ltr'>σαϐϐάτῳ</span> <span class='ocrx_word' id='word_1_591' title='bbox 2502 1069 2579 1141; x_wconf 81' lang='grc' dir='ltr'>τῷ</span> <span class='ocrx_word' id='word_1_592' title='bbox 2631 1069 2853 1142; x_wconf 82' lang='grc' dir='ltr'>μεγάλῳ</span> <span class='ocrx_word' id='word_1_593' title='bbox 2910 1069 3107 1132; x_wconf 85' lang='grc' dir='ltr'>πάλιν,</span> <span class='ocrx_word' id='word_1_594' title='bbox 3162 1071 3243 1122; x_wconf 85' lang='grc' dir='ltr'>ὃτι</span> <span class='ocrx_word' id='word_1_595' title='bbox 3297 1068 3570 1137; x_wconf 85' lang='grc' dir='ltr'>παρεδόθη</span> 
     </span>
    </p>
   </div>
   <div class='ocr_carea' id='block_1_78' title="bbox 1987 1149 3574 1226">
    <p class='ocr_par' dir='ltr' id='par_1_78' title="bbox 1987 1149 3574 1226">
     <span class='ocr_line' id='line_1_78' title="bbox 1987 1149 3574 1226; baseline -0.004 -18"><span class='ocrx_word' id='word_1_596' title='bbox 1987 1154 2146 1224; x_wconf 74' lang='grc' dir='ltr'>ἡμῶν</span> <span class='ocrx_word' id='word_1_597' title='bbox 2168 1156 2198 1208; x_wconf 90' lang='grc' dir='ltr'>ό</span> <span class='ocrx_word' id='word_1_598' title='bbox 2227 1153 2451 1226; x_wconf 85' lang='grc' dir='ltr'>Κύριος,</span> <span class='ocrx_word' id='word_1_599' title='bbox 2481 1155 2562 1208; x_wconf 84' lang='grc' dir='ltr'>ὃτι</span> <span class='ocrx_word' id='word_1_600' title='bbox 2601 1153 2941 1225; x_wconf 81' lang='grc' dir='ltr'>ἐσταυρώθη,</span> <span class='ocrx_word' id='word_1_601' title='bbox 2978 1154 3060 1207; x_wconf 83' lang='grc' dir='ltr'>ὅτι</span> <span class='ocrx_word' id='word_1_602' title='bbox 3081 1152 3317 1206; x_wconf 84' lang='grc' dir='ltr'>ἀπέθανε</span> <span class='ocrx_word' id='word_1_603' title='bbox 3343 1151 3403 1204; x_wconf 83' lang='lat'>16</span> <span class='ocrx_word' id='word_1_604' title='bbox 3431 1149 3574 1204; x_wconf 80' lang='grc' dir='ltr'>κατά</span> 
     </span>
    </p>
   </div>
   <div class='ocr_carea' id='block_1_79' title="bbox 1991 1233 3574 1308">
    <p class='ocr_par' dir='ltr' id='par_1_79' title="bbox 1991 1233 3574 1308">
     <span class='ocr_line' id='line_1_79' title="bbox 1991 1233 3574 1308; baseline -0.003 -17"><span class='ocrx_word' id='word_1_605' title='bbox 1991 1239 2190 1308; x_wconf 82' lang='grc' dir='ltr'>σάρκα,</span> <span class='ocrx_word' id='word_1_606' title='bbox 2230 1239 2312 1292; x_wconf 82' lang='grc' dir='ltr'>ὅτι</span> <span class='ocrx_word' id='word_1_607' title='bbox 2337 1238 2511 1308; x_wconf 79' lang='grc' dir='ltr'>ἐτάφη</span> <span class='ocrx_word' id='word_1_608' title='bbox 2533 1257 2546 1269; x_wconf 77' lang='grc'><em>’</em></span> <span class='ocrx_word' id='word_1_609' title='bbox 2579 1238 2721 1302; x_wconf 86' lang='grc' dir='ltr'>τίνος</span> <span class='ocrx_word' id='word_1_610' title='bbox 2748 1234 2841 1291; x_wconf 77' lang='grc' dir='ltr'>οὖν</span> <span class='ocrx_word' id='word_1_611' title='bbox 2878 1239 3063 1292; x_wconf 84' lang='grc' dir='ltr'>ἐνεκεν</span> <span class='ocrx_word' id='word_1_612' title='bbox 3087 1237 3183 1290; x_wconf 78' lang='grc' dir='ltr'>καὶ</span> <span class='ocrx_word' id='word_1_613' title='bbox 3206 1237 3304 1294; x_wconf 72' lang='grc' dir='ltr'>τὰς</span> <span class='ocrx_word' id='word_1_614' title='bbox 3343 1233 3574 1307; x_wconf 82' lang='grc' dir='ltr'>Πράξεις</span> 
     </span>
    </p>
   </div>
   <div class='ocr_carea' id='block_1_80' title="bbox 1987 1317 3575 1392">
    <p class='ocr_par' dir='ltr' id='par_1_80' title="bbox 1987 1317 3575 1392">
     <span class='ocr_line' id='line_1_80' title="bbox 1987 1317 3575 1392; baseline -0.002 -19"><span class='ocrx_word' id='word_1_615' title='bbox 1987 1322 2096 1374; x_wconf 87' lang='grc' dir='ltr'>τῶν</span> <span class='ocrx_word' id='word_1_616' title='bbox 2123 1322 2435 1376; x_wconf 84' lang='grc' dir='ltr'>ἀποστόλων</span> <span class='ocrx_word' id='word_1_617' title='bbox 2472 1323 2533 1375; x_wconf 90' lang='lat' dir='ltr'><em>o6</em></span> <span class='ocrx_word' id='word_1_618' title='bbox 2583 1321 2722 1392; x_wconf 83' lang='grc' dir='ltr'>μετά</span> <span class='ocrx_word' id='word_1_619' title='bbox 2764 1322 2866 1392; x_wconf 77' lang='grc' dir='ltr'>τὴν</span> <span class='ocrx_word' id='word_1_620' title='bbox 2897 1320 3278 1392; x_wconf 80' lang='grc' dir='ltr'>Πεντηκοστὴν</span> <span class='ocrx_word' id='word_1_621' title='bbox 3311 1317 3575 1387; x_wconf 88' lang='grc' dir='ltr'>ἀναγινώ-</span> 
     </span>
    </p>
   </div>
   <div class='ocr_carea' id='block_1_81' title="bbox 1992 1403 3577 1477">
    <p class='ocr_par' dir='ltr' id='par_1_81' title="bbox 1992 1403 3577 1477">
     <span class='ocr_line' id='line_1_81' title="bbox 1992 1403 3577 1477; baseline -0.003 -19"><span class='ocrx_word' id='word_1_622' title='bbox 1992 1423 2193 1473; x_wconf 88' lang='grc' dir='ltr'>σκομεν</span> <span class='ocrx_word' id='word_1_623' title='bbox 2216 1449 2230 1470; x_wconf 93' lang='grc'>,</span> <span class='ocrx_word' id='word_1_624' title='bbox 2259 1407 2346 1458; x_wconf 79' lang='grc' dir='ltr'>ὅτε</span> <span class='ocrx_word' id='word_1_625' title='bbox 2393 1406 2488 1459; x_wconf 69' lang='grc' dir='ltr'>καὶ</span> <span class='ocrx_word' id='word_1_626' title='bbox 2534 1406 2784 1474; x_wconf 83' lang='grc' dir='ltr'>ἐγένοντο</span> <span class='ocrx_word' id='word_1_627' title='bbox 2805 1445 2819 1466; x_wconf 85' lang='grc'>,</span> <span class='ocrx_word' id='word_1_628' title='bbox 2860 1407 2954 1459; x_wconf 72' lang='grc' dir='ltr'>καὶ</span> <span class='ocrx_word' id='word_1_629' title='bbox 3001 1405 3174 1477; x_wconf 84' lang='grc' dir='ltr'>ἀρχὴν</span> <span class='ocrx_word' id='word_1_630' title='bbox 3208 1403 3433 1465; x_wconf 76' lang='grc' dir='ltr'>ἓλαϐονς</span> <span class='ocrx_word' id='word_1_631' title='bbox 3467 1403 3577 1456; x_wconf 81' lang='lat' dir='ltr'><em>K6&quot;.</em></span> 
     </span>
    </p>
   </div>
   <div class='ocr_carea' id='block_1_82' title="bbox 1990 1483 3576 1560">
    <p class='ocr_par' dir='ltr' id='par_1_82' title="bbox 1990 1483 3576 1560">
     <span class='ocr_line' id='line_1_82' title="bbox 1990 1483 3576 1560; baseline -0.004 -18"><span class='ocrx_word' id='word_1_632' title='bbox 1990 1484 2107 1542; x_wconf 82' lang='grc' dir='ltr'>οἶδα</span> <span class='ocrx_word' id='word_1_633' title='bbox 2135 1491 2232 1560; x_wconf 82' lang='grc' dir='ltr'>μὲν</span> <span class='ocrx_word' id='word_1_634' title='bbox 2262 1491 2343 1542; x_wconf 85' lang='grc' dir='ltr'>ότι</span> <span class='ocrx_word' id='word_1_635' title='bbox 2371 1491 2554 1542; x_wconf 77' lang='grc' dir='ltr'>πολλοὶ</span> <span class='ocrx_word' id='word_1_636' title='bbox 2583 1489 2743 1542; x_wconf 90' lang='grc' dir='ltr'>τοῦτο</span> <span class='ocrx_word' id='word_1_637' title='bbox 2786 1487 3040 1557; x_wconf 89' lang='grc' dir='ltr'>ἀγνοοῦσι</span> <span class='ocrx_word' id='word_1_638' title='bbox 3065 1504 3078 1518; x_wconf 75' lang='grc'><strong><em>⁸</em></strong></span> <span class='ocrx_word' id='word_1_639' title='bbox 3105 1488 3293 1559; x_wconf 87' lang='grc' dir='ltr'>διόπερ</span> <span class='ocrx_word' id='word_1_640' title='bbox 3326 1485 3432 1539; x_wconf 82' lang='grc' dir='ltr'>ἀπὸ</span> <span class='ocrx_word' id='word_1_641' title='bbox 3481 1483 3576 1538; x_wconf 88' lang='grc' dir='ltr'>τοῦ</span> 
     </span>
    </p>
   </div>
   <div class='ocr_carea' id='block_1_83' title="bbox 1994 1570 3577 1643">
    <p class='ocr_par' dir='ltr' id='par_1_83' title="bbox 1994 1570 3577 1643">
     <span class='ocr_line' id='line_1_83' title="bbox 1994 1570 3577 1643; baseline -0.003 -18"><span class='ocrx_word' id='word_1_642' title='bbox 1994 1572 2199 1642; x_wconf 81' lang='grc' dir='ltr'>βιϐλίου</span> <span class='ocrx_word' id='word_1_643' title='bbox 2249 1574 2356 1626; x_wconf 81' lang='grc' dir='ltr'>τῶν</span> <span class='ocrx_word' id='word_1_644' title='bbox 2386 1573 2643 1643; x_wconf 77' lang='grc' dir='ltr'>Πράξεων</span> <span class='ocrx_word' id='word_1_645' title='bbox 2681 1573 2812 1626; x_wconf 89' lang='lat'><em>6616</em></span> <span class='ocrx_word' id='word_1_646' title='bbox 2854 1570 3230 1625; x_wconf 88' lang='grc' dir='ltr'>πιστώσασθαι</span> <span class='ocrx_word' id='word_1_647' title='bbox 3257 1571 3577 1638; x_wconf 86' lang='grc' dir='ltr'>ἀναγκαῖον,</span> 
     </span>
    </p>
   </div>
   <div class='ocr_carea' id='block_1_84' title="bbox 1992 1655 3579 1729">
    <p class='ocr_par' dir='ltr' id='par_1_84' title="bbox 1992 1655 3579 1729">
     <span class='ocr_line' id='line_1_84' title="bbox 1992 1655 3579 1729; baseline -0.003 -19"><span class='ocrx_word' id='word_1_648' title='bbox 1992 1659 2080 1710; x_wconf 84' lang='grc' dir='ltr'>ἵνα</span> <span class='ocrx_word' id='word_1_649' title='bbox 2107 1658 2312 1729; x_wconf 76' lang='grc' dir='ltr'>μάθητε</span> <span class='ocrx_word' id='word_1_650' title='bbox 2333 1699 2347 1718; x_wconf 91' lang='grc'>,</span> <span class='ocrx_word' id='word_1_651' title='bbox 2382 1659 2463 1710; x_wconf 81' lang='grc' dir='ltr'>ὅτι</span> <span class='ocrx_word' id='word_1_652' title='bbox 2508 1658 2606 1727; x_wconf 85' lang='grc' dir='ltr'>τὴν</span> <span class='ocrx_word' id='word_1_653' title='bbox 2653 1659 2827 1727; x_wconf 73' lang='grc' dir='ltr'>ἀρχὴν</span> <span class='ocrx_word' id='word_1_654' title='bbox 2864 1655 2970 1708; x_wconf 88' lang='grc' dir='ltr'>τῶν</span> <span class='ocrx_word' id='word_1_655' title='bbox 3004 1656 3266 1727; x_wconf 82' lang='grc' dir='ltr'>Πράξεων</span> <span class='ocrx_word' id='word_1_656' title='bbox 3307 1655 3415 1709; x_wconf 89' lang='grc' dir='ltr'>τῶν</span> <span class='ocrx_word' id='word_1_657' title='bbox 3441 1657 3579 1709; x_wconf 85' lang='grc' dir='ltr'>ἀπο-</span> 
     </span>
    </p>
   </div>
   <div class='ocr_carea' id='block_1_85' title="bbox 1994 1736 3582 1810">
    <p class='ocr_par' dir='ltr' id='par_1_85' title="bbox 1994 1736 3582 1810">
     <span class='ocr_line' id='line_1_85' title="bbox 1994 1736 3582 1810; baseline -0.004 -16"><span class='ocrx_word' id='word_1_658' title='bbox 1994 1740 2256 1794; x_wconf 84' lang='grc' dir='ltr'>στολικῶν</span> <span class='ocrx_word' id='word_1_659' title='bbox 2305 1743 2402 1810; x_wconf 72' lang='grc' dir='ltr'>οὐχ</span> <span class='ocrx_word' id='word_1_660' title='bbox 2446 1742 2480 1810; x_wconf 85' lang='grc' dir='ltr'>ή</span> <span class='ocrx_word' id='word_1_661' title='bbox 2532 1740 2877 1810; x_wconf 81' lang='grc' dir='ltr'>Πεντηκοστὴ</span> <span class='ocrx_word' id='word_1_662' title='bbox 2913 1739 3025 1808; x_wconf 78' lang='grc' dir='ltr'>ἔχει</span> <span class='ocrx_word' id='word_1_663' title='bbox 3052 1777 3068 1800; x_wconf 87' lang='grc'>,</span> <span class='ocrx_word' id='word_1_664' title='bbox 3099 1738 3215 1792; x_wconf 87' lang='grc' dir='ltr'>ἀλλ’</span> <span class='ocrx_word' id='word_1_665' title='bbox 3261 1739 3290 1790; x_wconf 90' lang='lat'>6</span> <span class='ocrx_word' id='word_1_666' title='bbox 3337 1736 3525 1809; x_wconf 78' lang='grc' dir='ltr'>καιρὸς</span> <span class='ocrx_word' id='word_1_667' title='bbox 3550 1736 3582 1787; x_wconf 86' lang='lat'>6</span> 
     </span>
    </p>
   </div>
   <div class='ocr_carea' id='block_1_86' title="bbox 1996 1820 3585 1895">
    <p class='ocr_par' dir='ltr' id='par_1_86' title="bbox 1996 1820 3585 1895">
     <span class='ocr_line' id='line_1_86' title="bbox 1996 1820 3585 1895; baseline -0.002 -19"><span class='ocrx_word' id='word_1_668' title='bbox 1996 1823 2135 1893; x_wconf 82' lang='grc' dir='ltr'>μετὰ</span> <span class='ocrx_word' id='word_1_669' title='bbox 2171 1824 2269 1895; x_wconf 75' lang='grc' dir='ltr'>τὴν</span> <span class='ocrx_word' id='word_1_670' title='bbox 2311 1825 2712 1894; x_wconf 83' lang='grc' dir='ltr'>Πεντηκοστήν.</span> <span class='ocrx_word' id='word_1_671' title='bbox 2747 1822 2837 1874; x_wconf 76' lang='grc' dir='ltr'>Διὸ</span> <span class='ocrx_word' id='word_1_672' title='bbox 2869 1823 2964 1876; x_wconf 74' lang='grc' dir='ltr'>καὶ</span> <span class='ocrx_word' id='word_1_673' title='bbox 2993 1822 3219 1884; x_wconf 86' lang='grc' dir='ltr'>δικαίως</span> <span class='ocrx_word' id='word_1_674' title='bbox 3270 1821 3336 1875; x_wconf 80' lang='grc' dir='ltr'>ἄν</span> <span class='ocrx_word' id='word_1_675' title='bbox 3377 1838 3460 1883; x_wconf 87' lang='grc' dir='ltr'>τις</span> <span class='ocrx_word' id='word_1_676' title='bbox 3486 1820 3585 1887; x_wconf 79' lang='grc' dir='ltr'>ζη-</span> 
     </span>
    </p>
   </div>
   <div class='ocr_carea' id='block_1_87' title="bbox 1991 1902 3584 1978">
    <p class='ocr_par' dir='ltr' id='par_1_87' title="bbox 1991 1902 3584 1978">
     <span class='ocr_line' id='line_1_87' title="bbox 1991 1902 3584 1978; baseline -0.003 -19"><span class='ocrx_word' id='word_1_677' title='bbox 1991 1909 2195 1978; x_wconf 85' lang='grc' dir='ltr'>τήσειε,</span> <span class='ocrx_word' id='word_1_678' title='bbox 2227 1907 2279 1960; x_wconf 91' lang='grc' dir='ltr'>τί</span> <span class='ocrx_word' id='word_1_679' title='bbox 2310 1907 2511 1978; x_wconf 87' lang='grc' dir='ltr'>δήποτε</span> <span class='ocrx_word' id='word_1_680' title='bbox 2541 1906 2629 1958; x_wconf 70' lang='grc' dir='ltr'>τὸν</span> <span class='ocrx_word' id='word_1_681' title='bbox 2666 1907 2762 1976; x_wconf 80' lang='grc' dir='ltr'>μὲν</span> <span class='ocrx_word' id='word_1_682' title='bbox 2795 1906 3030 1977; x_wconf 79' lang='grc' dir='ltr'>σταυρὸν</span> <span class='ocrx_word' id='word_1_683' title='bbox 3075 1908 3132 1958; x_wconf 90' lang='grc' dir='ltr'>ἐν</span> <span class='ocrx_word' id='word_1_684' title='bbox 3161 1907 3228 1974; x_wconf 83' lang='grc' dir='ltr'>τῇ</span> <span class='ocrx_word' id='word_1_685' title='bbox 3262 1903 3446 1975; x_wconf 82' lang='grc' dir='ltr'>ἡμέρᾳ</span> <span class='ocrx_word' id='word_1_686' title='bbox 3487 1902 3584 1956; x_wconf 89' lang='grc' dir='ltr'>τοῦ</span> 
     </span>
    </p>
   </div>
   <div class='ocr_carea' id='block_1_88' title="bbox 1995 1986 3586 2063">
    <p class='ocr_par' dir='ltr' id='par_1_88' title="bbox 1995 1986 3586 2063">
     <span class='ocr_line' id='line_1_88' title="bbox 1995 1986 3586 2063; baseline -0.004 -18"><span class='ocrx_word' id='word_1_687' title='bbox 1995 1990 2230 2063; x_wconf 90' lang='grc' dir='ltr'>σταυροῦ</span> <span class='ocrx_word' id='word_1_688' title='bbox 2264 1992 2359 2045; x_wconf 69' lang='grc' dir='ltr'>καὶ</span> <span class='ocrx_word' id='word_1_689' title='bbox 2390 1991 2485 2045; x_wconf 90' lang='grc' dir='ltr'>τοῦ</span> <span class='ocrx_word' id='word_1_690' title='bbox 2544 1991 2750 2052; x_wconf 83' lang='grc' dir='ltr'>πάθους</span> <span class='ocrx_word' id='word_1_691' title='bbox 2777 1989 3174 2058; x_wconf 87' lang='grc' dir='ltr'>ἀναγινώσκειν</span> <span class='ocrx_word' id='word_1_692' title='bbox 3227 1986 3586 2059; x_wconf 81' lang='grc' dir='ltr'>νενομοθέτη-</span> 
     </span>
    </p>
   </div>
   <div class='ocr_carea' id='block_1_89' title="bbox 1993 2071 3587 2145">
    <p class='ocr_par' dir='ltr' id='par_1_89' title="bbox 1993 2071 3587 2145">
     <span class='ocr_line' id='line_1_89' title="bbox 1993 2071 3587 2145; baseline -0.005 -17"><span class='ocrx_word' id='word_1_693' title='bbox 1993 2091 2114 2130; x_wconf 89' lang='grc' dir='ltr'>ται·</span> <span class='ocrx_word' id='word_1_694' title='bbox 2170 2075 2268 2139; x_wconf 82' lang='grc' dir='ltr'>τάς</span> <span class='ocrx_word' id='word_1_695' title='bbox 2311 2075 2368 2127; x_wconf 84' lang='grc' dir='ltr'>δέ</span> <span class='ocrx_word' id='word_1_696' title='bbox 2396 2074 2632 2145; x_wconf 80' lang='grc' dir='ltr'>Πράξεις</span> <span class='ocrx_word' id='word_1_697' title='bbox 2681 2074 2780 2135; x_wconf 81' lang='lat'>16;</span> <span class='ocrx_word' id='word_1_698' title='bbox 2819 2072 3185 2135; x_wconf 87' lang='grc' dir='ltr'>ἀποστολικάς</span> <span class='ocrx_word' id='word_1_699' title='bbox 3239 2072 3340 2124; x_wconf 84' lang='grc' dir='ltr'>οὐκ</span> <span class='ocrx_word' id='word_1_700' title='bbox 3395 2071 3587 2130; x_wconf 80' lang='grc' dir='ltr'>αὑταῖς</span> 
     </span>
    </p>
   </div>
   <div class='ocr_carea' id='block_1_90' title="bbox 1993 2148 3586 2231">
    <p class='ocr_par' dir='ltr' id='par_1_90' title="bbox 1993 2148 3586 2231">
     <span class='ocr_line' id='line_1_90' title="bbox 1993 2148 3586 2231; baseline -0.004 -19"><span class='ocrx_word' id='word_1_701' title='bbox 1993 2163 2111 2224; x_wconf 89' lang='grc' dir='ltr'>ταῖς</span> <span class='ocrx_word' id='word_1_702' title='bbox 2143 2159 2380 2231; x_wconf 80' lang='grc' dir='ltr'>ἡμέραις</span> <span class='ocrx_word' id='word_1_703' title='bbox 2427 2157 2916 2226; x_wconf 85' lang='grc' dir='ltr'>ἀναγινώσκομεν,</span> <span class='ocrx_word' id='word_1_704' title='bbox 2967 2155 3086 2208; x_wconf 79' lang='grc' dir='ltr'>οὐδὲ</span> <span class='ocrx_word' id='word_1_705' title='bbox 3115 2153 3194 2225; x_wconf 81' lang='grc' dir='ltr'>τῷ</span> <span class='ocrx_word' id='word_1_706' title='bbox 3231 2153 3410 2224; x_wconf 83' lang='grc' dir='ltr'>καιρῷ</span> <span class='ocrx_word' id='word_1_707' title='bbox 3462 2148 3586 2206; x_wconf 80' lang='grc' dir='ltr'>καθ’</span> 
     </span>
    </p>
   </div>
   <div class='ocr_carea' id='block_1_91' title="bbox 1994 2235 3588 2315">
    <p class='ocr_par' dir='ltr' id='par_1_91' title="bbox 1994 2235 3588 2315">
     <span class='ocr_line' id='line_1_91' title="bbox 1994 2235 3588 2315; baseline -0.007 -19"><span class='ocrx_word' id='word_1_708' title='bbox 1994 2244 2052 2296; x_wconf 81' lang='grc' dir='ltr'>όν</span> <span class='ocrx_word' id='word_1_709' title='bbox 2084 2244 2460 2315; x_wconf 87' lang='grc' dir='ltr'>ἐπράχθησαν,</span> <span class='ocrx_word' id='word_1_710' title='bbox 2489 2240 2626 2295; x_wconf 89' lang='grc' dir='ltr'>ἀλλά</span> <span class='ocrx_word' id='word_1_711' title='bbox 2653 2239 3037 2312; x_wconf 81' lang='grc' dir='ltr'>προφθάνομεν</span> <span class='ocrx_word' id='word_1_712' title='bbox 3058 2245 3150 2292; x_wconf 83' lang='grc' dir='ltr'>τὸν</span> <span class='ocrx_word' id='word_1_713' title='bbox 3193 2238 3406 2308; x_wconf 89' lang='grc' dir='ltr'>καιρόν.</span> <span class='ocrx_word' id='word_1_714' title='bbox 3451 2235 3588 2288; x_wconf 81' lang='grc' dir='ltr'>Οὕδέ</span> 
     </span>
    </p>
   </div>
   <div class='ocr_carea' id='block_1_92' title="bbox 1995 2318 3590 2401">
    <p class='ocr_par' dir='ltr' id='par_1_92' title="bbox 1995 2318 3590 2401">
     <span class='ocr_line' id='line_1_92' title="bbox 1995 2318 3590 2401; baseline -0.009 -19"><span class='ocrx_word' id='word_1_715' title='bbox 1995 2328 2104 2401; x_wconf 84' lang='grc' dir='ltr'>γὰρ</span> <span class='ocrx_word' id='word_1_716' title='bbox 2135 2328 2338 2392; x_wconf 86' lang='grc' dir='ltr'>εὐθέως</span> <span class='ocrx_word' id='word_1_717' title='bbox 2369 2328 2459 2380; x_wconf 85' lang='grc' dir='ltr'>ὅτε</span> <span class='ocrx_word' id='word_1_718' title='bbox 2481 2325 2679 2396; x_wconf 87' lang='grc' dir='ltr'>ἀνέστη</span> <span class='ocrx_word' id='word_1_719' title='bbox 2705 2325 2942 2395; x_wconf 77' lang='grc' dir='ltr'>Χριστὸς</span> <span class='ocrx_word' id='word_1_720' title='bbox 2962 2363 2977 2384; x_wconf 94' lang='grc'>,</span> <span class='ocrx_word' id='word_1_721' title='bbox 3007 2321 3264 2394; x_wconf 89' lang='grc' dir='ltr'>θαύματα</span> <span class='ocrx_word' id='word_1_722' title='bbox 3294 2319 3510 2373; x_wconf 84' lang='grc' dir='ltr'>ἐποίουν</span> <span class='ocrx_word' id='word_1_723' title='bbox 3537 2318 3590 2370; x_wconf 74' lang='grc' dir='ltr'>οἱ</span> 
     </span>
    </p>
   </div>
   <div class='ocr_carea' id='block_1_93' title="bbox 1997 2405 3591 2480">
    <p class='ocr_par' dir='ltr' id='par_1_93' title="bbox 1997 2405 3591 2480">
     <span class='ocr_line' id='line_1_93' title="bbox 1997 2405 3591 2480; baseline -0.008 -13"><span class='ocrx_word' id='word_1_724' title='bbox 1997 2412 2283 2467; x_wconf 87' lang='grc' dir='ltr'>ἀπόστολοι</span> <span class='ocrx_word' id='word_1_725' title='bbox 2308 2451 2324 2474; x_wconf 98' lang='grc'>,</span> <span class='ocrx_word' id='word_1_726' title='bbox 2351 2411 2487 2465; x_wconf 83' lang='grc' dir='ltr'>ἀλλά</span> <span class='ocrx_word' id='word_1_727' title='bbox 2519 2409 2928 2480; x_wconf 87' lang='grc' dir='ltr'>τεσσαράκοντα</span> <span class='ocrx_word' id='word_1_728' title='bbox 2965 2407 3178 2478; x_wconf 80' lang='grc' dir='ltr'>ἡμέρας</span> <span class='ocrx_word' id='word_1_729' title='bbox 3229 2405 3416 2466; x_wconf 80' lang='grc' dir='ltr'>αὐτοῖς</span> <span class='ocrx_word' id='word_1_730' title='bbox 3461 2419 3591 2457; x_wconf 85' lang='grc' dir='ltr'>συν-</span> 
     </span>
    </p>
   </div>
   <div class='ocr_carea' id='block_1_94' title="bbox 1996 2487 3591 2566">
    <p class='ocr_par' dir='ltr' id='par_1_94' title="bbox 1996 2487 3591 2566">
     <span class='ocr_line' id='line_1_94' title="bbox 1996 2487 3591 2566; baseline -0.006 -17"><span class='ocrx_word' id='word_1_731' title='bbox 1996 2497 2212 2566; x_wconf 77' lang='grc' dir='ltr'>ηλίζετο</span> <span class='ocrx_word' id='word_1_732' title='bbox 2241 2506 2264 2534; x_wconf 75' lang='grc' dir='ltr'><strong>ο</strong></span> <span class='ocrx_word' id='word_1_733' title='bbox 2306 2497 2398 2549; x_wconf 78' lang='grc' dir='ltr'>ἐπὶ</span> <span class='ocrx_word' id='word_1_734' title='bbox 2421 2495 2523 2564; x_wconf 88' lang='grc' dir='ltr'>τῆς</span> <span class='ocrx_word' id='word_1_735' title='bbox 2550 2493 2674 2563; x_wconf 87' lang='grc' dir='ltr'>γῆς.</span> <span class='ocrx_word' id='word_1_736' title='bbox 2708 2493 2863 2554; x_wconf 90' lang='grc' dir='ltr'>Τίνος</span> <span class='ocrx_word' id='word_1_737' title='bbox 2888 2491 2945 2544; x_wconf 84' lang='grc' dir='ltr'>δέ</span> <span class='ocrx_word' id='word_1_738' title='bbox 2969 2491 3155 2543; x_wconf 75' lang='grc' dir='ltr'>ἕνεκεν</span> <span class='ocrx_word' id='word_1_739' title='bbox 3177 2487 3275 2551; x_wconf 81' lang='grc' dir='ltr'>τὰς</span> <span class='ocrx_word' id='word_1_740' title='bbox 3321 2487 3591 2556; x_wconf 85' lang='grc' dir='ltr'>τεσσαρά-</span> 
     </span>
    </p>
   </div>
   <div class='ocr_carea' id='block_1_95' title="bbox 2000 2570 3592 2650">
    <p class='ocr_par' dir='ltr' id='par_1_95' title="bbox 2000 2570 3592 2650">
     <span class='ocr_line' id='line_1_95' title="bbox 2000 2570 3592 2650; baseline -0.008 -17"><span class='ocrx_word' id='word_1_741' title='bbox 2000 2598 2164 2634; x_wconf 85' lang='grc' dir='ltr'>κοντα</span> <span class='ocrx_word' id='word_1_742' title='bbox 2212 2579 2426 2650; x_wconf 83' lang='grc' dir='ltr'>ἡμέρας</span> <span class='ocrx_word' id='word_1_743' title='bbox 2483 2579 2667 2640; x_wconf 77' lang='grc' dir='ltr'>αὐτοῖς</span> <span class='ocrx_word' id='word_1_744' title='bbox 2722 2574 3038 2642; x_wconf 86' lang='grc' dir='ltr'>συνεγένετο</span> <span class='ocrx_word' id='word_1_745' title='bbox 3083 2573 3177 2625; x_wconf 79' lang='grc' dir='ltr'>ἐπὶ</span> <span class='ocrx_word' id='word_1_746' title='bbox 3226 2574 3324 2642; x_wconf 83' lang='grc' dir='ltr'>τῆς</span> <span class='ocrx_word' id='word_1_747' title='bbox 3360 2571 3497 2640; x_wconf 88' lang='grc' dir='ltr'>γῆς,</span> <span class='ocrx_word' id='word_1_748' title='bbox 3533 2570 3592 2620; x_wconf 89' lang='grc' dir='ltr'>ἐν</span> 
     </span>
    </p>
   </div>
   <div class='ocr_carea' id='block_1_96' title="bbox 2001 2654 3593 2735">
    <p class='ocr_par' dir='ltr' id='par_1_96' title="bbox 2001 2654 3593 2735">
     <span class='ocr_line' id='line_1_96' title="bbox 2001 2654 3593 2735; baseline -0.008 -17"><span class='ocrx_word' id='word_1_749' title='bbox 2001 2665 2171 2735; x_wconf 80' lang='grc' dir='ltr'>ἑτέρῳ</span> <span class='ocrx_word' id='word_1_750' title='bbox 2191 2662 2368 2735; x_wconf 88' lang='grc' dir='ltr'>καιρῷ</span> <span class='ocrx_word' id='word_1_751' title='bbox 2387 2660 2726 2733; x_wconf 80' lang='grc' dir='ltr'>δηλώσομενο</span> <span class='ocrx_word' id='word_1_752' title='bbox 2761 2659 2899 2722; x_wconf 87' lang='grc' dir='ltr'>τέως</span> <span class='ocrx_word' id='word_1_753' title='bbox 2934 2658 2991 2710; x_wconf 85' lang='grc' dir='ltr'>δέ</span> <span class='ocrx_word' id='word_1_754' title='bbox 3018 2658 3110 2709; x_wconf 78' lang='grc' dir='ltr'>ἐπὶ</span> <span class='ocrx_word' id='word_1_755' title='bbox 3140 2656 3200 2708; x_wconf 88' lang='grc' dir='ltr'>τὸ</span> <span class='ocrx_word' id='word_1_756' title='bbox 3232 2654 3593 2726; x_wconf 83' lang='grc' dir='ltr'>προκείμενον</span> 
     </span>
    </p>
   </div>
   <div class='ocr_carea' id='block_1_97' title="bbox 2004 2737 3593 2820">
    <p class='ocr_par' dir='ltr' id='par_1_97' title="bbox 2004 2737 3593 2820">
     <span class='ocr_line' id='line_1_97' title="bbox 2004 2737 3593 2820; baseline -0.007 -19"><span class='ocrx_word' id='word_1_757' title='bbox 2004 2749 2173 2820; x_wconf 84' lang='grc' dir='ltr'>ἴωμεν</span> <span class='ocrx_word' id='word_1_758' title='bbox 2205 2747 2298 2800; x_wconf 89' lang='grc' dir='ltr'>τοῦ</span> <span class='ocrx_word' id='word_1_759' title='bbox 2336 2747 2494 2815; x_wconf 88' lang='grc' dir='ltr'>λόγου</span> <span class='ocrx_word' id='word_1_760' title='bbox 2523 2785 2537 2808; x_wconf 90' lang='grc'>,</span> <span class='ocrx_word' id='word_1_761' title='bbox 2561 2743 2895 2806; x_wconf 89' lang='grc' dir='ltr'>δεικνύντες,</span> <span class='ocrx_word' id='word_1_762' title='bbox 2922 2743 3004 2795; x_wconf 80' lang='grc' dir='ltr'>ὅτι</span> <span class='ocrx_word' id='word_1_763' title='bbox 3029 2743 3130 2794; x_wconf 82' lang='grc' dir='ltr'>οὐκ</span> <span class='ocrx_word' id='word_1_764' title='bbox 3161 2739 3364 2804; x_wconf 77' lang='grc' dir='ltr'>εὐθέως</span> <span class='ocrx_word' id='word_1_765' title='bbox 3394 2741 3472 2802; x_wconf 90' lang='grc' dir='ltr'>εἰς</span> <span class='ocrx_word' id='word_1_766' title='bbox 3500 2737 3593 2791; x_wconf 81' lang='grc' dir='ltr'>τὸν</span> 
     </span>
    </p>
   </div>
   <div class='ocr_carea' id='block_1_98' title="bbox 2001 2821 3596 2902">
    <p class='ocr_par' dir='ltr' id='par_1_98' title="bbox 2001 2821 3596 2902">
     <span class='ocr_line' id='line_1_98' title="bbox 2001 2821 3596 2902; baseline -0.006 -17"><span class='ocrx_word' id='word_1_767' title='bbox 2001 2831 2230 2902; x_wconf 78' lang='grc' dir='ltr'>οὐρανὸν</span> <span class='ocrx_word' id='word_1_768' title='bbox 2260 2829 2428 2900; x_wconf 82' lang='grc' dir='ltr'>ἀνέϐη</span> <span class='ocrx_word' id='word_1_769' title='bbox 2463 2828 2602 2900; x_wconf 86' lang='grc' dir='ltr'>μετὰ</span> <span class='ocrx_word' id='word_1_770' title='bbox 2629 2828 2730 2898; x_wconf 83' lang='grc' dir='ltr'>τὴν</span> <span class='ocrx_word' id='word_1_771' title='bbox 2766 2826 3062 2880; x_wconf 88' lang='grc' dir='ltr'>ἀνάστασιν</span> <span class='ocrx_word' id='word_1_772' title='bbox 3096 2827 3124 2877; x_wconf 91' lang='lat'>6</span> <span class='ocrx_word' id='word_1_773' title='bbox 3155 2822 3387 2893; x_wconf 80' lang='grc' dir='ltr'>Χριστὸς</span> <span class='ocrx_word' id='word_1_774' title='bbox 3410 2863 3426 2885; x_wconf 89' lang='grc'>,</span> <span class='ocrx_word' id='word_1_775' title='bbox 3459 2821 3596 2875; x_wconf 85' lang='grc' dir='ltr'>ἀλλά</span> 
     </span>
    </p>
   </div>
   <div class='ocr_carea' id='block_1_99' title="bbox 2002 2905 3596 2986">
    <p class='ocr_par' dir='ltr' id='par_1_99' title="bbox 2002 2905 3596 2986">
     <span class='ocr_line' id='line_1_99' title="bbox 2002 2905 3596 2986; baseline -0.008 -17"><span class='ocrx_word' id='word_1_776' title='bbox 2002 2915 2406 2986; x_wconf 85' lang='grc' dir='ltr'>τεσσαράκοντα</span> <span class='ocrx_word' id='word_1_777' title='bbox 2427 2913 2642 2984; x_wconf 86' lang='grc' dir='ltr'>ἡμέρας</span> <span class='ocrx_word' id='word_1_778' title='bbox 2671 2913 2764 2964; x_wconf 73' lang='grc' dir='ltr'>ἐπὶ</span> <span class='ocrx_word' id='word_1_779' title='bbox 2787 2911 2889 2980; x_wconf 88' lang='grc' dir='ltr'>τῆς</span> <span class='ocrx_word' id='word_1_780' title='bbox 2917 2909 3022 2980; x_wconf 89' lang='grc' dir='ltr'>γῆς</span> <span class='ocrx_word' id='word_1_781' title='bbox 3049 2907 3292 2978; x_wconf 79' lang='grc' dir='ltr'>διέτριψε</span> <span class='ocrx_word' id='word_1_782' title='bbox 3320 2905 3457 2976; x_wconf 88' lang='grc' dir='ltr'>μετά</span> <span class='ocrx_word' id='word_1_783' title='bbox 3485 2905 3596 2958; x_wconf 82' lang='grc' dir='ltr'>τῶν</span> 
     </span>
    </p>
   </div>
   <div class='ocr_carea' id='block_1_100' title="bbox 2007 2990 3596 3072">
    <p class='ocr_par' dir='ltr' id='par_1_100' title="bbox 2007 2990 3596 3072">
     <span class='ocr_line' id='line_1_100' title="bbox 2007 2990 3596 3072; baseline -0.007 -19"><span class='ocrx_word' id='word_1_784' title='bbox 2007 2998 2294 3072; x_wconf 86' lang='grc' dir='ltr'>μαθητῶν,</span> <span class='ocrx_word' id='word_1_785' title='bbox 2347 2997 2444 3052; x_wconf 71' lang='grc' dir='ltr'>καὶ</span> <span class='ocrx_word' id='word_1_786' title='bbox 2468 2998 2566 3067; x_wconf 80' lang='grc' dir='ltr'>οὐχ</span> <span class='ocrx_word' id='word_1_787' title='bbox 2592 2995 2781 3058; x_wconf 84' lang='grc' dir='ltr'>ἁπλῶς</span> <span class='ocrx_word' id='word_1_788' title='bbox 2818 2991 3114 3065; x_wconf 87' lang='grc' dir='ltr'>διέτριψεν,</span> <span class='ocrx_word' id='word_1_789' title='bbox 3148 2991 3284 3046; x_wconf 89' lang='grc' dir='ltr'>ἀλλά</span> <span class='ocrx_word' id='word_1_790' title='bbox 3319 2990 3413 3044; x_wconf 75' lang='grc' dir='ltr'>καὶ</span> <span class='ocrx_word' id='word_1_791' title='bbox 3468 3007 3596 3043; x_wconf 85' lang='grc' dir='ltr'>συν-</span> 
     </span>
    </p>
   </div>
   <div class='ocr_carea' id='block_1_101' title="bbox 2009 3073 3596 3152">
    <p class='ocr_par' dir='ltr' id='par_1_101' title="bbox 2009 3073 3596 3152">
     <span class='ocr_line' id='line_1_101' title="bbox 2009 3073 3596 3152; baseline -0.006 -16"><span class='ocrx_word' id='word_1_792' title='bbox 2009 3083 2354 3152; x_wconf 81' lang='grc' dir='ltr'>αλιζόμενος,</span> <span class='ocrx_word' id='word_1_793' title='bbox 2377 3081 2474 3134; x_wconf 75' lang='grc' dir='ltr'>καὶ</span> <span class='ocrx_word' id='word_1_794' title='bbox 2503 3079 2784 3152; x_wconf 78' lang='grc' dir='ltr'>τραπέζης</span> <span class='ocrx_word' id='word_1_795' title='bbox 2815 3075 3086 3131; x_wconf 89' lang='grc' dir='ltr'>κοινωνῶν</span> <span class='ocrx_word' id='word_1_796' title='bbox 3104 3115 3120 3140; x_wconf 88' lang='grc'>,</span> <span class='ocrx_word' id='word_1_797' title='bbox 3149 3075 3243 3128; x_wconf 77' lang='grc' dir='ltr'>καὶ</span> <span class='ocrx_word' id='word_1_798' title='bbox 3265 3073 3482 3145; x_wconf 85' lang='grc' dir='ltr'>ὁμιλίας</span> <span class='ocrx_word' id='word_1_799' title='bbox 3510 3091 3596 3144; x_wconf 87' lang='grc' dir='ltr'>με-</span> 
     </span>
    </p>
   </div>
   <div class='ocr_carea' id='block_1_102' title="bbox 2005 3157 3597 3236">
    <p class='ocr_par' dir='ltr' id='par_1_102' title="bbox 2005 3157 3597 3236">
     <span class='ocr_line' id='line_1_102' title="bbox 2005 3157 3597 3236; baseline -0.006 -16"><span class='ocrx_word' id='word_1_800' title='bbox 2005 3166 2276 3229; x_wconf 76' lang='grc' dir='ltr'>ταδιδοὺς,</span> <span class='ocrx_word' id='word_1_801' title='bbox 2308 3166 2402 3219; x_wconf 76' lang='grc' dir='ltr'>καὶ</span> <span class='ocrx_word' id='word_1_802' title='bbox 2427 3163 2565 3236; x_wconf 86' lang='grc' dir='ltr'>μετά</span> <span class='ocrx_word' id='word_1_803' title='bbox 2585 3163 2684 3227; x_wconf 78' lang='grc' dir='ltr'>τὰς</span> <span class='ocrx_word' id='word_1_804' title='bbox 2713 3161 3122 3232; x_wconf 84' lang='grc' dir='ltr'>τεσσαράκοντα</span> <span class='ocrx_word' id='word_1_805' title='bbox 3151 3158 3367 3231; x_wconf 78' lang='grc' dir='ltr'>ἡμέρας</span> <span class='ocrx_word' id='word_1_806' title='bbox 3397 3157 3597 3229; x_wconf 77' lang='grc' dir='ltr'>ἀνῆλθε</span> 
     </span>
    </p>
   </div>
   <div class='ocr_carea' id='block_1_103' title="bbox 2007 3241 3597 3322">
    <p class='ocr_par' dir='ltr' id='par_1_103' title="bbox 2007 3241 3597 3322">
     <span class='ocr_line' id='line_1_103' title="bbox 2007 3241 3597 3322; baseline -0.006 -20"><span class='ocrx_word' id='word_1_807' title='bbox 2007 3251 2144 3322; x_wconf 86' lang='grc' dir='ltr'>πρὸς</span> <span class='ocrx_word' id='word_1_808' title='bbox 2179 3249 2270 3302; x_wconf 84' lang='grc' dir='ltr'>τὸν</span> <span class='ocrx_word' id='word_1_809' title='bbox 2315 3248 2536 3321; x_wconf 89' lang='grc' dir='ltr'>Πατέρα</span> <span class='ocrx_word' id='word_1_810' title='bbox 2589 3248 2648 3300; x_wconf 90' lang='grc' dir='ltr'>ἐν</span> <span class='ocrx_word' id='word_1_811' title='bbox 2679 3247 2793 3308; x_wconf 88' lang='grc' dir='ltr'>τοῖς</span> <span class='ocrx_word' id='word_1_812' title='bbox 2841 3244 3120 3317; x_wconf 86' lang='grc' dir='ltr'>οὐρανοῖς,</span> <span class='ocrx_word' id='word_1_813' title='bbox 3166 3241 3260 3295; x_wconf 74' lang='grc' dir='ltr'>καὶ</span> <span class='ocrx_word' id='word_1_814' title='bbox 3298 3241 3422 3294; x_wconf 83' lang='grc' dir='ltr'>οὐδέ</span> <span class='ocrx_word' id='word_1_815' title='bbox 3474 3242 3597 3295; x_wconf 85' lang='grc' dir='ltr'>τότε</span> 
     </span>
    </p>
   </div>
   <div class='ocr_carea' id='block_1_104' title="bbox 2009 3327 3598 3404">
    <p class='ocr_par' dir='ltr' id='par_1_104' title="bbox 2009 3327 3598 3404">
     <span class='ocr_line' id='line_1_104' title="bbox 2009 3327 3598 3404; baseline -0.006 -17"><span class='ocrx_word' id='word_1_816' title='bbox 2009 3332 2490 3404; x_wconf 83' lang='grc' dir='ltr'>ἐθαυματούργουν</span> <span class='ocrx_word' id='word_1_817' title='bbox 2509 3371 2524 3396; x_wconf 93' lang='grc'>,</span> <span class='ocrx_word' id='word_1_818' title='bbox 2563 3331 2677 3385; x_wconf 80' lang='grc' dir='ltr'>ἀλλ’</span> <span class='ocrx_word' id='word_1_819' title='bbox 2707 3330 2894 3401; x_wconf 83' lang='grc' dir='ltr'>ἐτεραι</span> <span class='ocrx_word' id='word_1_820' title='bbox 2925 3329 3057 3382; x_wconf 86' lang='grc' dir='ltr'>δέκα</span> <span class='ocrx_word' id='word_1_821' title='bbox 3099 3327 3340 3395; x_wconf 86' lang='grc' dir='ltr'>ἐγίνοντο</span> <span class='ocrx_word' id='word_1_822' title='bbox 3370 3327 3598 3398; x_wconf 89' lang='grc' dir='ltr'>ήμέραι,</span> 
     </span>
    </p>
   </div>
   <div class='ocr_carea' id='block_1_105' title="bbox 2008 3410 3598 3488">
    <p class='ocr_par' dir='ltr' id='par_1_105' title="bbox 2008 3410 3598 3488">
     <span class='ocr_line' id='line_1_105' title="bbox 2008 3410 3598 3488; baseline -0.006 -15"><span class='ocrx_word' id='word_1_823' title='bbox 2008 3421 2104 3474; x_wconf 71' lang='grc' dir='ltr'>καὶ</span> <span class='ocrx_word' id='word_1_824' title='bbox 2149 3417 2532 3488; x_wconf 87' lang='grc' dir='ltr'>πληρουμένης</span> <span class='ocrx_word' id='word_1_825' title='bbox 2564 3417 2664 3486; x_wconf 86' lang='grc' dir='ltr'>τῆς</span> <span class='ocrx_word' id='word_1_826' title='bbox 2695 3412 3079 3485; x_wconf 84' lang='grc' dir='ltr'>Πεντηκοστῆς</span> <span class='ocrx_word' id='word_1_827' title='bbox 3126 3410 3382 3482; x_wconf 83' lang='grc' dir='ltr'>ἐπέμφθη</span> <span class='ocrx_word' id='word_1_828' title='bbox 3415 3412 3598 3476; x_wconf 81' lang='grc' dir='ltr'>αὐτοῖς</span> 
     </span>
    </p>
   </div>
   <div class='ocr_carea' id='block_1_106' title="bbox 2006 3493 3600 3575">
    <p class='ocr_par' dir='ltr' id='par_1_106' title="bbox 2006 3493 3600 3575">
     <span class='ocr_line' id='line_1_106' title="bbox 2006 3493 3600 3575; baseline -0.006 -17"><span class='ocrx_word' id='word_1_829' title='bbox 2006 3505 2068 3557; x_wconf 91' lang='lat'>16</span> <span class='ocrx_word' id='word_1_830' title='bbox 2096 3504 2319 3575; x_wconf 88' lang='grc' dir='ltr'>Πνεῦμα</span> <span class='ocrx_word' id='word_1_831' title='bbox 2349 3503 2409 3555; x_wconf 89' lang='lat'>16</span> <span class='ocrx_word' id='word_1_832' title='bbox 2438 3503 2591 3569; x_wconf 81' lang='grc' dir='ltr'>ἀγιον</span> <span class='ocrx_word' id='word_1_833' title='bbox 2618 3542 2632 3561; x_wconf 87' lang='grc'>,</span> <span class='ocrx_word' id='word_1_834' title='bbox 2668 3499 2762 3552; x_wconf 70' lang='grc' dir='ltr'>καὶ</span> <span class='ocrx_word' id='word_1_835' title='bbox 2790 3497 2912 3549; x_wconf 87' lang='grc' dir='ltr'>τότε</span> <span class='ocrx_word' id='word_1_836' title='bbox 2942 3495 3197 3557; x_wconf 87' lang='grc' dir='ltr'>λαϐόντες</span> <span class='ocrx_word' id='word_1_837' title='bbox 3223 3493 3322 3557; x_wconf 84' lang='grc' dir='ltr'>τὰς</span> <span class='ocrx_word' id='word_1_838' title='bbox 3369 3493 3600 3565; x_wconf 85' lang='grc' dir='ltr'>πυρίνας</span> 
     </span>
    </p>
   </div>
   <div class='ocr_carea' id='block_1_107' title="bbox 2007 3577 3598 3658">
    <p class='ocr_par' dir='ltr' id='par_1_107' title="bbox 2007 3577 3598 3658">
     <span class='ocr_line' id='line_1_107' title="bbox 2007 3577 3598 3658; baseline -0.006 -17"><span class='ocrx_word' id='word_1_839' title='bbox 2007 3585 2258 3658; x_wconf 89' lang='grc' dir='ltr'>γλώσσας</span> <span class='ocrx_word' id='word_1_840' title='bbox 2305 3585 2539 3658; x_wconf 82' lang='grc' dir='ltr'>ήρξαντο</span> <span class='ocrx_word' id='word_1_841' title='bbox 2572 3585 2744 3637; x_wconf 86' lang='grc' dir='ltr'>ποιεῖν</span> <span class='ocrx_word' id='word_1_842' title='bbox 2771 3579 3043 3650; x_wconf 89' lang='grc' dir='ltr'>θαύματα.</span> <span class='ocrx_word' id='word_1_843' title='bbox 3080 3577 3265 3632; x_wconf 90' lang='grc' dir='ltr'>Ταῦτα</span> <span class='ocrx_word' id='word_1_844' title='bbox 3296 3577 3353 3634; x_wconf 71' lang='grc' dir='ltr'>δὲ</span> <span class='ocrx_word' id='word_1_845' title='bbox 3400 3579 3598 3658; x_wconf 72' lang='grc' dir='ltr'>πάντα.</span> 
     </span>
    </p>
   </div>
   <div class='ocr_carea' id='block_1_108' title="bbox 2009 3655 3600 3742">
    <p class='ocr_par' dir='ltr' id='par_1_108' title="bbox 2009 3655 3600 3742">
     <span class='ocr_line' id='line_1_108' title="bbox 2009 3655 3600 3742; baseline -0.008 -17"><span class='ocrx_word' id='word_1_846' title='bbox 2009 3655 2283 3742; x_wconf 81' lang='grc' dir='ltr'>ἀγαπητοὶ</span> <span class='ocrx_word' id='word_1_847' title='bbox 2309 3655 2470 3735; x_wconf 24' lang='grc' dir='ltr'>,τάπὸ</span> <span class='ocrx_word' id='word_1_848' title='bbox 2519 3668 2629 3720; x_wconf 89' lang='grc' dir='ltr'>τῶν</span> <span class='ocrx_word' id='word_1_849' title='bbox 2657 3663 2892 3736; x_wconf 84' lang='grc' dir='ltr'>Γραφῶν</span> <span class='ocrx_word' id='word_1_850' title='bbox 2922 3659 3310 3733; x_wconf 85' lang='grc' dir='ltr'>πιστωσόμεθα</span> <span class='ocrx_word' id='word_1_851' title='bbox 3336 3677 3351 3692; x_wconf 79' lang='grc' dir='ltr'><strong>ο</strong></span> <span class='ocrx_word' id='word_1_852' title='bbox 3380 3655 3491 3715; x_wconf 76' lang='grc' dir='ltr'>οἷον</span> <span class='ocrx_word' id='word_1_853' title='bbox 3517 3661 3600 3714; x_wconf 83' lang='grc' dir='ltr'>ότι</span> 
     </span>
    </p>
   </div>
   <div class='ocr_carea' id='block_1_109' title="bbox 2008 3743 3601 3824">
    <p class='ocr_par' dir='ltr' id='par_1_109' title="bbox 2008 3743 3601 3824">
     <span class='ocr_line' id='line_1_109' title="bbox 2008 3743 3601 3824; baseline -0.009 -15"><span class='ocrx_word' id='word_1_854' title='bbox 2008 3755 2417 3824; x_wconf 89' lang='grc' dir='ltr'>τεσσαράκοντα</span> <span class='ocrx_word' id='word_1_855' title='bbox 2447 3751 2660 3822; x_wconf 80' lang='grc' dir='ltr'>ἡμέρας</span> <span class='ocrx_word' id='word_1_856' title='bbox 2710 3749 2894 3811; x_wconf 75' lang='grc' dir='ltr'>αὐτοῖς</span> <span class='ocrx_word' id='word_1_857' title='bbox 2945 3746 3294 3814; x_wconf 87' lang='grc' dir='ltr'>συνεγένετο,</span> <span class='ocrx_word' id='word_1_858' title='bbox 3331 3744 3413 3798; x_wconf 86' lang='grc' dir='ltr'>ὅτι</span> <span class='ocrx_word' id='word_1_859' title='bbox 3465 3743 3601 3814; x_wconf 80' lang='grc' dir='ltr'>μετὰ</span> 
     </span>
    </p>
   </div>
   <div class='ocr_carea' id='block_1_110' title="bbox 2009 3828 3602 3910">
    <p class='ocr_par' dir='ltr' id='par_1_110' title="bbox 2009 3828 3602 3910">
     <span class='ocr_line' id='line_1_110' title="bbox 2009 3828 3602 3910; baseline -0.007 -19"><span class='ocrx_word' id='word_1_860' title='bbox 2009 3839 2108 3910; x_wconf 83' lang='grc' dir='ltr'>τὴν</span> <span class='ocrx_word' id='word_1_861' title='bbox 2141 3836 2526 3906; x_wconf 80' lang='grc' dir='ltr'>Πεντηκοστὴν</span> <span class='ocrx_word' id='word_1_862' title='bbox 2555 3832 2788 3904; x_wconf 88' lang='grc' dir='ltr'>κατῆλθε</span> <span class='ocrx_word' id='word_1_863' title='bbox 2830 3831 2893 3884; x_wconf 89' lang='lat'>16</span> <span class='ocrx_word' id='word_1_864' title='bbox 2928 3829 3153 3901; x_wconf 82' lang='grc' dir='ltr'>Πνεῦμα</span> <span class='ocrx_word' id='word_1_865' title='bbox 3186 3828 3247 3882; x_wconf 85' lang='lat'>16</span> <span class='ocrx_word' id='word_1_866' title='bbox 3278 3829 3433 3897; x_wconf 84' lang='grc' dir='ltr'>ἀγιον</span> <span class='ocrx_word' id='word_1_867' title='bbox 3456 3869 3471 3892; x_wconf 89' lang='grc'>,</span> <span class='ocrx_word' id='word_1_868' title='bbox 3519 3828 3602 3881; x_wconf 86' lang='grc' dir='ltr'>ὅτι</span> 
     </span>
    </p>
   </div>
   <div class='ocr_carea' id='block_1_111' title="bbox 2009 3911 3600 3990">
    <p class='ocr_par' dir='ltr' id='par_1_111' title="bbox 2009 3911 3600 3990">
     <span class='ocr_line' id='line_1_111' title="bbox 2009 3911 3600 3990; baseline -0.008 -14"><span class='ocrx_word' id='word_1_869' title='bbox 2009 3923 2131 3976; x_wconf 85' lang='grc' dir='ltr'>τότε</span> <span class='ocrx_word' id='word_1_870' title='bbox 2157 3921 2256 3984; x_wconf 83' lang='grc' dir='ltr'>τὰς</span> <span class='ocrx_word' id='word_1_871' title='bbox 2283 3919 2535 3990; x_wconf 85' lang='grc' dir='ltr'>γλώσσας</span> <span class='ocrx_word' id='word_1_872' title='bbox 2570 3916 2761 3972; x_wconf 78' lang='grc' dir='ltr'>ἔλαϐον</span> <span class='ocrx_word' id='word_1_873' title='bbox 2808 3913 2906 3976; x_wconf 90' lang='lat'>16;</span> <span class='ocrx_word' id='word_1_874' title='bbox 2936 3914 3196 3986; x_wconf 90' lang='grc' dir='ltr'>πυρίνας,</span> <span class='ocrx_word' id='word_1_875' title='bbox 3228 3914 3310 3966; x_wconf 82' lang='grc' dir='ltr'>ὅτι</span> <span class='ocrx_word' id='word_1_876' title='bbox 3342 3911 3451 3965; x_wconf 85' lang='grc' dir='ltr'>τῶν</span> <span class='ocrx_word' id='word_1_877' title='bbox 3503 3928 3600 3982; x_wconf 92' lang='grc' dir='ltr'>ση-</span> 
     </span>
    </p>
   </div>
   <div class='ocr_carea' id='block_1_112' title="bbox 2015 3992 3602 4079">
    <p class='ocr_par' dir='ltr' id='par_1_112' title="bbox 2015 3992 3602 4079">
     <span class='ocr_line' id='line_1_112' title="bbox 2015 3992 3602 4079; baseline -0.009 -19"><span class='ocrx_word' id='word_1_878' title='bbox 2015 4007 2182 4079; x_wconf 89' lang='grc' dir='ltr'>μείων</span> <span class='ocrx_word' id='word_1_879' title='bbox 2216 4005 2401 4058; x_wconf 76' lang='grc' dir='ltr'>ἐκτοτε</span> <span class='ocrx_word' id='word_1_880' title='bbox 2429 4001 2684 4074; x_wconf 78' lang='grc' dir='ltr'>ήρξαντο.</span> <span class='ocrx_word' id='word_1_881' title='bbox 2714 3999 2810 4062; x_wconf 89' lang='grc' dir='ltr'>Τίς</span> <span class='ocrx_word' id='word_1_882' title='bbox 2843 3992 2936 4050; x_wconf 81' lang='grc' dir='ltr'>οὖν</span> <span class='ocrx_word' id='word_1_883' title='bbox 2962 3996 3135 4050; x_wconf 87' lang='grc' dir='ltr'>ταῦτα</span> <span class='ocrx_word' id='word_1_884' title='bbox 3188 3995 3366 4049; x_wconf 85' lang='grc' dir='ltr'>πάντα</span> <span class='ocrx_word' id='word_1_885' title='bbox 3397 3995 3560 4068; x_wconf 90' lang='grc' dir='ltr'>φησίν</span> <span class='ocrx_word' id='word_1_886' title='bbox 3585 4014 3602 4062; x_wconf 85' lang='lat'>;</span> 
     </span>
    </p>
   </div>
   <div class='ocr_carea' id='block_1_113' title="bbox 2007 4079 3601 4156">
    <p class='ocr_par' dir='ltr' id='par_1_113' title="bbox 2007 4079 3601 4156">
     <span class='ocr_line' id='line_1_113' title="bbox 2007 4079 3601 4156; baseline -0.008 -12"><span class='ocrx_word' id='word_1_887' title='bbox 2007 4091 2080 4144; x_wconf 77' lang='grc' dir='ltr'>¹Ὀ</span> <span class='ocrx_word' id='word_1_888' title='bbox 2102 4089 2197 4144; x_wconf 87' lang='grc' dir='ltr'>τοῦ</span> <span class='ocrx_word' id='word_1_889' title='bbox 2222 4087 2436 4144; x_wconf 86' lang='grc' dir='ltr'>Παύλου</span> <span class='ocrx_word' id='word_1_890' title='bbox 2470 4084 2719 4156; x_wconf 81' lang='grc' dir='ltr'>μαθητὴς</span> <span class='ocrx_word' id='word_1_891' title='bbox 2737 4122 2751 4146; x_wconf 97' lang='grc'>,</span> <span class='ocrx_word' id='word_1_892' title='bbox 2782 4084 2811 4135; x_wconf 93' lang='lat'>6</span> <span class='ocrx_word' id='word_1_893' title='bbox 2839 4082 3019 4151; x_wconf 89' lang='grc' dir='ltr'>τίμιος</span> <span class='ocrx_word' id='word_1_894' title='bbox 3042 4079 3136 4134; x_wconf 71' lang='grc' dir='ltr'>καὶ</span> <span class='ocrx_word' id='word_1_895' title='bbox 3164 4079 3338 4150; x_wconf 86' lang='grc' dir='ltr'>μέγας</span> <span class='ocrx_word' id='word_1_896' title='bbox 3366 4080 3601 4143; x_wconf 82' lang='grc' dir='ltr'>Λουκᾶς,</span> 
     </span>
    </p>
   </div>
   <div class='ocr_carea' id='block_1_114' title="bbox 2011 4155 3602 4240">
    <p class='ocr_par' dir='ltr' id='par_1_114' title="bbox 2011 4155 3602 4240">
     <span class='ocr_line' id='line_1_114' title="bbox 2011 4155 3602 4240; baseline -0.007 -13"><span class='ocrx_word' id='word_1_897' title='bbox 2011 4172 2154 4228; x_wconf 77' lang='grc' dir='ltr'>οὕτω</span> <span class='ocrx_word' id='word_1_898' title='bbox 2190 4155 2513 4240; x_wconf 82' lang='grc' dir='ltr'>ποιούμενος</span> <span class='ocrx_word' id='word_1_899' title='bbox 2550 4167 2649 4238; x_wconf 77' lang='grc' dir='ltr'>τὴν</span> <span class='ocrx_word' id='word_1_900' title='bbox 2700 4164 2876 4236; x_wconf 73' lang='grc' dir='ltr'>ἀρχὴν</span> <span class='ocrx_word' id='word_1_901' title='bbox 2928 4166 3024 4218; x_wconf 81' lang='grc' dir='ltr'>καὶ</span> <span class='ocrx_word' id='word_1_902' title='bbox 3084 4163 3290 4232; x_wconf 77' lang='grc' dir='ltr'>λέγων’</span> <span class='ocrx_word' id='word_1_903' title='bbox 3328 4155 3447 4240; x_wconf 67' lang='grc' dir='ltr'>Τὸν</span> <span class='ocrx_word' id='word_1_904' title='bbox 3488 4163 3602 4231; x_wconf 77' lang='grc' dir='ltr'>μὲν</span> 
     </span>
    </p>
   </div>
   <div class='ocr_carea' id='block_1_115' title="bbox 2011 4239 3603 4326">
    <p class='ocr_par' dir='ltr' id='par_1_115' title="bbox 2011 4239 3603 4326">
     <span class='ocr_line' id='line_1_115' title="bbox 2011 4239 3603 4326; baseline -0.009 -14"><span class='ocrx_word' id='word_1_905' title='bbox 2011 4257 2247 4326; x_wconf 86' lang='grc' dir='ltr'>πρῶτον</span> <span class='ocrx_word' id='word_1_906' title='bbox 2274 4239 2463 4322; x_wconf 74' lang='grc' dir='ltr'>λόγον</span> <span class='ocrx_word' id='word_1_907' title='bbox 2497 4247 2881 4318; x_wconf 80' lang='grc' dir='ltr'>ἐποιησάμην</span> <span class='ocrx_word' id='word_1_908' title='bbox 2909 4246 3043 4314; x_wconf 75' lang='grc' dir='ltr'>περὶ</span> <span class='ocrx_word' id='word_1_909' title='bbox 3076 4245 3321 4300; x_wconf 75' lang='grc' dir='ltr'>πάντων</span> <span class='ocrx_word' id='word_1_910' title='bbox 3344 4284 3359 4303; x_wconf 89' lang='grc'>.</span> <span class='ocrx_word' id='word_1_911' title='bbox 3389 4239 3448 4297; x_wconf 78' lang='grc' dir='ltr'><strong>ὦ</strong></span> <span class='ocrx_word' id='word_1_912' title='bbox 3465 4248 3603 4299; x_wconf 64' lang='lat' dir='ltr'><em>63c?-</em></span> 
     </span>
    </p>
   </div>
   <div class='ocr_carea' id='block_1_116' title="bbox 2011 4327 3602 4410">
    <p class='ocr_par' dir='ltr' id='par_1_116' title="bbox 2011 4327 3602 4410">
     <span class='ocr_line' id='line_1_116' title="bbox 2011 4327 3602 4410; baseline -0.009 -16"><span class='ocrx_word' id='word_1_913' title='bbox 2011 4334 2272 4410; x_wconf 71' lang='grc' dir='ltr'>φιλε.ὦν</span> <span class='ocrx_word' id='word_1_914' title='bbox 2289 4336 2512 4405; x_wconf 77' lang='grc' dir='ltr'>ἤρξατο</span> <span class='ocrx_word' id='word_1_915' title='bbox 2532 4337 2563 4387; x_wconf 89' lang='grc' dir='ltr'>ό</span> <span class='ocrx_word' id='word_1_916' title='bbox 2583 4331 2810 4399; x_wconf 80' lang='grc' dir='ltr'>Ἰησοῦς</span> <span class='ocrx_word' id='word_1_917' title='bbox 2842 4329 3034 4383; x_wconf 87' lang='grc' dir='ltr'>ποιεῖν</span> <span class='ocrx_word' id='word_1_918' title='bbox 3061 4345 3125 4382; x_wconf 86' lang='grc' dir='ltr'>τε</span> <span class='ocrx_word' id='word_1_919' title='bbox 3148 4328 3246 4382; x_wconf 77' lang='grc' dir='ltr'>καί</span> <span class='ocrx_word' id='word_1_920' title='bbox 3273 4327 3602 4388; x_wconf 83' lang='grc' dir='ltr'>διδάσκειν,</span> 
     </span>
    </p>
   </div>
   <div class='ocr_carea' id='block_1_117' title="bbox 2003 4410 3604 4492">
    <p class='ocr_par' dir='ltr' id='par_1_117' title="bbox 2003 4410 3604 4492">
     <span class='ocr_line' id='line_1_117' title="bbox 2003 4410 3604 4492; baseline -0.009 -16"><span class='ocrx_word' id='word_1_921' title='bbox 2003 4422 2151 4492; x_wconf 74' lang='grc' dir='ltr'>ἄχρι</span> <span class='ocrx_word' id='word_1_922' title='bbox 2177 4417 2252 4491; x_wconf 79' lang='grc' dir='ltr'>ἧς</span> <span class='ocrx_word' id='word_1_923' title='bbox 2274 4418 2498 4489; x_wconf 74' lang='grc' dir='ltr'>ἡμέρας</span> <span class='ocrx_word' id='word_1_924' title='bbox 2522 4413 2942 4484; x_wconf 79' lang='grc' dir='ltr'>ἐντειλάμενος</span> <span class='ocrx_word' id='word_1_925' title='bbox 2963 4412 3087 4479; x_wconf 86' lang='grc' dir='ltr'>τοῖς</span> <span class='ocrx_word' id='word_1_926' title='bbox 3111 4411 3479 4478; x_wconf 73' lang='grc' dir='ltr'>ἀποστόλοις</span> <span class='ocrx_word' id='word_1_927' title='bbox 3507 4410 3604 4492; x_wconf 57' lang='grc' dir='ltr'>διὰ</span> 
     </span>
    </p>
   </div>
   <div class='ocr_carea' id='block_1_118' title="bbox 2014 4487 3603 4574">
    <p class='ocr_par' dir='ltr' id='par_1_118' title="bbox 2014 4487 3603 4574">
     <span class='ocr_line' id='line_1_118' title="bbox 2014 4487 3603 4574; baseline -0.009 -14"><span class='ocrx_word' id='word_1_928' title='bbox 2014 4487 2360 4574; x_wconf 62' lang='grc' dir='ltr'>Ῑίνεύματος</span> <span class='ocrx_word' id='word_1_929' title='bbox 2385 4487 2580 4571; x_wconf 72' lang='grc' dir='ltr'>ἁγίου,</span> <span class='ocrx_word' id='word_1_930' title='bbox 2613 4498 2722 4565; x_wconf 82' lang='grc' dir='ltr'>οὓς</span> <span class='ocrx_word' id='word_1_931' title='bbox 2751 4496 3096 4562; x_wconf 77' lang='grc' dir='ltr'>ἐξελέξατο,</span> <span class='ocrx_word' id='word_1_932' title='bbox 3131 4493 3445 4564; x_wconf 70' lang='grc' dir='ltr'>ἀνελήφθη</span> <span class='ocrx_word' id='word_1_933' title='bbox 3466 4508 3481 4523; x_wconf 83' lang='grc'><strong><em>⁸</em></strong></span> <span class='ocrx_word' id='word_1_934' title='bbox 3517 4487 3603 4558; x_wconf 85' lang='grc' dir='ltr'>οἷς</span> 
     </span>
    </p>
   </div>
   <div class='ocr_carea' id='block_1_119' title="bbox 2013 4579 3605 4658">
    <p class='ocr_par' dir='ltr' id='par_1_119' title="bbox 2013 4579 3605 4658">
     <span class='ocr_line' id='line_1_119' title="bbox 2013 4579 3605 4658; baseline -0.009 -14"><span class='ocrx_word' id='word_1_935' title='bbox 2013 4592 2110 4644; x_wconf 82' lang='grc' dir='ltr'>καὶ</span> <span class='ocrx_word' id='word_1_936' title='bbox 2145 4587 2532 4658; x_wconf 79' lang='grc' dir='ltr'>παρέστησεν</span> <span class='ocrx_word' id='word_1_937' title='bbox 2581 4583 2800 4638; x_wconf 79' lang='grc' dir='ltr'>ἑαυτὸν</span> <span class='ocrx_word' id='word_1_938' title='bbox 2831 4580 3017 4642; x_wconf 78' lang='grc' dir='ltr'>ζῶντα</span> <span class='ocrx_word' id='word_1_939' title='bbox 3063 4581 3217 4650; x_wconf 84' lang='grc' dir='ltr'>μετὰ</span> <span class='ocrx_word' id='word_1_940' title='bbox 3265 4579 3333 4632; x_wconf 90' lang='grc' dir='ltr'>τὸ</span> <span class='ocrx_word' id='word_1_941' title='bbox 3391 4579 3605 4632; x_wconf 77' lang='grc' dir='ltr'>παθεῖν</span> 
     </span>
    </p>
   </div>
   <div class='ocr_carea' id='block_1_120' title="bbox 2012 4663 3601 4737">
    <p class='ocr_par' dir='ltr' id='par_1_120' title="bbox 2012 4663 3601 4737">
     <span class='ocr_line' id='line_1_120' title="bbox 2012 4663 3601 4737; baseline -0.009 -8"><span class='ocrx_word' id='word_1_942' title='bbox 2012 4676 2221 4736; x_wconf 83' lang='grc' dir='ltr'>αὑτὸν,</span> <span class='ocrx_word' id='word_1_943' title='bbox 2260 4674 2331 4726; x_wconf 89' lang='grc' dir='ltr'>ἐν</span> <span class='ocrx_word' id='word_1_944' title='bbox 2374 4669 2630 4733; x_wconf 78' lang='grc' dir='ltr'>πολλοῖς</span> <span class='ocrx_word' id='word_1_945' title='bbox 2680 4667 3038 4737; x_wconf 84' lang='grc' dir='ltr'>τεκμηρίοις,</span> <span class='ocrx_word' id='word_1_946' title='bbox 3086 4663 3162 4717; x_wconf 83' lang='grc' dir='ltr'>δι’</span> <span class='ocrx_word' id='word_1_947' title='bbox 3199 4663 3436 4733; x_wconf 73' lang='grc' dir='ltr'>ἡμερῶν</span> <span class='ocrx_word' id='word_1_948' title='bbox 3463 4680 3601 4716; x_wconf 83' lang='grc' dir='ltr'>τεσ-</span> 
     </span>
    </p>
   </div>
   <div class='ocr_carea' id='block_1_121' title="bbox 2014 4746 3604 4827">
    <p class='ocr_par' dir='ltr' id='par_1_121' title="bbox 2014 4746 3604 4827">
     <span class='ocr_line' id='line_1_121' title="bbox 2014 4746 3604 4827; baseline -0.009 -14"><span class='ocrx_word' id='word_1_949' title='bbox 2014 4758 2357 4827; x_wconf 80' lang='grc' dir='ltr'>σαράκοντα</span> <span class='ocrx_word' id='word_1_950' title='bbox 2411 4753 2822 4820; x_wconf 81' lang='grc' dir='ltr'>ὀπτανόμενος</span> <span class='ocrx_word' id='word_1_951' title='bbox 2873 4747 3082 4813; x_wconf 81' lang='grc' dir='ltr'>αὐτοῖς</span> <span class='ocrx_word' id='word_1_952' title='bbox 3111 4789 3126 4812; x_wconf 89' lang='grc'>,</span> <span class='ocrx_word' id='word_1_953' title='bbox 3157 4748 3254 4800; x_wconf 83' lang='grc' dir='ltr'>καὶ</span> <span class='ocrx_word' id='word_1_954' title='bbox 3301 4746 3495 4815; x_wconf 85' lang='grc' dir='ltr'>λέγων</span> <span class='ocrx_word' id='word_1_955' title='bbox 3531 4749 3604 4799; x_wconf 80' lang='grc' dir='ltr'>τὰ</span> 
     </span>
    </p>
   </div>
   <div class='ocr_carea' id='block_1_122' title="bbox 2014 4827 3605 4910">
    <p class='ocr_par' dir='ltr' id='par_1_122' title="bbox 2014 4827 3605 4910">
     <span class='ocr_line' id='line_1_122' title="bbox 2014 4827 3605 4910; baseline -0.009 -15"><span class='ocrx_word' id='word_1_956' title='bbox 2014 4842 2149 4910; x_wconf 78' lang='grc' dir='ltr'>περὶ</span> <span class='ocrx_word' id='word_1_957' title='bbox 2176 4839 2287 4908; x_wconf 83' lang='grc' dir='ltr'>τῆς</span> <span class='ocrx_word' id='word_1_958' title='bbox 2316 4837 2642 4904; x_wconf 82' lang='grc' dir='ltr'>,ϐασιλείας</span> <span class='ocrx_word' id='word_1_959' title='bbox 2676 4832 2784 4887; x_wconf 87' lang='grc' dir='ltr'>τοῦ</span> <span class='ocrx_word' id='word_1_960' title='bbox 2811 4831 2929 4904; x_wconf 79' lang='lat'>[89]</span> <span class='ocrx_word' id='word_1_961' title='bbox 2961 4829 3132 4885; x_wconf 84' lang='grc' dir='ltr'>Θεοῦ.</span> <span class='ocrx_word' id='word_1_962' title='bbox 3165 4829 3274 4883; x_wconf 80' lang='grc' dir='ltr'>Καὶ</span> <span class='ocrx_word' id='word_1_963' title='bbox 3295 4827 3605 4888; x_wconf 66' lang='grc' dir='ltr'>συναλιζῖτ-</span> 
     </span>
    </p>
   </div>
   <div class='ocr_carea' id='block_1_123' title="bbox 2009 4911 3601 4996">
    <p class='ocr_par' dir='ltr' id='par_1_123' title="bbox 2009 4911 3601 4996">
     <span class='ocr_line' id='line_1_123' title="bbox 2009 4911 3601 4996; baseline -0.011 -15"><span class='ocrx_word' id='word_1_964' title='bbox 2009 4944 2195 4996; x_wconf 80' lang='grc' dir='ltr'>μενος</span> <span class='ocrx_word' id='word_1_965' title='bbox 2225 4923 2624 4992; x_wconf 76' lang='grc' dir='ltr'>παρήγγειλεν</span> <span class='ocrx_word' id='word_1_966' title='bbox 2673 4917 2878 4982; x_wconf 78' lang='grc' dir='ltr'>αὐτοῖς</span> <span class='ocrx_word' id='word_1_967' title='bbox 2908 4913 3026 4969; x_wconf 83' lang='grc' dir='ltr'>ἀπὸ</span> <span class='ocrx_word' id='word_1_968' title='bbox 3063 4913 3487 4982; x_wconf 83' lang='grc' dir='ltr'>Ἱεροσολύμων</span> <span class='ocrx_word' id='word_1_969' title='bbox 3513 4911 3601 4982; x_wconf 74' lang='grc' dir='ltr'>μὴ</span> 
     </span>
    </p>
   </div>
   <div class='ocr_carea' id='block_1_124' title="bbox 2015 4997 3603 5082">
    <p class='ocr_par' dir='ltr' id='par_1_124' title="bbox 2015 4997 3603 5082">
     <span class='ocr_line' id='line_1_124' title="bbox 2015 4997 3603 5082; baseline -0.008 -19"><span class='ocrx_word' id='word_1_970' title='bbox 2015 5009 2380 5082; x_wconf 74' lang='grc' dir='ltr'>χωρίζεσθαι.</span> <span class='ocrx_word' id='word_1_971' title='bbox 2423 5007 2588 5080; x_wconf 83' lang='grc' dir='ltr'>Ὁρᾷς</span> <span class='ocrx_word' id='word_1_972' title='bbox 2613 5004 2696 5057; x_wconf 82' lang='grc' dir='ltr'>ὃτι</span> <span class='ocrx_word' id='word_1_973' title='bbox 2730 4999 2867 5073; x_wconf 81' lang='grc' dir='ltr'>μετὰ</span> <span class='ocrx_word' id='word_1_974' title='bbox 2914 4999 3014 5082; x_wconf 67' lang='grc' dir='ltr'>την</span> <span class='ocrx_word' id='word_1_975' title='bbox 3048 4997 3350 5082; x_wconf 82' lang='grc' dir='ltr'>ἀνάστασιν</span> <span class='ocrx_word' id='word_1_976' title='bbox 3405 5013 3603 5082; x_wconf 76' lang='grc' dir='ltr'>τεσσα-</span> 
     </span>
    </p>
   </div>
   <div class='ocr_carea' id='block_1_125' title="bbox 2018 5077 3604 5167">
    <p class='ocr_par' dir='ltr' id='par_1_125' title="bbox 2018 5077 3604 5167">
     <span class='ocr_line' id='line_1_125' title="bbox 2018 5077 3604 5167; baseline -0.015 -19"><span class='ocrx_word' id='word_1_977' title='bbox 2018 5077 2254 5167; x_wconf 73' lang='grc' dir='ltr'>ράκοντα</span> <span class='ocrx_word' id='word_1_978' title='bbox 2309 5077 2524 5161; x_wconf 81' lang='grc' dir='ltr'>ἡμέρας</span> <span class='ocrx_word' id='word_1_979' title='bbox 2552 5087 2646 5140; x_wconf 73' lang='grc' dir='ltr'>ἐπὶ</span> <span class='ocrx_word' id='word_1_980' title='bbox 2680 5085 2779 5150; x_wconf 87' lang='grc' dir='ltr'>τῆς</span> <span class='ocrx_word' id='word_1_981' title='bbox 2811 5083 2930 5167; x_wconf 64' lang='grc' dir='ltr'>γῆςΔ</span> <span class='ocrx_word' id='word_1_982' title='bbox 2964 5077 3032 5154; x_wconf 80' lang='grc' dir='ltr'>ἦν</span> <span class='ocrx_word' id='word_1_983' title='bbox 3142 5079 3348 5167; x_wconf 79' lang='grc' dir='ltr'>Κύριος</span> <span class='ocrx_word' id='word_1_984' title='bbox 3370 5078 3604 5167; x_wconf 62' lang='grc' dir='ltr'>,λέγων</span> 
     </span>
    </p>
   </div>
   <div class='ocr_carea' id='block_1_126' title="bbox 2018 5162 3603 5248">
    <p class='ocr_par' dir='ltr' id='par_1_126' title="bbox 2018 5162 3603 5248">
     <span class='ocr_line' id='line_1_126' title="bbox 2018 5162 3603 5248; baseline -0.01 -17"><span class='ocrx_word' id='word_1_985' title='bbox 2018 5162 2145 5248; x_wconf 73' lang='grc' dir='ltr'>περὶ</span> <span class='ocrx_word' id='word_1_986' title='bbox 2183 5175 2284 5246; x_wconf 88' lang='grc' dir='ltr'>τῆς</span> <span class='ocrx_word' id='word_1_987' title='bbox 2345 5170 2619 5244; x_wconf 85' lang='grc' dir='ltr'>βασιλείας</span> <span class='ocrx_word' id='word_1_988' title='bbox 2664 5167 2759 5222; x_wconf 89' lang='grc' dir='ltr'>τοῦ</span> <span class='ocrx_word' id='word_1_989' title='bbox 2809 5165 2944 5220; x_wconf 87' lang='grc' dir='ltr'>Θεοῦ</span> <span class='ocrx_word' id='word_1_990' title='bbox 2971 5206 2986 5231; x_wconf 96' lang='grc'>,</span> <span class='ocrx_word' id='word_1_991' title='bbox 3032 5165 3128 5248; x_wconf 61' lang='grc' dir='ltr'>καὶ.</span> <span class='ocrx_word' id='word_1_992' title='bbox 3186 5162 3603 5248; x_wconf 79' lang='grc' dir='ltr'>συναλιζόμενος</span> 
     </span>
    </p>
   </div>
   <div class='ocr_carea' id='block_1_127' title="bbox 2015 5246 3600 5326">
    <p class='ocr_par' dir='ltr' id='par_1_127' title="bbox 2015 5246 3600 5326">
     <span class='ocr_line' id='line_1_127' title="bbox 2015 5246 3600 5326; baseline -0.011 -10"><span class='ocrx_word' id='word_1_993' title='bbox 2015 5246 2128 5324; x_wconf 81' lang='grc' dir='ltr'>τοῖς</span> <span class='ocrx_word' id='word_1_994' title='bbox 2161 5257 2513 5321; x_wconf 82' lang='grc' dir='ltr'>ἀποστόλοις;</span> <span class='ocrx_word' id='word_1_995' title='bbox 2539 5255 2671 5326; x_wconf 81' lang='grc' dir='ltr'>ὁρᾷς</span> <span class='ocrx_word' id='word_1_996' title='bbox 2726 5253 2804 5306; x_wconf 78' lang='grc' dir='ltr'>’ότι</span> <span class='ocrx_word' id='word_1_997' title='bbox 2835 5251 2931 5304; x_wconf 83' lang='grc' dir='ltr'>καὶ</span> <span class='ocrx_word' id='word_1_998' title='bbox 2954 5247 3231 5322; x_wconf 78' lang='grc' dir='ltr'>τραπέζης</span> <span class='ocrx_word' id='word_1_999' title='bbox 3285 5246 3600 5310; x_wconf 86' lang='grc' dir='ltr'>ἐκοινώνει;</span> 
     </span>
    </p>
   </div>
   <div class='ocr_carea' id='block_1_128' title="bbox 2015 5329 3604 5412">
    <p class='ocr_par' dir='ltr' id='par_1_128' title="bbox 2015 5329 3604 5412">
     <span class='ocr_line' id='line_1_128' title="bbox 2015 5329 3604 5412; baseline -0.011 -12"><span class='ocrx_word' id='word_1_1000' title='bbox 2015 5346 2126 5401; x_wconf 75' lang='grc' dir='ltr'>Καὶ</span> <span class='ocrx_word' id='word_1_1001' title='bbox 2173 5341 2576 5412; x_wconf 78' lang='grc' dir='ltr'>παρήγγειλεν</span> <span class='ocrx_word' id='word_1_1002' title='bbox 2605 5335 2840 5402; x_wconf 86' lang='grc' dir='ltr'>αὐτοῖς,</span> <span class='ocrx_word' id='word_1_1003' title='bbox 2874 5335 3038 5406; x_wconf 73' lang='grc' dir='ltr'>φησὶν</span> <span class='ocrx_word' id='word_1_1004' title='bbox 3063 5373 3079 5396; x_wconf 91' lang='grc'>,</span> <span class='ocrx_word' id='word_1_1005' title='bbox 3110 5330 3230 5387; x_wconf 82' lang='grc' dir='ltr'>ἀπὸ</span> <span class='ocrx_word' id='word_1_1006' title='bbox 3279 5329 3604 5399; x_wconf 84' lang='grc' dir='ltr'>Ἰεροσολύ-</span> 
     </span>
    </p>
   </div>
   <div class='ocr_carea' id='block_1_129' title="bbox 2011 5413 3604 5500">
    <p class='ocr_par' dir='ltr' id='par_1_129' title="bbox 2011 5413 3604 5500">
     <span class='ocr_line' id='line_1_129' title="bbox 2011 5413 3604 5500; baseline -0.013 -16"><span class='ocrx_word' id='word_1_1007' title='bbox 2011 5446 2143 5500; x_wconf 86' lang='grc' dir='ltr'>μων</span> <span class='ocrx_word' id='word_1_1008' title='bbox 2165 5427 2246 5496; x_wconf 79' lang='grc' dir='ltr'><strong>μή</strong></span> <span class='ocrx_word' id='word_1_1009' title='bbox 2280 5424 2648 5497; x_wconf 82' lang='grc' dir='ltr'>χωρίζεσθαι,</span> <span class='ocrx_word' id='word_1_1010' title='bbox 2686 5420 2848 5475; x_wconf 79' lang='grc' dir='ltr'>ἀλλὰ</span> <span class='ocrx_word' id='word_1_1011' title='bbox 2879 5415 3216 5500; x_wconf 66' lang='grc' dir='ltr'>περιμένειν</span> <span class='ocrx_word' id='word_1_1012' title='bbox 3257 5413 3375 5482; x_wconf 80' lang='grc' dir='ltr'>τὴν</span> <span class='ocrx_word' id='word_1_1013' title='bbox 3415 5413 3604 5500; x_wconf 48' lang='grc' dir='ltr'>επα-γ»</span> 
     </span>
    </p>
   </div>
   <div class='ocr_carea' id='block_1_130' title="bbox 2017 5494 3604 5584">
    <p class='ocr_par' dir='ltr' id='par_1_130' title="bbox 2017 5494 3604 5584">
     <span class='ocr_line' id='line_1_130' title="bbox 2017 5494 3604 5584; baseline -0.013 -17"><span class='ocrx_word' id='word_1_1014' title='bbox 2017 5494 2353 5584; x_wconf 75' lang='grc' dir='ltr'>γελίαντοῦ</span> <span class='ocrx_word' id='word_1_1015' title='bbox 2380 5507 2606 5584; x_wconf 83' lang='grc' dir='ltr'>Πατρός</span> <span class='ocrx_word' id='word_1_1016' title='bbox 2630 5546 2645 5570; x_wconf 91' lang='grc'>,</span> <span class='ocrx_word' id='word_1_1017' title='bbox 2680 5503 2761 5572; x_wconf 78' lang='grc' dir='ltr'>ἣν</span> <span class='ocrx_word' id='word_1_1018' title='bbox 2781 5499 3088 5584; x_wconf 76' lang='grc' dir='ltr'>ἠκούσατέ</span> <span class='ocrx_word' id='word_1_1019' title='bbox 3109 5515 3249 5584; x_wconf 61' lang='grc' dir='ltr'>μου,</span> <span class='ocrx_word' id='word_1_1020' title='bbox 3276 5494 3490 5584; x_wconf 49' lang='grc' dir='ltr'>ξησίν·</span> <span class='ocrx_word' id='word_1_1021' title='bbox 3513 5494 3604 5549; x_wconf 84' lang='grc' dir='ltr'>ὅτι</span> 
     </span>
    </p>
   </div>
   <div class='ocr_carea' id='block_1_131' title="bbox 2030 5577 3603 5662">
    <p class='ocr_par' dir='ltr' id='par_1_131' title="bbox 2030 5577 3603 5662">
     <span class='ocr_line' id='line_1_131' title="bbox 2030 5577 3603 5662; baseline -0.014 -10"><span class='ocrx_word' id='word_1_1022' title='bbox 2030 5577 2304 5662; x_wconf 63' lang='grc' dir='ltr'>Ἰωάννης</span> <span class='ocrx_word' id='word_1_1023' title='bbox 2343 5591 2458 5662; x_wconf 85' lang='grc' dir='ltr'>μὲν</span> <span class='ocrx_word' id='word_1_1024' title='bbox 2499 5579 2824 5643; x_wconf 72' lang='grc' dir='ltr'>ἐϐάπτισεν</span> <span class='ocrx_word' id='word_1_1025' title='bbox 2868 5583 3061 5648; x_wconf 78' lang='grc' dir='ltr'>ὕδατι,</span> <span class='ocrx_word' id='word_1_1026' title='bbox 3087 5579 3262 5653; x_wconf 82' lang='grc' dir='ltr'>ὑμεῖς</span> <span class='ocrx_word' id='word_1_1027' title='bbox 3295 5577 3364 5632; x_wconf 81' lang='grc' dir='ltr'>δὲ</span> <span class='ocrx_word' id='word_1_1028' title='bbox 3387 5577 3603 5643; x_wconf 68' lang='grc' dir='ltr'>βαπτι-</span> 
     </span>
    </p>
   </div>
   <div class='ocr_carea' id='block_1_132' title="bbox 2077 5743 2561 5806">
    <p class='ocr_par' dir='ltr' id='par_1_132' title="bbox 2077 5743 2561 5806">
     <span class='ocr_line' id='line_1_132' title="bbox 2077 5743 2561 5806; baseline -0.01 -11"><span class='ocrx_word' id='word_1_1029' title='bbox 2077 5751 2100 5780; x_wconf 78' lang='grc'><strong><em>⁶</em></strong></span> <span class='ocrx_word' id='word_1_1030' title='bbox 2124 5744 2270 5806; x_wconf 48' lang='grc' dir='ltr'>(ῑοιι).</span> <span class='ocrx_word' id='word_1_1031' title='bbox 2284 5743 2561 5800; x_wconf 76' lang='grc' dir='ltr'>συνεγίνετο.</span> 
     </span>
    </p>
   </div>
  </div>
