4010 6342
417 276 521 330 ωε

413 388 724 456 σθήσεσθε
775 386 845 438 ἐν
899 387 1194 455 Πνεύματι
1246 387 1392 456 ἁγίῳ
1451 388 1520 440 οὐ
1575 387 1724 456 μετά
1761 385 1996 449 ,πολλὰς

415 479 637 544 ταύτας
685 477 931 546 ἡμέρας.
970 477 1154 533 Ταῦτα
1188 477 1245 531 δέ
1283 479 1468 546 ἔλεγεν
1499 481 1527 530 6
1555 478 1742 550 Σωτὴρ
1780 479 1836 530 ἐν
1879 478 1998 539 ταῖς

414 569 819 639 τεσσαράκοντα
868 569 1123 641 ἡμέραις.
1149 571 1215 623 Ol
1265 571 1380 640 μὲν
1425 564 1538 624 οὗν
1595 569 1998 634 συνελθόντες

413 658 734 726 ἐπηρώτων
753 660 942 714 αὐτόν
967 659 1246 727 λέγοντες
1268 677 1282 691 ·
1307 662 1506 728 Κύριε,
1529 662 1581 714 εί
1601 661 1672 713 ἐν
1701 659 1779 724 τῷ
1803 661 1998 728 χρόνῳ

414 751 603 815 τούτῳ
619 751 1121 818 ἀποκαθιστάνεις
1145 751 1262 822 τὴν
1277 753 1608 818 ,ϐασιλείαν
1628 751 1706 816 τῷ
1726 753 1961 822 Ἰσραήλ
1978 768 1996 814 ;

413 839 564 898 Ehe
594 843 662 896 δὲ
708 844 859 912 πρὸς
905 845 1158 911 αὐτούς’
1219 847 1342 912 Οὐχ
1386 841 1554 912 ὑμῶν
1600 844 1732 896 ἐστι
1780 843 1997 913 γνῶναι

413 936 674 1004 χρόνους
700 933 738 1002 ἢ
763 935 1005 1003 καιροὺς
1023 973 1037 997 ,
1069 935 1178 1002 οὒς
1210 938 1242 989 ό
1264 935 1465 1003 Πατὴρ
1489 934 1656 990 ἔθετο
1677 936 1747 988 ἐν
1775 933 1849 1003 τῆ
1877 934 1995 1001 ἰδίᾳ

413 1025 665 1092 ἐξουσίᾳ
683 1041 698 1055 ·
729 1025 889 1080 ἀλλὰ
915 1025 1192 1094 λήψεσθε
1216 1025 1476 1096 δύναμιν
1501 1027 1864 1094 ἐπελθόντος
1887 1025 1994 1081 τοῦ

413 1110 587 1180 ἁγίου
611 1114 956 1181 Πνεύματος
975 1114 1066 1183 ἐφ’
1107 1113 1264 1183 ὑμᾶς
1286 1157 1300 1180 ,
1337 1117 1436 1170 καὶ
1481 1115 1699 1170 ἐσεσθέ
1721 1135 1824 1186 μοι
1847 1115 1995 1185 μάρ-

415 1221 590 1272 τυρες
612 1204 682 1258 ἐν
708 1203 784 1273 τῇ
826 1205 1244 1275 Ἰερουσαλὴμ,
1283 1209 1379 1261 καὶ
1425 1208 1496 1261 ἐν
1523 1209 1691 1277 πάσῃ
1736 1207 1811 1277 τῇ
1860 1211 1995 1264 Ἰου-

414 1290 555 1362 δαίᾳ
605 1293 704 1348 καὶ
757 1296 1084 1364 Σαμαρείᾳ,
1137 1297 1236 1350 καὶ
1267 1296 1378 1362 ἕως
1417 1297 1680 1364 ἐσχάτου
1710 1298 1821 1367 τῆς
1857 1299 1989 1368 γῆς.

413 1387 526 1440 Καὶ
567 1385 753 1440 ταῦτα
798 1387 984 1442 εἰπὼν
1008 1430 1023 1451 ,
1067 1390 1426 1453 βλεπόντων
1464 1389 1693 1456 αὐτῶν,
1740 1393 1988 1460 ἐπήρθη,

415 1476 514 1530 καί
551 1478 776 1547 νεφέλη
818 1479 1120 1534 ὑπέλαϐεν
1149 1480 1336 1534 αὐτὸν
1371 1481 1490 1535 ἀπὸ
1518 1478 1636 1536 τῶν
1672 1482 1995 1554 ὀφθαλμῶν

414 1569 632 1624 αὐτῶν.
662 1566 816 1636 Εἶδες
849 1571 966 1635 πῶς
1002 1573 1096 1626 καὶ
1123 1573 1530 1644 τεσσαράκοντα
1568 1575 1780 1647 ἡμέρας
1811 1578 1993 1639 αὐτοῖς

417 1657 731 1725 συνεγένετο
779 1660 872 1712 ἐπὶ
917 1660 1016 1731 τῆς
1059 1662 1164 1731 γῆς
1211 1664 1238 1716 6
1266 1664 1536 1734 Χριστὸς,
1575 1666 1670 1719 καὶ
1725 1666 1864 1736 μετά
1895 1666 1994 1730 τάς

414 1750 822 1819 τεσσαράκοντα
851 1753 1064 1824 ἡμέρας
1112 1753 1233 1807 τότε
1265 1755 1539 1828 ἀνελήφθη
1573 1759 1632 1810 ἐν
1681 1761 1792 1821 τοῖς
1828 1759 1993 1829 ούραο

413 1841 564 1903 νοῖςο
599 1841 713 1894 ἀλλ’
745 1841 943 1914 ἴδωμεν
966 1847 1014 1897 εἰ
1060 1845 1120 1899 ἐν
1167 1849 1230 1918 τῇ
1273 1849 1618 1919 ιῐεντηκοστῇ
1669 1849 1729 1902 τὸ
1770 1850 1993 1921 Πνεῦμα

414 1931 666 2003 ἐπέμφθη
693 1933 752 1986 τὸ
780 1934 951 2004 ἅγιον.
973 1937 1083 1990 Καὶ
1105 1937 1174 1989 ἐν
1193 1937 1270 2003 τῷ
1293 1939 1818 2007 συμπληροῦσθαι.
1837 1941 1991 2012 φησι,

414 2023 531 2090 τὴν
589 2025 818 2094 ἡμέραν
874 2025 984 2093 τῆς
1055 2027 1478 2096 Πεντηκοστῆς
1537 2027 1772 2098 ἐγένετο
1827 2030 1994 2099 ἄφνω

413 2111 566 2185 ἦχος
613 2117 683 2170 ἐκ
742 2118 848 2172 τοῦ
903 2120 1163 2187 οίιρανοῦ
1216 2121 1359 2175 ὡσεί
1415 2121 1746 2190 φερομένης
1797 2121 1993 2188 πνοῆς

413 2207 619 2274 βιαίας
645 2248 659 2271 ,
727 2211 825 2262 καὶ
899 2210 1192 2279 ὤφθησαν
1264 2213 1466 2280 αὐτοῖς
1533 2213 1993 2282 διαμεριζόμεναι

415 2297 690 2366 γλῶσσαι
726 2301 870 2356 ὡσεὶ
901 2302 1119 2371 πυρός,
1155 2305 1252 2358 καί
1281 2305 1562 2361 ἐκάθισεν
1599 2307 1693 2374 ἐφ’
1727 2306 1837 2360 ἕνα
1860 2306 1995 2360 ἐκα-

415 2405 570 2443 στον
614 2391 831 2445 αὐτῶν.
861 2393 1042 2448 Εἴδετε
1075 2396 1278 2467 ἀκριϐῆ
1320 2396 1417 2467 τὴν
1454 2397 1725 2463 ἀπόδειξιν
1768 2415 1995 2468 γεγενη-

418 2481 588 2552 μένην
608 2521 622 2544 ,
653 2478 764 2537 οἷον
793 2486 874 2538 ὅτι
897 2488 1306 2556 τεσσαράκοντα
1329 2488 1540 2559 ἡμέρας
1569 2484 1636 2559 ῆν
1686 2490 1779 2542 ἐπὶ
1816 2489 1918 2558 γῆς
1967 2490 1995 2541 ὁ

416 2571 689 2642 Χριστὸς,
719 2573 812 2627 καὶ
865 2575 986 2628 οὐδὲ
1035 2576 1515 2650 ἐθαυματούργουν
1571 2580 1620 2633 οἱ
1671 2580 1992 2646 ἀπόστολοι;

418 2664 547 2728 Πῶς
577 2665 686 2738 γάρ
733 2665 957 2736 ἔμελλον
989 2669 1424 2742 θαυματουργεῖν
1463 2675 1563 2742 τὴν
1587 2672 1681 2725 τοῦ
1713 2673 1870 2742 ἁγίου
1901 2675 1996 2727 καὶ

417 2757 681 2822 ζωοποιοῦ
715 2760 1028 2832 Πνεύματος
1059 2763 1218 2835 χάριν
1245 2763 1456 2818 οὐδέπω
1483 2764 1729 2835 ἔχοντες

487 2849 666 2903 Ετδετε
689 2889 704 2912 ,
743 2851 827 2904 ὅτι
856 2851 994 2921 μετά
1019 2854 1119 2916 τὰς
1146 2853 1555 2924 τεσσαράκοντα
1594 2853 1809 2925 ἡμέρας
1839 2866 1865 2895 ι
1904 2855 1997 2907 ἀν-

415 2937 622 3010 ελήφθη
653 2940 731 3002 είς
759 2939 850 2994 τὸν
879 2941 1106 3012 οὐρανὸν
1132 2943 1160 2994 6
1194 2942 1439 3013 Ἰησοῦς;
1486 2943 1654 2996 εἴδετε
1684 2942 1844 2997 πάλιν
1866 2984 1881 3009 ,
1915 2944 1996 2996 ὅτι

419 3030 556 3100 μετά
576 3031 675 3096 τὰς
700 3031 832 3085 δέκα
858 3033 1068 3103 ἡμέρας
1095 3033 1572 3105 ἐθαυματούργουν
1595 3036 1645 3087 οί
1676 3035 1993 3100 ἀπόστολοι;

430 3123 518 3175 Ἑν
543 3122 650 3195 γὰρ
684 3123 762 3195 τῷ
791 3125 1239 3198 συμπληροῦσθαι
1284 3126 1382 3198 τὴν
1415 3127 1628 3198 ἡμέραν
1663 3129 1762 3198 τῆς
1796 3129 1998 3199 Πεντη-

417 3214 616 3284 κοστῆς
653 3215 1012 3285 κατεπέμφθη
1051 3217 1112 3268 τὸ
1148 3215 1373 3287 Πνεῦμα
1413 3218 1475 3271 τὺ
1500 3218 1673 3286 ἅγιον.
1705 3219 1876 3272 Τοῦτο
1904 3215 1996 3272 οὖν

417 3305 536 3357 ἐστι
567 3305 751 3358 λοιπὸν
782 3307 843 3359 τὸ
873 3307 1224 3377 ζητούμενον,
1257 3308 1403 3372 τίνος
1439 3309 1624 3362 ἕνεκεν
1667 3311 1723 3363 αἱ
1764 3310 1999 3381 Πράξεις

416 3393 526 3450 τῶν
574 3396 886 3450 ἀποστόλων
917 3399 975 3451 ἐν
1007 3402 1072 3469 τῇ
1123 3401 1469 3472 Πεντηκοστῇ
1516 3401 1994 3470 ἀναγινώσκονται.

421 3487 484 3538 El
509 3487 614 3559 γάρ
644 3489 764 3540 τότε
790 3489 1023 3560 ἤρξαντο
1054 3495 1223 3544 ποιεῖν
1266 3493 1336 3545 τά
1365 3497 1566 3564 σημεῖα
1614 3495 1663 3547 οἱ
1691 3495 1996 3556 ἀπόστολοι,

419 3579 589 3647 ἤγουν
635 3579 772 3651 μετὰ
815 3581 910 3650 τὴν
944 3583 1149 3654 Κυρίου
1183 3585 1498 3650 ἀνάστασιν,
1528 3585 1648 3638 τότε
1679 3584 1784 3638 ἔδει
1815 3588 1907 3638 καὶ
1939 3585 2001 3638 τὸ

424 3671 625 3740 βιϐλίον
656 3673 1122 3742 ἀναγινώσκεσθαι
1169 3676 1346 3731 τοῦτο.
1374 3678 1586 3749 Ὥσπερ
1634 3677 1742 3750 γάρ
1772 3678 1840 3732 τὰ
1873 3681 2001 3751 περὶ

419 3763 516 3817 τοῦ
569 3765 802 3839 σταυροῦ
834 3768 891 3819 ἐν
922 3769 986 3837 τῇ
1032 3767 1216 3840 ἡμέρα
1249 3768 1484 3841 σταυροῦ
1534 3769 1998 3842 ἀναγινώσκομεν,

422 3855 516 3907 καὶ
541 3857 610 3910 τά
651 3858 796 3927 ἐντῇ
840 3856 1132 3910 ἀναστάσει
1178 3858 1411 3927 ὁμοίως,
1460 3861 1556 3914 καὶ
1582 3859 1652 3914 τά
1696 3862 1754 3914 ἐν
1795 3861 2002 3934 ἑκάστῃ

423 3947 585 4018 ἐορτῇ
622 3948 881 4017 γεγονότα
919 3949 984 4020 τῇ
1019 3950 1155 4019 αὐτῇ
1187 3949 1349 4004 πάλιν
1388 3951 1833 4022 ἀναγινώσκομεν
1856 3993 1871 4016 ,
1909 3951 2002 4004 οῦ-

423 4055 533 4102 τως
561 4039 666 4093 ἔδει
694 4041 787 4094 καὶ
817 4039 886 4094 τά
907 4039 1159 4111 θαύματα
1189 4040 1259 4095 τά
1287 4041 1621 4096 ἀποστολικά
1645 4045 1704 4096 ἐν
1731 4045 1851 4107 ταῖς
1873 4045 2004 4116 ήμέ-

427 4150 549 4205 ραις
583 4129 692 4202 rubv
717 4132 1090 4187 ἀποστολικῶν
1118 4133 1360 4205 σημείων
1386 4135 1874 4203 ἀναγινώσκεσθαι.

498 4229 571 4290 ς’.
599 4225 754 4288 Τίνος
782 4219 876 4278 οὖν
901 4225 1088 4280 ἓνεκεν
1112 4225 1173 4278 οὐ
1208 4225 1326 4279 τότε
1359 4225 1500 4280 αὐτά
1536 4227 1999 4298 ἀναγινώσκομεν,

425 4315 542 4368 ἀλλ’
569 4314 772 4378 εὐθέως
808 4315 947 4386 μετά
993 4315 1085 4370 τὸν
1137 4317 1365 4388 σταυρὸν
1409 4319 1502 4372 καὶ
1541 4318 1640 4388 τὴν
1683 4319 2000 4383 ἀνάστασιν,

425 4404 696 4458 ἀκούσατε
744 4405 883 4476 μετά
913 4405 1200 4479 ἀκριὸείας
1245 4407 1342 4478 τὴν
1374 4407 1550 4462 αἰτίαν
1577 4409 1814 4465 ἃπασαν.
1850 4410 2004 4464 Μετὰ

424 4497 518 4549 τὸν
549 4499 780 4568 σταυρὸν
819 4497 1020 4562 εὐθέως
1071 4499 1366 4554 ἀνάστασιν
1412 4501 1856 4572 καταγγέλλομεν
1907 4502 2001 4555 τοῦ

425 4588 663 4659 Χριστοῦ
685 4629 699 4651 ,
734 4589 832 4661 τῆς
862 4589 919 4643 δὲ
974 4589 1320 4654 ἀναστάσεως
1346 4590 1616 4655 ἀπόδειξίς
1645 4591 1758 4644 ἐστι
1804 4590 1876 4644 τά
1909 4609 2004 4662 ση-

430 4684 555 4752 μεῖα
581 4681 649 4735 τά
677 4681 1038 4743 ἀποστολικά.
1086 4681 1195 4735 τῶν
1243 4682 1299 4736 δὲ
1343 4683 1584 4753 σημείων
1633 4683 2004 4736 ἀποπολικῶν

425 4771 790 4826 διδασκαλεῖόν
823 4776 936 4828 ἐστι
992 4772 1149 4827 τοῦτο
1194 4771 1254 4825 τὸ
1312 4772 1530 4843 βιϐλίον.
1569 4775 1632 4826 ’0
1672 4773 1852 4826 τοίνυν
1902 4775 2004 4843 μά»

426 4862 585 4918 λιστα
612 4864 891 4920 πιστοῦται
917 4864 1016 4935 τὴν
1041 4865 1336 4918 ἀνάστασιν
1353 4865 1449 4936 τὴν
1471 4866 1822 4939 Δεσποτικὴν.
1849 4867 2004 4920 τοῦτο

435 4955 574 5028 μετά
589 4957 680 5010 τὸν
701 4957 932 5028 σταυρὸν
957 4958 1050 5012 καὶ
1067 4958 1168 5030 τὴν
1187 4955 1468 5029 ζωηφόρον
1488 4959 1780 5012 ἀνάστασιν
1803 4958 2004 5022 εὐθέως

338 5049 341 5052 ’
429 5049 480 5101 οί
511 5047 750 5116 Πατέρες
789 5049 1189 5121 ἐνομοθέτησαν
1232 5048 1719 5118 ἀναγινώσκεσθαι.
1759 5052 1858 5103 Διά
1888 5048 2002 5121 [90]

428 5136 588 5190 τοῦτο
611 5137 792 5191 τοίνυν
813 5177 828 5202 ,
867 5141 1159 5210 ἀγαπητοὶ,
1197 5143 1335 5212 μετά
1371 5143 1464 5196 τὸν
1498 5143 1731 5214 σταυρὸν
1782 5143 1878 5196 καὶ
1904 5141 2003 5212 τὴν

429 5229 724 5282 ἀνάστασιν
743 5228 942 5293 εὐθέως
963 5231 1405 5303 ἀναγινώσκομεν
1426 5234 1495 5289 τά
1517 5238 1719 5306 σημεῖα
1742 5235 1850 5288 τῶν
1876 5235 2006 5288 ἀπο·

432 5319 662 5382 στόλων,
696 5317 786 5372 ἵνα
809 5319 1020 5391 ἔχωμεν
1072 5322 1214 5393 σαφῆ
1250 5325 1344 5378 καὶ
1387 5326 1870 5398 ἀναμφισϐήτητον
1903 5327 2003 5397 τῆς

428 5409 781 5474 ἀναστάσεως
812 5411 911 5479 τὴν
959 5410 1248 5476 ἀπόδειξιν.
1300 5416 1413 5469 Οὐκ
1463 5414 1604 5479 εἶδες
1661 5417 1822 5472 αὐτὸν
1871 5419 2002 5472 ἀνα-

429 5503 633 5556 στάντα
661 5503 772 5564 τοῖς
820 5501 1115 5572 ὀφθαλμοῖς
1147 5504 1240 5557 τοῦ
1291 5504 1568 5577 σώματος,
1602 5508 1738 5562 ἀλλά
1787 5509 2003 5579 βλέπεις

498 5691 516 5717 ⁸
539 5695 621 5746 Sic
641 5695 797 5752 Colb..
825 5697 997 5748 Morel.
1027 5709 1142 5748 vero
1167 5707 1295 5747 male
1316 5700 1399 5755 τὰς
1421 5703 1534 5750 δέκα
1555 5703 1750 5762 ἡμέρας.

1075 282 1132 337 S.
1170 280 1456 337 JOANN’IS
1500 275 1997 334 CIESYSOSTOMI

2100 275 2360 331 RCIIIEP.
2409 267 2959 330 CONSTANTINOP.

3567 277 3670 324 "ib

2098 384 2258 437 αὑτὸν
2290 384 2594 439 ἀναστάντα
2628 385 2740 448 τοῖς
2788 382 3086 454 ὀφθαλμοῖς
3130 382 3227 453 τῆς
3277 384 3547 446 πίστεως·
3580 385 3682 439 οὐκ

2098 466 2234 530 εἶδες
2286 469 2446 523 αὐτὸν
2495 469 2582 522 διὰ
2628 468 2737 521 τῶν
2783 469 3044 539 ὀμμάτων
3098 468 3303 522 τούτων
3346 469 3680 534 ἀναστάντα,

2096 552 2210 605 ἀλλ’
2234 551 2353 621 ὕψει
2387 553 2548 606 αὐτὸν
2584 552 2890 605 ἀναστάντα
2925 549 3010 605 διά
3053 551 3162 604 τῶν
3199 551 3496 621 θαυμάτων
3539 554 3682 605 ἐκεί-

2096 654 2221 689 νων.
2267 637 2330 689 Ἣ
2375 638 2484 706 γὰρ
2517 636 2624 689 τῶν
2661 635 2902 706 σημείων
2943 634 3199 698 ἐπίδειξις
3233 637 3569 705 χειραγωγεῖ
3624 653 3682 688 σε

2096 720 2232 792 πρὸς
2260 720 2358 789 τὴν
2409 723 2506 790 τῆς
2555 719 2791 782 πίστεως
2823 718 3079 788 θεωρίαν.
3115 718 3278 773 Ἳὶθεν
3318 719 3410 772 τοῦ
3443 720 3684 790 φανῆναι

2095 805 2255 859 αὑτὸν
2285 805 2592 859 ἀναστάντα
2622 803 2802 873 πολλῷ
2825 802 3025 873 μείζων
3054 798 3121 874 ἦν
3151 803 3423 868 ἀπόδειξις
3447 806 3544 856 καὶ
3584 821 3654 857 σα

2097 897 2333 969 φεστέρα
2364 898 2425 951 τὸ
2481 899 2683 970 σημεῖα
2733 895 2979 965 γίνεσθαι
3011 899 3068 949 ὲν
3101 895 3181 965 τῷ
3226 896 3451 966 ὀνόματι
3486 894 3681 948 αὐτοῦ.

2097 979 2282 1033 Βούλει
2332 981 2521 1050 μαθεῖν
2547 1021 2562 1044 ,
2609 980 2728 1042 πῶς
2783 979 2941 1032 τοῦτο
2996 979 3194 1049 μᾶλλον
3245 978 3533 1032 πιστοῦται
3581 977 3686 1049 τὴν

2095 1062 2411 1128 ἀνάστασιν,
2447 1064 2479 1134 ἢ
2519 1065 2567 1116 εἰ
2593 1063 2765 1133 ἐφάνη
2797 1065 2964 1116 πᾶσιν
2996 1062 3304 1133 ἀνθρώποις
3335 1064 3452 1114 κατ’
3486 1061 3689 1130 ὀφθαλ-

2098 1146 2270 1216 μούςῖ
2323 1147 2621 1201 Ἀκούσατε
2669 1145 2966 1217 νουνεχῶς’
3015 1145 3248 1215 καὶγὰρ
3287 1145 3471 1198 πολλοὶ
3519 1145 3689 1198 τοῦτο

2095 1231 2363 1302 ἐρωτῶσι.
2394 1235 2486 1286 καὶ
2514 1232 2732 1300 λέγουσι
2750 1249 2763 1262 ο
2787 1230 2943 1294 Τίνος
2976 1229 3162 1283 ἕνεκεν
3196 1229 3435 1292 ἀναστάς
3463 1230 3567 1282 οὐκ
3596 1229 3690 1282 εύ-

2096 1315 2233 1379 θέως
2266 1315 2438 1387 ἐφάνη
2468 1319 2578 1379 τοῖς
2620 1314 2933 1377 Ἰουδαίοιςς
2984 1313 3120 1367 ἀλλά
3165 1313 3418 1384 περιττὸς
3453 1314 3481 1366 6
3523 1313 3687 1380 λόγος

2093 1392 2245 1462 οὗτος
2275 1400 2370 1454 καὶ
2417 1400 2662 1469 μάταιος.
2700 1398 2891 1469 Εἰγάρ
2937 1396 3128 1467 ἔμελλε
3178 1397 3314 1468 πρὸς
3353 1397 3450 1467 τὴν
3496 1398 3686 1450 πίστιν

2094 1482 2293 1546 αὐτοὺς
2322 1482 2750 1546 ἐπισπάσασθαι,
2787 1483 2886 1535 οὐκ
2913 1480 2979 1534 ἂν
3011 1482 3367 1553 παρῃτήσατο
3412 1482 3550 1549 μετά
3577 1481 3688 1546 τὴν

2095 1567 2391 1621 ἀνάστασιν
2421 1567 2659 1636 φανῆναι
2698 1568 2900 1620 πᾶσιν·
2933 1567 3016 1620 ὃτι
3063 1565 3118 1619 δὲ
3171 1566 3268 1618 οὐκ
3307 1565 3530 1634 ἔμελλεν
3579 1567 3689 1621 αὖ·

2092 1651 2218 1714 τοὺς
2250 1649 2659 1704 ἐπισπάσασθαι
2694 1651 2885 1718 φανεὶς
2914 1650 3094 1713 αὐτοῖς
3147 1649 3285 1719 μετά
3309 1649 3408 1719 τὴν
3444 1649 3690 1704 ἀνάστα-

2096 1751 2200 1797 σιν,
2235 1734 2475 1788 δείκνυσι
2501 1734 2590 1787 διὰ
2629 1733 2724 1787 τοῦ
2753 1733 3028 1805 Λαζάρου.
3059 1733 3260 1786 Τοῦτον
3311 1733 3420 1803 γὰρ
3442 1736 3686 1803 τετραή-

2097 1835 2261 1889 μερον
2285 1818 2476 1890 νεκρὸν
2523 1818 2834 1888 ἀναστήσας
2860 1857 2874 1880 ,
2905 1817 3136 1871 ὀδωδότα
3155 1858 3168 1880 ,
3200 1816 3517 1888 διεφθορότα
3537 1857 3553 1878 ,
3583 1818 3689 1870 καὶ

2097 1900 2235 1967 μετὰ
2267 1901 2376 1954 τῶν
2413 1902 2635 1972 κειριῶν
2665 1901 2946 1971 δεδεμένον
2989 1901 3219 1970 ποιήσας
3255 1900 3414 1952 αὑτὸν
3442 1899 3689 1965 ἐξελθεῖν

2094 1984 2200 2038 ὑπὸ
2230 1983 2327 2048 τάς
2372 1985 2626 2038 ἁπάντων
2661 1984 2813 2053 δψεις
2838 2027 2853 2047 ,
2884 1984 2946 2036 οὐ
2986 1983 3146 2052 μόνον
3185 1984 3286 2036 οὐκ
3329 1984 3690 2036 ἐπεσπάσατο

2096 2067 2231 2137 πρὸς
2257 2067 2357 2137 τὴν
2403 2068 2585 2121 πίστιν
2618 2069 2850 2132 αὐτοὺς,
2879 2067 3016 2120 ἀλλά
3063 2068 3156 2119 καὶ
3203 2065 3546 2136 παρώξυνεν
3592 2065 3690 2118 ἐλ-

2097 2150 2277 2214 θόντες
2307 2150 2415 2222 γάρ
2431 2151 2811 2222 ἠϐουλήθησαν
2843 2151 2937 2211 καὶ
2965 2149 3126 2202 αὑτὸν
3150 2148 3358 2200 ἀνελεῖν
3377 2147 3465 2202 διά
3496 2148 3686 2204 τοῦτο.

2095 2234 2156 2286 Εἰ
2185 2231 2277 2288 οὖν
2309 2235 2495 2305 ἓτερον
2538 2235 2801 2305 ἀνέστησε
2835 2235 2929 2286 καὶ
2962 2234 3062 2286 οὐκ
3088 2232 3418 2285 ἐπίστευσαν
3441 2273 3455 2294 ,
3485 2232 3690 2286 ἐαυτὸν

2095 2317 2407 2387 ἀναστήσας
2433 2321 2480 2370 εἰ
2510 2317 2710 2382 ἔδειξεν
2737 2317 2952 2378 ἑαυτὸν,
2979 2317 3082 2369 οὐκ
3106 2315 3172 2368 ἂν
3205 2314 3365 2367 πάλιν
3390 2315 3689 2386 ἐμάνησαν

2095 2404 2216 2455 κατ’
2250 2401 2449 2465 αὐτοῦς
2483 2403 2544 2455 Εἰ
2578 2403 2672 2454 καὶ
2706 2401 2870 2472 μηδὲν
2893 2399 3116 2469 ἔμελλον
3144 2398 3348 2463 ἀνύειν,
3387 2397 3498 2450 ἀλλ’
3527 2399 3689 2470 ὅμως

2093 2484 2180 2538 διὰ
2209 2486 2308 2556 τῆς
2324 2487 2720 2556 ἐπιχειρήσεως
2751 2483 2973 2554 ἔμελλον
3005 2483 3244 2536 ἀσεὸεἴν.

2169 2578 2330 2630 ’Ὥστε
2364 2575 2684 2647 βουλόμενος
2728 2577 2925 2640 αὐτοὺς
2981 2574 3287 2639 ἀπαλλάξαι
3344 2574 3541 2645 μανίας
3589 2594 3690 2631 πε·

2098 2667 2318 2737 ριττῆς,
2373 2667 2608 2737 ἔκρυψεν
2659 2666 2882 2720 ἑαυτόνο
2936 2665 3136 2736 μᾶλλον
3169 2667 3278 2738 γὰρ
3311 2666 3378 2720 ἂν
3424 2667 3690 2738 ἐποίησεν

2094 2757 2426 2820 ὑπευθύνους
2452 2757 2692 2817 κολάσει,
2733 2758 2782 2809 εί
2809 2756 2946 2827 μετὰ
2970 2757 3062 2809 τὸν
3097 2758 3330 2829 σταυρὸν
3359 2758 3554 2829 ἐφάνη.
3579 2758 3691 2812 Διὰ

2095 2849 2254 2902 τοῦτο
2299 2849 2609 2920 φειδόμενος
2639 2849 2818 2902 αὐτῶν
2849 2849 3052 2921 ἔκρυψε
3109 2849 3208 2920 μὲν
3233 2851 3421 2904 ἐαυτὸν
3471 2853 3534 2904 ἐκ
3575 2849 3688 2922 τῆς

2097 2942 2320 2994 ἐκείνων
2347 2940 2526 3010 ὅψεως
2552 2958 2565 2970 ·
2598 2940 2765 3008 ἔδειξε
2797 2941 2855 2994 δὲ
2883 2940 2972 2994 διά
3002 2942 3101 3012 τῆς
3123 2941 3234 2994 τῶν
3263 2942 3500 3012 σημείων
3541 2943 3687 2996 ἀπυ-

2095 3031 2330 3098 δείξεως.
2367 3031 2473 3085 Τοῦ
2504 3031 2614 3104 γὰρ
2648 3033 2778 3085 ίδεῖν
2801 3033 2964 3086 αὐτὸν
2987 3034 3298 3086 ἀναστάντα
3336 3035 3436 3086 οὐκ
3462 3033 3690 3087 ἔλαττον

2096 3120 2163 3194 ἦν
2187 3123 2418 3177 ἀκοῦσαι
2441 3123 2646 3194 Πέτρου
2669 3122 2946 3190 λέγοντος·
2990 3125 3093 3177 Ἐν
3120 3123 3200 3189 τῷ
3230 3125 3471 3194 dav-aﬂuat!
3487 3125 3690 3192 Ἰησοῦ

2101 3215 2354 3284 Χριστοῦ
2389 3217 2607 3284 ἕγειραι
2636 3215 2736 3269 καὶ
2775 3214 3101 3284 περιπάτει.
3136 3217 3245 3270 Καὶ
3274 3219 3354 3271 ὅτι
3377 3217 3535 3272 τοῦτο
3561 3219 3694 3272 ἀνα-

2101 3307 2346 3370 στάσεως
2388 3307 2619 3378 μεγίστη
2666 3306 2939 3370 ἀπόδειξις
2962 3347 2978 3372 ,
3010 3305 3104 3359 καὶ
3139 3305 3503 3378 εὐκολώτερον
3545 3306 3689 3380 πρὸς

2101 3400 2348 3470 πίστινῆ
2406 3402 2583 3453 ἐκεῖνο
2615 3399 2674 3452 τὸ
2721 3399 3020 3470 πρότερον,
3084 3400 3179 3452 καὶ
3220 3399 3420 3468 μᾶλλον
3453 3400 3692 3470 ἠδύνατο

2101 3497 2286 3548 πεῖσαι
2321 3493 2418 3554 τάς
2449 3493 2684 3556 διανοίας
2713 3492 2821 3546 τῶν
2873 3492 3179 3564 ἀνθρώπων
3214 3492 3276 3545 τὸ
3305 3495 3506 3562 σημεῖα
3554 3492 3689 3562 φαί-

2101 3584 2286 3639 νεσθαι
2315 3587 2372 3638 ἐν
2398 3583 2475 3654 τῷ
2505 3584 2730 3654 ὀνόματι
2761 3582 2926 3638 αὑτοῦ
2956 3584 3238 3655 γινόμενα.
3275 3583 3308 3654 ῆ
3339 3583 3401 3636 τὸ
3430 3584 3557 3637 ίδεῖν
3583 3585 3687 3638 αὐ-

2100 3677 2190 3730 τὸν
2240 3675 2548 3730 ἀναστάντα
2571 3715 2585 3738 ,
2636 3675 2795 3744 δῆλον
2842 3675 3072 3730 ἐκεῖθεν.
3109 3676 3332 3744 ’Δνέστη
3364 3675 3457 3730 καὶ
3485 3674 3693 3741 ἔδειξεν

2101 3770 2290 3824 ἑαυτὸν
2321 3771 2434 3832 τοῖς
2467 3768 2736 3840 μαθηταῖς
2772 3768 2801 3820 6
2838 3769 3068 3839 Χριστός
3090 3784 3104 3798 ·
3140 3765 3253 3819 ἀλλ’
3287 3767 3436 3836 ὅμως
3487 3766 3688 3838 εὑράθη

2101 3880 2183 3926 τις
2217 3861 2462 3915 ἀπιστῶν
2496 3860 2590 3914 καὶ
2642 3863 2699 3914 ἐν
2725 3861 2954 3923 ἐκείνοις
2980 3860 3179 3927 Θωμᾶς
3210 3860 3238 3912 6
3270 3858 3562 3929 λεγόμενος
3593 3859 3689 3912 Δί-

2100 3951 2159 4003 δυ
2169 3967 2293 4022 μος,
2319 3952 2412 4004 καὶ
2437 3950 2629 4021 ἐδεήθη
2655 3950 2748 4002 τοῦ
2768 3951 2864 4014 τὰς
2889 3952 3077 4020 χεῖρας
3101 3951 3429 4016 είσενεγκεῖν
3452 3948 3536 4010 είς
3557 3949 3690 4012 τοὺς

2100 4043 2305 4105 τύπους
2335 4042 2445 4095 τῶν
2472 4041 2618 4113 ἥλων
2637 4058 2651 4072 °
2686 4040 2879 4112 ἐδεήθη
2906 4041 2962 4094 δὲ
2997 4040 3089 4093 καὶ
3117 4041 3216 4111 τήν
3246 4039 3488 4111 πλευράν
3517 4039 3688 4093 αὐτοῦ

2103 4134 2460 4205 καταμαθεῖν.
2495 4135 2556 4187 El
2605 4133 2662 4187 δὲ
2699 4134 2728 4186 6
2781 4133 3027 4204 μαθητὴς
3061 4135 3267 4188 ἐκεῖνος
3312 4135 3340 4186 6
3377 4134 3524 4202 τρεῖς
3559 4132 3691 4204 χρό-

2103 4244 2225 4290 νους
2257 4226 2542 4298 διατρίψας
2589 4225 2709 4296 μετ’
2746 4224 2911 4278 αὐτοῦ
2931 4266 2947 4290 ,
2973 4226 3001 4277 6
3033 4224 3310 4294 τραπέζης
3345 4225 3688 4292 Δεσποτικῆς

2104 4317 2470 4386 κοινωνήσας,
2525 4315 2554 4367 6
2595 4316 2796 4386 σημεῖα
2825 4313 2918 4367 καὶ
2956 4316 3160 4384 τέρατα
3209 4312 3544 4382 θεασάμενος
3589 4312 3689 4382 μέ·

2104 4423 2266 4474 γιστα
2289 4445 2303 4467 ,
2335 4409 2363 4459 6
2397 4405 2661 4476 ῥημάτων
2691 4403 3036 4457 Δεσποτικῶν
3083 4401 3370 4473 μετασχὼν
3392 4442 3409 4469 ,
3439 4402 3536 4456 καὶ
3561 4401 3689 4456 ίδὼν

2103 4497 2265 4553 αὑτὸν
2298 4496 2605 4552 ἀναστάντα
2628 4535 2643 4558 ,
2672 4496 2733 4548 ού
2764 4495 3026 4568 πρότερον
3055 4496 3376 4548 ἐπίστευσεν
3394 4535 3408 4560 ,
3455 4494 3564 4559 ἕως
3597 4495 3686 4549 ὅτε

2104 4591 2229 4654 τοὺς
2256 4588 2454 4652 τύπους
2480 4589 2588 4642 τῶν
2612 4587 2757 4659 ἥλων
2787 4588 2880 4641 καὶ
2907 4588 3006 4657 τῆς
3039 4587 3238 4658 λόγχης
3288 4586 3358 4640 τά
3395 4588 3689 4658 τραύματα

2107 4676 2214 4735 εἶδε
2237 4696 2250 4708 ·
2283 4681 2401 4743 πῶς
2433 4679 2782 4751 ήοικουμένη
2815 4679 3093 4733 πιστεύειν
3116 4680 3378 4748 ἔμελλεν,
3413 4678 3538 4732 εἰπέ
3572 4697 3684 4750 μοι,

2107 4774 2157 4825 εί
2183 4766 2322 4826 εἶδεν
2349 4772 2510 4826 αὑτὸν
2548 4769 2661 4843 [91]
2689 4771 2998 4824 ἀναστάντα
3022 4787 3036 4835 ;
3066 4771 3174 4824 Καὶ
3194 4771 3278 4832 τίς
3315 4769 3380 4822 ἀν
3404 4768 3579 4822 ταῦτα
3605 4769 3687 4822 εἷο

2108 4881 2233 4932 ποι;
2261 4865 2376 4917 Οὐκ
2421 4863 2671 4916 ἐντεῦθεν
2699 4862 2757 4915 δὲ
2790 4861 2968 4932 μόνον,
3007 4861 3143 4915 ἀλλά
3173 4863 3266 4916 καὶ
3286 4859 3554 4931 ἑτέρωθεν
3579 4861 3688 4914 δεί-

2108 4951 2267 5022 ξομεν
2289 4991 2305 5014 ,
2347 4951 2429 5004 ὅτι
2469 4950 2670 5021 μᾶλλον
2707 4950 2890 5004 ἔπειθε
2919 4951 2987 5002 τά
3031 4953 3231 5021 σημεῖα
3261 4949 3353 5004 τοῦ
3386 4950 3690 5004 θεάσασθαι

2105 5046 2223 5098 κατ’
2249 5043 2369 5114 όψιν
2416 5042 2743 5097 ἀναστάντα.
2791 5041 3144 5105 Ἀκούσαντες
3187 5042 3294 5114 γάρ
3320 5042 3369 5094 οί
3415 5041 3561 5111 ὄχλοι
3589 5041 3688 5094 τοῦ

2105 5138 2312 5207 Πέτρου
2362 5136 2442 5207 τῷ
2493 5137 2651 5208 χωλῷ
2704 5138 2976 5207 λέγοντος,
3052 5137 3149 5190 Ἐν
3203 5137 3447 5205 ὀνόματι
3488 5134 3689 5204 Ἰησοῦ

2103 5229 2360 5297 Χριστοῦ
2391 5231 2608 5300 ἐγειραι
2632 5229 2730 5284 καὶ
2761 5230 3086 5300 περιπάτει,
3117 5227 3404 5300 τρισχίλιοι
3434 5227 3691 5281 ἐπίστευ-

2106 5337 2205 5373 σαν
2239 5322 2333 5376 καὶ
2368 5322 2788 5394 πεντακισχίλιοι
2815 5322 2894 5394 τῷ
2916 5321 3139 5393 Χριστῷ
3164 5321 3391 5393 ἀνδρες·
3419 5322 3450 5375 6
3484 5319 3544 5374 δὲ
3577 5337 3686 5390 μα-

2103 5412 2272 5484 θητὴς
2303 5413 2425 5473 ἰδὼν
2452 5415 2760 5469 ἀναστάντα
2796 5415 3121 5486 ἠπίστησεν.
3169 5415 3334 5486 Ὁρᾷς
3365 5413 3485 5477 πῶς
3525 5411 3689 5468 τοῦτο

2102 5502 2466 5575 εὐκολώτερον
2521 5505 2720 5574 μᾶλλον
2753 5506 2888 5578 πρὸς
2919 5505 3018 5577 τὴν
3070 5505 3172 5576 τῆς
3219 5505 3570 5567 ἀναστάσεως
3596 5503 3689 5557 πίε

2105 5612 2254 5660 στιν;
2284 5593 2501 5650 ’Ἐκεῖνο
2533 5597 2633 5667 μὲν
2669 5598 2780 5671 γάρ
2809 5599 2902 5653 καὶ
2951 5600 2978 5651 6
3035 5601 3232 5662 οίκείος
3280 5595 3530 5670 μαθητὴς
3561 5595 3690 5650 ίδὼν

2103 5689 2395 5760 ἡπίστησε·
2427 5689 2595 5743 ταῦτα
2645 5691 2698 5743 δὲ
2749 5691 2836 5744 καὶ
2891 5692 2940 5743 οἱ
2989 5691 3168 5762 ἐχθροὶ
3209 5690 3534 5762 θεασάμενοι
3564 5687 3690 5740 ἐπι-
