4010 6342
244 318 348 372 105

237 438 327 474 vos
348 427 518 472 autem
549 413 927 487 baptizabimini
952 412 1150 483 Spiritu
1188 422 1361 465 sancto
1386 426 1487 463 non
1512 416 1624 471 post
1653 404 1837 460 mullos

237 514 332 567 hos
360 512 469 565 dies
500 511 635 583 (Act.
660 511 712 563 l.
732 510 784 562 4.
809 507 890 578 5).
919 505 1044 560 lituo
1073 514 1250 558 autem
1286 502 1337 556 in
1358 501 1546 556 diebus
1573 499 1678 552 illis
1702 512 1838 568 qua-

237 604 486 674 draginta
505 617 537 656 a
553 599 710 657 Salva
719 608 833 653 tore
859 605 987 651 sunt
1002 596 1162 650 dicta.
1182 593 1207 647 Ι
1215 595 1348 665 gitur
1362 593 1446 657 qui
1473 598 1803 645 convenerant
1818 628 1835 655 ,

234 694 621 767 interrogabant
651 709 765 746 eum
793 691 1012 744 dicentes
1043 704 1060 742 :
1087 687 1323 750 Domine,
1353 686 1396 739 si
1417 686 1469 738 in
1495 695 1716 754 tempore
1744 682 1839 735 hoc

233 786 472 840 restitues
496 800 709 855 regnum
740 780 908 836 Israel
936 780 961 833 ?
986 779 1131 833 Dixit
1161 788 1328 831 autem
1356 777 1428 830 eis
1447 816 1463 840 ,
1502 774 1621 829 Non
1651 784 1721 828 est
1749 790 1834 827 ve—

232 888 398 931 strum
422 892 570 931 nosse
589 884 817 944 tempora
839 871 917 926 vel
935 878 1186 925 momenta
1206 908 1222 933 ,
1262 882 1375 938 qute
1402 866 1560 922 Pater
1591 866 1756 935 posuit
1783 864 1835 917 in

231 983 332 1019 sua
389 974 673 1037 potestate;
723 962 810 1016 sed
863 960 1118 1030 accipietis
1162 959 1396 1012 virtutem
1442 955 1836 1025 supervenientis

234 1056 468 1126 Spiritus
489 1055 651 1109 sancti
681 1053 734 1106 in
759 1067 846 1105 vos
865 1092 881 1117 ,
904 1060 951 1106 et
976 1050 1115 1104 eritis
1144 1049 1267 1101 mihi
1289 1056 1433 1101 testes
1456 1049 1509 1101 in
1524 1046 1829 1110 Jerusalem,

233 1160 283 1202 et
325 1148 383 1203 in
423 1147 563 1201 omni
601 1145 791 1199 Judtea
832 1153 879 1196 et
927 1141 1204 1207 Samaria,
1232 1148 1278 1194 et
1310 1154 1466 1207 usque
1506 1136 1574 1190 ad
1604 1136 1835 1189 ultimum

235 1250 407 1294 terras.
440 1237 651 1292 Etcum
690 1237 797 1290 lucc
827 1235 1070 1294 dixisset,
1116 1229 1396 1284 videntibus
1436 1228 1574 1291 illis,
1617 1226 1835 1281 elevatus

234 1342 344 1399 est,
372 1340 421 1386 et
444 1331 601 1384 nubes
629 1327 850 1395 suscepit
877 1342 993 1377 eum
1017 1324 1078 1377 ab
1097 1323 1255 1376 oculis
1276 1338 1451 1375 eorum
1485 1318 1590 1389 (Ib.
1618 1335 1664 1371 v.
1685 1318 1831 1387 6-9).

239 1422 441 1486 Vides,
498 1437 606 1492 quo
659 1428 814 1489 pacto
854 1427 1058 1472 etcum
1088 1416 1219 1485 ipsis
1253 1413 1602 1483 quadraginta
1646 1411 1835 1467 diebus

234 1524 488 1570 versatus
531 1511 696 1567 fuerit
736 1509 986 1564 Christus
1034 1509 1086 1560 in
1136 1505 1325 1569 terris,
1376 1514 1430 1558 et
1457 1512 1579 1573 post
1606 1502 1837 1573 quadra-

233 1606 385 1676 ginta
409 1604 627 1660 demum
661 1600 777 1656 dies
806 1608 1116 1668 assumptus
1144 1597 1198 1651 in
1225 1596 1387 1651 cmlos
1416 1594 1609 1660 fuerit;
1637 1594 1731 1649 sed
1755 1594 1833 1648 vi-

231 1697 464 1753 deamus
491 1711 557 1751 an
585 1696 638 1750 in
667 1695 985 1749 Pentecoste
1033 1692 1231 1746 missus
1260 1688 1425 1745 fuerit
1450 1688 1681 1758 Spiritus
1705 1703 1833 1742 san-

235 1802 381 1846 ctus.
425 1788 495 1844 Et
533 1805 649 1843 cum
698 1787 1069 1855 compleretur,
1095 1784 1302 1854 inquit,
1336 1783 1442 1835 dies
1472 1780 1830 1845 Pentecostes,

234 1886 409 1955 {actus
434 1892 509 1937 est
546 1890 750 1952 repente
776 1880 840 1933 de
877 1879 1002 1933 calo
1028 1894 1182 1931 sonus
1223 1885 1481 1946 tamquam
1522 1875 1834 1930 advenientis

233 1978 448 2047 spiritus
476 1975 776 2030 vehementis
803 2014 818 2038 ,
859 1983 907 2026 et
927 1979 1279 2043 apparuerunt
1298 1969 1403 2024 illis
1427 1968 1705 2039 dispertin
1734 1968 1834 2021 lin-

228 2085 356 2141 guae
398 2079 656 2139 tamquam
700 2067 871 2137 ignis,
915 2064 1141 2136 seditque
1187 2078 1343 2133 supra
1388 2061 1616 2131 singulos
1658 2077 1833 2115 eorum

235 2159 344 2232 (Ib.
369 2160 471 2214 2.1
504 2188 530 2200 -
555 2160 589 2215 5
608 2155 650 2231 ).
687 2156 898 2212 Videtis
917 2165 1156 2211 exactam
1172 2153 1683 2209 demonstrationem
1700 2151 1834 2206 alla-

234 2266 371 2318 tam,
398 2262 452 2307 ut
472 2260 685 2307 constet
708 2248 1057 2320 quadraginta
1081 2246 1271 2301 diebus
1299 2245 1349 2299 in
1383 2244 1538 2299 terris
1563 2244 1832 2300 Christum

230 2357 360 2398 esse
390 2350 694 2404 versatum,
743 2353 844 2394 nec
889 2338 1057 2392 ullum
1100 2336 1168 2391 ab
1209 2329 1467 2405 apostolis
1513 2335 1833 2390 miraculum

231 2450 358 2489 esse
384 2431 691 2504 patratum?
718 2430 999 2498 Quomodo
1024 2430 1169 2484 enim
1198 2428 1456 2483 miracula
1495 2436 1706 2498 patrare
1733 2442 1833 2498 po-

234 2528 499 2591 tuissent,
541 2539 665 2578 cum
694 2521 924 2579 necdum
949 2521 1123 2577 sancti
1151 2535 1215 2575 ac
1234 2518 1430 2575 viviﬁci
1460 2518 1689 2590 Spiritus
1708 2534 1834 2591 gra-

234 2627 369 2675 tiam
396 2620 737 2689 accepissent
767 2620 790 2671 ’ί

305 2712 483 2765 Lectio
512 2708 794 2781 Scriptum
829 2709 879 2762 in
910 2708 1046 2779 festis
1067 2706 1352 2761 distributa.
1383 2704 1487 2761 Cur
1510 2716 1619 2778 post
1645 2703 1834 2761 Resur-

230 2804 511 2856 rectionem
541 2799 742 2854 ludatis
780 2816 881 2853 non
924 2799 1220 2870 apparuerit
1246 2798 1501 2853 Christus.
1529 2826 1604 2837 -—
1631 2796 1834 2852 Videtis

236 2902 361 2963 post
383 2892 739 2962 quadraginta
760 2891 876 2946 dies
890 2889 1074 2945 Jesum
1101 2899 1436 2959 assumptum
1456 2889 1509 2944 in
1530 2889 1690 2945 caelos
1701 2890 1834 2945 fuis-

232 3000 294 3038 se
314 2984 340 3036 ?
368 2981 574 3037 Videtis
603 2996 790 3037 rursus
817 2989 938 3052 post
967 2980 1153 3035 decem
1175 2980 1292 3036 dies
1313 2980 1382 3035 ab
1406 2981 1664 3051 apostolis
1693 2981 1834 3035 edita

233 3089 361 3129 esse
392 3073 651 3127 miracula
676 3073 700 3126 ?
725 3072 858 3127 Cum
889 3073 1030 3127 enim
1058 3072 1422 3142 compleretur
1468 3071 1585 3127 dies
1638 3072 1834 3127 Pente-

232 3176 452 3233 costes,
504 3167 773 3241 demissus
817 3175 904 3222 est
950 3165 1182 3238 Spiritus
1229 3177 1447 3222 sanctus
1493 3167 1644 3223 :hoc
1677 3167 1836 3239 igitur

232 3257 590 3328 quaerendum
620 3266 817 3324 restat,
847 3273 952 3328 qua
991 3257 1060 3313 de
1089 3272 1250 3313 causa
1281 3257 1334 3312 in
1362 3258 1680 3315 Pentecoste
1702 3259 1833 3314 Acta

236 3352 489 3421 legantur
511 3350 911 3419 Apostolorum.
943 3348 998 3405 Si
1028 3350 1169 3405 enim
1192 3358 1303 3404 tum
1333 3351 1481 3421 signa
1522 3349 1701 3406 facere
1725 3366 1834 3407 cm-

237 3454 438 3515 perunt
458 3444 687 3513 apostoli
708 3485 723 3511 ,
754 3443 857 3498 hoc
875 3452 960 3498 est
986 3452 1104 3513 post
1125 3443 1336 3498 Domini
1362 3444 1832 3509 resurrectionem,

237 3545 356 3587 tum
387 3533 551 3588 etiam
586 3535 725 3588 hunc
777 3533 878 3604 legi
916 3533 1109 3588 librum
1137 3533 1435 3604 Oportebat.
1487 3533 1621 3588 Nam
1648 3549 1833 3605 quem-

237 3626 535 3683 admodum
556 3642 618 3682 ea
639 3643 758 3699 qua:
806 3627 873 3682 ad
899 3642 1111 3683 crucem
1146 3628 1444 3698 pertinent,
1472 3628 1526 3683 in
1566 3627 1655 3684 die
1701 3627 1835 3698 legi-

240 3736 367 3776 mus
387 3720 587 3784 crucis,
606 3731 660 3774 et
681 3720 733 3774 in
752 3720 1145 3775 resurrectione
1170 3720 1294 3775 item
1314 3760 1331 3787 ,
1361 3728 1417 3776 et
1442 3720 1494 3774 in
1520 3720 1743 3791 singulis
1762 3722 1841 3776 fe-

237 3815 338 3867 stis
358 3853 376 3877 ,
399 3827 521 3884 qua:
543 3812 596 3866 in
628 3811 851 3880 singulis
874 3810 1215 3875 acciderunt,
1253 3810 1447 3865 iterum
1469 3810 1731 3880 legimus:
1758 3811 1838 3867 sic

236 3917 294 3959 et
313 3902 573 3959 miracula
595 3902 832 3973 oportuit
854 3901 1146 3973 apostolica
1169 3902 1649 3972 inapostolicorum
1673 3901 1837 3957 mira-

237 3996 488 4051 culorum
516 3993 705 4048 diebus
727 3992 850 4063 legi.

314 4086 371 4141 6.
410 4084 521 4139 Cur
541 4085 701 4155 igitur
723 4100 828 4139 non
853 4083 940 4137 illa
975 4092 1084 4137 tum
1107 4082 1349 4153 legamus
1369 4124 1388 4150 ,
1403 4082 1499 4138 sed
1518 4083 1697 4137 statim
1720 4090 1841 4154 post

238 4193 467 4234 crucem
487 4218 502 4245 ,
532 4188 588 4233 et
607 4176 1055 4231 resurrectionem
1078 4217 1094 4243 ,
1122 4190 1337 4231 causam
1365 4191 1580 4231 omnem
1610 4175 1837 4247 diligen-

239 4282 328 4327 ter
368 4269 653 4326 attendite.
699 4270 896 4325 Statim
944 4278 1064 4339 post
1106 4284 1358 4334 crucem,
1387 4270 1837 4325 resurrectionem

239 4363 447 4420 Christi
469 4363 846 4422 annnntiamus
866 4379 881 4416 :
905 4377 1066 4433 porro
1084 4362 1472 4417 demonstratio
1492 4363 1842 4419 resurrectio—

240 4457 332 4512 nis
359 4456 617 4510 miracula
637 4464 763 4511 sunt
787 4454 1079 4525 apostolica
1108 4473 1122 4508 :
1166 4454 1315 4525 atqui
1344 4454 1476 4510 nihil
1504 4454 1647 4509 aliud
1675 4462 1759 4509 est
1779 4455 1843 4509 li-

240 4550 344 4604 ber
371 4547 512 4613 iste,
551 4561 709 4618 quam
755 4546 1169 4616 apostolicorum
1218 4545 1399 4600 schola
1441 4545 1839 4602 miraculorum.

239 4640 402 4709 Quod
446 4640 606 4711 igitur
654 4638 940 4695 dominica:
986 4639 1396 4695 resurrectionis
1425 4640 1655 4695 maxime
1680 4638 1840 4695 ﬁdem

241 4733 408 4795 iacit,
441 4730 545 4785 hoc
567 4731 746 4785 statim
778 4738 899 4801 post
923 4746 1137 4786 crucem
1165 4740 1220 4786 et
1257 4731 1380 4786 vitae
1406 4731 1727 4802 largitricem
1758 4748 1843 4787 re-

241 4824 646 4878 surrectionem
678 4830 855 4893 patres
900 4821 1004 4893 legi
1029 4830 1350 4878 statuerunt.
1384 4822 1531 4877 Hanc
1571 4822 1730 4894 igitur
1773 4824 1843 4879 ob

239 4930 470 4971 causam
496 4957 511 4979 ,
555 4914 925 4979 dileCtissimi,
982 4914 1157 4969 statim
1222 4923 1345 4985 post
1383 4929 1597 4969 crucem
1649 4929 1713 4968 ac
1759 4931 1843 4969 re-

239 5009 642 5064 surrectionem
668 5008 917 5062 miracula
946 5008 1172 5078 legimus
1210 5007 1572 5078 apostolorum
1594 5048 1610 5074 ,
1643 5017 1699 5061 ut
1725 5023 1842 5061 ma-

242 5103 504 5157 nifestam
534 5110 589 5155 et
641 5100 991 5156 indubitatam
1029 5100 1441 5156 resurrectionis
1470 5099 1842 5170 probationem

244 5194 566 5248 habeamus.
599 5191 901 5246 Excitatum
932 5192 1078 5245 illum
1105 5206 1135 5245 a
1163 5191 1388 5245 mortuis
1418 5190 1692 5261 corporeis
1716 5205 1844 5245 ocu-

243 5286 314 5339 lis
341 5300 452 5338 nen
477 5282 693 5348 vidisti,
726 5281 823 5337 sed
840 5283 1010 5337 oculis
1031 5281 1153 5339 ﬁdei
1184 5283 1361 5338 cernis
1382 5281 1530 5336 illum
1560 5298 1589 5335 a
1616 5282 1844 5336 mortuis

240 5377 569 5433 excitatum.
588 5375 705 5430 Non
724 5375 901 5431 vidisti
932 5376 1079 5430 illum
1107 5374 1191 5429 his
1213 5374 1384 5430 oculis
1405 5389 1433 5428 a
1455 5373 1680 5428 mortuis
1706 5378 1844 5427 exci-

243 5480 419 5524 tatum
440 5511 457 5535 ,
484 5479 540 5524 at
566 5484 661 5539 per
689 5469 778 5523 illa
798 5468 1052 5524 miracula
1076 5468 1367 5523 excitatum
1388 5467 1534 5522 illum
1559 5481 1589 5521 a
1616 5466 1842 5521 mortuis

241 5562 551 5617 iutuebere.
591 5560 673 5615 Ad
698 5561 845 5615 ilium
873 5561 1014 5615 enim
1046 5559 1166 5614 ﬁdei
1196 5570 1541 5630 conspectum
1568 5558 1839 5629 signorum

238 5656 506 5711 exhibin
536 5665 587 5710 te
607 5655 841 5711 deducit.
875 5655 1059 5727 Itaque
1079 5655 1248 5711 multo
1267 5658 1438 5724 major
1462 5663 1516 5708 et
1543 5652 1842 5709 evidentior

239 5732 338 5804 llis
366 5745 463 5802 fuit
481 5745 901 5813 demonstratio,
931 5744 1070 5819 quod
1095 5746 1147 5801 in
1179 5746 1297 5815 ejus
1326 5744 1541 5801 nomine
1564 5745 1709 5819 signa
1736 5742 1832 5798 lie—

921 296 1061 353 CUR
1101 295 1166 351 IN
1207 292 1494 351 PBNTEC.
1537 289 1740 356 ACTA,
1782 288 1932 345 ETC.
1977 289 2044 345 IN
2082 288 2368 347 PRINCIP.
2409 291 2755 350 ACTORUM.
2801 294 2889 355 IV.

3429 296 3533 353 ωδ

1949 413 2098 468 rent,
2128 421 2288 476 quam
2316 406 2457 477 quod
2484 408 2747 463 excitatus
2776 409 2865 465 ille
2891 423 2925 464 a
2949 410 3175 465 mortuis
3220 424 3525 480 appareret.

1948 495 2110 552 Visne
2136 497 2466 569 intelligere,
2495 514 2602 570 quo
2632 510 2785 569 pacto
2823 500 3081 570 majorem
3112 503 3526 559 resurrectionis

1946 588 2084 642 istud
2115 590 2272 644 tidem
2314 588 2499 654 faciat,
2530 606 2686 659 quam
2717 591 2763 645 si
2791 593 3027 646 omnium
3059 590 3331 648 hominum
3359 595 3531 651 oculis

1942 693 2063 734 sese
2112 680 2424 735 intuendum
2464 681 2745 736 obtulisset
2771 682 2795 736 ?
2821 682 3121 739 Prudenter
3150 686 3406 743 attendite
3439 702 3452 739 :
3483 688 3527 741 si

1943 770 2164 840 quidem
2196 772 2346 827 multi
2371 784 2645 842 qumruut,
2665 774 2923 829 etdicuut
2952 792 2966 827 :
2995 775 3163 843 Quam
3195 778 3525 843 ebcausam,

1943 878 2064 917 cum
2096 865 2510 927 resurrexisset.
2546 881 2652 919 non
2682 866 2861 920 statim
2902 866 3103 922 Iudaeis
3128 872 3413 939 apparuit?
3433 888 3526 923 ve-

1942 971 2062 1009 rum
2093 970 2524 1026 supervacaneus
2551 966 2604 1013 et
2644 974 2813 1013 vanus
2838 970 2920 1014 est
2946 960 3045 1014 iste
3071 976 3271 1017 sermo.
3301 961 3357 1018 Si
3384 965 3525 1020 enim

1940 1046 2006 1101 ad
2039 1046 2197 1103 ﬁdem
2221 1047 2343 1102 illos
2360 1049 2686 1118 pellecturus
2713 1050 2914 1117 fuisset,
2944 1060 3063 1121 post
3077 1054 3521 1113 resurrectionem

1941 1140 2191 1195 omnibus
2222 1156 2481 1211 apparere
2511 1159 2617 1196 non
2657 1155 2962 1199 recusasset
2992 1161 3007 1197 :
3047 1153 3300 1201 caeterum
3332 1161 3531 1219 nequa-

1941 1248 2098 1302 quam
2128 1247 2222 1287 eos
2262 1248 2322 1287 se
2348 1234 2695 1304 pellecturum
2726 1236 2922 1300 fuisse,
2950 1235 2995 1289 si
3041 1246 3160 1306 post
3188 1240 3532 1294 resurrectio-

1942 1343 2064 1381 nem
2092 1327 2197 1382 illis
2224 1329 2593 1398 apparuisset,
2626 1344 2721 1399 per
2764 1329 3023 1384 Lazarum
3070 1328 3342 1386 iudicavit.
3393 1331 3529 1387 Cum

1938 1417 2081 1473 enim
2137 1417 2278 1473 hunc
2320 1419 2737 1489 quatriduanum
2778 1433 3078 1487 mortuum,
3127 1423 3438 1489 fetentem,
3475 1433 3533 1478 et

1939 1519 2249 1579 corruptum
2279 1512 2624 1578 suscitasset,
2665 1522 2718 1565 et
2747 1509 3015 1566 effecisset
3034 1521 3091 1566 ut
3113 1512 3306 1581 ligatus
3335 1512 3531 1575 institis

1939 1600 1994 1654 in
2015 1610 2361 1671 conspectum
2397 1604 2636 1656 omnium
2668 1602 2907 1672 prodiret
2927 1643 2944 1666 ,
2976 1619 3083 1658 non
3113 1603 3288 1659 solum
3316 1605 3436 1660 illos
3461 1605 3531 1663 ad

1941 1689 2098 1745 {idem
2126 1707 2230 1746 non
2258 1692 2494 1759 attraxit,
2515 1694 2610 1749 sed
2627 1694 2786 1749 etiam
2814 1694 3072 1749 irritavit:
3092 1697 3366 1752 venientes
3384 1698 3528 1752 enim

1940 1782 2114 1851 ipsum
2138 1783 2301 1837 etiam
2328 1784 2631 1840 interﬁcere
2648 1783 2751 1841 hac
2774 1785 2842 1841 de
2863 1801 3022 1841 causa
3042 1787 3325 1843 voluerunt
3347 1788 3527 1862 (Joan.

1940 1872 2029 1928 l2.
2060 1871 2173 1946 10).
2222 1874 2279 1929 Si
2307 1889 2436 1946 ergo
2480 1890 2601 1930 cum
2630 1877 2856 1930 alterum
2883 1892 2912 1930 a
2941 1879 3168 1933 mortuis
3193 1880 3524 1950 excitasset,

1938 1980 2043 2019 non
2072 1974 2248 2021 tamen
2272 1965 2616 2022 crediderunt
2641 1984 2654 2019 :
2683 1970 2730 2022 si
2755 1969 2992 2039 seipsum
3019 1971 3345 2029 ostendisset
3377 1988 3408 2027 a
3435 1988 3529 2028 se-

1936 2060 2165 2128 metipso
2186 2059 2519 2126 suseitatum,
2547 2075 2725 2115 nonne
2766 2061 2819 2116 in
2859 2061 3032 2131 ipsum
3079 2061 3263 2121 furore
3299 2066 3531 2122 exarsis-

1936 2150 2094 2204 sent?
2139 2148 2369 2207 Tametsi
2402 2152 2533 2206 nihil
2562 2152 2629 2207 ad
2655 2152 2904 2209 etlectum
2936 2156 3237 2225 perducturi
3265 2157 3525 2214 fuissent:

1939 2250 2117 2297 tamen
2145 2241 2296 2298 irrito
2324 2254 2518 2299 conatu
2542 2259 2692 2299 suam
2721 2245 3046 2315 impietatem
3074 2249 3459 2305 exercuissent.

2010 2331 2378 2388 Miraculorum
2420 2335 2493 2390 vis
2545 2337 2614 2389 ad
2640 2338 2952 2406 probandam
2977 2337 3428 2395 Resurrectionem.
3457 2370 3530 2382 -——

1938 2424 2008 2482 Ut
2036 2428 2193 2498 igitur
2220 2443 2315 2483 eos
2333 2428 2612 2506 .superlluo
2646 2428 2827 2486 furore
2852 2431 3123 2497 liberaret,
3173 2434 3405 2503 seipsum
3432 2448 3528 2489 oc-

1937 2521 2156 2577 cultavit
2183 2540 2198 2577 :
2228 2523 2417 2591 majori
2442 2523 2585 2578 enim
2614 2523 2734 2578 illos
2761 2524 3025 2594 supplicio
3065 2523 3327 2581 obnoxios
3352 2525 3531 2581 reddi-

1938 2613 2125 2680 disset,
2152 2616 2197 2670 si
2247 2623 2367 2685 post
2403 2630 2618 2671 crucem
2670 2616 3025 2686 apparuisset.
3054 2616 3311 2683 Quocirca
3338 2627 3395 2672 ut
3424 2616 3532 2672 illis

1944 2715 2208 2775 parceret,
2236 2707 2471 2776 seipsum
2498 2707 2711 2777 quidem
2737 2708 2804 2762 ab
2836 2709 3005 2764 oculis
3029 2723 3216 2766 eorum
3237 2709 3527 2776 subtraxit,

1938 2801 2033 2856 sed
2085 2801 2244 2856 editis
2274 2809 2451 2855 tamen
2502 2800 2775 2856 miraculis
2828 2802 3062 2871 seipsum
3114 2802 3366 2857 ostendit.
3412 2802 3529 2856 Non

1938 2891 2082 2945 enim
2127 2893 2302 2949 minus
2328 2900 2442 2947 erat
2467 2933 2483 2957 ,
2512 2907 2673 2962 quam
2701 2892 2744 2945 si
2766 2893 3057 2947 excitatum
3087 2907 3117 2947 a
3161 2893 3387 2948 mortuis
3409 2909 3531 2949 eum

1937 2992 2241 3051 cernerent,
2267 2984 2408 3054 quod
2439 2984 2659 3040 Petrum
2698 2985 2963 3040 dicentem
3004 2986 3252 3041 audirent
3282 3003 3296 3039 :
3324 2984 3393 3040 In
3438 3003 3534 3041 nae

1940 3077 2076 3129 mine
2102 3073 2229 3129 Jesu
2275 3073 2462 3130 Christi
2499 3093 2650 3145 surge
2672 3085 2717 3129 et
2740 3076 2947 3130 ambula
2974 3076 3109 3145 (Act.
3139 3077 3193 3133 5.
3226 3077 3304 3148 6).
3350 3079 3529 3147 Atque

1941 3164 2044 3219 hoc
2067 3164 2282 3234 quidem
2332 3165 2618 3235 plurimum
2678 3165 2912 3221 valuisse
2963 3167 3029 3220 ad
3077 3168 3529 3224 resurrectionem

1938 3257 2322 3312 adstruendam
2344 3298 2359 3322 ,
2392 3266 2555 3327 atque
2600 3256 2669 3313 ad
2718 3256 2875 3312 ﬁdem
2904 3257 3200 3313 faciendam
3234 3260 3525 3330 proclivius

1938 3364 2101 3420 quam
2150 3348 2281 3404 illud
2330 3348 2517 3419 prius,
2571 3350 2881 3421 faciliusque
2946 3350 3213 3407 mentibus
3256 3351 3532 3409 hominum

1943 3441 2265 3511 persuadere
2292 3440 2537 3512 potuisse
2570 3441 2823 3497 miracula
2846 3484 2862 3509 ,
2905 3459 3025 3512 qua:
3077 3442 3130 3497 iu
3160 3443 3276 3513 ejus
3318 3445 3536 3500 nomine

1941 3532 2081 3587 facta
2106 3531 2481 3597 cernebantur,
2511 3547 2669 3602 quam
2700 3532 2743 3587 si
2771 3548 2800 3586 a
2826 3532 3051 3588 mortuis
3075 3535 3363 3591 excitatum
3386 3535 3534 3590 illum

1940 3626 2219 3695 vidissent,
2245 3627 2369 3683 inde
2387 3627 2670 3683 constabit.
2696 3627 3027 3695 Resurrexit,
3047 3636 3102 3683 et
3117 3629 3352 3700 seipsum
3379 3627 3536 3685 disci-

1942 3720 2083 3788 pulis
2109 3716 2357 3774 Christus
2380 3718 2615 3774 ostendit
2646 3735 2659 3769 :
2690 3717 2787 3773 sed
2833 3719 3085 3774 inventus
3105 3728 3190 3774 est
3228 3730 3404 3774 tamen
3433 3719 3534 3774 ali-

1941 3813 2062 3882 quis
2088 3820 2145 3867 et
2172 3811 2310 3866 inter
2329 3811 2447 3866 illos
2474 3809 2779 3866 incredulus
2821 3810 3078 3875 Thomas,
3110 3810 3202 3881 qui
3226 3809 3421 3866 dicitur
3442 3811 3535 3866 Di-

1941 3904 2154 3977 dymus,
2185 3913 2388 3974 etopus
2410 3904 2483 3959 illi
2508 3902 2628 3966 fuit,
2659 3913 2718 3958 ut
2743 3903 2795 3958 in
2841 3902 3061 3974 ﬁguram
3092 3903 3367 3959 clavorum
3414 3918 3534 3958 ma-

1944 4014 2046 4053 nus
2071 3998 2342 4053 inferret:
2383 4011 2517 4067 opus
2574 3995 2692 4062 fuit,
2735 4007 2793 4050 ut
2838 4004 2895 4050 et
2945 3995 3083 4049 latus
3129 3994 3244 4065 ejus
3297 3994 3537 4066 palparet

1945 4089 2122 4163 (Imm.
2144 4089 2235 4147 20.
2258 4088 2348 4145 24.
2378 4089 2535 4160 sqq.).
2567 4087 2719 4155 Quod
2744 4088 2787 4143 si
2815 4087 3109 4157 discipulus
3157 4087 3271 4153 ille,
3300 4088 3389 4156 qui
3422 4096 3533 4142 tres

1944 4198 2065 4238 cum
2122 4182 2217 4237 illo
2272 4195 2444 4236 annos
2487 4189 2762 4250 exegerat,
2789 4179 2880 4247 qui
2938 4178 3220 4234 dominicae
3259 4179 3526 4249 particeps

1944 4289 2146 4330 mensae
2191 4272 2398 4340 fuerat,
2447 4270 2540 4342 qui
2583 4270 2731 4340 signa
2789 4278 3144 4338 conspexerat
3192 4278 3247 4324 et
3295 4270 3534 4339 prodigia

1945 4365 2198 4432 maxima,
2224 4364 2312 4434 qui
2334 4364 2640 4434 loquentem
2684 4362 2832 4415 illum
2880 4360 3177 4426 audiverat,
3225 4362 3385 4417 etiam
3411 4377 3535 4416 cum

1946 4458 2094 4512 illum
2113 4471 2144 4511 a
2176 4455 2403 4515 mortuis
2420 4455 2703 4511 excitatum
2731 4453 2953 4519 videret,
2985 4470 3089 4508 non
3111 4454 3258 4524 prius
3281 4454 3531 4520 credidit,

1946 4564 2105 4621 quam
2137 4546 2356 4617 ﬁguram
2381 4546 2653 4601 clavorum
2672 4555 2727 4600 et
2753 4544 2952 4601 lanceae
2980 4545 3198 4600 vulnera
3218 4545 3532 4613 conspexit:

1945 4637 2236 4710 quomodo,
2292 4651 2497 4707 quaeso,
2540 4643 2682 4690 totus
2733 4635 2881 4689 orbis
2929 4645 3189 4689 terrarum
3232 4634 3537 4689 crediturus

1946 4740 2085 4794 erat,
2141 4728 2188 4784 si
2239 4728 2528 4783 excitatum
2573 4726 2721 4781 illum
2766 4741 2795 4780 a
2847 4726 3071 4781 mortuis
3126 4726 3538 4797 conspexisset?

1948 4823 2078 4889 Quis
2108 4820 2210 4877 hoc
2252 4834 2504 4889 umquam
2543 4818 2721 4874 dicere
2750 4816 2983 4873 audeat?
3031 4816 3212 4886 Neque
3238 4831 3367 4871 vero
3409 4817 3532 4873 inde

1948 4920 2178 4977 tantum,
2206 4909 2300 4966 sed
2326 4910 2487 4964 etiam
2528 4908 2744 4964 aliunde
2776 4906 3043 4961 constabit
3068 4907 3185 4977 plus
3214 4907 3279 4962 ad
3308 4922 3531 4977 persua-

1948 5004 2183 5061 dendum
2234 5004 2382 5075 signa
2408 5001 2659 5068 valuisse,
2691 5014 2851 5071 quam
2882 5000 2926 5053 si
2953 5009 3318 5068 resurgentem
3363 4999 3534 5054 oculis

1947 5114 2008 5154 se
2033 5097 2377 5167 spectandum
2404 5093 2734 5164 przebuisset.
2767 5091 2899 5146 Cum
2924 5092 3067 5147 enim
3092 5090 3308 5147 Petrum
3334 5092 3535 5147 audiis-

1948 5198 2069 5244 sent
2090 5188 2256 5241 turba:
2278 5184 2471 5239 claudo
2490 5183 2689 5249 dicere,
2723 5180 2791 5236 In
2811 5185 3010 5237 nomine
3024 5180 3056 5235 Ι
3063 5198 3151 5236 esu
3174 5182 3361 5238 Christi
3382 5200 3533 5255 surge

1949 5291 1994 5335 et
2035 5278 2238 5334 ambula
2266 5276 2404 5348 (Act.
2455 5277 2509 5332 5.
2560 5275 2650 5345 6),
2679 5275 2778 5329 tria
2804 5273 2968 5329 millia
2996 5281 3053 5329 et
3077 5273 3314 5345 quinque
3360 5274 3529 5329 millia

1950 5372 2182 5426 virorum
2209 5367 2421 5424 Christo
2445 5365 2788 5422 crediderunt
2819 5382 2831 5418 :
2859 5374 2915 5419 at
2940 5364 3233 5434 discipulus
3254 5380 3374 5420 cum
3411 5380 3530 5420 sus-

1948 5466 2167 5520 citatum
2195 5461 2436 5527 vidisset,
2475 5457 2783 5514 incredulus
2830 5456 2943 5512 fuit.
2988 5456 3150 5513 Vides
3172 5458 3346 5527 aptius
3364 5455 3430 5511 ad
3470 5457 3534 5509 ti—

1948 5557 2069 5612 dem
2109 5552 2409 5610 faciendam
2436 5549 2841 5607 resurrectionis
2870 5549 2971 5604 hoc
3005 5548 3212 5604 fuisse?
3239 5548 3369 5603 Nam
3400 5547 3530 5602 illud

1949 5645 2164 5716 quidem
2186 5659 2309 5699 cum
2344 5640 2589 5714 proprius
2615 5639 2911 5710 discipulus
2934 5639 3051 5709 ejus
3078 5639 3319 5703 vidisset,
3350 5638 3526 5692 increo

1950 5738 2109 5794 dulus
2135 5737 2268 5794 fuit:
2304 5746 2358 5792 at
2398 5735 2513 5791 hmo
2561 5749 2682 5793 cum
2727 5734 2887 5790 etiam
2934 5732 3130 5789 inimici
3174 5738 3527 5804 spectassem,
