3964 6342
407 240 505 293 107
1113 234 1171 289 S.
1211 233 1487 291 ιολΝκιδ
1525 230 2004 289 CIIRYSOSTOXII

402 347 762 403 crediderunt.
779 346 852 400 Ita
866 345 1036 416 majus
1053 346 1153 400 hoc
1170 345 1258 399 illo
1273 344 1368 400 fuit
1381 344 1761 409 etevidentius,
1777 344 1995 412 plusque,

403 440 604 495 adillos
631 439 960 507 alliciendos,
984 439 1321 509 valuitatque
1348 437 1656 499 ﬂectendos,
1676 447 1733 490 ut
1761 450 2001 490 resurre-

403 537 565 589 ctioni
596 532 751 587 fidem
780 533 1053 587 haberent.
1086 532 1221 599 Quid
1253 532 1371 585 dico
1396 530 1699 585 Thomam?
1727 527 1997 598 Siquidem

404 638 461 682 ut
493 627 631 681 scias
660 641 725 680 ne
754 636 980 680 curteros
1021 624 1235 695 quidem
1270 623 1562 694 discipulos
1608 624 1778 693 primo
1810 622 1999 675 intuitu

404 717 722 781 credidisse,
744 717 1033 787 prudenter
1060 716 1292 770 attende.
1311 715 1425 770 Noli
1456 724 1631 769 tamen
1663 714 1779 767 illos
1806 712 2002 766 conde-

407 825 617 876 mnare,
641 809 988 865 dilectissime
1012 810 1084 874 ;si
1099 809 1239 863 enim
1261 808 1377 863 illos
1398 807 1642 861 Christus
1660 821 1764 859 non
1782 805 2005 859 damna-

410 905 504 965 vit,
534 918 709 973 neque
734 912 788 957 tu
816 902 934 957 illos
948 900 1169 955 damnes
1199 898 1482 954 :videbant
1509 898 1649 953 enim
1681 912 1790 951 rem
1813 896 2001 948 miram

406 1004 461 1048 et
494 997 796 1051 inusitatam
821 994 1506 1065 discipuli,primogenitum
1535 992 1705 1061 ipsum
1728 1006 1755 1042 a
1783 989 2005 1044 mortuis

412 1090 701 1145 excitatum
754 1106 768 1143 :
825 1096 1076 1143 creterum
1133 1086 1361 1141 maxima
1416 1083 1678 1153 ejusmodi
1749 1080 2004 1135 miracula

418 1184 595 1251 primo
641 1191 931 1251 conspectu
974 1189 1177 1235 terrere
1208 1188 1603 1233 consueverunt
1653 1190 1926 1243 quousque
1952 1174 2005 1227 in

419 1276 655 1331 fidelium
704 1274 969 1329 mentibus
1030 1286 1313 1342 progressu
1366 1269 1621 1339 temporis
1668 1267 2004 1320 stabilitatem

414 1369 646 1439 aliquam
690 1364 1112 1435 acquisivcrint:
1149 1363 1290 1433 quod
1345 1361 1503 1416 etiam
1554 1371 1678 1413 tunc
1730 1358 2007 1426 discipulis

415 1460 611 1514 evenit.
642 1458 921 1527 Postquam
940 1455 1079 1510 enim
1107 1454 1368 1520 Christus,
1401 1452 1488 1523 qui
1520 1468 1548 1506 a
1572 1452 1794 1504 mortuis
1822 1465 2003 1504 resur-

417 1559 651 1613 rexerat,
689 1549 823 1605 dixit
848 1548 970 1611 illis,
1024 1544 1139 1600 Pax
1170 1546 1324 1611 vobis,
1374 1542 1691 1606 Conturbati,
1739 1542 1927 1611 inquit.
1961 1551 2008 1595 et

417 1642 672 1696 conterriti
698 1640 1047 1694 existimabant
1082 1655 1133 1692 se
1168 1637 1400 1707 spiritum
1440 1635 1623 1698 videre,
1656 1644 1701 1687 et
1737 1634 1865 1687 dixit
1904 1631 2007 1687 illis

412 1736 569 1789 Jesus
590 1749 608 1788 :
628 1732 763 1799 Quid
788 1730 972 1785 turbati
999 1730 1114 1783 estis
1160 1726 1309 1800 (Luc.
1340 1728 1432 1780 24.
1474 1727 1646 1781 56-58
1670 1726 1708 1795 ).
1742 1724 1867 1779 Post
1896 1723 2011 1777 hac

416 1842 536 1881 cum
563 1824 885 1881 ostendisset
910 1823 989 1877 eis
1014 1836 1205 1876 manus
1229 1830 1284 1875 et
1308 1820 1490 1890 pedes,
1540 1817 1591 1871 Ν
1597 1835 1660 1871 οη
1700 1817 2010 1870 credentibus

415 1919 519 1973 illis
539 1933 645 1989 prce
667 1917 853 1989 gaudio
869 1926 918 1970 et
938 1913 1236 1969 mirantibus
1264 1913 1393 1967 dixit
1417 1930 1435 1966 :
1460 1912 1664 1965 Habetis
1695 1912 1773 1963 ltic
1793 1909 2007 1979 aliquid,

423 2012 561 2081 quod
586 2010 917 2064 mouducetur
934 2006 1095 2077 (Ibid.
1113 2024 1160 2061 υ.
1181 2006 1308 2077 Li)?
1329 2004 1469 2074 quod
1501 2006 1599 2057 hac
1625 2004 1830 2057 ratione
1853 2003 2013 2057 vellet

417 2103 522 2158 illis
539 2102 694 2156 [idem
712 2102 885 2156 facere
908 2100 1329 2154 resurrectionis.
1362 2099 1479 2153 Non
1511 2097 1791 2167 persuadet
1816 2097 1907 2150 tibi
1937 2096 2013 2150 la-

420 2207 527 2260 tus,
553 2194 744 2265 inquit,
768 2209 939 2263 neque
966 2192 1219 2247 vulnera?
1244 2192 1432 2246 saltem
1464 2205 1643 2244 mensa
1673 2188 2007 2259 persuadeat.

494 2290 545 2341 7.
607 2287 675 2342 Ut
730 2296 905 2340 autem
976 2292 1221 2338 accurate
1289 2298 1582 2354 cognoscas
1627 2281 1825 2337 ideirco
1865 2282 2009 2335 illum

420 2379 659 2443 dixisse,
702 2376 910 2431 Habetis
956 2376 1036 2429 hic
1077 2375 1299 2445 aliquid,
1354 2375 1489 2445 quod
1531 2376 1903 2429 manducetur?
1946 2389 2012 2428 ne

419 2472 557 2525 forte
583 2469 922 2525 simulacrum
952 2482 1073 2522 esse
1116 2468 1201 2521 vel
1248 2468 1515 2537 spiritum,
1558 2478 1648 2520 aut
1696 2465 2010 2536 phantasma

422 2568 693 2631 putarent,
728 2559 821 2615 sed
850 2574 1031 2613 veram
1052 2573 1114 2613 ac
1135 2558 1515 2613 subsistentem
1538 2559 2009 2623 resurrectionem,

418 2653 542 2707 audi
569 2667 674 2722 quo
702 2662 856 2722 pacto
882 2650 1070 2705 Petrus
1096 2650 1177 2703 bis
1204 2650 1517 2720 comprobet
1540 2649 2007 2704 resurrectionem.

417 2746 550 2799 Cum
570 2745 713 2799 enim
729 2742 972 2808 dixisset,
1005 2740 1139 2796 Deus
1167 2741 1315 2794 illum
1338 2741 1616 2801 suscitauit,
1647 2756 1708 2792 ac
1735 2740 1871 2795 dedit
1901 2757 2012 2792 ma-

418 2841 655 2910 nifestum
690 2852 805 2890 eum
844 2835 955 2903 ﬁeri
1003 2834 1145 2888 nobis
1175 2832 1378 2887 testibus
1408 2833 1780 2899 prwordinatis,
1803 2832 2000 2887 deinde

418 2928 824 2985 resurrectionis
851 2925 1361 2981 demonStrationem
1390 2925 1625 2978 affereus
1651 2925 1844 2994 adjecit
1872 2942 1884 2977 :
1912 2924 2013 2989 Qui

420 3019 833 3073 manducavimus
878 3026 922 3071 el
974 3016 1187 3069 bibimus
1232 3032 1347 3068 cum
1390 3032 1448 3068 eo
1479 3016 1617 3083 (Act.
1650 3016 1736 3070 10.
1765 3016 1854 3071 40.
1888 3017 2009 3087 41).

419 3112 705 3181 Propterea
732 3121 946 3179 quoque
976 3106 1104 3161 alibi
1136 3105 1381 3161 Christus
1409 3121 1529 3161 cum
1557 3116 1817 3161 mortuam
1837 3107 2008 3161 susci-

417 3210 584 3255 tasset
631 3207 690 3253 ut
719 3197 875 3251 fidem
902 3195 1103 3251 faceret
1151 3196 1563 3250 resurrectionis
1599 3196 1715 3250 ait:
1760 3195 1891 3250 Date
1932 3196 2011 3250 illi

416 3292 553 3361 quod
578 3289 842 3344 manducet
885 3286 1077 3359 (Marc.
1106 3287 1161 3342 5.
1190 3286 1311 3357 4⁸5).
1358 3287 1491 3341 Cum
1533 3287 1689 3356 igitur
1709 3287 1860 3342 audis
1886 3303 2007 3342 eum

417 3382 705 3453 prmbuisse
748 3380 982 3450 seipsum
1028 3378 1204 3432 vivum
1234 3393 1331 3448 per
1376 3377 1491 3432 dies
1533 3379 1881 3449 quadraginta
1907 3379 2010 3433 illis

419 3482 786 3543 apparentem.
818 3479 1016 3525 etcum
1045 3469 1150 3522 illis
1181 3476 1505 3532 vescentem,
1536 3482 1752 3522 causam
1780 3470 2007 3523 mandu-

416 3564 641 3619 catiOuis
667 3576 951 3632 cognosce,
983 3575 1089 3615 non
1112 3558 1253 3629 quod
1278 3559 1400 3613 cibo
1430 3558 1681 3614 nimirum
1720 3560 2002 3630 indigeret,

418 3660 567 3715 illum
619 3656 989 3719 manducasse,
1042 3653 1135 3707 sed
1187 3651 1329 3721 quod
1379 3651 1760 3721 discipulorum
1804 3654 2007 3709 mederi

422 3753 575 3807 vellet
604 3748 986 3814 imbecillitati,
1018 3744 1160 3801 unde
1190 3744 1429 3815 prodigia
1459 3754 1515 3800 et
1552 3746 1703 3816 signa
1733 3747 2008 3817 apostolo-

423 3858 536 3898 -um
568 3842 731 3913 liquet
756 3840 1041 3895 maximam
1060 3837 1468 3891 resurrectionis
1492 3836 2005 3892 demonstrationem

421 3937 704 3993 exstitisse.
737 3934 1070 4003 Quapropter
1095 3931 1167 3983 ait
1194 3930 1307 3999 ipse
1344 3945 1577 4000 quoque,
1606 3931 1761 3983 Amen
1787 3971 1801 3994 ,
1835 3947 2002 3995 union,

418 4033 530 4087 dico
560 4028 696 4082 vobis
726 4069 740 4091 ,
790 4026 889 4091 Qui
932 4024 1087 4078 credit
1121 4024 1174 4075 in
1220 4040 1300 4076 me
1320 4065 1335 4088 ,
1366 4040 1549 4093 opera,
1582 4039 1694 4093 qua:
1717 4039 1807 4094 ego
1836 4024 1969 4093 facio
1988 4064 2002 4087 ,

419 4134 466 4177 et
500 4122 609 4191 ipse
633 4119 802 4190 faciet,
847 4127 893 4169 et
924 4118 1119 4186 majora
1147 4116 1329 4167 Itorunt
1360 4114 1508 4185 faciet
1547 4112 1723 4186 (Joan.
1764 4115 1851 4169 Μ.
1890 4113 2001 4187 12).

419 4214 549 4269 Nam
579 4210 827 4281 quoniam
856 4224 984 4263 crux
1014 4222 1134 4261 cum
1158 4206 1555 4272 intervenisset,
1575 4205 1831 4275 plurimos
1849 4221 2005 4259 scan-

416 4307 757 4367 dalizaverat,
787 4301 986 4356 idcirco
1015 4299 1252 4369 pluribus
1296 4300 1368 4353 illi
1400 4299 1674 4353 miraculis
1704 4314 1842 4369 opus
1886 4300 2000 4354 l‘nit.

413 4395 627 4466 Alioqui
658 4392 802 4449 enim
830 4392 895 4454 si,
923 4406 1045 4445 cum
1070 4388 1574 4456 obiissetChristus,
1604 4402 1778 4445 morte
1796 4406 2001 4462 praepe-

414 4489 558 4543 ditus
583 4485 889 4549 mansisset,
919 4491 974 4537 et
1016 4482 1281 4551 sepultus,
1310 4495 1484 4551 neque
1509 4483 1913 4549 resurrexisset,
1946 4493 2004 4538 nt

418 4583 566 4638 aiunt
593 4579 785 4646 Judaei,
818 4591 993 4647 neque
1022 4575 1074 4630 in
1105 4574 1291 4629 caelum
1318 4574 1666 4640 ascendisset,
1696 4591 1802 4630 non
1830 4578 1999 4631 solum

419 4679 619 4749 majora
646 4683 831 4748 postea
870 4673 985 4728 fieri
1018 4669 1273 4726 miracula
1320 4680 1441 4740 post
1464 4685 1677 4725 crucem
1704 4687 1810 4725 non
1838 4687 1999 4741 Opor-

418 4772 625 4833 tuisset,
667 4782 850 4823 verum
890 4764 1052 4819 etiam
1096 4778 1181 4827 ea,
1212 4778 1332 4832 qure
1383 4761 1533 4831 prius
1580 4761 1718 4816 facta
1768 4762 1999 4832 fuerant,

419 4878 554 4933 opus
581 4862 767 4915 fuisset
794 4856 1081 4927 exstingui.
1113 4855 1209 4910 Hic
1238 4854 1365 4910 mihi
1392 4855 1673 4925 diligenter
1697 4858 1955 4913 attendite
1984 4877 1997 4913 :

418 4955 725 5009 indnbitata:
780 4953 974 5022 quippe
1021 4947 1428 5003 resurrectionis
1494 4947 1999 5005 demonstrationem

416 5050 692 5105 continent
717 5046 833 5100 haec
857 5060 973 5116 qua:
1000 5043 1228 5099 dicimus
1257 5060 1269 5096 :
1298 5040 1647 5113 quamobrem
1676 5043 1861 5097 eadem
1878 5060 1999 5100 rure

414 5157 504 5197 sus
533 5141 772 5197 elouuar.

490 5157 504 5195 ς
533 5156 634 5194 etet
656 5156 772 5192 uar.

490 5231 594 5287 Cur
619 5156 728 5301 dest
757 5227 1053 5283 Passionem
1078 5226 1323 5279 miracula
1345 5225 1561 5293 majora.
1586 5254 1657 5264 —
1681 5224 1838 5295 Signa
1872 5225 2001 5282 fecit

417 5336 572 5382 antea
593 5322 856 5385 Christus,
899 5328 1137 5373 mortuos
1162 5316 1457 5381 suscitavit,
1505 5316 1743 5385 leprosos
1772 5320 1996 5373 munda-

414 5424 510 5483 vit,
539 5417 808 5472 dremones
837 5410 1025 5481 ejecit,
1057 5407 1343 5463 crucifixus
1365 5417 1448 5462 est
1473 5407 1685 5471 deinde,
1734 5419 1914 5479 atque,
1944 5419 2001 5464 ut

418 5514 603 5566 dicunt
628 5504 836 5562 scelesti
860 5501 1049 5567 Judaei,
1072 5514 1177 5554 non
1207 5498 1502 5553 resurrexit
1528 5514 1558 5551 a
1588 5500 1832 5553 mortuis.
1860 5500 1997 5566 Quid

423 5603 580 5671 igitur
610 5598 712 5654 illis
730 5594 1005 5651 dicemus?
1034 5591 1147 5646 Hoc
1172 5589 1442 5657 nimirutn,
1468 5589 1523 5644 Si
1551 5606 1655 5644 non
1684 5593 1993 5659 resurrexit,

419 5694 689 5763 quomodo
724 5696 909 5762 postea
954 5686 1010 5742 In
1041 5684 1257 5741 nomine
1281 5682 1445 5754 ipsius
1469 5681 1669 5754 majora
1706 5682 1839 5739 facta
1869 5694 1994 5741 sunt

2048 227 2362 286 ARCIIIEP.
2405 234 2943 293 CONSTANTINOP.

3587 240 3684 293 108

2112 342 2297 408 signa"
2352 344 2536 399 Nullus
2580 349 2723 401 enim
2769 364 2834 403 ex
2866 350 2998 403 vivis
3047 363 3166 404 cum
3199 350 3438 417 obiisset,
3490 353 3691 420 majora

2107 444 2226 500 post
2256 434 2459 489 obitum
2495 438 2641 506 signa
2679 439 2803 493 fecit
2832 456 2845 493 :
2878 448 2932 493 at
2959 439 3044 493 hic
3084 440 3285 509 majora
3326 450 3381 496 et
3437 439 3600 496 modo
3640 457 3697 497 es

2108 536 2291 579 natura
2322 526 2535 582 fuerunt
2561 546 2680 600 qua:
2722 543 3045 602 consequuta
3074 544 3198 587 sunt
3219 533 3494 588 miracula.
3522 534 3694 604 Siqui-

2106 616 2227 669 dem
2260 630 2443 673 natura
2478 620 2621 676 fuere
2659 622 2880 692 majora,
2924 639 3043 677 enm
3075 624 3271 679 Christi
3310 626 3500 680 umbra
3544 642 3699 680 nuut-

2106 724 2265 776 quam
2306 722 2548 765 mortuos
2579 715 2846 769 suscitarit
2878 726 2967 768 :at
2992 717 3354 785 apostolorum
3385 718 3574 771 umbra
3612 727 3697 772 ta-

2110 802 2177 855 lia
2208 803 2370 857 multa
2401 805 2645 873 perfecit.
2698 806 2855 861 Modo
2908 823 3034 861 vero
3075 809 3275 877 majora
3327 809 3474 864 fuere
3524 812 3698 880 signa,

2108 894 2249 963 quod
2284 904 2391 948 tum
2419 897 2632 966 quidem
2684 898 2796 967 ipse
2843 899 3109 968 imperans
3165 902 3416 956 miracula
3466 901 3701 955 ederet:

2111 994 2231 1052 post
2275 989 2575 1055 passionem
2628 1002 2804 1043 autem
2835 993 2973 1045 servi
3004 994 3123 1062 ejus
3160 1004 3385 1064 augusto
3424 1003 3479 1049 et
3515 1007 3705 1048 sancto

2110 1077 2225 1143 ejus
2241 1079 2453 1132 nomine
2476 1080 2715 1134 adhibito
2732 1083 2931 1151 majora
2956 1095 3009 1138 et
3035 1086 3340 1140 sublimiora
3361 1097 3703 1156 peragerent,

2111 1177 2168 1221 ut
2195 1169 2420 1237 amplius
2445 1181 2498 1224 et
2522 1172 2804 1239 gloriosius
2835 1175 3003 1229 virtus
3024 1176 3187 1244 ipsius
3213 1177 3510 1246 elTulgeret.
3535 1177 3707 1233 Multo

2111 1262 2304 1333 quippe
2331 1262 2501 1331 majus
2533 1262 2631 1317 fuit
2654 1265 2879 1319 alterum
2912 1283 3105 1321 nomen
3151 1269 3320 1338 ipsius
3355 1278 3707 1338 usurpantetn

2112 1355 2233 1407 talia
2264 1356 2515 1409 miracula
2544 1365 2774 1424 patrare,
2805 1374 2963 1428 quam
2990 1361 3159 1428 ipsum
3202 1362 3572 1431 imperantem.
3610 1361 3709 1413 Vi-

2111 1446 2208 1500 des
2237 1456 2290 1501 ct
2326 1458 2511 1502 natura
2542 1458 2598 1503 et
2626 1451 2786 1504 modo
2813 1451 3014 1521 majora
3042 1450 3204 1505 fuisse
3230 1454 3596 1522 apostolorum
3628 1453 3710 1507 si-

2111 1555 2233 1608 gna,
2255 1540 2620 1609 dilectissime,
2647 1558 2766 1613 qua:
2782 1542 2978 1599 Christi
2998 1548 3446 1601 resurrectionem
3476 1559 3710 1618 sequuta

2112 1634 2277 1687 sunt?
2302 1633 2481 1704 Itaque
2506 1637 2916 1692 resurrectionis
2937 1638 3231 1693 indubitata
3260 1649 3342 1694 est
3368 1641 3715 1696 demonstra-

2114 1727 2207 1778 tio.
2232 1724 2382 1789 Nam,
2410 1736 2464 1780 ut
2502 1736 2627 1781 ante
2657 1727 2802 1794 dixi,
2835 1738 2891 1782 et
2920 1730 3109 1783 iterum
3137 1730 3334 1795 dicam,
3386 1734 3430 1786 si
3476 1744 3713 1788 mortem

2113 1818 2334 1872 obiisset
2370 1818 2635 1887 Christus,
2669 1830 2723 1875 et
2749 1837 2853 1875 non
2896 1825 3305 1888 resurrexisset,
3344 1826 3491 1894 signa
3537 1827 3714 1879 etiam

2116 1909 2335 1964 interire
2362 1912 2685 1980 oportuisset
2704 1927 2767 1967 ac
2786 1913 2951 1968 deleri
2976 1931 2987 1966 :
3000 1915 3107 1982 jam
3128 1931 3253 1969 vero
3275 1932 3377 1969 non
3406 1917 3561 1971 modo
3604 1918 3717 1971 dc-

2115 2000 2218 2054 leta
2255 2017 2360 2054 non
2401 2011 2525 2056 sunt
2570 2003 2662 2057 sed
2688 2014 2743 2057 et
2786 2004 3068 2060 illustriora
3112 2006 3305 2063 deinde
3350 2018 3507 2078 atque
3555 2010 3718 2063 cele-

2117 2093 2292 2148 briora
2340 2106 2464 2149 sunt
2513 2098 2666 2153 facta.
2699 2098 2754 2152 Si
2790 2100 2933 2153 enim
2962 2100 3204 2155 Christus
3224 2118 3327 2157 non
3376 2107 3717 2159 resurrexis-

2117 2198 2234 2255 set,
2277 2206 2563 2260 numquam
2612 2192 2717 2251 alii_
2742 2192 2857 2259 ejus
2884 2194 2932 2246 in
2961 2196 3177 2249 nomine
3224 2197 3345 2249 talia
3376 2198 3521 2266 signa
3552 2198 3721 2253 fecis-

2115 2291 2252 2334 sent.
2278 2281 2476 2336 Eadem
2508 2285 2703 2354 quippe
2731 2285 2898 2339 virtus
2920 2294 2974 2341 et
2997 2297 3120 2341 ante
3146 2290 3444 2355 passionem
3492 2302 3547 2343 et
3584 2302 3723 2359 post

2117 2373 2416 2439 passionem
2446 2375 2637 2428 edebat
2669 2376 2920 2430 miracula
2958 2395 2970 2429 :
2999 2393 3062 2432 ac
3112 2380 3341 2447 primum
3370 2380 3579 2450 quidem
3612 2398 3723 2452 per

2114 2475 2194 2525 se,
2228 2462 2421 2517 deinde
2452 2481 2578 2518 vero
2621 2482 2716 2535 per
2741 2466 3031 2537 discipulos
3060 2486 3073 2521 :
3108 2480 3162 2523 ut
3189 2481 3364 2525 autem
3410 2473 3717 2529 evidentior

2115 2562 2169 2607 et
2213 2554 2495 2624 gloriosior
2532 2557 2684 2611 licret
2734 2560 3145 2615 resurrectionis
3189 2563 3453 2631 probatio,
3504 2567 3713 2633 majora

2116 2659 2235 2717 pOst
2285 2663 2497 2703 crucem
2540 2650 2754 2713 liebant,
2787 2662 2840 2705 et
2889 2654 3197 2707 sublimiora
3250 2655 3510 2726 prodigia.
3552 2657 3715 2713 Unde

2115 2756 2244 2795 vero
2273 2752 2505 2804 constat,
2538 2743 2682 2797 dicet
2709 2743 2959 2812 inﬁdelis,
2999 2745 3139 2800 edita
3169 2757 3277 2799 tum
3324 2746 3484 2801 fuisse
3514 2750 3667 2819 signa
3689 2754 3718 2805 ἲ

2121 2832 2288 2899 Unde,
2322 2849 2505 2903 qumso
2537 2877 2548 2895 ,
2596 2835 2909 2889 crucifixum
2959 2836 3228 2891 Christum
3256 2838 3416 2893 fuisse
3459 2844 3716 2896 constat?

2117 2924 2190 2977 Et
2237 2925 2405 2978 sacris
2457 2925 2692 2991 Litteris,
2724 2927 2962 2995 inquam.
2993 2928 3123 2981 Nam
3154 2938 3207 2983 et
3233 2930 3379 2999 signa
3410 2940 3515 2985 tum
3541 2932 3717 2988 finiase

2116 3016 2250 3067 facta
2274 3025 2327 3069 et
2352 3018 2664 3069 erucilixnm
2698 3017 2858 3071 fuisse
2894 3018 3182 3081 Christum,
3210 3035 3271 3074 ex
3299 3024 3462 3075 sacris
3489 3022 3716 3078 Litteris

2113 3116 2343 3161 constat.
2378 3108 2487 3162 Illa:
2516 3110 2658 3163 enim
2687 3119 2742 3163 et
2779 3110 2891 3163 hrec
2919 3121 2973 3165 et
3016 3112 3101 3165 illa
3132 3123 3369 3167 narrant.
3394 3114 3542 3181 Quod
3572 3118 3620 3169 si
3653 3126 3715 3171 tn

2116 3208 2301 3253 uoster
2324 3199 2662 3256 adversarius
2690 3202 2839 3255 dicas
2878 3204 3150 3272 apostolos
3177 3206 3326 3273 signa
3356 3221 3458 3260 n0n
3483 3205 3711 3276 fecisse,

2116 3289 2375 3356 majorem
2406 3290 2641 3359 ipsorum
2673 3293 2913 3346 ostendis
2940 3294 3210 3359 virtutem,
3235 3306 3289 3351 et
3313 3298 3533 3366 gratiam
3560 3300 3711 3353 divi-

2115 3399 2259 3447 nam,
2283 3385 2422 3454 quod
2450 3385 2649 3454 absque
2672 3386 2837 3455 signis
2874 3396 3079 3441 tantum
3103 3389 3285 3443 orbem
3318 3401 3572 3446 terrarum
3604 3408 3710 3460 po-

2115 3477 2314 3531 tuerint
2363 3476 2428 3531 ad
2460 3479 2714 3549 pietatem
2744 3479 3043 3534 traducere.
3090 3480 3201 3535 lloc
3228 3483 3371 3537 enim
3412 3486 3709 3540 maximum

2112 3579 2195 3625 est
2209 3580 2263 3625 et
2279 3570 2584 3625 inusitatum
2608 3572 2942 3633 miraculum,
2964 3588 3083 3627 cmn
3100 3589 3357 3642 pauperes
3377 3585 3533 3646 atque
3549 3593 3709 3632 men-

2111 3662 2492 3732 dici,aabjecti,
2550 3663 2810 3729 illiterati,
2870 3662 3123 3733 imperiti,
3175 3666 3330 3733 viles,
3377 3677 3431 3721 et
3475 3683 3710 3724 numero

2110 3754 2390 3810 duodecim
2416 3763 2494 3809 tot
2513 3754 2695 3820 urbes,
2725 3766 2933 3825 gentes.
2963 3757 3205 3827 populos,
3227 3772 3399 3827 reges,
3423 3767 3703 3829 tyrannos,

2111 3846 2477 3917 philosophos,
2504 3856 2765 3911 oratores,
2792 3858 2846 3902 et
2872 3857 3035 3901 totam
3078 3850 3461 3919 propemodum
3502 3861 3707 3907 terrain

2110 3939 2311 4008 absque
2337 3938 2502 4008 signis
2531 3938 2801 4007 potuerint
2826 3938 2892 3993 ad
2919 3956 2977 3993 se
2995 3940 3329 4009 pertrahere.
3355 3942 3434 3995 An
3462 3958 3583 3996 vero
3602 3959 3708 3997 cu-

2110 4028 2192 4098 pis
2236 4030 2396 4083 etiam
2428 4046 2569 4083 nunc
2599 4030 2710 4083 lieri
2742 4030 2890 4100 signa
2934 4034 3196 4085 cernere?
3225 4031 3342 4085 Tibi
3370 4048 3469 4103 ego
3511 4034 3597 4088 illa
3647 4046 3707 4090 et

2110 4121 2313 4189 majora
2339 4120 2604 4191 prioribus
2630 4122 2928 4186 ostendam,
2960 4138 3066 4177 non
3094 4139 3257 4177 unum
3288 4136 3552 4180 mortuum
3574 4143 3705 4182 sns-

2109 4214 2351 4278 citatum,
2381 4229 2485 4266 non
2516 4214 2687 4267 visum
2716 4214 2808 4267 uni
2826 4230 2970 4269 cmco
3015 4216 3341 4284 restitutum,
3373 4217 3467 4273 sed
3492 4218 3708 4273 discus-

2109 4320 2195 4358 sas
2220 4305 2421 4359 erroris
2437 4305 2701 4372 tenebras,
2723 4322 2840 4376 qua:
2858 4315 3021 4361 totam
3048 4316 3245 4363 terram
3268 4322 3660 4379 occupaverant
3685 4332 3701 4367 :

2110 4411 2215 4450 non
2246 4397 2513 4466 leprosum
2544 4414 2705 4451 unum
2733 4398 3067 4462 mundatum.
3111 4399 3203 4455 sed
3233 4409 3311 4454 tot
3335 4411 3546 4473 gentes,
3574 4418 3705 4474 qua:

2109 4489 2311 4557 peccati
2360 4490 2563 4559 lepratn
2594 4489 2987 4555 absterserunt,
3015 4504 3079 4543 ac
3123 4506 3217 4560 per
3246 4491 3512 4547 lavacrum
3545 4509 3705 4563 rege-

2109 4581 2399 4635 iterationis
2444 4580 2712 4635 mundata:
2761 4591 2903 4635 sunt.
2938 4581 3090 4646 Quod
3146 4582 3356 4652 signum
3398 4583 3568 4654 majus
3614 4584 3706 4640 his

2108 4674 2321 4742 qnazris,
2355 4673 2428 4727 mi
2455 4673 2637 4739 homo,
2667 4688 2787 4728 cum
2820 4683 3018 4729 tantam
3043 4684 3098 4730 et
3124 4685 3230 4729 tam
3260 4686 3477 4747 repente
3502 4678 3701 4734 factam

2109 4765 2459 4819 mutationem
2486 4766 2821 4835 conspicias?

2178 4857 2233 4912 8.
2274 4856 2405 4911 Fide
2452 4859 2561 4911 sola
2598 4859 2819 4911 cernitur
2844 4856 3001 4913 Deus.
3049 4858 3233 4914 Petrus
3262 4863 3509 4930 quomodo
3526 4866 3703 4917 cruci-

2107 4950 2239 5017 fixus
2261 4949 2431 5018 fuerit.
2461 4979 2532 4989 —
2560 4948 2680 5004 Vin‘
2710 4960 2763 5003 tu
2796 4950 3124 5021 intelligere,
3156 4969 3264 5024 quo
3294 4955 3507 5009 tandem
3537 4969 3704 5025 pacto

2105 5045 2277 5098 visum
2317 5045 2568 5099 universo
2610 5038 2873 5100 terrarum
2922 5048 3038 5101 orbi
3091 5051 3382 5105 restituerit
3408 5052 3705 5108 Christus?

2106 5138 2276 5189 Antea
2308 5136 2506 5206 lignum
2547 5145 2600 5191 et
2642 5138 2869 5207 lapidem
2920 5154 3025 5193 non
3052 5142 3426 5198 existimabant
3451 5143 3704 5201 homines

2108 5227 2304 5297 lignum
2336 5238 2391 5283 et
2427 5229 2657 5299 lapidem
2693 5245 2833 5297 esse,
2860 5246 3046 5286 verum
3078 5249 3165 5288 res
3211 5250 3401 5291 sensus
3445 5250 3705 5308 expertes

2106 5318 2235 5373 deos
2266 5320 2546 5397 vocabant,
2593 5321 2728 5377 adeo
2756 5325 3006 5379 exemeati
3034 5336 3187 5381 erant
3215 5346 3227 5381 :
3267 5328 3378 5398 jam
3410 5346 3541 5386 vero
3569 5334 3703 5403 quid

2107 5410 2303 5481 lignum
2328 5412 2414 5477 sit,
2447 5413 2641 5482 quidve
2664 5414 2798 5484 lapis
2825 5427 3124 5484 noverunt;
3155 5419 3283 5489 quid
3310 5421 3380 5476 sit
3410 5422 3556 5479 Deus
3574 5441 3702 5481 cre-

2105 5504 2372 5558 diderunt.
2407 5503 2531 5559 Sola
2582 5508 2780 5577 quippe
2831 5509 2937 5564 fide
2988 5510 3305 5567 immortalis
3330 5528 3393 5569 ac
3422 5515 3577 5572 beata
3610 5519 3703 5573 illa

2108 5605 2293 5649 natura
2332 5606 2620 5667 spectatur.
2651 5598 2815 5655 Visne
2866 5601 3010 5657 aliud
3053 5618 3263 5674 quoque
3286 5610 3709 5668 resurrectionis

2107 5689 2315 5761 signum
2360 5693 2597 5749 intueri?
2640 5695 2714 5749 Ex
2764 5696 2875 5767 ipsa
2906 5696 3289 5769 discipulorum
3342 5712 3525 5758 mente
3549 5717 3705 5761 sum-
