3964 6342
262 303 366 357 ΗΠ

256 431 516 470 στευσαν.
554 412 712 467 Οὕτω
742 411 926 484 μεῖζον
945 411 1105 465 τοῦτο
1130 412 1340 465 ἐκείνου
1366 411 1460 465 καὶ
1489 411 1843 481 σαφέστερον,

254 508 354 561 καὶ
386 506 587 577 μάλλον
638 504 834 566 αὐτοὺς
883 503 1163 555 ἐπεσπᾶτο
1215 501 1311 554 καὶ
1346 500 1528 553 ἔπειθε
1573 498 1710 570 πρὸς
1753 498 1852 570 τὴν

253 600 582 653 ἀνάστασιν.
610 597 724 649 Καὶ
749 594 801 646 τί
854 593 1000 661 λέγω
1025 594 1118 645 τὸν
1143 592 1381 663 Θωμᾶν;
1420 593 1542 644 Ὅτι
1584 591 1692 662 γὰρ
1730 590 1851 643 οὐδὲ

252 691 308 744 οἱ
334 689 515 742 λοιποὶ
549 686 791 759 μαθηταὶ
821 688 885 739 ἐκ
914 683 1139 756 πρώτης
1160 684 1336 754 ὅψεως
1363 683 1669 745 ἐπίστευον,
1693 682 1850 736 ἄκου-

254 801 352 837 σον
384 781 677 851 νουνεχῶς.
720 779 882 832 Ἀλλά
913 777 987 849 μὴ
1014 776 1302 847 καταγνῷς
1330 775 1529 841 αὐτῶν,
1560 774 1847 845 ἀγαπητέ·

253 879 307 930 εἰ
337 876 451 945 γὰρ
490 878 519 929 6
546 873 783 945 Χριστὸς
814 873 875 926 ού
924 871 1177 939 κατέγνω
1212 868 1424 933 αὐτῶν,
1461 868 1597 940 μηδέ
1634 870 1698 921 σὺ
1748 885 1849 921 κα-

250 967 476 1038 ταγνῷς
515 963 725 1019 αὐτῶνθ
757 964 853 1017 καὶ
900 963 1007 1035 γάρ
1037 963 1269 1034 πρᾶγμα
1300 961 1450 1028 ξένον
1490 956 1627 1013 εἶδον
1664 961 1711 1012 οἱ
1749 976 1852 1029 μα-

254 1060 427 1131 θηταὶ
481 1059 580 1113 καὶ
636 1056 939 1128 παράδοξον
969 1095 984 1116 .
1019 1055 1361 1125 πρωτότοκον
1409 1053 1571 1107 αὐτὸν
1624 1054 1687 1105 ἐκ
1742 1051 1851 1104 τῶν

252 1151 474 1223 νεκρῶν
498 1149 806 1203 ἀναστάντα
831 1165 844 1175 “
878 1146 946 1199 16
979 1146 1035 1198 δὲ
1068 1145 1292 1199 τοιαῦτα
1329 1144 1559 1215 μέγιστα
1596 1142 1851 1213 θαύματα

256 1250 325 1300 ἐκ
348 1246 574 1318 πρώτης
598 1244 919 1314 ἐκπλήττειν
945 1241 1133 1295 εἴωθεν
1154 1281 1168 1305 ,
1196 1241 1300 1303 ’ἐως
1330 1238 1395 1293 ἂν
1438 1238 1517 1308 τῷ
1547 1238 1723 1309 χρόνῳ
1756 1239 1853 1307 μό-

254 1355 401 1407 νιμα
424 1337 649 1405 γένηται
677 1336 734 1387 ἐν
763 1336 883 1396 ταῖς
919 1332 1027 1386 τῶν
1064 1331 1428 1385 πιστευόντων
1461 1329 1686 1400 ψυχαῖς·
1712 1330 1851 1398 ὅπερ

257 1427 358 1484 οὖν
394 1430 491 1483 καὶ
523 1428 615 1481 ἐπὶ
640 1425 752 1480 τῶν
787 1423 1042 1497 μαθητῶν
1072 1423 1287 1492 ἐγένετο
1318 1422 1457 1475 τότε.
1496 1420 1712 1492 Ἐπειδὴ
1741 1420 1851 1491 γάρ

258 1521 506 1584 ἀναστὰς
530 1521 558 1572 6
584 1518 819 1590 Χριστὸς
842 1520 907 1570 ἐκ
943 1515 1148 1586 νεκρῶν
1176 1511 1326 1567 εἶπεν
1375 1515 1558 1575 αὐτοῖς
1578 1530 1592 1543 ·
1623 1512 1848 1581 Εἰρήνη

260 1615 430 1682 ὑμῖν,
468 1609 853 1678 Πτοηθέντες,
891 1608 1075 1678 φησὶν,
1104 1605 1321 1660 ἐκεῖνοι
1357 1606 1453 1657 καὶ
1479 1605 1725 1673 ἔμφοϐοι
1760 1619 1852 1672 γε·

256 1707 509 1773 νόμενοι
534 1702 793 1755 ἐδόκουν
823 1698 1059 1768 πνεῦμα
1104 1695 1340 1764 θεωρεῖν
1365 1736 1379 1759 ,
1413 1694 1510 1748 καὶ
1546 1691 1717 1748 εἶπεν
1747 1696 1853 1748 αὺ-

257 1795 393 1860 τοῖς
436 1798 468 1848 ὁ
518 1792 769 1861 Ἰησοῦς·
808 1790 871 1844 Τί
896 1788 1315 1857 τεταραγμένοι
1347 1787 1525 1850 ἐστέ;
1562 1787 1671 1839 Καὶ
1715 1785 1851 1857 μετά

257 1887 440 1940 ταῦτα
466 1884 738 1949 ἐπιδείξας
768 1883 948 1945 αὐτοῖς
996 1882 1092 1944 τὰς
1139 1884 1326 1952 χεῖρας
1370 1880 1465 1932 καὶ
1500 1879 1628 1942 τοὺς
1658 1879 1849 1942 πόδας,

257 1979 360 2032 καὶ
406 1976 840 2032 Ἀπιστούντων
893 1970 1092 2027 αὐτῶν
1152 1970 1271 2026 ἀπὸ
1324 1970 1433 2037 τῆς
1482 1968 1699 2039 χαρᾶς,
1753 1972 1850 2023 καὶ

258 2068 715 2138 θαυμαζόντων,
741 2063 910 2120 εἶπεν
940 2065 1145 2131 αὐτοῖς
1169 2082 1183 2096 ⁸
1214 2062 1421 2133 Ἔχετέ
1451 2081 1507 2117 τι
1540 2062 1853 2132 βρώσιμον

257 2162 516 2223 ἐνθάδες
546 2160 632 2213 διά
663 2159 869 2212 τούτων
902 2158 1225 2228 βουλόμενος
1262 2158 1446 2219 αὐτοῖς
1478 2157 1576 2226 τὴν
1614 2156 1851 2208 ἀνάστα-

262 2272 352 2307 σιν
390 2251 788 2305 πιστώσασθαι.
838 2251 910 2303 Οὐ
941 2249 1119 2302 πείθει
1172 2266 1230 2302 σε
1257 2292 1271 2313 ,
1322 2248 1487 2317 φησὶν
1510 2288 1525 2309 ,
1559 2249 1592 2318 ἡ
1622 2246 1849 2318 πλευρὰ,

256 2346 393 2400 οὐδὲ
416 2344 487 2397 τὰ
518 2343 837 2416 τραύματα;
875 2341 1108 2394 πειθέτω
1126 2339 1229 2393 κᾶν
1258 2343 1291 2410 ἡ
1318 2338 1583 2411 τράπεζα.

338 2437 416 2501 ζ’.
443 2438 560 2489 Ἵνα
596 2435 651 2487 δέ
681 2434 858 2506 μάθῃς
896 2432 1173 2502 ἀκριϐῶς,
1214 2432 1295 2484 ὃτι
1345 2431 1434 2484 διὰ
1469 2429 1627 2483 τοῦτο
1676 2426 1851 2494 εἶπεν,

262 2520 478 2589 Ἔχετέ
509 2539 562 2572 τι
586 2519 896 2590 βρώσιμον
919 2515 1130 2570 ἐνθάδε
1181 2515 1430 2584 φατεῖν;
1474 2515 1560 2567 ἴνα
1601 2513 1674 2584 μὴ
1704 2513 1856 2584 νομί-

264 2622 439 2658 σωσιν
467 2602 683 2656 εἴδωλον
710 2598 870 2663 εἶναι,
907 2601 1040 2671 μηδέ
1080 2598 1294 2669 πνεῦμα
1320 2641 1333 2661 ,
1369 2598 1504 2669 μηδέ
1531 2598 1851 2667 φαντασίαν,

262 2687 388 2740 ἀλλ’
421 2685 598 2755 ἀληθῆ
651 2685 746 2737 καὶ
805 2685 1169 2737 ὲνυπὸστατον
1222 2684 1548 2746 ἀνάστασιν,
1600 2682 1853 2746 ἄκουσον,

268 2772 392 2833 πῶς
420 2773 448 2823 6
477 2770 679 2839 Πέτρος
710 2769 817 2821 ἀπὸ
840 2768 1044 2821 τούτων
1079 2766 1369 2820 πιστοῦται
1397 2766 1496 2836 τὴν
1535 2766 1851 2819 ἀνάστασιν.

266 2853 460 2909 Είπὼν
513 2853 620 2922 γάρ
671 2853 754 2905 ὅτι
818 2850 1188 2918 Ἀνέστησεν
1227 2850 1414 2902 αὐτὸν
1467 2852 1499 2902 ό
1539 2849 1714 2913 Θεὸς,
1758 2848 1853 2901 καὶ

262 2938 495 2991 ἔδωκεν
551 2934 739 2989 αὑτὸν
796 2932 1057 3003 ἐμφανῆ
1088 2932 1370 3001 γενέσθαι
1423 2931 1683 3000 μάρτυσι
1730 2929 1853 2995 τοῖς

265 3016 975 3088 προκεχειροτονγυιένοις
1024 3014 1170 3083 ἡμῖν
1198 3056 1213 3081 ,
1267 3009 1387 3066 εἶτα
1436 3014 1531 3066 καὶ
1582 3012 1854 3076 ἀπόδειξιν

263 3105 370 3172 τῆς
401 3102 751 3163 ἀναστάσεως
791 3097 998 3161 τιθεὶς,
1064 3099 1373 3167 ἐπήγαγενο
1427 3097 1653 3160 Οἵτινες
1705 3112 1857 3147 συν-

262 3185 574 3255 εράγομεν
620 3182 723 3236 καὶ
770 3182 1142 3248 συνεπίομεν
1199 3177 1379 3244 αὐτῷ.
1424 3178 1525 3231 Διά
1553 3177 1711 3231 τοῦτο
1760 3178 1855 3231 καὶ

264 3266 510 3338 ἀλλαχοῦ
542 3266 858 3334 ἀγαπήσας
907 3264 1106 3332 νεκράν
1139 3264 1169 3315 6
1210 3263 1444 3333 Χριστὸς
1464 3305 1479 3328 ,
1511 3262 1599 3315 ἵνα
1652 3260 1856 3313 πιστώ-

267 3369 438 3422 σηται
485 3350 584 3421 τὴν
643 3346 943 3401 ἀνάστασιν
996 3345 1098 3416 ἔφη
1126 3363 1139 3376 ο
1190 3346 1330 3398 Δότε
1385 3343 1541 3412 αὐτῇ
1598 3343 1850 3412 φαγεῖν.

267 3436 446 3487 Ὅταν
478 3429 569 3486 οὖν
597 3430 865 3502 ἀκούσῃς,
890 3430 972 3481 ὅτι
994 3429 1338 3499 παρέστησεν
1373 3428 1562 3480 ἑαυτὸν
1592 3428 1767 3491 ζῶντα
1788 3428 1853 3481 δι’

264 3516 499 3588 ἡμερῶν
540 3516 949 3585 τεσσαράκοντα
993 3512 1362 3581 ὀπτανόμενος
1410 3511 1592 3572 αὐτοῖς
1635 3509 1730 3561 καὶ
1768 3526 1856 3562 συ-

264 3598 621 3668 ναλιζόμενος
645 3635 659 3661 ,
697 3597 936 3667 μάνθανε
966 3595 1065 3663 τῆς
1085 3592 1364 3665 τραπέζης
1394 3593 1493 3664 τὴν
1523 3592 1701 3647 αἰτίαν
1723 3633 1738 3657 ,
1773 3593 1854 3646 ὅτι

260 3685 394 3753 οὐχὶ
440 3683 688 3752 δεόμενος
732 3680 895 3744 αὐτὸς
939 3679 1221 3751 τραπέζης
1265 3679 1542 3752 ἔτρωγεν,
1572 3680 1706 3733 ἀλλά
1738 3678 1857 3749 βου-

262 3767 496 3835 λόμενος
519 3765 617 3833 τὴν
646 3763 929 3817 ἀσθένειαν
953 3762 1248 3834 διορθῶσαι
1277 3762 1386 3815 τῶν
1412 3763 1668 3835 μαθητῶν
1686 3804 1702 3828 ,
1733 3762 1854 3817 ὅθεν

260 3849 429 3919 δῆλον
451 3848 533 3900 ὅτι
556 3847 626 3899 τά
653 3846 856 3916 τέρατα
885 3845 980 3899 καὶ
1011 3846 1210 3916 σημεῖα
1246 3845 1355 3898 τῶν
1387 3845 1698 3899 ἀποστόλων
1727 3846 1856 3899 ἀπό-

260 3931 438 3997 δειξις
479 3925 546 4001 ἦν
589 3931 817 4000 μεγίστη
860 3929 963 3998 τῆς
1012 3929 1378 3991 ἀναστάσεως.
1426 3929 1517 3982 Διὸ
1562 3930 1657 3982 καὶ
1694 3929 1856 3991 αὑτός

258 4030 467 4085 φησιν’
513 4012 719 4081 Ἀμὴν,
757 4011 939 4082 ἀμὴν,
974 4012 1128 4082 λέγω
1159 4013 1322 4081 ὑμῖν,
1363 4016 1397 4066 ὁ
1428 4015 1729 4068 πιστεύων
1768 4016 1854 4079 εἰς

253 4097 399 4165 ἐμὲ,
427 4096 500 4149 τὰ
524 4097 671 4165 ἔργα
698 4094 737 4149 ἃ
772 4093 921 4149 ποιῶ
944 4094 1059 4163 ἐγὼ
1084 4135 1099 4160 ,
1137 4096 1414 4162 κάκεῖνος
1448 4096 1688 4164 ποιήσει
1707 4135 1722 4161 ,
1755 4096 1856 4149 καὶ.

250 4177 511 4251 μείζονα
553 4181 779 4232 τούτων
821 4178 1083 4244 ποιήσει.
1148 4178 1366 4252 Ἐπειδὴ
1418 4180 1525 4251 γὰρ
1551 4181 1579 4233 6
1624 4181 1852 4251 σταυρὸς

260 4262 483 4335 μεταξὺ
538 4262 909 4331 παρεμπεσὼν
970 4263 1321 4316 ἐσκανδάλισε
1388 4264 1672 4328 πλείστους
1702 4306 1718 4330 ,
1767 4265 1854 4317 διὰ

256 4346 433 4405 τοῦεω
461 4346 555 4398 καὶ
588 4345 846 4416 μειζόνων
872 4346 1059 4417 ἐδέησε
1087 4346 1224 4417 μετά
1248 4347 1422 4402 ταῦτα
1448 4349 1709 4419 σημείων.
1725 4349 1854 4402 Καί·

254 4447 357 4483 τοι
396 4446 457 4496 γε
488 4432 535 4481 εί
569 4429 898 4500 τελευτήσας
943 4432 973 4485 6
999 4431 1230 4501 Χριστὸς
1261 4433 1585 4504 ἐναπέμεινε
1628 4432 1709 4505 τῷ
1759 4434 1853 4488 θα-

256 4516 421 4585 νάτῳ
468 4514 559 4567 καὶ
584 4513 665 4584 τῷ
845 4515 1001 4585 τάφῳ
1019 4557 1035 4581 ,
1063 4515 1158 4568 καὶ
1194 4517 1294 4569 οὐκ
1321 4518 1519 4589 ἀνέστη
1542 4558 1557 4582 ,
1602 4519 1853 4591 καθάπερ

254 4602 316 4651 οι
369 4596 609 4651 Ἰουδαῖοί
668 4613 851 4664 φασιν,
890 4598 1011 4651 οὐδὲ
1043 4597 1212 4668 ἀνέϐη
1253 4601 1334 4662 εἰς
1384 4602 1508 4663 τοὺς
1566 4603 1849 4673 οὐρανοὺς,

254 4685 331 4735 οὐ
378 4681 533 4751 μόνον
574 4682 674 4734 οὐκ
724 4681 833 4734 ἔδει
864 4681 1087 4751 μείζονα
1118 4682 1361 4750 γίνεσθαι
1404 4684 1472 4736 16
1513 4686 1652 4755 μετά
1682 4686 1853 4741 ταῦτα

259 4767 480 4835 σημεῖα
501 4764 570 4817 τά
604 4764 742 4835 μετά
771 4765 862 4817 τὸν
901 4765 1133 4835 σταυρὸν
1155 4805 1171 4829 ,
1207 4766 1344 4819 ἀλλά
1374 4769 1468 4820 καὶ
1509 4768 1577 4821 τά
1611 4771 1854 4842 πρότερα

257 4850 533 4918 γινόμενα
580 4846 984 4918 ἀποσϐεσθῆναι
1019 4847 1206 4918 ἐχρῆν.
1240 4849 1543 4919 Προσέχετέ
1584 4870 1672 4923 μοι
1714 4855 1855 4923 μετά

256 4931 558 5001 ἀκριϐείας
606 4929 870 4983 ἐνταῦθα·
910 4932 1260 4995 ἀναστάσεως
1301 4934 1409 5003 γάρ
1440 4937 1580 4988 εἰσιν
1612 4936 1853 5007 ἀναμφι-

259 5015 550 5084 σϐητήτου
580 5014 881 5080 ἀποδείξεις
916 5014 985 5067 τά
1012 5013 1279 5087 λεγόμενα
1300 5056 1315 5082 ,
1355 5017 1435 5070 διὸ
1464 5019 1559 5072 καὶ
1586 5020 1747 5074 πάλιν
1784 5024 1854 5077 τὰ

256 5098 413 5154 αὐτὰ
444 5098 575 5166 ἐρῶ.

358 5189 609 5260 Ἐποίησε
653 5190 852 5261 σημεῖα
885 5190 992 5261 πρὸ
1037 5192 1228 5245 τούτου
1258 5194 1286 5245 6
1318 5194 1571 5264 Χριστὸς,
1624 5197 1854 5267 νεκροὺς

257 5275 485 5345 ἡγειρε,
512 5273 744 5344 λεπροὺς
770 5273 1028 5346 ἐκάθηρε,
1051 5274 1309 5346 δαίμονας
1333 5277 1642 5347 ἀπήλασενο
1668 5279 1855 5333 ἐσταυ-

261 5355 425 5429 ρώθη
463 5357 600 5427 μετά
638 5357 828 5421 ταῦτα,
860 5358 951 5410 καὶ
978 5357 1051 5421 ώς
1083 5360 1132 5411 οί
1161 5358 1469 5431 παράνομοι
1504 5360 1739 5415 Ἰουδαῖοι
1769 5362 1853 5416 λέ-

260 5455 462 5509 γουσιν
488 5452 538 5502 ι,
567 5440 667 5492 οὐκ
698 5440 894 5511 ἀνέστη
926 5441 993 5493 ἐκ
1028 5443 1257 5511 νεκρῶν.
1290 5443 1354 5495 Τί
1380 5439 1473 5496 οὖν
1504 5444 1570 5498 ἂν
1605 5447 1853 5515 εἴποιμεν

262 5521 413 5593 πρὸς
449 5523 676 5589 αὐτούς;
706 5525 828 5576 Ὅτι
870 5526 919 5577 εί
968 5526 1043 5596 μὴ
1084 5527 1306 5599 ἀνέστη,
1342 5527 1460 5591 πῶς
1501 5529 1639 5592 μετά
1680 5529 1853 5583 ταῦτα

265 5608 334 5657 ἐν
360 5602 437 5674 τῷ
465 5606 689 5677 ὀνόματι
712 5604 876 5661 αὑτοῦ
913 5607 1133 5678 μείζονα
1162 5610 1379 5679 ἐγένετο
1407 5614 1638 5682 σημεῖα;
1668 5611 1853 5677 Οὐδεὶς

340 5739 368 5769 ⁸
386 5739 521 5789 Colb.
547 5742 627 5788 καὶ
648 5743 713 5797 ὡς
732 5739 960 5796 Ἕλληνες
991 5743 1195 5793 λέγουσι,

561 5820 830 5883 Ριτιιοι..
871 5819 988 5882 Gn.
1034 5821 1129 5884 LI.

882 300 1022 357 cun
1060 303 1126 359 m
1156 278 1447 360 PENTEC.
1477 302 1679 360 ACTA.
1723 302 1871 358 mc.

1929 301 1993 358 IN
2023 300 2312 360 PRINCIP.
2358 302 2712 360 ACTORUM.
2758 304 2843 359 IV.
3404 303 3509 356 108

1953 409 2063 479 γάρ
2091 409 2200 464 τῶν
2234 409 2450 474 ζώντων
2472 409 2799 482 τελευτήσας
2836 409 3055 479 μείςονα
3082 412 3282 480 σημεῖα
3304 411 3527 484 ἐποίησε

1951 491 2089 561 μετά
2114 491 2213 563 τὴν
2240 492 2518 562 τελευτὴν,
2546 490 2777 546 ἐνταῦθα
2803 492 2860 545 δὲ
2882 491 3101 562 μείζονα
3128 492 3222 544 καὶ
3240 493 3316 563 τῷ
3335 495 3525 567 τρόπῳ

1947 574 2043 628 καὶ
2068 577 2133 646 τῇ
2163 577 2321 644 φύσει
2349 576 2418 630 τὰ
2453 574 2705 646 θαύματα
2739 576 2877 645 μετὰ
2906 575 3077 627 ταῦτα
3106 571 3194 644 ἦν.
3223 576 3389 630 Φύσει
3418 580 3530 651 γάρ

1951 658 2173 727 μείζονα
2203 655 2292 728 ἦν,
2330 658 2410 710 ὅτι
2448 659 2546 728 μὲν
2582 659 2676 711 τοῦ
2711 658 2946 729 Χριστοῦ
2978 657 3232 712 οὐδέποτε
3263 662 3411 714 σκιαὶ
3444 680 3531 714 νε-

1947 742 2111 811 κροὺς
2160 742 2493 812 ἀνέστησαν·
2528 742 2621 793 ἐπὶ
2657 741 2713 794 δέ
2748 740 2857 792 τῶν
2908 740 3223 794 ἀποστόλων
3276 744 3330 796 αἱ
3377 745 3529 797 σκιαὶ

1946 823 2126 877 αὐτῶν
2169 823 2342 876 πολλὰ
2385 822 2611 876 τοιαῦτα
2663 824 2897 875 ἐποίουν.
2952 824 3150 894 Τρὸπῳ
3200 825 3255 877 δέ
3307 826 3529 895 μείζονα

1947 906 2164 974 ἐγένετο
2202 910 2424 977 σημεῖα,
2453 909 2534 959 ὅτι
2566 905 2686 958 τότε
2722 906 2821 976 μὲν
2852 905 3012 967 αὐτὸς
3040 906 3347 960 ἐπιτάττων
3374 908 3501 960 ἐθαυ
3519 939 3532 948 -

1950 990 2276 1060 ματούργει*
2316 988 2453 1060 μετά
2485 989 2543 1041 δὲ
2580 988 2671 1040 τὸν
2708 988 2941 1059 σταυρὸν
2968 990 3014 1041 οἱ
3045 988 3219 1042 δοῦλοι
3247 990 3409 1043 αὑτοῦ
3449 990 3528 1061 τῷ

1949 1074 2229 1144 σεϐασμίῳ
2256 1074 2349 1127 καὶ
2382 1072 2521 1143 ἀγίῳ
2550 1072 2716 1125 αὑτοῦ
2745 1073 2970 1142 ὀνόματι
2996 1071 3270 1143 χρώμενοι
3308 1073 3532 1142 μείζονα

1948 1160 2043 1211 καὶ
2088 1157 2396 1229 ὑψηλότερα
2441 1157 2679 1220 ἐποίουν,
2723 1154 2865 1208 ὥστε
2917 1153 3179 1225 μειζόνως
3225 1156 3398 1209 αὐτοῦ
3434 1159 3530 1211 καὶ

1949 1240 2302 1312 ἐνδοξοτέρως
2330 1238 2633 1309 διαλάμψαι
2686 1237 2783 1309 τὴν
2833 1236 3007 1307 ἰσχύν.
3060 1237 3166 1290 Τοῦ
3222 1238 3331 1310 γὰρ
3370 1240 3531 1293 αὑτὸν

1949 1323 2259 1376 ἐπιτάττειν
2306 1321 2483 1391 πολλῷ
2533 1320 2716 1390 μεῖζον
2761 1317 2829 1391 ἦν
2871 1321 2931 1372 τὸ
2964 1320 3150 1392 ἕτερον
3194 1321 3274 1391 τῷ
3321 1323 3531 1375 ἐκείνου

1948 1406 2286 1476 κεχρημένον
2329 1404 2554 1473 ὀνόματι
2599 1402 2823 1455 τοιαῦτα
2858 1402 3316 1474 θαυματουργεῖν.
3354 1399 3528 1467 Εἶδες,

1946 1488 2222 1558 ἁγαπητὲ,
2253 1487 2347 1540 καὶ
2380 1489 2446 1556 τῇ
2480 1485 2641 1554 φύσει
2669 1485 2763 1537 καὶ
2803 1484 2881 1555 τῷ
2912 1485 3099 1555 τρόπῳ
3136 1484 3357 1555 μείζονα
3400 1486 3533 1539 ὄντα

1946 1571 2014 1625 16
2061 1573 2263 1641 σημεῖα
2290 1569 2398 1622 τῶν
2428 1566 2741 1620 ἀποστόλων
2776 1566 2913 1635 μετά
2961 1566 3059 1637 τὴν
3096 1569 3393 1622 ἀνάστασιν
3436 1570 3532 1623 τοῦ

1947 1652 2219 1725 Χριστοῢς
2252 1650 2463 1704 Οὐκοῦν
2506 1649 2986 1720 ἀναμφισϐήτητος
3029 1652 3060 1721 ή
3108 1651 3384 1715 ἀπόδειξις
3429 1652 3534 1722 τῆς

1948 1736 2323 1797 ἀναστάσεως.
2356 1734 2532 1806 Ὅπερ
2570 1732 2681 1803 γὰρ
2720 1732 2927 1800 ἔλεγον,
2964 1733 3059 1785 καὶ
3104 1734 3270 1787 πάλιν
3310 1735 3441 1806 ἐρῶ,
3483 1737 3533 1788 εί

1947 1818 2351 1887 ἐτετελευτήκει
2380 1819 2407 1869 6
2428 1815 2681 1887 Χριστὸς,
2711 1816 2805 1867 καὶ
2831 1816 2931 1868 οὐκ
2951 1816 3175 1887 ἀνέστη,
3204 1818 3312 1870 ἔδει
3341 1819 3436 1871 καὶ
3463 1819 3534 1871 τὰ

1951 1904 2150 1972 σημεῖα
2197 1898 2515 1969 τελευτῆσαι
2568 1898 2661 1949 καὶ
2711 1897 3151 1965 ἀποσϐεσθῆναιο
3202 1902 3320 1954 νυνὶ
3365 1901 3423 1953 δὲ
3466 1902 3530 1954 οὐ

1956 1985 2117 2055 μόνον
2147 1985 2248 2036 οὐκ
2275 1982 2608 2052 ἀπεσϐέσθη,
2640 1980 2777 2033 ἀλλά
2806 1981 2900 2034 καὶ
2940 1981 3291 2054 λαμπρότερα
3324 1984 3419 2035 καὶ
3448 1987 3533 2035 ἐν·

1950 2070 2202 2139 δοΞξότερα
2234 2068 2425 2135 γέγονε
2458 2064 2599 2135 μετά
2645 2064 2837 2118 ταῦτα.
2889 2066 2952 2117 Εἰ
2996 2066 3103 2136 γὰρ
3151 2068 3225 2136 μὴ
3258 2067 3456 2136 ἀνέστη
3504 2070 3534 2120 6

1948 2151 2200 2223 Χριστὸς,
2227 2151 2325 2203 οὐκ
2354 2148 2419 2203 ἂν
2454 2148 2631 2218 ἕτεροι
2662 2149 2719 2199 ἐν
2750 2147 2828 2217 τῷ
2863 2149 3086 2217 ὀνόματι
3112 2148 3273 2201 αὑτοῦ
3308 2148 3533 2202 τοιαῦτα

1952 2237 2154 2305 σημεῖα
2176 2234 2458 2303 ἐποίησαν.
2500 2232 2564 2283 Ἠ
2596 2231 2734 2300 αύτὴ
2766 2232 2864 2301 μὲν
2903 2232 3009 2299 γὰρ
3035 2229 3263 2301 δύναμις
3299 2232 3395 2284 καὶ
3428 2232 3533 2302 πρὸ

1947 2317 2042 2369 τοῦ
2074 2316 2309 2387 σταυροῦ
2341 2316 2434 2369 καὶ
2479 2314 2617 2386 μετά
2664 2314 2756 2366 τὸν
2791 2313 3024 2384 σταυρὸν
3053 2313 3493 2383 ὲθαυματούργει
3515 2331 3529 2343 ο

1950 2399 2045 2453 καὶ
2080 2399 2294 2472 πρῶτον
2324 2400 2427 2469 μὲν
2453 2397 2521 2450 δι’
2557 2395 2775 2459 ἑαυτοῦ,
2815 2395 3040 2465 ὕστερον
3068 2396 3124 2448 δέ
3153 2396 3243 2449 διὰ
3281 2396 3387 2449 τῶν
3423 2414 3530 2466 μα-

1951 2481 2161 2553 θητῶν
2195 2484 2282 2535 ἵνα
2326 2482 2383 2534 δὲ
2422 2480 2735 2550 σαφεστέρα
2794 2480 2889 2532 καὶ
2939 2478 3251 2551 ἐνδοξοτέρα
3305 2480 3533 2551 γένηται

1949 2566 2048 2635 τῆς
2072 2565 2423 2626 ἀναστάσεως
2455 2566 2487 2633 ἡ
2526 2562 2819 2629 ἀπόδειξις,
2851 2562 3073 2632 μείζονα
3101 2562 3195 2614 καὶ
3226 2562 3534 2633 ὑψηλότερα

1954 2648 2093 2719 μετά
2140 2647 2231 2700 τὸν
2281 2646 2512 2716 σταυρὸν
2565 2647 2784 2714 ἐγένετο
2831 2647 2899 2699 τὰ
2945 2648 3168 2716 σημεῖα.
3213 2647 3325 2698 Καὶ
3368 2646 3533 2698 πόθεν

1950 2730 2108 2799 δῆλον
2135 2731 2216 2783 ὅτι
2245 2732 2445 2801 σημεῖα
2471 2730 2662 2797 γέγονε
2694 2729 2849 2795 τότε;
2881 2731 2910 2781 6
2939 2730 3165 2791 ἄπιστος
3198 2730 3331 2800 ἐρεῖ.
3361 2729 3534 2783 Πόθεν

1953 2814 2010 2866 δὲ
2053 2815 2146 2867 καὶ
2193 2813 2350 2883 δῆλον
2391 2813 2473 2865 ὅτι
2525 2809 2843 2882 ἐσταυρώθη
2884 2814 2912 2864 6
2958 2812 3225 2881 Χριστός;
3260 2813 3391 2864 Ἀπὸ
3423 2812 3534 2865 τῶν

1955 2898 2113 2951 θείων
2167 2896 2419 2968 Γραφῶν,
2465 2895 2619 2965 φησί.
2671 2894 2781 2947 Καὶ
2832 2895 2941 2966 γὰρ
2972 2895 3054 2948 ὃτι
3089 2898 3290 2965 σημεῖα
3338 2894 3531 2963 γέγονε

1952 2981 2075 3033 τότε
2104 2982 2199 3034 καὶ
2228 2982 2311 3033 ὅτι
2342 2977 2664 3049 ἐσταυρώθη
2697 2980 2726 3031 6
2760 2978 3016 3048 Χριστὸς,
3054 2979 3162 3030 ἀπὸ
3207 2976 3315 3030 τῶν
3362 2979 3532 3045 ἁγίων

1952 3063 2182 3134 Γραφῶν
2215 3062 2391 3132 δῆλον.
2436 3062 2669 3114 Ἐκεῖναι
2702 3061 2798 3131 μὲν
2833 3060 2941 3129 γὰρ
2970 3062 3062 3113 κα)⁸
3090 3060 3263 3113 ταῦτα
3305 3062 3533 3113 κάκεῖνα

1951 3147 2218 3216 λέγουσιν.
2252 3148 2316 3198 Εί
2344 3145 2400 3198 δέ
2430 3146 2578 3213 λέγει
2604 3147 2632 3197 6
2659 3146 2996 3208 ὑπεναντίος,
3029 3145 3109 3197 ὅτι
3139 3145 3238 3197 οὐκ
3269 3143 3533 3216 ἐποίησαν

1954 3233 2154 3302 σημεῖα
2192 3231 2241 3282 οἱ
2272 3228 2579 3293 ἀπόστολοι,
2613 3228 2876 3297 μειζόνως
2903 3228 3082 3281 αὐτῶν
3127 3227 3392 3290 δεικνύεις
3432 3228 3533 3298 τὴν

1952 3314 2181 3384 δύναμιν
2232 3313 2326 3365 καὶ
2374 3311 2471 3382 τὴν
2510 3311 2660 3364 θείαν
2714 3312 2895 3383 χάριν,
2943 3313 3027 3364 ὅτι
3078 3312 3247 3382 χωρὶς
3291 3311 3533 3382 σημείων

1951 3398 2219 3468 τοσαύτην
2245 3395 2571 3466 οἰκουμένην
2598 3397 2981 3448 ἐπεσπάσαντο
3015 3398 3150 3466 πρὸς
3186 3394 3521 3449 θεοσέϐειαν.

1952 3481 2124 3535 Τοῦτο
2160 3480 2270 3551 γὰρ
2306 3479 2567 3549 μέγιστον
2601 3480 2824 3547 σημεῖον
2851 3479 2944 3531 καὶ
2978 3477 3279 3550 παράδοξον
3320 3476 3529 3548 θαῦμα,

1951 3568 2080 3621 ὅταν
2109 3566 2158 3618 οἱ
2198 3562 2427 3633 πτωχοὶ,
2473 3562 2568 3615 καὶ
2601 3560 2867 3632 πένητες,
2908 3562 3002 3615 καὶ
3032 3563 3532 3634 εὐκαταφρόνητοι,

1952 3650 2048 3703 καὶ
2076 3648 2455 3718 ἀγράμματοι,
2494 3644 2589 3697 καὶ
2625 3644 2853 3708 ἰδιῶται,
2892 3646 2988 3698 καὶ
3016 3645 3276 3708 εὐτελεῖς.
3307 3647 3403 3698 καὶ
3429 3645 3536 3698 δώ·-

1952 3734 2081 3787 δεκα
2124 3732 2215 3784 τὸν
2258 3728 2513 3800 ἀριθμὸν,
2561 3728 2745 3790 πόλεις
2784 3728 3073 3795 τοσαύτας,
3106 3729 3203 3783 καὶ
3232 3727 3393 3801 ἔθνη,
3438 3729 3534 3782 καὶ

1952 3817 2187 3887 δήμους,
2218 3815 2313 3867 καὶ
2365 3811 2641 3882 βασιλεῖς,
2684 3812 2779 3865 κοιλ⁸
2815 3811 3144 3882 τυράννους,
3190 3813 3285 3866 καὶ
3321 3812 3535 3875 φιλοσό-

1954 3916 2109 3969 φους,
2152 3897 2246 3951 καὶ
2280 3897 2540 3969 ῥήτορας,
2581 3895 2676 3947 καὶ
2707 3895 2910 3959 πᾶσαν,
2945 3895 3020 3958 ώς
3053 3897 3247 3959 εἰπεῖν,
3292 3895 3389 3965 τὴν
3428 3895 3534 3965 γῆν

1952 3983 2123 4053 χωρὶς
2159 3979 2400 4051 σημείων
2430 3976 2727 4047 φαίνωνται
2757 3977 2894 4049 πρὸς
2926 3978 3151 4041 ἑαυτοὺς
3180 3978 3529 4042 ἑλκύσαντες.

1954 4063 2140 4121 Βούλει
2173 4062 2228 4114 δὲ
2270 4060 2361 4114 καὶ
2394 4062 2492 4113 νῦν
2531 4063 2731 4130 σημεῖα
2764 4062 3022 4131 γινόμενα
3069 4059 3229 4125 ίδεῖν;
3270 4059 3411 4130 Ἐγώ
3449 4077 3531 4112 σοι

1952 4147 2110 4212 δείξω
2156 4146 2249 4198 καὶ
2300 4143 2522 4215 μείζονα
2568 4143 2677 4196 τῶν
2709 4145 3013 4216 προτέρων,
3053 4143 3151 4213 οὐχ
3196 4143 3292 4195 ἕνα
3340 4143 3531 4215 νεκρὸν

1953 4229 2322 4302 ἐγειρόμενον,
2376 4228 2472 4298 οὐχ
2525 4226 2623 4280 ἕνα
2678 4227 2879 4296 τυφλὸν
2942 4225 3347 4288 ἀναϐλέποντα,
3397 4226 3533 4279 ἀλλά

1953 4315 2131 4368 πᾶσαν
2161 4315 2261 4382 τὴν
2287 4314 2390 4382 γῆν
2420 4311 2483 4363 τὸ
2510 4310 2700 4372 σκότος
2726 4311 2825 4381 τῆς
2859 4307 2974 4382 [93]
3006 4309 3215 4380 πλάνης
3255 4309 3531 4378 ἀποθεμέ-

1953 4414 2078 4468 νην’
2105 4397 2203 4466 οὐχ
2233 4396 2326 4449 ἐνα
2354 4394 2553 4466 λεπρὸν
2573 4393 2989 4465 καθαιρόμενον,
3013 4394 3127 4447 ἀλλ’
3148 4394 3276 4465 ἔθνη
3296 4393 3534 4447 τοσαῦτα

1950 4484 2050 4553 τὴν
2094 4480 2306 4553 λέπραν
2338 4480 2437 4549 τῆς
2488 4479 2764 4551 ἁμαρτίας
2807 4479 3202 4552 ἀποσμήξαντα
3229 4480 3257 4520 1³
3301 4480 3396 4534 καὶ
3442 4478 3533 4532 διὰ

1952 4566 2049 4620 τοῦ
2090 4562 2318 4635 λουτροῦ
2364 4562 2788 4630 παλιγγενεσίας
2827 4562 3194 4634 καθαρθέντα.
3228 4563 3294 4617 Τί
3324 4562 3533 4615 τούτων

1953 4650 2060 4705 τῶν
2110 4647 2353 4719 σημείων
2408 4647 2591 4717 μεῖζον
2643 4646 2940 4717 ἐπιζητεῖς,
2997 4646 3286 4718 ἄνθρωπε,
3338 4644 3532 4717 ἀθρόον

1952 4733 2223 4803 τοσαύτην
2251 4732 2350 4803 τῆς
2400 4732 2727 4803 οἰκουμένης
2775 4733 3079 4802 μεταϐολὴν
3110 4732 3253 4802 ὁρῶν
3300 4747 3532 4801 γεγενη-

1956 4817 2124 4888 μένην
2139 4833 2154 4882 ;

2024 4906 2097 4979 η’.
2136 4907 2320 4960 Βούλει
2362 4907 2555 4979 μαθεῖν
2594 4909 2710 4973 πῶς
2748 4910 3051 4981 ἀναϐλέψαι
3077 4910 3176 4981 τὴν
3203 4911 3531 4983 οίκουμένην

1954 5002 2212 5073 ἐποίησεν
2251 5004 2279 5055 6
2308 5003 2580 5074 Χριστός;
2622 5004 2696 5057 Τὸ
2725 5005 2990 5076 πρότερον
3025 5006 3087 5058 τὸ
3127 5004 3279 5070 ξύλον
3314 5007 3409 5059 καὶ
3442 5006 3534 5062 τὸν

1956 5096 2107 5150 λίθον
2140 5095 2521 5166 οὐκένόμιζον
2558 5091 2696 5150 εἶναι
2742 5096 2897 5162 ξύλον
2925 5098 3017 5150 καὶ
3046 5097 3190 5151 λίθον
3235 5099 3285 5149 ot
3319 5096 3532 5169 ἀνθρω-

1956 5204 2068 5253 ποι,
2093 5186 2228 5239 ἀλλά
2261 5186 2417 5249 θεοὺς
2462 5187 2687 5241 ἐκάλουν
2720 5189 2789 5241 16
2833 5188 3153 5260 ἀναίσθητα,
3185 5189 3357 5255 οὕτως
3390 5185 3533 5259 ἦσαν

1955 5276 2500 5347 ἀποτετυφλωμένοι·
2537 5279 2654 5331 νυνὶ
2695 5278 2751 5332 δὲ
2796 5273 2935 5333 εἶδον
2962 5279 3014 5331 τί
3046 5280 3221 5345 ξύλον,
3267 5279 3319 5333 τί
3350 5278 3529 5342 λίθος·

1955 5368 2283 5421 ἐπίστευσαν
2320 5368 2374 5421 τί
2402 5368 2555 5432 Θεός.
2600 5370 2788 5423 Πίστει
2833 5372 2939 5444 γάρ
2982 5372 3118 5443 μόνῃ
3169 5371 3452 5443 θεωρεῖται
3497 5372 3532 5441 ἡ

1954 5456 2258 5528 ἀνώλεθρος
2286 5459 2379 5511 καὶ
2408 5459 2653 5530 μακαρία
2693 5459 2856 5528 φύσις
2886 5462 3093 5531 ἐκείνη.
3132 5460 3318 5515 Βούλει
3350 5461 3405 5513 δὲ
3437 5460 3531 5514 καὶ

1955 5549 2138 5617 ἕτερον
2166 5549 2511 5613 ἀναστάσεως
2540 5550 2665 5604 ίδείν
2695 5555 2951 5624 σημεῖον;
2988 5553 3122 5606 Ἀπὸ
3152 5552 3255 5624 τῆς
3286 5551 3395 5606 τῶν
3431 5569 3531 5622 μα-

1956 5639 2133 5709 θητῶν
2159 5640 2382 5712 γνώμης
2408 5640 2529 5709 δψει
2558 5645 2653 5697 καὶ
2680 5645 2839 5699 τοῦτο
2868 5645 3051 5718 μεῖξον
3075 5647 3358 5716 γινόμενον
3392 5643 3529 5716 μετὰ

2018 5749 2044 5790 1³
2079 5751 2213 5801 Colb.
2238 5753 2623 5816 ἀποσμηξάμενα.

3132 5831 3172 5888 7
