3964 6342
482 209 585 267 199

477 325 576 396 τήν
605 324 918 378 ἀνάστασιν.
957 314 1069 376 κει
1109 321 1217 394 γάρ
1265 321 1414 393 παρά
1460 323 1625 376 πᾶσιν
1667 322 2043 393 ὡμολόγηταιι,

475 418 561 468 ὅτι
601 415 630 468 6
665 414 763 485 μὲν
797 413 926 484 περὶ
975 412 1154 476 ζῶντα
1196 412 1484 484 ἄνθρωπον
1532 414 1792 478 εὐνοϊκῶς
1843 413 2051 467 διακεί-

471 524 637 578 μενος
675 507 769 560 καὶ
817 505 1178 569 ἀποθανόντος
1229 505 1357 570 ἴσως
1406 505 1526 559 οὐδὲ
1579 507 1850 576 μέμνηται
1870 521 1884 536 ο
1919 506 1948 558 6
1993 503 2052 556 δὲ

474 599 604 668 περὶ
651 597 832 662 ζῶντα
859 596 1190 667 ἀγνωμόνως
1233 596 1500 660 διατεθεὶς
1532 598 1627 650 καὶ
1667 595 2049 664 ἐγκαταλιπὼν

467 689 767 758 περιόντα,
825 687 1004 758 πολλῷ
1049 687 1246 758 μᾶλλον
1294 688 1654 751 ἀποθανόντος
1708 688 2048 758 ἐπιλήσεται.

466 773 639 831 ’Ὅθεν
665 779 839 841 οὐδεὶς
875 777 986 830 τῶν
1011 776 1315 848 ἀνθρώπων
1340 777 1431 830 τὸν
1475 777 1627 846 φίλον
1665 779 1760 830 καὶ⁴
1791 777 1881 829 τὸν
1910 776 2052 830 διδά-

477 871 675 924 σκαλον
701 870 858 938 ἀφεὶς
889 867 1068 933 ζῶντα
1095 870 1190 923 καὶ
1221 867 1622 937 ἐγκαταλιπὼν,
1649 869 2050 939 τελευτήσαντα

476 961 604 1033 περὶ
641 961 838 1016 πολλοῦ
871 965 1133 1025 ποιεῖται,
1185 962 1279 1013 καὶ
1317 960 1552 1031 μάλιστα
1601 961 1730 1014 ὅταν
1777 959 2053 1021 κινδύνους

480 1053 705 1123 μυρίους
742 1043 901 1123 αὐτῷ
931 1051 1321 1123 προκειμένους
1370 1050 1477 1104 ἀπὸ
1519 1050 1622 1119 τῆς
1673 1049 1800 1120 περὶ
1846 1051 2053 1102 ἐκεῖνον

480 1145 718 1215 σπουδῆς
748 1140 942 1215 βλέπῃ.
974 1144 1115 1197 Ἀλλ’
1144 1144 1252 1196 ίδοὺ
1281 1142 1441 1196 τοῦτο
1467 1142 1526 1195 τὸ
1553 1141 1643 1194 ἐπὶ
1676 1141 1901 1213 μηδενὸς
1925 1159 2056 1210 συμ-

481 1231 684 1295 ϐαῖνον,
715 1232 810 1286 ἐπὶ
837 1232 928 1285 τοῦ
959 1231 1199 1300 Χριστοῦ
1227 1231 1448 1284 καὶτῶν
1475 1231 1786 1284 ἀποστόλων
1815 1229 2052 1297 ἐγένετο,

481 1321 576 1376 καὶ
603 1322 653 1373 ot
683 1319 859 1384 ζῶντα
882 1321 1044 1374 αὐτὸν
1073 1321 1440 1392 ἀρνησάμενοι
1462 1319 1556 1372 καὶ
1575 1319 2054 1387 ἐγκαταλιπόντες,

481 1412 574 1464 καὶ
605 1411 976 1482 συλληφθέντα
1008 1413 1257 1480 ἀφέντες,
1289 1411 1385 1466 καὶ
1413 1411 1880 1481 ἀποπηδήσαντες,
1915 1409 2056 1481 μετά

483 1501 652 1570 μυρία
704 1502 884 1553 ἐκεῖνα
920 1501 1092 1572 ὀνείδη
1146 1501 1240 1553 καὶ
1285 1500 1380 1554 τὸν
1436 1501 1688 1572 σταυρὸν,
1737 1500 1888 1554 ὀὕτω
1927 1502 2057 1572 περὶ

480 1590 678 1644 πολλοῦ
705 1592 1046 1663 πεποίηνται,
1073 1592 1148 1656 ὼς
1178 1592 1272 1646 καὶ
1302 1592 1401 1655 τάς
1437 1592 1614 1664 ψυχὰς
1643 1591 1918 1646 ἐπιδοῦναι
1961 1592 2057 1654 τὰς

480 1683 687 1737 ἑαυτῶν
718 1684 858 1755 ὑπὲρ
883 1684 983 1753 τῆς
1009 1686 1090 1746 είς
1129 1683 1292 1736 αὑτὸν
1336 1683 1629 1754 ὁμολογίας
1657 1686 1752 1738 καὶ
1795 1685 2052 1746 πίστεως.

479 1775 672 1828 Καίτοι
715 1793 776 1843 γε
822 1778 870 1828 εἰ
909 1777 1003 1829 καὶ
1053 1775 1430 1847 τετελευτήκει
1466 1789 1491 1818 α
1525 1777 1760 1846 Χριστὸς
1807 1778 1906 1831 ’καὶ
1956 1777 2056 1831 οὐκ

477 1867 677 1937 ἀνέστη
702 1907 716 1930 ,
763 1868 879 1932 πῶς
931 1863 1045 1938 εἶχε
1083 1867 1239 1936 λόγον
1281 1869 1407 1932 τοὺς
1439 1871 1601 1940 ἡνίκα
1638 1868 1734 1940 ἔζη
1786 1869 2057 1937 φυγόντας

474 1960 563 2012 διὰ
594 1959 684 2012 τὸν
718 1960 1062 2029 ἐπικείμενον
1091 1959 1353 2021 κίνδυνον,
1394 1960 1557 2030 ήνίκα
1586 1957 1904 2028 ἐτελεύτησε
1951 1976 2055 2029 μυι-

459 2051 616 2120 ,ρίοις
661 2052 884 2115 ἑαυτοὺς
924 2051 990 2104 δι’
1030 2054 1232 2105 ἐκεῖνον
1271 2051 1614 2124 περιϐάλλειν
1643 2051 1942 2114 κινδύνοις;
1992 2050 2053 2104 Οί

462 2144 586 2212 μὲν
607 2140 697 2198 οὖν
719 2144 866 2198 ἄλλοι
889 2145 1088 2209 πάντες
1112 2145 1327 2214 ἔφυγον,
1354 2144 1557 2216 Πέτρος
1580 2144 1635 2197 δὲ
1664 2145 1758 2196 καὶ
1785 2145 2056 2214 ἠρνήσατο

485 2234 607 2303 μεθ’
646 2235 808 2307 ὅρκου
845 2235 1047 2308 τρίτον,
1098 2235 1192 2289 καὶ
1239 2237 1266 2288 6
1303 2235 1420 2306 μεθ’
1461 2236 1627 2306 ὅρκου
1665 2233 1845 2306 τρίτον
1893 2233 2056 2287 αὑτὸν

481 2327 858 2398 ἀρνησάμενος
886 2329 980 2381 καὶ¹
1011 2326 1412 2399 θεραπαινιδίου
1448 2325 1612 2395 φόϐον
1655 2324 1904 2389 εὐτελοῦς
1949 2324 2058 2379 δεί-

469 2431 607 2480 σας,
635 2415 1184 2487 ἐπειδὴ-ἐτελεύτησε,
1227 2415 1547 2487 βουλόμενος
1579 2417 1728 2487 ἡμᾶς
1761 2419 1945 2469 πεῖσαι
1971 2414 2059 2468 διὰ

482 2507 592 2558 τῶν
630 2508 968 2580 πραγμάτων
1001 2509 1200 2571 αὐτῶν,
1237 2510 1319 2563 ὅτι
1349 2503 1488 2562 εἶδεν
1520 2509 1682 2561 αὑτὸν
1723 2508 2056 2574 ἀναστάντα,

485 2597 656 2661 οὕτως
705 2600 897 2673 ἀθρόον
951 2601 1307 2672 μετεϐάλλετο
1355 2603 1430 2666 ὡς
1477 2603 1767 2674 ὁλοκλήρου
1821 2620 2060 2671 καταγε-

470 2688 646 2744 ιλάσαι
674 2691 866 2763 δήμου,
891 2694 983 2746 καὶ
1008 2695 1086 2757 είς
1115 2693 1278 2764 μέσον
1310 2694 1416 2748 τῶν
1451 2693 1716 2747 Ἰουδαίων
1742 2693 1803 2746 τὸ
1831 2693 2058 2764 θέατρον

485 2783 808 2856 εἰσπηδῆσαι
842 2785 934 2839 καὶ
965 2786 1160 2854 εἰπεῖν,
1187 2786 1268 2839 ὅτι
1297 2787 1325 2841 ό
1367 2785 1700 2858 σταυρωθεὶς
1738 2786 1831 2839 καὶ
1866 2785 2060 2856 ταφεὶς

483 2871 681 2944 ἀνέστη
720 2875 784 2927 ἐκ
812 2873 1021 2944 νεκρῶν
1045 2875 1111 2944 τῇ
1157 2874 1314 2945 τρίτῃ
1342 2874 1544 2945 ἡμέρᾳ,
1585 2873 1680 2926 καὶ
1707 2873 1789 2936 εἰς
1816 2874 1944 2935 τοὺς
1975 2872 2061 2925 οὑ-

487 2965 681 3031 ρανοὺς
724 2965 909 3037 ἀνέϐη,
947 2966 1040 3018 καὶ
1091 2965 1258 3035 μηδὲν
1306 2965 1468 3019 αὐτὸν
1516 2963 1828 3019 ὑποδεῖσθαι
1863 2963 2055 3016 δεινόν.

485 3049 654 3104 Πόθεν
681 3048 773 3105 οὖν
809 3053 869 3106 τὸ
898 3051 1120 3124 θαρρεῖν
1149 3047 1297 3123 αὐτῷ
1323 3052 1574 3121 ἐγένετος
1615 3052 1785 3106 Πόθεν
1813 3051 2054 3116 ἄλλοθεν,

482 3144 597 3197 ἀλλ’
624 3145 658 3215 ἢ
691 3144 799 3197 ἀπὸ
830 3144 926 3214 τῆς
962 3145 1331 3217 πληροφορίας
1358 3145 1456 3216 τῆς
1495 3144 1636 3198 κατά
1679 3144 1776 3215 τὴν
1819 3145 2058 3198 ἀνάστα·

485 3253 607 3301 σινς
649 3235 866 3306 Ἐπειδὴ
918 3234 1027 3306 γάρ
1062 3230 1204 3289 εἶδεν
1251 3235 1430 3300 αὐτὸν,
1481 3235 1576 3288 καὶ
1623 3235 1868 3306 διελέχθη
1895 3275 1910 3298 ,
1961 3237 2057 3290 καὶ

487 3325 614 3396 περὶ
639 3324 748 3377 τῶν
777 3325 1076 3394 μελλόντων
1103 3326 1322 3395 ἤκουσε,
1349 3324 1435 3378 διά
1462 3323 1618 3376 τοῦτο
1651 3324 1728 3388 ὼς
1755 3325 1894 3396 ὑπὲρ
1922 3325 2058 3388 ζῶν-

481 3434 575 3480 τος
607 3415 929 3468 κινδυνεύων
961 3416 1168 3480 λοιπὸν,
1195 3414 1368 3480 οὕτως
1398 3416 1654 3471 ἀπάντων
1686 3417 2056 3488 κατετόλμησε

481 3510 594 3563 τῶν
625 3509 836 3573 δεινῶν,
875 3508 970 3562 ἀτε
1006 3507 1070 3578 δὴ
1103 3509 1197 3561 καὶ
1237 3508 1458 3561 πλείονα
1489 3505 1668 3559 λαϐὼν
1700 3505 1923 3575 δύναμιν
1959 3507 2057 3559 καὶ

485 3597 670 3669 μεῖζον
704 3599 763 3651 τὸ
799 3597 998 3668 θάρσος
1037 3597 1112 3660 ὡς
1136 3597 1275 3666 ὑπὲρ
1310 3594 1474 3651 αὑτοῦ
1511 3595 1818 3659 ἀποθανεῖν,
1857 3595 1949 3648 καὶ
1979 3595 2058 3664 τῷ

484 3686 701 3758 σταυρῷ
740 3687 884 3741 κατά
923 3685 1622 3758 κεφαλῆςπροσομίλῆσαι.
1663 3686 1832 3739 ’Ὁταν
1877 3687 2057 3740 τοίνυν

486 3778 602 3848 ἴδῃς
632 3777 660 3816 ι’
689 3777 781 3830 καὶ
810 3779 1011 3847 σημεῖα
1040 3775 1261 3845 μείζονα
1303 3775 1580 3845 γινόμενα,
1610 3775 1702 3828 καὶ
1728 3777 1854 3838 τοὺς
1883 3776 2059 3846 μαθη-

484 3869 585 3931 τάς
617 3867 841 3921 πλείονα
891 3867 1260 3938 κεκτημένους
1308 3865 1518 3920 εὖνοιαν
1557 3867 1682 3937 περὶ
1729 3866 1890 3919 αὐτὸν
1932 3867 2057 3929 τοὺς

484 3961 746 4031 πρότερον
776 3957 1238 4027 ἐγκαταλιπόντας
1262 3957 1444 4024 αὐτὸν,
1476 3958 1568 4012 κα)⁵
1595 3956 1710 4030 [94]
1746 3957 2056 4029 παρρησίαν

484 4052 707 4120 μείζονα
746 4049 1241 4120 ἐπιδεικνυμένους,
1291 4049 1387 4102 καὶ
1429 4049 1764 4118 πανταχόθεν
1809 4049 2055 4118 λαμπρο-

479 4142 644 4212 τέραν
695 4140 985 4210 γινομένην
1038 4139 1148 4193 τῶν
1200 4125 1539 4210 πραγμάτων
1577 4140 1674 4209 τὴν
1729 4140 2053 4211 μεταϐολὴν.

485 4231 577 4284 καὶ
616 4231 708 4284 ἐπὶ
752 4231 813 4283 τὸ
861 4229 1414 4302 πεπαρῥησιασμένον
1460 4230 1556 4282 καὶ
1591 4229 1816 4298 φαιδρὸν
1860 4229 2055 4300 προελ-

482 4322 642 4375 θόντα
681 4322 924 4382 ἅπαντα,
979 4319 1217 4390 μάνθανε
1261 4320 1328 4372 δι’
1357 4321 1527 4389 αὐτῆς
1573 4321 1680 4373 τῶν
1718 4321 2056 4390 πραγμάτων

479 4412 578 4482 τῆς
631 4412 862 4482 πείρας,
903 4410 985 4462 ὅτι
1037 4410 1099 4462 οὐ
1147 4410 1308 4480 μέχρι
1376 4409 1720 4464 θανάτου.τά
1763 4409 1906 4462 κατά
1965 4408 2058 4461 τὸν

481 4502 713 4572 Χριστὸν
765 4501 1002 4571 ἔμεινεν,
1033 4499 1169 4553 ἀλλά
1218 4502 1513 4562 ἀνάστασις
1562 4498 1724 4551 αὑτὸν
1769 4496 2053 4561 διεδέξατο,

479 4595 572 4646 καὶ
603 4595 669 4665 ζῇ
705 4594 799 4647 καὶ
835 4593 984 4662 μένει
1015 4590 1284 4660 διηνεκῶς
1314 4593 1342 4643 6
1377 4589 1704 4661 σταυρωθεὶς
1726 4589 1858 4651 Θεὸς
1896 4589 2056 4640 ἀναλ-

475 4684 713 4746 λοίωτος.
746 4683 820 4734 Οὐ
862 4681 970 4752 γάρ
1011 4681 1078 4733 ἂν
1106 4682 1154 4732 εί
1197 4677 1271 4749 μὴ
1301 4679 1499 4748 ἀνέστη
1541 4679 1636 4730 καὶ
1680 4676 1800 4747 ἔζη,
1836 4676 2056 4746 μείζονα

481 4773 618 4843 μετά
651 4773 822 4826 ταῦτα
854 4774 1056 4842 σημεῖα
1086 4769 1412 4839 εἰργάσαντο
1443 4769 1493 4820 οί
1536 4766 1777 4838 μαθηταὶ
1808 4766 1916 4819 τῶν
1949 4765 2056 4836 πρὸ

475 4860 568 4913 τοῦ
604 4860 834 4930 σταυροῦ
877 4859 1197 4931 γινομένων.
1233 4858 1368 4911 Τότε
1405 4856 1504 4927 μὲν
1537 4855 1646 4927 γὰρ
1683 4855 1847 4909 αὑτὸν
1887 4855 1978 4908 καὶ
2004 4856 2052 4907 οἱ

482 4951 716 5021 μαθηταὶ
770 4951 1154 5018 ἐγκατέλιπονο
1200 4950 1316 5002 νυνὶ
1359 4949 1415 5001 δὲ
1460 4946 1609 5016 αὑτῷ
1657 4949 1750 4999 καὶ
1793 4948 1824 5016 ή
1880 4949 2055 4999 οἰκου-

482 5043 616 5110 μένη
665 5043 990 5113 προστρέχει
1037 5042 1223 5096 ἅπασα
1243 5082 1257 5106 ,
1306 5041 1399 5093 καὶ
1447 5039 1568 5109 οὐχὶ
1619 5038 1825 5108 Πέτρος
1871 5037 2050 5106 μόνον,

479 5131 616 5185 ἀλλὰ
647 5133 740 5184 καὶ
777 5132 954 5199 ἕτεροι
1001 5131 1205 5203 μυρίοι,
1237 5131 1332 5184 καλ⁸
1370 5129 1550 5200 πολλῷ
1581 5129 1742 5181 πλέον
1779 5129 1916 5198 μετὰ
1948 5128 2054 5181 Πέ-

477 5236 605 5289 τρον
637 5217 746 5271 τῶν
771 5219 870 5288 οὐχ
896 5219 1220 5288 ἑωρακότων
1253 5219 1413 5272 αὑτὸν
1437 5218 1536 5280 τὰς
1563 5217 1740 5287 ψυχὰς
1773 5216 2053 5271 ἐπέδωκαν

477 5313 576 5373 τὰς
607 5309 815 5362 ἑαυτῶν
851 5309 991 5379 ὑπὲρ
1025 5309 1253 5378 ἐκείνου,
1282 5310 1376 5363 καὶ
1404 5311 1499 5372 τὰς
1528 5309 1771 5378 κεφαλὰς
1806 5309 2054 5379 ἀπετμή-

480 5403 670 5471 θησαν,
697 5401 790 5454 καὶ
824 5399 996 5470 μυρία
1034 5400 1232 5455 ἔπαθον
1261 5401 1439 5464 δεινά,
1482 5399 1620 5452 ὥστε
1655 5399 1753 5470 τὴν
1787 5402 1866 5462 είς
1893 5399 2053 5452 αὐτὸν

542 5507 570 5537 ⁸
596 5504 876 5567 Legebantur
917 5502 972 5550 οὐ
1010 5505 1348 5563 τετελευτήκει,
1379 5504 1535 5567 quoq._
1571 5504 2049 5567 postulantejensu,

473 5564 803 5624 cortex-fmus,
836 5566 1162 5624 interpretem
1196 5572 1247 5613 et
1269 5564 1474 5616 Emehd.
1498 5565 1620 5611 Ven.
1647 5566 1823 5612 seculi.
1850 5564 1987 5614 Ευιτ.

543 5630 569 5688 ι)
593 5627 811 5688 (Ζοιῠζτὸ
834 5625 1019 5688 θάρσος·
1047 5625 1136 5672 οὐκ
1156 5627 1211 5673 ἀν
1236 5627 1288 5674 δὲ
1307 5627 1499 5674 πλείονα
1521 5626 1714 5688 δύναμιν
1733 5626 1896 5688 ἐλαϐεν
1920 5627 2048 5688 παρά

473 5687 566 5738 τοῦ
589 5685 758 5754 νεκροῦ
782 5687 864 5737 καὶ
891 5685 1108 5750 μένοντος
1128 5688 1176 5738 ἐν
1197 5689 1267 5751 τῷ
1285 5688 1485 5752 θανάτῳ·
1512 5687 1624 5734 ὅταν
1643 5685 1723 5734 οὖν
1745 5686 1866 5748 ἴδῃς.

1249 215 1536 278 'JOANNIS
1573 221 2066 278 cnn-vsosmm
2107 217 2425 274 malum
2465 207 3006 275 CONS‘I‘ANTINOP.

3631 214 3732 271 ίίθ

2159 324 2448 394 ὁμολογίαν
2484 325 2610 396 ὑγιῆ
2648 326 2743 379 καὶ
2765 326 3022 398 ἀκέραιον
3055 327 3275 396 ἔχοντας
3303 326 3577 381 ἀπελθεῖν.
3610 329 3732 396 Πῶς

2157 411 2250 470 οὖν
2276 419 2305 470 ὁ
2337 417 2525 488 νεκρὸς
2564 418 2657 470 καὶ
2684 419 2743 471 ἐν
2769 419 2848 489 τῷ
2873 419 3029 490 τάφῳ
3068 418 3265 488 μένων,
3304 419 3379 482 ὡς
3422 419 3487 473 σὺ
3532 419 3730 488 λέγεις,

2157 499 2204 560 ὦ
2228 507 2466 572 Ἰουδαῐε,
2490 508 2757 579 τοσαύτην
2782 511 2878 564 καὶ
2903 512 2959 563 ἐν
2981 513 3094 574 τοῖς
3126 509 3242 580 μετ’
3266 509 3508 572 ἐκείνους
3531 510 3732 563 ἀπασιν

2159 597 2468 662 ἐπεδείξατο
2507 601 2605 671 τὴν
2649 602 2801 672 ίσχὺν
2841 602 2934 653 καὶ
2967 600 3062 670 τὴν
3100 600 3350 669 δύναμιν,
3395 599 3598 654 πείθων
3641 601 3734 653 αὖ·

2159 690 2283 752 τοὺς
2317 688 2669 760 αὐτὸν.μόνον
2713 691 3057 761 προσκυνεῖν,
3103 687 3196 740 καὶ
3241 689 3420 740 πάντα
3461 685 3732 756 αἱρεῖσθαι

2160 779 2448 850 ὑπομεῖναι
2481 781 2574 834 καὶ
2606 781 2838 850 πάσχειν
2866 781 3003 852 ὑπὲρ
3031 780 3123 833 τοῦ
3163 778 3236 850 μὴ
3263 779 3362 849 τὴν
3391 777 3575 830 πίστιν
3603 778 3732 830 ἀποο

2161 871 2314 924 λέσαι
2360 871 2458 942 τὴν
2503 873 2582 935 εἰς
2630 873 2831 936 αὐτόν;
2871 872 3034 942 Ὁρᾷς
3066 871 3152 923 διά
3195 871 3412 924 πάντων
3445 868 3593 940 σαφῆ
3637 868 3734 936 τῆς

2161 961 2510 1026 ἀναστάσεως
2533 963 2629 1033 τὴν
2649 963 2938 1028 ὑπόδειξιν,
2959 961 3047 1015 διὰ
3069 962 3178 1014 τῶν
3201 961 3440 1031 σημείων
3463 960 3573 1014 τῶν
3594 960 3732 1023 τότε,

2160 1053 2267 1106 τῶν
2292 1052 2406 1119 νῦν,
2433 1053 2520 1106 διά
2548 1056 2645 1125 τῆς
2669 1055 2880 1116 εὐνοίας
2903 1053 3010 1105 τῶν
3041 1051 3297 1123 μαθητῶν
3323 1050 3432 1104 τῶν
3455 1049 3598 1113 τότε,
3629 1048 3734 1102 τῶν

2161 1145 2276 1210 νῦν,
2304 1145 2391 1199 διά
2421 1145 2529 1198 τῶν
2571 1144 2832 1198 κινδύνων
2861 1146 2918 1197 ἐν
2961 1141 3042 1208 οἷς
3079 1143 3383 1196 διετέλεσαν
3428 1143 3477 1195 οί
3510 1141 3734 1195 πιστεύ-

2164 1253 2382 1301 σαντεςς
2418 1237 2604 1289 Βούλει
2636 1236 2880 1298 καὶτοὺς
2912 1235 3138 1305 ἐχθροὺς
3174 1235 3298 1287 ἰδεῖν
3325 1231 3735 1302 πεφοϐημένους

2161 1327 2326 1379 αὑτοῦ
2360 1328 2459 1398 τὴν
2496 1329 2646 1397 ἰσχὺν
2679 1327 2774 1380 καὶ
2803 1327 2900 1397 τὴν
2928 1327 3175 1396 δύναμιν,
3207 1325 3301 1378 καὶ
3330 1323 3508 1393 πολλῷ
3539 1323 3735 1394 μᾶλλον

2165 1421 2303 1490 μετά
2326 1421 2416 1472 τὸν
2451 1420 2680 1492 σταυρὸν
2708 1418 3089 1488 ἀγωνιῶντας;
3118 1420 3314 1471 Ἀκουε
3345 1417 3436 1468 καὶ
3468 1415 3598 1486 περὶ
3624 1413 3737 1466 τοὺ-

2162 1531 2269 1566 των
2302 1512 2556 1575 συνετῶς.
2595 1511 2961 1580 Θεωροῦντες
2987 1511 3119 1580 γὰρ,
3161 1510 3345 1580 φησιν,
3373 1511 3426 1562 οἱ
3461 1505 3736 1563 Ἰουδαῖοι

2161 1605 2276 1674 τὴν
2320 1606 2427 1659 τοῦ
2480 1604 2706 1673 Πέτρου
2749 1604 3094 1673 παρῤησίαν
3143 1601 3244 1657 καὶ
3294 1602 3588 1662 Ἰωάννου,
3635 1589 3733 1652 καὶ

2163 1694 2627 1764 καταλαϐόμενοι
2650 1735 2666 1759 ,
2717 1695 2807 1745 ὅτι
2857 1692 3150 1760 ἄνθρωποι
3203 1687 3571 1758 ἀγράμματοί
3616 1687 3737 1738 εἱσι

2163 1787 2264 1841 καί
2295 1785 2542 1852 ἰδιῶται,
2586 1783 2940 1854 ἐθαύμαζον,
2985 1783 3078 1836 καὶ
3117 1781 3383 1852 ήγωνίων,
3413 1780 3515 1832 οὐκ
3548 1774 3737 1849 ἐπειδὴ

2152 1878 2514 1949 ἀγράμματοι
2573 1873 2734 1946 ἦσαν,
2785 1875 2898 1928 ἀλλ’
2945 1872 3131 1944 ἐπειδὴ
3179 1871 3533 1942 ἀγράμματοι
3583 1870 3737 1930 ὄντες

2163 1969 2379 2023 πάντων
2415 1969 2526 2022 τῶν
2566 1967 2744 2037 σοφῶν
2771 1966 3162 2038 περιεγένοντο,
3172 1963 3262 2016 καὶ
3288 1962 3402 2016 Τὸν
3426 1957 3739 2030 ἄνθρωπον

2159 2057 2285 2111 σὺν
2320 2056 2523 2120 αὐτοῖς
2562 2055 2817 2124 ὀρῶν-τες
2850 2054 2956 2107 τὸν
2994 2051 3516 2122 τεθεραπευμένον,
3556 2049 3739 2103 οὐδὲν

2162 2134 2327 2214 εἶχον
2368 2144 2693 2199 ἀντειπεῖν
2743 2145 2919 2197 καίτοι
2965 2160 3028 2210 γε
3073 2140 3180 2213 πρὸ
3219 2139 3406 2192 τούτου
3452 2137 3739 2206 ἀντέλεγον

2165 2237 2364 2306 σημεῖα
2400 2234 2634 2305 δρῶντες
2663 2234 2939 2304 γινόμενα.
2973 2225 3096 2296 Πῶς
3125 2228 3218 2285 οὖν
3257 2231 3376 2283 τότε
3417 2231 3517 2282 οὐκ
3559 2229 3736 2281 ἀντεῖ-

2162 2343 2295 2391 πον;
2330 2324 2662 2396 ’Δπέστησεν
2701 2325 2879 2378 αὐτῶν
2909 2324 3008 2393 τὴν
3043 2319 3290 2392 γλῶτταν
3315 2324 3350 2393 ή
3382 2321 3614 2391 ἀόρατος
3643 2316 3736 2371 τοῦ

2165 2416 2566 2487 σταυρωθέντες
2604 2406 2860 2486 δύναμις·
2889 2417 3094 2478 ἐκεῖνος
3121 2409 3181 2468 τὸ
3214 2414 3389 2484 στόμα
3423 2413 3606 2466 αὐτῶν
3662 2414 3742 2464 ἐν·

2176 2509 2443 2581 έφραξεν·
2496 2509 2705 2572 ἐκεῖνος
2771 2509 2868 2579 τὴν
2927 2507 3240 2578 παρρησίαν
3285 2502 3741 2557 κατέστειλεοδιά

2163 2599 2322 2651 τοῦτο
2347 2599 2440 2651 καὶ
2463 2598 2995 2669 εἱστήκεισανμηδέν
3018 2596 3228 2667 ἔχοντες
3257 2597 3550 2648 ἀντειπεῖν.
3573 2594 3741 2646 Ὅταν

2164 2690 2222 2744 δὲ
2256 2692 2348 2744 καὶ
2377 2690 2730 2761 δφθέγξαντο,
2759 2691 2860 2761 ὅρα
2897 2690 3011 2752 πῶς
3050 2689 3149 2758 τὴν
3176 2687 3374 2741 δειλίαν
3419 2685 3740 2757 ὁμολογοῦσι

2162 2782 2261 2853 τὴν
2289 2783 2514 2837 ἑαυτῶν.
2541 2785 2865 2846 Βούλεσθε,
2894 2782 3077 2851 φησὶν,
3108 2779 3427 2850 ἐπαγαγεῖν
3456 2780 3551 2846 ἐφ’
3587 2777 3743 2847 ἡμᾶς

2163 2872 2231 2925 τὸ
2263 2868 2406 2942 αἷμα
2449 2875 2556 2928 τοῦ
2591 2873 2906 2942 ἀνθρώπου
2957 2873 3203 2934 τούτους
3243 2869 3354 2923 Καὶ
3397 2869 3523 2940 μὴν,
3556 2871 3606 2922 εί
3650 2870 3744 2923 ἀν-

2165 2962 2382 3034 θρωπός
2426 2967 2540 3018 ἐστι
2582 2965 2757 3034 ψιλὸς,
2797 2965 2852 3016 τί
2879 2963 3122 3025 δέδοικας
3154 2961 3317 3014 αὐτοῦ
3345 2962 3404 3014 τὸ
3430 2955 3607 3032 αἷμα;
3646 2960 3744 3013 πό-

2166 3072 2293 3118 σους
2329 3056 2538 3118 ἀνεῖλες
2581 3057 2886 3128 προφήτας,
2917 3055 3115 3118 πόσους
3144 3053 3666 3120 ἔσφαξαςδδικαίους,
3696 3047 3743 3108 ὧ

2177 3145 2416 3216 Ἰουδαῖε,
2446 3148 2538 3202 καὶ
2568 3147 2778 3210 οὐδενὸς
2807 3145 2985 3199 αὐτῶν
3012 3145 3072 3198 τὸ
3097 3141 3236 3216 αἷμα
3263 3144 3571 3216 ἐφοϐήθης
3598 3147 3743 3208 τίνος

2163 3245 2352 3300 ἕνεκεν
2388 3237 2620 3294 ἐνταῦθα
2670 3235 2847 3306 φοϐῇ;
2883 3235 3212 3288 Κατέσεισεν
3250 3234 3431 3287 αὐτῶν
3466 3233 3636 3298 ὅντως
3681 3234 3742 3287 τὸ

2163 3333 2402 3394 συνειδὸς
2430 3333 2460 3384 6
2496 3325 2863 3397 σταυρωθεὶς,
2909 3326 3005 3378 καὶ
3048 3325 3148 3396 τὴν
3195 3325 3434 3391 ἀγωνίαν
3477 3321 3544 3393 ἢν
3595 3320 3744 3394 εἶχαν

2136 3425 2365 3498 κρύψαι
2400 3423 2474 3493 μὴ
2520 3419 2835 3489 δυνάμενοι,
2883 3417 2977 3470 καὶ⁵
3012 3416 3235 3478 ἄκοντες
3275 3415 3367 3470 ἐπὶ
3395 3415 3503 3468 τῶν
3532 3414 3744 3486 ἐχθρῶν

2140 3515 2480 3589 όμολογοῦσι
2501 3515 2598 3586 τὴν
2621 3512 2824 3566 οἰκείαν
2847 3509 3148 3562 ἀσθένειαν.
3175 3507 3285 3561 Καὶ
3305 3507 3393 3558 ὅτε
3425 3507 3527 3575 μὲν
3555 3499 3744 3559 ἐσταῦ-

2165 3628 2290 3682 ρουν
2318 3608 2478 3663 αὑτὸν
2503 3605 2671 3661 ἐϐόων
2696 3603 2962 3670 λέγοντες
2993 3600 3064 3654 Τὸ
3098 3594 3239 3667 αἷμα
3263 3597 3450 3652 αὑτοῦ
3471 3596 3566 3665 ἐφ’
3587 3595 3745 3666 ἡμᾶς

2163 3703 2260 3758 καί
2295 3700 2395 3753 ἐπὶ
2428 3700 2499 3753 τὰ
2530 3698 2713 3752 τέκνα
2738 3692 2907 3762 ἡμῶν
2926 3709 2938 3722 ·
2971 3690 3113 3744 οὕτω
3140 3689 3504 3759 κατεφρόνουν
3535 3688 3632 3740 τοῦ
3663 3690 3744 3741 αῖ-

2167 3812 2332 3866 ματος
2357 3789 2542 3846 αὐτοῦ.
2565 3788 2718 3843 Μετά
2748 3787 2805 3840 δὲ
2829 3786 2920 3839 τὸν
2953 3782 3184 3852 σταυρὸν
3215 3781 3409 3842 ἰδόντες
3444 3778 3614 3833 αὐτοῦ
3645 3779 3744 3850 τὴν

2163 3887 2392 3957 δύναμιν
2419 3883 2852 3950 διαλάμπουσαν,
2880 3875 3168 3946 φοϐοῦνται
3197 3873 3290 3927 καὶ
3316 3871 3617 3940 ἀγωνιῶσι,
3648 3875 3744 3924 καὶ

2164 3979 2378 4048 λέγουσι
2399 3994 2412 4006 ·
2459 3975 2764 4030 Βούλεσθε
2806 3969 2922 4044 [95]
2979 3966 3300 4036 ἐπαγαγεῖν
3342 3966 3434 4034 ἐφ’
3469 3963 3630 4033 ἡμᾶς
3678 3964 3743 4017 τὸ

2165 4068 2306 4141 αἷμα
2334 4069 2440 4123 τοῦ
2483 4065 2796 4134 ἀνθρώπου
2841 4063 3089 4122 τούτου;
3139 4058 3325 4112 Καίτοι
3357 4074 3420 4125 γε
3458 4059 3507 4108 εί
3543 4057 3744 4119 πλάνος

2163 4151 2354 4240 ἦνκαὶ
2401 4159 2672 4221 ἀντίθεος,
2716 4153 2897 4217 καθώς
2937 4168 3091 4222 φατε,
3131 4149 3373 4202 Ἰουδαῖοι
3409 4149 3742 4218 παράνομοι,

2145 4237 2308 4319 ,τίνος
2334 4254 2520 4307 ἐνεκεν
2552 4249 2713 4303 αὐτοῦ
2747 4247 3020 4302 δεδοίκατε
3047 4245 3108 4297 τὸ
3140 4237 3310 4311 αἷμας
3354 4239 3464 4293 Καὶ
3504 4239 3617 4309 γὰρ
3649 4240 3745 4291 καὶ

2165 4342 2662 4417 ἐγκαλλωπίζεσθαι
2692 4341 2798 4394 ἔδει
2825 4339 2902 4409 τῷ
2929 4337 3093 4408 φόνῳ,
3123 4336 3172 4388 εἰ
3199 4333 3440 4394 τοιοῦτος
3468 4326 3559 4402 ῆν.
3599 4331 3741 4384 Ἀλλ’

2163 4438 2352 4507 ἐπειδὴ
2383 4435 2622 4498 τοιοῦτος
2643 4434 2744 4486 οὐκ
2771 4427 2860 4501 ἦν,
2887 4429 2974 4484 διά
3000 4427 3158 4482 τοῦτο
3185 4424 3504 4494 τρέμουσιν.

2235 4589 2300 4641 θ’.
2321 4587 2484 4658 Ὁρᾷς
2503 4581 2838 4652 πανταχόθεν
2865 4580 2960 4634 καὶ
2987 4579 3112 4642 τοὺς
3141 4577 3368 4648 ἐχθροὺς
3388 4573 3745 4658 ἀγωνιῶντας

2164 4673 2257 4724 καὶ
2280 4656 2614 4730 δεδοικόταςς
2645 4662 2782 4726 εἶδες
2811 4663 2990 4717 αὐτῶν
3015 4663 3113 4731 τὴν
3141 4663 3416 4728 ἀγωνίανς
3455 4656 3614 4711 Μάθε
3650 4657 3745 4709 καὶ

2163 4753 2254 4806 τοῦ
2297 4749 2699 4820 σταυρωθέντος
2731 4748 2830 4816 τὴν
2883 4743 3317 4814 φιλανθρωπίαν.
3367 4741 3598 4793 Ἐκεῖνοι
3646 4739 3744 4807 μὲν

2165 4836 2271 4907 γὰρ
2316 4835 2526 4902 ἐλεγον”
2570 4831 2640 4887 Τὸ
2679 4826 2821 4898 αἷμα
2851 4827 3036 4882 αὑτοῦ
3079 4826 3172 4893 ἐφ’
3199 4823 3377 4892 ἡμᾶς,
3407 4823 3505 4874 καὶ
3539 4822 3640 4907 ἐζτὶ
3675 4823 3744 4874 τὰ

2164 4904 2348 4974 τέκνα
2396 4913 2596 4985 ἡμῶν·
2645 4916 2672 4966 6
2716 4914 2772 4965 δέ
2808 4910 3041 4982 Χριστὸς
3082 4910 3181 4961 οὐκ
3226 4907 3484 4975 ἐποίησεν
3529 4904 3741 4966 οὕτως·

2162 5000 2296 5055 ἀλλά
2350 5000 2482 5068 πρὸς
2516 4997 2604 5050 τὸν
2648 4996 2867 5064 Πατέρα
2910 4989 3278 5045 καθικετεύων
3311 4987 3492 5055 λέγει’
3528 4986 3743 5054 Πάτερ,

2161 5085 2310 5152 ἄφες
2343 5079 2580 5146 αὐτοῖς·
2613 5081 2684 5132 οὐ
2730 5077 2839 5147 γὰρ
2868 5075 3070 5142 οἴδασι
3103 5073 3161 5127 τί
3197 5070 3500 5126 ποιοῦσιν.
3533 5071 3597 5122 Εἰ
3636 5071 3743 5138 γὰρ

2162 5166 2380 5235 ἐγένετο
2416 5163 2477 5216 τὸ
2507 5157 2650 5232 αἷμα
2676 5158 2842 5213 αὐτοῦ
2883 5159 2972 5210 ἐπ’
3000 5156 3198 5220 αὐτοὺς
3226 5153 3321 5207 καὶ
3349 5153 3443 5204 ἐπὶ
3472 5154 3544 5204 τά
3579 5153 3748 5205 τέκνα

2163 5248 2360 5310 αὐτῶν,
2385 5247 2488 5299 οὐκ
2516 5245 2584 5298 ἀν
2613 5243 2723 5295 ἀπὸ
2752 5241 2861 5295 τῶν
2888 5239 3095 5294 τέκνων
3120 5238 3300 5291 αὐτῶν
3332 5236 3582 5303 ἐγένοντο
3614 5235 3750 5287 ἀπό⁸

2163 5333 2368 5386 στολοι·
2418 5329 2519 5382 οὐκ
2554 5327 2620 5382 ἂν
2663 5324 2798 5396 ὁμοῦ
2845 5323 3129 5395 τρισχίλιοι
3157 5322 3502 5382 ἐπίστευσαν,
3547 5319 3646 5370 οὐκ
3681 5317 3748 5372 ἀν

2160 5411 2600 5482 πεντακισχίλιοι.
2659 5409 2818 5478 Ὁρᾷς
2872 5405 2988 5471 πῶς
3042 5407 3241 5458 ἐκεῖνοι
3301 5403 3398 5472 μὲν
3450 5401 3597 5470 ὠμοὶ
3653 5399 3749 5453 καὶ

2159 5498 2386 5567 ἀπηνεῖς
2432 5493 2559 5562 περὶ
2597 5491 2666 5544 τά
2695 5491 2894 5557 ἔκγονα
2931 5488 3112 5541 αὐτῶν
3148 5487 3299 5548 ὄντες
3327 5486 3421 5539 καὶ
3448 5484 3550 5556 τὴν
3585 5483 3748 5552 φύσιν

2175 5581 2345 5648 αὐτὴν
2370 5577 2664 5647 ἠγνόησαν,
2691 5576 2720 5626 6
2747 5573 2804 5626 δὲ
2829 5572 2962 5635 Θεὸς
2996 5570 3248 5641 πατέρων
3277 5569 3533 5622 ἁπάντων
3562 5567 3751 5635 φιλαν-

2166 5664 2527 5738 θρωπότερος,
2554 5659 2646 5714 καὶ
2679 5655 2933 5729 μητέρων
2972 5653 3449 5726 φιλοστοργότερος
3488 5650 3749 5723 γέγονενς
