3964 6342
182 312 285 369 109

175 437 329 498 ptum
361 425 490 483 illud
517 440 730 497 quoque
775 424 947 495 majus
998 424 1204 481 videbis
1258 433 1379 495 post
1426 422 1776 479 resurrectio-

172 533 300 573 nem
332 516 621 572 affulsisse.
656 515 931 587 Siquidem
958 516 1010 569 in
1041 514 1291 571 confesso
1316 526 1400 570 est
1424 513 1563 584 apud
1587 528 1776 569 omnes

171 625 324 675 eum,
356 608 452 680 qui
487 624 613 679 erga
658 609 925 662 viventem
955 607 1228 662 hominem
1256 606 1517 662 benevole
1543 607 1614 661 sit
1647 604 1778 661 alle-

169 712 316 764 ctus,
342 701 462 771 ipso
485 710 702 754 mortuo
725 698 951 754 fortasse
970 713 1038 754 ne
1053 698 1270 769 quidem
1293 698 1409 768 ejus
1432 697 1773 752 meminisse:

170 792 264 861 qui
299 806 430 846 vero
459 791 599 846 male
644 790 864 845 affectus
892 792 962 843 sit
989 804 1117 859 erga
1162 789 1308 843 illum
1335 830 1350 855 ,
1382 788 1508 843 dum
1549 790 1773 855 viveret,

170 892 226 934 et
254 882 608 950 superstitem
635 879 955 943 deseruerit,
990 880 1159 934 multo
1187 878 1355 949 magis
1405 880 1774 933 immemorem

171 971 417 1026 defuncti
448 971 709 1026 futurum.
752 972 871 1039 Quo
917 971 993 1037 fit,
1022 979 1080 1025 ut
1102 987 1258 1026 nemo
1285 970 1374 1041 qui
1401 972 1632 1025 amicum
1663 986 1777 1025 ma-

169 1066 474 1134 gistrumve
500 1066 837 1135 supersutem
882 1064 1157 1134 reliquerit
1195 1079 1258 1119 ac
1301 1064 1619 1130 deseruerit,
1668 1065 1777 1119 vita

173 1157 425 1213 functum
478 1158 694 1227 plurimi
732 1157 903 1222 faciat,
937 1172 1001 1211 ac
1026 1167 1135 1211 tum
1171 1157 1467 1227 praecipue,
1498 1172 1621 1212 cum
1648 1172 1776 1225 pro-

172 1260 298 1320 pter
323 1250 622 1304 exhibitam
651 1250 704 1303 in
747 1265 870 1303 eum
894 1249 1322 1304 benevolentiam
1355 1249 1500 1304 mille
1539 1248 1775 1318 pericula

173 1340 282 1395 sibi
311 1340 508 1395 viderit
553 1341 852 1395 imminere.
884 1339 1025 1395 Ecce
1079 1348 1256 1393 tamen
1308 1339 1435 1394 illud
1459 1340 1602 1409 quod
1646 1340 1777 1395 nulli

174 1430 398 1495 accidit,
432 1432 485 1485 in
533 1430 747 1485 Christo
770 1438 828 1485 et
851 1429 1128 1500 discipulis
1156 1428 1356 1494 evenit,
1390 1439 1444 1484 et
1469 1429 1559 1498 qui
1588 1429 1776 1484 viven-

176 1530 289 1575 tem
318 1521 472 1575 illum
502 1530 828 1589 negaverant
853 1535 916 1575 ac
943 1520 1313 1585 deseruerant,
1337 1526 1392 1574 ct
1418 1518 1777 1590 comprehen-

175 1627 299 1666 sum
325 1614 696 1682 reliquerant,
726 1622 780 1667 et
823 1609 1158 1682 aufugerunt,
1207 1620 1328 1681 post
1365 1612 1642 1666 innumera
1686 1611 1777 1666 illa

174 1706 496 1775 opprobria,
524 1715 579 1760 et
607 1720 843 1769 crucem,
876 1705 1006 1759 tanti
1033 1719 1156 1759 eum
1186 1704 1449 1771 fecerunt,
1482 1713 1543 1758 ut
1568 1718 1665 1773 pro
1690 1703 1775 1773 ip-

176 1801 294 1855 sius
312 1800 651 1855 confessione
672 1815 734 1855 ac
752 1800 856 1855 fide
883 1800 1088 1856 animas
1103 1801 1261 1854 etiam
1280 1815 1404 1855 suas
1424 1809 1774 1869 exponerent.

173 1891 474 1946 Enimvero
514 1893 556 1947 si
587 1900 832 1946 mortuus
880 1890 1071 1946 fuisset
1097 1888 1366 1958 Christus,
1393 1906 1567 1961 neque
1594 1906 1776 1946 resur-

174 1983 436 2049 rexissct,
492 1984 579 2053 qui
618 1983 733 2038 fieri
776 1982 1055 2053 potuisset,
1088 1984 1281 2053 utqui,
1329 1983 1456 2038 dum
1507 1993 1779 2053 superstes

175 2082 351 2139 esset,
381 2074 451 2127 ob
481 2074 775 2143 periculum
818 2074 1104 2130 imminens
1131 2075 1396 2145 fugerant,
1417 2090 1484 2131 eo
1521 2075 1632 2145 jam
1672 2076 1777 2129 vita

175 2163 393 2229 functo,
422 2176 643 2236 propter
683 2166 833 2219 illum
881 2166 1029 2221 mille
1070 2166 1317 2235 periculis
1346 2167 1551 2237 seipSos
1579 2167 1779 2237 objice-

172 2269 303 2314 rent
320 2260 344 2313 ?
364 2262 443 2313 Ac
467 2261 643 2314 cuteri
669 2259 882 2328 quidem
906 2274 1099 2315 omnes
1124 2259 1405 2330 fugerunt,
1438 2262 1626 2316 Petrus
1651 2276 1780 2317 vero

173 2352 348 2406 etiam
376 2367 497 2406 cum
519 2353 823 2422 jurameuto
854 2362 935 2408 ter
960 2353 1111 2407 illum
1142 2354 1376 2423 negavit,
1403 2365 1456 2409 et
1481 2355 1571 2423 qui
1594 2363 1673 2407 ter
1709 2353 1778 2408 il-

178 2444 297 2498 lum
323 2460 445 2499 cum
468 2445 773 2514 jurameuto
801 2454 1112 2517 negaverat,
1142 2456 1197 2502 et
1227 2447 1346 2501 vilis
1366 2446 1634 2501 ancillula:
1662 2448 1780 2502 fue-

178 2544 272 2589 rat
297 2537 492 2590 timore
515 2537 815 2607 perculsus,
840 2546 1185 2609 posteaquam
1203 2538 1427 2603 obierat,
1451 2537 1606 2591 nobis
1622 2537 1783 2593 rebus

176 2628 320 2699 ipsis
348 2628 534 2682 volens
560 2627 718 2682 fidem
745 2627 924 2683 facere
974 2643 1034 2684 se
1076 2629 1387 2683 suscitatam
1414 2628 1562 2683 illum
1581 2644 1613 2683 a
1640 2642 1783 2683 mor-

179 2722 295 2776 tuis
316 2720 537 2788 vidisse,
566 2722 645 2776 sic
668 2731 892 2792 repente
928 2731 1162 2777 mutatus
1177 2731 1281 2789 est,
1310 2732 1366 2777 ut
1393 2722 1657 2792 integrum
1684 2736 1782 2791 po-

182 2815 374 2883 pulum
404 2824 811 2883 aspernaretur,
853 2823 910 2869 et
938 2815 991 2868 in
1036 2814 1269 2869 medium
1294 2813 1599 2869 Judteorum
1628 2813 1783 2868 thea-

180 2914 332 2958 trum
356 2904 641 2973 prosiliret,
666 2903 977 2974 diceretque
999 2904 1147 2958 illum
1171 2905 1261 2974 qui
1309 2904 1595 2960 crucifixus
1616 2903 1787 2959 fuerat

180 3009 253 3048 ac
275 2994 538 3063 sepultus,
569 3010 599 3048 a
630 2995 857 3049 mortuis
908 2995 995 3049 die
1023 2995 1197 3061 tertia,
1224 2995 1519 3050 surrexisse
1543 3003 1702 3065 atque
1730 2995 1786 3049 in

181 3087 357 3141 ca-los
383 3087 709 3153 ascendisse,
735 3103 912 3157 neque
958 3104 1017 3144 se
1059 3089 1180 3142 mali
1228 3088 1515 3159 quidquam
1543 3088 1789 3143 reformi-

180 3177 342 3231 dare.
377 3176 527 3233 Unde
558 3178 718 3249 igitur
742 3179 941 3234 factum
982 3188 1123 3247 erat,
1150 3188 1209 3234 ut
1232 3179 1368 3235 adeo
1397 3179 1672 3236 confidens
1701 3195 1789 3234 es-

183 3270 314 3324 set?
360 3268 478 3324 Non
504 3270 715 3325 aliunde
742 3286 895 3337 sane,
923 3286 1081 3341 quam
1103 3287 1167 3326 ex
1201 3286 1266 3327 eo
1291 3272 1431 3341 quod
1455 3271 1522 3327 de
1546 3287 1790 3327 resurre-

185 3362 380 3416 ctione
405 3362 603 3416 cettior
630 3362 802 3418 factus
827 3371 990 3418 esset.
1026 3363 1158 3418 Cum
1186 3363 1329 3417 enim
1364 3362 1513 3417 illum
1543 3362 1786 3429 vidisset,

184 3462 362 3521 atque
386 3452 690 3521 alloquutus
738 3462 900 3518 esset,
929 3453 1101 3523 deque
1129 3453 1291 3509 rebus
1319 3452 1508 3509 futuris
1528 3454 1689 3510 verba
1721 3454 1791 3507 fa-

186 3545 430 3598 cientem
459 3543 734 3610 audiisset,
764 3544 865 3599 hac
892 3545 958 3600 de
985 3560 1147 3600 causa
1190 3554 1458 3616 tamquam
1486 3546 1539 3601 in
1566 3546 1790 3617 gratiam

188 3635 432 3689 hominis
452 3635 561 3705 jam
589 3636 814 3691 viventis
844 3631 1136 3705 periculum
1162 3636 1374 3705 adiret,
1416 3639 1490 3694 ita
1546 3654 1605 3695 se
1635 3639 1791 3693 malis

188 3726 450 3780 omnibus
477 3725 782 3796 objiciebat,
822 3736 1007 3797 utpote
1036 3730 1128 3798 qui
1166 3730 1355 3800 majori
1382 3730 1575 3784 virtute
1603 3744 1789 3785 corro-

191 3818 425 3872 boratus
453 3826 598 3873 esset
624 3817 1052 3888 confidentiaque
1081 3819 1296 3888 majori,
1353 3820 1433 3875 sic
1464 3830 1523 3875 ut
1549 3836 1648 3891 pro
1675 3822 1792 3891 ipso

192 3919 432 3962 mortem
483 3919 780 3977 Oppeteret,
834 3919 889 3965 et
912 3911 1057 3965 cruci
1101 3912 1275 3980 capite
1305 3912 1356 3967 in
1413 3923 1609 3969 terram
1636 3928 1794 3967 verso

193 4000 526 4068 affigeretur.
554 3999 688 4054 Cum
718 4016 849 4071 ergo
876 4003 1078 4072 majora
1127 4003 1243 4059 eri
1296 4004 1445 4074 signa
1490 4005 1707 4067 videris.
1738 4017 1794 4060 et

194 4093 496 4161 discipulos
522 4094 710 4161 majori
737 4110 861 4149 eum
889 4094 1268 4151 benevolentia
1316 4111 1437 4152 esse
1460 4098 1792 4167 complexos,

192 4187 291 4257 qui
322 4188 474 4257 prius
502 4202 623 4242 eum
652 4194 1020 4252 deseruerant,
1050 4200 1101 4244 et
1125 4190 1383 4259 majorem
1414 4190 1661 4245 fiduciam
1684 4207 1795 4262 pm

194 4294 262 4332 se
289 4278 449 4340 ferre,
474 4279 619 4332 omni
646 4295 711 4334 ex
731 4287 879 4346 parte
896 4280 1240 4335 illustriorem
1260 4296 1436 4335 rerum
1460 4281 1653 4335 lactant
1678 4298 1797 4337 esse

194 4370 577 4433 mutationem,
610 4371 892 4439 omniaque
921 4371 1100 4425 tutiori
1144 4386 1207 4426 ac
1249 4371 1549 4440 jucundiori
1596 4387 1716 4426 esse
1747 4372 1797 4425 in

195 4470 346 4516 statu
401 4460 692 4523 collocata,
749 4472 858 4516 tum
906 4462 1021 4531 ipso
1075 4478 1252 4516 rerum
1301 4463 1668 4532 experimento
1710 4478 1801 4516 co-

196 4568 426 4624 gnosce,
459 4568 547 4608 res
573 4554 770 4608 Christi
800 4569 903 4608 non
933 4569 1054 4609 esse
1102 4555 1291 4609 mortis
1334 4555 1526 4609 nibus
1572 4556 1801 4609 circum-

198 4647 407 4710 clusas,
438 4646 531 4699 sed
555 4646 1003 4701 resurrectionem
1030 4647 1103 4700 illi
1136 4647 1476 4711 successisse,
1508 4661 1571 4701 ac
1594 4648 1797 4712 vivere,

200 4737 660 4806 superstitemque
712 4747 974 4807 perpetuo
1008 4737 1315 4792 crucifixum
1365 4754 1583 4793 manere
1633 4738 1799 4792 Deum

199 4828 595 4884 immutabilem
624 4839 676 4883 et
703 4830 1081 4884 immortalem.
1138 4828 1322 4899 Neque
1347 4832 1490 4885 enim
1533 4830 1799 4899 discipuli,

203 4920 311 4975 nisi
347 4920 729 4975 resnrrexisset
779 4934 843 4975 ac
902 4922 1129 4987 viveret,
1181 4920 1382 4989 majora
1432 4916 1613 4991 postea
1642 4922 1804 4975 mira-

202 5012 325 5065 cula
372 5020 697 5082 patrassent,
750 5027 907 5081 quam
964 5028 1083 5081 qua":
1136 5027 1348 5066 crucem
1399 5020 1798 5081 pra-cesserant.

202 5102 343 5157 Nam
376 5112 488 5156 tum
521 5105 773 5173 temporis
800 5105 961 5157 etiam
989 5103 1236 5172 discipuli
1282 5104 1612 5174 reliquerunt
1638 5118 1799 5158 eum:

197 5194 315 5263 jam
348 5208 477 5248 vero
508 5203 651 5248 totus
678 5194 747 5248 ad
773 5195 921 5250 illum
947 5197 1094 5250 orbis
1122 5204 1384 5251 terrarum
1411 5197 1678 5261 accurrit,
1711 5212 1805 5251 ue-

205 5299 316 5353 que
348 5283 539 5339 Petrus
568 5286 738 5339 solum
767 5327 783 5351 ,
810 5285 903 5340 sed
932 5295 986 5342 et
1016 5286 1162 5341 mille
1188 5288 1276 5341 alii
1300 5330 1315 5353 ,
1344 5304 1407 5342 ac
1436 5288 1604 5342 multo
1626 5288 1806 5358 plures

208 5386 335 5444 post
366 5376 624 5443 Petrum,
664 5393 728 5433 ex
776 5379 880 5432 illis
926 5381 1015 5449 qui
1063 5380 1210 5434 illum
1257 5381 1477 5440 minime
1522 5381 1803 5446 viderunt,

208 5469 421 5522 animas
475 5485 573 5538 pro
615 5471 708 5524 illo
750 5486 873 5526 suas
919 5484 1316 5542 exposuerunt,
1365 5475 1537 5544 capite
1579 5476 1807 5529 truncati

209 5568 342 5613 sunt
365 5601 380 5624 ,
412 5570 465 5613 et
494 5561 773 5616 innumera
801 5570 926 5615 sunt
954 5562 1091 5617 mala
1124 5564 1360 5633 perpessi
1387 5607 1401 5630 ,
1445 5573 1501 5617 ut
1527 5564 1727 5633 integra
1755 5575 1810 5619 et

213 5651 384 5703 illaesa
403 5653 568 5720 ipsius
583 5653 918 5709 confessione
944 5666 1160 5725 possent
1175 5671 1241 5711 ex
1267 5655 1365 5709 hac
1387 5657 1489 5709 vita
1512 5655 1805 5711 discedere.

214 5744 499 5811 Quomodo
527 5761 658 5817 ergo
687 5748 732 5801 is
755 5748 842 5819 qui
874 5756 1112 5803 mortuus
1155 5757 1269 5803 erat
1307 5757 1360 5803 et
1397 5747 1644 5819 sepulcro
1683 5763 1808 5803 con-

863 309 1001 367 CUR
1038 309 1105 365 IN
1143 308 1433 365 PENTEC.
1476 306 1679 373 ACTA,
1720 305 1875 368 ETC.
1917 307 1982 363 IN
2011 308 2299 369 PRINCIP.
2341 315 2690 373 ACTORUM.
2733 318 2823 374 IV.

3372 333 3469 386 HO

1886 421 2065 481 clusus
2089 468 2103 488 ,
2137 436 2195 481 ut
2219 436 2277 483 tu
2302 428 2473 497 dicis,
2512 446 2545 487 o
2582 431 2767 489 Judme
2790 476 2805 500 ,
2856 434 2910 490 in
2952 439 3196 496 omnibus
3247 443 3335 511 qui
3385 459 3479 499 se-

1884 514 2037 583 quuti
2066 526 2190 572 sunt
2215 518 2334 573 illos
2357 528 2552 576 tantam
2580 524 2686 578 vim
2712 526 2953 581 exhibuit
2980 538 3284 604 tantamque
3311 535 3474 591 virtu-

1884 614 1991 659 tem
2017 647 2033 671 ,
2064 617 2120 661 ut
2148 608 2228 664 eis
2256 612 2641 681 persuaderet,
2681 615 2853 671 solum
2876 617 3030 674 illum
3055 630 3112 675 ut
3139 622 3423 681 adorarent
3457 670 3474 692 ,

1883 696 2167 767 omniaque
2191 700 2457 756 sustinere
2495 718 2559 758 ac
2582 706 2786 774 perpeti
2817 707 3075 775 mallent,
3121 726 3278 781 quam
3319 730 3471 770 suam

1884 785 1938 840 in
1981 786 2128 841 illum
2167 788 2325 845 fidem
2360 792 2646 849 amittere?
2682 794 2843 851 Vides
2881 797 2933 851 in
2973 801 3217 857 omnibus
3270 816 3474 861 certam

1882 880 2289 936 resurrectionis
2318 885 2807 953 comprobationem
2837 888 3051 945 elucere
3075 932 3090 957 ,
3123 907 3245 947 cum
3287 909 3351 949 ex
3396 898 3473 949 si-

1881 969 2001 1038 gnis
2025 985 2145 1039 qua:
2172 980 2280 1025 tum
2312 972 2449 1028 facta
2470 984 2595 1029 sunt
2616 1017 2631 1041 ,
2654 992 2878 1047 quzeque
2907 994 3051 1037 nunc
3073 980 3205 1036 fiunt
3225 1024 3240 1048 ,
3273 993 3380 1037 tum
3407 999 3471 1038 ev

1883 1059 2265 1131 discipulorum
2296 1065 2664 1123 benevolentia
2689 1110 2703 1134 ,
2732 1072 2821 1140 qui
2847 1080 2957 1125 tum
2986 1072 3238 1129 vivebant
3262 1118 3275 1141 ,
3305 1088 3357 1131 et
3384 1092 3475 1144 qut

1884 1166 2026 1207 nunc
2056 1153 2277 1221 vivunt,
2303 1164 2415 1210 tum
2436 1172 2503 1211 ex
2530 1159 2780 1227 periculis
2806 1161 2856 1215 in
2882 1163 3074 1232 quibus
3100 1178 3315 1235 semper
3345 1165 3474 1220 de-

1882 1241 1966 1298 les
2020 1246 2413 1302 versabantur?
2464 1248 2627 1305 Visne
2680 1251 2972 1306 etiamnum
3020 1254 3203 1310 hostes
3256 1270 3477 1310 cernere

1883 1335 2175 1402 potentiam
2205 1350 2269 1391 ac
2295 1338 2547 1393 virtutem
2586 1340 2703 1411 ejus
2742 1343 3121 1411 pertimescere
3145 1388 3160 1413 ,
3206 1361 3268 1401 ac
3308 1346 3476 1400 multo

1884 1425 2113 1494 amplius
2139 1437 2257 1497 post
2285 1443 2499 1489 crucem
2527 1435 2798 1489 aestuare?
2824 1434 2963 1489 Audi
2989 1451 3116 1491 sane
3144 1437 3433 1506 prudenter
3456 1480 3473 1503 ,

1882 1515 2008 1585 quid
2035 1515 2206 1573 dehis
2245 1520 2498 1589 scriptum
2533 1522 2623 1575 sit.
2666 1522 2791 1577 Cum
2826 1526 2959 1579 enim
3002 1527 3223 1581 viderent
3247 1571 3261 1592 ,
3306 1529 3477 1599 inquit

1882 1607 2195 1678 Scriptura,
2252 1610 2426 1665 Judtei
2473 1611 2616 1667 Petri
2660 1615 2713 1667 in
2767 1615 3016 1687 loquendo
3069 1618 3373 1683 libertatem,
3430 1628 3478 1672 et

1882 1700 2099 1757 Joannis
2116 1744 2134 1768 ,
2158 1713 2306 1772 atque
2331 1706 2782 1762 animadverterent
2808 1710 3032 1765 homines
3060 1710 3178 1765 illos
3209 1712 3471 1766 literarum

1884 1795 2033 1849 rudes
2063 1805 2108 1850 et
2133 1798 2391 1865 imperitos
2417 1816 2554 1866 esse,
2602 1802 2916 1856 mirabantur
2960 1802 2978 1874 (
3004 1803 3115 1856 Act.
3139 1804 3192 1858 4.
3221 1806 3288 1859 15
3322 1806 3373 1874 ),
3423 1812 3480 1858 et

1884 1888 2197 1943 metuebant
2220 1903 2327 1943 non
2351 1891 2493 1960 quod
2523 1893 2705 1947 literas
2730 1894 3035 1961 nescirent,
3064 1894 3159 1950 sed
3184 1896 3326 1965 quod
3351 1911 3475 1949 cum

1886 1978 2123 2035 illiterati
2160 1991 2342 2036 essent
2380 1997 2570 2038 omnes
2608 1984 2874 2054 sapientes
2915 1986 3227 2052 vincerent,
3258 1986 3481 2054 Cumque

1887 2069 2140 2125 hominem
2178 2084 2474 2139 cernerent,
2519 2077 2605 2145 qui
2642 2085 2851 2130 sanatus
2891 2086 3033 2141 erat,
3074 2078 3203 2130 nihil
3248 2087 3477 2148 poterant

1887 2163 2229 2219 contradicere
2258 2165 2277 2235 (
2304 2163 2438 2218 Ibid.
2472 2184 2515 2219 v.
2550 2168 2615 2222 14
2638 2168 2685 2235 ),
2718 2170 2931 2223 tametsi
2958 2177 3113 2224 antea
3141 2169 3477 2224 contradice-

1885 2254 2016 2310 bant
2042 2270 2163 2310 cum
2191 2257 2339 2326 signa
2374 2257 2487 2313 fieri
2512 2258 2771 2315 viderent.
2802 2259 2907 2315 Cur
2938 2261 3095 2332 igitur
3123 2271 3231 2315 tum
3260 2262 3482 2316 minime

1889 2348 2369 2403 contradicebant?
2419 2350 2717 2407 Cohibebat
2767 2352 2978 2406 illorum
3032 2353 3262 2423 linguam
3308 2352 3481 2407 virtus

1887 2440 2166 2496 invisibilis
2208 2442 2492 2511 crucifixi:
2544 2444 2633 2500 ille
2680 2460 2742 2501 os
2785 2460 2973 2502 eorum
3023 2445 3344 2512 obturabat,
3387 2445 3480 2499 ille

1888 2531 2191 2588 libertatem
2221 2536 2275 2588 in
2305 2533 2532 2589 dicendo
2566 2536 2943 2607 compescebat
2989 2554 3002 2590 :
3045 2547 3325 2606 proriterea
3364 2546 3489 2589 sta-

1888 2623 2017 2678 bant
2037 2662 2057 2692 ,
2082 2640 2257 2694 neque
2279 2634 2526 2695 poterant
2545 2625 2934 2683 contradicere.
2957 2627 3087 2682 Cum
3113 2634 3291 2683 autem
3318 2629 3480 2683 verba

1888 2715 2051 2770 etiam
2077 2716 2451 2785 protulerunt,
2480 2717 2601 2773 vide
2626 2734 2732 2788 quo
2765 2728 2921 2788 pacto
2962 2726 3161 2772 metum
3204 2734 3357 2772 suum
3398 2717 3481 2771 fa-

1891 2817 2125 2864 teantur.
2162 2808 2326 2864 Vultis
2350 2851 2365 2876 ,
2398 2810 2645 2879 inquiunt
2670 2852 2685 2873 ,
2714 2811 2951 2864 inducere
2977 2826 3129 2879 super
3154 2826 3245 2864 nos
3269 2826 3480 2880 sangui-

1888 2917 2004 2955 nem
2050 2902 2265 2955 hominis
2311 2902 2458 2955 istius
2498 2899 2624 2973 (Ib.
2653 2903 2707 2956 5.
2735 2901 2885 2972 28)?
2929 2902 2999 2954 At
3041 2900 3183 2954 enim
3222 2901 3266 2954 si
3306 2902 3480 2953 nudus

1891 2992 2055 3049 homo
2090 3004 2211 3061 est,
2254 3009 2350 3048 cur
2393 2994 2508 3064 ejus
2555 2996 2868 3065 sanguinem
2909 2993 3282 3065 pertimescis?
3320 3007 3479 3061 quam

1892 3087 2087 3142 multos
2117 3085 2403 3156 prophetas
2429 3087 2670 3142 occidisti
2696 3129 2711 3153 ,
2740 3102 2899 3157 quam
2921 3085 3304 3155 multosjustos
3325 3084 3489 3154 jugu-'

1894 3179 2015 3234 lasti
2040 3220 2055 3242 ,
2083 3178 2267 3234 Judaee
2290 3219 2304 3243 ,
2336 3194 2437 3234 nec
2466 3178 2622 3233 ullius
2652 3178 2864 3234 illorum
2893 3180 3202 3249 sanguinem
3231 3175 3482 3231 reformi-

1894 3271 2077 3326 dasti?
2102 3288 2197 3327 cur
2223 3272 2382 3342 igitur
2411 3272 2497 3326 hic
2526 3271 2882 3328 reformidas?
2920 3271 3060 3327 Vere
3099 3271 3480 3327 conscientiam

1894 3365 2132 3420 terrebat
2184 3366 2395 3420 illorum
2447 3366 2774 3433 crucifixus,
2834 3379 3091 3435 suamque
3145 3362 3480 3418 formidinem

1896 3473 2018 3513 cum
2040 3457 2311 3514 occultare
2354 3472 2458 3512 non
2504 3467 2759 3528 possent,
2802 3457 2888 3513 vel
2930 3458 3091 3512 etiam
3140 3456 3286 3513 inviti
3332 3471 3485 3512 suam

1894 3564 2075 3604 coram
2104 3550 2333 3615 inimicis
2358 3549 2774 3604 imbecillitatem
2807 3548 3057 3603 fatentur.
3084 3549 3162 3603 Ac
3184 3546 3310 3602 dum
3334 3547 3483 3601 illum

1895 3640 2108 3710 quidem
2140 3639 2517 3710 crucifigerent
2540 3680 2556 3705 ,
2596 3638 2899 3694 clamabant
2937 3639 3176 3694 dicentes
3199 3679 3215 3704 ,
3262 3638 3488 3707 Sanguis

1895 3736 2007 3799 eius
2033 3748 2184 3801 super
2208 3750 2300 3787 nos
2323 3774 2337 3796 ,
2369 3742 2415 3786 et
2442 3749 2593 3802 super
2612 3733 2747 3802 lios
2766 3742 2961 3787 nostras
2987 3730 3207 3803 (Matth.
3236 3730 3325 3784 27.
3354 3730 3423 3786 25
3444 3730 3485 3801 );

1897 3823 2033 3879 adeo
2059 3825 2367 3891 sanguinem
2393 3824 2509 3894 ejus
2537 3824 2881 3894 spernebant.
2914 3824 3041 3879 Post
3063 3824 3361 3893 passionem
3391 3838 3489 3876 au-

1904 3926 2010 3969 tem
2040 3930 2161 3970 cum
2192 3913 2534 3985 etfulgentem
2564 3915 2704 3969 illius
2733 3916 2982 3969 virtutem
3016 3914 3289 3968 intuentur
3317 3955 3331 3978 ,
3359 3929 3488 3984 per

1904 4007 2191 4061 timescunt
2235 4014 2289 4060 et
2327 4013 2591 4071 aestuant,
2640 4006 2928 4075 dicuntque
2970 4022 2983 4059 :
3040 4003 3206 4058 Vultis
3254 4004 3493 4059 inducere

1902 4097 2199 4167 sanguinem
2230 4096 2445 4150 hominis
2468 4096 2609 4149 istius
2633 4112 2787 4165 super
2815 4111 2905 4149 nos
2927 4094 2953 4148 ?
2992 4095 3059 4149 At
3094 4095 3235 4150 enim
3263 4096 3306 4148 si
3336 4094 3496 4148 sedu-

1906 4196 2025 4240 ctor
2049 4195 2167 4240 erat
2190 4227 2204 4251 ,
2232 4193 2287 4240 et
2310 4185 2646 4240 adversarius
2672 4186 2766 4240 Dei
2792 4228 2806 4249 ,
2840 4192 2997 4254 prout
3027 4185 3200 4240 dicitis
3222 4226 3238 4251 ,
3281 4185 3496 4239 scelesti

1904 4278 2075 4333 Judaei
2104 4319 2117 4341 ,
2145 4293 2303 4347 quam
2327 4278 2397 4332 oh
2434 4292 2647 4332 causam
2692 4278 3002 4347 sanguinem
3050 4278 3215 4349 ipsius
3256 4277 3495 4332 timetis?

1908 4371 2120 4425 Etenim
2151 4369 2196 4424 si
2224 4370 2344 4424 talis
2373 4380 2488 4423 erat
2510 4409 2525 4434 ,
2549 4369 2688 4423 illius
2714 4370 2873 4423 etiam
2900 4367 3072 4423 fuerat
3094 4367 3239 4423 etnde
3261 4368 3495 4438 glorian

1905 4461 2055 4516 dum.
2087 4459 2193 4515 Sed
2226 4461 2475 4531 quoniam
2507 4460 2627 4514 talis
2656 4475 2761 4515 non
2788 4469 2939 4523 erat,
2977 4460 3176 4514 ideirco
3203 4468 3457 4514 tremunt.

1979 4552 2033 4609 9.
2080 4553 2241 4609 Vides
2264 4553 2498 4623 undique
2526 4562 2581 4606 et
2622 4552 2866 4606 inimicos
2895 4560 3123 4606 aestuare
3164 4567 3227 4606 ac
3264 4550 3498 4606 timere?

1906 4646 2059 4700 vides
2087 4645 2296 4699 illorum
2324 4643 2691 4698 anxietatem?
2730 4642 2981 4697 Crucifixi
3009 4657 3220 4712 quoque
3250 4641 3496 4711 benigni-

1912 4747 2074 4792 tatem
2103 4750 2384 4806 cognosce.
2417 4733 2690 4804 Siquidem
2717 4734 2790 4787 illi
2811 4732 3022 4802 quidem
3044 4731 3292 4787 dicebant
3317 4748 3329 4783 :
3361 4731 3502 4785 Sana

1912 4832 2023 4900 guis
2051 4830 2157 4899 ejus
2178 4844 2331 4897 super
2353 4843 2444 4879 nos
2467 4867 2481 4890 ,
2510 4836 2556 4879 et
2585 4840 2736 4894 super
2764 4824 2896 4891 lios
2927 4834 3121 4877 nostros
3148 4824 3166 4891 (
3192 4822 3380 4875 Matth.
3406 4820 3498 4876 27.

1910 4920 2065 4991 25):
2098 4919 2339 4975 Christus
2382 4928 2559 4971 autem
2607 4931 2714 4970 non
2755 4915 2825 4968 ita
2862 4913 3025 4979 fecit;
3069 4928 3255 4967 verum
3299 4912 3493 4982 suppli-

1914 5027 2044 5067 cans
2074 5009 2220 5065 Patri
2251 5010 2323 5063 ait
2346 5051 2359 5074 ,
2395 5006 2553 5062 Pater
2578 5049 2593 5073 ,
2621 5006 2815 5059 dimitte
2837 5005 2939 5060 illis
2962 5021 2980 5058 :
3008 5020 3110 5061 non
3139 5006 3271 5056 enim
3299 5004 3502 5070 sciunt,

1911 5102 2032 5173 quid
2064 5101 2256 5173 faciunt
2285 5098 2303 5167 (
2332 5096 2457 5150 Luc.
2484 5096 2575 5151 25.
2607 5098 2676 5151 54
2700 5094 2743 5168 ).
2775 5095 2832 5150 Si
2859 5094 3000 5150 enim
3027 5108 3189 5163 super
3220 5093 3340 5148 illos
3375 5108 3501 5148 san-

1912 5195 2032 5265 guis
2060 5193 2282 5255 fuisset,
2318 5198 2372 5244 et
2399 5204 2561 5258 super
2602 5188 2739 5241 lios
2778 5186 2987 5241 illorum
3013 5228 3028 5251 ,
3069 5200 3402 5254 nequaquam
3437 5200 3503 5239 ex

1918 5285 2130 5339 illorum
2159 5282 2281 5337 filiis
2309 5281 2501 5336 delecti
2528 5289 2709 5334 essent
2735 5278 2960 5349 apostoli
3005 5296 3018 5331 :
3062 5293 3393 5348 nequaquam
3426 5288 3507 5331 ter

1919 5378 2068 5433 mille
2097 5376 2254 5431 simul
2282 5374 2632 5430 credidissent
2655 5416 2669 5438 ,
2698 5387 2869 5443 neque
2895 5372 3178 5441 quinquies
3207 5370 3373 5425 mille.
3418 5368 3507 5423 Vi-

1918 5470 2014 5526 des
2039 5479 2097 5524 ut
2119 5470 2193 5524 illi
2223 5467 2434 5539 quidem
2464 5465 2710 5521 crudeles
2738 5481 2801 5520 ac
2830 5465 2956 5518 saevi
2986 5480 3107 5518 cum
3138 5465 3189 5518 in
3220 5477 3345 5517 suos
3370 5461 3507 5515 libe-

1921 5578 2010 5617 ros
2039 5570 2219 5617 essent
2247 5600 2263 5627 ,
2290 5561 2458 5629 ipsam
2491 5557 2651 5613 etiam
2701 5566 2940 5610 naturam
2982 5555 3293 5626 abuegarint
3315 5595 3331 5619 ,
3365 5553 3505 5606 Deus

1921 5664 2100 5711 autem
2130 5663 2311 5724 patres
2331 5665 2518 5707 omnes
2539 5650 2867 5719 superaverit
2893 5649 3214 5720 benignitate
3237 5688 3252 5713 ,
3279 5660 3342 5701 ac
3368 5644 3503 5698 filios

1921 5745 2106 5817 majori
2134 5758 2293 5815 quam
2322 5752 2518 5797 matres
2561 5740 2721 5796 fuerit
2762 5754 2945 5795 amore
2984 5730 3498 5812 complexus?San-
