3964 6342
417 258 508 320 HI

415 376 702 448 guls'enlm
726 374 845 448 ejus
870 388 1034 447 super
1057 374 1178 430 illos
1202 383 1257 431 et
1281 390 1443 447 super
1470 375 1680 431 illorum
1711 376 1847 431 filios
1874 375 1999 439 fuit;

412 470 742 542 superﬂuos
766 484 898 526 vero
925 484 1033 525 non
1055 483 1245 529 omnes
1272 510 1288 537 ,
1316 468 1412 525 sed
1436 484 1597 539 super
1627 469 1746 524 illos
1776 478 2001 537 tantum,

414 561 507 631 qui
538 570 810 632 paternam
843 559 1171 630 impietatem
1203 567 1256 614 et
1286 558 1615 630 iniquitatem
1647 560 1835 615 inuitati
1858 568 2002 626 sunt,

414 662 467 707 rt
492 660 753 725 quntquot
780 652 888 707 illis
930 651 1025 707 ﬁlii
1067 650 1282 707 [uertunt
1318 667 1425 707 non
1467 651 1757 707 secundum
1802 660 2007 707 naturae

415 744 812 800 successionem
838 784 855 811 ,
901 743 997 800 sed
1042 744 1334 800 secundum
1377 744 1666 801 voluntatis
1706 744 1962 799 insaniam
1987 783 2004 811 ,

404 836 477 890 .hi
495 836 608 891 'soli
635 834 791 891 malis
818 836 936 892 facti
966 844 1093 891 sunt
1119 836 1356 890 obnoxii.

447 922 774 984 ‘J‘Jerusalem
800 926 1002 998 quando
1040 928 1230 995 excisa.
1264 956 1337 967 —
1362 925 1439 981 Tu
1466 941 1594 980 vero
1627 925 1755 981 milii
1793 918 2007 979 bonita-

316 1074 325 1097 τ
414 1026 525 1073 tem
559 1033 630 1073 ac
658 1017 1037 1089 benignitatem
1078 1018 1175 1073 Dei
1212 1017 1424 1073 aliunde
1455 1033 1668 1088 quoque
1706 1016 2007 1073 considera.

316 1122 319 1157 i
417 1108 535 1167 Non
567 1112 711 1167 enim
741 1111 921 1168 statim
958 1110 1066 1165 illis
1097 1111 1411 1182 supplicium
1451 1124 1515 1166 ac
1559 1125 1771 1181 ptruam
1810 1109 2007 1175 intulit,

416 1202 517 1258 sed
545 1201 893 1273 quadraginta
914 1210 968 1256 et
994 1201 1175 1273 plures
1201 1202 1336 1257 elabi
1366 1211 1485 1271 post
1513 1201 1814 1273 passionem
1840 1215 2014 1255 annos

421 1294 565 1349 sivit.
594 1295 870 1367 Siquidem
902 1294 1152 1350 Salvator
1178 1296 1290 1365 ipse
1314 1294 1531 1350 Tiberio
1551 1294 1845 1364 imperante
1868 1293 2013 1349 cruci

424 1387 617 1441 afﬁxus
645 1396 730 1441 est
760 1405 774 1440 :
810 1395 867 1441 at
909 1386 1119 1442 illorum
1167 1385 1353 1441 civitas
1398 1386 1785 1455 imperantibus
1813 1384 2017 1456 Vespa-

423 1479 577 1533 siano
600 1493 663 1533 ac
684 1478 805 1534 Tito
830 1485 983 1549 capta
1005 1486 1106 1534 est.
1134 1478 1239 1533 Cur
1269 1478 1427 1547 igitur
1453 1491 1787 1545 consequens
1808 1484 2014 1544 tempus

423 1570 644 1624 omisit?
670 1569 849 1625 Voluit
877 1570 982 1625 illis
1009 1570 1237 1640 spatium
1264 1569 1329 1623 ad
1361 1568 1728 1638 paenitentiam
1753 1567 2013 1636 agendam

426 1664 667 1734 prtebere
686 1705 700 1727 ,
729 1671 788 1717 ut
819 1672 1033 1733 peccata
1058 1661 1410 1733 deponerent,
1443 1671 1501 1716 ut
1528 1661 1753 1717 crimina
1781 1675 1810 1714 a
1837 1674 1897 1714 se
1923 1659 2017 1713 de-

426 1757 708 1827 pellerent.
745 1756 1032 1826 Postquam
1059 1765 1239 1810 autem
1272 1755 1525 1826 temporis
1548 1754 1776 1823 spatium
1807 1751 1872 1806 ad
1906 1766 2017 1821 pm-

426 1849 703 1904 nitentiam
766 1850 1123 1922 praestitutum
1198 1847 1458 1903 habentes
1517 1844 1891 1902 immedicabili
1961 1860 2020 1901 se

429 1940 676 1995 laborare
703 1939 893 1995 morbo
920 1954 1034 2010 pra:
1063 1954 1121 1994 se
1147 1939 1404 2004 tulerunt,
1438 1946 1547 1993 tum
1575 1936 1790 1993 demum
1816 1935 2020 2006 suppli-

428 2031 571 2084 cium
601 2030 705 2085 illis
734 2044 799 2085 ac
829 2045 1039 2100 poenam
1072 2029 1279 2095 intulit,
1320 2038 1376 2084 et
1407 2042 1591 2083 eversa
1634 2027 1847 2082 illorum
1888 2026 2020 2080 urbe

432 2136 528 2192 per
549 2121 854 2176 universum
876 2120 1061 2176 orbem
1085 2129 1345 2175 terrarum
1367 2119 1587 2175 eductos
1611 2120 1728 2174 illos
1749 2118 2019 2188 dispersit.

434 2215 613 2284 Atque
645 2214 745 2268 hoc
775 2214 1120 2284 benignitatis
1145 2213 1262 2283 ejus
1291 2227 1427 2284 opus
1451 2211 1570 2267 fuit.
1603 2212 1875 2282 Siquidem
1905 2212 2023 2266 illos

432 2306 706 2376 dispersit,
737 2316 794 2362 ut
819 2306 1111 2373 Christum,
1139 2322 1297 2378 quem
1323 2306 1467 2361 cruci
1494 2305 1798 2371 aiﬁxerant,
1831 2306 2025 2374 ubique

442 2408 702 2453 terrarum
751 2409 1038 2455 cernerent
1089 2399 1336 2462 adorari,
1386 2407 1444 2453 ut
1496 2413 1616 2454 cum
1663 2398 1730 2453 ab
1777 2397 2027 2452 omnibus

442 2489 718 2546 adoratum
747 2490 896 2546 illum
923 2499 1227 2556 cernerent,
1256 2491 1478 2561 ejusque
1506 2490 1755 2545 virtutem
1787 2490 2029 2561 percipe-

441 2592 581 2646 rent,
613 2598 877 2637 summam
905 2597 1053 2637 suam
1094 2581 1421 2652 impietatem
1451 2588 1823 2652 agnoscerent,
1860 2593 2031 2650 eaque

439 2674 655 2745 cognita
680 2674 747 2728 ad
778 2673 1057 2729 veritatem
1097 2673 1356 2729 redirent.
1388 2675 1561 2743 Atque
1600 2672 1714 2743 ipsa
1755 2672 2032 2740 captivitas

444 2768 551 2823 illis
592 2765 786 2823 deinde
827 2766 1126 2831 doctrinae,
1175 2780 1239 2821 ac
1286 2766 1605 2835 supplicium
1653 2762 2033 2819 admonitionis

443 2860 781 2917 occasionem
829 2860 1085 2916 all‘erebst
1127 2876 1141 2912 :
1190 2859 1233 2912 si
1279 2856 1422 2913 enim
1474 2857 1526 2912 in
1570 2856 1791 2927 regione
1831 2854 2035 2911 iudica:

448 2951 832 3006 remansissent
856 2992 870 3016 ,
902 2964 1118 3005 veraces
1136 2949 1312 3005 fuisse
1341 2949 1630 3019 prophetas
1660 2964 1765 3003 non
1788 2946 2038 3016 agnovis—

448 3053 589 3099 seut.
632 3042 768 3112 Quid
814 3042 957 3097 enim
1000 3042 1273 3112 prophetae
1317 3041 1605 3097 dicebant?
1638 3038 1910 3094 Postrduo
1936 3055 2035 3105 me,

448 3146 498 3190 et
524 3133 654 3189 dabo
692 3134 782 3188 tibi
821 3143 988 3206 gentes
1035 3133 1361 3187 hereditatem
1389 3141 1554 3196 tuam,
1589 3143 1637 3187 ct
1677 3132 2039 3203 possessionem

452 3235 591 3280 tuam
632 3225 871 3280 terminos
902 3234 1050 3278 terra?
1074 3221 1262 3295 (Psal.
1282 3223 1340 3278 2.
1368 3220 1461 3295 8).
1498 3223 1680 3292 itaque
1709 3222 1827 3278 illos
1858 3219 2041 3291 egredi

456 3316 692 3388 oportuit
728 3316 795 3370 ad
823 3325 978 3371 terrae
1008 3315 1288 3380 terminos,
1314 3323 1374 3369 ut
1406 3314 1634 3384 propriis
1657 3313 1824 3368 oculis
1849 3327 2041 3368 cerne-

460 3416 582 3464 rent
604 3423 634 3463 a
659 3407 874 3464 Christo
901 3416 1056 3464 terra:
1086 3406 1343 3463 terminos
1370 3405 1648 3477 possideri.
1672 3404 1883 3461 Rursus
1908 3406 2044 3461 alius

458 3502 718 3573 propheta
748 3500 878 3557 dicit
905 3515 922 3554 :
952 3498 1020 3554 Et
1061 3498 1345 3555 adorabunt
1384 3515 1499 3554 eum
1524 3499 1710 3571 singuli
1738 3516 1767 3554 e
1803 3498 1912 3553 loco
1952 3515 2045 3553 suo

458 3591 658 3664 (Soph.
684 3591 741 3649 2.
770 3592 901 3663 11).
948 3591 1090 3663 Ergo
1134 3591 1257 3648 illos
1290 3606 1386 3662 per
1430 3590 1609 3653 omnia
1638 3601 1796 3647 terra:
1823 3591 1938 3647 loca
1961 3590 2043 3643 di-

1124 260 1184 318 S.
1217 257 1496 317 JUANNIS
1530 258 2006 319 CHRYSOSTOMI
2046 261 2365 321 ARCHIEP.
2404 266 2936 324 CONSTANTINOP.

3598 271 3699 328 “:2

2112 379 2289 449 mergi
2320 380 2577 450 oportuit,
2609 391 2667 437 ut
2698 397 3122 453 unumquemque
3147 382 3373 440 adorare
3401 382 3549 440 illum
3580 400 3683 455 pro

2110 487 2243 543 prus
2270 474 2439 529 oculis
2465 486 2771 530 cernerent.
2810 475 3015 531 Rursus
3038 476 3173 531 alius
3198 475 3331 531 dixit
3361 495 3376 531 :
3404 475 3693 548 Replebinn

2113 573 2278 629 terra,
2324 575 2380 618 ut
2420 576 2685 637 cognoscat
2733 565 3028 631 Dominum,
3077 567 3207 621 sicut
3250 584 3383 637 aqua
3427 568 3595 621 multa
3638 584 3699 623 aa

2115 655 2445 723 aperiendum
2471 658 2635 711 maria
2666 656 2827 728 (Ilab.
2852 657 2907 711 2.
2939 659 3047 729 14).
3078 657 3134 712 ln
3164 675 3375 713 omnem
3407 660 3569 730 igitur
3602 668 3701 713 ter-

2114 760 2228 800 ram
2256 747 2405 802 abire
2435 747 2555 802 illos
2583 748 2838 818 Oportuit,
2863 758 2919 801 ut
2947 748 3201 818 repletam
3233 751 3375 804 illam
3403 750 3708 818 cognitione

2116 838 2326 892 Domini
2355 838 2629 905 viderent,
2660 849 2713 894 et
2739 843 2901 894 maria
2925 882 2940 905 ,
2974 840 3075 895 hoc
3114 850 3197 896 est
3236 843 3537 913 spirituales
3580 842 3711 896 istas

2117 928 2406 997 Ecclesias,
2437 930 2633 999 pietate
2657 930 3026 986 redundantia.
3068 931 3359 1002 PrOpterea
3381 933 3576 1003 ubique
3594 939 3717 985 ἰντ-

2117 1036 2296 1077 rarum
2325 1021 2578 1091 dispersit
2603 1022 2722 1077 illos
2746 1022 2884 1077 Deus
2908 1039 2922 1077 :
2950 1024 2994 1076 si
3021 1024 3161 1078 enim
3192 1024 3243 1077 in
3271 1023 3451 1079 Judzea
3468 1024 3717 1079 resedis-

2118 1122 2272 1179 sent,
2306 1112 2419 1166 haec
2461 1114 2815 1184 ignorassent.
2863 1113 2980 1169 Jan:
3012 1128 3143 1170 vero
3174 1114 3464 1185 prOplietas
3488 1128 3718 1169 veraces

2119 1218 2273 1266 esse,
2305 1212 2464 1273 atque
2505 1204 2677 1273 ipsum
2718 1206 2911 1259 virtute
2943 1206 3141 1273 pollere
3170 1220 3389 1259 suorum
3428 1205 3717 1260 oculorum

2123 1297 2492 1365 experimento
2534 1297 2646 1350 vult
2691 1297 2833 1365 ipsos
2876 1311 3243 1366 cognoscere:
3276 1306 3367 1362 ut,
3416 1296 3460 1350 si
3499 1296 3719 1366 quidem

2121 1387 2272 1456 probi
2316 1389 2563 1457 gratique
2608 1387 2839 1453 fuerint,
2886 1388 2951 1443 ad
2983 1390 3258 1443 veritatem
3293 1404 3385 1458 per
3414 1390 3512 1443 ista
3540 1389 3720 1443 dedu-

2120 1489 2312 1535 cantur
2340 1499 2354 1535 :
2385 1483 2466 1535 sin
2500 1491 2677 1537 autem
2708 1482 2758 1535 in
2792 1483 3063 1552 impietate
3095 1492 3475 1553 perseverent,
3512 1480 3722 1537 nullam

2125 1572 2357 1628 habeant
2384 1574 2433 1627 iu
2477 1572 2750 1629 tremenda
2781 1573 2870 1628 die
2906 1573 3091 1642 judieii
3123 1574 3546 1628 excusationem.
3580 1571 3722 1627 Pro-

2128 1676 2310 1736 pterea
2337 1682 2431 1736 per
2458 1667 2763 1721 universum
2794 1665 2977 1719 orbem
3006 1675 3267 1719 terrarum
3296 1664 3415 1719 illos
3440 1664 3722 1733 disponit,

2126 1768 2184 1810 ut
2212 1767 2268 1811 et
2296 1772 2393 1811 nos
2422 1757 2693 1827 quidpiam
2728 1756 2849 1811 inde
2889 1757 3021 1810 lucri
3048 1756 3400 1826 deeerpamus
3420 1795 3435 1819 ,
3480 1754 3583 1809 hoc
3612 1764 3723 1816 est,

2125 1848 2252 1902 dum
2282 1849 2512 1919 prolatas
2556 1848 2675 1902 illas
2703 1847 2771 1902 de
2801 1848 3014 1902 illorum
3049 1847 3385 1918 dispersione
3411 1844 3728 1916 praedictio-

2128 1954 2247 2007 nes,
2275 1939 2450 2010 deque
2478 1939 2936 2011 Jerosolymorum
2964 1940 3242 1994 eversione
3258 1937 3556 2003 cernimus,
3587 1952 3730 2007 quas

2128 2042 2182 2086 et
2214 2031 2418 2096 Daniel,
2441 2031 2567 2085 dum
2590 2031 3001 2085 abominationis
3020 2030 3367 2086 desolationis
3395 2032 3731 2085 mentionem

2129 2122 2254 2178 facit
2282 2123 2301 2193 (
2326 2122 2458 2177 Dan.
2482 2123 2537 2178 9.
2569 2123 2638 2177 27
2656 2123 2676 2195 )
2696 2164 2711 2188 ,
2740 2132 2795 2178 et
2819 2122 3103 2177 bialachias
3128 2121 3255 2176 dum
3286 2122 3361 2176 ait
3389 2140 3402 2174 :
3438 2122 3569 2187 Quia
3597 2132 3646 2174 et
3674 2122 3735 2172 iu

2129 2214 2266 2270 vobis
2310 2215 2609 2269 claudentur
2648 2217 2827 2285 jauua:
2876 2215 2895 2286 (
2922 2213 3051 2268 Mal.
3081 2214 3133 2269 i.
3160 2213 3228 2268 10
3256 2213 3275 2284 )
3300 2255 3316 2280 ,
3348 2222 3414 2268 et
3455 2212 3645 2279 David,
3674 2222 3737 2265 et

2132 2306 2324 2371 Isaias,
2354 2316 2407 2360 et
2436 2304 2525 2359 alii
2556 2304 2831 2375 propheta:
2854 2305 3005 2359 multi
3038 2304 3105 2360 de
3134 2302 3219 2358 his
3245 2303 3607 2374 praedixerunt
3626 2344 3641 2368 ,
3668 2314 3729 2356 ut

2133 2395 2377 2451 videntes
2405 2412 2500 2451 eos
2526 2396 2617 2465 qui
2647 2396 2931 2450 Dominum
2963 2403 3043 2450 tot
3069 2394 3277 2464 injuriis
3298 2394 3627 2458 affecerant,
3658 2393 3737 2445 ita

2136 2488 2303 2544 fuisse
2336 2490 2570 2559 punitos,
2598 2489 2769 2559 patria
2799 2488 3046 2543 libertate
3075 2488 3308 2558 privatos
3336 2495 3391 2541 et
3419 2486 3530 2540 suis
3556 2487 3739 2539 omni-

2136 2581 2235 2636 bus
2264 2582 2469 2652 legibus
2508 2596 2571 2637 ac
2599 2582 2834 2652 paternis
2864 2580 3237 2635 traditionibus
3261 2620 3277 2645 ,
3324 2578 3571 2633 virtutem
3614 2577 3745 2647 ejus

2136 2686 2510 2742 agnoscamus,
2542 2687 2663 2743 qua:
2693 2672 2781 2727 illa
2811 2671 3058 2742 praedixit
3083 2682 3243 2742 atque
3272 2668 3533 2742 perfecit,
3571 2677 3747 2739 atque

2138 2763 2341 2819 inimici
2369 2763 2584 2835 quidem
2611 2780 2675 2818 ex
2709 2764 2907 2819 nostris
2946 2762 3102 2818 bonis
3136 2762 3437 2832 potentiam
3465 2760 3613 2814 illius
3657 2760 3749 2814 in-

2140 2858 2399 2929 telligant,
2427 2873 2529 2914 nos
2557 2867 2736 2913 autem
2763 2872 2828 2912 ex
2857 2857 3118 2928 supplicio
3156 2857 3225 2911 de
3253 2857 3356 2911 illis
3384 2864 3601 2926 sumpto
3634 2856 3747 2908 im-

2144 2967 2384 3007 mensam
2407 2952 2524 3021 ejus
2548 2950 2932 3022 benignitatem
2958 2965 3021 3004 ae
3046 2950 3337 3019 potentiam
3363 2962 3750 3018 agnoscamus,

2144 3060 2245 3100 nec
2271 3060 2500 3115 unquam
2532 3043 2678 3099 illum
2717 3043 3018 3113 gloriﬁcare
3046 3041 3388 3105 desinamus,
3420 3047 3480 3093 ut
3506 3047 3559 3093 et
3581 3054 3748 3092 sem-

2148 3137 2352 3207 piterna
2380 3149 2541 3208 atque
2572 3135 2857 3190 ineffabilia
2882 3134 3021 3189 bona
3049 3147 3459 3202 consequamur,
3487 3131 3665 3200 gratia
3696 3138 3757 3183 et

2150 3228 2474 3300 benignitate
2496 3226 2704 3282 Domini
2736 3225 2907 3281 nostri
2930 3223 3059 3279 'Jesu
3079 3224 3299 3286 Christi,
3321 3237 3439 3277 cum
3465 3235 3571 3291 quo
3592 3221 3757 3275 Patri

2145 3320 2347 3391 gloria,
2376 3333 2481 3373 una
2508 3333 2631 3372 cum
2661 3325 2850 3371 sancto
2876 3314 3171 3370 et‘vivilico
3197 3312 3432 3382 Spiritu,
3476 3312 3663 3364 honor
3692 3323 3760 3365 et

2153 3410 2459 3481 imperium,
2484 3423 2633 3465 nunc
2660 3417 2716 3465 et
2744 3419 2991 3477 semper,
3017 3415 3074 3460 et
3100 3404 3154 3459 in
3182 3403 3375 3459 szecula
3398 3396 3757 3456 sa-ctﬂorum.

2152 3505 2338 3560 Amen.
