3964 6342
269 282 372 341 ιη

188 375 198 393 θ
274 398 529 469 Ἐγένετο
567 397 668 470 μὲν
706 397 816 469 γὰρ
847 398 909 451 τὸ
944 393 1083 469 αἷμα
1109 397 1274 451 αὐτοῦ
1302 399 1388 451 ἐπ’
1418 400 1613 463 αὐτοὺς
1639 401 1733 454 καὶ
1761 398 1854 453 ἐπὶ

256 484 335 538 τά
364 483 535 537 τέκνα
572 482 786 535 αὐτῶν·
815 482 908 535 ἐπὶ
943 481 1012 536 τά
1056 481 1223 536 τέκνα
1260 481 1317 535 δέ
1351 482 1471 553 οὐχὶ
1503 482 1702 545 πάντα,
1739 482 1854 536 ἀλλ’

258 564 562 618 ἐπ’·ὲκείνα
595 564 757 635 μόνον
784 564 853 617 τὰ
891 564 1249 635 μιμησάμενα
1293 564 1390 635 τὴν
1419 565 1691 637 πατρικὴν
1729 563 1855 618 ἀσέ-

257 648 421 701 ϐειαν
465 649 562 701 καὶ
592 648 962 720 παρανομίαν,
990 647 1086 701 καὶ
1116 649 1229 702 ὅσοι
1260 643 1401 719 ἦσαν
1428 650 1611 712 αὐτοῖς
1644 647 1748 701 υἱοὶ
1790 647 1853 701 ού

256 730 408 783 κατά
437 731 537 802 τὴν
567 730 671 800 τῆς
710 729 925 800 φύσεως
967 730 1241 802 διαδοχὴν,
1282 730 1418 786 ἀλλά
1450 732 1591 785 κατὰ
1630 730 1728 802 τὴν
1756 730 1855 800 τῆς

258 813 647 882 προαιρέσεως
680 814 899 884 μανίαν,
928 806 1074 867 οῦτοι
1112 814 1263 885 μόνοι
1303 814 1589 882 γεγόνασιν
1617 812 1854 867 ὑπεύθυ-

254 914 344 949 νοι
369 913 482 948 των
511 912 722 951 κακῶν.

336 979 542 1031 Σκόπει
578 977 636 1030 δέ
690 995 781 1048 μοι
833 977 927 1031 καὶ
965 978 1230 1048 ἐτέρωθεν
1271 978 1370 1050 τὴν
1420 978 1730 1050 ἀγαθότητα
1758 980 1854 1035 καὶ

256 1061 682 1132 φιλανθρωπίαν
724 1060 817 1114 τοῦ
863 1061 1021 1116 Θεοῦ.
1061 1062 1135 1114 Οὐ
1182 1060 1291 1131 γὰρ
1327 1061 1529 1125 εὐθέως
1571 1063 1852 1133 ἐπήγαγεν

254 1145 350 1197 ἐπ’
372 1145 572 1207 αὐτοὺς
598 1143 697 1214 τὴν
732 1144 953 1197 κόλασιν
980 1144 1074 1197 καὶ
1104 1142 1202 1214 τὴν
1231 1143 1521 1215 τιμωρίαν,
1556 1144 1692 1200 ἀλλά
1732 1163 1853 1199 τεσ-

257 1228 577 1298 σαράκοντα
607 1228 701 1280 καὶ
723 1225 939 1280 πλείονα
959 1227 1054 1298 ἔτη
1083 1226 1286 1280 διέλιπε
1322 1226 1459 1296 μετά
1482 1228 1572 1281 τὸν
1596 1228 1845 1299 σταυρόν.

254 1312 437 1375 Αὐτὸς
487 1310 586 1381 μὲν
628 1310 738 1383 γὰρ
775 1312 804 1363 ό
832 1310 1021 1382 Σωτὴρ
1073 1311 1167 1363 ἐπὶ
1212 1310 1463 1383 Τιϐερίου
1504 1312 1846 1383 ἐσταυρώθηο

253 1399 292 1466 ἠ
323 1396 383 1449 δὲ
419 1395 573 1457 πόλις
604 1393 783 1446 αὐτῶν
808 1393 904 1445 ἐπὶ
932 1393 1341 1448 Οὐεσπασιανοῦ
1376 1396 1470 1447 καὶ
1495 1394 1656 1448 Τίτου
1686 1394 1849 1449 ἑάλω.

254 1479 424 1540 Τίνος
449 1473 541 1529 οὖν
564 1477 751 1530 ἕνεκεν
778 1476 870 1529 τὸν
892 1476 1029 1547 μετὰ
1062 1476 1237 1531 ταῦτα
1255 1477 1443 1531 τοῦτον
1470 1478 1659 1549 χρόνον
1694 1477 1853 1531 διέλι-

256 1579 365 1618 πεν
398 1560 772 1632 ςΒουλόμενος
820 1562 1004 1625 αὐτοῖς
1042 1561 1226 1615 δοῦναι
1283 1563 1474 1634 καιρὸν
1529 1563 1849 1634 μετανοίας,

252 1646 405 1700 ὥστε
447 1644 825 1699 ἀποδύσασθαι
864 1648 936 1697 τά
972 1645 1483 1716 πεπλημμελημένα
1502 1687 1518 1712 ,
1548 1645 1688 1701 ὥστε
1716 1648 1851 1701 ἀπο-

254 1730 598 1801 κρούσασθαι
619 1729 686 1781 τὰ
704 1728 1045 1800 ἐγκλήματα.
1064 1728 1283 1799 Ἐπειδὴ
1312 1728 1369 1781 δὲ
1400 1729 1491 1782 καὶ
1514 1729 1851 1801 προθεσμίαν

257 1815 559 1884 μετανοίας
590 1812 846 1876 λαϐόντες
872 1813 1062 1883 ἔμενον
1091 1813 1327 1875 ἀνιάτως
1347 1811 1583 1882 ἔχοντες,
1605 1814 1851 1885 ἐπήγαγε

254 1896 452 1950 λοιπὸν
482 1897 667 1955 αὐτοῖς
698 1894 794 1966 τὴν
832 1894 1055 1949 κόλασιν
1088 1896 1182 1948 καὶ
1203 1894 1301 1965 τὴν
1322 1896 1612 1966 τιμωρίαν,
1641 1897 1734 1949 καὶ¹
1751 1898 1851 1968 τὴν

256 1981 423 2037 πόλιν
443 1979 978 2050 καθελὼνέξήγαγεν
1006 1980 1199 2041 αὐτοὺς
1231 1978 1550 2051 διασπείρας
1576 1980 1850 2051 πανταχοῦ

256 2067 364 2135 τῆς
391 2065 747 2134 οἰκουμένης,
784 2064 879 2116 καί
905 2062 1063 2116 τοῦτο
1094 2061 1182 2115 διὰ
1220 2062 1631 2134 φιλανθρωπίαν
1659 2064 1851 2121 ποιῶν.

258 2151 551 2220 Διέσπειρε
587 2149 695 2218 γὰρ
725 2148 943 2212 αὐτοὺς,
983 2148 1070 2200 ἵνα
1097 2147 1374 2217 πανταχοῦ
1406 2148 1505 2218 τῆς
1528 2149 1853 2220 οἰκουμένης

259 2230 743 2303 προσκυνούμενον
790 2229 947 2284 ἴδωσι
969 2230 1061 2284 τὸν
1109 2231 1201 2283 ὑπ’
1246 2229 1427 2283 αὐτῶν
1471 2231 1853 2303 σταυρωθέντα

256 2314 535 2385 Χριστὸν,
580 2314 668 2366 ἶνα
719 2312 956 2384 ὁρῶντες
1004 2312 1172 2366 αὐτὸν
1221 2313 1694 2385 προσκυνούμενον
1748 2316 1855 2369 ὑπὸ

259 2398 487 2451 πάντων
532 2398 628 2451 καὶ
675 2395 940 2465 μαθόντες
979 2396 1144 2450 αὐτοῦ
1188 2396 1286 2467 τὴν
1313 2396 1562 2467 δύναμιν,
1586 2399 1852 2468 ἐπιγνῶσι

256 2480 365 2551 τῆς
402 2480 608 2543 οἰκείας
647 2479 902 2543 ἀσεϐείας
934 2479 1033 2550 τὴν
1063 2479 1388 2551 ὑπερϐολὴν,
1416 2481 1509 2533 καί⁸
1542 2481 1854 2548 ἐπιγνόντες

258 2563 606 2617 ἐπανέλθωσι
632 2564 770 2634 πρὸς
792 2564 891 2634 τὴν
916 2562 1192 2633 ἀλήθειαν.
1223 2565 1333 2616 Καὶ
1353 2562 1538 2617 λοιπὸν
1577 2565 1609 2635 ὴ
1649 2566 1851 2636 αἰχμα-

255 2648 439 2700 λωσία
467 2647 652 2710 αὐτοῖς
683 2645 1001 2705 διδασκαλία
1026 2646 1257 2714 ἐγίνετο,
1278 2647 1372 2699 καὶ
1399 2648 1433 2716 ή
1462 2647 1703 2717 τιμωρία
1731 2666 1852 2701 νου-

259 2731 459 2784 θεσίασ
494 2731 542 2782 εἰ
569 2730 678 2800 γὰρ
718 2728 919 2800 ἔμενον
942 2731 1034 2783 ἐπὶ
1065 2729 1167 2800 τῆς
1204 2729 1464 2795 Ἰουδαίας
1491 2733 1613 2803 γῆς,
1659 2733 1755 2785 οὐκ
1786 2732 1852 2786 ἂν

259 2816 513 2881 ἔγνωσαν
559 2813 667 2871 τῶν
697 2814 995 2885 προφητῶν
1037 2814 1137 2886 τὴν
1169 2813 1448 2885 ἀληθειαν.
1484 2815 1548 2866 Τί
1595 2814 1703 2886 γὰρ
1757 2816 1853 2870 καὶ

258 2900 453 2966 ελεγον
476 2898 831 2968 οἰηπροφῆται
858 2915 873 2964 ;
898 2898 1154 2965 Αττησαι
1182 2898 1319 2966 παρ’
1346 2897 1512 2965 ἐμοῦ,
1537 2897 1633 2950 καὶ
1680 2897 1852 2952 δώσω

258 3000 367 3036 σοι
390 2980 532 3047 ἔθνη
559 2981 674 3048 τὴν
694 2981 1108 3049 κληρονομίαν
1134 2996 1272 3043 σου,
1296 2979 1394 3033 καί
1424 2980 1538 3045 τὴν
1564 2979 1854 3049 κατάσχε-

258 3065 375 3119 σίν
391 3079 507 3118 σου
524 3065 596 3117 τὰ
625 3061 853 3131 πέρατα
874 3062 985 3131 τῆς
1014 3061 1149 3132 τῆς.
1171 3062 1317 3115 Ἔδει
1340 3061 1518 3115 τοίνυν
1540 3062 1737 3127 αὐτοὺς
1764 3063 1852 3130 ἐξσ

255 3147 446 3201 ελθεῖν
493 3149 570 3210 εἰς
617 3146 689 3199 τὰ
739 3146 950 3218 πέρατα
980 3146 1078 3216 τῆς
1103 3145 1229 3216 γῆς,
1271 3146 1360 3198 ἴνα
1401 3144 1582 3198 ἴδωσιν
1637 3146 1856 3208 οἰκείοις

252 3230 591 3300 ὀφθαλμοῖς,
612 3230 696 3282 ὅτι
719 3231 813 3283 καὶ
839 3229 911 3283 τὰ
937 3229 1151 3301 πέρατα
1181 3229 1280 3300 τῆς
1308 3228 1412 3297 γῆς
1443 3228 1659 3298 κατέχει
1686 3228 1714 3280 ὁ
1734 3230 1858 3299 Χριο

258 3314 420 3377 στός.
448 3313 615 3366 Πάλιν
640 3308 734 3366 οῦν
760 3312 947 3383 ἔτερος
988 3312 1273 3383 προφήτης
1296 3310 1444 3378 λέγει
1484 3328 1496 3339 ·
1524 3312 1634 3364 Καὶ
1666 3324 1851 3379 προσ-

253 3396 658 3463 κυνήσουσιν
698 3396 860 3463 αὐτῷ
883 3395 1141 3463 ἕκαστος
1172 3396 1241 3449 ἐκ
1273 3395 1377 3449 τοῦ
1412 3397 1600 3449 τόπου
1641 3394 1849 3449 αὺτοῦ.

254 3481 425 3544 Ἔδει
454 3481 633 3540 τοίνυν
677 3481 873 3545 αὐτοὺς
908 3483 989 3545 εἰς
1029 3479 1244 3536 ἅπαντα
1286 3478 1655 3550 διασπαρῆναι
1690 3479 1853 3533 τόπον

917 289 1059 347 CUR
1098 291 1166 347 IN
1207 292 1498 352 PENTEC.
1537 294 1738 361 ACTA,
1773 294 1927 353 ETC.
1969 294 2036 351 IN
2076 295 2362 352 PRINCIP.
2403 293 2762 355 ACTOBUM.
2797 294 2887 351 IV.

3418 290 3523 346 “2

1956 398 2055 467 τῆς
2083 398 2209 466 γῆς,
2232 397 2319 449 ἵνα
2358 398 2538 453 ἴδωσιν
2567 397 2789 460 οἰκείοις
2807 397 3049 467 ὄμμασιν
3078 396 3307 450 ἕκαστον
3340 395 3406 451 ἐκ
3433 393 3531 451 τοῦ

1956 480 2122 532 τόπου
2148 479 2313 532 αὐτοῦ
2333 480 2745 553 προσκυνοῦντα
2776 479 2958 532 αὐτόν.
2988 478 3158 535 Πάλιν
3176 478 3335 544 ἄλλος
3370 474 3491 533 εἶπε
3513 500 3523 510 ·

1954 561 2380 630 Πλησθήσεται
2422 564 2463 631 ἡ
2496 562 2572 632 τῆ
2626 561 2732 615 τοῦ
2769 560 2990 630 γνῶναι
3030 560 3137 614 τὸν
3174 561 3413 628 Κύριον,
3449 562 3532 628 ὡς

1954 643 2111 712 ὕδωρ
2157 645 2317 699 πολὺ
2360 646 2781 713 κατακαλύψαι
2817 642 3153 710 θαλάσσας.
3182 644 3327 697 Ἔδει
3350 645 3531 699 τοίνυν

1956 725 2070 799 [96]
2089 728 2287 791 αὐτοὺς
2313 730 2392 792 εἰς
2420 728 2637 783 ἃπασαν
2665 727 2763 799 τὴν
2786 728 2890 797 γῆν
2918 726 3194 788 ἀπελθεῖν,
3230 726 3368 781 ὥστε
3403 729 3531 782 ἰδεῖν

1954 811 2124 882 αὐτὴν
2171 811 2612 883 πεπληρωμένην
2652 810 2745 865 τοῦ
2780 811 2985 880 γνῶναι
3029 812 3121 866 τὸν
3172 813 3405 885 Κύριον,
3437 816 3532 868 καὶ

1953 894 2053 957 τὰς
2115 894 2409 960 θαλάσσας,
2443 894 2687 948 τουτέστι
2742 895 2843 960 τάς
2898 894 3274 967 πνευματικὰς
3328 896 3532 961 ταύτας

1967 976 2311 1048 Ἑκκλησίας,
2343 978 2443 1048 τῆς
2471 976 2776 1040 θεοσεϐείας
2806 978 3256 1049 μεμεστωμένας.
3281 978 3381 1031 Διά
3403 978 3533 1032 ταῦ-

1951 1077 2022 1113 τα
2068 1061 2375 1132 διέσπειρεν
2426 1061 2623 1125 αὐτοὺς
2652 1064 2681 1114 ό
2708 1062 2839 1124 Θεὸς
2883 1060 3158 1131 πανταχοῦ
3201 1062 3300 1131 τῆς
3332 1062 3531 1132 γῆς-εἰ

1954 1141 2062 1214 γὰρ
2087 1145 2144 1196 ἐν
2181 1143 2408 1214 Ἰουδαίᾳ
2431 1143 2719 1214 ἐκάθηντο,
2740 1142 2911 1196 ταῦτα
2937 1143 3003 1197 ἂν
3028 1142 3530 1213 ὴγνόησαν.Λοιπὺν

1956 1226 2201 1296 βούλεται
2222 1229 2417 1291 αὐτοὺς
2450 1230 2543 1280 καὶ
2565 1228 2665 1298 τῆς
2702 1226 2809 1281 τῶν
2833 1226 3126 1297 προφητῶν
3148 1224 3408 1297 ἀληθείας
3438 1227 3532 1281 καὶ

1943 1311 2051 1381 ,τῆς
2083 1311 2246 1364 αὐτοῦ
2276 1311 2557 1382 δυνάμεως
2582 1311 2772 1375 αὑταῖς
2803 1310 2958 1380 ὕψεσι
2985 1309 3083 1382 τὴν
3107 1312 3301 1379 πεῖραν
3327 1309 3532 1365 λαϐεῖν⁸

1953 1394 2040 1446 ἵνα
2064 1393 2160 1448 ἐὰν
2194 1394 2293 1465 μὲν
2319 1393 2729 1464 εὐγνωμονῶσι,
2744 1392 2833 1446 διὰ
2857 1392 3059 1446 τούτων
3082 1393 3534 1464 χειραγωγηθῶσι

1953 1476 2090 1545 πρὸς
2129 1477 2229 1548 τὴν
2282 1476 2573 1547 ἀλήθειαν·
2608 1476 2673 1531 ἂν
2711 1477 2767 1530 δὲ
2820 1474 3120 1545 ἐπιμένωσι
3171 1478 3237 1546 τῇ
3289 1476 3531 1548 ἀσεϐείᾳ,

1958 1559 2227 1632 μηδεμίαν
2256 1560 2455 1631 ἔχωσιν
2497 1560 2793 1628 ἀπολογίαν
2839 1562 2897 1613 ἐν
2934 1562 3002 1631 τῇ
3037 1559 3244 1631 φοϐερᾷ
3274 1560 3376 1629 τῆς
3409 1562 3533 1632 κρί-

1956 1660 2095 1706 σεως
2144 1643 2346 1714 ἡμέρᾳ.
2376 1644 2475 1697 Διά
2503 1642 2659 1698 τοῦτο
2685 1644 2991 1713 διέσπειρεν
3031 1643 3229 1705 αὐτοὺς
3254 1644 3533 1715 πανταχοῦ

1953 1726 2051 1794 τῆς
2088 1727 2433 1797 οἰκουμένης,
2457 1728 2544 1781 ἵνα
2577 1728 2670 1781 καὶ
2695 1728 2853 1797 ἡμεῖς
2879 1728 2945 1780 ὲκ
2970 1724 3157 1779 τούτου
3188 1726 3534 1800 κερδάνωμέν

1955 1828 2029 1873 τι,
2066 1812 2344 1866 τουτέστιν
2378 1813 2593 1877 ἐκείνας
2640 1812 2739 1877 τὰς
2787 1814 3119 1884 προρρήσεις
3162 1811 3395 1881 ὁρῶντες
3434 1813 3535 1876 τὰς

1955 1895 2212 1966 περὶτῆς
2245 1896 2545 1968 διασπορᾶς
2568 1896 2745 1949 αὐτῶν
2778 1896 3092 1967 εἰρημένας,
3125 1894 3224 1958 τὰς
3268 1895 3397 1966 περὶ
3433 1895 3535 1965 τῆς

1956 1976 2208 2041 ἁλώσεως
2226 1978 2336 2032 τῶν
2368 1978 2433 2032 Ίε
2441 1978 2630 2050 ροσολύ
2639 1995 2772 2049 μων,
2803 1976 2869 2041 ἃς
2895 1979 2988 2032 καὶ
3017 1980 3046 2031 ό
3078 1976 3274 2048 Δανιὴλ
3301 1977 3393 2031 τοῦ
3418 1976 3537 2047 βδε-

1954 2061 2234 2132 λύγματος
2270 2065 2367 2134 τῆς
2396 2062 2730 2134 ἐρημώσεως
2755 2062 3033 2132 μνησθεὶς,
3059 2060 3155 2113 καὶ
3194 2062 3223 2113 ό
3250 2060 3535 2132 Μαλαχίας

1956 2145 2146 2210 εἰπὼν,
2168 2146 2295 2199 Ὅτι
2329 2145 2426 2200 καί
2456 2146 2525 2199 ἐν
2546 2144 2690 2215 ὑμῖν
2718 2141 3301 2215 συγκλεισθήσονται
3325 2144 3532 2209 πύλαι,

1958 2230 2052 2283 καὶ
2073 2231 2101 2283 ὁ
2135 2230 2302 2284 Δαυῒδ
2330 2230 2424 2284 καὶ
2446 2233 2475 2284 ό
2506 2230 2733 2292 Ἡσαΐας
2761 2229 2857 2283 καὶ
2891 2227 3072 2298 ἕτεροι
3109 2226 3294 2279 πολλοὶ
3323 2227 3537 2298 προφῆ-

1956 2329 2047 2365 ται
2082 2313 2210 2383 περὶ
2251 2313 2457 2366 τούτων
2489 2310 2950 2383 προανεφώνησαν
2973 2351 2989 2375 ,
3020 2312 3107 2364 ἶνα
3136 2309 3370 2379 ὁρῶντες
3409 2309 3537 2373 τοὺς

1958 2396 2086 2466 περὶ
2136 2394 2226 2448 τὸν
2274 2397 2550 2467 Δεσπότην
2583 2392 2905 2464 ἀγνώμονας
2952 2393 3351 2463 γεγενημένους
3393 2389 3536 2446 οῦτω

1957 2477 2373 2549 κολαζομένους,
2397 2478 2823 2541 ἐκπεπτωκότας
2848 2478 2946 2547 τῆς
2971 2474 3284 2547 ἐλευθερίας
3314 2475 3413 2544 τῆς
3438 2490 3536 2528 πα-

1956 2565 2149 2635 τρικῆς
2177 2563 2271 2616 καὶ
2292 2560 2403 2615 τῶν
2434 2562 2645 2616 οἰκείων
2673 2560 2930 2616 ἁπάντων
2964 2559 3182 2630 θεσμῶν
3207 2575 3267 2611 τε
3298 2560 3393 2611 καὶ
3431 2575 3537 2612 πα·-

1954 2645 2161 2718 τρικῶν
2208 2645 2592 2717 παραδόσεων,
2642 2644 2900 2715 μάθωμεν
2948 2641 3113 2697 αὑτοῦ
3147 2642 3245 2713 τὴν
3303 2640 3535 2711 δύναμιν

1954 2730 2055 2800 τὴν
2094 2728 2461 2799 προειποῦσαν
2503 2728 2642 2781 αὐτά
2671 2728 2767 2781 καὶ
2798 2726 3201 2798 ἐργασαμένην,
3226 2726 3321 2779 καὶ
3351 2725 3398 2778 οί
3436 2725 3536 2796 μὲν

1957 2813 2141 2885 ἐχθροὶ
2174 2812 2263 2866 διὰ
2296 2812 2404 2865 τῶν
2443 2812 2731 2882 ἡμετέρων
2764 2810 2986 2880 ἀγαθῶν
3018 2811 3199 2864 ίδωσιν
3240 2808 3403 2863 αὐτοῦ
3433 2812 3535 2881 τὴν

1960 2896 2146 2968 ἰσχύνο
2181 2897 2339 2966 ἡμεῖς
2364 2896 2418 2947 δὲ
2451 2895 2539 2949 διά
2586 2896 2694 2947 τῶν
2720 2896 2802 2959 εἰς
2842 2893 3081 2959 ἐκείνους
3110 2893 3392 2965 τιμωριῶν
3431 2895 3536 2964 μά-

1959 2982 2142 3052 θωμεν
2178 2978 2344 3033 αὑτοῦ
2372 2979 2472 3050 τὴν
2496 2978 2702 3047 ἄφατον
2732 2978 3141 3050 φιλανθρωπίαν
3167 2978 3262 3030 καὶ
3282 2976 3535 3047 δύναμιν,

1959 3066 2058 3119 καὶ
2093 3064 2181 3117 διὰ
2208 3062 2407 3125 παντὸς
2452 3060 2765 3126 δοξάζοντες
2797 3060 2961 3115 αὑτὸν
3001 3059 3353 3130 διατελῶμεν,
3385 3061 3535 3122 ὅπως

1955 3148 2049 3201 καὶ
2066 3145 2175 3199 τῶν
2200 3145 2432 3198 αἰωνίων
2452 3145 2545 3199 καὶ
2564 3146 2893 3216 ἀπορρήτων
2922 3142 3140 3214 ἀγαθῶν
3164 3143 3532 3215 ἐπιτύχωμεν,

1956 3230 2138 3301 χάριτι
2186 3230 2279 3281 καί
2332 3227 2714 3299 φιλανθρωπίᾳ
2757 3226 2851 3281 τοῦ
2902 3225 3108 3300 Κυρίου
3155 3226 3313 3297 ἡμῶν
3352 3224 3528 3298 Ἰησοῦ

1959 3311 2217 3385 Χριστοῦ,
2244 3311 2363 3381 μεθ’
2400 3306 2460 3366 οῦ
2504 3311 2582 3383 τῷ
2623 3310 2797 3382 Πατρὶ
2834 3311 2952 3381 ἅμα
2990 3310 3068 3381 τῷ
3103 3310 3241 3382 ἁγίῳ
3270 3308 3364 3364 καὶ
3399 3310 3535 3374 ζωο-

1961 3398 2101 3467 ποιῷ
2123 3396 2402 3468 Πνεύματι
2433 3396 2565 3467 τιμὴ
2595 3399 2688 3451 καὶ
2716 3396 2935 3467 κράτος,
2955 3394 3050 3448 νῦν
3084 3396 3175 3451 καὶ
3206 3396 3316 3462 ἀεὶ,
3343 3395 3437 3451 καὶ
3456 3393 3537 3458 εἰς

1959 3481 2085 3545 τοῦς
2122 3479 2321 3545 αἰῶνας
2358 3480 2464 3533 τῶν
2488 3477 2716 3535 αἰώνων.
2767 3481 2956 3551 Ἀμήν.
