3964 6342
424 277 527 335 113
1123 279 1182 336 S.
1221 279 1509 339 JOANNIS
1541 282 2033 349 CHRYSOSTOMI
2069 287 2390 351 ABCHIEP.
2431 285 2976 348 CONSTANTINOP.
3557 286 3663 340 HA

933 822 1286 883 MON’ITUM
1326 822 1425 883 AD
1460 824 1834 886 HOMILIAM
1880 826 1964 887 ΙΝ·
2013 827 2268 903 ILLUD,
2313 829 2602 890 SAULUS
2643 828 2926 901 AUTEM,
2973 846 3143 900 ETC.,

491 1093 616 1148 Haec
646 1090 1000 1146 concionatus
1028 1099 1112 1146 est
1155 1090 1580 1164 Chrysostomus
1629 1105 1751 1166 post
1792 1105 2045 1166 quartam
2095 1097 2337 1152 habitam
2381 1098 2434 1152 iu
2478 1097 2892 1168 inscriptionem
2931 1098 3194 1155 Actorum
3244 1099 3545 1158 homiliam.
3607 1099 3669 1156 Id

417 1202 549 1242 vero
572 1186 740 1255 liquet
762 1201 825 1240 cx
860 1185 928 1240 iis
957 1200 1077 1255 qum
1103 1201 1253 1240 num.
1287 1188 1638 1244 ﬁdicuntur:
1673 1189 1765 1244 ubi
1805 1193 1969 1245 etiam
2002 1190 2166 1261 hujus
2217 1191 2498 1246 concionis
2543 1199 2925 1262 argumentum
2971 1191 3279 1248 declaratur
3325 1194 3410 1248 liis
3437 1193 3622 1248 verbis
3651 1213 3667 1248 :

424 1281 613 1336 Totum
638 1285 803 1352 igitur
838 1283 1070 1338 debitum
1101 1285 1459 1355 inscriptionis
1500 1287 1640 1342 vobis
1687 1286 2053 1357 persolvimus,
2099 1289 2483 1358 inscriptionis,
2529 1290 2776 1358 inquam,
2821 1286 3076 1341 Actorum
3122 1287 3525 1356 apostolicorum
3552 1302 3574 1340 :
3606 1295 3670 1337 ut

419 1377 586 1443 igitur
612 1377 825 1430 initium
852 1376 975 1429 libri
1003 1377 1403 1447 attingeremus,
1437 1379 1567 1432 ordo
1591 1379 1854 1450 exigebat,
1894 1396 1957 1433 ac
1991 1378 2319 1446 doceremus,
2355 1381 2482 1450 quid
2515 1380 2613 1434 hoc
2656 1381 2759 1434 sibi
2793 1382 2914 1436 velit
2945 1393 2968 1435 :
3005 1378 3246 1434 Primum
3278 1378 3493 1448 quidem
3542 1393 3674 1434 ser-

420 1487 635 1527 monem
668 1471 898 1528 fecimus
924 1471 994 1527 de
1022 1475 1299 1539 omnibus,
1328 1490 1362 1528 o
1387 1472 1708 1545 Theophile.
1741 1491 1861 1546 qua!
1887 1476 2055 1546 coepit
2082 1473 2246 1533 Jesus
2274 1476 2455 1533 facere
2482 1491 2548 1532 ac
2575 1477 2792 1534 docere.
2828 1478 3197 1533 Verumtamen
3227 1493 3330 1530 non
3363 1478 3486 1530 sinit
3513 1473 3674 1530 Past-

420 1571 524 1631 lus,
557 1580 613 1620 ut
641 1567 776 1620 hanc
797 1567 982 1620 seriem
1013 1567 1218 1620 ordinis
1252 1583 1463 1637 sequar,
1493 1567 1584 1620 sed
1619 1567 1689 1620 ad
1722 1585 1776 1622 se
1816 1584 2015 1638 suaque
2052 1577 2190 1623 recte
2232 1569 2376 1638 facta
2417 1569 2654 1637 linguam
2689 1577 2929 1623 nostram
2968 1569 3180 1623 invitat.
3227 1569 3394 1640 Cupio
3439 1584 3676 1637 namque

419 1665 593 1718 uidere
618 1659 770 1714 illum
807 1659 1168 1712 introductum
1205 1657 1553 1722 Damascum,
1588 1675 1692 1712 non
1729 1660 1900 1728 ferrea
1933 1670 2142 1726 catena,
2178 1662 2268 1713 sed
2310 1659 2588 1714 Dominica
2617 1676 2739 1714 voce
2767 1661 3018 1714 vinctum.
3057 1657 3157 1714 Hic
3197 1659 3349 1713 vides
3398 1667 3517 1728 post
3556 1659 3677 1713 Ho-

421 1754 601 1807 milias
635 1755 689 1806 in
719 1751 1047 1822 principium
1079 1751 1340 1805 Actorum
1369 1751 1675 1807 institutam
1706 1753 2030 1807 concionem
2058 1769 2072 1804 :
2107 1753 2258 1807 vides
2287 1753 2413 1808 item
2445 1752 2567 1822 ejus
2605 1761 3011 1822 argumentum.
3056 1749 3305 1805 Habitam
3349 1750 3474 1804 item
3519 1751 3675 1804 hanc

418 1847 485 1902 de
532 1863 645 1918 qua,
671 1863 814 1903 nunc
835 1849 1068 1918 agimus,
1106 1855 1398 1916 antequam
1430 1857 1645 1919 tempus
1667 1849 1923 1918 paschale
1951 1848 2299 1915 dilaberetur,
2333 1857 2517 1923 aperte
2554 1855 2742 1903 narrat
2770 1863 2922 1902 num.
2954 1848 2988 1902 4
3015 1865 3028 1901 :
3075 1845 3219 1900 Nam
3248 1847 3316 1909 si,
3346 1848 3470 1898 dum
3492 1845 3676 1898 solam

418 1941 586 2002 vobis,
622 1941 718 2006 ait,
741 1941 1135 2011 inscriptionem
1166 1941 1386 2012 legimus
1433 1951 1484 1995 et
1537 1958 1867 2005 enarramus,
1893 1943 2177 2002 dimidium
2211 1942 2561 1998 solemnitatis
2591 1941 3030 2009 consumpsimus,
3059 1939 3106 1993 si
3138 1939 3202 1992 ab
3249 1943 3464 1994 exordio
3510 1942 3677 1995 initio

421 2033 565 2102 facto
598 2033 654 2085 in
679 2032 852 2102 ipsum
878 2033 1002 2088 libri
1039 2033 1254 2104 pelagus
1292 2035 1586 2089 orationem
1618 2037 1902 2090 immittere
1941 2038 2276 2105 caepissemus
2303 2075 2318 2100 ,
2347 2043 2605 2106 quantum
2626 2075 2640 2098 ,
2671 2049 2878 2104 quaso,
2919 2034 3167 2103 temporis
3202 2033 3675 2102 impendissemus,

419 2135 476 2178 ut
508 2124 576 2178 ad
610 2123 730 2177 illas
759 2124 823 2178 de
855 2123 1026 2179 Paulo
1050 2126 1384 2180 narrationes
1409 2127 1838 2193 perveniremus?
1861 2125 1926 2182 Et
1954 2136 2143 2197 postea
2185 2141 2415 2182 numero
2458 2126 2651 2196 quinto
2684 2141 2792 2181 non
2830 2125 3063 2184 obscure
3093 2125 3362 2196 signiﬁcat
3393 2127 3534 2180 illam
3569 2128 3680 2182 ho-

419 2213 648 2278 niiliam,
672 2229 794 2283 quae
838 2215 983 2269 nulla
1014 2214 1333 2272 intermedia
1382 2226 1756 2285 praecesserat,
1807 2232 1931 2274 esse
1969 2227 2223 2289 quartam
2268 2219 2322 2274 in
2361 2216 2692 2288 principium
2737 2216 3027 2282 Actorum,
3060 2217 3114 2271 in
3147 2231 3253 2286 qua
3280 2217 3536 2286 quaeritur
3568 2234 3680 2274 cur

418 2309 554 2360 Acta
579 2305 967 2375 Apostolorum
997 2307 1050 2360 in
1073 2306 1395 2362 Pentecoste
1423 2307 1693 2378 legantur.
1720 2309 1819 2365 Hic
1851 2325 2087 2381 namque
2123 2318 2347 2365 sanctus
2391 2308 2585 2363 doctor
2626 2307 2754 2362 talia
2793 2305 2937 2363 fatur
2969 2325 2984 2362 :
3019 2305 3209 2361 Nonne
3243 2307 3296 2363 in
3322 2309 3495 2376 priore
3521 2308 3678 2362 vobis

420 2403 642 2458 collecta
669 2405 908 2460 dicebam
945 2423 1007 2460 ea
1048 2404 1333 2470 miracula,
1373 2419 1490 2473 qute
1529 2388 1735 2457 crucem
1779 2414 1964 2459 secuta
2001 2415 2146 2472 sunt,
2179 2407 2245 2460 iis
2289 2405 2499 2475 majora
2547 2419 2666 2475 qua
2713 2405 2885 2472 ipsam
2932 2414 3307 2472 praecesserant
3357 2405 3684 2462 exstitisse?

421 2492 613 2550 Nonne
639 2499 694 2551 id
729 2499 930 2552 ostendi
963 2497 1105 2552 vobis
1132 2507 1182 2552 et
1213 2512 1278 2551 ea:
1310 2498 1584 2550 miraculis
1611 2505 1660 2550 et
1690 2513 1756 2551 ea:
1778 2498 2162 2568 discipulorum
2191 2498 2584 2560 benevolentia;
2613 2506 2664 2552 et
2691 2513 2793 2568 quo
2817 2505 2972 2566 pacto
3003 2505 3162 2550 antea
3193 2498 3399 2567 quidem
3427 2495 3682 2552 Christus

419 2590 683 2660 imperans
710 2603 942 2650 mortuos
975 2595 1284 2660 suscitabat,
1308 2602 1484 2655 postea
1510 2611 1629 2648 vero
1661 2611 1934 2649 servorum
1964 2595 2078 2666 eius
2117 2595 2304 2650 umbra
2336 2597 2565 2666 idipsum
2589 2593 2886 2664 prwstabat
2905 2632 2918 2656 ,
2951 2602 3058 2647 etc.
3090 2593 3220 2658 Qua!
3251 2593 3436 2646 omnia
3466 2592 3683 2646 diserte

419 2693 716 2738 narrantur
742 2685 796 2739 in
831 2685 920 2738 illa
947 2697 1138 2755 quarta
1171 2683 1403 2738 Homilia
1451 2685 1507 2737 in
1554 2685 1879 2754 principium
1932 2683 2194 2741 Actorum
2236 2701 2390 2740 num.
2431 2687 2483 2740 τ.
2526 2685 2652 2741 Haec
2698 2685 2864 2757 igitur
2895 2684 3120 2740 bomilia
3148 2693 3396 2754 quartam
3427 2683 3578 2737 illam
3621 2683 3684 2737 iu

419 2777 746 2847 principium
779 2777 1040 2832 Actorum
1073 2777 1263 2847 procul
1293 2776 1461 2832 dubio
1489 2779 1754 2848 sequitur.
1797 2778 1903 2846 Qui
1936 2795 2067 2836 vero
2100 2778 2304 2834 fuerint
2347 2779 2425 2833 illi
2464 2779 2718 2851 πρόεδροι
2757 2778 2851 2848 qui
2899 2787 3012 2833 tum
3049 2778 3104 2832 in
3147 2777 3270 2842 hac,
3319 2786 3429 2831 tum
3481 2775 3532 2829 in
3588 2790 3686 2830 se-

418 2873 606 2940 quenti
633 2872 856 2926 homilia
887 2883 1282 2938 memorantur,
1320 2873 1375 2926 in
1408 2871 1530 2927 Vita
1559 2871 1936 2946 Chrysostomi
1967 2873 2036 2929 ad
2073 2874 2280 2930 calcem
2316 2871 2556 2943 Operum
2598 2873 2912 2929 adornanda
2955 2872 3310 2943 disquiretur.

399 3015 404 3020 .
494 2962 586 3017 Die
609 2964 924 3033 insequente
948 2973 1068 3032 post
1091 2963 1330 3018 habitam
1364 2963 1654 3020 Homiliam
1689 2967 1744 3024 in
1772 2967 1904 3020 illud
1925 3006 1940 3032 ,
1978 2965 2180 3020 Paulus
2212 2976 2386 3020 autem
2419 2966 2590 3021 adhuc
2612 2967 2824 3035 spirans
2854 2967 3152 3028 minarum,
3195 2974 3327 3028 etc.,
3366 2965 3508 3019 illam
3535 2980 3687 3020 con-

417 3059 632 3114 cionem
661 3059 872 3125 habuit,
905 3075 1026 3130 quae
1050 3061 1370 3116 inscribitur
1398 3060 1475 3116 De
1503 3064 1775 3116 nominum
1805 3064 2118 3117 mutatione.
2151 3062 2306 3130 Quod
2351 3073 2736 3132 argumentum
2765 3063 2853 3118 ille
2883 3063 2936 3117 in
2966 3063 3074 3118 line
3101 3061 3452 3132 praecedentis
3487 3062 3683 3116 homi-

417 3153 505 3209 lie
535 3164 792 3226 coeperat,
819 3156 923 3209 hac
947 3155 1226 3224 proposita
1256 3157 1578 3226 quastione.
1613 3173 1711 3212 cur
1759 3155 1949 3223 Paulo,
2010 3173 2111 3212 cur
2146 3157 2329 3223 Petro,
2371 3173 2472 3213 cur
2515 3158 2639 3212 aliis
2671 3159 2726 3212 in
2772 3155 2954 3214 Veteri
3004 3156 3350 3212 Testamento
3395 3162 3681 3208 mutatum

419 3264 617 3305 nomen
647 3250 830 3304 fuerit.
861 3251 917 3305 ld
953 3251 1099 3305 enim
1134 3251 1251 3320 ipse
1280 3259 1466 3306 narrat
1497 3267 1650 3306 num.
1677 3251 1734 3307 2.
1765 3250 1950 3322 Neque
1981 3255 2143 3318 enim,
2174 3253 2270 3317 ait,
2308 3253 2372 3306 de
2401 3253 2552 3306 rebus
2580 3251 2876 3307 trivialibus
2908 3251 3252 3322 quteslionem
3291 3248 3536 3302 habemus
3575 3247 3685 3301 ho-

418 3324 638 3407 die,.sed
668 3342 732 3394 de
764 3357 838 3407 re,
868 3356 983 3407 quae
1009 3343 1160 3411 erepit
1189 3342 1400 3412 quidem
1434 3344 1672 3398 hesterno
1703 3345 1786 3398 die
1809 3346 2051 3414 proponi,
2086 3361 2190 3398 non
2229 3345 2400 3414 potuit
2431 3353 2608 3398 autem
2645 3343 2842 3398 solutio
2879 3342 3184 3413 qumtionis
3222 3339 3425 3407 afferri,
3456 3345 3686 3407 propter

418 3451 599 3489 eorum
629 3413 1040 3500 multiludinem,
1070 3452 1186 3505 qua:
1209 3435 1421 3504 fuerant
1451 3437 1508 3488 in
1532 3437 1763 3492 medium.
1788 3413 2021 3506 prolata.
2055 3436 2200 3510 Quid
2226 3413 2360 3490 illud
2379 3452 2537 3505 porro
2557 3436 2678 3490 est?
2701 3435 2778 3488 De
2797 3436 3068 3488 nominum
3090 3433 3419 3501 impositiene
3445 3430 3684 3517 questio

420 3534 556 3591 erat,
581 3541 698 3594 qua:
739 3523 875 3580 Deus
906 3527 1109 3580 sanctis
1134 3528 1410 3596 imposuit.
1442 3527 1511 3582 Et
1543 3529 1870 3598 quibusdam
1898 3529 2236 3600 interpositis
2262 3547 2274 3582 :
2301 3527 2465 3583 Pauli
2492 3527 2752 3597 praclara
2782 3527 3026 3597 facinora
3056 3541 3280 3579 narrare
3303 3525 3678 3594 cupiebamats,

412 3619 628 3691 jamque
655 3619 888 3673 historia
921 3623 1264 3692 attigeramus
1301 3623 1623 3688 exordium;
1658 3634 1709 3677 et
1757 3625 1838 3680 his
1887 3625 2054 3682 verbis
2109 3633 2412 3694 conceptum
2467 3624 2681 3678 initium
2735 3623 3064 3682 narrationis
3094 3622 3426 3676 invenimus:
3467 3617 3687 3673 Saulus

3231 3843 3675 3855 ————_—————-

487 3850 500 3853 _
521 3847 918 3854 ____.__________.___,.
935 3847 1176 3853 ___K,___.
1221 3850 1236 3853 η,
1253 3850 1344 3856 ,,,,,,
1361 3851 1482 3857 ______
1539 3850 1606 3856 -_._
1623 3851 1630 3854 .
1707 3853 1728 3856 ,ν
1795 3854 1820 3858 __
1847 3854 1872 3857 __
1891 3853 1926 3857 --
1949 3849 2454 3858 __.-_-.___-—..-———o-—.
2487 3850 2493 3857 ε
2517 3849 2556 3855 ~—-
2574 3850 2584 3854 —

419 4201 634 4274 [97'98]
671 4205 1186 4272 Ἀναγνωσθείσης
1215 4201 1542 4271 περικοπῆς
1562 4243 1575 4265 ,
1614 4221 1632 4251 ι
1675 4201 1912 4266 Σαῦλος
1936 4199 2004 4252 δὲ
2036 4200 2124 4254 ἔτι
2152 4197 2426 4268 ἐμπνέων
2452 4196 2714 4265 ἀπειλῆς
2747 4195 2846 4249 καὶ
2879 4194 3093 4264 φόνου.
3137 4212 3154 4245 ι
3195 4192 3436 4247 πάντων
3473 4205 3679 4260 προσ-

466 4293 778 4346 δοκώντων
815 4295 902 4358 εἰς
943 4291 1058 4360 τὴν
1106 4291 1304 4360 ἀρχὴν
1356 4291 1462 4345 τοῦ
1496 4295 1543 4345 0'
1586 4290 1706 4345 τῶν
1749 4290 2036 4359 Πράξεων
2084 4290 2200 4353 τὴν
2233 4291 2476 4359 ὁμιλίαν
2512 4289 2958 4359 λεχθήσεσθαι,
2987 4287 3078 4341 ὅτι
3108 4285 3504 4352 ἀναστάσεως
3525 4287 3696 4342 ἀπό-

469 4389 654 4456 δειξις
683 4391 719 4457 ἡ
746 4390 988 4442 Παύλου
1020 4386 1261 4455 κλῆσις.

465 4771 535 4825 α’.
574 4765 719 4840 τΑροι
753 4767 927 4822 ταῦτα
958 4768 1208 4838 φορητά;
1237 4765 1346 4838 ἆρα
1375 4767 1549 4821 ταῦτα
1577 4771 1812 4839 aven-toi;
1851 4769 1992 4823 Καθ’
2091 4787 2224 4834 πος·
2255 4769 2440 4822 ἁλλέῑ
2457 4785 2542 4831 τις
2578 4768 2758 4838 ψυχὴν
2803 4765 3118 4838 ἀνθρώπου,
3155 4768 3251 4820 καὶ
3289 4765 3533 4820 διάθεσιν
3570 4766 3700 4838 ἔχει

395 4857 633 4926 ἑκάστην
667 4853 882 4925 ἡμέραν
903 4854 1034 4924 ἡμῖν
1068 4854 1102 4922 ὴ
1137 4849 1359 4916 σύναξις
1391 4854 1527 4924 πρὸς
1548 4854 1612 4905 τὸ
1647 4852 1866 4906 ἔλαττον
1898 4871 1994 4906 συο
2090 4853 2289 4922 ψυχῆς.
2320 4851 2514 4922 Ψυχῆς
2541 4849 2598 4902 δὲ
2615 4850 2962 4920 ἀνθρωπίνης
2998 4849 3150 4903 οὐδὲν
3187 4849 3332 4902 οὕτω
3361 4850 3702 4919 τεκμήριον,

396 4942 670 4995 στέλλεται
692 4957 706 4969 '
735 4941 830 4992 καὶ
867 4939 1039 5008 μεστὴ
1076 4937 1172 5008 μὲν
1201 4939 1235 5008 ἡ
1285 4937 1439 5002 πόλις
1485 4936 1820 5007 ἀνθρώπων,
1863 4939 1993 5010 κενὴ
2094 4937 2170 5000 ὡς
2205 4936 2312 4990 τῶν
2351 4935 2511 4989 Θείων
2556 4935 2687 5005 ὲρᾷν
2717 4934 2943 5003 λογίων’
2981 4933 3173 5005 ῶσπερ
3200 4933 3357 4987 οὐδὲν
3383 4933 3526 4986 οὕτω
3550 4951 3704 5004 κτη-

395 5027 452 5078 δὲ
483 5025 516 5092 ἡ
544 5021 807 5090 ἐκκλησία
856 5020 1158 5091 ἀνθρώπων
1179 5035 1193 5048 ·
1218 5021 1393 5091 μεστὴ
1427 5020 1527 5090 μὲν
1570 5021 1603 5090 ὴ
1654 5019 1852 5090 ἀγορὰ,
1897 5023 1995 5076 καὶ
2096 5018 2295 5083 νώδους
2325 5019 2420 5072 καὶ⁵
2444 5017 2640 5086 ἀλόγου
2661 5018 2841 5088 ψυχῆς
2858 5019 3062 5088 δεῖγμα
3089 5018 3184 5071 καὶ
3212 5019 3461 5086 σημεῖον,
3481 5017 3554 5078 ὡς
3578 5017 3707 5070 τῶν

397 5108 623 5178 οὲατρα.
658 5105 752 5156 καὶ
787 5104 1090 5172 περίπατος
1110 5121 1123 5134 ·
1156 5102 1364 5173 ἕρημος
1389 5101 1446 5154 δὲ.
1469 5102 1498 5152 ὁ
1519 5101 1613 5154 τοῦ
1649 5101 1788 5154 Θεοῦ
1810 5098 1979 5165 οἶκος·
2095 5101 2256 5155 θείων
2304 5103 2582 5172 ὑπερορᾷν
2607 5101 2830 5170 λογίων.
2860 5101 3048 5154 Βούλει
3093 5099 3316 5171 μαθεῖν,
3347 5100 3432 5152 ὅτι
3456 5100 3506 5152 οἱ
3536 5098 3706 5162 θείας

399 5191 598 5260 μᾶλλον
621 5187 697 5250 δὲ,
729 5188 778 5238 εί
808 5187 913 5257 χρὴ
933 5187 1164 5258 τάληθὲς
1196 5187 1390 5250 εἰπεῖν,
1414 5185 1620 5256 ἔρημος
1647 5185 1799 5256 μὲνὴ
1829 5185 1984 5250 πόλις
2091 5187 2409 5258 ἀκροάσεως
2444 5185 2844 5257 ὑπερορῶντες,
2889 5187 2982 5238 καὶ
3020 5185 3082 5239 τὸ
3115 5181 3254 5238 εἶναι
3292 5184 3572 5255 ἄνθρωποι
3605 5183 3706 5237 διὰ

395 5273 722 5345 ἀνθρώπων,
746 5272 917 5339 μεστὴ
949 5270 1005 5322 δὲ
1028 5272 1062 5340 ἡ
1097 5269 1362 5339 ἐκκλησία
1386 5267 1709 5339 ἀνθρώπων.
1750 5268 1983 5340 ’Λνθρὼ-
2091 5272 2189 5340 τῆς
2232 5267 2531 5338 ὑπεροψίας
2567 5268 2774 5340 ταύτης
2821 5268 3132 5330 ἀπώλεσαν,
3156 5267 3250 5320 καὶ
3277 5269 3377 5337 τῆς
3409 5265 3706 5334 εὐγενείας

398 5375 532 5420 πους
574 5355 684 5426 γὰρ
735 5355 797 5406 οὐ
829 5354 956 5416 τοὺς
991 5354 1084 5406 ἐπὶ
1111 5355 1210 5424 τῆς
1238 5353 1443 5424 ἀγορᾶς
1473 5351 1554 5404 δεῖ
1591 5351 1778 5404 καλεῖν
1798 5393 1813 5414 ,
1854 5353 1989 5406 ἀλλὰ
2089 5353 2260 5423 αὐτῆς
2290 5352 2557 5416 ἐξέπεσαν
2581 5370 2595 5418 ;
2619 5353 2736 5404 Οὐκ
2757 5353 2890 5422 ἐμὸν
2915 5353 3043 5420 ὑμῖν
3074 5351 3184 5422 ἐρῶ
3210 5347 3546 5419 λόγον,,ἀλλὰ
3561 5365 3706 5419 προ-

396 5443 524 5503 coit;
549 5439 640 5493 ἐπὶ
665 5441 764 5508 τῆς
790 5436 1087 5508 ἐκκλησίας
1114 5437 1259 5507 ὑμᾶς
1277 5455 1289 5468 ο
1321 5437 1424 5489 οὐκ
1465 5436 1705 5498 ἐκείνους
1735 5435 1862 5498 τοὺς
1895 5437 1990 5506 ῥᾳ-
2089 5437 2324 5506 φητικὴν
2347 5435 2457 5506 ὲρῶ
2486 5435 2643 5506 ῥῆσιν
2664 5475 2678 5497 ,
2711 5435 2808 5506 τὴν
2842 5434 2981 5506 ἐμὴν
3010 5432 3237 5504 γνώμην
3288 5432 3592 5505 κυροῦσαν,
3630 5433 3708 5486 ἶν’

399 5522 732 5594 θυμοῦντας,
769 5520 882 5572 ἀλλ’
918 5521 1061 5588 ὑμᾶς
1090 5521 1218 5583 τοὺς
1253 5517 1684 5583 σπουδάζοντας·
1713 5519 1814 5571 οὐκ
1839 5519 1984 5571 ὲκεί-
2094 5518 2238 5587 ἴδητε
2270 5520 2352 5571 ὅτι
2396 5519 2575 5586 λόγων
2609 5519 2708 5571 οὐκ
2734 5518 2970 5589 ἐρῶντες
3003 5517 3414 5588 πνευματικῶν,
3437 5516 3557 5569 οὐδὲ
3595 5517 3707 5570 ἄν-

399 5626 524 5671 νους
546 5608 672 5668 τοὺς
694 5603 907 5674 περὶτὰ
944 5603 1168 5672 βιωτικά
1196 5602 1652 5674 κεχηνότας,ἀλλ’
1689 5603 1830 5672 ὑμᾶς
1858 5602 1984 5665 τοὺς
2093 5602 2301 5672 θρωποι
2355 5595 2493 5654 εἶναι
2539 5601 2794 5654 δύνανται
2824 5619 2836 5630 ·
2870 5602 2956 5654 ἵνα
2999 5601 3148 5672 ἴδητε
3185 5602 3268 5654 ὅτι
3315 5599 3524 5672 ἕρημος
3554 5601 3706 5669 ἡμῖν

400 5692 473 5744 τὰ
499 5689 843 5760 πνευματικὰ
873 5688 982 5740 τῶν
1014 5687 1282 5757 βιωτικῶν
1305 5685 1712 5758 προτιμῶντας.
1745 5686 1820 5738 Οὐ
1850 5685 1978 5755 γὰρ,
2093 5686 2240 5737 ἐστιν
2276 5686 2308 5754 ἡ
2357 5685 2510 5748 πόλις
2567 5683 2893 5756 ἀνθρώπων.
2929 5686 2986 5738 Ὀ
3012 5685 3122 5757 γὰρ
3168 5685 3704 5756 μεγαλοφωνότατος

403 5776 454 5828 εί
474 5792 556 5836 τις
585 5774 743 5845 σῶμα
781 5770 1066 5843 ἀνθρώπου
1099 5773 1192 5825 καὶ
1221 5771 1405 5841 φωνὴν
1440 5769 1574 5838 ἔχει,
1593 5764 1745 5832 οὗτος
1770 5768 1981 5839 ἄνδρων
2103 5768 2344 5837 Ἡσαΐας,
2393 5771 2422 5823 ὁ
2454 5771 2562 5823 τῶν
2593 5768 2914 5840 παραδόξων
2942 5769 3120 5842 ὄψεων
3165 5770 3368 5843 θεωρὸς
3387 5811 3401 5839 ,
3425 5772 3454 5823 ὁ
3479 5768 3548 5822 τὰ
3593 5784 3695 5825 σε·
