3964 6342
308 253 417 307 HS
776 254 844 307 IN
884 253 1112 319 ILLUD,
1158 252 1433 311 SAULUS
1469 255 1701 314 ADHUC
1743 255 2057 312 SPIBANS.
2095 257 2183 311 DE
2220 257 2621 315 MUTA'IIONE
2675 255 3013 312 NOMINUM.
3054 256 3091 309 I.
3447 257 3545 310 ill

1102 784 1197 843 ET
1238 784 1319 844 IN
1356 783 1728 855 RELIQUAS
1769 782 1865 843 DE
1906 783 2344 846 MUTATIONE
2380 785 2753 848 NOMINUM.

305 1067 494 1113 autem
526 1058 704 1113 adhuc
733 1058 950 1128 spirans
968 1054 1143 1110 minas
1172 1065 1228 1112 et
1249 1056 1449 1111 eaedem
1481 1056 1535 1109 in
1558 1056 1853 1127 discipulos
1884 1057 2121 1113 Domini.
2155 1057 2417 1113 Continuo
2455 1059 2687 1115 turbauit
2717 1077 2811 1115 nos
2862 1061 3163 1116 immutatio
3193 1066 3419 1120 nominis
3440 1109 3454 1132 ,
3494 1075 3547 1122 et

302 1162 504 1207 caetera
536 1155 602 1209 de
630 1152 913 1207 nominum
941 1150 1262 1218 mutatione,
1285 1164 1406 1221 qua:
1437 1151 1688 1221 pluribus
1718 1152 1810 1207 ille
1842 1154 2226 1221 prosequitur;
2265 1153 2338 1206 ita
2368 1161 2428 1207 ut
2456 1152 2573 1207 haec
2606 1153 2828 1209 homilia
2858 1155 2931 1210 sit
2961 1170 3057 1210 ceu
3090 1157 3543 1227 complementum

304 1246 689 1314 praecedentis.

378 1363 529 1420 Hanc
572 1364 853 1418 homiliam
896 1373 1115 1421 secutus
1162 1373 1246 1420 est
1298 1380 1482 1421 sermo
1530 1365 1639 1428 ille,
1672 1366 1765 1435 qui
1795 1373 1919 1436 post
1960 1365 2224 1421 Homilias
2276 1366 2331 1420 in
2380 1363 2633 1421 Genesim
2674 1380 2854 1421 nonus
2897 1373 3255 1420 numeratur:
3294 1364 3384 1419 ubi
3426 1365 3547 1419 dua:

299 1456 429 1521 illae,
455 1456 525 1510 de
552 1456 752 1527 quibus
778 1456 1004 1527 jamjam
1033 1458 1267 1528 egimus,
1303 1458 1540 1513 homilias
1571 1460 1774 1514 diserte
1813 1466 2209 1523 memorantur,
2239 1466 2294 1513 et
2334 1459 2402 1513 de
2441 1459 2746 1514 mutatione
2790 1440 3031 1513 nominis
3074 1456 3326 1522 Abrahae,
3371 1456 3546 1526 deque

298 1548 540 1603 aliorum
566 1550 850 1604 nominum
885 1553 1250 1621 propriorum,
1278 1569 1400 1623 qua:
1429 1554 1483 1607 in
1511 1552 1694 1609 Veteri
1747 1553 2098 1609 Testamento
2130 1563 2278 1619 sunt,
2309 1554 2705 1625 signiﬁcatione
2750 1562 3034 1609 tractatur.
3073 1554 3135 1607 In
3168 1553 3272 1608 hoc
3294 1566 3544 1608 sermone

298 1640 529 1709 perinde
566 1652 730 1712 atque
766 1644 817 1697 in
852 1645 1285 1714 praecedentibus
1334 1647 1595 1712 homiliis,
1632 1648 1791 1719 longo
1825 1648 2093 1717 prooemio
2122 1663 2257 1703 usus
2299 1658 2383 1704 est
2417 1649 2861 1719 Chrysostomus.
2895 1647 3033 1703 Hinc
3076 1647 3313 1718 querela:
3354 1645 3537 1717 pepuli

296 1738 648 1805 Antiocheni,
679 1740 808 1795 hinc
838 1742 1291 1810 reprehensiones
1324 1743 1377 1797 in
1407 1741 1881 1814 Chrysostomum,
1910 1745 1980 1798 ob
2021 1745 2247 1798 nimiam
2293 1760 2488 1815 nempe
2523 1746 2908 1815 prommiorum
2950 1745 3335 1814 prolixitatem.
3373 1741 3546 1812 Cujus

295 1828 662 1896 querimoniae
689 1831 977 1885 occasione
1007 1833 1197 1900 paucis
1234 1832 1435 1902 elapsis
1453 1832 1646 1889 diebus
1675 1833 1821 1888 illam
1850 1834 1918 1889 de
1964 1832 2204 1889 ferendis
2247 1834 2766 1904 reprehensionibus
2811 1835 3093 1891 homiliam
3141 1835 3349 1900 habuit,
3380 1848 3543 1904 quam

298 1937 403 1979 nos
426 1923 483 1977 in
517 1924 659 1979 serie
692 1923 1053 1980 Homiliarum
1085 1929 1153 1983 de
1180 1929 1463 1983 nominum
1492 1929 1796 1984 mutatione
1820 1930 2111 1999 ponimus;
2139 1930 2269 1999 quia
2295 1930 2433 2000 ipsa,
2462 1929 2589 1983 licet
2619 1929 2672 1983 in
2700 1932 2853 2000 prius
2874 1930 3032 1989 editis
3057 1929 3317 1985 distracta
3344 1936 3399 1983 et
3420 1941 3546 1996 pro-

294 2017 392 2073 cul
413 2018 486 2073 ab
510 2018 635 2073 aliis
670 2019 867 2087 posita,
899 2036 1021 2076 sese
1052 2023 1232 2092 prodit
1262 2025 1364 2078 hoc
1396 2023 1587 2078 ordine
1619 2024 1923 2094 ponendam
1961 2039 2104 2090 esse,
2151 2040 2303 2079 num.
2337 2026 2396 2086 '5.
2442 2024 2527 2079 his
2555 2024 2776 2079 verbis:
2828 2021 3106 2083 DeJ’aulo
3154 2032 3329 2076 autem
3375 2036 3545 2074 sermo

297 2108 455 2164 nobis
478 2126 641 2180 nuper
668 2120 804 2178 erat,
834 2116 1044 2183 quando
1087 2112 1151 2167 de
1187 2114 1487 2169 nominibus
1532 2115 1936 2183 disserebamus,
1974 2116 2436 2187 quarebamusque
2484 2132 2596 2170 cur)
2626 2117 2927 2186 aliquando;
2957 2113 3174 2179 Saulus,
3208 2122 3389 2185 postea
3427 2127 3546 2165 vero

301 2203 512 2259 Paulus
540 2216 752 2262 uocatus
784 2208 965 2278 fuerit.
999 2208 1133 2264 Inde
1163 2228 1278 2265 vero
1320 2213 1544 2281 digressi
1575 2229 1755 2283 sumus
1802 2212 1870 2265 ad
1918 2222 2141 2266 ueterem
2186 2212 2486 2279 historiam,
2536 2229 2813 2283 omnesque
2862 2213 2953 2281 qui
3000 2211 3217 2265 nomina
3258 2209 3547 2262 habuerant

298 2302 742 2358 examinavimus.
769 2303 948 2375 Pergit
979 2307 1141 2360 etiam
1171 2307 1225 2360 in
1255 2309 1355 2362 hac
1382 2307 1667 2371 concione,
1708 2323 1773 2361 ac
1805 2307 2055 2376 disquirit
2091 2322 2190 2362 cur
2232 2305 2404 2361 Paulo
2430 2322 2625 2361 nomen
2651 2315 2920 2366 mutatum
2949 2306 3043 2369 sit,
3074 2313 3127 2360 et
3158 2319 3257 2359 cur
3302 2316 3409 2390 non
3434 2308 3548 2354 sta-

298 2395 397 2449 tim
432 2395 505 2450 ab
531 2397 650 2465 ejus
682 2399 1060 2467 conversione,
1099 2401 1192 2455 sed
1217 2417 1324 2455 non
1360 2402 1572 2456 modico
1594 2411 1717 2471 post
1749 2402 1895 2456 illam
1929 2412 2169 2472 tempore
2202 2402 2283 2456 sit
2307 2410 2598 2455 mutatum.

372 2509 530 2567 Hanc
577 2512 857 2583 aliquanto
901 2515 1218 2585 interposito
1251 2524 1493 2587 tempore
1543 2520 1755 2588 excepit
1807 2518 2039 2573 Homilia
2090 2520 2143 2572 in
2201 2517 2354 2581 illud,
2406 2515 2609 2571 Paulus
2656 2526 2891 2582 vocatus,
2924 2517 2975 2571 in
3011 2517 3165 2585 cujus
3203 2514 3383 2569 medio
3404 2513 3546 2569 idem

299 2608 484 2678 ipsum
525 2612 700 2681 tangit
730 2624 1135 2681 argumentum,
1164 2625 1217 2669 et
1246 2627 1355 2671 tres
1391 2618 1603 2687 priores
1636 2620 1889 2674 homilias
1913 2627 2325 2683 commemorat,
2353 2617 2440 2673 his
2461 2617 2644 2671 verbis
2678 2635 2690 2671 :
2727 2614 2869 2668 Num
2890 2655 2906 2680 ,
2942 2614 2989 2667 si
3029 2605 3399 2671 recordamini,
3437 2614 3544 2657 tres

298 2702 531 2773 integros
553 2706 664 2759 dies
688 2709 751 2760 de
779 2707 890 2761 solo
914 2709 1009 2761 hoc
1042 2710 1248 2763 nomine
1276 2710 1588 2765 disseruisse
1620 2729 1700 2766 me
1732 2714 1900 2780 scitis,
1927 2714 2053 2779 dum
2075 2729 2263 2768 causas
2298 2713 2559 2782 aﬂ‘errem,
2580 2712 2799 2781 ob-quas
2816 2726 2935 2763 cum
2962 2705 3155 2763 Saulus
3185 2714 3307 2757 aute
3336 2714 3549 2754 uocare-

302 2807 412 2865 tur,
433 2799 639 2855 Paulus
666 2804 851 2858 deinde
874 2817 1088 2859 vocatus
1118 2817 1216 2873 est,
1241 2818 1290 2861 et
1317 2812 1655 2878 quamobrem
1682 2827 1782 2864 non
1812 2813 1996 2865 statim
2028 2813 2096 2864 ad
2125 2812 2283 2881 ﬁdem
2313 2827 2586 2865 conversus
2618 2810 2754 2862 hanc
2779 2806 3183 2878 appellationem
3204 2799 3423 2868 accepit,
3454 2795 3547 2850 sed

301 2890 372 2945 ad
400 2891 630 2948 multum
662 2904 863 2967 tempus
900 2915 1087 2953 nomen
1116 2903 1356 2968 retinuit,
1386 2904 1522 2973 quod
1552 2903 1635 2957 illi
1660 2915 1902 2971 parentes
1931 2890 2334 2974 imposuerant?
2356 2901 2567 2970 Quibus
2600 2911 2710 2956 tres
2743 2901 2905 2954 hasce
2927 2898 3140 2968 priores
3168 2894 3235 2948 de
3265 2891 3548 2946 nominum

302 2986 613 3042 mutatione
653 2989 910 3047 homilias
953 2993 1027 3047 ita
1068 2995 1271 3050 diserte
1311 3007 1732 3060 commemorat,
1780 3006 1841 3052 ut
1878 2999 2027 3053 nulla
2069 2998 2308 3068 supersit
2346 2976 2636 3052 adversum
2678 2989 2991 3063 suspicandi
3030 3002 3216 3043 causa.
3258 2983 3354 3037 Hae
3385 2994 3549 3052 porro

301 3085 541 3146 quatuor
568 3080 807 3137 homilias
838 3083 893 3137 in
924 3086 1077 3154 prius
1104 3088 1262 3142 editis
1296 3088 1496 3143 misere
1541 3088 1840 3155 distractae,
1882 3097 1956 3156 et,
1992 3098 2068 3159 ut
2097 3074 2415 3153 ita'dicam,
2459 3087 2733 3156 dissipatas
2763 3094 2936 3149 erant,
2967 3090 3026 3135 ut
3058 3094 3164 3135 non
3210 3076 3317 3131 nisi
3345 3073 3551 3144 ingenti

301 3172 492 3226 labore
521 3185 710 3242 posset
734 3191 921 3231 earum
955 3179 1126 3234 series
1156 3180 1474 3248 internosci,
1504 3183 1965 3252 quemadmodum
1999 3191 2048 3237 et
2078 3181 2446 3249 praecedentes
2472 3180 2592 3233 alia).
2614 3186 2849 3248 quatuor
2874 3177 2931 3232 in
2956 3174 3214 3230 Actorum
3240 3166 3552 3237 inscriptio-

302 3278 460 3330 nem;
493 3276 701 3335 quanto
726 3279 907 3323 autem
947 3270 999 3324 id
1023 3271 1288 3327 lectorum
1323 3275 1607 3345 dispendio
1634 3276 1912 3340 acciderit,
1955 3284 2158 3329 norunt
2186 3274 2243 3339 ii,
2270 3274 2364 3345 qui
2402 3274 2483 3328 vel
2518 3271 2848 3343 primoribus
2876 3268 3045 3323 labris
3079 3280 3191 3321 rem
3218 3258 3551 3319 ecclesiasti-

301 3372 427 3411 cam
454 3357 775 3414 litterariam
807 3362 1123 3433 attigerunt.
1511 3392 1537 3417 ι

378 3468 599 3539 Prima,
631 3475 886 3531 secundas
914 3485 970 3533 et
999 3484 1207 3548 quartae
1241 3478 1479 3533 homilias
1508 3480 1883 3548 interpretatio
1920 3480 2109 3535 Latina
2142 3489 2223 3534 est
2255 3480 2548 3536 Front0nis
2580 3480 2783 3545 Ducaei,
2813 3477 2986 3534 tertiae
3019 3488 3141 3530 vero
3175 3471 3414 3527 homilias
3451 3486 3552 3526 no-

302 3579 428 3620 vam
460 3569 796 3637 paravimus,
829 3572 955 3641 quia
986 3581 1142 3630 vetus
1174 3573 1275 3632 illa.
1293 3573 1495 3635 incerti
1520 3576 1696 3635 versio
1728 3589 1852 3637 non,
1868 3580 2125 3632 accurata
2156 3582 2295 3626 erat.

355 3759 2289 3785 ______.___________________________r______________h

271 3992 401 4033 CUM
449 3992 682 4036 LECTUS
728 3995 919 4038 ESSET
962 3997 1103 4040 ILLB
1147 4000 1393 4052 TEXTUS
1424 4029 1439 4055 ,
1472 4002 1702 4046 SAULUS
1753 4007 1967 4050 AUTEM
2000 4006 2211 4049 ADHUC
2257 4005 2512 4049 SPIBANS
2556 4002 2747 4047 MINAS
2789 4003 2879 4044 ΕΤ»
2923 3998 3187 4051 ΟΕΒΕΗ,
3232 3995 3364 4039 CUM
3426 3994 3551 4036 EX-

347 4094 753 4138 SPECTARENT
794 4096 1002 4142 OMNES
1047 4100 1367 4149 HOMILIAM
1412 4103 1477 4144 IN
1520 4102 1889 4148 PRINCIPIUM
1932 4107 2069 4149 CAP.
2116 4089 2154 4147 9
2201 4106 2494 4149 ACTORUM
2540 4101 2913 4155 HABENDAM,
2960 4099 3041 4140 ET
3082 4096 3251 4149 QUOD
3296 4093 3541 4138 RESUB—

348 4194 683 4239 RECTIONIS
716 4198 1206 4249 DEMONSTRATIO
1250 4201 1348 4244 SIT
1392 4202 1575 4244 PAULI
1622 4204 1913 4248 VOCATIO.

1845 4310 2001 4364 @0539

2007 4330 2239 4339 —_——..

340 4423 393 4474 l.
429 4420 676 4474 Homines
712 4438 812 4475 non
836 4431 989 4486 sunt,
1017 4422 1103 4489 qui
1133 4422 1229 4477 Dei
1266 4424 1465 4478 verbum
1506 4438 1764 4496 spernunt.
1789 4459 1859 4469 ——

268 4514 518 4568 ll;eccinc
547 4522 668 4567 sunt
701 4512 915 4568 ferenda
934 4513 1212 4568 ?'h:eceine
1248 4524 1371 4569 sunt
1397 4518 1709 4572 toleranda?
1733 4519 1856 4574 Siu-

266 4606 402 4673 gulis
431 4604 620 4659 diebus
662 4620 847 4660 eorum
893 4620 1147 4660 numerus
1190 4607 1343 4662 nobis
1383 4609 1734 4676 imminuitur,
1767 4613 1857 4681 qui

265 4696 507 4750 collectis
534 4695 836 4751 intersunt:
859 4705 914 4751 et
944 4697 1097 4764 plena
1120 4697 1336 4766 quidem
1365 4708 1444 4752 est
1471 4701 1743 4755 hominum
1780 4702 1855 4755 ci-

266 4789 437 4854 vitas,
494 4797 549 4841 at
598 4789 822 4843 ecclesia
880 4799 975 4841 est,
1016 4788 1321 4844 hominibus
1369 4806 1530 4845 vacua
1578 4810 1589 4845 :
1641 4793 1853 4862 plenum

263 4882 480 4950 quidem
532 4889 614 4936 est
670 4882 864 4947 forum,
905 4890 959 4935 et
1003 4882 1235 4947 theatra,
1264 4892 1319 4937 et
1360 4883 1631 4952 porticus:
1664 4884 1855 4939 dooms

264 4986 440 5028 autem
497 4974 589 5027 Dci
647 4974 857 5028 deserta
916 4982 1035 5028 est:
1069 4976 1177 5029 imo
1228 4990 1387 5040 vero,
1437 4975 1480 5029 si
1533 4992 1716 5030 verum
1768 4977 1853 5030 di-

262 5068 492 5122 cendum
551 5076 671 5130 est,
724 5066 976 5121 destituta
1026 5076 1110 5121 est
1168 5068 1473 5121 hominibus
1525 5069 1749 5135 civitas,
1802 5077 1855 5123 et

263 5160 417 5228 picum
459 5157 733 5212 hominum
780 5169 861 5213 est
900 5159 1144 5213 ecclesia.
1172 5159 1442 5229 Siquidem
1472 5159 1715 5215 homines
1757 5177 1855 5230 ap.

265 5252 497 5321 pcllandi
526 5259 685 5317 sunt,
710 5268 816 5307 non
848 5252 935 5322 qui
965 5253 1016 5306 in
1048 5253 1166 5306 foro
1188 5295 1203 5319 ,
1234 5253 1329 5307 sed
1355 5269 1448 5307 vos
1475 5254 1561 5323 qui
1597 5255 1646 5307 in
1678 5254 1853 5310 eccle-

263 5349 338 5399 sia
368 5344 663 5400 versamini
691 5363 705 5400 :
734 5359 840 5399 non
872 5345 949 5399 illi
975 5345 1229 5400 socordes
1249 5387 1263 5411 ,
1296 5345 1389 5399 sed
1412 5359 1509 5399 vos
1535 5345 1851 5415 diligentes:

261 5453 364 5491 non
394 5437 493 5501 illi,
522 5436 613 5507 qui
641 5452 729 5491 res
756 5436 1040 5491 saeculares
1066 5437 1132 5490 ad
1157 5447 1431 5505 stuporem
1463 5452 1632 5508 usque
1656 5438 1855 5491 miran-

260 5539 366 5594 tur,
416 5528 514 5585 sed
562 5545 658 5585 vos
708 5529 796 5600 qui
838 5529 1135 5599 spiritualia
1181 5531 1444 5599 praelertis
1486 5530 1848 5585 smcularibus.

261 5619 370 5673 Non
411 5621 554 5675 enim
602 5619 645 5673 si
688 5620 807 5689 quis
836 5619 1069 5674 hominis
1094 5635 1289 5689 corpus
1322 5636 1385 5674 ac
1415 5636 1600 5675 vocem
1640 5620 1848 5685 habeat,

263 5712 459 5769 idcirco
501 5719 585 5769 est
630 5712 790 5768 homo
823 5729 835 5767 :
867 5710 962 5768 sed
1009 5714 1052 5769 si
1097 5712 1215 5782 quis
1263 5710 1495 5769 hominis
1540 5712 1854 5769 animamet

1967 4426 2307 4481 allectioncm
2351 4423 2544 4479 animae
2587 4418 2801 4475 habeat.
2844 4418 3013 4473 Porro
3066 4417 3312 4472 humana:
3361 4416 3550 4469 anima:

1967 4518 2074 4572 tale
2102 4516 2304 4571 nullum
2325 4512 2706 4583 estjudicium,
2732 4525 2893 4581 quam
2918 4510 2962 4563 si
2986 4509 3290 4564 divinorum
3311 4507 3552 4575 eloquio-

1965 4622 2084 4662 rum
2112 4621 2296 4660 amore
2324 4604 2548 4659 ducatur
2576 4620 2590 4656 :
2620 4599 3072 4672 quemadmodum
3102 4597 3349 4653 helluinaa
3378 4611 3441 4651 ac
3464 4611 3550 4649 ra-

1967 4697 2127 4751 tionis
2171 4696 2404 4765 expertis
2451 4694 2643 4748 animm
2681 4693 2890 4762 signum
2934 4701 2989 4745 et
3034 4696 3406 4758 argumentum
3450 4686 3555 4741 tale

1964 4791 2167 4843 nullum
2211 4798 2325 4851 est,
2365 4802 2427 4842 ac
2455 4787 2499 4839 si
2543 4784 2752 4854 eloquia
2778 4782 2956 4837 divina
2994 4786 3318 4836 contemnat.
3350 4776 3468 4831 Viu'
3497 4787 3553 4830 tu

1966 4882 2281 4950 intelligere,
2309 4894 2473 4949 quam
2494 4875 2738 4945 vere_qui
2768 4872 2932 4929 divini
2973 4872 3120 4926 verbi
3160 4868 3551 4941 expositionem

1963 4971 2147 5026 audire
2174 4970 2463 5040 negligunt,
2491 4984 2585 5038 per
2611 4966 2752 5020 hunc
2777 4972 3138 5032 contemptum
3158 4960 3405 5015 homines
3430 4974 3552 5014 esse

1962 5065 2246 5130 desinant,
2297 5073 2352 5116 et
2396 5063 2509 5131 ipsa
2540 5076 2633 5115 sua
2661 5060 2837 5113 nativa
2867 5056 3148 5111 nobilitate
3190 5068 3250 5109 se
3284 5050 3557 5124 spoliem?

1963 5146 2078 5212 Non
2108 5172 2284 5211 meum
2316 5155 2468 5209 vobis
2493 5168 2794 5209 sermonem
2824 5147 3115 5221 proferam,
3143 5146 3236 5203 sed
3270 5144 3547 5215 propheti-

1962 5265 2079 5303 cam
2110 5240 2297 5303 vocem
2326 5246 2618 5315 proferam,
2650 5261 2767 5315 qua:
2797 5240 3114 5296 sententiam
3145 5253 3320 5293 meam
3359 5237 3554 5289 conlir«

1963 5352 2075 5396 met
2094 5326 2121 5407 ,’
2159 5350 2219 5394 ut
2272 5338 2499 5392 videatis
2549 5350 2642 5391 eos
2691 5335 2781 5405 qui
2837 5330 3189 5402 Spiritualiun'i
3242 5340 3549 5382 sermonum

1961 5441 2201 5487 amantes
2233 5445 2337 5484 non
2369 5437 2529 5493 sunt;
2572 5443 2639 5482 ne
2673 5426 2918 5479 homines
2946 5421 3161 5493 quidem
3191 5433 3313 5475 esse
3354 5429 3546 5485 posse;

1961 5535 2022 5579 ut
2042 5525 2311 5579 civitatem
2336 5520 2640 5581 hominibus
2668 5518 2937 5573 desertam
2966 5513 3120 5568 nobis
3145 5526 3264 5567 esse
3296 5506 3543 5563 videatis.

1963 5614 2096 5669 Nam
2142 5613 2307 5668 Isaias
2346 5612 2434 5682 qui
2466 5610 2791 5666 sublimitate
2816 5606 2962 5662 vocis
2980 5605 3100 5659 aliis
3128 5599 3420 5661 antecellit,
3457 5595 3547 5664 qui

1967 5706 2294 5767 mirabilium
2327 5705 2533 5763 illarum
2560 5709 2827 5776 spectator
2852 5698 3119 5757 visionum
3143 5693 3238 5750 fuit
3257 5689 3397 5761 Lcui
3418 5700 3551 5743 ε⁰¹¹⁴
