3964 6342
375 266 475 319 115

368 394 580 434 cessum
609 388 711 447 cst,
742 386 800 434 ut
828 393 947 433 cum
975 375 1149 433 adhuc
1186 387 1331 434 esset
1356 393 1515 433 carne
1543 376 1907 431 circumdatus
1933 413 1949 438 ,

368 470 694 540 Seraphinos
724 469 960 533 videret,
1006 470 1101 539 qui
1142 470 1425 540 mysticum
1456 468 1603 523 illum
1632 476 1950 522 concentum

369 564 591 627 audivit,
620 564 663 616 is
692 577 813 617 cum
845 562 896 616 in
927 562 1110 616 urbem
1137 561 1441 616 Judazorum
1486 561 1819 631 metropolim
1857 559 1954 613 ho-

369 657 600 712 minibus
639 654 889 711 refertam
923 656 1194 725 ingressus
1225 664 1405 720 esset,
1435 654 1766 725 Jerosolyma
1796 653 1954 708 nimi-

366 765 508 811 rum,
524 759 683 819 atque
701 749 751 802 in
775 747 953 802 medio
975 747 1097 801 foro
1110 747 1454 810 constitisset,
1478 762 1596 801 cum
1624 756 1736 801 toto
1759 748 1961 815 populo

366 842 755 910 circumseptus
778 848 940 903 esset,
968 854 1088 892 cum
1117 838 1419 908 signiﬁcare
1448 839 1606 893 vellet
1642 853 1746 891 non
1774 837 1949 891 hemi-

365 946 491 986 nem
537 947 695 996 esse,
737 931 825 1001 qui
872 929 1221 999 propheticos
1258 945 1533 983 sermones
1578 944 1684 983 non
1712 929 1957 993 audiret,

364 1026 603 1079 clamans
636 1023 880 1089 dicebat,
917 1023 1035 1077 Veni
1058 1065 1072 1085 .
1103 1032 1149 1077 et
1180 1040 1285 1076 non
1309 1033 1415 1077 erat
1442 1024 1591 1076 homo
1618 1040 1635 1076 :
1660 1018 1829 1078 vocavi
1848 1062 1861 1085 ,
1901 1033 1949 1075 et

364 1136 468 1173 nou
500 1129 607 1172 erat
642 1120 727 1184 qui
757 1117 974 1171 obedirct
1005 1115 1158 1182 (lsai.
1190 1116 1279 1171 50.
1302 1115 1380 1188 9.).
1415 1118 1588 1186 Atque
1617 1125 1673 1169 ut
1705 1116 1804 1170 hoc
1829 1130 1950 1170 esse

364 1212 562 1265 dictum
595 1211 859 1280 intelligas
889 1226 991 1264 non
1023 1209 1092 1263 oh
1120 1210 1392 1263 raritatem
1420 1225 1605 1264 eorum
1628 1251 1642 1273 ,
1674 1209 1763 1279 qui
1790 1210 1948 1263 ades-

365 1313 509 1365 sent,
542 1319 725 1357 verum
756 1303 824 1357 ob
850 1319 1031 1357 eorum
1063 1303 1363 1358 socordiam
1393 1304 1479 1373 qui
1506 1302 1768 1368 audirent,
1799 1315 1948 1371 post-

362 1410 521 1464 quam
549 1394 720 1459 dixit,
764 1393 921 1459 Veni,
949 1404 993 1448 et
1022 1410 1121 1448 non
1161 1404 1267 1448 erat
1310 1395 1494 1460 homo,
1536 1393 1842 1463 subjunxit,
1880 1394 1948 1447 Et

363 1505 466 1542 non
491 1497 599 1541 erat
623 1487 710 1556 qui
738 1485 979 1540 obediret.
1012 1486 1195 1557 Itaque
1224 1486 1449 1539 aderant
1477 1486 1548 1539 illi
1574 1486 1787 1554 quidem
1808 1527 1822 1550 ,
1852 1486 1944 1539 sed

364 1577 559 1633 adesse
596 1592 703 1632 non
744 1577 1117 1641 censebantur,
1164 1575 1594 1646 tymndoquidem
1634 1578 1951 1646 prophetam

362 1685 473 1725 non
498 1670 782 1724 audiebant
810 1686 822 1721 :
857 1676 1132 1739 propterea
1158 1708 1173 1734 ,
1205 1666 1632 1737 quandoquidem
1674 1668 1851 1734 venit,
1893 1678 1948 1722 et

366 1780 471 1817 non
502 1774 613 1817 erat
644 1763 803 1816 homo
840 1780 853 1815 :
888 1762 1129 1827 vocavit,
1173 1770 1229 1816 et
1264 1775 1368 1815 non
1397 1770 1513 1816 erat
1550 1762 1637 1832 qui
1668 1762 1943 1830 obediret,

360 1857 653 1912 orationem
676 1855 1018 1911 adclcmcnta
1046 1856 1328 1920 convertit,
1352 1863 1405 1910 et
1422 1855 1495 1909 ait
1523 1873 1536 1909 :
1563 1855 1728 1921 Audi,
1742 1856 1941 1921 curtum,

359 1960 406 2003 et
433 1950 639 2003 auribus
668 1949 889 2018 percipe,
912 1958 1045 2001 terra
1070 1945 1178 2018 (Id.
1210 1949 1260 2001 f.
1284 1946 1365 2017 2).
1395 1947 1525 2001 Nam
1580 1948 1826 2018 equidem
1878 1949 1943 2003 ad

359 2041 623 2106 homines,
655 2040 846 2110 inquit,
880 2040 1076 2094 missus
1103 2040 1304 2093 fueram
1326 2081 1340 2102 ,
1370 2039 1435 2093 ad
1466 2039 1707 2093 homines
1738 2041 1945 2096 ratione

359 2149 422 2189 ac
472 2144 653 2189 mente
693 2133 947 2204 praeditos
982 2133 1235 2204 :qnando
1278 2144 1453 2187 autem
1496 2148 1666 2203 neque
1706 2134 1940 2199 ratione,

361 2242 535 2297 neque
579 2242 738 2282 sensu
788 2226 1007 2297 praediti.
1041 2236 1165 2281 sunt
1199 2226 1317 2290 isti,
1364 2237 1642 2298 propterea
1690 2226 1945 2282 destituta

359 2334 525 2387 sensu
551 2320 797 2389 alloquor
823 2318 1108 2384 elementa,
1139 2319 1192 2373 in
1222 2318 1691 2388 reprehensionem
1715 2334 1900 2373 eorum
1921 2361 1938 2386 ,

358 2412 449 2480 qui
478 2426 599 2466 cum
632 2410 875 2466 honorati
919 2425 1077 2465 sensu
1122 2410 1381 2474 fuissent,
1413 2419 1588 2465 tamen
1618 2409 1823 2467 honore
1851 2411 1941 2465 illo

357 2518 464 2557 non
495 2512 728 2557 utuntur.
754 2501 842 2558 Sic
868 2502 1026 2559 etiam
1055 2502 1190 2557 alter
1216 2503 1468 2574 propheta
1497 2502 1632 2558 dixit
1658 2503 1935 2559 Jeremias.

357 2594 627 2664 Siquidem
656 2595 744 2649 ille
766 2609 977 2665 quoque
1019 2595 1070 2648 in
1119 2594 1295 2651 medio
1319 2594 1623 2649 Judazorum
1653 2605 1793 2651 cmtu
1818 2610 1938 2651 cum

357 2686 610 2749 stetisset,
638 2687 688 2739 in
715 2686 901 2740 eadem
930 2685 1016 2740 illa
1048 2686 1194 2752 urbe,
1228 2687 1377 2757 quasi
1404 2687 1580 2744 nullus
1599 2688 1837 2753 adesset,
1868 2689 1938 2743 ita

354 2778 617 2835 clamabat
638 2797 651 2833 ε
676 2778 754 2835 Ad
780 2795 924 2848 quem
946 2779 1142 2850 loquar,
1168 2790 1214 2833 et
1240 2782 1553 2834 contestabor
1569 2781 1698 2852 (Jer.
1726 2782 1777 2836 ϐ.
1806 2782 1940 2853 10)?

355 2870 490 2937 Quid
518 2871 636 2924 ais?
661 2886 791 2924 cum.
813 2881 1009 2925 tantam
1040 2871 1221 2925 videas
1245 2872 1636 2931 multitudinem
1659 2916 1673 2939 ,
1703 2876 1900 2945 qumris
1918 2916 1945 2943 ,_

352 2979 510 3033 quem
534 2962 898 3033 alloquuturus
924 2965 1030 3021 sis?
1054 2965 1246 3031 Qumro
1261 2965 1527 3035 equidem,
1549 2966 1749 3035 inquit:
1775 2965 1940 3037 siqui-

352 3055 475 3111 dem
507 3055 788 3111 multitudo
812 3071 1103 3126 corporumi
1132 3066 1241 3121 est,
1269 3071 1374 3111 non
1402 3057 1675 3112 hominum
1699 3057 1933 3111 multitu-

351 3149 422 3203 do
447 3164 760 3219 :corporum
784 3157 868 3204 est
890 3149 1336 3221 multiludo,qu:c
1361 3151 1543 3209 auditu
1578 3167 1684 3207 non
1712 3152 1941 3223 pollent.

350 3240 554 3296 ltlcirco
569 3241 729 3295 etiam
759 3240 951 3311 adjecit
968 3260 979 3295 :
1001 3240 1377 3298 Incircumcistn
1387 3253 1501 3297 sunt
1516 3262 1663 3299 aures
1677 3262 1870 3309 eorum,
1889 3256 1938 3301 et

351 3331 646 3385 audirenou
661 3342 888 3402 possunt.
907 3332 1069 3387 Vides
1094 3348 1282 3389 omnes
1305 3336 1434 3390 istos
1455 3352 1522 3390 eo
1547 3336 1687 3407 quod
1707 3352 1809 3392 non
1832 3353 1932 3392 au-

351 3422 518 3485 diant,
552 3422 795 3479 homines
821 3438 925 3477 non
949 3425 1102 3479 esse?
1126 3425 1216 3481 Ille
1240 3427 1373 3483 dixit
1405 3445 1418 3481 :
1459 3426 1605 3493 Veni,
1629 3441 1675 3482 et
1706 3446 1805 3484 non
1829 3441 1935 3485 erat

351 3517 501 3570 homo
533 3533 551 3568 :
579 3516 749 3568 uocari
769 3557 781 3578 ,
812 3525 857 3569 et
890 3532 989 3568 non
1016 3526 1122 3569 erat
1153 3518 1238 3587 qui
1265 3517 1489 3572 obediret
1519 3536 1538 3573 .·
1565 3519 1650 3573 hic
1676 3521 1825 3587 dicit,
1855 3522 1937 3576 Ad

350 3625 498 3679 quem
542 3608 719 3677 loquar
756 3618 803 3663 et
840 3611 1197 3665 contestabor?
1224 3612 1588 3668 incircumcisa:
1629 3624 1748 3668 sunt
1787 3632 1937 3669 aures

354 3720 561 3769 eorum,
594 3713 640 3758 et
680 3703 859 3757 audire
900 3720 1000 3757 non
1044 3714 1272 3775 possunt.
1303 3705 1452 3774 Quod
1484 3708 1530 3760 si
1566 3722 1661 3762 eos
1701 3708 1789 3777 qui
1836 3709 1932 3762 ad-

353 3804 540 3860 erant,
573 3805 851 3864 propterea
881 3794 1021 3864 quod
1048 3795 1328 3866 diligenter
1354 3797 1422 3852 ad
1451 3813 1513 3853 ea
1538 3814 1656 3868 quae
1684 3799 1935 3855 diceban-

350 3900 436 3943 tur
465 3905 568 3942 non
604 3888 966 3953 attendebant,
995 3905 1063 3945 ne
1093 3889 1338 3946 homines
1367 3890 1579 3960 quidem
1605 3907 1726 3946 esse
1752 3892 1938 3948 dicunt

348 3980 623 4051 prophetae
654 4000 667 4036 :
694 3981 818 4051 quid
846 3981 1085 4037 dicemus
1114 3998 1213 4036 nos
1241 3982 1320 4037 de-
1339 3982 1444 4037 illis
1482 3983 1570 4053 qui
1620 3999 1726 4037 non
1771 3984 1934 4039 modo

350 4088 455 4129 non
484 4073 737 4137 audiunt,
770 4072 863 4127 sed
908 4087 975 4126 ne
1018 4072 1221 4142 ingredi
1253 4072 1468 4143 quidem
1513 4073 1627 4129 hare
1672 4075 1941 4129 vestibula.

348 4181 499 4223 sacra
529 4166 833 4237 dignantur,
862 4164 929 4219 de
960 4165 1064 4220 illis
1092 4166 1179 4235 qui
1206 4175 1357 4221 extra
1388 4181 1597 4221 sacrum
1641 4167 1781 4223 hunc
1808 4183 1933 4237 grc-

346 4276 466 4331 gem
498 4267 772 4330 vagantur,
800 4258 888 4327 qui
921 4257 1099 4327 procul
1131 4259 1197 4312 ab
1222 4258 1425 4312 tedihus
1455 4259 1571 4313 istis
1596 4259 1852 4313 maternis
1880 4261 1930 4313 in

348 4352 517 4406 triviis
545 4359 603 4405 et
624 4348 914 4419 angiportis
954 4358 1226 4419 tamquam
1276 4348 1569 4403 insolentes
1597 4363 1661 4403 ac
1681 4348 1933 4405 socordes

345 4444 560 4515 quidam
593 4444 799 4514 pueruli
841 4442 1161 4497 versantur?
1184 4440 1317 4495 Nam
1348 4452 1401 4497 et
1440 4441 1547 4506 illi,
1579 4458 1699 4497 cum
1749 4451 1931 4513 pater-

346 4553 468 4592 uam
512 4536 729 4590 domum
774 4533 1139 4594 deseruerint,
1172 4532 1369 4589 alicubi
1416 4532 1543 4587 foris
1572 4533 1850 4595 oberrant.
1879 4544 1935 4589 et

347 4640 488 4683 totos
530 4627 646 4684 dies
696 4628 747 4682 in
794 4625 934 4681 ludis
981 4626 1272 4696 puerilibus
1302 4624 1602 4695 transigunt
1632 4643 1644 4679 :
1676 4640 1834 4695 quam
1863 4625 1933 4680 ob

344 4735 559 4776 causam
598 4729 651 4774 et
682 4718 953 4783 libertate,
982 4732 1046 4772 ac
1075 4731 1450 4787 saepenumero
1474 4717 1579 4769 vita
1607 4715 1815 4786 pueruli
1847 4727 1929 4771 ta-

346 4811 425 4866 les
452 4813 743 4880 privamur.
773 4809 906 4864 Nam
935 4825 1056 4864 cum
1097 4809 1151 4863 in
1177 4822 1369 4863 manus
1417 4808 1793 4879 plagiariorum
1842 4817 1933 4863 aut

348 4904 658 4973 pra‘donum
704 4902 1006 4966 inciderint,
1055 4916 1198 4971 stupe
1240 4910 1414 4956 morte
1459 4901 1792 4972 negligentiae
1821 4916 1933 4955 sua:

346 5012 533 5066 pumas
559 4995 729 5049 luunt.
751 4996 1022 5065 Siquidem
1049 4995 1277 5064 arreptis
1304 4993 1433 5065 ipsis
1456 5009 1574 5050 Cum
1598 5010 1758 5049 aurea
1774 5008 1933 5049 orna-

348 5096 525 5141 menta
557 5087 869 5141 sustulerint
898 5088 996 5151 illi,
1028 5097 1119 5141 aut
1145 5084 1423 5140 ﬂuminum
1455 5086 1610 5141 undis
1632 5085 1939 5153 suffocant,

346 5187 438 5231 aut
463 5179 507 5231 si
534 5177 660 5247 quid
696 5179 874 5233 mitius
909 5180 977 5234 de
1020 5179 1126 5234 illis
1159 5180 1474 5244 stauterint,
1504 5179 1555 5232 in
1592 5178 1929 5249 longinquam

344 5271 467 5325 illos
508 5269 789 5338 regionem.
818 5270 1074 5326 abductos
1105 5285 1168 5325 ac
1197 5271 1438 5325 servituti
1469 5268 1709 5325 addictos
1748 5270 1935 5324 diven-

344 5361 499 5414 dunt.
526 5359 671 5414 idem
698 5360 815 5414 istis
843 5361 1001 5415 etiam
1029 5362 1239 5416 accidit.
1268 5361 1399 5416 Cum
1424 5362 1564 5415 enim
1594 5360 1750 5431 longe
1774 5376 1804 5415 a
1836 5375 1929 5429 pa-

345 5464 494 5509 terna
521 5452 683 5507 domo
702 5460 756 5506 et
775 5450 932 5523 hujus
958 5452 1139 5523 templi
1167 5452 1592 5523 frequentatione
1612 5451 1928 5515 aberrarint,

348 5547 401 5599 in
443 5543 815 5600 hmreticorum
846 5559 939 5599 ora
972 5544 1241 5610 incidunt,
1281 5554 1336 5599 et
1372 5544 1424 5599 in
1464 5543 1669 5613 linguas
1700 5541 1929 5596 hostium

345 5620 584 5692 verifatis
614 5655 627 5690 :
660 5647 771 5691 tum
821 5636 895 5693 illi
945 5652 1065 5692 cum
1110 5647 1379 5706 tamquam
1427 5634 1665 5706 plagiarii
1716 5634 1929 5704 quidam

342 5730 489 5800 ipsos
532 5731 857 5801 invaserint,
894 5738 947 5787 et
990 5746 1152 5786 aureo
1201 5730 1321 5786 fidei
1366 5740 1556 5786 ornatu
1602 5728 1926 5801 spoliarint,

1079 266 1137 320 S.
1176 264 1462 322 JO.\NNS
1489 260 1967 321 CIIRYSOSTOMI
2006 261 2322 321 ARClllEP.
2351 266 2880 331 CONSTANTINOP.

3545 278 3651 335 H6

2067 380 2342 435 confestim
2369 398 2463 438 eos
2492 387 2668 440 nonin
2696 388 2892 445 flumen
2916 392 3201 460 projectos,
3231 394 3322 449 sed
3353 395 3404 450 in
3434 398 3651 453 turbida

2059 472 2302 541 dogmata
2335 475 2539 533 fauoris
2566 481 2647 535 sui
2673 481 2947 538 demersos
2968 495 3215 541 enecant.

2128 566 2182 621 2.
2230 567 2534 624 Vestrarum
2584 570 2686 627 hoc
2726 574 2953 643 partium
3000 575 3185 641 fuerit,
3225 578 3380 632 saluti
3420 578 3651 636 fratrum

2057 659 2361 726 consulere,
2379 670 2538 732 atque
2557 663 2623 718 ad
2647 680 2743 720 nos
2770 664 2891 720 illos
2915 666 3192 732 reducere,
3224 670 3347 724 licet
3371 671 3650 737 resistant,

2057 753 2182 807 licet
2209 758 2521 822 reclament,
2555 757 2676 812 licet
2707 758 3087 817 lamententur.
3120 762 3343 818 Puerilis
3371 774 3453 820 est
3476 767 3650 820 animi

2056 845 2331 899 contentio
2370 847 2467 900 ista
2510 856 2564 902 et
2604 849 2945 920 negligentia.
2981 851 3085 905 Vos
3111 868 3239 907 vero
3278 854 3649 925 imperfectam

2056 934 2232 991 adhuc
2270 946 2427 1008 atque
2471 939 2540 994 ita
2580 941 2773 995 misere
2827 942 3075 999 affectam
3130 945 3361 1014 ipsorum
3406 949 3651 1002 animam

2054 1028 2336 1099 corrigite;
2400 1032 2562 1087 vestri
2607 1034 2842 1088 muneris
2890 1043 3005 1099 est,
3052 1047 3108 1089 ut
3163 1037 3265 1091 illis
3315 1038 3651 1106 persuadea-

2056 1120 2159 1183 tis,
2212 1130 2269 1174 ut
2319 1121 2562 1177 homines
2605 1123 2748 1179 fiant.
2799 1125 2931 1180 Nam
2976 1128 3419 1195 quemadmodum
3471 1146 3648 1195 eum,

2054 1210 2144 1280 qui
2194 1211 2420 1267 humana
2480 1227 2756 1270 aversetur
2806 1218 3093 1282 alimenta,
3144 1230 3200 1275 et
3250 1236 3369 1275 cum
3420 1222 3654 1291 pecudi-

2053 1300 2154 1357 bus
2210 1304 2379 1371 spinis
2419 1303 2703 1377 herbisque
2748 1320 3013 1377 pascatur,
3064 1310 3333 1366 hominem
3380 1328 3500 1369 esse
3537 1314 3653 1367 mi-

2052 1392 2197 1447 nime
2217 1393 2458 1449 dicemus
2481 1413 2494 1449 :
2520 1400 2599 1452 sic
2625 1399 2883 1454 nimirum
2897 1415 3041 1467 eum,
3064 1403 3151 1472 qui
3177 1419 3353 1458 veram
3373 1412 3425 1458 et
3444 1405 3651 1458 anima:

2051 1486 2458 1541 convenientem
2486 1486 2734 1544 humana:
2761 1504 2942 1545 escam
2970 1492 3167 1558 oderit,
3200 1509 3321 1564 qua:
3346 1509 3413 1549 ex
3445 1495 3651 1549 divinis

2052 1584 2262 1630 constat
2301 1577 2561 1647 eloquiis,
2603 1579 2659 1634 in
2706 1581 3050 1635 saecularibus
3096 1592 3272 1638 autem
3315 1584 3543 1639 coetibus
3591 1596 3652 1640 et

2050 1668 2197 1723 omni
2229 1668 2467 1726 foeditate
2493 1671 2916 1728 redundantibus
2940 1676 3153 1729 circulis
3178 1676 3425 1738 resideat,
3455 1686 3509 1731 et
3560 1678 3654 1730 in-

2052 1761 2188 1830 iquis
2212 1762 2385 1818 alatur
2408 1764 2606 1827 verbis.
2649 1764 2921 1821 hominem
2951 1768 3226 1837 appellare
3267 1768 3483 1823 minime
3510 1784 3651 1838 pos-

2050 1870 2255 1910 sumus.
2287 1855 2559 1927 Siquidem
2592 1857 2732 1928 apud
2761 1874 2860 1914 nos
2888 1858 3050 1914 homo
3074 1868 3159 1915 est
3200 1875 3304 1915 non
3345 1862 3390 1915 is
3431 1871 3649 1915 tantum

2048 1948 2139 2016 qui
2168 1962 2305 2017 pane
2332 1959 2598 2014 vescatur,
2627 1950 2720 2006 sed
2747 1951 2834 2022 qui
2867 1953 3172 2021 priusquam
3197 1951 3309 2007 ullo
3332 1953 3471 2018 cibo,
3500 1953 3651 2007 divi-

2050 2041 2134 2095 nis
2161 2055 2225 2096 ac
2252 2042 2616 2111 spiritualibus
2659 2043 2887 2113 eloquiis
2930 2043 3251 2113 perfruatur.
3299 2043 3410 2098 Hoc
3453 2055 3647 2100 autem

2049 2132 2319 2187 hominem
2348 2150 2488 2199 esse,
2518 2135 2666 2190 disce
2691 2151 2756 2191 ex
2785 2135 2868 2191 his
2890 2151 3010 2205 qua:
3034 2135 3277 2191 Christus
3302 2135 3491 2192 effatus
3513 2147 3610 2191 est
3628 2155 3645 2190 :

2050 2222 2173 2280 Non
2193 2228 2246 2281 in
2272 2228 2382 2280 solo
2408 2244 2540 2298 pane
2564 2229 2688 2281 vivet
2716 2228 2897 2294 homo,
2926 2228 3015 2282 sed
3042 2228 3094 2281 in
3121 2228 3259 2281 omni
3292 2227 3437 2282 verba
3455 2270 3474 2294 ,
3500 2229 3648 2297 quod

2047 2319 2271 2389 procedit
2299 2318 2363 2373 de
2387 2335 2477 2373 ore
2500 2318 2598 2372 Dei
2623 2317 2847 2390 (Matth.
2876 2320 2929 2373 4.
2960 2316 3038 2391 4).
3072 2317 3255 2388 Itaque
3281 2317 3479 2387 doplex
3508 2319 3647 2373 vita:

2046 2420 2245 2464 nostra:
2269 2419 2352 2465 est
2381 2410 2692 2464 alimentum
2714 2451 2728 2472 ,
2759 2426 2923 2465 unum
2950 2410 3184 2466 deterius
3204 2453 3219 2478 ,
3249 2411 3474 2465 alterum
3504 2426 3648 2466 vero

2045 2502 2425 2572 prmstantius:
2458 2511 2514 2556 et
2561 2502 2663 2557 hoc
2704 2502 2971 2571 Pmcipue
3009 2502 3396 2571 Capessendum
3423 2512 3540 2568 est,
3582 2513 3647 2556 ut

2043 2602 2100 2648 et
2130 2593 2362 2647 animam
2384 2592 2531 2648 alere
2553 2594 2837 2663 possimus,
2862 2609 3036 2665 neque
3057 2592 3198 2649 fame
3225 2594 3368 2649 illam
3392 2596 3645 2665 torqueri

2043 2684 2299 2739 sinamus.
2332 2682 2390 2738 In
2420 2694 2594 2739 vestra
2622 2685 2779 2755 igitur
2807 2694 3069 2755 potestate
3095 2686 3252 2739 situm
3280 2696 3383 2750 est,
3414 2696 3469 2739 ut
3493 2687 3642 2739 civi-

2045 2786 2207 2832 tatem
2234 2776 2389 2831 nobis
2420 2777 2693 2832 hominum
2725 2778 2932 2848 plenam
2960 2777 3224 2832 efficiatis.
3248 2778 3473 2846 Quando
3494 2795 3638 2849 ergo

2043 2867 2292 2923 destituta
2321 2877 2409 2925 est
2433 2868 2740 2924 hominibus
2764 2870 2939 2939 ampla
2968 2879 3021 2925 et
3047 2871 3307 2940 populosa
3339 2870 3452 2925 haec
3493 2871 3605 2925 civi
3624 2901 3642 2911 -

2044 2971 2146 3026 tas,
2163 2978 2374 3033 tequum
2395 2971 2476 3017 est
2507 2971 2565 3016 ut
2592 2962 2778 3034 patria:
2803 2972 2993 3015 vestrm
3024 2960 3159 3017 hanc
3188 2962 3409 3031 gratiam
3434 2971 3489 3015 et
3511 2977 3645 3016 mtt-

2042 3054 2365 3110 nificentiam
2394 3054 2706 3118 conferatis,
2740 3064 2799 3109 ut
2830 3055 3157 3111 transmissis
3186 3054 3254 3108 ad
3284 3069 3379 3109 eos
3398 3070 3513 3124 quae
3541 3054 3643 3111 hic

2040 3146 2368 3211 didiceritis,
2400 3146 2623 3200 fratrum
2654 3147 2808 3201 nobis
2839 3148 3046 3202 animos
3078 3147 3453 3202 reconcilietis.
3488 3147 3638 3201 Tum

2040 3240 2183 3295 enim
2211 3254 2411 3294 mensa:
2431 3240 2717 3309 participes
2745 3254 2844 3294 nos
2864 3238 3033 3295 fuisse
3056 3239 3485 3309 comprobamus,
3514 3255 3651 3295 non.-

2040 3346 2162 3388 cum
2193 3347 2431 3387 mensam
2460 3332 2737 3386 laudamus
2764 3341 2990 3398 tantum,
3020 3331 3115 3387 sed
3139 3347 3261 3387 cum
3294 3332 3377 3397 iis,
3405 3333 3492 3404 qui
3518 3332 3636 3385 ab-

2040 3424 2269 3487 fuerint,
2300 3416 2620 3483 cibariorum
2648 3425 2920 3495 quidpiam
2965 3425 3142 3495 largiri
3183 3440 3482 3495 possumus.
3510 3425 3639 3481 Hoc

2040 3529 2093 3572 et
2122 3534 2218 3573 vos
2247 3534 2387 3573 nunc
2428 3518 2568 3588 agite
2592 3560 2605 3583 ,
2639 3521 2823 3589 sicque
2857 3520 3171 3573 alterutrum
3199 3534 3270 3573 ex
3298 3519 3381 3573 his
3415 3518 3639 3574 duobus

2039 3610 2263 3663 omnino
2289 3609 2501 3663 eveniet
2527 3649 2541 3672 ,
2572 3618 2631 3663 ut
2659 3608 2746 3662 vel
2775 3608 2879 3664 illis
2909 3608 3306 3676 permadeatis,
3345 3608 3411 3663 ad
3438 3624 3533 3663 nos
3568 3620 3645 3666 ut

2039 3701 2297 3767 redeant,
2329 3702 2413 3756 vel
2457 3702 2500 3756 si
2539 3702 2603 3758 in.
2621 3701 2807 3757 eadem
2849 3704 3196 3757 contentione
3239 3716 3634 3774 perseverent,

2039 3803 2232 3848 vestrae
2277 3794 2471 3863 lingua:
2511 3809 2671 3863 opera
2703 3795 3037 3859 nutriantur,
3059 3796 3167 3850 imo
3197 3811 3326 3851 vero
3352 3796 3504 3867 plane
3528 3813 3636 3853 re—

2039 3894 2333 3940 vertantur.
2373 3885 2488 3941 Non
2521 3886 2662 3940 enim
2692 3888 2869 3957 potius
2910 3886 3105 3956 eligent
3149 3888 3374 3957 gratuita
3419 3888 3639 3944 beneﬁ-

2039 3978 2209 4032 centia
2236 3977 2446 4043 nutriri,
2478 3992 2600 4031 cum
2629 3992 2727 4046 pro
2749 3991 2846 4031 suo
2864 3976 2986 4046 jure
3012 3979 3212 4044 possint
3254 3979 3352 4047 ipsi
3391 3977 3489 4033 hac
3527 3994 3639 4049 pa-

2040 4079 2190 4125 terna
2213 4083 2394 4123 mensa
2424 4070 2602 4138 potiri.
2630 4067 2734 4123 Sed
2766 4068 2866 4122 hoc
2905 4083 3003 4123 vos
3026 4068 3198 4123 facere
3217 4111 3231 4135 ,
3264 4070 3345 4123 vel
3390 4070 3585 4125 fecisse
3612 4114 3631 4139 ,

2037 4161 2121 4215 vel
2149 4176 2268 4215 esse
2305 4161 2537 4215 facturos
2583 4161 2739 4230 plane
2780 4160 2992 4215 confido
3033 4160 3337 4232 credoque;
3383 4161 3637 4232 quando-

2038 4253 2250 4323 quidem
2281 4252 2588 4323 frequenter
2611 4252 2676 4306 ad
2708 4252 2821 4308 lucc
2851 4252 3052 4306 hortari
3084 4267 3179 4307 vos
3205 4268 3310 4306 non
3332 4252 3533 4316 destiti,
3568 4265 3636 4309 et

2036 4361 2133 4400 vos
2160 4361 2371 4416 quoque
2399 4349 2543 4400 omni
2582 4346 2803 4400 scientia
2851 4346 3049 4415 repleti.
3081 4347 3243 4414 estis,
3274 4348 3361 4417 qui
3403 4357 3458 4401 et
3486 4346 3637 4404 alios

2044 4436 2336 4493 admonere
2377 4439 2599 4507 possitis
2626 4438 2811 4510 (Rom.
2832 4439 2919 4496 15.
2952 4438 3056 4507 14).
3097 4437 3215 4493 Jam
3242 4453 3373 4494 vero
3404 4445 3594 4506 tempu

2042 4540 2147 4594 est,
2171 4539 2230 4585 ut
2250 4540 2493 4585 nostram
2518 4533 2675 4587 vobis
2704 4532 2848 4587 hanc
2878 4547 3121 4587 mensam
3152 4530 3594 4601 apponamus,vi

2044 4620 2147 4676 lem
2161 4621 2377 4690 quidem
2394 4621 2564 4691 ipsam
2581 4637 2643 4677 ac
2657 4632 2955 4687 tenuem,et
2967 4638 3087 4693 qua:
3100 4622 3323 4676 multam
3337 4620 3632 4690 penuriam

2046 4728 2156 4784 prae
2177 4730 2235 4769 se
2254 4714 2414 4779 ferat,
2438 4715 2533 4769 sed
2562 4730 2681 4786 quae
2703 4716 2907 4784 Optimo
2924 4723 3105 4774 tamen
3122 4714 3231 4769 cibi
3247 4712 3633 4777 condimento,

2046 4802 2330 4861 alacritate
2369 4804 2704 4870 auditorum,
2752 4805 3023 4860 instructa
3056 4807 3150 4859 sit.
3189 4804 3432 4865 Mensam
3474 4804 3633 4858 enim

2037 4894 2203 4948 efficit
2237 4893 2674 4963 jucundissimam
2706 4908 2823 4947 non.
2849 4892 3092 4947 ciborum
3123 4894 3505 4961 sumptuositas
3536 4909 3640 4947 so-

2041 4989 2171 5052 lum,
2204 4987 2297 5042 sed
2329 5002 2514 5041 eorum
2542 4987 2701 5041 etiam
2730 4986 2819 5055 qui
2852 4985 3067 5041 invitati.
3093 4984 3288 5039 fuerint
3316 4984 3589 5053 appetitus
3618 5004 3635 5041 τ

2039 5083 2117 5136 sic
2146 5091 2201 5135 et
2226 5081 2365 5134 lauta
2396 5089 2451 5134 et
2477 5078 2756 5149 magniﬁca
2788 5093 2974 5133 mensa
3004 5078 3126 5132 vilis
3150 5093 3214 5132 ac
3253 5080 3431 5133 tenuis
3461 5092 3639 5147 appa-

2040 5176 2198 5235 rebit.
2222 5174 2325 5227 nisi
2352 5171 2490 5227 fame
2516 5170 2707 5240 pressi,
2734 5170 2825 5241 qui
2848 5170 3062 5236 adsunt,
3087 5167 3167 5223 ad
3183 5168 3324 5223 illam
3346 5169 3637 5233 accedant;

2039 5268 2116 5321 sic
2139 5266 2299 5320 etiam
2322 5263 2764 5331 vilissumptuosa
2795 5261 3119 5326 censebitur,
3147 5261 3189 5314 si
3209 5260 3482 5313 famelicos
3502 5275 3643 5314 suos

2040 5358 2291 5412 convivas
2333 5355 2618 5424 acceperit.
2674 5353 2836 5424 quue
2879 5368 3000 5407 cum
3051 5353 3217 5422 probe
3263 5361 3446 5406 nosset
3495 5353 3644 5406 alius

2042 5449 2303 5518 quispiam
2329 5488 2344 5511 ,
2377 5460 2483 5501 non
2512 5460 2581 5499 ex
2609 5454 2794 5503 natura
2820 5444 3060 5501 ciborum
3088 5486 3103 5509 ,
3135 5441 3322 5499 sed-ex
3348 5441 3540 5497 affectu
3570 5462 3645 5498 :u:

2040 5539 2390 5610 diSpositione
2418 5537 2759 5592 convivarum
2790 5534 2858 5591 de
2890 5550 3195 5590 mensarum
3239 5535 3645 5603 magnificentia

2036 5632 2294 5705 judicium
2323 5630 2471 5699 ferri,
2499 5630 2583 5686 his
2606 5631 2782 5685 verbis
2808 5630 2973 5685 utitur
2997 5647 3009 5682 :
3042 5627 3250 5692 Anima,
3274 5644 3386 5697 qum
3404 5628 3455 5681 iu
3486 5638 3643 5681 satu-

2045 5728 2193 5781 ritate
2237 5735 2342 5789 est,
2394 5724 2520 5792 favis
2566 5723 2736 5778 illudit
2767 5737 2789 5776 .'
2820 5722 3005 5777 anime
3054 5731 3219 5778 autem
3270 5720 3431 5785 egenti
3486 5720 3644 5777 etiam
