3964 6342
434 288 535 346 H7

429 402 605 476 ψυχῇ
627 403 694 458 δὲ
723 405 918 458 ἐνδεεῖ
939 408 1036 460 καὶ
1067 410 1138 462 τὰ
1166 409 1346 477 πικρὰ
1366 410 1593 479 γλυκέα
1619 412 1908 480 {pair-etac-
1945 411 2006 462 ού

431 490 531 558 τῆς
558 490 772 557 φύσεως
794 490 899 542 τῶν
933 493 1310 562 προκειμένων
1350 494 1849 566 μεταϐαλλομένης,
1873 489 2018 549 ἀλλιῖ

427 571 529 641 τῆς
547 570 839 636 διαθέσεως
867 573 975 625 τῶν
1025 576 1371 646 ἑστιωμένων
1409 577 1748 650 κλεπτούσης
1781 579 1882 649 τὴν
1923 577 2009 632 ατ-

428 655 641 724 σθησιν.
673 656 735 706 Εί
757 655 812 708 δὲ
846 657 914 709 :6
941 658 1113 729 πικρά
1139 658 1343 726 γλυκέα
1372 661 1621 729 φαίνεται
1653 662 1743 715 διά
1762 663 1860 733 τὴν
1888 663 2008 715 ἐπι-

429 738 492 790 θυ
500 739 626 806 μίαν
655 739 762 791 τῶν
789 740 1160 811 κεκλημένων,
1185 742 1364 815 πολλῷ
1387 746 1585 815 μᾶλλον
1599 746 1666 800 τά
1685 747 1875 817 εὐτελῆ
1912 765 2008 801 πο·-

427 820 620 890 λυτελῆ
654 822 926 890 φαίνεται.
959 825 1050 876 Διὸ
1075 825 1139 896 δὴ
1185 827 1279 878 καὶ
1308 828 1468 898 ἡμεῖς
1486 829 1691 902 ἐσχάτῃ
1739 829 2008 893 συζῶντες

426 905 610 974 πενία,
642 907 769 969 τοὺς
803 906 1118 976 φιλοτίμους
1151 908 1259 961 τῶν
1302 911 1631 982 ἑστιατόρων
1668 913 2004 983 μιμούμεθα,

427 986 550 1038 καθ’
585 988 824 1058 ἑκάστην
857 989 1074 1054 σύναξιν
1115 993 1251 1062 πρὸς
1280 994 1378 1063 τὴν
1418 995 1688 1065 ἡμετέραν
1716 997 2006 1060 καλοῦντες

426 1069 571 1137 ὑμᾶς
608 1070 906 1142 τράπεζαν.
928 1072 1088 1126 Ποιοῦ
1097 1091 1194 1144 μεν
1220 1075 1276 1128 δὲ
1295 1076 1470 1142 τοῦτο,
1497 1078 1557 1129 ού
1582 1081 1646 1148 τῇ
1676 1080 1774 1148 τῆς
1799 1081 2006 1146 οίκείας

425 1152 686 1222 εὐπορίας
723 1155 1063 1220 πεποιθότες,
1097 1157 1228 1210 ἀλλὰ
1261 1162 1325 1230 τῇ
1366 1160 1464 1230 τῆς
1504 1161 1775 1232 ὑμετέρας
1803 1164 2004 1236 ἀκροά-

425 1252 564 1298 σεως
593 1236 921 1306 θαρροῦντες
963 1251 985 1279 ο
999 1281 1010 1292 .

495 1327 563 1394 γ’.
585 1328 696 1397 Τῆς
715 1330 813 1398 μὲν
832 1326 924 1382 οὖν
943 1333 1252 1404 ἐπιγραφῆς
1271 1334 1397 1404 ὑμῖν
1413 1336 1473 1388 :6
1495 1337 1654 1407 χρέος
1673 1338 1817 1392 ἀπαν
1836 1358 2006 1395 κατα-

426 1409 788 1482 ϐεϐλήκαμεν,
815 1415 909 1484 τῆς
924 1417 1254 1487 ἐπιγραφῆς,
1287 1419 1449 1488 φημὶ.
1481 1420 1587 1472 τῶν
1615 1422 1872 1494 Πράξεων
1894 1425 2004 1478 τῶν

424 1494 822 1548 ἀποστολικῶν.
860 1495 1174 1552 Ἀκόλουθον
1193 1500 1248 1552 δὲ
1279 1500 1463 1554 λοιπὸν
1496 1498 1562 1573 ἦν
1596 1505 1688 1557 καὶ
1717 1507 1816 1576 τῆς
1829 1508 2003 1580 ἀρχῆς

425 1577 664 1648 ἅψασθαι
699 1579 790 1632 τοῦ
824 1579 1051 1650 βιϐλίου,
1102 1584 1196 1636 καὶ
1242 1587 1412 1638 εἰπεῖν
1441 1588 1492 1639 τί
1532 1589 1662 1641 ποτέ
1709 1577 2004 1646 ἐστιίΤὸι⁸

418 1661 536 1730 μὲν
577 1663 811 1742 πρῶτρν
853 1666 1038 1733 λόγον
1083 1666 1454 1738 ἐποιήσαμεν
1483 1672 1616 1742 περὶ
1671 1674 1929 1732 πάντων.
1956 1671 2004 1729 ὦ

426 1746 696 1814 Θεόφέλε,
720 1741 806 1799 ὦν
825 1747 1048 1815 ἤρξατο
1080 1752 1114 1803 ό
1151 1752 1379 1819 Ἰησοῦς
1402 1741 1595 1810 ποιεῖν’
1615 1775 1677 1811 τε
1706 1759 1801 1813 καὶ
1839 1758 2002 1811 διδά-

421 1843 616 1882 σκειν.
659 1829 818 1883 Ἀλλά
866 1832 1077 1914 Παῦλος
1112 1834 1212 1886 οὐκ
1255 1836 1449 1906 ἀφίησί
1483 1856 1549 1909 με
1599 1842 1903 1910 χρήσασθαι
1932 1847 1996 1914 τῇ

419 1910 575 1984 [101]
597 1912 749 1979 τάξει
777 1913 947 1985 ταύτῃ
992 1915 1094 1985 τῆς
1135 1917 1476 1986 ἀκολουθίας,
1513 1923 1650 1993 πρὸς
1683 1925 1873 1977 ἐαυτὸν
1907 1910 2001 1980 καί

417 1995 489 2048 :6
516 1997 689 2048 οἰκεῖα
715 1997 1118 2068 κατορθώματα
1130 1999 1228 2069 τὴν
1245 2002 1515 2072 ἡμετέραν
1535 2004 1780 2072 γλῶτταν
1797 2008 1996 2062 καλῶν.

433 2077 718 2149 Ἐπιθυμῶ
767 2079 875 2149 γὰρ
905 2081 1068 2134 αὑτὸν
1110 2082 1236 2136 ἰδεῖν
1270 2087 1348 2148 είς
1380 2089 1666 2156 Δαμασκόν
1707 2091 2000 2161 εἰσαγόμε-

419 2177 529 2224 νον,
558 2161 863 2232 δεδεμένον,
897 2165 996 2217 ούκ
1036 2166 1094 2217 ἐν
1124 2166 1312 2220 ἁλύσει
1340 2169 1553 2242 σιδηρᾷ,
1581 2172 1717 2226 ἀλλά
1743 2179 1891 2246 φωνῇ
1910 2176 1999 2229 δε-

420 2249 674 2315 σποτικῇ·
699 2246 952 2316 ἐπιθυμῶ
984 2248 1107 2302 [δεῖν
1139 2250 1454 2306 ἀλιευθέντα
1489 2255 1581 2308 τὸν
1621 2256 1772 2326 ἰχθὺν
1810 2259 1997 2314 τοῦτον

416 2325 508 2379 τὸν
550 2331 743 2397 μέγαν,
772 2329 862 2382 τὸν
890 2329 1108 2385 ἃπασαν
1140 2333 1550 2404 ἀναϐράσσοντα
1579 2325 1678 2410 τὴν
1701 2341 1994 2405 θάλασσαν,

416 2409 510 2461 τὸν
533 2410 699 2482 μυρία
716 2411 935 2482 κύματα
967 2415 1106 2468 κατά
1132 2417 1232 2486 τῆς
1273 2419 1595 2491 Ἐκκλησίας
1615 2409 1992 2496 ἐπεγείραντα·

418 2490 672 2563 ἐπιθυμῶ
717 2495 845 2547 ίδεῖν
873 2497 1034 2549 αὐτὸν
1058 2497 1395 2564 ἀλιευθέντα,
1414 2490 1513 2556 ούκ
1539 2490 1839 2578 ἀγκίστρω,
1859 2509 1995 2562 ἀλλά

416 2573 559 2646 λόγῳ
579 2576 897 2649 δεσποτικῷ.
929 2581 1193 2654 Καθάπερ
1214 2585 1322 2655 γάρ
1358 2603 1442 2650 τις
1463 2587 1642 2653 ἁλιεὺς
1679 2573 1770 2644 ἐπὶ
1787 2573 1994 2665 πέτρας

416 2659 629 2730 ὑψηλῆς
670 2662 998 2734 καθήμενος,
1049 2667 1140 2719 τὸν
1190 2668 1435 2741 κάλαμον
1483 2675 1846 2746 μετεωρίζων,
1893 2659 1992 2748 ἀφ’

414 2741 622 2813 ὑψηλοῦ
653 2744 712 2796 τὸ
755 2747 1051 2818 ἄγκιστρον
1079 2751 1302 2822 ἀφίησιν
1331 2756 1412 2818 είς
1447 2741 1509 2808 :6
1535 2741 1792 2828 πέλαγος·
1834 2741 1992 2817 οὕτω

410 2825 475 2895 δὴ
511 2829 606 2880 καὶ
633 2829 662 2880 ὁ
688 2829 966 2902 Δεσπότης
1013 2836 1041 2886 6
1078 2835 1363 2907 ἡμέτερος,
1395 2840 1424 2890 6
1448 2840 1547 2910 τὴν
1592 2825 1779 2896 ἀλείαν
1810 2844 1991 2912 δείξας

409 2911 509 2980 τὴν
558 2915 956 2985 πνευματικὴν,
995 2917 1244 2990 καθάπερ
1268 2922 1352 2989 ἐφ’
1401 2923 1612 2995 ὑψηλῆς
1649 2927 1855 3000 πέτρας
1880 2911 1988 2985 τῶν

407 2995 653 3064 οὐρανῶν
695 2998 1026 3069 καθήμενος,
1078 3000 1268 3074 ῶσπερ
1306 3006 1598 3079 ἄγκιστρον
1644 2995 1765 3081 τῆν’
1803 3013 1988 3085 φωνὴν

407 3079 610 3147 ταύτην
634 3081 792 3149 ἀφεὶς
829 3082 1056 3146 ἀνωθεν,
1085 3087 1181 3139 καὶ
1207 3088 1400 3155 εἰπὼν,
1447 3093 1664 3157 Σαῦλε,
1689 3079 1906 3163 Σαῦλε,
1929 3079 1988 3152 ἐι

401 3178 478 3230 με
502 3161 762 3228 διώκεις;
793 3164 966 3230 οὓτως
1007 3167 1221 3238 ήλίευσε
1249 3172 1340 3225 τὸν
1373 3174 1523 3242 ἰχθὺν
1550 3177 1741 3230 τοῦτον
1774 3179 1865 3234 τὸν
1889 3161 1986 3252 μέ-

407 3261 531 3316 γαν.
588 3246 697 3298 Καὶ
729 3242 840 3300 οἷον
874 3250 966 3302 ἐπί
1010 3250 1102 3303 τοῦ
1154 3253 1339 3323 ,ἰχθύος
1389 3257 1633 3324 γέγονεν,
1665 3260 1724 3313 ὃν
1763 3262 1982 3332 ήλίευσε

407 3327 614 3398 Πέτρος
647 3331 784 3382 κατὰ
832 3331 892 3384 :6
925 3335 1255 3406 πρόσταγμα
1283 3338 1343 3390 :6
1375 3338 1712 3407 δεσποτικὸν,
1743 3327 1982 3402 τοιοῦτόν

401 3428 458 3464 τι
478 3412 574 3481 καὶ
601 3415 693 3466 ἐπὶ
715 3414 931 3502 τούτουῌ
947 3417 1165 3502 συνέϐη.
1203 3421 1312 3472 Καὶ
1343 3422 1451 3493 γὰρ
1486 3425 1578 3478 καὶ
1603 3421 1755 3492 οὗτος
1785 3432 1812 3482 6
1832 3431 1982 3502 ίχθὺς

403 3493 599 3563 εὑρέθη
628 3496 870 3584 στατῆρα
908 3496 1046 3567 ἔχων
1069 3501 1127 3553 ἐν
1157 3502 1235 3572 τῷ
1288 3507 1536 3575 στόματι,
1570 3511 1817 3583 στατῆρα
1851 3493 1979 3584 μὲν,

401 3577 656 3646 κίϐδηλον
677 3579 751 3631 δέ·
769 3577 879 3651 εἷχε
915 3584 1014 3653 μὲν
1039 3585 1146 3657 γὰρ
1163 3586 1344 3656 ζῆλον,
1362 3592 1421 3643 ού
1443 3593 1558 3644 κατ’
1574 3577 1868 3662 ἐπίγνωσιν
1898 3577 1975 3655 δέξ

400 3658 502 3712 Διά
537 3659 694 3714 τοῦτο
721 3665 818 3733 τὴν
849 3666 1141 3735 ἐπίγνωσιν
1187 3669 1336 3741 αύτῷ
1380 3658 1744 3747 χαρισάμενος
1771 3682 1798 3732 6
1825 3682 1978 3750 Θεὸς,

398 3743 621 3813 δόκιμον
667 3747 890 3818 ἐποίησε
951 3751 1012 3804 :6
1069 3752 1328 3824 νόμισμα·
1381 3743 1478 3809 καὶ
1537 3743 1673 3833 ὅπερ
1730 3763 1823 3816 ἐπὶ

399 3829 764 3900 ἀλιευομένων
811 3833 1008 3904 ίχούων
1042 3838 1270 3905 γίνεται,
1301 3841 1460 3895 τοῦτο
1500 3847 1593 3898 καὶ
1643 3848 1735 3901 ἐπὶ
1786 3852 1977 3906 τούτου

400 3917 611 3983 γέγονε.
640 3916 904 3989 Καθάπερ
930 3918 1036 3992 γὰρ
1075 3924 1272 3975 ἐκεῖνοι
1311 3927 1405 3978 τοῦ
1458 3929 1729 3998 πελάγους
1775 3935 1978 4000 εὐθέως

399 3996 822 4063 ἀνελκυσθέντες
847 4002 1302 4072 ἀποτυφλοῦνται,
1345 4008 1489 4063 οὓτω
1517 4013 1610 4066 καὶ
1640 4009 1796 4080 οὗτος
1823 4018 1977 4084 δεξά-

401 4097 559 4149 μενος
587 4081 787 4166 εὐθέως
813 4084 874 4136 τὸ
895 4085 1208 4158 ἄγκιστρον,
1240 4093 1333 4144 καὶ
1367 4093 1736 4162 ἀνασπασθεὶς
1772 4081 1976 4166 εὐθέως

397 4164 777 4236 ἐπετυφλώθηο
811 4167 925 4221 ἀλλ’
949 4169 1185 4242 ἐκείνηὴ
1219 4173 1490 4243 τύφλωσις
1511 4181 1690 4234 πᾶσαν
1722 4185 1974 4256 οἰκουμέ-

397 4265 495 4316 νην
525 4247 824 4318 ἀναϐλέψαι
851 4251 1094 4323 ἐποίησε.
1123 4256 1288 4309 Ταῦτ’
1322 4255 1414 4312 οὖν
1451 4262 1664 4318 ἅπαντα
1702 4266 1827 4319 ἰδεῖν
1852 4247 1971 4322 ἐπι·

394 4328 571 4398 θυμῶ.
606 4331 717 4383 Καὶ
749 4332 863 4401 γὰρ’
905 4335 954 4386 εί
1000 4337 1236 4409 πόλεμος
1269 4341 1397 4410 ἡμῖν
1438 4351 1806 4420 περιειστήκει
1839 4351 1972 4422 βαρ-

392 4410 638 4482 ϐαρικὸς,
676 4415 769 4466 καὶ
799 4417 892 4469 ἐπὶ
921 4418 1024 4488 τῆς
1063 4423 1416 4507 παρα-τάξεως
1441 4429 1490 4480 οἱ
1510 4410 1762 4501 ’πολέμίοι
1800 4410 1970 4507 μυρία

390 4499 651 4568 παρεῖχον
671 4500 802 4568 ἡμῖν
831 4501 1152 4592 πράγματα,
1172 4501 1288 4560 εἶτα
1319 4510 1346 4561 ό
1375 4499 1678 4583 στρατηγὸς
1701 4499 1812 4570 τῶν
1838 4499 1969 4592 βᾷρ-

391 4577 597 4664 ϐάρων,
633 4583 661 4633 ό
713 4582 881 4654 μυρία
921 4587 1212 4655 προσάγων
1249 4577 1632 4664 μηχανήματα,
1660 4577 1759 4652 καὶ
1791 4577 1966 4658 πάντα

391 4663 634 4731 συγχέων
662 4664 729 4716 τά
755 4666 1020 4739 ἡμέτερα,
1050 4672 1144 4758 καὶ
1180 4673 1375 4758 πολλοῦ
1411 4663 1640 4749 θορύϐου
1677 4685 1770 4738 καὶ
1799 4703 1968 4758 ταρα-

386 4746 488 4815 χῆς
510 4746 755 4818 πληρῶν,
783 4751 878 4802 καὶ
907 4751 1004 4821 τὴν
1037 4752 1192 4808 πόλιν
1211 4757 1380 4829 αὐτὴν
1412 4746 1650 4818 ἀπειλῶν
1691 4746 1968 4826 κατασκά-

385 4831 528 4898 ψειν,
554 4833 648 4884 καὶ
674 4833 1016 4922 παραδώσειν
1068 4838 1217 4907 πυρὶ,
1250 4842 1346 4894 καὶ
1393 4844 1637 4901 δουλείαν
1666 4851 1798 4922 ἡμῖν
1857 4857 1957 4910 ἐπ-

385 4913 818 4982 ανατεινόμενος.
835 4916 1092 4990 ἐξαίφνης
1121 4922 1226 4975 ὑπὸ
1251 4925 1346 4978 τοῦ
1375 4926 1635 4996 βασιλέως
1648 4913 1742 4988 τοῦ
1769 4937 1965 5008 ἡμετέ-

382 5011 480 5086 ρου
509 4995 682 5060 δεθεὶς
724 5000 1067 5086 αἰχμάλωτος
1108 5007 1187 5068 είς
1219 5006 1315 5078 τὴν
1348 4995 1502 5065 πόλιν
1535 5015 1718 5084 ῆγετο,
1763 4995 1964 5086 πάντες

379 5075 447 5127 ὣν
489 5081 625 5144 μετά
683 5083 955 5146 γυναικῶν
1011 5087 1105 5140 καὶ
1157 5075 1390 5176 παιδίων
1424 5075 1567 5166 πρὸς
1583 5075 1962 5176 τὴνιθεωρίαν

379 5160 596 5261 ἐκείμην
643 5163 1278 5261 ἐξεπηδήσαμεν.ΔἘπε“ι
1331 5171 1425 5230 οὖν
1457 5160 1550 5234 καί
1594 5160 1690 5236 νῦν
1725 5160 1958 5261 πόλέμος

380 5243 734 5314 συνέστηκεν,
782 5249 1049 5306 Ἰουδαίων
1081 5253 1456 5326 θορυϐούντων
1495 5264 1711 5327 ἅπαντα
1738 5273 1832 5323 καὶ
1858 5243 1957 5326 .m-

379 5325 702 5429 ραττόντιυν,
764 5332 857 5383 καὶ
891 5335 1060 5389 πολλὰ
1102 5325 1168 5410 τῇ
1202 5343 1302 5413 τῆς
1338 5345 1662 5416 Ἐκκλησίας
1691 5325 1958 5429 ἀσφαλείᾳ

375 5410 759 5500 προσαγόχτων
784 5420 1168 5500 μηχανήματα,
1203 5410 1267 5477 :6
1295 5426 1352 5479 δὲ
1387 5410 1680 5500 κεφάλαιον
1716 5410 1825 5492 τῶν
1856 5410 1953 5494 ἰτο1

372 5488 577 5584 λεμίων
623 5489 690 5564 ἦν
722 5496 757 5584 ό-
783 5497 1012 5567 Παῦλος,
1053 5505 1081 5556 6
1129 5508 1346 5563 πάντων
1400 5488 1625 5584 μείζονα
1655 5488 1952 5579 καῖήποίῶν

371 5575 464 5628 καὶ
495 5575 690 5647 λέγων,
735 5582 764 5632 6
808 5583 986 5638 πάντα
1019 5587 1260 5657 θορυϐῶν
1307 5575 1412 5650 καί
1446 5575 1749 5672 ταράττων,

409 5708 459 5775 _“
485 5708 576 5759 Hic
607 5713 783 5764 deesse
809 5717 995 5780 aliquid
1022 5721 1230 5772 videtur.

1154 299 1214 354 S.
1261 299 1550 356 JOANNIS
1586 302 2084 357 CHRYSOSTOMH
2124 305 2443 366 ARCHIEP.
2475 309 3024 373 CONSTAN'I'INOP.

2109 407 2352 505 δέαὐτὸν
2384 417 2413 469 6
2435 418 2636 505 Κύριος
2673 423 2829 493 ήμῶν
2863 426 3067 498 Ἰησοῦς
3094 429 3346 502 Χριστὸς,
3376 435 3404 487 6
3433 434 3692 505 βασιλεὺς

2110 495 2138 544 6
2171 497 2466 568 ἡμέτερος,
2486 502 2640 573 ἔδησε
2688 508 2781 560 καὶ
2813 495 3158 581 αίχμάλωτον
3197 495 3456 588 είσῆγαγέ
3499 495 3692 576 τοῦτον

2107 588 2199 641 τόν
2227 592 2405 646 πάντα
2445 597 2837 668 ἀνατρέποντα,
2864 606 2962 657 ούκ
2986 606 3290 680 ἐξέλθωμεν
3313 611 3552 676 ἅπαντες
3591 616 3692 668 ἐπὶ⁷

2105 679 2206 750 τὴν
2261 682 2492 755 θεωρίαν
2530 690 2752 761 ταύτην.
2793 693 2933 748 ὥστε
2979 697 3107 750 ίδεῖν
3139 679 3305 753 αὐτὸν
3339 705 3689 774 αἰχμάλωτον

2106 771 2406 843 ἀγόμενον;
2437 780 2547 833 Καὶ
2576 782 2685 854 γάρ
2712 785 2761 836 οἱ
2806 786 3025 854 ἄγγελοι
3058 790 3177 843 τότε
3212 793 3275 845 ἐκ
3302 771 3689 863 τῶνήούρανῶν

2105 864 2343 934 ὁρῶντες
2374 869 2534 924 αὐτὸν
2562 873 2844 944 δεδεμένον
2871 880 2961 932 καὶ
2986 883 3361 954 εἰσαγόμενον,
3391 888 3686 958 ἐσκίρτων·

2076 954 2206 1006 δούκ
2259 957 2445 1031 ἐπειδὴ
2479 961 2758 1032 δεδεμένον
2797 965 2936 1022 εἶδον
2991 973 3169 1042 μόνον,
3221 976 3336 1029 ἀλλ’
3371 954 3556 1052 ἐπειδὴ
3601 983 3690 1035 ἐν-

2105 1046 2289 1100 ενόουν
2303 1049 2461 1117 ὅσους
2485 1053 2802 1126 ἀνθρώπους
2824 1060 2932 1114 61:6
2959 1062 3068 1115 τῶν
3097 1065 3312 1137 δεσμῶν
3341 1069 3486 1124 λύειν
3519 1046 3688 1143 ἔμελ-

2104 1137 2215 1192 λεν·
2269 1141 2368 1194 ούκ
2417 1145 2603 1218 ἐπειδὴ
2653 1155 3159 1226 χειραγωγούμενον
3213 1160 3522 1227 ἐθεάσαντο,
3551 1137 3686 1220 ἀλλ’

2104 1230 2290 1304 ἐπειδὴ
2320 1234 2648 1304 ἐλογίζοντο,
2671 1240 2829 1306 ὅσους
2850 1244 3168 1318 ἀνθρώπους
3188 1250 3410 1322 ἔμελλεν
3444 1257 3552 1310 61:6
3582 1259 3688 1327 τῆς

2103 1323 2206 1394 γῆς
2243 1326 2324 1389 είς
2345 1325 2438 1380 τὸν
2461 1329 2687 1400 ούρανὸν
2719 1341 3076 1407 χειραγωγεῖν
3124 1345 3348 1409 ἐκεῖνος.
3390 1348 3488 1401 Διά
3521 1323 3687 1406 τοῦτο

2103 1414 2341 1487 ἔχαιρον,
2375 1420 2476 1474 οὐκ
2509 1423 2697 1496 ἐπειδὴ
2723 1432 3121 1501 πεπηρωμένον
3146 1432 3304 1501 εἶδον,
3345 1439 3457 1492 ἀλλ’
3489 1443 3684 1516 ἐπειδὴ

2101 1510 2342 1564 ἐνενόουν
2370 1513 2528 1579 ὅσους
2567 1517 2788 1588 ἔμελλεν
2816 1521 2926 1576 ἀπὸ
2983 1527 3206 1592 σκότους
3237 1529 3538 1601 ἐξαγαγεῖν.
3574 1510 3684 1591 Ποζ

2106 1600 2328 1670 ρεύθητι
2358 1605 2488 1675 γὰρ,
2519 1609 2708 1678 φησὶν,
2740 1613 2820 1675 εἰς
2846 1614 2913 1668 τά
2948 1615 3096 1687 ἔθνη,
3131 1621 3222 1674 καὶ
3237 1600 3550 1690 ἀπαλλάξας
3582 1629 3685 1680 αύ-

2100 1694 2227 1756 τοὺς
2255 1695 2364 1749 ἀπὸ
2387 1699 2632 1766 σκότους,
2667 1709 3026 1779 μεταστήσεις
3053 1713 3250 1776 αὐτοὺς
3286 1718 3365 1780 είς
3396 1720 3495 1791 τὴν
3523 1721 3684 1791 βασι-

2102 1785 2250 1838 λείαν
2297 1789 2395 1859 τῆς
2451 1791 2673 1865 ἀγάπης
2730 1795 2985 1869 Χριστοῦ.
3038 1803 3188 1876 [102]
3245 1807 3343 1860 Διά
3387 1785 3561 1865 ταῦτα
3619 1815 3681 1868 τὸ

2101 1879 2385 1950 προοίμιον
2422 1883 2600 1952 ἀφεὶς,
2658 1888 2739 1952 είς
2793 1891 2855 1944 :6
2913 1893 3077 1964 μέσον
3127 1897 3382 1954 ἅλλεσθαι
3435 1905 3677 1960 σπεύδω,

2100 1969 2310 2035 Παῦλος
2343 1972 2453 2044 γάρ
2508 1977 2602 2029 καὶ
2633 1979 2662 2030 6
2704 1980 2915 2036 Παύλου
2972 1984 3136 2050 πόθος
3189 1990 3495 2060 ὴνάγκασεν
3530 1997 3684 2067 ἡμᾶς

2098 2061 2340 2132 πηδῆσαι
2367 2066 2526 2120 τοῦτο
2547 2070 2608 2122 τὸ
2635 2072 2775 2144 πήδη
2786 2092 2878 2143 μα.
2935 2079 3145 2145 Παῦλος
3175 2085 3269 2137 καὶ
3289 2085 3317 2136 6
3340 2061 3681 2145 “(113109-236-

2098 2153 2210 2217 θος.
2239 2157 2527 2227 Σύγγνωτέ
2556 2180 2667 2233 μοι,
2697 2165 2896 2234 μᾶλλον
2917 2169 2971 2222 δέ
3001 2171 3076 2242 μὴ
3099 2173 3398 2248 σύγγνωτε,
3427 2180 3681 2236 ἀλλὰκαὶ

2099 2247 2379 2317 ζηλώσατε
2402 2253 2493 2306 τὸν
2526 2255 2704 2326 ἔρωτα
2731 2259 2938 2316 τοῦτον.
2979 2263 3037 2317 Ὀ
3067 2266 3167 2335 μὲν
3182 2247 3291 2340 γὰρ
3317 2271 3514 2327 ἄτοπον
3530 2276 3682 2347 ἐρῶν

2096 2339 2296 2412 ἔρωτα,
2319 2345 2544 2411 εἰκότως
2575 2351 2904 2424 συγγνώμην
2926 2357 3085 2408 αἰτεῖ·
3113 2360 3141 2410 6
3164 2359 3222 2412 δὲ
3250 2339 3487 2418 τοιοῦτον
3509 2339 3680 2438 ἐρῶν,

2096 2433 2524 2501 καλλωπιςέσθω
2567 2441 2646 2512 τῷ
2684 2443 2855 2514 πόθῳ,
2891 2448 2986 2500 καὶ
3033 2449 3265 2515 πολλοὺς
3300 2457 3522 2511 ποιείτω
3541 2433 3681 2515 ’κοι-

2094 2526 2296 2589 νωνοὺς
2323 2529 2426 2599 τῆς
2453 2531 2773 2604 ἐπιθυμίας,
2806 2539 2899 2590 καὶ
2937 2545 3269 2611 συνεραστάς
3301 2548 3464 2602 αὑτοῦ
3503 2569 3684 2606 κατα-

2094 2619 2405 2683 σκευαζέτω
2435 2625 2680 2695 μυρίους.
2727 2629 2790 2682 Et
2831 2631 2932 2701 μὲν
2979 2632 3088 2705 γάρ
3124 2631 3190 2706 ῆν
3237 2638 3340 2708 ὁδῷ
3388 2639 3686 2710 βαδίζοντα

2092 2712 2188 2764 καὶ
2217 2713 2368 2780 τάξει
2402 2717 2783 2787 προϐαίνοντα,
2829 2723 2923 2776 καὶ
2954 2725 3023 2778 τά
3051 2729 3293 2802 πρότερα
3317 2733 3514 2799 εἰπεῖν,
3571 2740 3685 2791 καὶ

2091 2803 2226 2874 πρὸς
2249 2806 2319 2859 τά
2342 2807 2483 2876 μέσα
2513 2810 2737 2878 φθάσαι,
2773 2815 2873 2867 οὐκ
2895 2815 2962 2870 ἂν
2989 2819 3088 2889 τὴν
3112 2821 3284 2893 ἀρχὴν
3314 2825 3559 2894 ἀφέντες,
3585 2831 3684 2883 εὑ-

2091 2893 2230 2960 θέως
2258 2897 2354 2950 ἐπὶ
2389 2899 2452 2952 :6
2479 2901 2642 2971 μέσον
2671 2905 2927 2976 ἦλθομεψ
2964 2911 3153 2984 ἐπειδὴ
3179 2914 3237 2967 δὲ
3271 2893 3379 2970 τῶν
3407 2921 3681 2992 Πατέρων

2087 2985 2115 3036 6
2147 2985 2310 3056 νόμος
2346 2989 2557 3044 κελεύει
2592 2995 2730 3063 μετὰ
2763 2996 2862 3068 τὴν
2897 3003 3279 3075 Πεντηκοστὴν
3317 3009 3680 3070 ἀποτίθεσθαι

2085 3077 2146 3130 :6
2168 3077 2395 3146 βιϐλίον,
2427 3082 2522 3135 καὶ
2544 3084 2621 3154 τῷ
2656 3086 2800 3140 τέλει
2825 3091 2925 3161 τῆς
2945 3093 3141 3165 ἑορτῆς
3164 3099 3368 3170 ταύτης
3394 3118 3680 3172 συγκατα-

2083 3167 2271 3223 λύεται
2304 3173 2398 3226 καὶ
2436 3175 2469 3244 ἡ
2507 3175 2602 3228 τοῦ
2660 3177 2866 3247 βιϐλίου
2907 3184 3235 3255 ἀνάγνωσις,
3272 3167 3546 3266 ἐφοϐήθην
3581 3202 3669 3272 μή

2084 3279 2214 3316 ποτε
2239 3265 2372 3335 περὶ
2398 3267 2467 3320 τά
2493 3269 2758 3340 προοίμια
2788 3273 3205 3348 ἀσχολουμένων
3231 3285 3390 3354 ἡμῶν
3423 3289 3515 3341 καὶ
3545 3265 3674 3345 δίειἐ

2081 3355 2397 3426 τριϐόντων,
2441 3363 2835 3437 προσεκδράμῃ
2876 3367 2974 3439 τὴν
3026 3372 3300 3445 ἡμετέραν
3344 3377 3525 3448 ἄφιξιν
3557 3383 3675 3452 τῆς

2085 3448 2327 3522 ἱστορίας
2386 3455 2421 3524 ἡ
2477 3455 2788 3512 ἀκολουθία.
2832 3459 2933 3515 Διά
2969 3464 3128 3518 τοῦτο
3157 3465 3390 3540 ἔδραμον
3421 3473 3528 3526 61:6
3559 3448 3674 3545 τῆς

2082 3542 2254 3613 ἀρχῆς
2284 3545 2378 3597 τοῦ
2394 3546 2748 3618 διηγήματος,
2779 3553 2870 3605 καὶ
2891 3554 3142 3628 καθάπερ
3180 3561 3423 3631 κεφαλῆς
3441 3542 3674 3620 δπισθεν

2081 3634 2326 3704 κατέχων
2361 3636 2422 3688 :6
2446 3639 2732 3711 προοίμιον
2755 3643 2855 3713 τῆς
2884 3646 3146 3718 ἱστορίας,
3185 3651 3447 3717 κελεύσας
3481 3661 3673 3724 μεῖναι

2079 3727 2172 3778 καὶ
2190 3729 2379 3798 στῆναι
2409 3731 2554 3800 ὑμᾶς
2581 3733 2640 3787 ἐν
2667 3738 2733 3806 τῇ
2773 3738 2914 3810 ἀρχῇ
2941 3739 3040 3811 τῆς
3074 3742 3216 3797 ὁδοῦ.
3253 3745 3364 3816 Τῆς
3390 3748 3498 3819 γὰρ
3549 3750 3659 3804 τοῦ

2076 3820 2410 3892 διηγήματος
2441 3827 2686 3899 κεφαλῆς
2721 3829 3020 3902 ἁψάμενος,
3054 3834 3274 3907 θαρῤῶν
3301 3837 3485 3893 λοιπὸν
3512 3842 3667 3896 ἄπα-

2078 3931 2162 3968 σιν
2191 3916 2446 3988 ἐπέξειμι
2472 3921 2589 3983 τοῖς
2617 3920 2847 3989 λοιποῖς,
2879 3925 2982 3979 κᾶν
3012 3928 3044 3998 ἠ
3070 3929 3234 4000 ἐορτὴ
3269 3933 3534 4006 παρέλθῃ·
3561 3937 3667 3988 οὒ-

2072 4012 2182 4076 δεὶς
2215 4014 2325 4085 γὰρ
2349 4016 2479 4086 ἡμῖν
2519 4017 2778 4091 ἀκαιρίαν
2822 4023 3131 4093 ἐγκαλέσει,
3181 4029 3351 4100 αὐτῆς
3391 4031 3486 4103 τῆς
3516 4036 3667 4090 κατὰ

2072 4117 2171 4186 τὴν
2191 4118 2515 4174 ἀκολουθίαν
2545 4123 2793 4197 ἀνάγκης
2825 4127 2935 4180 τῶν
2961 4130 3062 4200 τῆς
3091 4131 3352 4203 ἀκαιρίας
3375 4137 3540 4209 ἐγκλη
3549 4141 3664 4209 μά-

2072 4239 2179 4274 των
2202 4223 2653 4298 ἀπαλλαττούσης
2697 4231 2866 4300 ἡμᾶς’
2907 4232 2996 4286 διά
3020 4234 3179 4290 τοῦτο
3207 4237 3316 4292 ἀπὸ
3337 4239 3443 4293 τῶν
3469 4257 3663 4312 1:906;-

2075 4320 2216 4390 μίων
2248 4322 2342 4374 ἐπὶ
2386 4324 2448 4376 τὸ
2497 4326 2662 4395 μέσον
2691 4328 2946 4400 ἔδραμον.
2992 4332 3112 4387 Ὅτι
3151 4336 3261 4406 γάρ
3298 4339 3397 4392 οὐκ
3436 4335 3504 4411 ῆν
3545 4341 3661 4413 ὁδῷ

2073 4422 2355 4491 βαδίζοντα
2381 4427 2517 4498 πρὸς
2546 4429 2753 4483 Παῦλον
2778 4432 2969 4495 ἐλθεῖν,
2993 4435 3130 4489 ἀλλά
3155 4437 3559 4512 προεξέδραμεν
3583 4444 3662 4497 ἂν

2069 4523 2168 4593 τῆς
2183 4525 2458 4597 ἡμετέρας
2487 4528 2732 4601 γλώττης
2758 4533 2820 4585 :6
2849 4533 3074 4603 βιϐλίον,
3089 4539 3182 4591 καὶ
3201 4540 3300 4604 τὰς
3328 4541 3498 4613 θύρας
3516 4547 3658 4615 ἡμῖν

2066 4621 2392 4678 ἀπέκλεισεν
2435 4627 2522 4690 ἂν,
2555 4628 2614 4694 ἐξ
2652 4630 2820 4684 αὑτοῦ
2847 4631 2942 4686 τοῦ
2983 4636 3268 4706 προοιμίου
3300 4642 3514 4711 ποιήσω
3543 4661 3658 4712 φα-

2065 4720 2241 4792 νερὸν,
2272 4725 2322 4776 εί
2372 4726 2465 4778 καὶ
2494 4727 2594 4798 ἥδη
2624 4730 2812 4798 γέγονε
2843 4732 3002 4786 τοῦτο
3029 4734 3208 4804 δῆλον.

2135 4822 2199 4878 δ’.
2244 4827 2304 4880 Εί
2342 4828 2452 4900 γάρ
2481 4832 2794 4905 ἐπιγραφὴν
2832 4836 3001 4908 μόνην
3028 4840 3158 4910 ὑμῖν
3183 4843 3654 4912 ἀναγινώσκοντες

2065 4916 2158 4966 καὶ
2190 4915 2563 4988 ἐξηγούμενοι,
2583 4923 2644 4975 :6
2664 4923 2836 4993 ἣμισυ
2854 4927 2950 4998 τῆς
2968 4929 3164 5000 ἑορτῆς
3191 4932 3575 5004 ἀνηλώσαμεν,
3598 4941 3662 4997 εί,

2064 5006 2160 5058 καὶ
2186 5007 2322 5077 πρὸς
2343 5009 2404 5061 :6
2434 5010 2673 5080 πέλαγος
2694 5016 2829 5069 αὐτὸ
2857 5018 2950 5070 τοῦ
2979 5019 3183 5088 βιϐλίου
3215 5023 3322 5077 ἀπὸ
3344 5026 3438 5078 τοῦ
3463 5045 3656 5100 προοι-

2064 5096 2189 5165 μίου
2222 5099 2535 5170 ἀρξάμενοι,
2580 5104 2670 5158 τὸν
2725 5108 2883 5176 λόγον
2934 5112 3150 5178 ἀφεῖναι
3185 5096 3648 5189 ἐπεχειρήσαμεν,

2061 5189 2225 5243 πόσον
2275 5192 2342 5244 ἂν
2369 5194 2730 5266 ἀνηλώσαμεν
2771 5200 2982 5270 χρόνον,
3019 5202 3159 5256 ὥστε
3206 5206 3402 5273 φθάσαι
3455 5213 3537 5274 εἰς
3579 5213 3652 5266 τὰ

2059 5281 2200 5334 κατά
2228 5283 2319 5335 τὸν
2345 5285 2742 5360 Παῦλον-διηγή
2752 5308 2895 5359 ματα
2916 5308 2930 5357 ;
2961 5294 3179 5349 Μᾶλλον
3205 5296 3260 5349 δὲ
3288 5298 3346 5363 ἐξ
3369 5300 3532 5354 αὐτοῦ
3550 5303 3645 5355 τοῦ

2059 5375 2347 5444 προοιμίου
2379 5377 2537 5447 δῆλον
2567 5379 2696 5449 ὑμῖν
2717 5381 2875 5435 τοῦτο
2899 5386 3122 5452 ποιῆσαι
3153 5388 3511 5460 πειράσομαι,
3534 5393 3647 5446 Τὸν

2050 5461 2169 5530 μὲν
2196 5462 2431 5531 πρῶτον
2456 5469 2642 5536 λόγον
2689 5469 3069 5542 ἐποιησάμην
3125 5477 3258 5545 περὶ
3299 5479 3567 5546 πάντων,
3597 5480 3648 5538 ὧ

2059 5556 2325 5623 Θεόφιλε.
2381 5559 2532 5614 Πόσα
2575 5561 2822 5631 νομίζετε
2863 5566 3096 5621 ἐνταῦθα
3131 5564 3267 5624 εἶναι
3312 5571 3639 5644 ζητήματα;

2056 5647 2299 5718 Πρῶτον,
2324 5651 2466 5714 τίνος
2485 5653 2668 5706 ’ἐνεκεν
2701 5656 3108 5728 ἀναμιμνήσκει
3129 5661 3291 5715 αὑτὸν
3319 5662 3412 5716 τοῦ
3449 5668 3640 5736 προτέο

2060 5757 2150 5808 pou
2173 5740 2397 5810 βιϐλίου.
2429 5745 2711 5815 Δεύτερον,
2742 5749 2886 5815 τίνος
2903 5749 3087 5806 ἕνεκεν
3112 5753 3300 5822 λόγον
3330 5755 3505 5826 καλεῖ,
3543 5757 3638 5814 καὶ
