3964 6342
286 328 389 384 117

283 462 464 501 amara
490 445 661 499 dulcia
688 443 921 498 videntur
944 439 1131 511 (Prov.
1154 438 1245 492 27.
1271 438 1326 509 7)
1353 456 1366 493 :
1395 452 1501 491 non
1524 433 1664 507 quod
1688 448 1875 489 eorum

283 555 407 609 qua
434 538 678 609 apposita
706 546 864 601 sunt,
888 543 1076 587 natura
1106 539 1363 597 mutetur,
1395 529 1489 585 sed
1513 528 1657 599 quod
1688 543 1877 583 eorum

284 631 522 698 aﬂ'ectio,
551 631 641 701 qui
669 628 916 685 convivio
943 634 1068 681 sunt
1094 624 1340 693 excepti,
1368 637 1585 677 sensum
1627 620 1878 691 decipiat.

281 726 435 796 Quod
463 726 509 781 si
531 733 748 795 propter
766 720 1108 776 convivarum
1134 716 1475 788 cupiditatem
1501 731 1679 771 amara
1706 715 1878 770 dulcia

278 820 551 882 videntur,
576 816 746 871 multo
784 811 955 884 magis
980 828 1043 869 ea
1080 827 1200 881 quae
1226 810 1350 864 vilia
1388 815 1532 875 sunt,
1568 816 1877 878 sumptuosa

278 910 629 965 videbuntur.
674 909 847 977 Atque
874 906 1071 961 idcirco
1111 917 1211 958 nos
1248 916 1482 973 quoque,
1514 916 1722 955 summa
1753 900 1879 955 licet

277 1004 459 1073 inopia
492 1002 685 1072 pressi,
708 999 1017 1070 magniﬁcos
1037 997 1409 1053 convivatores
1435 995 1725 1059 imitamur,
1748 992 1875 1047 dum

276 1097 507 1168 singulis
534 1094 775 1151 collectis
799 1092 867 1147 ad
894 1100 1133 1146 nostram
1164 1104 1261 1143 vos
1289 1102 1531 1143 mensam
1564 1085 1872 1139 invitamus.

274 1188 335 1243 ιιι
368 1202 501 1242 vero
529 1186 751 1241 facimus
782 1200 889 1239 non
920 1180 1122 1237 nostris
1141 1179 1331 1252 opibus
1358 1177 1501 1246 freti,
1525 1176 1620 1232 sed
1641 1174 1783 1247 quod
1806 1174 1874 1231 de

274 1290 459 1336 vestra
490 1277 764 1333 auditione
788 1274 1144 1331 conﬁdamus.

349 1374 405 1428 ’5.
452 1369 612 1425 Pauli
650 1369 874 1423 conversi
909 1383 1025 1422 cum
1080 1366 1216 1435 pisce
1254 1364 1583 1433 comparatio.
1639 1391 1712 1401 —
1763 1359 1874 1415 To-

272 1474 392 1520 tum
424 1466 586 1536 igitur
624 1462 860 1518 debitum
903 1458 1264 1529 inscriptionis
1302 1457 1452 1511 vobis
1476 1454 1831 1527 persolvimus
1855 1494 1871 1519 ,

272 1556 644 1627 inscriptionis
668 1597 683 1622 ,
726 1555 939 1623 inquam
966 1594 981 1619 ,
1026 1552 1281 1606 Actorum
1328 1548 1763 1619 apostolicorum.
1803 1546 1873 1602 Ut

272 1650 438 1719 igitur
467 1648 673 1702 initium
704 1645 825 1700 libri
864 1645 1277 1714 attingeremus,
1315 1641 1448 1697 ordo
1490 1640 1769 1710 exigebat,
1811 1654 1874 1693 ac

269 1741 615 1803 duceremus,
668 1736 795 1809 quid
841 1736 942 1791 hoc
993 1735 1093 1791 sibi
1145 1735 1275 1789 velit
1330 1752 1343 1788 :
1396 1732 1630 1786 Primum
1672 1730 1872 1801 quidem

268 1848 561 1887 sermonem
607 1830 817 1900 fecimus
870 1829 932 1882 de
987 1828 1216 1882 omnibus
1246 1868 1260 1892 ,
1307 1842 1337 1880 ο
1389 1823 1707 1894 TlieOphile,
1760 1840 1874 1894 qua:

269 1927 424 1997 σαρξί
463 1922 614 1979 Iesus
645 1928 812 1995 facere
843 1939 903 1976 ac
930 1921 1107 1976 docere
1137 1920 1277 1990 (Act.
1308 1920 1359 1973 1.
1384 1919 1458 1990 1).
1487 1918 1869 1973 Verumtamen

270 2036 385 2074 non
430 2019 561 2072 sinit
605 2016 802 2071 Paulus
856 2023 913 2068 ut
961 2012 1100 2067 hanc
1147 2013 1341 2067 seriem
1386 2010 1591 2065 ordinis
1634 2025 1867 2079 sequar,

268 2111 373 2168 sed
413 2111 479 2164 ad
522 2125 581 2165 se
618 2123 820 2178 suaque
859 2114 1009 2161 recte
1050 2104 1185 2159 facta
1232 2103 1467 2173 linguam
1514 2110 1749 2155 nostram
1790 2101 1874 2154 in-

267 2203 429 2256 vitat.
477 2201 644 2270 Cupio
682 2213 912 2268 namque
951 2196 1131 2251 videre
1179 2194 1324 2250 illum
1366 2192 1725 2248 introductum
1773 2192 1874 2247 Da-

266 2308 514 2349 mascum
550 2335 565 2359 ,
625 2306 732 2347 non
776 2292 948 2345 ferrea
1002 2296 1227 2353 catena,
1287 2286 1382 2343 sed
1421 2286 1686 2342 dominica
1740 2301 1872 2341 voce

266 2386 534 2439 vinctum.
566 2382 737 2453 Cupio
779 2382 963 2436 videre
1000 2380 1207 2450 piscatu
1244 2389 1457 2449 captum
1499 2378 1700 2448 piscem
1730 2377 1873 2432 hunc

266 2491 549 2546 magnum,
588 2475 678 2546 qui
701 2483 872 2529 totum
899 2482 1200 2527 exaestuans
1227 2486 1375 2526 mare
1419 2470 1733 2536 conturbat,
1779 2470 1870 2539 qui

266 2568 471 2623 fluctus
511 2566 819 2621 innumeros
864 2563 1123 2618 adversus
1171 2561 1465 2617 Ecclesiam
1514 2561 1727 2615 excitat.
1763 2560 1871 2615 Cu-

266 2662 367 2732 pio
411 2660 595 2715 videre
647 2659 822 2729 ipsum
861 2658 1066 2727 piscatu
1113 2664 1327 2725 captum
1375 2669 1480 2709 non
1524 2653 1714 2720 hamo,
1774 2650 1870 2708 sed

266 2753 457 2807 verbis
486 2750 721 2805 Domini.
752 2749 884 2805 Nam
912 2748 1360 2819 quemadmodum
1396 2746 1449 2801 in
1493 2746 1706 2800 sublimi
1736 2760 1870 2815 rupe

267 2844 566 2901 eonsidens
593 2846 825 2915 piscator
849 2883 866 2909 ,
909 2852 963 2897 et
989 2842 1301 2896 arundinem
1332 2840 1581 2895 attollens
1606 2882 1619 2904 ,
1652 2840 1867 2893 hamum

264 2939 345 2992 ab
382 2938 490 2991 alto
518 2937 570 2991 in
618 2950 767 2991 mare
808 2934 1041 2990 demittit
1071 2952 1084 2988 :
1114 2933 1191 2989 sic
1230 2934 1478 2987 nimirum
1521 2942 1576 2987 et
1611 2931 1869 2986 Dominus

264 3038 461 3083 noster
488 3027 815 3098 spiritualem
848 3026 1109 3081 exhibens
1143 3026 1466 3095 piscaturam
1512 3033 1781 3095 tamquam
1812 3023 1867 3079 in

264 3123 488 3179 sublimi
514 3123 767 3177 caelorum
796 3135 929 3191 rupe
955 3119 1262 3185 eonsidens,
1292 3118 1437 3173 velut
1457 3117 1617 3173 hamo
1637 3116 1867 3189 quodam

263 3216 507 3284 desuper
536 3214 637 3269 hac
662 3228 793 3268 voce
820 3207 984 3267 missa
1012 3226 1133 3267 cum
1161 3211 1423 3276 dixisset,
1460 3209 1621 3266 Saule
1640 3252 1654 3275 ,
1685 3210 1865 3277 Saule,

261 3307 398 3377 quid
426 3322 506 3360 me
531 3305 838 3375 persequeris
878 3303 1025 3374 (Act.
1064 3303 1118 3357 9.
1153 3300 1250 3374 4)?
1276 3302 1475 3372 piscem
1507 3302 1651 3357 hunc
1676 3303 1866 3372 ingen-

264 3410 385 3455 tem
425 3399 660 3469 piscatus
697 3408 800 3453 est.
842 3398 909 3452 Et
947 3396 1090 3467 quod
1134 3397 1189 3450 in
1228 3396 1377 3466 pisce
1417 3396 1661 3466 contigit,
1707 3411 1867 3466 quem

264 3490 431 3560 jussu
459 3489 666 3543 Domini
697 3489 930 3559 piscatus
955 3496 1039 3543 est
1062 3488 1256 3543 Petrus
1276 3528 1291 3552 ,
1317 3487 1419 3541 hoc
1447 3496 1502 3542 et
1531 3487 1585 3540 in
1613 3488 1714 3541 isto
1742 3500 1869 3543 eve-

263 3582 377 3637 nit.
406 3580 679 3650 Siquidem
717 3579 805 3635 hic
832 3594 1047 3650 quoque
1080 3579 1242 3649 piscis
1270 3579 1321 3632 in
1348 3594 1443 3634 ore
1472 3588 1726 3634 staterem
1768 3579 1866 3632 ha-

262 3674 409 3729 bens
450 3674 696 3729 inventus
724 3680 839 3736 est;
887 3680 1140 3727 staterem
1186 3671 1439 3741 quidem,
1479 3670 1571 3726 sed
1614 3670 1869 3725 adulteri-

264 3781 404 3820 num
439 3785 451 3820 :
479 3766 675 3835 quippe
712 3764 802 3835 qui
829 3763 1001 3819 zelum
1034 3763 1282 3827 haberet,
1315 3762 1409 3817 sed
1438 3778 1543 3816 non
1570 3761 1864 3816 secundum

262 3860 572 3914 scientiam.
604 3857 894 3928 Propterea
924 3870 1045 3910 cum
1072 3856 1349 3910 scientiam
1377 3854 1449 3908 illi
1474 3855 1695 3924 largitus
1723 3862 1868 3907 esset

263 3952 451 4017 Deus,
484 3949 709 4019 probum
738 3948 885 4002 illum
914 3962 1191 4001 nummum
1228 3946 1461 4001 reddidit
1493 3963 1506 3999 :
1535 3956 1589 3999 et
1613 3944 1755 4015 quod
1786 3946 1866 4014 pi-

262 4051 425 4095 scatu
450 4040 617 4108 captis
644 4037 839 4093 accidit
880 4037 1114 4107 piscibus
1136 4077 1151 4102 ,
1196 4037 1297 4091 hoc
1326 4045 1381 4091 et
1421 4036 1474 4090 in
1518 4036 1621 4089 isto
1650 4035 1863 4090 accidit.

262 4132 406 4187 Nam
438 4141 493 4185 ut
520 4131 593 4185 illi
616 4146 737 4186 cum
768 4131 999 4201 primum
1024 4130 1245 4185 extracti
1272 4144 1303 4185 e
1331 4130 1465 4185 mari
1494 4129 1708 4196 fuerint,
1737 4144 1868 4184 con-

261 4225 451 4280 festim
478 4226 604 4280 czeci
634 4224 766 4279 ﬁunt
799 4243 813 4277 :
844 4224 922 4280 sic
948 4232 1003 4278 et
1027 4224 1127 4279 iste
1156 4222 1436 4278 confestim
1468 4223 1682 4277 hamum
1704 4238 1864 4279 exce-

262 4317 370 4387 pit,
399 4327 452 4371 et
473 4325 743 4372 extractus
759 4315 1043 4371 confestim
1071 4324 1154 4371 est
1178 4326 1475 4370 exctecatus
1504 4332 1519 4369 :
1550 4329 1734 4370 verum
1767 4331 1865 4369 cx-

260 4412 489 4465 czecatio
504 4408 621 4464 haec
641 4409 835 4474 effecit,
855 4418 913 4465 ut
935 4418 1080 4465 totus
1096 4409 1241 4465 orbis
1259 4418 1518 4464 terrarum
1535 4410 1707 4464 visum
1731 4409 1867 4463 reci-

263 4511 443 4571 peret.
473 4501 599 4555 llaec
634 4501 794 4569 igitur
821 4504 998 4555 omnia
1029 4502 1188 4570 cupio
1216 4516 1459 4555 cernere.
1486 4499 1620 4555 Nam
1656 4500 1701 4555 si
1728 4500 1864 4555 forte

260 4592 467 4646 bellum
499 4606 597 4645 nos
617 4592 950 4647 barbaricum
972 4590 1396 4655 circumsideret,
1420 4592 1544 4646 etin
1568 4591 1733 4647 aciem
1757 4591 1865 4646 dis-

262 4685 427 4756 positi
445 4685 627 4739 hostes
648 4686 924 4740 innumera
944 4685 1098 4740 nobis
1115 4686 1326 4756 negotia
1351 4686 1695 4751 facesserent,
1710 4686 1863 4741 dein-

260 4777 334 4832 de
356 4776 705 4831 harbarorunt
730 4778 997 4833 exercitus
1021 4777 1237 4841 ductor,
1261 4777 1351 4847 qui
1373 4777 1633 4832 machinis
1653 4792 1748 4832 nos
1770 4793 1865 4847 0p-

260 4880 531 4939 pugnaret
556 4869 873 4937 innumeris,
905 4884 1099 4938 resque
1126 4877 1338 4923 nostras
1366 4884 1555 4924 omnes
1579 4869 1864 4924 conturba-

261 4971 377 5025 ret,
406 4968 462 5014 et
483 4961 711 5014 tumultu
733 4976 796 5015 ac
816 4961 1216 5031 perturbatione
1236 4962 1544 5032 compleret,
1571 4962 1757 5016 urbem
1779 4962 1863 5031 ip-

260 5068 378 5105 sam
405 5051 645 5105 funditus
664 5068 973 5108 eversurum
995 5068 1055 5107 se
1080 5053 1392 5117 minaretur,
1416 5063 1470 5108 et
1490 5055 1609 5123 igne
1636 5069 1861 5109 succen-

260 5159 476 5208 surum,
507 5145 596 5212 qui
628 5145 939 5199 servitutem
959 5145 1267 5211 intentaret,
1289 5144 1570 5201 confestim
1606 5145 1860 5215 abimpe-

260 5245 443 5289 ratore
461 5244 646 5290 nostro
663 5235 870 5291 vinctus
891 5246 943 5291 et
961 5237 1203 5306 captivus
1226 5238 1274 5290 in
1292 5237 1477 5292 urbem
1497 5239 1863 5294 introducere-

262 5338 371 5386 tur,
400 5342 579 5381 nonne
606 5343 795 5383 onmes
820 5343 949 5384 cum
972 5330 1281 5385 mulieribus
1310 5340 1363 5385 et
1390 5331 1625 5401 puerulis
1652 5331 1717 5385 ad
1742 5348 1863 5401 spe-

261 5418 532 5472 ctaculum
552 5417 678 5473 illud
701 5420 1315 5489 exsiliremus?Quando
1336 5422 1494 5491 igitur
1518 5433 1569 5476 et
1592 5438 1731 5477 nunc
1759 5423 1863 5477 bel-

263 5512 374 5565 lum
406 5522 489 5566 est
512 5513 791 5579 indictum,
824 5512 948 5567 dum
978 5515 1158 5568 omnia
1188 5513 1519 5568 confundunt
1544 5514 1864 5585 turbantque

266 5604 467 5670 Judaei,
503 5614 557 5659 et
584 5605 763 5661 multis
794 5606 1056 5660 machinis
1085 5605 1339 5661 Ecclesia:
1360 5606 1595 5676 quietem
1622 5622 1683 5660 ac
1711 5622 1863 5661 secu-

263 5698 479 5752 ritatem
509 5708 849 5769 oppugnant;
892 5708 1051 5769 caput
1072 5709 1248 5754 autem
1274 5710 1328 5754 et
1355 5700 1602 5770 princeps
1630 5699 1859 5754 hostium

267 5799 393 5841 cum
417 5800 565 5847 esset
600 5791 817 5857 Paulus,
844 5795 931 5864 qui
969 5792 1170 5865 majora
1200 5808 1357 5866 quam
1388 5794 1567 5851 czeteri
1597 5793 1855 5864 faciebat,

823 324 888 380 IN
929 322 1154 390 ILLUD,
1193 318 1459 378 SAULUS
1494 319 1726 377 ΔΙ)ἰίῢο
1765 318 2070 377 ΞΡῘΒᾹΝΞ.
2118 323 2203 379 DE
2246 327 2643 387 MUTATIONE
2670 332 3001 391 NOMINUM.
3041 334 3086 390 ἔ.

3474 341 3575 398 118

1991 449 2053 491 ac
2081 436 2310 507 disebat,
2350 443 2437 512 qui
2464 455 2653 501 cuncta
2692 448 2947 504 miscebat
2971 459 3024 506 et
3049 452 3398 508 centumabat
3420 497 3436 522 ,
3461 455 3574 525 jam

1990 544 2019 582 a
2050 529 2275 587 Domino
2304 544 2486 590 nostro
2506 537 2633 591 Jesu
2658 536 2868 595 Christo
2898 541 3223 612 lmperatore
3249 555 3432 600 nostro
3460 547 3576 601 vin-

1991 635 2107 679 ctus
2135 638 2235 689 est,
2268 636 2323 681 et
2362 630 2602 699 captivus
2627 632 2885 687 abductus
2915 635 3003 705 qui
3033 646 3221 691 cuncta
3255 624 3451 709 susque
3476 638 3575 695 de-

1989 730 2095 785 que
2134 719 2413 787 vertebat,
2459 737 2565 775 non
2594 722 2659 776 ad
2686 727 3044 794 spectaculum
3076 728 3213 783 istud
3239 730 3577 799 egrediemur

1987 823 2195 876 omnes,
2221 820 2277 865 ut
2296 814 2561 883 captivum
2584 815 2757 885 ipsum
2785 817 2907 873 duci
2928 817 3233 875 videamus?
3253 820 3384 876 Nam
3406 832 3459 878 et
3478 839 3576 878 an-

1986 901 2089 969 geli
2120 917 2240 957 cum
2289 920 2320 960 e
2364 907 2511 961 caelis
2551 908 2723 977 ipsum
2768 909 2889 965 duci
2934 912 3201 982 captivum
3248 923 3567 983 cernerent,

1985 995 2324 1053 exsultabant
2352 1017 2366 1053 :
2399 1016 2507 1054 non
2550 1001 2694 1071 quod
2724 1003 2961 1058 vinctum
3000 1014 3285 1061 cernerent
3322 1015 3525 1063 tantum
3552 1050 3568 1073 ,

1983 1089 2077 1144 sed
2108 1092 2229 1160 quia
2251 1133 2266 1158 ,
2302 1104 2461 1163 quam
2492 1094 2686 1149 multos
2712 1093 2954 1151 homines
2978 1110 3009 1150 a
3038 1095 3261 1151 vinculis
3287 1097 3571 1167 expeditu-

1983 1198 2076 1237 rus
2106 1193 2286 1249 esset,
2319 1186 2625 1255 cogitabant
2655 1206 2668 1242 :
2702 1203 2805 1241 non
2847 1188 2988 1259 quod
3018 1205 3177 1244 manu
3205 1189 3328 1245 duci
3358 1198 3571 1260 specta-
3658 1242 3667 1251 .

1982 1282 2122 1339 rent,
2155 1275 2247 1329 sed
2269 1276 2410 1345 quod
2438 1288 2616 1333 mente
2641 1287 2939 1345 versarent,
2972 1294 3132 1350 quam
3161 1281 3357 1336 multos
3385 1281 3560 1335 homi-

1982 1377 2079 1417 nes
2108 1364 2159 1417 in
2191 1366 2378 1420 cmlum
2408 1382 2439 1421 e
2467 1367 2626 1422 terris
2655 1368 2847 1438 injecta
2880 1385 3038 1425 manu
3066 1380 3210 1426 esset
3238 1371 3571 1427 introductu-

1982 1470 2094 1509 rus.
2126 1456 2417 1528 Pr0pterea
2448 1460 2779 1529 gaudebant,
2810 1477 2917 1515 non
2953 1463 3095 1533 quod
3132 1472 3456 1519 excmcatum
3484 1466 3568 1519 vi-

1982 1549 2197 1617 derent,
2228 1552 2322 1606 sed
2346 1553 2486 1622 quod
2514 1554 2891 1625 intelligerent,
2921 1566 3149 1626 quantos
3186 1567 3330 1614 esset
3354 1576 3383 1613 c
3411 1568 3567 1615 tene-

1979 1640 2091 1695 bris
2142 1642 2432 1698 educturus
2486 1663 2499 1698 :
2555 1645 2907 1702 Proﬁciscere
2960 1663 3213 1718 namque,
3264 1649 3451 1719 inquit,
3500 1652 3567 1705 ad

1978 1742 2186 1801 gentes,
2213 1742 2267 1788 et
2295 1749 2325 1788 a
2357 1734 2590 1790 tenebris
2618 1736 2872 1792 liberatos
2900 1738 2950 1792 in
2973 1754 3194 1808 regnum
3222 1756 3313 1795 eos
3335 1741 3569 1797 dilectio—

1980 1824 2062 1876 nis
2093 1822 2290 1879 Christi
2337 1828 2643 1882 transferes.
2675 1828 2966 1899 PrOpterea
3002 1831 3169 1885 misso
3208 1833 3427 1889 exordio
3452 1875 3466 1889 .
3498 1836 3565 1890 ad

1978 1913 2212 1969 medium
2238 1930 2466 1986 propero
2496 1920 2762 1975 transilire
2794 1937 2808 1975 :
2832 1937 2952 1976 nam
2975 1922 3171 1979 Paulus
3194 1927 3319 1980 etin
3345 1934 3566 1982 mutum

1978 2019 2130 2061 amor
2158 2006 2297 2063 hunc
2324 2008 2455 2063 dare
2480 2010 2673 2065 saltum
2701 2027 2799 2067 nos
2826 2014 3019 2083 coegit.
3047 2014 3241 2070 Paulus
3262 2025 3315 2070 et
3344 2017 3395 2071 in
3422 2019 3566 2074 Pau-

1978 2097 2088 2151 lum
2128 2113 2299 2153 amor.
2344 2099 2604 2170 Ignoscite
2634 2103 2762 2158 mihi
2797 2105 2922 2161 :vol
2956 2107 3167 2175 potius,
3205 2109 3369 2163 nolite
3410 2111 3566 2180 igno-

1978 2204 2130 2245 scere
2149 2230 2166 2255 ,
2201 2190 2296 2245 sed
2326 2202 2381 2246 et
2413 2207 2652 2249 amorem
2684 2196 2841 2249 istum
2871 2197 3213 2253 annulamini.
3241 2198 3373 2254 Nam
3403 2201 3448 2255 is
3475 2201 3566 2272 qui

1978 2284 2123 2353 turpi
2161 2299 2345 2339 arnore
2372 2296 2652 2356 correptus
2676 2297 2792 2355 est,
2826 2289 3020 2345 merito
3047 2293 3254 2346 veniam
3284 2293 3516 2361 postulat
3547 2311 3561 2349 :

1976 2374 2069 2445 qui
2097 2390 2227 2430 vero
2269 2377 2531 2446 ejusmodi
2559 2394 2742 2435 amore
2771 2378 2996 2450 flagrat,
3044 2382 3145 2438 hac
3168 2384 3417 2454 cupidine
3452 2386 3568 2455 glo-

1975 2467 2165 2529 rietur.
2207 2469 2511 2539 multosque
2541 2469 2699 2525 faciat
2730 2471 2981 2527 desiderii
3016 2474 3169 2528 istius
3195 2477 3480 2543 participes
3512 2483 3568 2532 et

1976 2558 2290 2615 innumeros
2310 2572 2584 2632 comparet
2609 2563 2709 2617 sibi
2737 2564 2951 2619 rivales.
2984 2564 3204 2641 Si.enim
3239 2566 3351 2621 ﬁeri
3384 2577 3567 2637 ,πρεξεδε

1976 2659 2035 2705 ut
2060 2662 2205 2707 recta
2225 2653 2310 2708 via
2339 2663 2645 2724 pergentes,
2671 2664 2726 2710 et
2746 2655 2935 2711 ordine
2962 2658 3363 2727 progredientes
3386 2660 3563 2729 priora

1974 2743 2277 2800 diceremus
2302 2786 2318 2812 ,
2352 2755 2408 2801 et
2442 2747 2511 2801 ad
2546 2762 2607 2802 ea
2638 2764 2756 2818 quas
2798 2749 2851 2803 in
2881 2750 3058 2805 medio
3098 2760 3223 2805 sunt
3261 2767 3565 2821 pervenire-

1974 2854 2096 2894 mus
2119 2880 2132 2904 ,
2161 2855 2498 2910 nequaquam
2529 2841 2730 2896 omisso
2761 2842 3021 2912 principio
3049 2843 3328 2898 confestim
3354 2844 3422 2899 ad
3453 2860 3565 2900 me-

1974 2931 2119 2986 dium
2141 2932 2478 2989 venissemus
2508 2952 2522 2988 :
2546 2934 2637 2989 sed
2660 2936 2910 3005 quoniam
2942 2945 3063 3006 post
3091 2936 3443 2993 Pentecostcu
3469 2938 3565 2993 de-

1975 3025 2099 3093 poni
2145 3025 2338 3080 librum
2379 3025 2465 3080 lex
2495 3036 2705 3096 patrum
2734 3027 2887 3097 jubet
2912 3068 2924 3090 .
2957 3036 3013 3081 et
3046 3043 3148 3081 una
3176 3044 3295 3082 cum
3327 3029 3432 3083 ﬁne
3470 3045 3563 3086 so-

1973 3114 2266 3171 lemnitatis
2294 3115 2451 3185 hujus
2483 3116 2640 3172 lectio
2668 3117 2787 3173 libri
2814 3119 3127 3173 terminatur
3150 3158 3165 3184 ,
3194 3120 3395 3173 veritus
3420 3134 3560 3189 smn,

1974 3226 2042 3265 ne
2070 3210 2193 3265 dum
2220 3212 2273 3266 in
2301 3214 2631 3283 exponendis
2659 3216 2932 3285 procemiis
2951 3231 3273 3287 occupamur
3294 3227 3345 3272 et
3367 3219 3563 3272 immo-

1974 3319 2157 3359 ramur
2176 3347 2191 3371 ,
2222 3304 2459 3361 historia:
2483 3307 2653 3363 series
2678 3324 2777 3363 nos
2808 3310 2952 3378 prius
2979 3309 3271 3381 effugeret,
3303 3326 3460 3381 quam
3490 3311 3562 3365 ilo

1974 3394 2082 3450 lam
2131 3411 2407 3465 possemus
2435 3398 2717 3469 attingere.
2765 3399 2966 3454 Idcirco
3008 3416 3038 3455 a
3083 3402 3341 3470 principio
3374 3416 3562 3455 narra-

1976 3486 2135 3541 tionis
2159 3487 2221 3542 ad
2255 3488 2357 3542 alia
2387 3504 2702 3559 properans,
2735 3501 2789 3546 et
2813 3494 3129 3561 prommium
3162 3492 3397 3548 historice
3422 3502 3560 3547 tam-

1972 3593 2129 3647 quam
2158 3593 2186 3631 a
2217 3580 2502 3649 posteriori
2533 3582 2721 3651 capitis
2746 3592 2896 3651 parte
2927 3584 3251 3653 prehensum
3282 3586 3518 3640 retinens
3539 3580 3561 3653 ,‘

1972 3683 2191 3723 manere
2217 3685 2313 3724 vos
2334 3671 2490 3739 jussi,
2519 3681 2574 3727 et
2596 3673 2646 3726 in
2670 3674 2929 3745 principio
2952 3675 3051 3729 via:
3076 3676 3385 3731 subsistere.
3410 3676 3562 3730 Post-

1972 3776 2131 3829 quam
2176 3762 2320 3815 enim
2363 3764 2683 3818 narrationis
2721 3774 2881 3835 caput
2921 3766 3146 3835 attigero
3173 3809 3187 3831 ,
3228 3767 3561 3824 conﬁdenter

1972 3854 2227 3925 deinceps
2252 3871 2371 3925 qua:
2396 3865 2712 3924 sequuntur,
2734 3858 2975 3927 quamvis
3000 3858 3190 3935 festum
3220 3860 3559 3929 prmterierit,

1970 3954 2161 4001 cuncta
2206 3961 2546 4016 percurram;
2590 3962 2765 4017 neque
2806 3964 2934 4004 vero
2978 3965 3076 4005 nos
3113 3965 3367 4007 accusare
3410 3952 3561 4022 quis-

1972 4054 2130 4109 quam
2159 4028 2375 4110 poterit,
2402 4040 2543 4111 quod
2575 4041 3003 4112 intempestivam
3036 4044 3396 4099 narrationem
3422 4044 3559 4100 aﬁ‘e-

1971 4148 2153 4187 ramus
2178 4174 2193 4198 ,
2224 4148 2344 4188 cum
2387 4133 2591 4188 ordinis
2632 4134 2798 4205 ipsius
2832 4137 3126 4191 necessitas
3153 4137 3297 4190 omni
3340 4152 3439 4192 nos
3478 4137 3562 4191 in.

1972 4225 2273 4294 tempeStivi
2315 4227 2611 4295 argumenti
2657 4229 2997 4283 accusatione
3025 4230 3215 4284 liberet
3246 4247 3259 4282 :
3292 4246 3451 4300 quam
3492 4230 3562 4284 ob

1971 4330 2186 4369 causam
2227 4331 2256 4369 a
2294 4316 2557 4386 prooemio
2602 4317 2668 4372 ad
2702 4318 2933 4373 medium
2961 4334 3130 4390 usque
3169 4321 3402 4376 decurri.
3445 4320 3561 4377 Non

1971 4406 2113 4459 enim
2148 4406 2263 4460 ﬁeri
2305 4408 2539 4476 potuisse
2560 4449 2574 4472 ,
2617 4408 2660 4461 si
2689 4417 2833 4463 recta
2862 4409 2943 4463 via
2978 4412 3244 4479 progressi
3283 4425 3523 4466 essemus
3544 4454 3559 4476 ,

1972 4506 2030 4551 ut
2058 4497 2123 4552 ad
2154 4497 2377 4552 Paulum
2421 4500 2821 4567 perveniremus
2846 4542 2861 4566 ,
2906 4500 2999 4555 sed
3043 4501 3279 4571 linguam
3320 4513 3559 4556 nostram

1970 4589 2119 4657 prius
2143 4604 2427 4644 evasurum
2454 4588 2625 4645 fuisse
2652 4590 2844 4644 librum
2867 4631 2883 4656 ,
2919 4592 3178 4662 nobisque
3212 4591 3353 4646 fores
3374 4593 3559 4647 occlu-

1970 4694 2151 4735 surum
2172 4721 2188 4747 ,
2219 4695 2282 4735 ex
2325 4681 2491 4751 ipsius
2522 4680 2767 4750 prooemii
2796 4682 3130 4751 expositione
3154 4682 3556 4751 demonstrabo,

1974 4774 2184 4827 tametsi
2209 4776 2318 4843 jam
2355 4773 2485 4827 illud
2515 4788 2573 4828 re
2603 4773 2716 4843 ipsa
2747 4773 3066 4842 patefactum
3095 4782 3196 4828 est.

2040 4865 2095 4918 4.
2127 4864 2259 4919 Nam
2286 4867 2330 4919 si
2361 4865 2487 4919 dum
2519 4864 2687 4919 solam
2716 4864 2867 4919 vobis
2899 4864 3295 4933 inscriptionem
3335 4864 3564 4934 legimus

1970 4965 2026 5012 et
2054 4972 2386 5023 enarramus,
2418 4956 2696 5011 dimidium
2721 4956 3073 5011 solemnitatis
3104 4956 3562 5027 consumpsimus,

1972 5051 2017 5106 si
2045 5051 2112 5105 ab
2137 5051 2358 5105 exordio
2386 5049 2540 5105 initio
2582 5052 2720 5105 facto
2758 5050 2814 5103 in
2842 5049 3012 5119 ipsum
3044 5048 3164 5103 libri
3192 5049 3408 5119 pelagus
3442 5066 3563 5103 ora-

1970 5144 2171 5197 tionem
2207 5142 2492 5197 immittere
2513 5142 2880 5211 caapissemus,
2900 5151 3174 5210 quantum,
3194 5156 3397 5210 quaeso,
3428 5150 3563 5196 tem-

1970 5235 2115 5306 poris
2146 5234 2591 5304 impendissemus
2613 5275 2629 5300 ,
2663 5242 2721 5288 ut
2751 5233 2817 5287 ad
2850 5233 2965 5286 illas
3006 5232 3074 5287 de
3104 5232 3269 5287 Paulo
3298 5233 3559 5287 narratio-

1970 5342 2067 5382 nes
2095 5326 2535 5396 perveniremus?
2566 5326 2677 5379 lmo
2711 5339 2838 5377 vero
2866 5339 2931 5379 ex
2969 5324 3085 5393 ipso
3116 5324 3378 5392 prnmmio
3408 5324 3562 5376 Vobis

1971 5419 2074 5474 hoc
2101 5420 2270 5488 ipsum
2292 5417 2528 5473 conabor
2551 5415 2855 5471 ostendere.
2886 5413 3119 5468 Primum
3140 5415 3340 5485 quidem
3368 5430 3559 5467 sermo-

1970 5529 2085 5567 nem
2121 5512 2217 5582 feci
2259 5511 2322 5565 de
2348 5508 2612 5574 omnibus,
2657 5524 2687 5561 ο
2725 5506 3009 5577 Theophila
3035 5506 3171 5577 (Act.
3211 5507 3262 5560 1.
3304 5506 3379 5575 1).
3420 5503 3559 5569 Quot

1970 5603 2291 5659 existimatis
2334 5601 2419 5654 hic
2449 5613 2570 5655 esse
2607 5598 2974 5669 quaestiones?
3017 5597 3253 5651 Primum
3299 5593 3512 5663 quidem
3540 5635 3558 5659 ,

1971 5711 2131 5766 quam
2167 5694 2238 5749 ob
2264 5708 2479 5749 causam
2516 5691 2750 5762 priorem
2792 5689 2985 5745 librum
3028 5689 3080 5743 in
3119 5686 3433 5742 memoriam
3478 5686 3556 5739 illi

1975 5795 2208 5846 revocet.
2233 5784 2500 5853 Sccwtdo,
2532 5798 2689 5855 quam
2716 5781 2785 5839 ob
2811 5795 3022 5838 causam
3059 5779 3355 5835 Sermonem
3378 5785 3556 5845 vocet,
