3964 6342
360 311 464 366 H9

351 436 410 482 ct
442 443 546 482 non
579 427 929 501 Evangelium
963 451 975 487 :
1008 439 1219 492 tametsi
1252 438 1446 496 Paulus
1476 441 1823 511 Evangelium
1872 444 1940 499 il-

353 516 464 573 lum
495 528 649 575 vocat
671 562 687 587 ,
730 521 855 576 dum
888 523 967 579 sic
992 526 1067 580 ait
1101 545 1115 581 :
1146 528 1306 601 Cujus
1335 528 1448 586 laus
1490 542 1563 588 est
1591 535 1645 587 in
1688 537 1945 607 evangelio

352 625 443 678 per
468 626 639 665 omnes
670 611 925 668 Ecclesias
966 616 1043 686 (2.
1077 616 1194 673 Cor.
1238 620 1292 675 8.
1328 620 1460 693 18),
1501 623 1569 679 de
1610 624 1750 680 Luca
1781 627 1944 683 verba

353 698 578 756 faciens.
610 701 791 759 Tertio
827 720 929 775 qua
967 708 1034 763 de
1066 724 1224 764 causa
1255 711 1428 778 dicat,
1459 713 1534 769 De
1570 718 1798 773 omnibus
1833 735 1947 790 quia

353 789 473 856 fecit
518 789 689 847 Jesus.
745 793 799 848 Si
839 796 982 851 enim
1024 797 1261 857 Joannes
1302 803 1498 859 Christi
1546 806 1805 876 dilectus,
1845 789 1946 881 qui

355 891 498 937 tanta
533 885 723 941 ﬁducia
745 890 1021 961 gratiaque
1047 894 1186 963 apud
1216 896 1363 951 illum
1389 899 1618 964 valebat,
1650 904 1733 955 cui
1761 902 1945 959 datum

356 971 549 1041 fuerat,
583 986 642 1031 ttt
667 994 827 1049 supra
856 997 1068 1039 sacrum
1099 987 1228 1042 illud
1262 1000 1448 1059 pectus
1470 994 1826 1061 recumberet,
1854 998 1945 1065 qui

355 1066 575 1135 spiritus
596 1068 771 1126 fontes
798 1074 921 1129 inde
953 1076 1221 1147 hauserat,
1258 1081 1343 1137 hic
1371 1082 1500 1137 illud
1525 1085 1703 1141 dicere
1725 1087 1946 1146 minimc

357 1171 519 1213 ausus
543 1170 645 1225 est,
663 1162 758 1217 sed
788 1174 985 1219 tantam
1008 1170 1308 1226 cautionem
1332 1172 1591 1236 adhibuit.
1620 1186 1678 1230 ut
1701 1177 1903 1235 diceret
1929 1200 1944 1236 :

358 1247 421 1301 Si
449 1252 733 1307 scribantur
760 1272 849 1326 per
872 1260 1073 1329 singula
1099 1263 1269 1317 omnia
1295 1306 1311 1329 ,
1355 1283 1469 1337 qua:
1507 1271 1625 1338 fecit
1670 1269 1902 1327 Christus
1926 1316 1942 1339 ,

357 1356 448 1393 nec
474 1342 641 1413 ipsum
666 1346 889 1419 arbitror
915 1352 1157 1405 mundum
1188 1370 1367 1425 capere
1392 1374 1538 1429 posse
1562 1377 1646 1415 eos
1665 1402 1678 1425 ,
1708 1365 1793 1433 qui
1814 1366 1946 1418 scri-

356 1434 505 1488 bendi
548 1446 707 1503 sunt,
751 1440 903 1495 libros
947 1442 1125 1515 (Joan.
1158 1446 1248 1501 2L
1286 1449 1379 1518 25)
1412 1469 1425 1505 :
1456 1455 1725 1522 quomodo
1767 1456 1947 1513 dicere

357 1522 444 1579 hic
472 1542 634 1583 ausus
659 1541 741 1585 cst
769 1549 781 1583 :
812 1532 1044 1588 Primum
1066 1538 1268 1604 quidem
1292 1557 1570 1597 sermonem
1588 1548 1683 1615 feci
1699 1549 1762 1601 de
1785 1550 1949 1602 omni-

356 1621 468 1683 bus,
502 1636 532 1674 o
561 1620 861 1693 TlteOphile,
887 1644 1003 1697 quse
1026 1632 1147 1701 fecit
1171 1631 1326 1688 Jesus
1350 1633 1501 1705 (Luc.
1529 1639 1579 1693 1.
1606 1633 1701 1710 1)?
1725 1656 1792 1696 an
1820 1658 1947 1698 vero

356 1724 517 1778 parva
539 1713 694 1769 nobis
719 1715 834 1772 ha-c
862 1721 1088 1789 quaestio
1113 1723 1363 1780 videtur?
1384 1728 1559 1798 Atque
1580 1730 1687 1786 tllic
1707 1733 1943 1802 quidem,

358 1800 563 1870 Optime
600 1803 913 1879 Neap/tite,
948 1827 1143 1868 nomen
1185 1830 1309 1871 cum
1343 1817 1500 1875 laude
1543 1800 1775 1891 positum
1814 1800 1944 1881 est:

355 1908 531 1963 neque
560 1896 702 1951 enim
746 1899 849 1956 hoc
888 1902 1004 1959 sine
1046 1922 1207 1962 causa
1248 1908 1450 1965 dictum
1498 1922 1582 1969 est
1621 1917 1839 1972 sanctis.
1878 1919 1948 1974 Et

354 1982 496 2039 forte
534 1985 663 2042 illud
690 2004 755 2045 ex
802 2002 954 2061 parte
996 1995 1522 2070 demonstravimus,
1566 2021 1738 2077 neque
1781 2025 1950 2065 unum

356 2076 461 2131 iota
485 2118 502 2145 ,
548 2094 721 2151 neque
756 2086 962 2155 apicem
1010 2105 1178 2147 unum
1214 2102 1418 2151 temere
1459 2098 1690 2167 positum
1732 2117 1852 2157 esse
1891 2104 1945 2158 in

353 2168 663 2239 Scripturis.
711 2173 765 2231 Si
806 2192 936 2249 ergo
971 2190 1051 2236 tot
1093 2199 1157 2239 ae
1198 2194 1361 2242 tautae
1406 2201 1532 2245 sunt
1578 2192 1630 2246 in
1682 2196 1946 2264 prommio

353 2263 712 2332 quaestiones,
752 2282 1008 2339 quantum
1054 2275 1207 2331 nobis
1237 2283 1494 2349 temporis
1528 2263 1944 2354 impendentium

356 2352 564 2420 fuisset,
594 2359 639 2412 si
668 2364 847 2417 omnia
875 2380 994 2435 quae
1023 2371 1403 2440 sequebantur,
1435 2352 1795 2437 voluissemus
1822 2399 1947 2455 per-

353 2450 621 2505 currere?
651 2451 755 2509 llas
779 2456 849 2511 ob
877 2472 1087 2526 causas,
1117 2469 1491 2532 prsetermissis
1520 2487 1639 2541 quae
1667 2474 1944 2546 interjccta

354 2547 526 2605 erant,
554 2552 773 2600 coactus
792 2562 909 2601 sum
936 2550 1001 2605 ad
1028 2552 1247 2610 Paulum
1272 2558 1473 2615 venire.
1503 2561 1613 2617 Cur
1634 2565 1792 2635 igitur
1824 2584 1949 2636 pro-

355 2633 543 2701 positis
586 2641 971 2706 quaestionibus
1011 2662 1197 2703 earum
1228 2652 1549 2710 solutionem
1594 2633 1698 2713 non
1744 2633 1946 2732 adjeci-

352 2726 512 2780 mus?
562 2727 631 2785 Ut
678 2733 881 2789 scilicet
925 2753 1019 2792 vos
1066 2744 1523 2803 assuefaceremus
1574 2766 1681 2805 non
1731 2769 1948 2825 semper

353 2832 596 2874 mansum
624 2826 870 2895 excipere
889 2830 1085 2897 cibum,
1109 2835 1203 2889 sed
1228 2850 1597 2907 saepenumero
1620 2844 1943 2904 solutionem

352 2914 633 2969 sententiis
677 2932 773 2987 per
815 2934 910 2976 vos
952 2927 1096 2993 ipsos
1134 2926 1448 3000 adjungere,
1477 2935 1619 3004 quod
1652 2935 1827 2994 facere
1854 2955 1944 2995 so-

355 3002 778 3065 lentcolumhae.
831 3012 1103 3084 Siquidem
1148 3019 1257 3073 illm
1300 3024 1472 3091 pullos
1495 3002 1768 3095 quamdiu
1820 3032 1945 3101 qui-

351 3094 472 3149 dem
506 3097 558 3151 in
587 3100 713 3154 nido
733 3117 971 3171 manent,
998 3125 1093 3165 ore
1120 3114 1334 3184 proprio
1360 3119 1598 3173 nutriunt
1622 3138 1636 3175 :
1661 3131 1939 3194 postquam

351 3196 531 3243 autem
558 3190 756 3260 ejicere
786 3195 905 3252 illos
945 3214 976 3255 e
1021 3202 1148 3258 nido
1188 3216 1451 3274 possunt,
1494 3212 1679 3282 eisque
1714 3225 1943 3272 cernunt

346 3280 455 3349 jam
484 3294 639 3340 natas
665 3286 777 3343 alas
801 3330 816 3353 ,
862 3307 967 3346 non
1010 3294 1121 3362 jam
1150 3299 1381 3367 amplius
1420 3302 1472 3356 id
1506 3280 1762 3374 prmstant
1784 3349 1800 3373 ,
1843 3310 1940 3366 sed

355 3388 582 3440 granum
620 3379 836 3447 quidem
881 3398 976 3438 ore
1003 3396 1215 3455 gestant
1256 3398 1313 3445 et
1350 3401 1621 3450 ostentant
1651 3415 1662 3451 :
1697 3399 1784 3453 ubi
1813 3417 1942 3457 vero

348 3462 476 3530 pulli
508 3476 789 3535 sperantes
816 3474 1033 3542 propius
1071 3482 1431 3550 accesserint,
1460 3484 1734 3543 dimissam
1765 3490 1817 3544 in
1848 3506 1943 3561 pa-

347 3553 642 3613 vimentum
673 3575 850 3616 escam
874 3576 1072 3622 matres
1093 3585 1189 3639 per
1209 3574 1416 3643 seipsos
1432 3577 1621 3645 jubent
1646 3583 1897 3655 colligere
1923 3605 1937 3642 :

347 3645 426 3699 sic
454 3655 509 3701 et
537 3663 635 3703 nos
662 3649 906 3724 fecimus,
934 3656 1060 3713 dum
1088 3674 1311 3733 accepto
1337 3667 1389 3721 in
1411 3683 1506 3725 ore
1526 3672 1789 3740 spirituali
1817 3678 1938 3732 cibo

349 3753 443 3795 vos
483 3742 822 3804 invitavimus
853 3760 1121 3823 tamquam
1151 3759 1469 3817 solutionem
1498 3780 1647 3822 more
1676 3782 1939 3827 consueto

347 3836 639 3901 exposituri
671 3856 684 3892 :
712 3849 992 3913 postquam
1023 3856 1201 3903 autem
1231 3851 1541 3923 advenistis,
1574 3867 1630 3914 et
1655 3875 1749 3916 vos
1773 3879 1935 3919 exce-

349 3932 536 3990 pturos
559 3933 835 3998 sperastis,
863 3950 959 3991 vos
981 3937 1316 4010 dimisimus,
1346 3956 1404 4001 ut
1430 3947 1528 4018 ipsi
1558 3967 1654 4021 per
1685 3969 1783 4009 vos
1807 3970 1935 4012 sen-

350 4016 542 4107 tentias
593 4022 874 4094 colligatis.
924 4029 1210 4101 Propterea
1258 4016 1520 4107 prommio
1559 4016 1819 4105 derelicto
1868 4051 1936 4107 ad

349 4105 568 4165 Paulum
596 4112 931 4176 festinamus.
968 4124 1167 4183 Dicturi
1196 4144 1357 4199 porro
1394 4149 1580 4193 sumus
1609 4156 1713 4195 nou
1742 4157 1804 4198 ea
1840 4160 1933 4199 so-

347 4196 458 4251 lum
488 4202 681 4301 quibus
719 4206 976 4299 Ecclesia:
1004 4196 1229 4285 profuit,
1258 4222 1353 4277 sed
1383 4226 1541 4280 etiam
1571 4245 1631 4283 ea
1663 4196 1858 4301 quibus
1878 4196 1932 4290 ei

346 4291 530 4345 nocuit
561 4310 575 4344 :
605 4310 728 4351 nam
754 4286 812 4354 et
841 4300 954 4358 haec
990 4320 1021 4360 e
1050 4323 1109 4363 re
1139 4320 1320 4367 nostra
1355 4325 1437 4371 est
1463 4320 1656 4374 oratio.
1687 4322 1935 4383 Dicemus

344 4394 452 4447 quo
502 4393 660 4451 pacto
702 4390 920 4447 verbum
971 4398 1365 4465 praedicationis
1413 4423 1781 4483 oppugnaret,
1828 4434 1934 4487 quo

346 4480 501 4537 pacto
527 4474 743 4535 Christo
772 4482 968 4541 bellum
1014 4489 1255 4559 inferret,
1309 4514 1417 4568 quo
1451 4474 1618 4571 pacio
1658 4474 1932 4577 apostolos

345 4576 789 4638 persequeretur,
819 4591 924 4645 quo
954 4590 1108 4648 pacto
1138 4583 1316 4641 hostili
1345 4590 1396 4644 in
1424 4607 1518 4647 eos
1545 4576 1726 4652 animo
1751 4610 1929 4670 esset,

341 4671 449 4752 quo
478 4670 634 4729 pacto
654 4663 907 4724 Ecclesia:
937 4672 1055 4741 plus
1083 4680 1317 4746 negotii,
1345 4698 1505 4752 quam
1538 4690 1717 4745 cretcri
1743 4663 1932 4751 omnes

342 4745 651 4808 lacesseret.
698 4754 1075 4819 Verumtamen
1103 4745 1372 4827 neminem
1400 4776 1596 4843 pudeat
1614 4779 1728 4837 haec
1748 4786 1932 4844 audire

342 4838 409 4893 de
440 4840 608 4899 Paulo
638 4863 651 4899 :
682 4862 787 4903 non
810 4852 954 4907 enim
983 4853 1099 4912 haec
1128 4870 1253 4915 sunt
1276 4862 1393 4931 ejus
1418 4870 1805 4941 accusationes,
1835 4878 1930 4933 sed

343 4933 557 4988 laudum
589 4939 764 5005 potius
803 4947 1136 5003 occasiones.
1178 4950 1293 5007 Non
1322 4957 1463 5010 enim
1489 4961 1692 5017 crimen
1719 4977 1801 5019 est
1830 4968 1927 5037 illi,

341 5038 464 5078 cum
504 5030 648 5096 prius
685 5032 958 5103 improbus
992 5039 1213 5109 fuisset,
1260 5046 1460 5104 bonum
1508 5052 1760 5126 deinceps
1807 5076 1932 5115 eva-

342 5116 513 5183 sisse;
546 5120 640 5174 Sed
668 5122 733 5187 si,
762 5141 884 5181 cum
912 5132 1058 5198 prius
1085 5136 1283 5192 virtute
1309 5141 1564 5209 praeditus
1590 5144 1800 5215 fuisset,
1836 5166 1931 5220 po-

342 5219 457 5263 stea
504 5221 740 5269 mutatus
776 5219 843 5273 ad
893 5221 1287 5292 improbitatem
1324 5231 1670 5305 descivisset;
1717 5219 1932 5313 semper

345 5301 487 5353 enim
519 5318 606 5357 res
635 5319 704 5358 ex
735 5308 839 5365 fine
876 5312 1203 5381 judicantur.
1245 5322 1375 5378 Nam
1416 5337 1468 5381 et
1502 5330 1886 5398 gubernatores
1910 5377 1926 5401 ,

344 5393 474 5448 licet
503 5396 780 5455 innumera
806 5404 915 5459 sint
941 5411 1081 5476 passi
1109 5414 1381 5487 naufragia
1403 5460 1419 5486 ,
1451 5393 1572 5475 cuin
1614 5424 1680 5479 ad
1714 5438 1926 5496 portqu

342 5500 530 5541 navem
558 5492 830 5559 appulsuri
862 5508 1020 5566 sunt,
1063 5503 1106 5555 si
1138 5504 1389 5563 refertam
1420 5513 1690 5569 mercibus
1729 5532 1927 5575 onera-

344 5578 479 5632 riam
507 5580 866 5653 deduxerint,
897 5604 1231 5663 nequaquam
1259 5599 1378 5654 illos
1403 5604 1543 5659 male
1568 5604 1777 5662 functos
1805 5625 1928 5666 esse

343 5686 568 5729 ntunere
594 5690 691 5729 suo
717 5678 962 5751 dicimus,
994 5701 1114 5740 cum
1143 5693 1216 5743 rei
1245 5693 1419 5748 exitus
1443 5698 1620 5752 omnia
1647 5714 1766 5769 qua:
1792 5717 1927 5770 pra:-

341 5775 616 5823 Cesscrant
638 5774 925 5833 occultarit
954 5794 965 5831 :
1000 5787 1055 5833 ct
1082 5794 1267 5839 rursus
1288 5783 1537 5853 athletas,
1568 5787 1690 5846 licet
1722 5791 1918 5848 multo-

1067 320 1124 376 S.
1166 320 1448 381 JOANNIS
1486 326 1961 385 CHRYSOSTOMI
2000 332 2317 391 ARCHIEP.
2358 336 2890 398 CONSTANTINOP.

3534 341 3644 398 1‘20

2059 447 2159 501 ties
2187 448 2383 504 fuerint
2407 460 2532 507 ante
2553 454 2815 523 superati,
2843 454 3003 509 modo
3031 456 3083 511 in
3109 472 3172 513 ea
3205 474 3375 530 pugna
3406 462 3648 529 vincant,

2055 536 2108 590 in
2139 554 2243 608 qua
2272 539 2340 595 de
2363 555 2559 597 corona
2590 544 2766 614 agitur
2784 587 2799 611 ,
2831 561 3162 619 nequaquam
3192 560 3410 620 propter
3436 568 3503 608 ea
3527 569 3651 624 qua:

2055 642 2475 701 praecesserunt,
2504 635 2741 690 victoriae
2762 638 3041 707 praeconiis
3061 638 3456 697 defraudamus.
3479 642 3573 699 Sic
3597 653 3653 699 et

2052 737 2177 792 erga
2203 723 2422 780 Paulum
2446 742 2547 782 nos
2570 744 2840 799 geramus.
2863 730 2994 786 Nam
3019 741 3073 787 et
3094 733 3207 803 ipse
3228 733 3503 807 naufragia
3526 752 3654 806 pas-

2054 829 2145 869 sus
2170 824 2254 870 est
2299 817 2575 874 innumera
2610 837 2624 877 :
2666 821 2762 875 sed
2806 837 2925 877 cum
2966 822 3034 878 ad
3075 834 3286 893 portum
3327 827 3652 897 appulsums

2055 921 2244 961 navem
2287 907 2423 973 fuit,
2466 909 2717 966 refertam
2754 913 3021 969 mercibus
3063 916 3364 970 onerariam
3401 916 3649 972 deduxit.

2055 998 2123 1054 Et
2162 1002 2611 1070 quemadmodum
2656 1004 2808 1061 Judaa
2853 1006 2984 1061 nihil
3038 1008 3275 1078 profuit,
3325 1009 3651 1080 discipulum

2056 1093 2204 1161 prius
2229 1092 2395 1148 fuisse
2419 1136 2434 1159 ,
2466 1111 2587 1151 cum
2614 1097 2808 1153 deinde
2836 1098 3005 1154 factus
3029 1101 3101 1155 sit
3130 1101 3371 1171 proditor
3400 1119 3415 1158 :
3449 1103 3521 1156 ita
3547 1118 3655 1157 nec

2055 1184 2140 1239 isti
2182 1186 2473 1257 quidquam
2524 1190 2708 1244 nocuit
2749 1198 2905 1246 antea
2955 1203 3397 1262 persequutorem
3434 1192 3653 1259 fuisse,

2052 1291 2171 1330 cum
2200 1279 2522 1349 evangelista
2561 1280 2813 1351 deinceps
2858 1284 3106 1338 evaserit.
3151 1284 3276 1340 Haec
3314 1284 3465 1340 Pauli
3512 1296 3649 1342 sunt

2054 1371 2340 1438 praeconia,
2365 1387 2471 1427 non
2502 1372 2647 1443 quod
2680 1374 2973 1430 Ecclesiam
3006 1377 3347 1444 subverterit,
3374 1377 3470 1432 sed
3502 1378 3648 1448 quod

2054 1461 2221 1531 ipsam
2265 1479 2449 1518 rursus
2478 1465 2757 1520 tedificarit
2787 1482 2803 1520 :
2836 1482 2942 1521 non
2979 1466 3122 1537 quod
3153 1468 3373 1523 verbum
3416 1467 3513 1525 Dei
3539 1484 3648 1539 _op-

2056 1556 2333 1623 pugnarit,
2375 1554 2471 1610 sed
2499 1556 2643 1626 quod
2666 1598 2680 1619 ,
2709 1565 2991 1627 postquam
3021 1558 3240 1613 verbum
3272 1569 3645 1629 oppugnarat,

2055 1646 2167 1715 ipse
2209 1648 2337 1703 illud
2366 1664 2552 1705 rursus
2592 1651 3001 1720 amplificaverit
3028 1670 3043 1707 :
3080 1668 3186 1708 non
3217 1652 3359 1721 quod
3385 1652 3649 1722 apostolis

2056 1736 2255 1792 bellum
2286 1739 2559 1805 intulerit,
2609 1757 2715 1796 non
2758 1742 2900 1812 quod
2936 1758 3155 1814 gregem
3199 1743 3510 1813 dissiparit,
3549 1743 3649 1798 sed

2052 1829 2217 1899 quod,
2249 1829 2334 1885 ubi
2365 1830 2712 1902 dissipasset,
2746 1833 2897 1888 illum
2925 1834 3036 1905 ipse
3062 1833 3256 1889 deinde
3279 1834 3646 1905 congregarit.

2123 1922 2177 1978 5.
2206 1918 2358 1976 Pauli
2385 1924 2638 1978 conversio
2668 1941 2907 1996 magnum
2940 1926 3259 1979 miraculum.
3294 1924 3532 1979 Liberum
3560 1941 3649 1978 ar-

2052 2014 2275 2069 bitrium.
2298 2046 2371 2059 ——
2398 2017 2536 2083 Quid
2564 2016 2665 2072 hoc
2694 2017 3060 2073 admirabilius
3085 2017 3198 2072 fieri
3230 2016 3433 2087 possit?
3462 2015 3652 2087 Lupus

2054 2118 2233 2177 pastor
2266 2116 2351 2163 est
2387 2107 2559 2163 factus
2587 2127 2601 2163 :
2629 2110 2717 2179 qui
2747 2108 3060 2181 sanguinem
3088 2110 3266 2163 ovium
3295 2107 3647 2175 absorbebat,

2051 2199 2364 2270 sanguinem
2392 2215 2548 2255 suum
2573 2216 2674 2271 pro
2693 2202 2863 2257 salute
2882 2202 3061 2257 ovium
3085 2201 3307 2257 fundere
3334 2217 3437 2258 non
3465 2216 3653 2257 cessa~

2052 2290 2148 2345 vit.
2172 2290 2264 2346 Vis
2292 2300 2347 2346 tu
2378 2292 2671 2364 intelligere
2696 2310 2804 2365 quo
2831 2304 2983 2364 pacto
3004 2295 3315 2365 sanguinem
3345 2295 3525 2349 ovium
3549 2294 3651 2350 ab-

2051 2385 2334 2440 sorberet?
2369 2401 2475 2456 quo
2502 2396 2658 2456 pacto
2688 2387 3001 2458 sanguinem
3029 2387 3147 2457 ejus
3174 2387 3350 2457 lingua
3376 2387 3651 2441 stillaret?

2052 2478 2242 2533 Saulus
2260 2488 2429 2533 autem
2454 2480 2625 2533 adhuc
2647 2480 2851 2549 spirans
2874 2480 3038 2534 minas
3059 2489 3104 2533 et
3125 2480 3313 2533 cladem
3333 2479 3387 2533 in
3411 2479 3651 2549 discipu-

2054 2573 2130 2625 los
2158 2570 2365 2626 Domini
2389 2571 2522 2645 (Act.
2547 2571 2600 2626 9.
2635 2570 2711 2644 l).
2742 2572 2991 2626 Attamen
3018 2571 3120 2626 iste
3141 2571 3234 2641 qui
3260 2570 3431 2625 minas
3454 2580 3509 2625 et
3534 2585 3652 2626 cm-

2048 2662 2169 2718 dem
2192 2662 2451 2733 spirabat,
2474 2672 2528 2719 et
2553 2673 2858 2718 sanctorum
2887 2663 3197 2733 sanguinem
3224 2661 3496 2727 fundebat,
3514 2662 3651 2718 audi

2048 2769 2155 2825 quo
2196 2762 2348 2823 pacto
2375 2755 2685 2825 sanguinem
2716 2769 2871 2809 suum
2900 2770 2996 2824 pro
3028 2753 3229 2810 sanctis
3272 2753 3531 2809 funderet.
3583 2754 3653 2809 Si

2048 2848 2323 2901 secundum
2364 2849 2648 2915 hominem,
2679 2849 2869 2919 inquit,
2901 2850 2969 2902 ad
2993 2848 3174 2903 bestias
3200 2850 3419 2920 pugnavi
3449 2849 3652 2919 Ephesi

2049 2938 2124 3007 (l.
2154 2938 2273 2994 Cor.
2291 2941 2378 2995 15.
2402 2938 2493 3004 52)
2514 2958 2526 2993 :
2545 2950 2598 2993 et
2616 2954 2822 3005 rursus,
2850 2940 3090 3007 Quotidie
3117 2941 3306 2994 morior
3327 2939 3431 3011 (Ib.
3449 2940 3611 3010 v.31)
3631 2959 3650 2995 :

2048 3042 2103 3087 et
2131 3047 2337 3097 rursus,
2361 3030 2631 3087 Estimati
2658 3048 2829 3085 sumus
2861 3034 2989 3086 sicut
3024 3048 3140 3086 ores
3165 3032 3427 3087 occisionis
3457 3031 3649 3103 (Rom.

2040 3125 2092 3179 8.
2114 3122 2227 3191 '56).
2250 3123 2428 3190 Atque
2445 3122 2547 3177 hoc
2572 3122 2784 3177 dicebat
2815 3123 2859 3178 is
2884 3123 2973 3193 qui
3000 3122 3205 3189 aderat,
3237 3138 3356 3177 cum
3383 3122 3652 3194 Stephani

2048 3217 2266 3285 sanguis
2292 3216 2621 3282 funderetur,
2653 3226 2707 3271 et
2732 3225 2848 3271 erat
2870 3217 3213 3272 consentiens
3240 3217 3357 3272 neci
3383 3220 3519 3287 ejus.
3548 3217 3651 3271 Vi-

2048 3308 2143 3364 des
2172 3318 2228 3363 ut
2256 3308 2411 3378 lupus
2440 3318 2619 3377 pastor
2644 3308 2913 3363 evaserit?
2942 3308 3207 3379 Numquid
3235 3324 3340 3362 non
3366 3308 3649 3364 erubesci-

2050 3402 2157 3467 tis,
2200 3417 2320 3456 cum
2364 3401 2678 3456 audiveritis
2718 3410 2873 3455 antea
2918 3409 3355 3471 persequutorem
3380 3400 3552 3468 illum,
3584 3411 3652 3456 et

2048 3493 2420 3564 blasphemum
2463 3503 2525 3548 et
2570 3493 3016 3548 contumeliosum
3063 3492 3262 3548 fuisse?
3313 3492 3531 3548 Vidistis
3583 3501 3650 3547 ut

2050 3586 2196 3653 prior
2220 3584 2487 3639 accusatio
2508 3583 2692 3639 laudes
2708 3585 2825 3653 ejus
2841 3597 2973 3637 nova
2997 3584 3303 3638 accessione
3319 3582 3609 3638 cumularit
3621 3584 3649 3637 τ

2048 3676 2235 3730 Nonne
2280 3676 2332 3729 in
2377 3675 2539 3745 priori
2560 3675 2711 3731 vobis
2743 3674 2967 3729 collecta
2998 3672 3242 3728 dicebam
3268 3688 3331 3728 ea
3360 3672 3646 3738 miracula,

2046 3783 2165 3837 quae
2193 3782 2406 3821 crucem
2432 3776 2657 3837 sequuta
2684 3774 2827 3834 sunt,
2849 3766 2914 3821 iis
2936 3766 3137 3835 majora
3163 3779 3282 3835 qua:
3309 3765 3474 3834 ipsam
3501 3779 3651 3834 pm.

2046 3868 2324 3914 cesserant
2351 3860 2653 3915 exstitisse?
2677 3873 2854 3913 nonne
2883 3857 2935 3911 id
2962 3856 3171 3912 ostendi
3197 3854 3347 3911 vobis
3371 3863 3425 3911 et
3446 3871 3512 3911 ex
3528 3854 3649 3910 mi-

2045 3954 2239 4009 raculis
2267 3962 2320 4008 et
2345 3969 2410 4008 ex
2429 3952 2809 4022 discipulorum
2838 3952 3239 4018 benevolentia;
3271 3963 3327 4007 et
3353 3965 3457 4021 quo
3477 3960 3649 4021 pacto

2043 4056 2199 4102 antea
2230 4046 2443 4116 quidem
2470 4046 2716 4103 Christus
2745 4045 3016 4114 imperans
3041 4052 3281 4099 mortuos
3307 4043 3601 4098 suscitabat
3624 4086 3643 4108 ,

2043 4149 2223 4208 postea
2254 4153 2382 4193 vero
2409 4153 2685 4193 servorum
2708 4137 2827 4206 ejus
2850 4136 3036 4192 umbra
3063 4135 3291 4206 idipsum
3312 4132 3647 4204 praestabat?

2041 4247 2147 4300 quo
2179 4240 2335 4301 pacto
2363 4238 2475 4285 tum
2499 4229 2712 4300 quidem
2745 4229 2834 4284 ille
2863 4243 2961 4283 suo
2983 4224 3141 4297 jussu
3170 4226 3422 4281 miracula
3448 4234 3644 4295 patra-

2039 4323 2131 4379 bat
2159 4340 2172 4376 :
2204 4331 2388 4392 postea
2419 4336 2547 4377 vero
2576 4321 2711 4375 servi
2743 4321 2861 4390 ejus
2885 4334 3078 4375 nomen
3117 4319 3285 4388 ipsius
3318 4327 3647 4388 usurpantes

2039 4415 2240 4485 majora
2271 4413 2572 4469 faciebant?
2620 4427 2799 4468 nonne
2842 4411 2909 4467 dc
2951 4410 3195 4467 hostibus
3234 4409 3496 4476 dicebam,
3524 4422 3646 4477 quo

2040 4516 2193 4578 pacto
2230 4506 2611 4562 conscientiam
2642 4506 2856 4560 illorum
2887 4502 3360 4574 pcrtcrrefaceret?
3400 4516 3505 4571 quo
3532 4516 3643 4570 pa-

2036 4610 2123 4655 cto
2151 4600 2400 4654 universo
2426 4607 2685 4653 terrarum
2717 4597 2831 4652 orhi
2864 4594 3311 4666 imperaret?quo
3332 4603 3486 4664 pacto
3512 4609 3643 4648 ma-

2032 4691 2149 4760 jora
2180 4690 2377 4746 fuerint
2403 4698 2521 4759 post
2544 4703 2755 4743 crucem
2785 4688 3059 4753 miracula,
3083 4701 3242 4757 quam
3268 4700 3389 4756 qua:
3415 4699 3641 4739 crucem

2039 4782 2462 4852 prmcesserant?
2491 4780 2634 4835 Illius
2658 4796 2909 4851 germana
2936 4794 3059 4849 quae
3082 4793 3142 4833 se
3165 4793 3309 4833 nunc
3333 4777 3524 4848 ingerit
3546 4786 3645 4832 est

2036 4874 2225 4928 oratio.
2254 4874 2406 4941 Quod
2435 4875 2577 4928 enim
2606 4873 2778 4942 majus
2799 4872 2903 4927 hoc
2921 4872 3068 4927 cerni
3093 4872 3265 4941 possit
3290 4869 3641 4936 miraculum,

2035 4965 2176 5035 quod
2206 4965 2258 5019 iu
2289 4966 2455 5020 Paulo
2480 4964 2738 5035 contigit?
2773 4964 2904 5018 Nam
2936 4962 3203 5017 viventem
3233 4961 3447 5032 quidem
3480 4961 3641 5016 illum

2036 5056 2223 5111 Petrus
2270 5056 2498 5126 negavit,
2541 5064 2595 5108 at
2644 5064 2910 5110 mortuum
2963 5052 3161 5108 Paulus
3200 5052 3479 5113 confessus
3527 5061 3618 5105 est

2035 5148 2203 5203 Porro
2225 5156 2459 5202 mentem
2488 5145 2636 5201 Pauli
2664 5145 2949 5216 pellexissc
2976 5154 3138 5215 atque
3160 5158 3495 5215 expugnasse
3519 5159 3611 5196 ma

2030 5239 2119 5308 jus
2140 5238 2347 5309 signum
2382 5238 2494 5300 fuit,
2525 5253 2683 5307 quam
2714 5236 3022 5298 umbrarum
3049 5250 3214 5305 opera
3240 5244 3480 5289 mortuos
3508 5250 3637 5289 sns~

2034 5334 2249 5388 citasse.
2294 5331 2428 5386 Nam
2470 5331 2577 5385 illic
2613 5330 2830 5400 quidem
2867 5330 3189 5400 sequebatur
3213 5338 3425 5392 natura,
3455 5341 3642 5396 neque

2035 5422 2315 5491 imperanti
2344 5420 2744 5477 contradicebat
2773 5438 2786 5474 :
2819 5420 2905 5475 hic
2932 5405 3067 5475 vero
3090 5420 3142 5473 iu
3178 5426 3442 5489 potestate
3479 5415 3643 5473 liberi

2033 5514 2237 5569 arbitrii
2263 5515 2420 5568 situm
2447 5523 2562 5569 erat
2587 5557 2600 5575 ,
2633 5523 2691 5568 ut
2718 5513 3133 5583 persuaderetur
3157 5512 3242 5567 vel
3267 5526 3374 5566 non
3404 5525 3639 5582 persua—

2034 5606 2281 5669 deretur;
2312 5605 2453 5661 unde
2478 5620 2667 5675 magna
2695 5607 2862 5658 virtus
2886 5603 3004 5673 ejus
3024 5603 3113 5673 qui
3135 5602 3421 5673 persuasit,
3446 5610 3638 5656 osten-

2032 5696 2194 5751 ditur.
2228 5696 2394 5751 Multo
2421 5697 2562 5751 enim
2595 5694 2771 5765 majus
2801 5695 2896 5749 fuit
2920 5694 3246 5749 voluntatem
3275 5693 3637 5756 convertisse,

2033 5805 2190 5860 quam
2223 5796 2465 5844 naturam
2486 5787 2782 5845 correxisse
2808 5803 2819 5840 :
2846 5786 3017 5858 majus
3039 5786 3199 5858 igitur
3222 5784 3435 5841 caeteris
3459 5784 3636 5841 omni-
