3964 6342
279 277 383 333 “9

274 392 398 464 οὐχὶ
420 390 778 460 Εὐαγγέλιον·
818 394 996 449 καίτοι
1034 412 1100 464 γε
1129 396 1345 462 Παῦλος
1370 392 1704 467 Εὖαγγέλιον
1737 394 1869 449 0616

276 486 456 549 καλεῖ,
469 486 672 539 οὑτωσὶ
697 485 894 555 λέγων,
912 483 994 543 Οὖ
1016 492 1049 542 ό
1071 489 1321 557 ἔπαινος
1335 492 1404 544 ἐν
1421 489 1503 554 τῷ
1527 489 1871 561 Εὑαγγελίῳ

274 574 611 630 διαπασῶν
650 574 770 629 τῶν
823 576 1218 645 Ἐκκλησιῶν,
1262 579 1391 652 περὶ
1437 580 1532 634 τοῦ
1568 582 1755 635 Λουκᾶ
1784 579 1872 632 λέο

272 684 411 735 γων.
441 664 661 738 Τρίτον,
710 665 857 729 τίνος
900 665 1086 719 ἐνεκέν
1123 684 1280 738 φησι,
1328 668 1474 737 Περὶ
1519 666 1762 721 πάντων
1784 660 1872 719 ὧν

271 759 569 827 ἐποίησεν
597 758 908 826 ὀἸησοῦς.
957 760 1020 812 Et
1051 759 1163 831 γὰρ
1204 760 1476 831 Ἰωάννης,
1515 762 1544 814 6
1588 759 1871 833 ἀγαπητὸς

270 849 370 903 τοῦ
403 850 666 922 Χριστοῦ,
728 853 757 905 6
785 850 1058 922 τοσαύτης
1106 853 1425 918 ἀπολαύσας
1473 855 1811 927 παρρησίας,
1842 856 1870 909 6

270 945 367 996 ἐπὶ
403 944 466 997 16
503 944 699 1015 στῆθος
730 940 997 997 ἐκεῖνότὸ
1025 943 1179 1014 ἆγιον
1198 946 1591 1017 κατακλιθῆναι
1609 946 1873 1012 καταξιω-

271 1035 415 1103 θεὶς,
461 1036 490 1089 6
519 1035 620 1099 τάς
653 1035 839 1107 πηγὰς
874 1035 1086 1089 ἐκεῖθεν
1112 1036 1460 1108 ἀρυσάμενος
1490 1038 1583 1091 τοῦ
1614 1038 1868 1109 Πνεύμα-

268 1146 387 1193 τος,
419 1123 576 1193 οὗτος
603 1129 706 1182 οὐκ
744 1128 1015 1201 ἐτόλμησε
1050 1128 1211 1182 τοῦτο
1237 1132 1433 1195 εἰπεῖν,
1465 1130 1602 1183 ἀλλά
1633 1131 1870 1204 τοσαύτῃ

267 1220 543 1291 κέχρηται
575 1218 864 1289 ἀσφαλείᾳ,
896 1219 973 1282 ὡς
994 1220 1190 1281 εἰπεῖν,
1219 1218 1301 1271 ὅτι
1325 1219 1397 1276 Εἰ
1423 1217 1715 1287 ἐγράφετο
1738 1216 1869 1271 καθ’

266 1310 342 1363 ἐν
362 1310 560 1364 πάντα
588 1308 708 1363 ὅσα
734 1308 1025 1375 ἐποίησεν
1053 1310 1085 1361 ό
1119 1306 1397 1376 Χριστός,
1431 1309 1555 1361 οὐδ’
1581 1306 1654 1361 ἂν
1681 1306 1871 1361 αὐτὸν

267 1401 433 1474 οἴμαι
470 1401 741 1473 χωρῆσαι
777 1403 882 1457 τὸν
919 1407 1156 1474 κόσμον
1176 1404 1248 1458 τὰ
1271 1407 1615 1474 γραφόμενα
1634 1405 1864 1470 βιϐλία·

268 1492 392 1558 πῶς
415 1486 572 1557 οὗτος
610 1478 913 1565 ἐτόλμησεν
965 1497 1162 1559 εἰπεῖν,
1192 1495 1275 1549 ὅτι
1331 1498 1441 1550 Τὸν
1482 1498 1599 1565 μὲν
1634 1496 1870 1564 πρῶτον

266 1586 459 1656 λόγον
486 1584 872 1656 ἐποιησάμην
925 1586 1058 1657 περὶ
1092 1586 1355 1655 πάντων,
1402 1583 1451 1641 ὦ
1483 1589 1752 1657 Θεόφιλε,
1781 1582 1870 1641 ὧν

266 1678 563 1746 ἐποίησεν
601 1680 634 1732 ό
675 1678 955 1747 Ἰησοῦςς
987 1675 1098 1750 ἄρα
1150 1681 1345 1751 μικρὸν
1393 1682 1525 1752 ἡμῖν
1554 1678 1616 1733 τὸ
1648 1681 1869 1752 ζήτημα

265 1771 428 1825 τοῦτο
458 1766 600 1826 εἶναι
630 1772 810 1839 δοκεῖ;
837 1771 987 1845 [105]
1027 1774 1207 1827 Κάκεῖ
1241 1774 1363 1845 μὲν,
1394 1773 1690 1844 Κράτιστε
1733 1776 1869 1829 Θεό-

256 1868 431 1934 φιλε,
465 1862 582 1936 μετ’
616 1866 896 1937 ἐγκωμίου
933 1866 996 1918 16
1022 1865 1212 1938 ὄνομα·
1243 1865 1363 1919 οὐδὲ
1392 1866 1501 1938 γάρ
1526 1866 1713 1930 άπλῶς
1742 1866 1869 1920 τοῦπ-

256 1968 330 2010 ’το
350 1960 463 2020 τοῖς
488 1955 666 2025 ἁγίοις
684 1956 920 2028 εἴρηται.
941 1957 1053 2011 Καὶ
1069 1957 1208 2028 τάχα
1232 1957 1498 2011 καὶτοῦτο
1527 1953 1637 2010 ἀπὸ
1669 1954 1869 2029 μέρους

260 2049 674 2120 ἐδείξαμεν,δτι
698 2048 822 2103 οὐδὲ
858 2048 991 2103 ίῶτα
1016 2048 1094 2114 ἓν,
1129 2049 1251 2102 οὐδὲ
1275 2050 1403 2120 μίαν
1421 2050 1649 2120 κεραίαν
1681 2050 1868 2114 ἁπλῶς

266 2139 420 2195 εστιν
452 2139 580 2194 ίδεῖν
608 2140 667 2192 ἐν
687 2141 808 2203 ταῖς
832 2139 1080 2212 Γραφαῖς
1120 2140 1408 2210 κειμένην.
1439 2138 1500 2192 E!
1521 2141 1700 2193 τοίνυν
1717 2141 1774 2193 ἐν
1790 2138 1869 2211 τῷ

266 2233 546 2306 προοιμίῳ
574 2231 814 2286 τοσαῦτα
836 2232 1150 2304 ζητήματα,
1173 2232 1341 2285 πόσον
1368 2232 1666 2305 ἐμέλλομεν
1682 2232 1870 2287 ἀναλί-

266 2327 648 2397 σκεινχρόνον
695 2326 764 2380 τά
809 2326 940 2396 ἑξῆς
975 2326 1193 2380 ἀπάντα
1242 2326 1520 2391 ἐπιόντες;
1564 2325 1665 2379 Διά
1696 2325 1869 2379 ταῦτα

264 2417 630 2489 ἠναγκάσθην
657 2416 721 2470 τὺ
767 2419 827 2470 ἐν
859 2416 1010 2489 μέσῳ
1046 2416 1441 2489 παραδραμὼν,
1484 2419 1621 2490 πρὸς
1654 2418 1869 2472 Παῦλον

265 2516 469 2572 ἐλθεῖν.
503 2515 663 2581 Τίνος
687 2510 782 2571 οῦν
815 2516 1004 2570 ἐνεκεν
1047 2514 1117 2569 τὰ
1142 2515 1433 2587 ζητήματα
1469 2515 1737 2580 εἰπόντες,
1767 2517 1869 2587 τὴν

267 2606 428 2660 λύσιν
457 2604 643 2659 αὐτῶν
675 2606 780 2659 οὐκ
834 2604 1222 2676 ἐπηγάγομεν;
1269 2605 1573 2672 Ἐθίξοντες
1617 2606 1762 2676 ὑμᾶς
1789 2605 1868 2677 μὴ

255 2698 358 2754 διὰ
387 2697 594 2761 παντὸς
625 2697 1027 2769 μεμασημένην
1054 2697 1303 2769 δέχεσθαι
1341 2698 1441 2769 τὴν
1476 2698 1705 2770 τροφὴν,
1732 2698 1869 2752 ἀλλὰ

265 2798 545 2870 πολλαχοῦ
574 2800 672 2852 καὶ
704 2798 903 2863 αὐτοὺς
936 2797 1165 2867 ἐπάγειν
1186 2798 1287 2869 τὴν
1322 2797 1476 2851 λύσιν
1510 2801 1622 2862 τοῖς
1657 2800 1868 2870 νοήμα-

266 2902 376 2956 σιν,
406 2891 548 2962 ὅπερ
601 2889 847 2944 ποιοῦσιν
884 2892 943 2945 αἱ
978 2891 1320 2963 περιστεραί.
1354 2892 1464 2944 Καὶ
1518 2890 1627 2963 γάρ
1662 2893 1867 2945 ἐκεῖναι

263 2985 396 3049 τοὺς
428 2976 699 3050 νεοττοὺς,
741 2984 847 3048 ἕως
892 2984 991 3054 μὲν
1022 2985 1088 3038 ἂν
1126 2986 1185 3037 ἐν
1224 2986 1291 3055 τῇ
1322 2984 1482 3055 καλιᾷ
1518 2985 1762 3055 μένουσι,
1790 2982 1869 3055 τῷ

264 3076 458 3147 οἰκείῳ
482 3076 748 3150 τρέφουσι
778 3074 1031 3148 στόματι·
1063 3076 1286 3131 ἐπειδὰν
1312 3077 1369 3130 δέ
1400 3078 1598 3140 αὐτοὺς
1625 3075 1869 3146 δυνηθῶ-

268 3184 356 3221 σιν
376 3169 669 3238 ἐξαγαγεῖν
703 3167 803 3238 τῆς
821 3169 1062 3235 νοσσιᾶς,
1096 3169 1190 3222 καὶ
1214 3168 1396 3223 ίδωσιν
1421 3169 1605 3233 αὐτοῖς
1625 3170 1868 3239 παγέντα

263 3260 339 3314 τά
376 3260 574 3332 πτερά,
605 3258 790 3313 ούκέτι
808 3259 969 3313 τοῦτο
984 3259 1172 3313 λοιπὸν
1192 3259 1461 3327 ποιοῦσιν,
1480 3260 1617 3314 ἀλλά
1638 3261 1866 3332 φέρουσι

270 3352 373 3422 μὲν
396 3351 491 3404 16v
534 3352 735 3405 κόκκον
781 3351 875 3405 ἐπὶ
921 3351 1015 3404 τοῦ
1061 3352 1329 3422 στόματος
1378 3353 1469 3405 καὶ
1507 3352 1863 3407 δεικνύουσιν·

268 3444 492 3499 ἐπειδάν
522 3444 580 3498 δὲ
610 3446 659 3498 οἱ
688 3445 894 3499 νεοττοὶ
928 3444 1405 3517 προσδοκήσαντες
1443 3445 1671 3518 πλησίον
1698 3444 1867 3499 ἔλθω-

268 3555 377 3600 σιν,
405 3539 462 3589 αἱ
496 3536 738 3608 μητέρες
775 3536 999 3605 ἀφεῖσαι
1023 3537 1123 3608 τὴν
1150 3537 1358 3609 τροφὴν
1383 3538 1475 3591 ἐπὶ
1487 3537 1581 3591 τοῦ
1612 3537 1864 3611 ἐδάφους,

266 3630 335 3683 δι’
361 3628 577 3683 ἐαυτῶν
612 3626 927 3683 κελεύουσιν
970 3630 1351 3699 ἀναλέγεσθαι·
1393 3632 1536 3685 οὕτω
1566 3633 1659 3688 καὶ
1704 3636 1868 3704 ἡμεῖς

268 3725 635 3795 ἐποιήσαμεν,
667 3722 926 3786 λαϐόντες
972 3722 1070 3795 τὴν
1111 3724 1488 3797 πνευματικὴν
1529 3727 1735 3800 τροφὴν
1775 3730 1867 3781 ἐπὶ

266 3816 363 3870 τοῦ
400 3817 692 3888 στόματος,
720 3815 1062 3887 ἐκαλέσαμεν
1093 3816 1258 3886 ὑμᾶς,
1284 3817 1360 3882 ώς
1380 3817 1714 3890 δηλώσοντες
1737 3821 1866 3893 ὑμῖν

270 3908 526 3981 συνήθως
560 3908 661 3979 τὴν
690 3907 864 3962 λύσιν·
898 3908 1088 3980 ἐπειδὴ
1124 3910 1180 3963 δέ
1204 3910 1538 3982 προσήλθετε
1563 3913 1658 3965 καὶ
1690 3930 1865 3985 προσ-

269 4001 569 4072 εδοκήσατε
590 3998 871 4066 δέξασθαι,
906 4000 1223 4071 ἀφήκαμεν,
1254 4000 1398 4055 ὥστε
1431 4003 1576 4071 ὑμᾶς
1608 4004 1675 4057 δι’
1711 4005 1865 4075 ὑμῶν

268 4091 454 4144 αὐτῶν
476 4090 839 4156 ἀναδέξασθαι
880 4089 950 4143 τὰ
976 4091 1249 4163 νοήματα.
1281 4093 1380 4146 Διά
1406 4092 1566 4147 τοῦτο
1591 4095 1652 4148 τὸ
1681 4096 1865 4167 προοί-

271 4206 396 4260 μιον
421 4189 671 4258 ἀφέντες,
702 4188 839 4260 πρὸς
875 4188 1083 4243 Παῦλον
1110 4191 1464 4262 ἐπειγόμεθα.
1510 4194 1777 4267 Ἐροῦμεν
1805 4197 1862 4250 δὲ

267 4282 369 4351 οὐχ
414 4282 517 4335 ὅσα
539 4282 639 4352 τὴν
677 4281 1005 4352 Ἐκκλησίαν
1027 4282 1276 4353 ὠφέλησε
1293 4283 1472 4354 μόνον,
1499 4285 1612 4339 ἀλλ’
1638 4288 1739 4341 ὅσα
1769 4291 1865 4344 καὶ

268 4370 497 4440 ἔϐλαψε·
558 4372 655 4425 καὶ
698 4372 807 4444 γάρ
865 4374 1161 4442 ἀναγκαῖος
1207 4377 1340 4446 ήμῖν
1393 4372 1548 4442 οὗτος
1604 4380 1633 4432 6
1684 4379 1861 4451 λόγος.

280 4462 551 4533 Ἐροῦμεν
573 4463 692 4528 πῶς
720 4465 1036 4537 ἐμαχήσατο
1066 4466 1144 4537 τῷ
1182 4467 1325 4539 λόγῳ
1362 4468 1455 4523 τοῦ
1485 4471 1862 4545 κηρύγματος,

267 4553 393 4616 πῶς
425 4552 741 4626 ἐπολέμησε
789 4554 868 4626 τῷ
913 4556 1157 4627 Χριστῷ,
1205 4556 1324 4621 πῶς
1351 4558 1539 4627 ἐδίωξε
1575 4562 1702 4626 τοῦς
1730 4564 1865 4617 ἀπο-

270 4645 519 4713 στόλους,
552 4645 753 4709 πῶςτά
786 4647 896 4700 τῶν
927 4645 1202 4717 πολεμίων
1232 4648 1471 4720 ἐφρόνει,
1492 4652 1610 4716 πῶς
1646 4654 1864 4709 πάντων

268 4736 495 4791 πλείονα
524 4740 753 4809 παρεῖχε
780 4741 846 4810 τῇ
890 4738 1188 4812 Ἐκκλησία
1215 4742 1536 4813 πράγματα.
1578 4745 1738 4801 Ἀλλά
1761 4766 1865 4818 μη-

265 4827 384 4891 δεὶς
416 4829 760 4899 αἰσχυνέσθω
790 4830 918 4902 περὶ
950 4831 1163 4883 Παύλου
1198 4832 1372 4886 ταῦτα
1400 4834 1634 4889 ἀκούων·
1665 4838 1725 4890 οὐ
1755 4839 1863 4912 γάρ

269 4920 425 4972 ἐστιν
456 4920 621 4974 αὑτοῦ
654 4923 1109 4994 κατηγορήματα,
1141 4923 1254 4976 ἀλλ’
1279 4927 1570 4998 ἐγκωμίων
1585 4930 1859 4996 ὑπόθεσις.

269 5011 347 5063 06
391 5010 503 5084 γὰρ
526 5014 831 5083 κατηγορία
860 5013 1011 5085 αὐτῷ
1042 5015 1305 5089 πρότερον
1327 5018 1456 5072 ὄντα
1470 5020 1862 5087 φαῦλον,ύστε-

275 5116 370 5169 ρον
396 5100 653 5169 γενέσθαι
679 5102 937 5173 χρηστὸν,
969 5102 1106 5158 ἀλλὰ
1140 5106 1203 5159 16
1233 5107 1495 5179 πρότερον
1532 5108 1661 5163 ὄντα
1693 5128 1861 5164 σπου-

268 5191 445 5257 δαῖον,
482 5190 712 5263 ὕστερον
766 5194 1199 5264 μεταϐάλλεσθαι
1243 5198 1380 5269 πρὸς
1430 5201 1718 5273 πονηρίαν·
1753 5203 1862 5255 ἀπὸ

270 5282 386 5354 γὰρ
408 5282 500 5337 τοῦ
522 5284 711 5348 τέλους
745 5286 831 5339 ἀεὶ
858 5286 928 5341 τά
967 5289 1272 5359 πράγματα
1300 5291 1566 5363 κρίνεται.
1600 5295 1709 5347 Καὶ
1754 5297 1861 5365 γὰρ

271 5374 403 5438 τοὺς
444 5373 807 5447 κυϐερνήτας,
854 5376 957 5431 κᾶν
986 5380 1157 5451 μυρία
1205 5382 1439 5451 ναυάγια
1474 5384 1858 5455 ὑπομείνωσιν,

271 5466 406 5518 ὅταν
438 5465 707 5536 μέλλωσιν
741 5470 819 5531 είς
841 5468 934 5523 τόν
968 5468 1161 5541 λιμένα
1193 5475 1499 5547 καταίρειν,
1532 5474 1597 5529 ἂν
1624 5478 1863 5548 φορτίων

274 5556 722 5630 πεπληρωμένην
757 5560 956 5616 ὁλκάδα
1003 5564 1413 5633 καταγάγωσιν,
1444 5567 1505 5620 06
1542 5569 1717 5638 φαμὲν
1761 5588 1858 5622 πε-

275 5645 521 5717 πρᾶχθαι
542 5647 751 5714 κακῶς,
785 5648 880 5703 τοῦ
923 5650 1110 5714 τέλους
1140 5651 1211 5705 τά
1250 5652 1591 5724 παρελθόντα
1618 5654 1861 5727 ἀποκρύ-

274 5736 493 5807 ψαντος·
527 5740 623 5794 καὶ
654 5741 778 5805 τοὺς
800 5740 1040 5814 ἀθλητάς
1070 5742 1251 5811 πάλιν,
1287 5742 1389 5799 κᾶν
1405 5745 1579 5817 μυρία
1595 5747 1860 5821 πρότερον

739 280 809 337 1N
848 280 1091 349 ILLUD,
1136 279 1415 340 SAULUS
1454 281 1691 339 ADHUC
1734 282 2049 339 SPIRANS.
2084 283 2174 340 DE
2216 285 2628 345 MUTATIONE
2664 287 3017 344 NOMINUM.
3059 286 3094 341 Ι.

3458 291 3559 349 120

1979 394 2275 465 ἡττηθῶσι,
2303 395 2402 467 τὴν
2429 396 2485 449 δὲ
2534 396 2662 467 περὶ
2690 396 2785 451 τοῦ
2816 397 3083 467 στεφάνου
3125 398 3303 471 πάλην
3349 406 3559 475 κρατή-

1982 503 2167 549 σωσιν,
2202 488 2303 540 ούκ
2332 486 2744 560 ἀποστεροῦμεν
2772 489 2881 543 τῶν
2913 492 3205 563 ἐγκωμίων
3224 492 3335 547 τῶν
3369 495 3463 549 ἐπὶ
3491 500 3560 569 τῇ

1979 581 2106 653 νίκῃ
2130 582 2219 635 διά
2246 584 2316 636 τά
2344 583 2609 655 πρότερα.
2644 583 2801 637 Οῦτω
2827 586 2921 638 καὶ
2950 586 3042 638 ἐπὶ
3075 586 3289 641 Παύλου
3321 589 3570 660 ποιήσων

1982 692 2101 746 μεν.
2130 675 2242 729 Καὶ
2259 674 2369 747 γὰρ
2398 675 2491 728 καὶ
2522 670 2675 741 οὗτος
2724 679 2820 730 καὶ
2860 677 3031 750 μυρία
3065 680 3300 749 ναυάγια
3337 681 3564 753 ὑπέμει-

1978 783 2088 829 νεν,
2118 766 2234 819 ἀλλ’
2260 768 2350 820 ὅτε
2373 769 2452 831 είς
2488 768 2579 820 τὸν
2595 768 2789 838 λιμένα
2802 771 3083 840 καταίρειν
3104 770 3317 841 ἔμελλε,
3352 773 3530 844 πεπλη
3548 806 3563 814 -

1980 858 2233 930 ρωμένην
2259 861 2501 931 ἐπήγαγε
2518 860 2625 914 τῶν
2643 861 2876 933 φορτίων
2901 864 2999 933 τήν
3014 862 3231 919 όλκάδα.
3249 865 3357 918 Καὶ
3374 864 3564 937 ὥσπερ

1977 962 2005 1013 6
2050 960 2251 1025 Ἰούδας
2291 962 2442 1015 οὐδὲν
2480 962 2732 1034 ὠφέλησε
2783 963 2889 1033 πρὸ
2938 964 3129 1017 τούτου
3174 964 3423 1037 μαθητὴς
3463 966 3560 1031 ὢν,

1978 1055 2098 1115 εἶτα
2138 1062 2405 1134 προδότης
2429 1066 2739 1135 γενόμενος·
2767 1064 3018 1118 οὕτωκαὶ
3042 1058 3194 1130 οὗτος
3232 1067 3384 1120 ούδέν
3421 1086 3564 1140 παρ-

1978 1162 2180 1234 εϐλάϐη
2224 1164 2330 1235 πρὸ
2352 1164 2538 1218 τούτου
2571 1164 2807 1238 διώκτης
2838 1165 2932 1229 ὢν,
2957 1167 3095 1236 μετὰ
3129 1167 3186 1220 δέ
3212 1168 3384 1221 ταῦτα
3406 1169 3564 1236 γενό-

1980 1281 2139 1335 μενος
2165 1266 2579 1339 εὐαγγελιστής.
2626 1267 2908 1339 Ἐγκώμια
2933 1268 3147 1323 Παύλου
3190 1269 3364 1324 ταῦτά
3392 1271 3561 1334 ἐστιν,

1975 1366 2075 1419 οὐκ
2115 1366 2304 1437 ἐπειδὴ
2340 1368 2654 1439 κατέσκαψε
2690 1369 2789 1441 τὴν
2853 1369 3200 1441 Ἐκκλησίαν,
3245 1370 3361 1425 ἀλλ’
3403 1372 3565 1436 αὐτὸς

1976 1467 2149 1539 αὐτὴν
2196 1468 2360 1523 πάλιν
2388 1470 2758 1542 ᾠκοδόμησεν·
2792 1472 2891 1525 οὐκ
2934 1472 3120 1543 ἐπειδὴ
3156 1473 3428 1545 ἐπόρθησε
3470 1474 3567 1529 τὸν

1978 1568 2127 1641 [104]
2155 1569 2332 1639 λόγον,
2363 1569 2479 1625 ἀλλ’
2510 1570 2698 1643 ἐπειδὴ
2730 1573 3013 1643 πορθήσας
3059 1573 3151 1626 τὸν
3180 1573 3356 1641 λόγον,
3402 1574 3567 1638 0616;

1975 1672 2138 1725 αὐτὸν
2184 1673 2348 1727 πάλιν
2395 1672 2655 1744 ηὔξησεν·
2691 1675 2791 1728 οὑκ
2824 1675 3012 1747 ἐπειδὴ
3075 1675 3381 1746 ἐπολέμησε
3434 1677 3563 1740 τοὺς

1975 1772 2330 1841 ἀποστόλους,
2363 1776 2464 1827 οὐκ
2497 1774 2686 1847 ἐπειδὴ
2719 1774 3048 1848 διεσπάραξε
3075 1778 3175 1848 τὴν
3198 1778 3423 1851 ἀγέλην,
3445 1778 3562 1834 ἀλλ’

1977 1874 2167 1946 ἐπειδὴ
2197 1874 2597 1947 διασπαράξας,
2638 1875 2865 1949 ὕστερον
2905 1880 3066 1945 αὐτὸς
3101 1880 3273 1953 αὐτὴν
3311 1882 3567 1955 συνεκρό-

1975 1993 2132 2047 τησε.

2050 2078 2113 2126 ε’.
2148 2072 2215 2125 Τί
2244 2072 2434 2127 τούτου
2481 2075 2911 2148 παραδοξότερον
2945 2077 3140 2147 γένοιτ’
3170 2078 3269 2141 ἂνξ
3312 2079 3369 2133 '0
3400 2080 3567 2140 λύκος

1977 2163 2193 2231 ἐγένετο
2223 2166 2426 2237 ποιμήν
2446 2182 2460 2195 ·
2509 2167 2537 2218 6
2568 2165 2629 2219 16
2660 2160 2799 2237 αἷμα
2831 2167 2938 2220 τῶν
2974 2168 3261 2239 προϐάτων
3295 2168 3563 2231 ἐκπίνων,

1974 2255 2036 2308 o6
2064 2255 2271 2308 διέλιπε
2293 2256 2353 2309 τὸ
2379 2251 2518 2326 αἷμα
2540 2257 2734 2311 ἐαυτοῦ
2762 2259 2970 2328 ἐκχέων
3000 2259 3143 2331 ὑπὲρ
3174 2260 3273 2331 τῆς
3292 2259 3401 2312 τῶν
3432 2277 3565 2330 προ-

1977 2347 2157 2400 ϐάτων
2204 2348 2497 2419 σωτηρίας.
2553 2349 2741 2402 Βούλει
2790 2351 2982 2421 μαθεῖν
3016 2351 3134 2415 πῶς
3181 2351 3241 2405 τὸ
3288 2346 3428 2421 αἷμα
3456 2352 3566 2404 τῶν

1977 2437 2269 2503 προϐάτων
2326 2439 2580 2505 ἐξέπινε;
2644 2440 2764 2503 πῶς
2822 2442 3119 2513 ᾑμαγμένη
3177 2435 3248 2513 ἦν
3304 2440 3467 2496 αὐτοῦ
3529 2442 3564 2512 ή

1976 2530 2233 2599 γλώσσας
2262 2529 2503 2597 Σαῦλος
2529 2530 2599 2584 δὲ
2622 2530 2709 2584 ἔτι
2737 2530 3013 2601 ἐμπνέων
3048 2532 3306 2600 ἀπειλῆς
3335 2533 3434 2587 καὶ
3461 2533 3565 2603 φό-

1975 2637 2087 2674 νου
2133 2622 2220 2685 εὶς
2260 2620 2403 2687 τοὺς
2433 2621 2704 2689 μαθητὰς
2736 2620 2843 2675 τοῦ
2887 2622 3129 2690 Κυρίου.
3174 2622 3312 2675 Ἀλλ’
3351 2617 3503 2685 οῦτος
3536 2625 3566 2675 6

1976 2710 2205 2782 ἀπειλῆς
2235 2711 2329 2764 καὶ
2365 2711 2524 2780 φόνου
2554 2712 2805 2782 ἐμπνέων
2825 2752 2840 2777 ,
2868 2713 2961 2765 καὶ
2994 2714 3054 2767 τὸ
3085 2708 3225 2786 αἷμα
3250 2715 3359 2768 τῶν
3396 2715 3567 2784 ἁγίων

1976 2803 2219 2874 ἐκχέων,
2265 2803 2498 2858 ἄκουσον
2543 2805 2663 2866 πῶς
2712 2805 2775 2858 16
2821 2801 2963 2877 αἷμα
2999 2806 3061 2859 16
3110 2807 3305 2861 ἐαυτοῦ
3350 2807 3567 2879 ἐξέχεεν

1977 2894 2117 2965 ὑπὲρ
2148 2893 2255 2948 τῶν
2292 2894 2484 2962 ἀγίων.
2536 2897 2607 2948 El
2638 2896 2789 2950 κατὰ
2825 2895 3171 2964 ἄνθρωπον,
3208 2899 3402 2967 φησὶν,
3430 2898 3569 2965 ἐθη-

1968 2984 2315 3055 ριομάχησα
2350 2986 2421 3039 ἐν
2469 2984 2723 3055 Ἐφέσῳ·
2770 2986 2867 3040 καὶ
2920 2987 3116 3052 πάλιν,
3166 2989 3308 3041 Καθ’
3336 2987 3567 3058 ἡμέραν

1975 3074 2342 3142 ἀποθνήσκω
2360 3092 2375 3107 ·
2398 3075 2491 3128 καὶ
2521 3074 2704 3138 πάλιν.
2749 3076 3184 3146 Ἐλογίσθημεν
3200 3078 3279 3143 ὡς
3303 3078 3568 3146 πρόϐατα

1975 3166 2240 3236 σφαγῆς.
2272 3168 2383 3221 Καὶ
2411 3167 2581 3221 ταῦτα
2615 3168 2802 3237 ἔλεγεν
2824 3171 2852 3223 6
2882 3168 3073 3241 παρὼν
3105 3170 3195 3223 ὅτε
3222 3171 3461 3243 ἐξεχεῖτο
3503 3171 3568 3225 τὸ

1976 3253 2118 3329 αἷμα
2163 3260 2472 3329 Στεφάνου,
2521 3260 2616 3312 καὶ
2658 3256 2728 3330 ἦν
2778 3261 3115 3315 συνευδοκῶν
3161 3265 3227 3334 τῇ
3282 3263 3565 3334 ἀναιρέσει

1975 3344 2164 3399 αὑτοῦ.
2204 3346 2367 3419 Ὁρᾷς
2405 3346 2523 3412 πῶς
2551 3350 2580 3401 ό
2607 3347 2771 3413 λύκος
2799 3351 3003 3421 ποιμὴν
3030 3351 3280 3419 ἐγένετο;
3304 3348 3429 3423 'Ap’
3462 3354 3567 3407 οὐκ

1975 3441 2297 3512 αἰσχύνεσθε
2340 3443 2446 3515 πρὸ
2472 3443 2665 3497 τούτου
2694 3445 2983 3511 ἀκούοντες
3014 3448 3096 3500 ὅτι
3119 3446 3353 3519 διώκτης
3380 3444 3449 3519 ἦν
3472 3450 3567 3503 καὶ

1978 3532 2300 3606 βλάσφημος
2343 3537 2439 3589 καὶ
2468 3536 2763 3609 ύϐριστής;
2793 3538 2977 3591 Εῖδετε
3019 3539 3138 3604 πῶς
3174 3539 3359 3611 μεῖζον
3396 3542 3565 3597 06106

1974 3626 2203 3699 ἐποίησε
2234 3628 2298 3681 16
2327 3626 2605 3699 ἐγκώμιον
2634 3634 2668 3701 ή
2692 3630 2934 3703 προτέρα
2955 3633 3261 3704 κατηγορία
3281 3650 3295 3698 ;
3317 3634 3432 3688 Οὐκ
3456 3633 3567 3686 ἔλε-

1974 3737 2069 3787 γον
2097 3721 2248 3792 ,ὑμῖν
2280 3724 2339 3775 ἐν
2385 3725 2453 3794 τῇ
2506 3723 2752 3795 προτέρᾳ
2801 3723 3019 3790 συνάξει
3066 3726 3149 3779 ὄτι
3181 3725 3293 3780 τῶν
3323 3725 3429 3797 πρὸ
3465 3725 3565 3780 τοῦ

1976 3812 2212 3885 σταυροῦ
2256 3814 2497 3885 σημείων
2530 3814 2599 3868 τά
2632 3816 2771 3886 μετὰ
2808 3816 2899 3868 τὸν
2924 3818 3157 3889 σταυρὸν
3186 3818 3410 3889 μείζονα
3440 3819 3564 3887 ἐγέ-

1973 3922 2125 3971 νετο;
2160 3906 2261 3960 οὐκ
2311 3906 2489 3974 ἔδειξα
2536 3909 2666 3979 ύμῖν
2710 3909 2804 3963 καὶ
2849 3910 2957 3963 ἀπὸ
3003 3910 3113 3964 τῶν
3147 3912 3419 3982 σημείων,
3465 3912 3562 3967 καὶ

1973 3998 2085 4052 ἀπὸ
2115 3999 2216 4069 τῆς
2254 4000 2465 4064 εὐνοίας
2492 4000 2599 4055 τῶν
2632 4001 2890 4073 μαθητῶν
2908 4042 2923 4066 ,
2958 4002 3056 4055 καὶ
3081 4002 3200 4066 πῶς
3228 4004 3335 4075 πρὸ
3364 4002 3558 4057 τούτου

1978 4092 2076 4163 μὲν
2101 4094 2128 4145 6
2155 4092 2389 4163 Χριστὸς
2414 4093 2719 4146 ἐπιτάττων
2745 4093 2933 4164 ήγειρε
2955 4095 3080 4158 τοὺς
3111 4096 3339 4167 νεκροὺς
3357 4134 3373 4158 ,
3399 4095 3558 4149 ὓστε-

1976 4201 2069 4256 ρον
2108 4184 2165 4238 δέ
2198 4186 2255 4237 αί
2298 4184 2449 4238 σκιαὶ
2485 4185 2594 4237 τῶν
2641 4185 2845 4238 δούλων
2891 4185 3058 4240 αὐτοῦ
3104 4187 3261 4241 τοῦτο
3304 4188 3560 4253 ἐποίουνς

1974 4275 2092 4339 πῶς
2116 4277 2236 4329 τότε
2270 4276 2368 4346 μὲν
2400 4276 2563 4339 0616;
2586 4276 2823 4331 κελεύων
2845 4277 3304 4351 ἐθαυματούργει,
3333 4279 3560 4351 ὕστερον

1971 4368 2027 4422 δὲ
2077 4371 2125 4421 οί
2176 4368 2350 4422 δοῦλοι
2395 4369 2558 4423 αὐτοῦ
2609 4369 2687 4440 τῷ
2743 4370 2970 4441 ὀνόματι
3010 4372 3177 4425 αὑτοῦ
3225 4373 3557 4445 κεχρημένοι

1976 4462 2201 4533 μείζονα
2225 4461 2517 4534 ἐποίησαν;
2549 4464 2649 4517 ούκ
2674 4461 2825 4517 εἷπον
2859 4464 2989 4534 ύμῖν
3018 4465 3147 4535 περὶ
3169 4465 3278 4518 τῶν
3304 4465 3517 4538 ἐχθρῶν
3539 4505 3557 4531 ,

1974 4555 2091 4619 πῶς
2124 4555 2390 4609 διέσεισεν
2420 4555 2601 4610 αὐτῶν
2626 4557 2687 4609 τὸ
2711 4557 2985 4621 συνειδός;
3018 4558 3136 4622 πῶς
3160 4560 3432 4629 ἐκράτησε
3456 4561 3557 4631 τῆς

1971 4645 2295 4718 οἰκουμένης
2338 4646 2586 4715 ἀπάσης;
2632 4646 2751 4710 πῶς
2794 4648 3018 4718 μείζονα
3062 4650 3132 4703 τά
3172 4652 3373 4721 σημεῖα
3419 4651 3558 4721 μετά

1971 4738 2063 4790 τὸν
2116 4738 2343 4809 σταυρὸν
2387 4733 2455 4809 ἦν
2498 4738 2607 4792 τῶν
2651 4739 2759 4811 πρὸ
2796 4738 2891 4793 τοῦ
2960 4742 3234 4812 σταυροῦ;
3302 4744 3557 4814 Ἀδελφὸς

1970 4830 2179 4885 ἐκείνου
2215 4832 2307 4884 καὶ
2358 4832 2388 4883 6
2416 4831 2656 4902 σήμερον
2702 4831 2959 4886 εἰσελθὼν
3000 4833 3176 4901 λόγος.
3210 4834 3276 4887 Τί
3314 4835 3423 4908 γὰρ
3457 4836 3557 4889 τοῦ

1972 4923 2113 4977 κατὰ
2153 4924 2365 4978 Παῦλον
2403 4923 2590 4994 μεῖζον
2624 4923 2852 4995 σημείου
2884 4925 3080 4993 γένοιτ’
3105 4925 3207 4991 ἀνς
3241 4926 3427 4981 Ζῶντα
3456 4928 3556 4999 μὲν

1970 5013 2082 5085 γὰρ
2118 5014 2278 5069 αὐτὸν
2325 5015 2421 5069 καὶ
2448 5017 2478 5069 6
2524 5016 2729 5087 Πέτρος
2755 5016 3068 5087 ἠρνήσατο,
3117 5018 3457 5073 ἀποθανόντα
3496 5018 3555 5072 δέ

1970 5110 1999 5161 6
2046 5107 2257 5172 Παῦλος
2299 5107 2637 5181 ὡμολόγησε.
2674 5108 2783 5163 Τοῦ
2826 5110 2883 5163 δὲ
2931 5112 3158 5183 νεκροὺς
3208 5113 3420 5185 ἐγεῖραι
3463 5114 3555 5167 διὰ

1968 5201 2079 5254 τῶν
2116 5200 2285 5254 σκιῶν
2319 5200 2504 5272 μεῖζον
2530 5203 2754 5271 σημεῖον
2774 5196 2846 5273 ἦν
2863 5201 2924 5255 τὸ
2951 5203 3051 5273 τήν
3076 5202 3303 5276 γνώμην
3339 5206 3554 5259 Παύλου

1970 5294 2378 5349 ἐπισπάσασθαι
2428 5294 2521 5348 καὶ
2570 5294 2729 5349 ἐλεῖν.
2795 5297 2941 5350 Ἐκεῖ
2988 5297 3088 5367 μὲν
3129 5300 3241 5369 γάρ
3297 5300 3330 5369 ή
3390 5298 3556 5368 φύσις

1970 5385 2188 5451 εἵπετο,
2219 5385 2314 5438 καὶ
2362 5384 2463 5438 οὐκ
2500 5384 2754 5453 ἀντέλεγε
2794 5385 2874 5455 τῷ
2906 5386 3249 5441 ἐπιτάττοντι
3269 5404 3283 5419 ·
3316 5387 3559 5442 ἐνταῦθα

1968 5476 2027 5529 δέ
2062 5477 2379 5547 προαίρεσις
2412 5472 2479 5547 ἦν
2530 5475 2627 5529 τοῦ
2674 5477 2995 5549 πεισθῆναι,
3043 5478 3138 5533 καὶ
3176 5478 3270 5533 τοῦ
3311 5478 3386 5549 μὴ
3430 5495 3553 5531 πει-

1973 5568 2163 5637 σθῆναι
2208 5568 2402 5639 κυρία·
2438 5568 2561 5622 ὅθεν
2608 5569 2777 5639 πολλὴ
2811 5569 2844 5639 ή
2876 5569 3106 5640 δύναμις
3131 5569 3227 5624 τοῦ
3267 5568 3557 5632 πείσαντος

1968 5656 2263 5711 δείκνυται.
2310 5656 2418 5710 Τοῦ
2469 5658 2578 5729 γὰρ
2609 5658 2770 5727 φύσιν
2813 5659 3104 5732 διορθῶσαι
3134 5660 3193 5712 τὸ
3232 5659 3555 5730 προαίρεσιν

1974 5749 2301 5821 μεταϐαλεῖν
2336 5749 2515 5821 πολλῷ
2548 5752 2732 5822 μεῖζον
2764 5746 2863 5824 ἧν·
2892 5752 3081 5826 μεῖζον
3110 5753 3218 5825 ἄρα
3245 5752 3351 5807 τῶν
3379 5751 3554 5808 ἄλλων
