3964 6342
416 245 511 300 1⁸31

417 367 671 421 ἁπάντων
715 365 939 435 σημεῖον
973 361 1189 431 ἐγένετο
1216 362 1277 414 τὸ
1305 360 1518 415 Παῦλον
1556 359 1872 432 προσελθεῖν
1915 357 1995 428 τῷ

416 457 638 532 Χριστῷ
669 457 808 528 μετά
846 456 937 510 τὸν
980 456 1210 530 σταυρὸν
1259 455 1471 508 καὶτὸν
1516 453 1704 522 τάφον.
1743 452 1852 506 Kal
1887 450 1995 520 γὰρ

415 549 504 603 διά
528 547 686 602 τοῦτο
713 548 926 618 ἀφῆκεν
953 547 1120 601 αὐτὸν
1161 550 1188 600 ὁ
1210 546 1443 619 Χριστὸς
1467 547 1647 598 πᾶσαν
1669 543 1770 614 τὴν
1800 541 1996 614 ἔχθραν

414 643 822 711 ἐπιδείξασθαι,
875 643 968 696 καὶ
1028 643 1150 695 τότε
1197 639 1494 710 ἐκάλεσεν,
1545 638 1630 688 ἵνα
1688 633 1997 686 ἀνύποπτον

417 737 622 808 ποιήσῃ
647 735 748 804 τῆς
785 734 1134 795 ἀναστάσεως
1176 732 1276 799 τὴν
1320 727 1627 791 ἀπόδειξιν,
1660 725 1755 779 καὶ
1795 725 1885 777 τὸν
1920 722 1998 775 δι-

417 825 714 889 δασκαλίας
744 825 920 893 λόγον.
967 825 1172 895 Πέτρος
1205 822 1304 894 μὲν
1333 821 1442 892 γάρ
1473 821 1601 892 περὶ
1626 817 1791 872 αὐτοῦ
1823 815 1996 884 λέγων

421 918 550 982 ῐσως
595 917 948 971 ὑπωπτεύετο
979 934 994 948 ο
1043 912 1156 986 εἶχε
1204 915 1312 987 γάρ
1358 931 1440 976 τις
1485 911 1594 965 τῶν
1626 908 1998 980 ἀναισχύντων

419 1011 596 1062 εἰπεῖν
633 1027 705 1063 τι.
739 1006 905 1062 Εἶπον
940 1008 996 1062 δὲ
1033 1008 1140 1062 τῶν
1177 1005 1568 1078 ἀναισχύντων,
1597 1006 1679 1057 ὅτι
1702 1003 1863 1056 κάκεῖ
1890 1017 1995 1069 φα-

421 1102 554 1172 νερά
605 1103 636 1172 ἡ
687 1102 958 1166 ἀπόδειξις
1012 1095 1101 1173 ἦν.
1153 1101 1265 1154 Kal
1318 1099 1426 1171 γὰρ
1469 1099 1562 1152 καὶ
1590 1099 1796 1160 ἐκεῖνος
1834 1094 1999 1148 αὐτὸν

421 1193 699 1264 ἠρνήσατο
730 1192 1025 1264 πρότερον,
1060 1192 1155 1247 καὶ
1182 1193 1460 1263 ἠρνήσατο
1502 1189 1618 1260 μεθ’
1645 1189 1808 1258 ὅρκου
1831 1226 1844 1248 ,
1881 1184 1998 1237 ἀλλ’

421 1285 572 1355 ὅμως
618 1285 709 1338 τὸν
745 1284 905 1338 αὐτὸν
937 1285 1124 1338 τοῦτον
1169 1284 1446 1354 όμολογῶν
1493 1283 1718 1351 ὕστερον
1763 1279 1858 1333 καὶ
1899 1277 2000 1348 τὴν

421 1375 600 1446 ψυχὴν
632 1376 873 1430 ἐπέδωκε
901 1378 1000 1446 τὴν
1029 1376 1241 1430 ἐαυτοῦ.
1283 1377 1343 1430 Εἰ
1380 1375 1436 1429 δὲ
1471 1375 1544 1445 μὴ
1573 1373 1772 1442 ἀνέστη
1796 1411 1810 1434 ,
1846 1367 1998 1442 [105]

421 1469 525 1521 οὐκ
553 1468 620 1522 ἂν
651 1469 681 1520 6
707 1467 883 1534 ζῶντα
923 1471 1298 1540 ἀρνησάμενος
1318 1509 1332 1531 ,
1360 1467 1502 1521 ὥστε
1550 1466 1624 1538 μὴ
1658 1461 2000 1536 ἀρνήσασθαι

422 1559 852 1632 τελευτήσαντα,
902 1562 1128 1633 μυρίους
1169 1561 1236 1615 ἂν
1283 1561 1545 1623 θανάτους
1591 1558 1881 1626 ὑπέμεινε·
1919 1553 2002 1608 διὸ

423 1654 521 1706 καὶ
552 1653 645 1706 ἐπὶ
674 1655 880 1726 Πέτρου
911 1655 1120 1727 φανερά
1144 1657 1176 1727 ἡ
1203 1655 1476 1722 ἀπόδειξις
1509 1655 1610 1724 τῆς
1649 1652 2001 1713 ἀναστάσεως

421 1737 512 1814 ἦν.
539 1744 686 1816 Πλὴν
711 1746 823 1799 ἀλλ’
854 1749 1031 1803 ἐκεῖνο
1056 1749 1154 1819 μὲν
1179 1743 1322 1818 εἶχον
1345 1749 1394 1801 οἱ
1419 1747 1763 1818 ἀναίσχυντοι
1795 1744 1997 1812 λέγειν,

422 1835 506 1890 ὄτι
534 1837 719 1908 ἐπειδὴ
746 1839 996 1911 μαθητὴς
1017 1840 1180 1894 αὐτοῦ
1206 1838 1272 1913 ἦν
1293 1879 1308 1904 ,
1339 1841 1526 1910 ἐπειδὴ
1554 1839 1832 1910 τραπέζης
1856 1839 2002 1890 ἐκοι-

422 1927 662 1998 νώνησεν
682 1931 849 2001 αὐτῷ,
877 1933 971 1984 καὶ
999 1934 1124 2003 τρία
1152 1933 1246 2005 ἐτη
1271 1932 1420 2002 αὐτῷ
1447 1931 1779 2000 συνεγένετο,
1810 1929 1998 2000 ἐπειδὴ

421 2019 769 2088 διδασκαλίας
814 2025 1148 2097 ἀπήλαυσεν,
1186 2027 1372 2097 ἐπειδὴ
1398 2025 1734 2095 ἐκολακεύθη
1771 2025 1860 2077 ὑπ’
1895 2023 1996 2076 αὺ-

421 2109 517 2164 τοῦ
561 2113 894 2184 ἀπατηθεὶς,
933 2115 1022 2168 διά
1057 2115 1213 2170 τοῦτο
1248 2117 1506 2187 κηρύττει
1541 2114 1705 2168 αὐτοῦ
1734 2113 1833 2186 τὴν
1869 2112 2000 2166 ἀνά-

424 2219 613 2257 στασιν
634 2222 647 2234 ·
687 2205 816 2258 ὅταν
853 2206 910 2258 δὲ
945 2207 1155 2260 Παῦλον
1193 2207 1304 2280 ἴδῃς
1339 2207 1428 2260 τὸν
1461 2207 1560 2260 ούκ
1591 2207 1767 2260 είδότα
1803 2207 1997 2273 αὑτὸν,

422 2295 514 2348 τὸν
558 2295 658 2348 οὐκ
697 2297 1008 2353 ἀκούσαντα
1037 2298 1231 2365 αὐτοῦ,
1271 2302 1362 2354 τὸν
1408 2301 1468 2352 ού
1526 2301 1863 2370 μετασχόντα
1900 2300 2001 2372 τῆς

423 2384 790 2452 διδασκαλίας,
828 2389 918 2442 τὸν
952 2390 1046 2443 καὶ
1088 2391 1225 2461 μετά
1260 2392 1350 2444 τὸν
1386 2392 1615 2463 σταυρὸν
1650 2393 1796 2463 αὐτῷ
1841 2391 2000 2445 πολε-

427 2474 661 2544 μοῦντα,
699 2477 788 2530 τὸν
823 2481 1218 2535 ἀποκτιννύντα
1258 2485 1384 2546 τοὺς
1413 2485 1492 2547 είς
1530 2484 1690 2537 αὐτὸν
1725 2483 2000 2538 πιστεύον-

424 2583 556 2632 τας,
587 2569 678 2624 τὸν
718 2573 892 2625 πάντα
942 2575 1236 2645 συγχέοντα
1275 2577 1368 2630 καὶ
1403 2577 1774 2647 ταράττοντα,
1813 2576 2000 2632 τοῦτον

422 2658 686 2734 ἐξαίφνης
716 2664 1217 2737 μεταϐεϐλημένον,
1263 2669 1356 2722 καὶ
1395 2673 1505 2734 τοῖς
1527 2670 1666 2740 ὑπὲρ
1691 2669 1785 2723 τοῦ
1824 2669 1998 2742 κηρύ-

376 2775 381 2780 ·
422 2767 633 2821 γματος
688 2756 954 2825 καμάτοις
1013 2758 1256 2824 ἅπαντας
1293 2761 1678 2832 παρελάσαντα
1722 2761 1851 2826 τοὺς
1901 2761 1997 2816 τοῦ

422 2843 660 2916 Χριστοῦ
689 2847 896 2916 φίλους,
937 2851 1094 2903 ποίαν
1120 2851 1260 2916 ἔξεις
1294 2851 1478 2904 λοιπὸν
1497 2891 1512 2916 ,
1547 2853 1670 2905 είπέ
1695 2869 1815 2923 μοι,
1847 2851 2000 2905 ἀναι-

424 2938 680 3008 σχυντίας
731 2941 1028 3010 πρόφασιν,
1079 2943 1322 2997 ἀπιστῶν
1369 2943 1448 3015 τῷ
1497 2945 1597 3016 τῆς
1652 2945 1999 3009 ἀναστάσεως

423 3025 599 3098 λόγῳ;
633 3030 696 3082 Εἰ
739 3031 848 3102 γάρ
887 3031 962 3104 μὴ
991 3032 1190 3106 ἀνέστη
1222 3037 1250 3087 6
1287 3035 1521 3107 Χριστὸς
1541 3074 1556 3098 ,
1590 3035 1675 3099 τίς
1706 3035 1798 3088 τὸν
1824 3033 1999 3098 οὕτως

425 3120 576 3190 ὠμὸν
599 3123 693 3175 καὶ
720 3124 1105 3191 ἀπάνθρωπον,
1140 3125 1223 3189 τίς
1247 3125 1336 3178 τὸν
1361 3125 1882 3197 ἐκπεπολεμωμένον
1904 3127 1998 3179 καὶ

424 3213 763 3284 ἠγριωμένον
793 3218 1139 3271 ἐπεσπάσατο
1166 3218 1253 3282 ἂν,
1283 3218 1378 3270 καὶ
1403 3218 1540 3288 πρὸς
1575 3219 1763 3272 ἐαυτὸν
1786 3217 1998 3289 ἐπηγά-

424 3321 588 3372 γετο;
624 3306 758 3358 Εἰπὲ
788 3309 896 3378 γάρ
929 3326 1051 3378 μοι,
1087 3303 1134 3362 ὧ
1172 3310 1420 3374 Ἰουδαῖε,
1453 3309 1536 3374 τίς
1566 3309 1778 3364 Παῦλον
1811 3311 1998 3364 ἔπεισε

425 3398 740 3469 προσελθεῖν
790 3399 868 3470 τῷ
916 3401 1172 3471 Χριστῷ;
1231 3401 1469 3473 Πέτρος;
1527 3402 1643 3456 ἀλλ’
1711 3403 1994 3471 Ἰάκωϐοςς

322 3479 328 3485 ’
422 3490 538 3562 ἀλλ’
579 3491 853 3560 Ἰωάννης;
895 3491 1032 3544 Ἀλλ’
1055 3485 1200 3546 οῦτοι
1229 3493 1428 3557 πάντες
1451 3492 1612 3547 αὐτὸν
1642 3493 1998 3547 ἐδεδοίκεισαν

423 3584 519 3636 καὶ
548 3583 800 3654 ἔφριττον
818 3627 834 3649 ,
870 3585 963 3639 καὶ
1001 3586 1122 3656 οὐχὶ
1151 3587 1256 3657 πρὸ
1286 3586 1475 3641 τούτου
1519 3587 1707 3657 μόνον,
1741 3586 1876 3641 ἀλλά
1904 3588 1999 3640 καὶ

423 3673 513 3727 ὅτε
551 3675 657 3726 τῶν
696 3674 860 3743 φίλων
892 3676 1134 3744 ἐγένετο,
1171 3678 1260 3730 ὅτε
1296 3677 1580 3750 Βαρνάϐας
1608 3678 1998 3750 ἐπιλαϐόμενος

425 3764 589 3818 αὑτοῦ
611 3767 708 3836 τῆς
742 3765 920 3836 χειρὸς
968 3769 1314 3838 ἐπανήγαγεν
1361 3770 1442 3833 είς
1481 3769 1863 3842 Ἰεροσόλυμα.
1915 3771 1996 3824 ἔτι

425 3858 717 3928 ἐφοϐοῦντο
754 3859 1041 3914 κολλᾶσθαι
1082 3861 1231 3932 αύτῷ
1251 3876 1264 3890 °
1299 3863 1392 3916 καὶ
1421 3865 1452 3915 6
1488 3863 1584 3934 μὲν
1617 3863 1847 3933 πόλεμος
1877 3862 1994 3915 ἐλέ-

422 3949 570 4016 λυτο,
595 3953 624 4004 6
651 3950 706 4004 δὲ
725 3952 882 4020 φόϐος
904 3952 1134 4023 ἐπέμενε
1159 3955 1271 4016 τοῖς
1289 3954 1626 4018 ἀποστόλοις.
1651 3956 1714 4009 Οἱ
1733 3951 1826 4009 οῦν
1857 3973 1994 4008 κατ-

423 4043 724 4112 αλλαγέντα
771 4045 929 4098 αὐτὸν
975 4045 1056 4098 ἐτι
1111 4045 1465 4117 φοϐούμενοι,
1502 4046 1693 4117 ἐχθρὸν
1735 4047 1862 4102 ὄντα
1900 4049 1996 4100 καὶ

424 4135 680 4206 πολέμιον
721 4136 962 4206 ἐτόλμων
1003 4138 1217 4200 πεῖσαι;
1266 4136 1585 4207 προσελθεῖν
1624 4135 1732 4207 γάρ
1764 4137 1934 4201 ὅλως.
1959 4137 1994 4208 ἢ

425 4227 637 4298 στῆναι,
671 4227 704 4298 ἢ
735 4228 918 4298 διᾶραι
949 4228 1143 4299 στόμα,
1176 4229 1410 4298 φανῆναι
1442 4227 1500 4281 δὲ
1526 4227 1660 4290 ὅλως
1687 4228 1993 4297 ὑπέμενον;

425 4319 540 4372 Οὐκ
562 4319 674 4372 ἐστι
700 4320 889 4385 ταῦτα,
916 4322 1016 4375 οὐκ
1040 4321 1185 4374 ἐστιν
1204 4337 1215 4348 ’
1241 4321 1343 4374 οὐκ
1364 4317 1431 4392 ἦν
1458 4320 1773 4392 ἀνθρωπίνη
1792 4321 1994 4392 σπουδὴ

423 4410 484 4464 τὸ
511 4411 827 4481 γινόμενον,
863 4412 997 4466 ἀλλά
1039 4412 1188 4475 θείας
1226 4411 1464 4483 χάριτος.
1505 4413 1569 4464 Εἰ
1602 4411 1779 4464 τοίνυν
1803 4411 1995 4483 νεκρὸς

421 4498 524 4574 ἦν,
559 4501 634 4566 ὥς
666 4520 802 4572 φατε
824 4543 836 4566 ,
867 4505 895 4556 6
936 4504 1168 4573 Χριστὸς
1188 4544 1202 4568 ,
1255 4503 1351 4557 καὶ
1393 4502 1640 4566 ἐλθόντες
1669 4503 1720 4556 οἱ
1753 4503 1994 4574 μαθηταὶ

422 4611 589 4664 αὐτοῦ
616 4611 849 4680 ἔκλεψαν
880 4609 1072 4674 αὑτὸν,
1118 4611 1235 4673 πῶς
1267 4610 1488 4680 μείζονα
1519 4609 1590 4663 τά
1619 4613 1820 4680 σημεῖα
1855 4610 1994 4680 μετά

421 4703 513 4756 τὸν
548 4701 778 4772 σταυρὸν
821 4701 1070 4770 ἐγένετο;
1111 4700 1228 4764 πῶς
1260 4701 1462 4755 πλείων
1508 4702 1542 4772 ἡ
1581 4701 1853 4767 ἀπόδειξις
1893 4701 1993 4769 τῆς

419 4793 731 4863 δυνάμεως;
772 4793 847 4846 Ού
884 4791 996 4864 γὰρ
1027 4791 1185 4863 μόνον
1234 4793 1533 4863 μετέστησε
1571 4793 1662 4845 τὸν
1696 4793 1989 4862 πολέμιον,

421 4883 516 4936 καὶ
542 4884 782 4954 ἀρχηγὸν
828 4884 926 4952 τῆς
966 4883 1146 4954 μάχης
1174 4884 1358 4954 ὑμῶν·
1416 4884 1593 4937 καίτοι
1634 4885 1682 4936 εί
1709 4885 1802 4936 καὶ
1833 4883 1993 4937 τοῦτο

424 4989 584 5059 μόνον
616 4991 860 5060 ἐποίησε,
899 4991 1161 5060 μεγίστης
1187 4990 1468 5060 δυνάμεως
1493 4986 1562 5060 ἦν
1594 4989 1655 5041 τὸ
1677 4989 1772 5042 τὸν
1797 4990 1993 5060 ἐχθρὸν

422 5081 520 5134 καὶ
557 5080 816 5150 πολέμιον
845 5081 1030 5135 λαϐεῖν
1061 5082 1405 5153 αἰχμάλωτον
1429 5096 1442 5109 ⁸
1475 5081 1570 5133 νῦν
1601 5081 1658 5134 δὲ
1687 5083 1810 5151 οὐχὶ
1835 5081 1993 5135 τοῦτο

425 5187 586 5258 μόνον
615 5186 928 5256 εἰργάσατο,
961 5188 1096 5241 ἀλλά
1122 5189 1213 5242 καὶ
1232 5189 1419 5242 τούτου
1450 5187 1630 5258 πολλῷ
1666 5190 1867 5259 μεῖζον.
1915 5188 1990 5240 Οὐ

422 5293 532 5362 γάρ
561 5291 720 5361 μόνον
749 5290 1078 5360 μετέστησεν
1096 5336 1110 5358 ,
1144 5292 1454 5357 ἀλλ”οὖτως
1481 5294 1676 5346 οἰκεῖον
1708 5295 1987 5365 ἐποίησεν,

420 5394 595 5460 οὕτως
621 5395 972 5449 ἐπεσπάσατο
1004 5400 1140 5468 πρὸς
1170 5398 1269 5468 τὴν
1295 5397 1506 5453 εὔνοιαν
1534 5399 1632 5470 τὴν
1660 5400 1852 5453 ἐαυτοῦ
1873 5443 1887 5464 ,
1915 5400 1991 5464 ὡς

422 5488 517 5544 καὶ
538 5487 688 5558 αὺτῷ
717 5489 896 5542 πάντα
921 5488 1021 5557 τῆς
1058 5489 1379 5560 Ἐκκλησίας
1398 5493 1466 5544 τὰ
1491 5494 1793 5562 πράγματα
1819 5493 1990 5562 ἐγχει-

424 5579 592 5650 ρίσαι.
625 5579 852 5646 Σκεῦος
875 5581 1003 5651 γὰρ,
1039 5582 1202 5651 φησὶν
1221 5624 1235 5647 ,
1265 5581 1520 5652 ἐκλογῆς
1559 5584 1663 5654 μοι
1687 5583 1858 5637 ἐστιν
1889 5579 1990 5638 οὗ·

422 5689 553 5738 τος,
589 5671 694 5728 τοῦ
713 5671 1027 5738 ,βαστάσαι
1062 5674 1131 5729 τὸ
1163 5675 1351 5747 ὄνομά
1371 5695 1488 5746 μου
1519 5676 1770 5732 ἐνώπιον
1798 5675 1988 5732 ἐθνῶν

1127 263 1182 317 S.
1220 261 1508 319 JOANMS
1541 257 2034 316 CHRYSOSTOMI
2077 256 2393 311 ARCIHEP.
2437 255 2983 314 CONSTANTINOP.

3583 241 3691 296 12?.

2107 360 2205 411 καί
2229 361 2574 424 βασιλέων,
2615 361 2711 414 καὶ
2757 360 2979 414 πλείονα
3007 359 3118 412 τῶν
3153 360 3466 415 ἀποστόλων
3499 363 3689 416 πεῖσαι

2105 454 2303 521 καμεῖν
2345 453 2484 524 ὑπὲρ
2513 452 2614 522 τῆς
2661 453 2988 523 Ἐκκλησίας
3019 454 3120 522 τῆς
3151 454 3416 525 πρότερον
3459 455 3551 509 ὑπ’
3585 455 3690 509 αὐ-

2103 540 2196 594 τοῦ
2228 541 2660 614 πολεμουμένης.
3297 599 3301 602 .

2177 632 2250 697 ς’.
2275 633 2463 686 Βούλει
2489 635 2680 705 μαθεῖν
2698 635 2815 700 πῶς
2835 638 2998 690 αυτὸν
3021 637 3316 709 μετέστησε
3337 655 3352 703 ;
3378 638 3494 703 πῶς
3523 637 3692 694 αύτδν

2104 725 2451 795 ᾠκειώσατος
2487 729 2603 792 πῶς
2646 729 2811 783 αὑτὸν
2861 732 3246 795 ἐπεσπάσατο;
3281 733 3398 796 πῶς
3433 733 3512 797 είς
3557 733 3692 797 τοὺς

2105 815 2356 887 πρώτους
2395 819 2504 872 τῶν
2538 820 2710 888 φίλων
2754 823 3079 890 κατέλεξεν;
3113 823 3301 878 Ούδενὶ
3339 825 3448 878 τῶν
3475 824 3693 896 ἀνθρώ·

2106 926 2224 962 πων
2247 909 2482 964 τοσαῦτα
2515 911 2820 984 ἐθάρρησεν
2870 916 3045 970 εἰπεῖν
3094 918 3416 989 ἀπόρρητα,
3467 919 3566 972 ὅσα
3609 919 3694 988 τῷ

2107 1001 2326 1072 Παύλῳ.
2360 1003 2470 1057 Καὶ
2522 1004 2686 1058 πόθεν
2731 1006 2892 1060 τοῦτο
2919 1009 3110 1079 δῆλον;
3147 1012 3421 1066 Ἤκουσα
3459 1012 3693 1080 ἄρρητα

2099 1091 2373 1160 ῥήματα,
2422 1096 2618 1166 φησὶν,
2658 1096 2698 1150 ἀ
2729 1099 2840 1152 οὐκ
2868 1099 3010 1162 ἐξὸν
3049 1101 3341 1170 ἀνθρώπῳ
3389 1104 3688 1173 λαλῆσαι.

2107 1181 2290 1249 Εἶδες,
2343 1188 2372 1239 6
2427 1187 2646 1258 ἐχθρὸς,
2709 1192 2740 1242 6
2789 1190 3047 1261 πολέμιος
3093 1194 3267 1266 πόσην
3319 1195 3532 1250 εὔνοιαν
3585 1198 3693 1248 ἐπ-

2107 1274 2379 1342 εδείξατο;
2405 1277 2504 1330 Διά
2543 1277 2690 1352 [106]
2726 1280 2898 1344 ,τοῦτο
2923 1285 3220 1351 ἀναγκαῖον
3261 1288 3355 1338 καὶ
3405 1287 3497 1340 τὸν
3549 1289 3693 1360 πρό-

2105 1382 2264 1436 τερον
2315 1367 2430 1437 βίον
2475 1369 2642 1423 αὐτοῦ
2691 1373 2904 1426 εἰπεῖν’
2965 1376 3056 1428 καὶ
3111 1377 3221 1446 γὰρ
3265 1378 3362 1448 τὴν
3409 1379 3501 1432 τοῦ
3549 1379 3692 1433 Θεοῦ

2105 1456 2380 1511 δείκνυσιν
2452 1462 2586 1531 ἡμῖν
2641 1463 3056 1536 φιλανθρωπίαν
3119 1456 3209 1522 καὶ
3273 1468 3541 1539 δύναμιν·
3604 1490 3694 1539 φι-

2105 1549 2459 1620 λανθρωπίαν
2510 1554 2644 1624 μὲν,
2687 1557 2772 1611 ὄτι
2810 1557 3077 1631 ἐϐουλήθη
3119 1561 3211 1613 τὸν
3255 1561 3492 1616 τοσαῦτα
3542 1565 3693 1618 κακὲ

2107 1642 2484 1714 ἐργασάμενον
2544 1647 2755 1712 σῶσαι,
2806 1651 2903 1704 καὶ
2953 1652 3091 1722 πρὸς
3143 1654 3337 1707 ἐαυτὸν
3382 1657 3693 1709 ἐπισπάσα-

2109 1733 2271 1786 σθαι’
2319 1735 2553 1808 δύναμιν
2597 1739 2693 1802 δὲ,
2732 1742 2815 1794 ὅτι
2865 1742 3153 1815 βουληθεὶς
3200 1746 3404 1815 ἴσχυσε.
3446 1749 3554 1800 Kal
3589 1749 3692 1818 τὴν

2109 1825 2321 1879 Παύλου
2360 1827 2417 1882 δὲ
2473 1830 2632 1884 τοῦτο
2676 1833 2917 1888 δείκνυσι
2974 1835 3182 1906 ψυχὴν,
3217 1838 3298 1890 ὅτι
3347 1838 3500 1890 οὐδὲν
3553 1839 3692 1908 πρὸς

2108 1918 2442 1985 φιλονεικίαν
2487 1923 2690 1987 ἐποίει,
2734 1926 2856 1979 οὐδὲ
2909 1927 3222 2000 ἀνθρωπίνῃ
3280 1929 3693 2000 προκατειλημ-

2109 2009 2273 2079 μένος
2313 2012 2471 2087 δόξῃ,
2521 2015 2774 2088 καθάπερ
2813 2020 2863 2071 οί
2903 2021 3172 2075 Ἰουδαῖοι·
3209 2022 3349 2076 ἀλλά
3393 2023 3541 2094 ζήλῳ
3591 2040 3692 2076 πε-

2107 2103 2433 2173 πυρωμένος
2452 2146 2467 2170 ,
2503 2108 2602 2161 οὐκ
2624 2109 2768 2181 ὀρθῷ
2799 2111 2898 2181 μὲν
2916 2152 2932 2175 ,
2969 2113 3114 2184 ζήλῳ
3141 2114 3198 2166 δὲ
3230 2116 3406 2184 ὅμως-
3433 2117 3570 2187 ὅπερ
3594 2119 3692 2171 καὶ

2106 2193 2271 2257 αὐτὸς
2299 2196 2429 2250 ἐϐόα
2473 2197 2682 2268 λέγων,
2735 2202 2819 2255 ὅτι
2867 2203 2972 2258 Διὰ
3022 2205 3198 2260 τοῦτο
3238 2207 3546 2274 ἠλεήθην,
3597 2207 3691 2261 ὅτ.

2105 2284 2610 2357 ἀγνοῶνὲποιήσα
2626 2292 2696 2346 ὲν
2705 2295 2956 2364 ἀπιστία
2973 2313 2989 2328 ο
3007 2297 3103 2350 καὶ
3123 2298 3222 2369 τὴν
3239 2297 3331 2352 τοῦ
3343 2299 3480 2352 Θεοῦ
3499 2299 3661 2368 φιλαν
3672 2329 3689 2342 ο

2106 2377 2352 2450 θρωπίαν
2373 2384 2808 2456 ἐκπληττόμενος
2834 2389 3020 2459 ἔλεγεν
3038 2407 3052 2420 °
3086 2391 3211 2445 Ἵνα
3235 2392 3304 2445 ἐν
3325 2393 3454 2463 ἐμοὶ
3481 2395 3689 2462 πρώτῳ

2104 2469 2444 2540 ἐνδείξηται
2492 2478 2748 2545 Χριστὸς
2800 2480 2914 2549 τὴν
2959 2483 3208 2537 ἅπασαν
3245 2487 3684 2555 μακροθυμίαν,

2106 2559 2257 2629 πρὸς
2298 2565 2696 2622 ὑποτύπωσιν
2731 2569 2801 2623 δὲ
2846 2571 2966 2625 τῶν
2989 2577 3345 2643 μελλόντων
3374 2577 3688 2630 πιστεύειν

2103 2651 2198 2704 ἐπ’
2231 2653 2391 2719 αὐτῷ
2435 2659 2524 2722 εις
2571 2657 2727 2727 ζωὴν
2772 2661 3048 2718 αἰώνιονο
3094 2668 3189 2719 καὶ
3228 2665 3460 2738 ἀλλαχοῦ
3528 2668 3688 2722 πάλιν

2105 2741 2318 2809 ἔλεγεν,
2367 2745 2450 2798 ὅτι
2499 2748 2618 2817 Τὴν
2655 2751 2966 2822 ἐνέργειαν
3003 2756 3110 2824 τῆς
3143 2757 3452 2828 δυνάμεως
3501 2761 3688 2816 αὐτοῦ

2101 2832 2370 2921 μάλιστα
2418 2837 2653 2904 ἔδειξεν
2701 2845 2790 2910 εις
2850 2846 3008 2915 ἡμᾶς
3065 2850 3209 2917 τοὺς
3263 2854 3685 2921 πιστεύοντας.

2104 2920 2260 2988 Εἶδες
2313 2927 2432 2991 πῶς
2471 2932 2563 2984 καὶ
2585 2932 2686 3004 τὴν
2713 2935 3126 3010 φιλανθρωπίαν
3162 2943 3330 3010 ἔδειξε
3363 2946 3470 3000 ’τοῦ
3507 2920 3650 3002 Θεοῦ
3663 2988 3682 3013 .

2104 3017 2200 3070 καὶ
2222 3018 2322 3089 τὴν
2362 3019 2626 3092 δύναμιν,
2671 3027 2762 3080 καὶ
2790 3027 2853 3082 τὸ
2879 3030 2981 3101 τῆς
3009 3034 3201 3089 ἐαυτοῦ
3233 3035 3454 3108 γνώμης
3483 3039 3684 3094 ἀδέκα-

2105 3123 2230 3161 στον
2253 3111 2282 3162 6
2323 3111 2588 3184 πρότερος
2626 3117 2836 3173 Παύλου
2877 3120 3025 3192 Stas;
3055 3126 3226 3180 Τοῦτο
3249 3129 3380 3196 γοῦν
3413 3131 3685 3197 Γαλάταις

2103 3198 2332 3268 γράφων
2365 3203 2446 3267 είς
2473 3204 2748 3272 ἀπόδειξιν
2791 3214 3114 3284 παρήγαγε,
3145 3217 3238 3270 τοῦ
3274 3221 3348 3291 μὴ
3376 3220 3445 3273 δι’
3473 3222 3690 3292 ἀνθρώ-

2104 3306 2244 3355 πους
2273 3293 2704 3362 μεταϐαλέσθαι,
2749 3300 2884 3356 ἀλλά
2926 3303 3047 3377 θείᾳ
3097 3310 3484 3380 μετενενῆχθαι
3522 3314 3685 3368 δυνά-

2107 3399 2218 3451 μει.
2241 3385 2312 3437 Εἰ
2341 3386 2453 3455 τὰρ
2479 3388 2842 3459 ἀνθρώποις,
2883 3396 3068 3467 φησὶν.
3101 3398 3368 3466 ἤρεσκον
3387 3445 3400 3468 ,
3425 3406 3686 3472 Χριστοῦ

2103 3473 2326 3544 δοῦλος
2353 3479 2466 3531 οὐκ
2495 3477 2573 3533 ἂν
2604 3480 2788 3552 ἤμην.
2817 3486 2929 3540 Καὶ
2957 3487 3123 3542 πόθεν
3148 3491 3306 3563 δῆλον
3336 3496 3418 3548 ὅτι
3457 3498 3561 3550 οὐκ
3597 3502 3687 3552 ἀν-

2105 3566 2344 3659 θρώποις
2410 3571 2697 3643 ἀρέσκων,
2745 3578 2881 3648 πρὸς
2944 3582 3008 3633 τὸ
3060 3583 3323 3656 κήρυγμα
3381 3589 3682 3659 μετέστηςς

2116 3658 2464 3724 Ἠκούσατε,
2497 3665 2652 3734 φησὶ,
2683 3666 2800 3734 τὴν
2819 3669 2976 3738 ἐμὴν
3007 3673 3402 3746 ἀναστροφήν
3432 3695 3580 3733 ποτε
3609 3658 3688 3734 Ῠὲν

2103 3749 2184 3815 τῷ
2215 3752 2571 3824 ιουδατσμῷ,
2614 3757 2705 3812 ὅτι
2734 3763 2866 3816 καθ’
2913 3766 3262 3836 ὑπερϐολὴν
3292 3769 3547 3825 ἐδίωκον
3571 3772 3686 3840 τὴν

2116 3841 2486 3912 Ἐκκλησίαν
2515 3848 2624 3902 τοῦ
2655 3850 2834 3917 Θεοῦ,
2864 3854 2962 3908 καὶ
2988 3855 3288 3925 ἐπόρθουν
3317 3863 3537 3931 αὐτήν.
3571 3865 3684 3917 Οὐκ

2102 3932 2168 3987 ἂν
2203 3935 2290 3998 δὲ,
2322 3938 2371 3990 εί
2396 3939 2704 4010 ἀνθρώποις
2733 3945 2988 4016 ἀρέσκειν
3026 3948 3222 4019 ήθελε,
3253 3953 3514 4022 μετέθετο
3547 3957 3682 4026 πρὸς

2100 4029 2201 4100 τὴν
2234 4030 2437 4084 πίστιν.
2471 4033 2569 4087 Διά
2603 4035 2694 4100 τί;
2747 4037 3007 4109 Ἐτιμᾶτο
3050 4043 3203 4114 παρά
3252 4045 3559 4112 Ἰουδαίοις,
3590 4050 3682 4101 καὶ

2102 4121 2287 4186 ἀδείας
2311 4124 2558 4194 ἀπήλαυε
2587 4127 2809 4200 πολλῆς,
2845 4132 2940 4185 καὶ
2967 4134 3265 4207 προεδρίας
3289 4135 3511 4206 ἠξιοῦτο
3532 4155 3546 4170 ·
3583 4140 3681 4193 οὐκ

2102 4213 2168 4267 ἂν
2196 4210 2290 4268 οὖν
2325 4216 2463 4287 πρὸς
2497 4218 2834 4275 ἐπικίνδυνον
2869 4224 3102 4297 μετέστη
3134 4226 3249 4297 βίον
3284 4229 3376 4281 τὸν
3405 4229 3514 4282 τῶν
3543 4232 3679 4284 ἀπο-

2103 4307 2337 4370 στόλων,
2387 4309 2480 4362 τὺν
2539 4311 2852 4384 δυσφημίας
2913 4317 3187 4389 γέμοντα,
3234 4323 3326 4374 τὸν
3383 4326 3682 4396 συμφορῶν

2101 4400 2587 4472 ἐμπεπλησμένον·
2612 4404 2753 4458 ὥστε
2803 4407 2970 4479 αὐτὴν
3008 4410 3365 4485 (εἱε)άθρόᾳ
3404 4416 3680 4487 μεταϐολῇ

2101 4492 2196 4544 καὶ
2231 4493 2596 4560 μεταστάσει,
2637 4497 2731 4549 καὶ
2781 4497 2842 4550 τὸ
2891 4500 3214 4556 καταλιπεῖν
3266 4505 3368 4575 μὲν
3399 4508 3501 4578 τὴν
3532 4511 3694 4580 παράρ

2113 4580 2387 4645 Ἰουδαίοις
2435 4585 2599 4655 τιμὴν
2646 4587 2738 4639 καὶ
2782 4587 2875 4642 τὸν
2909 4591 3186 4664 ἀπόλεμον
3221 4595 3370 4666 βίον,
3413 4599 3683 4655 ἀνταλλάς

2101 4669 2294 4736 ξασθαι
2331 4671 2387 4725 δὲ
2431 4674 2529 4746 τὴν
2569 4674 2679 4728 τῶν
2720 4676 3036 4733 ἀποστόλων
3077 4682 3252 4756 ζωὴν,
3302 4687 3402 4758 τὴν
3456 4693 3684 4762 μυρίους

2099 4759 2328 4828 ἔχουσαν
2375 4760 2664 4828 θανάτους,
2718 4765 2954 4837 μεγίστη
3005 4769 3228 4838 γέγονεν
3273 4759 3549 4840 ἀπόδειξις
3590 4777 3683 4829 τοῦ

2102 4849 2178 4920 μὴ
2211 4849 2278 4902 δι’
2308 4849 2656 4923 ἀνθρωπίνην
2689 4855 2812 4908 τινὰ
2857 4859 3148 4928 πρόφασιν’
3178 4864 3546 4936 μετατεθῆναι
3593 4868 3684 4922 τὸν

2099 4939 2330 4994 Παῦλον.
2385 4943 2483 4995 Διά
2515 4943 2674 4997 τοῦτο
2701 4947 2797 5000 καὶ
2827 4948 2988 5018 ἡμεῖς
3020 4952 3394 5025 ἐϐουλήθημεν
3424 4957 3517 5010 τὸν
3546 4961 3683 5030 πρό-

2098 5047 2255 5102 τερον
2286 5031 2449 5092 αὑτοῦ
2491 5033 2606 5103 βίον
2639 5038 2719 5099 εἰς
2755 5039 2920 5108 μέσον
2957 5043 3217 5111 ἀγαγεῖν,
3259 5050 3354 5101 καὶ
3388 5048 3561 5114 δεῖξαι
3591 5051 3683 5104 τὸν

2099 5123 2491 5192 πεπυρωμένον
2524 5123 2686 5196 ζῆλον
2715 5128 2806 5182 τὸν
2855 5133 2996 5186 κατά
3027 5135 3126 5204 τῆς
3177 5136 3501 5206 Ἐκκλησίας
3524 5181 3540 5204 ,
3579 5141 3645 5191 ἶν’
3665 5180 3682 5204 ,

2096 5213 2224 5266 ὅταν
2254 5214 2369 5284 ῐδῃς
2399 5215 2497 5286 τὴν
2532 5217 2736 5289 πολλὴν
2765 5221 3076 5293 προθυμίαν
3105 5225 3202 5297 τὴν
3241 5228 3381 5300 ὑπὲρ
3408 5231 3508 5299 τῆς
3556 5232 3680 5284 Ἐκ-

2096 5305 2357 5374 κλησίας,
2401 5306 2689 5380 θαυμάσῃς
2724 5310 2815 5363 τὸν
2859 5313 3116 5367 ποιοῦντα
3163 5317 3338 5370 πάντα
3384 5320 3478 5370 καὶ
3507 5338 3680 5388 μετα-

2097 5396 2429 5461 σκευάζοντα
2457 5396 2610 5452 Θεόν.
2654 5400 2752 5453 Διά
2798 5401 2958 5455 τοῦτο
2991 5407 3087 5458 καὶ
3124 5409 3153 5459 6
3183 5408 3431 5478 μαθητὴς
3470 5410 3500 5460 6
3527 5410 3680 5462 Παύ-

2095 5487 2189 5541 λου
2214 5488 2280 5542 τά
2315 5490 2559 5560 πρότερα
2592 5491 2727 5562 ἡμῖν
2756 5493 2874 5561 μετ’
2905 5495 3190 5565 ἀκριϐείας
3219 5498 3550 5570 διηγήσατο,
3586 5503 3680 5554 καὶ

2095 5581 2298 5653 πολλῆς
2335 5583 2660 5652 ἐμφάσεως,
2715 5585 2889 5650 οὕτως
2943 5587 3148 5641 εἰπών·
3201 5591 3440 5657 Σαῦλος
3490 5592 3560 5645 δὲ
3591 5596 3676 5648 ἐτι

2095 5675 2367 5748 ἐμπνέων
2416 5675 2675 5746 ἀπειλῆς
2713 5677 2812 5734 καί
2848 5679 3041 5748 φόνου
3083 5683 3169 5750 είς
3215 5681 3358 5749 τοὺς
3403 5685 3674 5754 μαθητὰς
