3964 6342
216 292 310 346 121

215 410 312 464 bus
344 410 551 481 signum
580 409 698 477 fuit,
727 408 952 466 Paulum
991 418 1114 480 post
1149 423 1367 465 crucem
1396 417 1452 464 et
1479 407 1810 478 sepulturam

214 503 280 556 ad
311 502 582 558 Christum
619 504 931 559 accessisse.
973 504 1261 575 Propterea
1299 516 1530 572 namque
1566 500 1811 572 permisit

214 611 337 651 eum
367 596 609 652 Christus
637 612 797 653 omne
820 597 1002 652 odium
1030 612 1138 667 prae
1164 611 1222 651 se
1250 598 1411 661 ferre,
1433 610 1497 650 ac
1525 604 1634 649 tum
1658 592 1805 647 ilium

214 688 446 752 vocavit,
476 698 535 742 ut
576 687 988 744 resurrectionis
1029 687 1397 757 probationem
1439 701 1505 741 ac
1549 685 1806 740 doctrina:

214 794 522 835 sermonem
572 781 717 834 omni
764 779 1072 849 suspicione
1112 780 1385 833 liberaret.
1435 776 1567 831 Nam
1618 777 1807 831 Petrus

212 871 430 941 quidem
470 873 515 926 si
558 871 631 927 de
670 886 737 927 eo
777 872 1031 941 loquutus
1074 879 1241 937 esset,
1270 879 1551 939 suspectus
1580 867 1805 923 fuisset:

212 964 477 1033 potuisset
524 965 667 1017 enim
726 964 1007 1034 impudens
1055 964 1244 1033 aliquis
1291 962 1560 1033 quidpiam
1609 961 1805 1015 dicere.

214 1053 386 1108 Porro
426 1054 788 1124 impudentem
820 1055 966 1121 dixi,
998 1055 1249 1125 quoniam
1289 1063 1343 1108 et
1383 1054 1491 1108 illic
1533 1053 1807 1127 manifesta

214 1142 319 1198 fuit
360 1144 762 1201 demonstratio.
809 1146 1082 1216 Siquidem
1114 1147 1201 1201 ille
1230 1160 1439 1216 quoque
1466 1146 1611 1213 prius
1636 1144 1808 1214 ipsum

214 1239 449 1308 negavit,
473 1247 528 1293 et
550 1255 672 1293 cum
692 1239 1001 1310 juramento
1025 1239 1234 1308 negavit
1253 1257 1264 1289 :
1281 1246 1645 1292 verumtamen
1669 1235 1811 1290 hunc

213 1332 393 1401 ipsum
423 1330 615 1387 deinde
636 1332 763 1386 dum
786 1330 1092 1395 confitetur,
1108 1331 1191 1384 vel
1214 1331 1382 1399 ipsam
1405 1329 1636 1382 animam
1659 1342 1807 1381 suam

216 1435 318 1491 pro
347 1420 435 1475 illo
457 1420 691 1475 tradidit.
721 1421 873 1489 Quod
898 1422 941 1476 si
967 1436 1074 1475 non
1101 1420 1499 1484 resurrexisset,
1521 1432 1810 1485 numquam

212 1514 259 1568 is
282 1554 298 1574 .
333 1515 422 1584 qui
450 1515 716 1570 viventem
749 1523 1069 1585 negaverat,
1102 1513 1299 1568 millies
1326 1521 1552 1567 mortem
1584 1510 1811 1563 toleras-

215 1616 327 1671 set,
363 1621 428 1660 ne
452 1606 559 1674 jam
588 1616 855 1661 mortuum
887 1606 1177 1675 abnegaret
1205 1622 1218 1658 :
1250 1618 1356 1674 quo
1385 1602 1464 1668 fit,
1493 1612 1553 1656 ut
1576 1602 1735 1655 etiam
1758 1601 1810 1653 in

215 1697 385 1753 Petro
430 1697 836 1752 resurrectionis
880 1696 1268 1752 demonstratio
1323 1692 1602 1749 manifesta
1652 1692 1813 1746 fuisse

216 1790 485 1845 videatur.
540 1790 925 1846 Verumtamen
968 1789 1038 1844 de
1081 1789 1175 1844 illo
1220 1788 1433 1859 quidem
1480 1784 1813 1855 impudentes

208 1880 402 1937 dicere
428 1882 744 1952 potuissent,
768 1897 890 1937 eum
916 1888 1199 1951 pr0pterea
1222 1880 1364 1949 quod
1387 1878 1676 1946 discipulus
1700 1884 1815 1930 erat

216 1972 401 2037 illius,
431 1982 709 2042 propterea
756 1973 899 2042 quod
944 1971 1209 2042 particeps
1235 1969 1351 2039 ejus
1379 1982 1579 2023 mensae
1609 1966 1812 2032 fuerat,

214 2080 282 2120 ac
316 2066 485 2120 tribus
514 2065 670 2121 annis
700 2080 822 2121 cum
865 2066 955 2120 illo
997 2072 1239 2119 versatus
1283 2062 1483 2124 fuerat;
1532 2068 1812 2129 propterea

215 2155 365 2225 quod
411 2156 524 2226 ejus
572 2155 813 2211 doctrina
859 2156 1059 2224 potitus
1098 2162 1241 2219 erat;
1275 2161 1553 2223 propterea
1588 2149 1729 2219 quod
1761 2148 1815 2202 in

218 2246 464 2301 fraudem
517 2246 726 2303 illectus
770 2246 1043 2303 blanditiis
1088 2246 1204 2315 ejus
1248 2244 1447 2308 fuerat,
1487 2242 1684 2297 idcirco
1731 2254 1817 2294 re-

217 2340 608 2393 surrectionem
654 2338 793 2392 illius
843 2337 1133 2407 praedicare
1183 2354 1196 2389 :
1250 2351 1371 2390 cum
1425 2348 1555 2389 vero
1592 2331 1814 2387 Paulum

216 2427 427 2494 videas,
456 2428 545 2497 qui
592 2428 762 2496 ipsum
802 2443 907 2482 non
940 2426 1180 2491 viderat,
1212 2426 1299 2495 qui
1330 2425 1502 2494 ipsum
1530 2437 1636 2476 non
1661 2420 1817 2475 audi-

216 2532 410 2588 verat,
459 2521 551 2591 qui
605 2520 860 2576 doctrina:
900 2520 1167 2591 particeps
1212 2518 1432 2572 minime
1483 2516 1681 2577 fuerat,
1727 2513 1817 2583 qui

219 2616 382 2669 etiam
411 2623 533 2683 post
559 2628 774 2668 crucem
806 2613 881 2667 illi
910 2613 1108 2668 bellum
1139 2610 1423 2674 indixerat,
1455 2617 1511 2663 et
1530 2622 1624 2662 eos
1649 2607 1736 2675 qui
1761 2606 1813 2660 in

219 2706 396 2773 ipsum
422 2705 736 2773 credebant,
760 2705 1132 2769 interficiebat,
1155 2702 1243 2772 qui
1272 2701 1448 2756 omnia
1476 2700 1734 2754 miscebat
1757 2713 1820 2753 ac

222 2797 472 2852 turbabat
494 2838 509 2860 .
544 2798 682 2852 hunc
708 2797 885 2852 subito
911 2806 1171 2850 mutatum
1202 2796 1256 2849 in
1286 2792 1519 2849 ferendis
1544 2807 1641 2861 pro
1678 2805 1819 2860 pra:-

220 2888 488 2943 dicatione
516 2889 665 2944 verbi
695 2888 963 2944 laboribus
989 2903 1176 2943 omnes
1209 2885 1405 2940 Christi
1433 2885 1634 2939 amicos
1654 2897 1818 2953 supe-

219 2997 362 3047 rare,
381 2996 505 3052 quae
520 2982 610 3036 tibi
626 2981 899 3051 deinceps,
922 2995 1122 3052 quaeso,
1146 2980 1485 3050 impudentiae
1502 2977 1712 3033 occasio
1730 2992 1820 3031 re-

219 3076 521 3145 linquetur,
542 3076 585 3129 si
608 3076 1016 3130 resurrectionis
1036 3074 1201 3129 verbo
1221 3090 1327 3128 non
1352 3073 1576 3129 credas?
1597 3071 1654 3127 Si
1675 3072 1817 3126 enim

220 3161 467 3220 Christus
492 3178 602 3220 non
630 3166 1030 3229 resurrexisset,
1052 3165 1172 3235 quis
1188 3165 1457 3219 hominem
1474 3166 1609 3219 adeo
1629 3163 1822 3219 crude-

223 3256 325 3309 lem
342 3264 396 3311 et
410 3256 785 3319 inhumanum,
800 3257 918 3327 quis
934 3257 1067 3311 adeo
1085 3256 1350 3311 infensum
1363 3266 1416 3311 et
1429 3255 1702 3310 efferatum
1720 3253 1820 3308 sibi

224 3348 569 3403 conciliasset
595 3359 651 3404 et
672 3348 736 3403 ad
756 3363 814 3403 se
833 3348 1177 3403 attraxisset?
1200 3348 1296 3402 Dic
1319 3349 1482 3408 enim,
1507 3361 1709 3417 quaeso,
1739 3346 1825 3400 Ju-

223 3439 357 3504 da-e,
392 3440 516 3507 quis
546 3439 714 3494 Paulo
745 3441 1041 3510 persuasit,
1069 3449 1127 3493 ut
1154 3438 1368 3493 Christo
1394 3453 1453 3492 se
1473 3436 1821 3508 adjungeret?

222 3549 349 3587 num
372 3534 597 3588 Petrus?
626 3549 752 3588 num
777 3532 1047 3588 Iacobus?
1076 3547 1199 3586 num
1227 3531 1493 3586 Joannes?
1522 3530 1677 3600 Atqui
1706 3546 1823 3583 om-

224 3640 321 3680 nes
342 3626 427 3679 isti
445 3641 569 3681 eum
596 3626 853 3679 timebant
874 3633 927 3680 et
952 3624 1260 3688 horrebant,
1286 3639 1457 3693 neque
1477 3632 1678 3677 tantum
1697 3631 1821 3676 ante

225 3717 329 3773 hoc
354 3728 590 3787 tempus,
620 3718 715 3774 sed
747 3726 855 3772 tum
883 3719 1043 3772 etiam
1074 3733 1193 3772 cum
1228 3718 1279 3772 in
1308 3718 1601 3772 amicorum
1635 3730 1823 3769 mune-

226 3827 344 3864 rum
371 3812 573 3866 rclatus
594 3820 731 3876 erat,
759 3810 971 3881 quando
993 3826 1149 3864 manu
1177 3809 1497 3880 prehensum
1523 3808 1671 3862 illum
1692 3807 1824 3861 Bar-

226 3904 393 3957 mbas
434 3902 826 3974 Jerosolymam
857 3902 1184 3967 introduxit,
1215 3899 1389 3957 adhuc
1419 3900 1489 3954 illi
1520 3900 1739 3969 prOpius
1764 3914 1821 3953 se

226 3995 524 4065 adjungere
550 3995 847 4060 timebant;
877 4011 939 4051 ac
967 3995 1206 4050 sedatum
1229 3992 1440 4063 quidem
1464 3990 1819 4056 eratbellum,

226 4096 406 4140 metus
439 4095 615 4139 tamen
645 4085 819 4140 adhuc
849 4085 900 4139 in
931 4085 1187 4156 apostolis
1215 4082 1578 4153 permanebat.
1610 4083 1690 4135 An
1720 4081 1820 4150 igi-

226 4186 315 4229 tur
343 4176 422 4230 illi
449 4178 535 4247 qui
567 4178 968 4232 reeonciliatum
1000 4177 1174 4231 adhuc
1202 4174 1477 4241 timebant,
1503 4189 1623 4228 cum
1646 4172 1823 4226 inimi-

226 4286 324 4322 cus
352 4278 410 4324 et
440 4269 604 4324 hostis
633 4280 797 4335 esset,
828 4270 1071 4324 oratione
1108 4267 1325 4323 flectere
1355 4268 1468 4321 ausi
1495 4265 1714 4321 essent?
1752 4281 1821 4319 an

226 4375 359 4415 vero
385 4361 455 4415 ad
484 4362 630 4416 illum
661 4361 917 4416 accedere
944 4361 1181 4426 omnino,
1210 4360 1294 4416 vel
1323 4374 1505 4413 coram
1533 4357 1625 4412 illo
1650 4356 1823 4412 subsi-

226 4462 396 4520 stere,
417 4455 500 4508 vel
526 4469 589 4509 os
611 4455 841 4525 aperire,
860 4466 949 4510 aut
973 4456 1190 4509 omnino
1206 4468 1464 4524 apparere
1493 4452 1822 4522 potuissent?

224 4547 346 4602 Non
394 4549 465 4601 ita
505 4562 566 4602 se
594 4563 680 4602 res
712 4548 892 4613 habet,
922 4563 1026 4603 non
1055 4547 1125 4601 ita
1152 4557 1257 4611 est;
1296 4561 1394 4603 nec
1430 4545 1673 4600 humana:
1696 4544 1819 4599 dili-

224 4640 427 4709 gentiae
465 4639 667 4694 facinus
708 4639 837 4695 illud
870 4638 992 4699 fuit,
1020 4639 1112 4694 sed
1138 4639 1323 4709 gratia:
1351 4638 1562 4691 diviuzn.
1610 4636 1667 4691 Si
1695 4651 1822 4707 ergo

226 4738 478 4785 mortuus
506 4739 620 4785 erat
642 4729 902 4795 Christus,
935 4729 1202 4795 utdicitis,
1230 4740 1282 4784 et
1306 4745 1426 4785 cum
1444 4729 1713 4784 venissent
1739 4729 1823 4782 di-

224 4824 421 4893 scipuli
454 4824 590 4893 ejus,
635 4822 790 4877 furati
834 4833 959 4877 sunt
1001 4839 1145 4890 eum,
1176 4823 1445 4894 quomodo
1475 4822 1675 4890 majora
1706 4828 1824 4889 post

225 4932 446 4971 crucem
477 4915 611 4970 facta
641 4926 764 4971 sunt
790 4916 1084 4971 miracula?
1110 4917 1380 4987 quomodo
1406 4915 1632 4985 amplior
1652 4917 1823 4969 virtu-

226 5014 297 5067 tis
325 5022 547 5083 sequuta
576 5024 659 5068 est
684 5014 1105 5069 demonstratio?
1153 5014 1266 5069 Non
1305 5016 1448 5070 enim
1489 5024 1690 5069 tantum
1724 5013 1823 5068 ho-

225 5113 366 5157 stem
391 5104 491 5159 sibi
518 5106 887 5161 rcconciliavit
913 5115 967 5162 et
994 5109 1283 5177 principem
1311 5107 1605 5177 ducemque
1635 5123 1823 5177 pugnae

223 5205 462 5263 vestras;
493 5199 723 5264 tametsi,
750 5200 871 5254 licet
898 5200 999 5254 hoc
1026 5202 1195 5255 solum
1219 5201 1450 5265 fecisset,
1478 5202 1706 5254 maxime
1730 5200 1825 5253 fuit

228 5286 336 5343 hoc
364 5290 650 5358 potentiae,
698 5291 971 5346 inimicum
1014 5302 1070 5347 et
1110 5292 1317 5349 hoStem
1344 5294 1629 5347 abduxisse
1653 5293 1823 5361 capti-

229 5395 395 5446 vum;
422 5379 535 5449 jam
561 5395 689 5435 vero
716 5398 821 5436 non
857 5382 959 5438 hoc
984 5384 1156 5438 solum
1188 5385 1450 5453 prmstitit,
1482 5384 1577 5438 sed
1604 5393 1657 5437 et
1682 5383 1825 5437 aliud

233 5471 403 5528 multo
427 5487 622 5542 majus.
651 5473 767 5529 Non
795 5476 938 5531 enim
965 5486 1168 5535 tantum
1194 5479 1294 5533 sibi
1322 5480 1704 5546 reconciliavit,
1730 5482 1823 5537 sed

230 5565 303 5618 ita
330 5565 431 5621 sibi
462 5564 775 5621 familiarem
800 5568 1048 5637 reddidit,
1072 5571 1149 5625 sic
1173 5587 1295 5627 eum
1316 5571 1383 5625 ad
1404 5587 1638 5627 amorem
1668 5588 1821 5627 suum

231 5658 471 5727 pellexit,
495 5668 552 5713 ut
580 5660 697 5730 ejus
723 5660 844 5716 dei
869 5662 1131 5745 Ecclesia:
1154 5665 1363 5735 negotia
1388 5676 1576 5721 cuncta
1602 5667 1823 5722 commi-

233 5752 405 5806 serit:
452 5749 554 5808 Vas
596 5755 761 5823 enim,
810 5755 998 5827 inquit,
1044 5758 1297 5816 electionis
1343 5770 1416 5815 est
1464 5761 1587 5816 mihi
1624 5761 1735 5817 iste.
1766 5770 1822 5816 ut

883 292 1111 360 ILLUD,
1149 291 1420 350 SAULUS
1455 290 1688 348 ADHUC
1724 290 2031 348 SPIRANS.
2074 292 2163 348 DE
2200 294 2597 351 MUTATIONE
2626 294 2952 352 NOMINUM.
2993 296 3034 350 l.

3402 298 3503 352 129.

1912 415 2075 475 portet
2108 423 2291 463 nomen
2326 425 2493 463 meum
2519 426 2688 463 coram
2712 410 2961 481 gentibus,
2986 418 3033 463 et
3052 408 3251 481 regibus
3277 408 3413 480 (Act.
3441 414 3497 464 9.

1913 498 2026 571 15),
2056 501 2213 571 eique
2236 504 2576 570 persuaserit,
2606 511 2663 557 ut
2687 504 2803 572 plus
2830 518 2989 573 quam
3019 502 3244 571 apostoli
3266 517 3364 573 pro
3394 504 3498 559 Ec-

1910 590 2070 646 clesia
2100 592 2386 659 laboraret,
2413 608 2573 663 quam
2597 602 2751 647 antea
2780 592 3139 663 oppugnabat.

1980 683 2034 739 6.
2068 683 2158 739 Vis
2189 692 2243 737 tu
2274 684 2571 753 intelligere
2598 699 2704 754 quo
2730 694 2883 753 pacto
2926 686 3073 739 illum
3112 684 3213 739 sibi
3252 683 3494 739 reconci-

1912 776 2085 830 liarit?
2127 791 2234 845 quo
2279 786 2435 846 pacto
2476 776 2791 831 familiarem
2832 776 3157 831 reddiderit?
3203 793 3307 846 quo
3343 788 3499 846 pacto

1909 870 2009 925 sibi
2041 869 2364 924 adsciverit?
2394 885 2497 939 quo
2528 878 2679 938 pacto
2714 870 2765 922 in
2799 884 3079 923 numerum
3110 870 3495 939 praecipuorum

1910 963 2204 1017 amicorum
2231 963 2509 1018 retulerit?
2544 962 2681 1017 Nulli
2714 962 2987 1017 hominum
3016 973 3121 1017 tam
3154 964 3317 1017 multa
3345 963 3497 1017 dete-

1909 1069 2035 1124 gere
2061 1070 2275 1119 arcana,
2303 1070 2460 1124 quam
2493 1055 2653 1108 multa
2695 1056 2859 1109 Paulo
2883 1066 2963 1110 est
2983 1069 3162 1109 ausus.
3190 1055 3344 1111 Unde
3369 1070 3499 1110 vero

1911 1144 1964 1199 id
1993 1146 2244 1199 constat?
2274 1146 2458 1199 Audivi
2486 1162 2677 1199 arcana
2703 1146 2869 1210 verba,
2901 1144 3091 1215 inquit,
3123 1161 3235 1212 qua:
3259 1162 3357 1198 non
3386 1146 3500 1199 licet

1912 1236 2103 1289 homini
2129 1238 2264 1306 loqui
2294 1236 2369 1309 (2.
2403 1235 2520 1292 Cor.
2548 1236 2635 1291 12.
2667 1237 2747 1306 4).
2792 1237 2952 1291 Vides
2976 1248 3223 1307 quantam
3253 1237 3499 1292 inimicus

1911 1336 1965 1383 et
1986 1327 2154 1383 hostis
2176 1328 2599 1383 benevolentiam
2621 1328 2958 1383 exhibuerit?
2984 1328 3154 1394 Quam
3180 1329 3249 1382 ob
3278 1343 3495 1382 causam

1912 1434 2090 1489 Opera:
2129 1419 2354 1488 pretium
2390 1418 2551 1473 fuerit
2596 1420 2829 1488 priorem
2866 1420 2983 1488 ejus
3011 1420 3171 1473 vitam
3211 1418 3447 1489 proferre
3484 1437 3497 1472 :

1913 1508 2174 1579 siquidem
2203 1511 2273 1564 ita
2302 1509 2411 1574 fiet,
2444 1519 2500 1563 ut
2542 1510 2696 1564 nobis
2740 1510 2830 1565 Dei
2864 1511 3159 1580 benignitas
3185 1519 3238 1564 et
3267 1510 3501 1579 potentia

1914 1602 2249 1657 innotescat:
2281 1603 2581 1673 benignitas
2621 1602 2867 1673 quidem,
2907 1603 3048 1674 quod
3086 1619 3227 1667 eum,
3262 1602 3350 1672 qui
3396 1612 3499 1655 tam

1914 1697 2077 1751 multa
2111 1697 2247 1750 mala
2282 1706 2713 1766 perpetraverat,
2760 1711 2975 1751 servare
3019 1696 3265 1762 voluerit,
3306 1703 3360 1749 et
3402 1694 3500 1748 sibi

1914 1790 2199 1844 conciliare
2229 1807 2241 1841 :
2277 1790 2564 1859 potentiam
2593 1803 2743 1854 vero,
2772 1788 2915 1857 quod
2959 1788 3032 1853 id,
3075 1788 3215 1857 quod
3254 1786 3500 1851 volebat,

1914 1887 2134 1955 exsequi
2160 1888 2405 1955 potuerit.
2438 1887 2503 1939 Et
2526 1901 2651 1940 vero
2675 1886 2907 1941 animum
2931 1886 3077 1940 Pauli
3105 1888 3204 1940 hoc
3226 1885 3498 1956 patefecit,

1915 1979 2055 2048 quod
2104 1977 2234 2034 nihil
2272 1979 2629 2033 contentionis
2659 1978 2835 2033 studio
2873 1976 3087 2042 faceret,
3119 1993 3291 2047 neque
3316 1978 3501 2047 gloriae

1915 2069 2163 2124 humana:
2216 2070 2505 2139 cupiditate
2564 2078 3003 2140 praaoccupatus,
3053 2068 3501 2138 quemadmodum

1914 2165 2083 2220 Judmi
2114 2183 2126 2217 :
2156 2165 2249 2220 sed
2304 2165 2419 2219 zelo
2463 2179 2752 2219 succensus
2793 2178 2900 2218 non
2941 2172 3089 2217 recto
3128 2163 3218 2216 illo
3265 2162 3501 2232 quidem,

1916 2260 2012 2315 sed
2040 2260 2155 2314 zelo
2187 2271 2386 2326 tamen,
2417 2257 2557 2328 quod
2595 2266 2648 2312 et
2687 2258 2800 2326 ipse
2839 2257 3076 2311 clamans
3101 2256 3309 2311 dicebat
3336 2273 3348 2308 :
3381 2254 3506 2307 Ideo

1917 2353 2315 2407 misericordiam
2357 2359 2693 2421 consequutus
2735 2366 2847 2403 sum
2870 2391 2885 2414 ,
2918 2349 3034 2419 quia
3071 2349 3310 2418 ignorans
3337 2347 3430 2417 feci
3454 2347 3508 2399 in

1916 2445 2266 2499 incredulitate
2306 2445 2381 2514 (l.
2433 2441 2562 2496 Tim.
2606 2444 2655 2497 1.
2702 2440 2809 2509 15)
2840 2459 2853 2496 :
2884 2450 2939 2495 et
2984 2440 3363 2510 benignitatem
3412 2440 3506 2492 Dei

1919 2537 2304 2606 obstupesccns
2331 2533 2561 2599 dicebat,
2595 2532 2662 2587 Ut
2687 2534 2739 2585 in
2764 2548 2843 2586 me
2871 2532 3033 2602 primo
3057 2530 3334 2584 ostenderet
3356 2527 3508 2583 Clari-

1918 2638 2025 2683 stus
2077 2644 2273 2682 omnem
2317 2627 2610 2695 patientiam
2651 2624 2719 2677 ad
2761 2622 3169 2693 informationem
3208 2638 3380 2674 eorum
3424 2622 3509 2690 qui

1920 2720 2163 2781 credituri
2184 2728 2301 2773 sunt
2321 2719 2400 2772 illi
2422 2718 2474 2771 in
2494 2721 2649 2770 vitam
2676 2724 2921 2769 wternam
2942 2711 3047 2783 (Ib.
3074 2729 3120 2765 .
3153 2714 3259 2782 16).
3380 2711 3503 2765 alibi

1919 2827 2105 2867 rursus
2126 2811 2353 2876 diccbat,
2381 2809 2733 2879 Operationem
2757 2806 2951 2859 virtutis
2972 2821 3078 2858 sua:
3103 2806 3321 2858 maxime
3340 2814 3508 2857 osten-

1920 2905 1994 2958 dit
2023 2904 2076 2957 in
2100 2919 2192 2956 nos
2220 2902 2307 2972 qui
2333 2900 2582 2955 credimus
2608 2897 2823 2972 (Ep/tes.
2849 2897 3035 2967 1.19).
3056 2895 3217 2950 Vides
3243 2904 3300 2950 ut
3328 2904 3381 2951 et
3406 2895 3504 2949 be-

1920 2996 2230 3067 nignitatem
2261 2993 2354 3048 Dei
2380 3005 2432 3047 et
2458 2994 2704 3047 virtutem
2735 2991 2880 3061 prior
2919 2989 3024 3043 vita
3067 2988 3218 3042 Pauli
3252 2986 3506 3042 ostende-

1920 3089 2013 3153 rit,
2048 3097 2102 3143 et
2141 3100 2300 3156 quam
2345 3086 2649 3152 incorrupta
2687 3082 3001 3151 sinceraque
3038 3088 3219 3134 mente
3254 3078 3509 3149 praeditus

1922 3179 2037 3249 ipse
2064 3176 2253 3233 fuerit?
2281 3175 2423 3230 Sane
2447 3174 2656 3245 quidem
2679 3173 2745 3227 ad
2771 3172 2984 3227 Galatas
3000 3170 3239 3226 scribens
3262 3169 3363 3223 hoc
3385 3183 3509 3238 pro-

1924 3270 2059 3334 tulit,
2086 3275 2147 3322 ut
2174 3284 2233 3323 se
2263 3267 2534 3321 hominum
2569 3279 2729 3319 causa
2764 3264 2981 3318 minime
3018 3262 3178 3316 fuisse
3207 3269 3466 3315 mutatum
3492 3302 3507 3324 ,

1922 3362 2015 3417 sed
2042 3361 2217 3414 divina
2236 3359 2426 3413 virtute
2451 3356 2611 3410 fuisse
2631 3370 2949 3410 conversum
2978 3353 3247 3424 probaret.
3282 3352 3342 3407 Si
3372 3353 3506 3405 enim

1923 3455 2239 3519 hominibus,
2273 3451 2482 3522 inquit,
2516 3449 2786 3519 placerem,
2817 3446 3002 3503 Christi
3030 3461 3199 3500 servus
3227 3462 3326 3498 non
3351 3460 3510 3497 essent

1925 3545 2067 3617 (Gal.
2098 3545 2150 3598 1.
2181 3544 2293 3613 10).
2328 3542 2475 3598 Unde
2499 3557 2626 3596 vero
2655 3540 2706 3595 id
2735 3547 2942 3594 constat
2969 3548 3020 3591 te
3046 3551 3151 3591 non
3192 3545 3251 3590 ut
3279 3534 3510 3590 homini-

1924 3643 2023 3697 bus
2052 3642 2312 3711 placeres,
2356 3636 2424 3692 ad
2474 3635 2901 3705 praedicationem
2946 3632 3111 3687 fuisse
3155 3628 3510 3685 conversum?

1923 3732 2172 3797 Audistis,
2212 3730 2421 3800 inquit,
2467 3725 2896 3782 conversationem
2938 3739 3102 3777 meam
3137 3721 3408 3791 aliquando
3453 3721 3511 3773 in

1922 3825 2212 3889 Judaismo,
2254 3822 2494 3893 quoniam
2534 3836 2692 3889 supra
2726 3817 2934 3871 modum
2975 3816 3302 3887 persequebar
3328 3815 3510 3869 Eccle-

1923 3918 2052 3971 sium
2078 3914 2193 3981 Dei,
2223 3924 2266 3967 et
2292 3911 2643 3983 expugnabam
2671 3926 2785 3963 eam
2814 3907 2917 3980 (Ib.
2947 3927 2992 3962 .
3020 3909 3129 3979 15).
3161 3906 3315 3975 Quod
3341 3908 3385 3961 si
3411 3906 3513 3961 ho-

1924 4009 2154 4063 minibus
2181 4007 2391 4076 placere
2411 4004 2698 4068 voluisset,
2730 4017 3062 4071 nequaquam
3092 4001 3157 4055 ad
3187 4001 3344 4055 fidem
3375 4015 3507 4055 con-

1923 4109 2109 4148 versus
2136 4091 2341 4146 fuisset.
2369 4089 2505 4157 Quid
2534 4088 2642 4143 ita?
2667 4087 2950 4143 Colebatur
2970 4102 2999 4139 a
3019 4086 3240 4150 Iudaeis,
3264 4095 3319 4140 et
3342 4084 3509 4139 multa

1924 4187 2209 4243 securitate
2250 4184 2556 4249 fruebatur,
2597 4196 2660 4237 ac
2698 4196 2809 4251 prae
2837 4181 3045 4237 caeteris
3075 4180 3279 4234 honore
3312 4177 3512 4232 afficie-

1924 4279 2079 4333 batur
2105 4293 2119 4330 :
2151 4292 2258 4331 non
2284 4276 2442 4346 igitur
2467 4273 2533 4329 ad
2562 4273 2923 4344 apostolorum
2948 4272 3110 4326 vitam
3138 4280 3217 4326 tot
3242 4270 3510 4340 objectam

1924 4368 2175 4440 periculis
2210 4383 2270 4424 se
2309 4367 2699 4433 transtulisset,
2732 4380 2851 4435 qua:
2876 4365 3039 4419 multa
3068 4364 3341 4418 laborabat
3367 4364 3506 4417 in'a-

1925 4468 2029 4521 mia
2055 4509 2069 4532 ,
2098 4479 2216 4533 quae
2248 4472 2325 4517 tot
2347 4461 2733 4518 calamitatibus
2758 4458 3088 4513 redundabat
3118 4475 3131 4511 :
3166 4460 3341 4527 itaque
3369 4456 3511 4526 quod

1924 4560 2072 4614 illum
2104 4557 2387 4619 honorem,
2420 4554 2525 4622 quo
2568 4549 2707 4620 apud
2743 4548 2958 4605 Judteos
2994 4547 3286 4614 fruebatur,
3317 4563 3513 4617 repen-

1926 4652 2031 4705 tina
2069 4649 2363 4703 mutatione
2389 4661 2451 4700 ac
2483 4644 2852 4710 conversione,
2881 4651 2934 4697 et
2966 4643 3124 4697 vitam
3152 4642 3385 4712 quietam
3413 4642 3510 4695 de-

1925 4743 2173 4808 seruerit,
2201 4750 2256 4795 et
2281 4756 2401 4795 cum
2429 4737 2790 4808 apostolorum
2819 4736 2923 4788 vita
2950 4733 3358 4789 commutaverit
3376 4775 3389 4798 ,
3424 4735 3511 4787 in-

1927 4836 2162 4890 numeris
2199 4832 2405 4901 objecta
2449 4829 2636 4884 mortis
2680 4827 3001 4898 generibus,
3048 4826 3334 4878 maximum
3381 4826 3509 4882 illud

1926 4934 2294 4998 argumentum
2334 4924 2431 4979 fuit
2475 4937 2580 4976 non
2614 4920 2685 4975 ob
2726 4920 3010 4973 humanam
3038 4916 3319 4987 quamdam
3349 4933 3509 4972 occa-

1928 5022 2129 5075 sionem
2158 5016 2376 5073 Paulum
2403 5029 2523 5070 esse
2548 5027 2883 5067 conversum.
2913 5010 3197 5078 Propterea
3221 5023 3319 5063 nos
3346 5010 3510 5065 etiam

1930 5114 2159 5183 priorem
2203 5110 2318 5180 ejus
2358 5109 2517 5161 vitam
2564 5107 2617 5160 in
2664 5103 2897 5159 medium
2928 5101 3118 5157 afferre
3144 5102 3425 5165 voluimus,
3458 5113 3512 5156 et

1928 5205 2202 5258 ardentem
2228 5202 2399 5255 zelum
2421 5199 2536 5268 ejus
2556 5196 2858 5260 ostendere,
2889 5210 2994 5263 quo
3021 5194 3314 5248 Ecclesiam
3345 5209 3511 5263 oppu-

1926 5298 2119 5366 gnabat
2141 5336 2155 5359 ,
2189 5302 2245 5346 ut
2271 5307 2391 5346 cum
2421 5292 2536 5359 ejus
2568 5305 2662 5358 pro
2701 5288 2952 5342 Ecclesia:
2992 5285 3301 5341 defensione
3332 5301 3511 5355 prom-

1932 5386 2243 5459 ptitudincm
2292 5382 2453 5437 animi
2493 5381 2726 5447 videris,
2773 5380 2937 5434 Deum
2983 5379 3207 5444 laudes,
3253 5382 3342 5449 qui
3390 5378 3514 5433 facit

1931 5479 2106 5533 omnia
2137 5488 2190 5531 et
2230 5474 2590 5529 transformat.
2626 5473 2909 5542 Propterea
2940 5472 3087 5526 Pauli
3118 5486 3328 5542 quoque
3353 5470 3513 5525 disci-

1928 5574 2082 5643 pulus
2122 5571 2400 5641 diligenter
2442 5569 2593 5623 nobis
2639 5582 2703 5622 ac
2747 5566 3026 5635 perspicue
3053 5565 3227 5635 priora
3255 5565 3509 5627 narrum,

1929 5669 2002 5724 ita
2029 5668 2247 5721 dicens:
2278 5663 2468 5719 Saulus
2505 5670 2667 5715 autem
2700 5660 2867 5714 adhuc
2903 5660 3101 5730 spirans
3130 5658 3291 5711 minas
3330 5666 3375 5710 et
3408 5671 3511 5710 cc-

1930 5760 2043 5814 dem
2067 5759 2119 5814 in
2147 5755 2418 5828 discipulos
2448 5753 2656 5809 Domini
2687 5751 2820 5826 (Act.
2850 5750 2903 5808 9.
2936 5751 3010 5824 1).
3040 5752 3114 5807 Ac
3143 5748 3330 5806 vallem
3358 5761 3505 5818 cquto
