3964 6342
446 303 551 360 123

447 418 571 472 dem
599 428 701 486 ego
728 427 940 483 quoque
978 410 1239 467 hodierno
1274 411 1362 466 die
1406 411 1722 481 prooemium
1760 409 2034 475 inchoare,

445 507 636 561 vellem
673 503 739 559 ad
778 502 985 560 initium
1025 503 1345 558 narrationis
1369 501 1616 573 aggredi;
1647 502 1740 556 sed
1766 502 1921 556 video
1946 517 2039 571 pe-

448 597 596 667 lagus
621 594 886 665 quoddam
913 594 1297 649 sententiarum
1321 608 1388 647 ex
1412 594 1528 649 solo
1552 593 1769 648 nomine
1796 607 1856 648 se
1884 592 2037 647 nobis

445 687 755 742 obtrudere.
799 686 981 757 Cogita
1021 699 1254 755 namque
1292 694 1545 755 quautam
1574 700 1604 740 e
1632 684 1855 754 vestigio
1882 684 2038 738 nobis

446 777 601 844 illud,
627 776 840 842 Saulus,
875 776 1226 846 qumstionem
1254 784 1465 831 moveat
1494 794 1506 829 :
1533 776 1795 845 siquidem
1816 775 1960 829 aliud
1984 776 2035 828 in

444 871 685 940 epistolis
708 870 939 942 positum
971 885 1167 925 nomen
1190 869 1442 924 occurrit.
1492 866 1691 923 Paulus
1717 885 1888 923 servus
1911 866 2037 920 Jesu

444 963 653 1027 Christi,
682 973 886 1016 vocatus
920 962 1180 1033 apostolus
1218 961 1394 1032 (Rom.
1424 963 1473 1016 1.
1500 960 1557 1030 1)
1581 978 1594 1013 :
1627 959 1826 1013 Paulus
1854 968 1901 1012 et
1932 958 2036 1012 So-

447 1056 645 1108 sthenes
666 1069 685 1107 :
714 1052 910 1107 Paulus
934 1064 1135 1107 vocatus
1161 1051 1421 1122 apostolus
1453 1052 1531 1121 (l.
1560 1050 1677 1106 Cor.
1710 1052 1760 1106 l.
1793 1049 1844 1121 1)
1869 1068 1883 1104 :
1905 1050 2038 1104 Ecce

447 1164 539 1216 ego
587 1144 784 1199 Paulus
828 1147 942 1199 dico
986 1146 1123 1199 vobis
1172 1144 1369 1216 (Galat.
1397 1144 1453 1199 5.
1488 1142 1565 1213 Ξ)
1601 1161 1613 1197 :
1644 1144 1755 1212 jam
1801 1156 1930 1197 vero
1983 1151 2041 1196 ut

446 1239 665 1306 Paulus,
694 1250 748 1293 et
778 1240 971 1309 ubique
998 1238 1191 1294 Paulus
1216 1238 1533 1309 appellatur,
1566 1250 1670 1290 non
1698 1245 1875 1290 autem
1905 1234 2041 1289 Sau-

445 1330 527 1384 lus
553 1330 766 1384 dicitur.
794 1329 903 1384 Cur
930 1331 1087 1400 igitur
1109 1339 1265 1385 antea
1295 1329 1506 1393 Saulus,
1536 1338 1716 1398 postea
1742 1343 1871 1382 vero
1902 1328 2040 1382 Pau-

447 1421 530 1477 lus
560 1432 778 1477 vocatus
804 1422 921 1475 est?
946 1421 1131 1492 Neque
1151 1436 1277 1476 vero
1298 1420 1529 1487 simplex
1557 1428 1641 1475 est
1664 1419 1751 1473 illa
1777 1420 2035 1489 quastio:

445 1513 625 1568 statim
657 1514 799 1569 enim
843 1513 1029 1568 Petrus
1058 1514 1289 1567 accurrit
1320 1529 1332 1566 :
1365 1527 1487 1566 nam
1527 1520 1582 1567 et
1621 1512 1736 1581 ipse
1765 1520 1920 1564 antea
1950 1510 2037 1564 Si-

446 1619 571 1659 mon
601 1603 897 1669 dicebatur,
924 1614 1104 1673 postea
1124 1619 1251 1658 vero
1272 1603 1470 1673 Ceplue
1498 1617 1694 1657 nomen
1723 1601 1929 1671 accepit
1952 1619 1964 1654 :
1986 1610 2040 1655 et

456 1695 699 1751 Zebedtei
728 1695 819 1750 ﬁlii
846 1695 1074 1750 lacubus
1100 1702 1157 1749 et
1183 1694 1417 1749 Joannes
1446 1703 1648 1747 mutato
1677 1692 1893 1747 nomine
1919 1691 2039 1747 Filii

446 1789 666 1843 tonitrui
688 1797 813 1843 sunt
834 1788 1083 1858 appellati
1112 1786 1303 1860 (Marc.
1337 1788 1391 1843 5.
1418 1789 1505 1842 16.
1536 1788 1651 1857 l7).
1680 1786 1789 1842 Nec
1815 1786 1866 1841 in
1892 1785 2043 1841 Novo

442 1881 616 1935 solum
654 1881 1019 1947 Testamento,
1071 1881 1163 1937 sed
1212 1882 1371 1937 etiam
1421 1881 1474 1935 in
1517 1880 1701 1935 Veteri
1743 1880 2041 1949 reperimus

443 1974 714 2029 Abraham
745 1986 899 2029 antea
929 1974 1128 2029 dictum
1160 1975 1357 2029 Abram
1383 2015 1396 2035 .
1431 1982 1613 2044 postea
1641 1972 1947 2036 Abraham;
1987 1980 2044 2027 et

442 2064 609 2120 Jacob
652 2067 880 2137 primum
907 2065 1075 2122 Jacob
1099 2082 1220 2122 esse
1267 2066 1469 2121 dictum
1495 2109 1506 2127 .
1536 2064 1731 2120 deinde
1758 2063 1947 2129 Israel;
1988 2073 2043 2117 et

443 2156 658 2211 Sarram
711 2159 939 2226 primum
991 2156 1178 2212 Saram
1232 2171 1394 2223 esse,
1449 2155 1643 2210 deinde
1696 2154 1910 2210 Sarram
1946 2162 2073 2209 :et'

1192 297 1252 353 S.
1292 295 1571 352 JOANNlS
1605 293 2078 351 CHRYSOSTOMI
2120 294 2442 351 ARCIIIEP.
2479 293 3014 352 CONSTANTINOP.

3629 296 3733 352 «ξι

2145 408 2341 463 multas
2370 408 2523 463 nobis
2550 408 2667 464 haec
2688 410 2913 464 mutatio
2934 409 3208 465 nominum
3231 410 3369 479 parit
3386 410 3733 480 quaestiones,

2144 516 2209 555 ac
2236 516 2445 567 vereor,
2475 517 2542 555 ne
2566 502 2745 557 multis
2772 502 3050 557 ﬁuminum
3070 500 3273 567 eﬁ'usis,
3293 504 3505 558 ﬂuentis
3530 502 3741 560 docui-

2147 607 2229 646 na:
2258 607 2561 647 sermonem
2591 594 2735 648 velut
2760 594 2985 649 obruam
3010 603 3067 649 et
3085 594 3359 650 sull‘ocem.
3384 595 3518 650 Nam
3545 612 3738 667 quem-

2146 683 2431 738 admodum
2462 685 2512 739 in
2538 700 2667 755 agro
2694 685 2915 741 humido
2953 696 3008 741 et
3044 688 3244 757 trriguo
3274 688 3595 758 ubicumque
3619 689 3744 758 quis

2145 774 2298 840 fodit,
2324 776 2558 846 undique
2580 778 2753 832 l'outes
2777 778 3073 833 scaturiunt
3096 795 3111 831 :
3134 779 3212 833 sic
3230 788 3284 833 et
3310 779 3362 832 in
3389 794 3519 849 agro
3542 779 3743 835 divine

2145 866 2435 935 Scriptura:
2459 908 2473 932 ,
2511 870 2832 939 ubicumque
2866 869 3220 935 reseraveris,
3253 869 3511 939 plurimos
3548 868 3743 923 ﬂuvios

2146 958 2352 1014 ridebis
2380 976 2663 1030 erumpere
2696 978 2707 1013 :
2741 975 2899 1029 quam
2938 959 3008 1013 ob
3045 975 3259 1014 causam
3298 977 3365 1013 ne
3397 974 3587 1014 «mutes
3623 960 3744 1011 illos

2146 1052 2303 1125 simul
2337 1052 2595 1105 hodierno
2618 1052 2707 1106 die
2732 1050 2999 1105 eﬁ'uudam
3023 1093 3037 1114 ,
3066 1066 3173 1105 non
3206 1051 3548 1105 mediocriter
3574 1050 3743 1119 perti-

2147 1157 2348 1196 mesco.
2398 1144 2732 1213 Quapropter
2768 1143 2939 1196 rivum
2980 1142 3121 1197 hunc
3167 1154 3405 1197 nostrum
3448 1143 3740 1207 claudens,

2145 1236 2422 1289 caritatem
2454 1246 2687 1290 vestram
2715 1236 2781 1290 ad
2820 1252 3032 1290 sacrum
3065 1236 3264 1291 fontem
3295 1237 3579 1305 prmsulutn
3608 1236 3743 1289 isto-

2147 1343 2289 1391 rum,
2333 1330 2817 1399 magistrorutnque
2859 1330 3210 1384 transmittam
3253 1328 3527 1398 limpidum
3567 1330 3741 1393 illum,

2147 1420 2434 1490 potabilem
2468 1436 2531 1475 ac
2568 1420 2807 1483 dulcem,
2838 1422 2980 1492 quod
3010 1438 3075 1476 ex
3111 1422 3371 1491 spiriutali
3402 1431 3549 1491 petra
3572 1421 3747 1476 ﬂuen—

2147 1521 2259 1566 tum
2282 1523 2480 1567 manat.
2513 1513 2743 1569 Mentem
2768 1514 2925 1584 igitur
2943 1513 3008 1568 ad
3030 1513 3395 1583 excipiendam
3416 1512 3742 1579 doctrinam,

2148 1602 2216 1657 ad
2243 1605 2548 1674 spirituales
2585 1606 2768 1660 latices
2800 1604 3120 1659 hauriendos
3150 1619 3425 1674 paremus,
3467 1613 3524 1659 ut
3560 1604 3655 1658 ﬁat
3689 1606 3743 1659 in

2148 1696 2303 1750 nobis
2340 1696 2459 1752 fons
2492 1711 2643 1767 aqua:
2686 1696 2925 1752 salientis
2967 1697 3017 1749 in
3057 1698 3216 1761 vitam
3253 1706 3510 1750 aeternam
3540 1713 3553 1748 :
3579 1712 3744 1766 quam

2150 1803 2249 1842 nos
2272 1803 2458 1843 omnes
2487 1789 2730 1844 obtinere
2769 1791 3073 1859 contingat,
3108 1789 3275 1857 gratia
3317 1801 3372 1843 et
3416 1788 3747 1858 benignitate

2152 1881 2361 1935 Domini
2396 1882 2564 1935 nostri
2591 1882 2717 1936 Jesu
2740 1881 2959 1945 Christi,
2983 1896 3080 1952 per
3103 1896 3262 1950 quem
3286 1890 3483 1935 etcum
3509 1896 3616 1950 quo
3646 1882 3749 1934 Pa-

2150 1974 2217 2026 tri
2243 1974 2433 2041 gloria,
2463 1973 2653 2040 honor,
2689 1975 2990 2045 imperium,
3023 1990 3127 2027 una
3155 1988 3276 2027 cutn
3306 1982 3488 2027 Sancto
3513 1989 3576 2027 ac
3604 1973 3747 2027 vivi-

2151 2063 2253 2118 ﬁco
2278 2064 2497 2133 Spiritu,
2523 2080 2664 2120 nunc
2691 2075 2747 2120 et
2774 2081 3004 2136 semper,
3024 2074 3080 2120 et
3108 2065 3160 2118 in
3188 2064 3381 2119 saecula
3402 2066 3744 2119 seculorum.

2150 2157 2341 2210 Amen.

444 2413 531 2457 Αο
576 2412 688 2455 EOS
733 2411 839 2463 QUI
887 2408 1481 2451 BEPBEIIENDEBANT
1526 2405 1659 2448 EUM
1691 2404 1771 2447 OB
1802 2404 2279 2446 PROLIXITATEM
2316 2405 2560 2459 EORUM,
2607 2407 2749 2459 ρυλε
2795 2409 2984 2451 DICTA
3029 2409 3347 2461 FUEBANT,
3394 2409 3474 2450 ΕΤ
3512 2410 3592 2450 ΔΙ)
3638 2408 3748 2451 Em

524 2515 633 2567 QUI
679 2513 1085 2556 BBEVITATEM
1130 2509 1457 2555 ORATIOVIS
1501 2508 1682 2551 EGBE
1726 2505 2085 2557 FEREBANT,
2132 2505 2343 2556 DEQUE
2388 2508 2570 2549 SAULI
2617 2510 2697 2550 ΕΤ
2740 2509 2925 2551 PAULI
2958 2510 3453 2562 APPEILATIONE,
3504 2510 3585 2551 ET
3623 2511 3748 2553 θυι

523 2614 758 2656 PRIMUS
803 2612 974 2655 nomo
1019 2612 1297 2654 VOCATUS
1342 2610 1439 2652 SIT
1472 2610 1673 2661 ADAM,
1723 2607 1801 2649 ET
1832 2605 2002 2657 QUOD

2161 2606 2346 2647 LITER
2379 2609 2452 2650 AC
2499 2610 2910 2665 FRUCTUOSE;
2958 2610 3166 2663 ATQUE
3212 2611 3274 2652 IN
3320 2610 3431 2653 EOS
3472 2610 3583 2663 ρει
3616 2612 3749 2653 RB—

527 2715 681 2759 CENS
722 2714 1019 2757 FUERAN'I‘
1062 2711 1458 2756 ILLUMINATI.

1749 2791 2063 2832 ——-0
2071 2790 2441 2833 00——

517 2951 569 3005 1.
599 2947 733 3017 Quid
760 2960 942 3018 quaeso
974 2944 1130 3000 nobis
1177 2941 1441 3012 agendum
1478 2949 1563 2997 est
1609 2939 1869 2995 hodierno
1912 2936 2037 2991 die?

450 3039 721 3110 Siquidem
746 3036 875 3092 dum
899 3034 1293 3090 multitudinem
1320 3042 1549 3087 vestram
1590 3046 1755 3088 cerno
1774 3072 1790 3097 ,
1835 3044 1901 3084 ne
1929 3029 2045 3082 lon-

446 3131 564 3200 gius
593 3142 897 3183 sermonem
943 3125 1286 3195 protraham,
1333 3123 1673 3194 pertimesco.
1719 3120 1855 3177 Cum
1896 3119 2041 3174 enim

446 3221 757 3294 provehitur
782 3220 992 3289 longius
1020 3218 1277 3272 doctrinm
1306 3229 1505 3278 sermo,
1537 3213 1693 3268 video
1727 3227 1823 3267 vos
1860 3213 1910 3266 in
1943 3226 2041 3264 an—

447 3317 650 3385 gustias
678 3313 924 3369 redactos
952 3326 1047 3365 vos
1074 3311 1298 3364 invicem
1327 3308 1644 3363 conculcare
1667 3347 1683 3365 .
1715 3315 1875 3375 atque
1907 3304 2045 3358 hanc

447 3424 513 3463 ex
546 3405 804 3477 angustiis
847 3402 1226 3463 alﬁietionem,
1279 3414 1383 3469 quo
1422 3399 1598 3452 minus
1640 3397 1923 3466 diligenter
1951 3411 2047 3447 au-

450 3499 631 3564 diatis,
660 3496 917 3567 impedire
944 3513 956 3548 :
987 3494 1090 3549 nisi
1121 3493 1264 3547 enim
1296 3492 1506 3560 quietus
1533 3490 1600 3543 sit
1630 3504 1691 3543 ac
1730 3488 2045 3556 tranquillus

451 3583 665 3636 auditor
684 3624 699 3646 ,
730 3580 949 3633 minime
980 3587 1153 3649 potest
1178 3592 1301 3631 cum
1331 3575 1507 3630 studio
1537 3574 1605 3629 ad
1626 3588 1688 3629 ea
1716 3590 1835 3644 qua:
1860 3574 2047 3626 dicun—

452 3685 541 3730 tur
575 3672 872 3727 attendere.

526 3764 642 3818 Duo
670 3779 850 3833 genera
874 3762 1184 3814 auditorum.
1213 3790 1283 3799 —
1312 3759 1447 3815 Cum
1476 3759 1634 3829 igitur
1655 3756 2045 3812 multitudinem

455 3867 693 3909 vestram
718 3896 734 3920 ,
766 3864 823 3907 ut
851 3853 992 3917 dixi,
1020 3852 1174 3906 video
1195 3894 1208 3915 ,
1246 3866 1313 3905 ne
1348 3851 1556 3920 longius
1587 3864 1889 3903 sermonem
1921 3863 2046 3915 pro-

455 3947 663 4002 traham
712 3946 1066 4016 pertimesco,
1122 3945 1215 3997 sed
1259 3942 1385 3996 dum
1433 3940 1773 4011 cupiditatem
1817 3949 2045 3994 vestram

454 4039 758 4103 considero,
789 4037 1084 4093 doctrinam
1116 4035 1431 4090 contrahere
1457 4033 1767 4088 reformido.
1798 4032 1931 4087 Nam
1956 4032 2048 4101 qui

456 4131 600 4195 sitit,
649 4131 751 4184 nisi
784 4129 929 4199 prius
955 4128 1203 4197 poculum
1230 4128 1493 4196 repletum
1522 4126 1749 4191 viderit,
1796 4141 1863 4180 ne
1890 4125 2050 4179 labris

458 4222 676 4293 quidem
708 4220 953 4275 lubenter
982 4219 1108 4274 illud
1133 4219 1383 4273 admovet
1407 4259 1424 4285 ,
1465 4218 1558 4273 sed
1595 4221 1841 4288 quamvis
1880 4227 2050 4272 totum

458 4315 817 4371 exhausturos
843 4329 949 4367 non
977 4313 1081 4378 sit,
1113 4321 1280 4366 totum
1308 4314 1569 4381 repletqu
1600 4327 1825 4366 cernere
1852 4326 2052 4366 concu-

461 4405 638 4476 piscit.
687 4401 1046 4471 Quamobrem
1074 4443 1090 4466 ,
1134 4417 1239 4472 quo
1268 4411 1426 4471 pacto
1454 4417 1539 4457 me
1583 4402 1635 4455 in
1667 4400 1766 4455 hac
1794 4404 2053 4455 concione

460 4512 649 4567 gerere
688 4495 912 4550 debeam
937 4536 952 4559 ,
992 4494 1197 4565 ignoro.
1243 4492 1374 4547 Nam
1403 4503 1457 4548 et
1497 4492 1755 4547 brevitate
1790 4494 2053 4548 sermonis

462 4591 700 4645 laborem
730 4599 966 4645 vestrum
996 4590 1236 4644 minuere
1263 4589 1383 4642 volo
1406 4630 1421 4656 ,
1463 4597 1519 4643 et
1547 4588 1804 4643 orationis
1831 4588 2054 4658 prolixi-

464 4694 572 4738 tate
600 4694 830 4738 vestram
874 4682 1219 4750 cupiditatem
1268 4681 1505 4750 explere.
1561 4681 1722 4749 Atqui
1771 4688 2057 4747 utrumque

460 4778 687 4832 istorum
730 4788 1105 4847 smpeuumero
1146 4773 1398 4843 prtestiti,
1442 4788 1507 4826 ac
1534 4788 1601 4827 ne
1636 4773 1802 4827 semel
1843 4772 2055 4839 quidem

462 4870 663 4923 eritueu
691 4866 871 4938 eﬁ‘ugi.
913 4866 1037 4921 Scio
1067 4880 1153 4919 me
1184 4876 1423 4935 perstepe
1446 4903 1461 4929 ,
1504 4864 1631 4917 dttm
1672 4864 1824 4917 vobis
1871 4878 2053 4932 parco,

465 4971 589 5015 ante
616 4959 774 5014 ﬁnem
807 4960 1087 5026 abrupisse
1111 4972 1439 5019 sermonem,
1470 4964 1525 5010 et
1551 4958 1603 5008 in
1636 4970 1734 5009 nos
1762 4956 2060 5009 clamarunt

466 5050 540 5115 ii,
568 5066 795 5119 quorum
817 5051 1029 5105 animus
1065 5050 1248 5105 satiari
1288 5049 1507 5103 minime
1531 5058 1741 5118 potest,
1770 5048 1860 5117 qui
1892 5049 2059 5103 sacris

467 5140 717 5196 laticibus
756 5141 971 5196 assidue
998 5140 1245 5195 fruuntur
1268 5182 1285 5206 ,
1326 5139 1421 5194 sed
1448 5154 1733 5210 numquam
1760 5147 1935 5194 tamen
1961 5154 2059 5193 ex—

472 5232 720 5300 plentur,
767 5230 910 5285 Beati
947 5232 1055 5295 illi,
1101 5233 1188 5302 qui
1227 5232 1482 5294 esuriant,
1523 5241 1568 5285 et
1600 5231 1775 5284 sitiunt
1806 5230 2062 5302 justitiam

472 5322 687 5390 (Matth.
722 5322 777 5377 5.
806 5322 904 5391 6),
948 5332 1002 5377 et
1046 5324 1267 5378 istorum
1298 5323 1555 5378 adversos
1600 5321 1862 5376 clamores
1892 5322 2055 5391 perti-

474 5429 723 5471 mescens
750 5429 933 5470 rursus
955 5415 1215 5470 doctrina:
1243 5431 1548 5471 sermonem
1580 5414 1811 5484 protraxi
1830 5414 2059 5482 longius,

475 5518 533 5564 et
558 5507 757 5563 idcirco
784 5507 836 5561 in
880 5507 1083 5562 crimen
1112 5508 1331 5562 incurri.
1376 5506 1509 5561 Nam
1534 5506 1621 5576 qui
1644 5504 1908 5559 sermonis
1937 5503 2065 5560 bre-

476 5610 642 5655 vitate
671 5601 1005 5655 delectantur
1024 5639 1039 5663 ,
1084 5608 1430 5654 occurrentes
1455 5597 1714 5662 orabant,
1747 5606 1802 5649 ut
1828 5596 2066 5665 ipsorum

480 5693 772 5748 inﬁrmitati
818 5706 1094 5762 parcerem
1122 5732 1138 5756 ,
1183 5700 1344 5761 atque
1387 5690 1662 5745 concionis
1705 5687 2066 5758 prolixitatem

477 5784 869 5843 contraherent.
917 5782 1050 5841 Dum
1096 5782 1252 5853 igitur
1288 5796 1384 5839 vos
1414 5780 1469 5839 in
1507 5780 1777 5853 angustias
1820 5778 2067 5839 redactos

2114 5884 2146 5891 ς

2154 2933 2407 3001 intueor,
2462 2948 2766 2990 sermonem
2815 2936 3030 2991 silentio
3073 2951 3324 2992 coercere
3349 2937 3581 2991 studeo:
3616 2936 3744 2990 dum

2150 3040 2279 3079 vero
2302 3041 2395 3079 vos
2431 3026 2686 3095 angustiis
2716 3040 2929 3096 pressos
2966 3027 3165 3081 idcirco
3194 3043 3298 3081 non
3330 3028 3617 3089 recedere,
3650 3025 3748 3080 sed

2151 3120 2218 3174 ad
2260 3120 2556 3190 longiorem
2584 3135 2799 3175 cursum
2845 3128 3057 3189 paratos
3082 3135 3206 3175 esse
3229 3161 3246 3185 ,
3268 3134 3477 3174 acuere
3513 3119 3748 3189 linguam

2152 3212 2421 3267 desidero.
2459 3212 2719 3282 Angustias
2757 3212 2883 3266 mihi
2919 3222 3037 3267 sunt
3064 3212 3285 3281 undique
3308 3211 3470 3283 (Dan.
3504 3212 3593 3266 l3.
3620 3210 3742 3275 22).

2150 3305 2289 3371 Quid
2328 3305 2555 3360 iaciam?
2590 3303 2721 3358 Nam
2757 3304 2804 3359 is
2831 3304 3047 3374 quidem
3069 3304 3159 3373 qui
3192 3304 3281 3358 uni
3309 3304 3528 3359 domino
3553 3303 3745 3363 servit,

2152 3398 2350 3467 unique
2403 3398 2682 3451 sententia:
2729 3398 2939 3467 cogitur
2988 3396 3273 3463 famulari,
3326 3397 3478 3451 facile
3527 3396 3751 3451 domino

2154 3498 2330 3559 potest
2372 3488 2585 3558 placere
2605 3529 2622 3553 ,
2675 3503 2848 3557 neque
2876 3502 2905 3539 a
2937 3488 3209 3556 proposito
3235 3488 3485 3541 aberrare
3520 3504 3534 3539 :
3566 3496 3621 3539 at
3652 3500 3751 3554 ego

2153 3580 2352 3634 multos
2380 3578 2551 3633 habeo
2577 3578 2825 3632 dominos
2843 3618 2859 3641 ,
2899 3578 2985 3647 qui
3014 3586 3162 3631 tanto
3188 3576 3395 3631 servire
3424 3575 3626 3646 p0pulo
3650 3588 3747 3628 eo-

2153 3688 2281 3743 gor,
2312 3670 2467 3741 cujus
2492 3670 2702 3725 diversa
2732 3678 2815 3725 est
2846 3670 3134 3723 sententia.
3170 3668 3292 3722 Hmc
3320 3677 3497 3722 autem
3525 3682 3634 3720 non
3664 3664 3748 3718 id-

2154 3766 2299 3818 circo
2328 3772 2452 3817 sunt
2476 3778 2505 3817 a
2546 3776 2633 3816 me
2669 3761 2807 3816 dicta
2830 3802 2845 3825 ,
2873 3759 3014 3830 quod
3041 3760 3353 3814 servitutem
3380 3771 3523 3827 aegre
3554 3756 3749 3817 feram,

2154 3856 2331 3921 absit,
2380 3869 2553 3923 neque
2602 3852 2747 3923 quod
2799 3860 3035 3907 vestrum
3083 3849 3348 3920 defugiam
3394 3849 3749 3903 dominatum.

2154 3946 2298 4001 Nihil
2324 3946 2465 4001 enim
2494 3944 2625 3999 mihi
2644 3955 2727 3999 est
2750 3942 2850 3998 hac
2870 3942 3126 3997 servitute
3152 3939 3612 3994 honoriﬁcentius.
3634 3937 3751 3991 Non

2158 4040 2229 4093 ita
2258 4038 2559 4093 diademate
2587 4052 2650 4091 ac
2680 4052 2913 4107 purpura
2938 4034 3195 4105 gloriatur
3222 4033 3541 4102 Imperator,
3566 4040 3626 4084 ut
3648 4045 3750 4100 ego

2156 4131 2395 4186 caritatis
2442 4140 2634 4184 vestra:
2680 4128 2997 4184 servitutem
3038 4127 3170 4181 mihi
3216 4125 3561 4179 honoriﬁcam
3591 4123 3755 4176 duco.

2157 4221 2430 4292 Siquidem
2464 4221 2539 4275 illi
2585 4235 2751 4290 regno
2789 4234 2936 4273 mors
2963 4217 3201 4272 succedit
3230 4235 3242 4269 :
3278 4216 3403 4269 huic
3428 4225 3608 4268 autem
3632 4229 3752 4267 ser-

2158 4317 2310 4369 vituti
2330 4357 2346 4382 ,
2378 4315 2423 4370 si
2456 4323 2599 4369 recte
2632 4322 2842 4382 peracta
2871 4310 3072 4376 fuerit,
3117 4324 3341 4379 regnum
3366 4309 3582 4363 wleste
3612 4320 3755 4375 pra:-

2162 4417 2399 4477 paratutn
2412 4414 2512 4459 est.
2538 4405 2731 4458 Beatus
2751 4402 2894 4457 enim
2911 4411 2993 4456 est
3014 4400 3210 4455 Fidelis
3227 4416 3422 4466 servus,
3446 4408 3493 4451 et
3509 4398 3755 4465 prudens,

2160 4516 2307 4566 quem
2340 4498 2595 4553 constituit
2620 4497 2855 4550 dominus
2881 4496 2991 4565 ejus
3014 4536 3029 4556 ,
3058 4503 3110 4546 ut
3135 4493 3383 4548 conservis
3422 4491 3527 4545 suis
3555 4490 3637 4543 det
3664 4490 3755 4541 tri-

2162 4592 2249 4645 tici
2270 4606 2573 4644 mensuram.
2617 4589 2777 4642 Amen
2806 4587 2919 4640 dico
2947 4586 3103 4648 vobis,
3129 4601 3281 4653 super
3307 4584 3480 4637 omnia
3508 4582 3642 4638 bona
3668 4599 3762 4640 aut

2162 4683 2425 4735 constituet
2459 4698 2571 4734 eum
2609 4679 2758 4749 (Luc.
2805 4679 2893 4733 12.
2925 4677 3014 4733 42.
3045 4677 3158 4746 44).
3215 4674 3375 4733 Vides
3418 4688 3661 4748 quantus
3696 4677 3765 4730 sit

2164 4774 2433 4829 servitutis
2464 4773 2620 4843 hujus
2659 4783 2928 4842 qumstus,
2979 4770 3024 4824 si
3065 4768 3351 4842 diligenter
3393 4770 3539 4825 obita
3572 4769 3769 4825 fuerit?

2165 4866 2337 4935 Super
2367 4863 2543 4919 omnia
2568 4864 2768 4917 domini
2800 4864 2938 4918 bona
2962 4864 3261 4919 constituit.
3301 4861 3419 4917 Non
3446 4877 3579 4931 ergo
3610 4861 3761 4915 delu-

2164 4958 2252 5027 gio
2278 4956 2587 5010 servitutem
2614 4997 2627 5015 ,
2657 4956 2853 5023 quippe
2883 4956 3118 5027 quicum
3151 4954 3316 5009 Paulo
3341 4954 3596 5007 serviam.
3634 4950 3757 5005 Natu

2166 5058 2221 5103 et
2254 5048 2344 5102 ille
2370 5047 2534 5101 dicit:
2570 5044 2691 5100 Non
2723 5049 3055 5117 nosmetipsos
3083 5047 3417 5117 praedicamus
3439 5086 3453 5110 ,
3492 5045 3587 5097 sed
3614 5042 3757 5097 Chri-

2167 5148 2300 5192 stum
2325 5138 2500 5191 Jesum
2526 5136 2801 5192 Dominum
2832 5154 2849 5191 :
2875 5155 2966 5192 nos
3013 5148 3180 5190 autent
3212 5152 3378 5189 servos
3420 5145 3611 5187 vestros
3650 5149 3756 5203 pro-

2172 5242 2283 5302 pter
2322 5230 2500 5285 Jesum
2530 5231 2620 5303 (2.
2652 5230 2771 5285 Cor.
2800 5231 2853 5284 4.
2886 5230 2977 5301 5).
3021 5229 3088 5285 Et
3114 5228 3241 5299 quid
3267 5228 3385 5282 dico
3414 5227 3682 5281 Paulum?
3708 5226 3757 5279 Si

2169 5323 2216 5377 is
2240 5323 2333 5396 qui
2358 5321 2413 5379 in
2452 5322 2624 5379 forma
2654 5322 2746 5378 Dei
2774 5331 2923 5389 erat,
2954 5323 3301 5391 semetipsum
3329 5320 3636 5375 exinanivit
3662 5316 3763 5371 l‘or-

2178 5435 2321 5473 mam
2338 5419 2482 5472 servi
2501 5418 2775 5486 accipiens
2798 5424 3019 5485 propter
3045 5427 3235 5467 servos
3256 5409 3517 5478 (Philipp.
3534 5409 3591 5462 Ξ.
3610 5408 3663 5462 6.
3684 5408 3754 5475 7),

2180 5508 2307 5579 quid
2335 5521 2594 5577 magnum
2637 5516 2854 5575 przesto,
2888 5504 2935 5558 si
2968 5518 3070 5573 ego
3107 5518 3298 5557 servus
3331 5500 3455 5553 ﬁam
3478 5499 3758 5554 conservis

2182 5602 2299 5671 ipse
2314 5614 2508 5655 servus
2527 5607 2748 5668 pr0pter
2765 5598 2870 5651 mei
2879 5596 3069 5667 psum?
3084 5595 3201 5650 Non
3216 5608 3348 5668 ergo
3358 5592 3508 5662 quod
3531 5602 3757 5645 vestram

2183 5694 2500 5749 servitutem
2531 5693 2850 5757 detrectem,
2890 5692 2999 5748 ista
3030 5691 3174 5753 dixi,
3208 5688 3304 5744 sed
3339 5697 3399 5742 ut
3443 5686 3578 5741 mihi
3609 5686 3758 5739 venia

2185 5788 2365 5856 detur,
2400 5786 2449 5843 si
2484 5784 2627 5844 forte
2649 5784 2832 5843 minus
2854 5783 3269 5842 convenientem
3294 5781 3540 5837 omnium
3557 5777 3759 5850 judicio
