  <div class='ocr_page' id='page_1' title='image "/cluster/home/n/w/nwhite01/storage/ocr_20150623/51/nnc1.0046978275/122.png"; bbox 0 0 3964 6342; ppageno 0'>
   <div class='ocr_carea' id='block_1_1' title="bbox 251 301 357 358">
    <p class='ocr_par' dir='ltr' id='par_1_1' title="bbox 251 301 357 358">
     <span class='ocr_line' id='line_1_1' title="bbox 251 301 357 358; baseline 0.028 -3"><span class='ocrx_word' id='word_1_1' title='bbox 251 301 357 358; x_wconf 60' lang='grc' dir='ltr'>ινδ</span> 
     </span>
    </p>
   </div>
   <div class='ocr_carea' id='block_1_2' title="bbox 246 414 1823 496">
    <p class='ocr_par' dir='ltr' id='par_1_2' title="bbox 246 414 1823 496">
     <span class='ocr_line' id='line_1_2' title="bbox 246 414 1823 496; baseline 0.008 -29"><span class='ocrx_word' id='word_1_2' title='bbox 246 414 356 469; x_wconf 86' lang='grc' dir='ltr'><em>τοῦ</em></span> <span class='ocrx_word' id='word_1_3' title='bbox 401 416 642 482; x_wconf 73' lang='lat' dir='ltr'>Kvplov.</span> <span class='ocrx_word' id='word_1_4' title='bbox 706 416 1037 489; x_wconf 83' lang='grc' dir='ltr'>Ἐϐουλόμην</span> <span class='ocrx_word' id='word_1_5' title='bbox 1071 420 1167 489; x_wconf 84' lang='grc' dir='ltr'>μὲν</span> <span class='ocrx_word' id='word_1_6' title='bbox 1213 419 1306 473; x_wconf 65' lang='grc' dir='ltr'>οὖν</span> <span class='ocrx_word' id='word_1_7' title='bbox 1341 423 1436 476; x_wconf 72' lang='grc' dir='ltr'>καὶ</span> <span class='ocrx_word' id='word_1_8' title='bbox 1464 424 1622 486; x_wconf 80' lang='grc' dir='ltr'>αὑτὸς</span> <span class='ocrx_word' id='word_1_9' title='bbox 1656 424 1823 496; x_wconf 68' lang='grc' dir='ltr'>ἄρξα-</span> 
     </span>
    </p>
   </div>
   <div class='ocr_carea' id='block_1_3' title="bbox 247 504 1823 588">
    <p class='ocr_par' dir='ltr' id='par_1_3' title="bbox 247 504 1823 588">
     <span class='ocr_line' id='line_1_3' title="bbox 247 504 1823 588; baseline 0.01 -32"><span class='ocrx_word' id='word_1_10' title='bbox 247 504 373 558; x_wconf 79' lang='grc' dir='ltr'>σθαι</span> <span class='ocrx_word' id='word_1_11' title='bbox 422 506 517 558; x_wconf 89' lang='grc' dir='ltr'>τοῦ</span> <span class='ocrx_word' id='word_1_12' title='bbox 564 508 848 578; x_wconf 74' lang='grc' dir='ltr'>προοιμίου</span> <span class='ocrx_word' id='word_1_13' title='bbox 884 511 1156 582; x_wconf 77' lang='grc' dir='ltr'>σήμερον,</span> <span class='ocrx_word' id='word_1_14' title='bbox 1213 513 1516 586; x_wconf 85' lang='grc' dir='ltr'>ἐϐουλόμην</span> <span class='ocrx_word' id='word_1_15' title='bbox 1566 517 1823 588; x_wconf 86' lang='grc' dir='ltr'>ἐμϐαλεῖν</span> 
     </span>
    </p>
   </div>
   <div class='ocr_carea' id='block_1_4' title="bbox 244 596 1824 677">
    <p class='ocr_par' dir='ltr' id='par_1_4' title="bbox 244 596 1824 677">
     <span class='ocr_line' id='line_1_4' title="bbox 244 596 1824 677; baseline 0.01 -30"><span class='ocrx_word' id='word_1_16' title='bbox 244 598 325 657; x_wconf 78' lang='grc' dir='ltr'>είς</span> <span class='ocrx_word' id='word_1_17' title='bbox 367 596 469 666; x_wconf 75' lang='grc' dir='ltr'>τὴν</span> <span class='ocrx_word' id='word_1_18' title='bbox 513 598 688 669; x_wconf 81' lang='grc' dir='ltr'>ἀρχὴν</span> <span class='ocrx_word' id='word_1_19' title='bbox 736 599 830 653; x_wconf 84' lang='grc' dir='ltr'>τοῦ</span> <span class='ocrx_word' id='word_1_20' title='bbox 877 599 1244 673; x_wconf 82' lang='grc' dir='ltr'>διηγήματος,</span> <span class='ocrx_word' id='word_1_21' title='bbox 1276 606 1393 658; x_wconf 87' lang='grc' dir='ltr'>ἀλλ’</span> <span class='ocrx_word' id='word_1_22' title='bbox 1427 608 1538 676; x_wconf 79' lang='grc' dir='ltr'>ὁρῶ</span> <span class='ocrx_word' id='word_1_23' title='bbox 1589 608 1824 677; x_wconf 87' lang='grc' dir='ltr'>πέλαγος</span> 
     </span>
    </p>
   </div>
   <div class='ocr_carea' id='block_1_5' title="bbox 243 688 1822 772">
    <p class='ocr_par' dir='ltr' id='par_1_5' title="bbox 243 688 1822 772">
     <span class='ocr_line' id='line_1_5' title="bbox 243 688 1822 772; baseline 0.011 -35"><span class='ocrx_word' id='word_1_24' title='bbox 243 688 535 755; x_wconf 80' lang='grc' dir='ltr'>νοημάτων</span> <span class='ocrx_word' id='word_1_25' title='bbox 562 689 670 742; x_wconf 86' lang='grc' dir='ltr'>ἀπὸ</span> <span class='ocrx_word' id='word_1_26' title='bbox 716 690 809 744; x_wconf 85' lang='grc' dir='ltr'>τοῦ</span> <span class='ocrx_word' id='word_1_27' title='bbox 850 692 1110 763; x_wconf 84' lang='grc' dir='ltr'>ὀνόματος</span> <span class='ocrx_word' id='word_1_28' title='bbox 1146 696 1326 766; x_wconf 89' lang='grc' dir='ltr'>μόνον.</span> <span class='ocrx_word' id='word_1_29' title='bbox 1391 699 1672 770; x_wconf 85' lang='grc' dir='ltr'>Ἐννόησον</span> <span class='ocrx_word' id='word_1_30' title='bbox 1712 704 1822 772; x_wconf 84' lang='grc' dir='ltr'>γὰρ</span> 
     </span>
    </p>
   </div>
   <div class='ocr_carea' id='block_1_6' title="bbox 240 776 1818 857">
    <p class='ocr_par' dir='ltr' id='par_1_6' title="bbox 240 776 1818 857">
     <span class='ocr_line' id='line_1_6' title="bbox 240 776 1818 857; baseline 0.011 -29"><span class='ocrx_word' id='word_1_31' title='bbox 240 776 366 830; x_wconf 80' lang='grc' dir='ltr'>ὅσον</span> <span class='ocrx_word' id='word_1_32' title='bbox 396 777 599 843; x_wconf 83' lang='grc' dir='ltr'>εὐθέως</span> <span class='ocrx_word' id='word_1_33' title='bbox 633 783 766 851; x_wconf 80' lang='grc' dir='ltr'>ἡμῖν</span> <span class='ocrx_word' id='word_1_34' title='bbox 796 786 935 836; x_wconf 88' lang='grc' dir='ltr'>κινεῖ</span> <span class='ocrx_word' id='word_1_35' title='bbox 965 784 1206 856; x_wconf 80' lang='grc' dir='ltr'>ζήτημα,</span> <span class='ocrx_word' id='word_1_36' title='bbox 1233 787 1314 853; x_wconf 87' lang='grc' dir='ltr'>τὸ,</span> <span class='ocrx_word' id='word_1_37' title='bbox 1338 788 1595 857; x_wconf 89' lang='grc' dir='ltr'><em>Σαῦλος,</em></span> <span class='ocrx_word' id='word_1_38' title='bbox 1626 791 1784 845; x_wconf 88' lang='grc' dir='ltr'>τοῦτο</span> <span class='ocrx_word' id='word_1_39' title='bbox 1805 809 1818 822; x_wconf 94' lang='grc'>·</span> 
     </span>
    </p>
   </div>
   <div class='ocr_carea' id='block_1_7' title="bbox 239 869 1819 953">
    <p class='ocr_par' dir='ltr' id='par_1_7' title="bbox 239 869 1819 953">
     <span class='ocr_line' id='line_1_7' title="bbox 239 869 1819 953; baseline 0.009 -32"><span class='ocrx_word' id='word_1_40' title='bbox 239 869 298 919; x_wconf 87' lang='grc' dir='ltr'>ἐν</span> <span class='ocrx_word' id='word_1_41' title='bbox 328 870 438 940; x_wconf 73' lang='grc' dir='ltr'>γάρ</span> <span class='ocrx_word' id='word_1_42' title='bbox 468 875 584 937; x_wconf 88' lang='grc' dir='ltr'>ταῖς</span> <span class='ocrx_word' id='word_1_43' title='bbox 612 874 946 939; x_wconf 75' lang='grc' dir='ltr'>Ἐπιστολαῖς</span> <span class='ocrx_word' id='word_1_44' title='bbox 984 878 1167 949; x_wconf 72' lang='grc' dir='ltr'>ἕτερον</span> <span class='ocrx_word' id='word_1_45' title='bbox 1198 878 1367 950; x_wconf 76' lang='grc' dir='ltr'>ὄνομα</span> <span class='ocrx_word' id='word_1_46' title='bbox 1393 881 1504 953; x_wconf 83' lang='grc' dir='ltr'>ὁρῶ</span> <span class='ocrx_word' id='word_1_47' title='bbox 1532 884 1783 953; x_wconf 85' lang='grc' dir='ltr'>κείμενον</span> <span class='ocrx_word' id='word_1_48' title='bbox 1805 901 1819 915; x_wconf 77' lang='grc' dir='ltr'><strong>ο</strong></span> 
     </span>
    </p>
   </div>
   <div class='ocr_carea' id='block_1_8' title="bbox 241 961 1819 1041">
    <p class='ocr_par' dir='ltr' id='par_1_8' title="bbox 241 961 1819 1041">
     <span class='ocr_line' id='line_1_8' title="bbox 241 961 1819 1041; baseline 0.011 -29"><span class='ocrx_word' id='word_1_49' title='bbox 241 961 483 1028; x_wconf 83' lang='grc' dir='ltr'><em>Παῦλος</em></span> <span class='ocrx_word' id='word_1_50' title='bbox 516 963 735 1031; x_wconf 89' lang='grc' dir='ltr'><em>δοῦλος</em></span> <span class='ocrx_word' id='word_1_51' title='bbox 776 966 967 1033; x_wconf 84' lang='grc' dir='ltr'>Ἰησοῦ</span> <span class='ocrx_word' id='word_1_52' title='bbox 992 970 1279 1037; x_wconf 82' lang='grc' dir='ltr'>Χριστοῦ,</span> <span class='ocrx_word' id='word_1_53' title='bbox 1307 974 1531 1041; x_wconf 82' lang='grc' dir='ltr'>κλητὸς</span> <span class='ocrx_word' id='word_1_54' title='bbox 1557 976 1819 1030; x_wconf 81' lang='grc' dir='ltr'>ἀπόστο-</span> 
     </span>
    </p>
   </div>
   <div class='ocr_carea' id='block_1_9' title="bbox 237 1053 1821 1135">
    <p class='ocr_par' dir='ltr' id='par_1_9' title="bbox 237 1053 1821 1135">
     <span class='ocr_line' id='line_1_9' title="bbox 237 1053 1821 1135; baseline 0.012 -33"><span class='ocrx_word' id='word_1_55' title='bbox 237 1053 385 1116; x_wconf 88' lang='grc' dir='ltr'><em>λος·</em></span> <span class='ocrx_word' id='word_1_56' title='bbox 444 1054 684 1121; x_wconf 77' lang='grc' dir='ltr'><em>Παῦλος</em></span> <span class='ocrx_word' id='word_1_57' title='bbox 743 1057 841 1110; x_wconf 78' lang='grc' dir='ltr'>καὶ</span> <span class='ocrx_word' id='word_1_58' title='bbox 888 1059 1235 1129; x_wconf 85' lang='grc' dir='ltr'>Σωσθένης·</span> <span class='ocrx_word' id='word_1_59' title='bbox 1294 1065 1536 1131; x_wconf 91' lang='grc' dir='ltr'><em>Παῦλος</em></span> <span class='ocrx_word' id='word_1_60' title='bbox 1595 1068 1821 1135; x_wconf 82' lang='grc' dir='ltr'>κλητὸς</span> 
     </span>
    </p>
   </div>
   <div class='ocr_carea' id='block_1_10' title="bbox 238 1143 1821 1228">
    <p class='ocr_par' dir='ltr' id='par_1_10' title="bbox 238 1143 1821 1228">
     <span class='ocr_line' id='line_1_10' title="bbox 238 1143 1821 1228; baseline 0.012 -33"><span class='ocrx_word' id='word_1_61' title='bbox 238 1143 614 1213; x_wconf 77' lang='grc' dir='ltr'>ἀπόστολος·</span> <span class='ocrx_word' id='word_1_62' title='bbox 668 1149 772 1203; x_wconf 81' lang='grc' dir='ltr'>Ἰδὲ</span> <span class='ocrx_word' id='word_1_63' title='bbox 813 1150 928 1220; x_wconf 75' lang='grc' dir='ltr'>ἐγὼ</span> <span class='ocrx_word' id='word_1_64' title='bbox 956 1154 1194 1221; x_wconf 82' lang='grc' dir='ltr'><em>Παῦλος</em></span> <span class='ocrx_word' id='word_1_65' title='bbox 1225 1156 1380 1226; x_wconf 77' lang='grc' dir='ltr'>λέγω</span> <span class='ocrx_word' id='word_1_66' title='bbox 1412 1159 1585 1228; x_wconf 84' lang='grc' dir='ltr'>ὑμῖν·</span> <span class='ocrx_word' id='word_1_67' title='bbox 1619 1162 1737 1215; x_wconf 76' lang='grc' dir='ltr'>νυνὶ</span> <span class='ocrx_word' id='word_1_68' title='bbox 1763 1162 1821 1214; x_wconf 75' lang='grc' dir='ltr'>δὲ</span> 
     </span>
    </p>
   </div>
   <div class='ocr_carea' id='block_1_11' title="bbox 237 1233 1820 1317">
    <p class='ocr_par' dir='ltr' id='par_1_11' title="bbox 237 1233 1820 1317">
     <span class='ocr_line' id='line_1_11' title="bbox 237 1233 1820 1317; baseline 0.014 -34"><span class='ocrx_word' id='word_1_69' title='bbox 237 1233 312 1296; x_wconf 84' lang='grc' dir='ltr'>ὠς</span> <span class='ocrx_word' id='word_1_70' title='bbox 361 1235 605 1301; x_wconf 81' lang='grc' dir='ltr'>Παῦλος,</span> <span class='ocrx_word' id='word_1_71' title='bbox 656 1242 750 1293; x_wconf 80' lang='grc' dir='ltr'>καὶ</span> <span class='ocrx_word' id='word_1_72' title='bbox 798 1245 1075 1313; x_wconf 82' lang='grc' dir='ltr'>πανταχοῦ</span> <span class='ocrx_word' id='word_1_73' title='bbox 1116 1247 1329 1311; x_wconf 81' lang='grc' dir='ltr'><em>Παῦλος</em></span> <span class='ocrx_word' id='word_1_74' title='bbox 1368 1250 1644 1317; x_wconf 87' lang='grc' dir='ltr'>καλεῖται,</span> <span class='ocrx_word' id='word_1_75' title='bbox 1702 1253 1820 1307; x_wconf 82' lang='grc' dir='ltr'>ἀλλ’</span> 
     </span>
    </p>
   </div>
   <div class='ocr_carea' id='block_1_12' title="bbox 234 1323 1817 1412">
    <p class='ocr_par' dir='ltr' id='par_1_12' title="bbox 234 1323 1817 1412">
     <span class='ocr_line' id='line_1_12' title="bbox 234 1323 1817 1412; baseline 0.014 -38"><span class='ocrx_word' id='word_1_76' title='bbox 234 1323 359 1392; x_wconf 76' lang='grc' dir='ltr'>οὐχὶ</span> <span class='ocrx_word' id='word_1_77' title='bbox 409 1326 615 1391; x_wconf 89' lang='grc' dir='ltr'>Σαῦλος</span> <span class='ocrx_word' id='word_1_78' title='bbox 661 1328 895 1397; x_wconf 88' lang='grc' dir='ltr'>λέγεται.</span> <span class='ocrx_word' id='word_1_79' title='bbox 952 1333 1107 1398; x_wconf 80' lang='grc' dir='ltr'>Τίνος</span> <span class='ocrx_word' id='word_1_80' title='bbox 1149 1333 1240 1389; x_wconf 82' lang='grc' dir='ltr'>οὖν</span> <span class='ocrx_word' id='word_1_81' title='bbox 1270 1338 1456 1392; x_wconf 80' lang='grc' dir='ltr'>ἕνεκεν</span> <span class='ocrx_word' id='word_1_82' title='bbox 1495 1342 1603 1412; x_wconf 88' lang='grc' dir='ltr'>πρὸ</span> <span class='ocrx_word' id='word_1_83' title='bbox 1630 1342 1817 1396; x_wconf 88' lang='grc' dir='ltr'>τούτου</span> 
     </span>
    </p>
   </div>
   <div class='ocr_carea' id='block_1_13' title="bbox 240 1414 1816 1505">
    <p class='ocr_par' dir='ltr' id='par_1_13' title="bbox 240 1414 1816 1505">
     <span class='ocr_line' id='line_1_13' title="bbox 240 1414 1816 1505; baseline 0.014 -39"><span class='ocrx_word' id='word_1_84' title='bbox 240 1414 339 1483; x_wconf 75' lang='grc' dir='ltr'>μὲν</span> <span class='ocrx_word' id='word_1_85' title='bbox 372 1416 579 1483; x_wconf 87' lang='grc' dir='ltr'>Σαῦλος</span> <span class='ocrx_word' id='word_1_86' title='bbox 599 1460 614 1484; x_wconf 98' lang='grc'>,</span> <span class='ocrx_word' id='word_1_87' title='bbox 665 1422 805 1493; x_wconf 84' lang='grc' dir='ltr'>μετὰ</span> <span class='ocrx_word' id='word_1_88' title='bbox 836 1424 893 1477; x_wconf 84' lang='grc' dir='ltr'>δὲ</span> <span class='ocrx_word' id='word_1_89' title='bbox 934 1425 1110 1479; x_wconf 89' lang='grc' dir='ltr'>ταῦτα</span> <span class='ocrx_word' id='word_1_90' title='bbox 1144 1428 1356 1493; x_wconf 81' lang='grc' dir='ltr'><em>Παῦλος</em></span> <span class='ocrx_word' id='word_1_91' title='bbox 1386 1428 1533 1504; x_wconf 80' lang='grc'>[107]</span> <span class='ocrx_word' id='word_1_92' title='bbox 1579 1433 1816 1505; x_wconf 70' lang='grc' dir='ltr'>ἐκλήθης</span> 
     </span>
    </p>
   </div>
   <div class='ocr_carea' id='block_1_14' title="bbox 235 1506 1819 1592">
    <p class='ocr_par' dir='ltr' id='par_1_14' title="bbox 235 1506 1819 1592">
     <span class='ocr_line' id='line_1_14' title="bbox 235 1506 1819 1592; baseline 0.013 -35"><span class='ocrx_word' id='word_1_93' title='bbox 235 1506 349 1559; x_wconf 77' lang='grc' dir='ltr'>Οὐκ</span> <span class='ocrx_word' id='word_1_94' title='bbox 374 1508 493 1563; x_wconf 80' lang='grc' dir='ltr'>ἔστι</span> <span class='ocrx_word' id='word_1_95' title='bbox 532 1511 687 1580; x_wconf 77' lang='grc' dir='ltr'>ψιλὸν</span> <span class='ocrx_word' id='word_1_96' title='bbox 722 1513 784 1567; x_wconf 84' lang='grc' dir='ltr'>τὸ</span> <span class='ocrx_word' id='word_1_97' title='bbox 810 1515 1032 1586; x_wconf 78' lang='grc' dir='ltr'>ζήτημα</span> <span class='ocrx_word' id='word_1_98' title='bbox 1057 1533 1070 1546; x_wconf 94' lang='grc'>·</span> <span class='ocrx_word' id='word_1_99' title='bbox 1107 1520 1334 1591; x_wconf 83' lang='grc' dir='ltr'>καὶγὰρ</span> <span class='ocrx_word' id='word_1_100' title='bbox 1373 1522 1579 1592; x_wconf 81' lang='grc' dir='ltr'><em>Πέτρος</em></span> <span class='ocrx_word' id='word_1_101' title='bbox 1619 1524 1819 1587; x_wconf 77' lang='grc' dir='ltr'>εὐθέως</span> 
     </span>
    </p>
   </div>
   <div class='ocr_carea' id='block_1_15' title="bbox 234 1595 1819 1680">
    <p class='ocr_par' dir='ltr' id='par_1_15' title="bbox 234 1595 1819 1680">
     <span class='ocr_line' id='line_1_15' title="bbox 234 1595 1819 1680; baseline 0.011 -34"><span class='ocrx_word' id='word_1_102' title='bbox 234 1595 549 1668; x_wconf 81' lang='grc' dir='ltr'>ἐπιτρέχει·</span> <span class='ocrx_word' id='word_1_103' title='bbox 609 1603 705 1655; x_wconf 77' lang='grc' dir='ltr'>καὶ</span> <span class='ocrx_word' id='word_1_104' title='bbox 775 1602 884 1674; x_wconf 88' lang='grc' dir='ltr'>γὰρ</span> <span class='ocrx_word' id='word_1_105' title='bbox 942 1607 1191 1669; x_wconf 80' lang='grc' dir='ltr'>κάκεῖνος</span> <span class='ocrx_word' id='word_1_106' title='bbox 1262 1609 1369 1680; x_wconf 81' lang='grc' dir='ltr'>πρὸ</span> <span class='ocrx_word' id='word_1_107' title='bbox 1410 1610 1635 1673; x_wconf 18' lang='grc' dir='ltr'>,τούτου</span> <span class='ocrx_word' id='word_1_108' title='bbox 1721 1613 1819 1680; x_wconf 84' lang='grc' dir='ltr'>μὲν</span> 
     </span>
    </p>
   </div>
   <div class='ocr_carea' id='block_1_16' title="bbox 234 1685 1813 1774">
    <p class='ocr_par' dir='ltr' id='par_1_16' title="bbox 234 1685 1813 1774">
     <span class='ocr_line' id='line_1_16' title="bbox 234 1685 1813 1774; baseline 0.015 -39"><span class='ocrx_word' id='word_1_109' title='bbox 234 1685 419 1755; x_wconf 78' lang='grc' dir='ltr'>Σίμων</span> <span class='ocrx_word' id='word_1_110' title='bbox 477 1690 724 1759; x_wconf 88' lang='grc' dir='ltr'>ἐλέγετο,</span> <span class='ocrx_word' id='word_1_111' title='bbox 795 1694 935 1762; x_wconf 77' lang='grc' dir='ltr'>μετὰ</span> <span class='ocrx_word' id='word_1_112' title='bbox 987 1696 1044 1749; x_wconf 90' lang='grc' dir='ltr'>δέ</span> <span class='ocrx_word' id='word_1_113' title='bbox 1111 1699 1282 1752; x_wconf 88' lang='grc' dir='ltr'>ταῦτα</span> <span class='ocrx_word' id='word_1_114' title='bbox 1336 1700 1628 1774; x_wconf 84' lang='grc' dir='ltr'>ὠνομάσθη</span> <span class='ocrx_word' id='word_1_115' title='bbox 1694 1706 1813 1772; x_wconf 82' lang='grc' dir='ltr'>Κη-</span> 
     </span>
    </p>
   </div>
   <div class='ocr_carea' id='block_1_17' title="bbox 232 1778 1814 1865">
    <p class='ocr_par' dir='ltr' id='par_1_17' title="bbox 232 1778 1814 1865">
     <span class='ocr_line' id='line_1_17' title="bbox 232 1778 1814 1865; baseline 0.011 -36"><span class='ocrx_word' id='word_1_116' title='bbox 232 1778 367 1843; x_wconf 77' lang='grc' dir='ltr'>φᾶς·</span> <span class='ocrx_word' id='word_1_117' title='bbox 420 1781 514 1833; x_wconf 81' lang='grc' dir='ltr'>καὶ</span> <span class='ocrx_word' id='word_1_118' title='bbox 562 1786 668 1837; x_wconf 75' lang='grc' dir='ltr'>υἱοὶ</span> <span class='ocrx_word' id='word_1_119' title='bbox 715 1786 1021 1852; x_wconf 85' lang='grc' dir='ltr'>Ζεϐεδαίου,</span> <span class='ocrx_word' id='word_1_120' title='bbox 1068 1788 1326 1853; x_wconf 87' lang='grc' dir='ltr'>Ἰάκωϐος</span> <span class='ocrx_word' id='word_1_121' title='bbox 1382 1780 1483 1844; x_wconf 66' lang='grc' dir='ltr'>καὶ</span> <span class='ocrx_word' id='word_1_122' title='bbox 1538 1793 1814 1865; x_wconf 78' lang='grc' dir='ltr'>Ἰωάννης,</span> 
     </span>
    </p>
   </div>
   <div class='ocr_carea' id='block_1_18' title="bbox 233 1868 1812 1957">
    <p class='ocr_par' dir='ltr' id='par_1_18' title="bbox 233 1868 1812 1957">
     <span class='ocr_line' id='line_1_18' title="bbox 233 1868 1812 1957; baseline 0.015 -38"><span class='ocrx_word' id='word_1_123' title='bbox 233 1868 353 1922; x_wconf 76' lang='grc' dir='ltr'>Υἱοὶ</span> <span class='ocrx_word' id='word_1_124' title='bbox 383 1871 618 1944; x_wconf 77' lang='grc' dir='ltr'>βροντῆς</span> <span class='ocrx_word' id='word_1_125' title='bbox 643 1878 1165 1949; x_wconf 86' lang='grc' dir='ltr'>μετωνομάσθησαν.</span> <span class='ocrx_word' id='word_1_126' title='bbox 1189 1882 1296 1935; x_wconf 73' lang='grc' dir='ltr'>Καὶ</span> <span class='ocrx_word' id='word_1_127' title='bbox 1328 1883 1428 1937; x_wconf 84' lang='grc' dir='ltr'>οὑκ</span> <span class='ocrx_word' id='word_1_128' title='bbox 1459 1887 1515 1938; x_wconf 90' lang='grc' dir='ltr'>ἐν</span> <span class='ocrx_word' id='word_1_129' title='bbox 1545 1888 1611 1954; x_wconf 83' lang='grc' dir='ltr'>τῇ</span> <span class='ocrx_word' id='word_1_130' title='bbox 1638 1888 1812 1957; x_wconf 84' lang='grc' dir='ltr'>Καινῇ</span> 
     </span>
    </p>
   </div>
   <div class='ocr_carea' id='block_1_19' title="bbox 230 1960 1815 2049">
    <p class='ocr_par' dir='ltr' id='par_1_19' title="bbox 230 1960 1815 2049">
     <span class='ocr_line' id='line_1_19' title="bbox 230 1960 1815 2049; baseline 0.015 -38"><span class='ocrx_word' id='word_1_131' title='bbox 230 1960 295 2023; x_wconf 47' lang='grc' dir='ltr'>δὴ</span> <span class='ocrx_word' id='word_1_132' title='bbox 328 1965 509 2029; x_wconf 72' lang='grc' dir='ltr'>μόνον,</span> <span class='ocrx_word' id='word_1_133' title='bbox 557 1969 694 2022; x_wconf 79' lang='grc' dir='ltr'>ἀλλὰ</span> <span class='ocrx_word' id='word_1_134' title='bbox 744 1973 838 2023; x_wconf 69' lang='grc' dir='ltr'>καὶ</span> <span class='ocrx_word' id='word_1_135' title='bbox 891 1974 950 2024; x_wconf 87' lang='grc' dir='ltr'>ἐν</span> <span class='ocrx_word' id='word_1_136' title='bbox 990 1976 1054 2045; x_wconf 84' lang='grc' dir='ltr'>τῇ</span> <span class='ocrx_word' id='word_1_137' title='bbox 1110 1974 1322 2046; x_wconf 80' lang='grc' dir='ltr'>Παλαιᾷ</span> <span class='ocrx_word' id='word_1_138' title='bbox 1354 1978 1681 2049; x_wconf 88' lang='grc' dir='ltr'>εὑρίσκομεν</span> <span class='ocrx_word' id='word_1_139' title='bbox 1724 1980 1815 2033; x_wconf 83' lang='grc' dir='ltr'>τὸν</span> 
     </span>
    </p>
   </div>
   <div class='ocr_carea' id='block_1_20' title="bbox 244 2055 1814 2142">
    <p class='ocr_par' dir='ltr' id='par_1_20' title="bbox 244 2055 1814 2142">
     <span class='ocr_line' id='line_1_20' title="bbox 244 2055 1814 2142; baseline 0.013 -36"><span class='ocrx_word' id='word_1_140' title='bbox 244 2055 499 2129; x_wconf 70' lang='grc' dir='ltr'>Ἁϐραάμ</span> <span class='ocrx_word' id='word_1_141' title='bbox 547 2062 653 2132; x_wconf 85' lang='grc' dir='ltr'>πρὸ</span> <span class='ocrx_word' id='word_1_142' title='bbox 704 2065 893 2118; x_wconf 88' lang='grc' dir='ltr'>τούτου</span> <span class='ocrx_word' id='word_1_143' title='bbox 934 2066 1033 2135; x_wconf 85' lang='grc' dir='ltr'>μὲν</span> <span class='ocrx_word' id='word_1_144' title='bbox 1081 2068 1293 2139; x_wconf 80' lang='grc' dir='ltr'>Ἀϐρὰμ</span> <span class='ocrx_word' id='word_1_145' title='bbox 1332 2069 1638 2141; x_wconf 88' lang='grc' dir='ltr'>λεγόμενον,</span> <span class='ocrx_word' id='word_1_146' title='bbox 1677 2072 1814 2142; x_wconf 80' lang='grc' dir='ltr'>μετὰ</span> 
     </span>
    </p>
   </div>
   <div class='ocr_carea' id='block_1_21' title="bbox 230 2148 1814 2233">
    <p class='ocr_par' dir='ltr' id='par_1_21' title="bbox 230 2148 1814 2233">
     <span class='ocr_line' id='line_1_21' title="bbox 230 2148 1814 2233; baseline 0.013 -36"><span class='ocrx_word' id='word_1_147' title='bbox 230 2148 407 2201; x_wconf 87' lang='grc' dir='ltr'>ταῦτα</span> <span class='ocrx_word' id='word_1_148' title='bbox 444 2151 501 2205; x_wconf 84' lang='grc' dir='ltr'>δὲ</span> <span class='ocrx_word' id='word_1_149' title='bbox 541 2154 820 2228; x_wconf 84' lang='grc' dir='ltr'>Ἀϐραάμ·</span> <span class='ocrx_word' id='word_1_150' title='bbox 860 2160 953 2211; x_wconf 74' lang='grc' dir='ltr'>καὶ</span> <span class='ocrx_word' id='word_1_151' title='bbox 994 2159 1086 2211; x_wconf 86' lang='grc' dir='ltr'>τὸν</span> <span class='ocrx_word' id='word_1_152' title='bbox 1123 2160 1318 2214; x_wconf 87' lang='grc' dir='ltr'>Ἰακὼϐ</span> <span class='ocrx_word' id='word_1_153' title='bbox 1349 2161 1445 2216; x_wconf 91' lang='grc' dir='ltr'>νῦν</span> <span class='ocrx_word' id='word_1_154' title='bbox 1479 2166 1578 2233; x_wconf 85' lang='grc' dir='ltr'>μέν</span> <span class='ocrx_word' id='word_1_155' title='bbox 1618 2163 1814 2217; x_wconf 86' lang='grc' dir='ltr'>Ἰακὼϐ</span> 
     </span>
    </p>
   </div>
   <div class='ocr_carea' id='block_1_22' title="bbox 230 2238 1813 2328">
    <p class='ocr_par' dir='ltr' id='par_1_22' title="bbox 230 2238 1813 2328">
     <span class='ocr_line' id='line_1_22' title="bbox 230 2238 1813 2328; baseline 0.015 -37"><span class='ocrx_word' id='word_1_156' title='bbox 230 2238 545 2313; x_wconf 87' lang='grc' dir='ltr'>λεγόμενον,</span> <span class='ocrx_word' id='word_1_157' title='bbox 591 2249 729 2317; x_wconf 72' lang='grc' dir='ltr'>μετὰ</span> <span class='ocrx_word' id='word_1_158' title='bbox 764 2249 821 2303; x_wconf 80' lang='grc' dir='ltr'>δὲ</span> <span class='ocrx_word' id='word_1_159' title='bbox 850 2251 1025 2306; x_wconf 89' lang='grc' dir='ltr'>ταῦτα</span> <span class='ocrx_word' id='word_1_160' title='bbox 1065 2252 1280 2325; x_wconf 88' lang='grc' dir='ltr'>Ἰσραήλ</span> <span class='ocrx_word' id='word_1_161' title='bbox 1300 2272 1315 2286; x_wconf 94' lang='grc'>·</span> <span class='ocrx_word' id='word_1_162' title='bbox 1346 2256 1439 2309; x_wconf 77' lang='grc' dir='ltr'>καὶ</span> <span class='ocrx_word' id='word_1_163' title='bbox 1471 2256 1568 2327; x_wconf 80' lang='grc' dir='ltr'>τὴν</span> <span class='ocrx_word' id='word_1_164' title='bbox 1597 2257 1813 2328; x_wconf 75' lang='grc' dir='ltr'>Σάρραν</span> 
     </span>
    </p>
   </div>
   <div class='ocr_carea' id='block_1_23' title="bbox 231 2334 1807 2424">
    <p class='ocr_par' dir='ltr' id='par_1_23' title="bbox 231 2334 1807 2424">
     <span class='ocr_line' id='line_1_23' title="bbox 231 2334 1807 2424; baseline 0.015 -40"><span class='ocrx_word' id='word_1_165' title='bbox 231 2334 339 2404; x_wconf 85' lang='grc' dir='ltr'>πρὸ</span> <span class='ocrx_word' id='word_1_166' title='bbox 366 2337 560 2391; x_wconf 86' lang='grc' dir='ltr'>τούτου</span> <span class='ocrx_word' id='word_1_167' title='bbox 588 2342 769 2413; x_wconf 85' lang='grc' dir='ltr'>Σάραν</span> <span class='ocrx_word' id='word_1_168' title='bbox 789 2343 1108 2418; x_wconf 80' lang='grc' dir='ltr'>λεγομένην,</span> <span class='ocrx_word' id='word_1_169' title='bbox 1129 2350 1266 2419; x_wconf 81' lang='grc' dir='ltr'>μετὰ</span> <span class='ocrx_word' id='word_1_170' title='bbox 1287 2350 1342 2402; x_wconf 85' lang='grc' dir='ltr'>δέ</span> <span class='ocrx_word' id='word_1_171' title='bbox 1373 2351 1546 2404; x_wconf 92' lang='grc' dir='ltr'>ταῦτα</span> <span class='ocrx_word' id='word_1_172' title='bbox 1571 2352 1807 2424; x_wconf 76' lang='grc' dir='ltr'>Σάρραν·</span> 
     </span>
    </p>
   </div>
   <div class='ocr_carea' id='block_1_24' title="bbox 1328 313 2359 379">
    <p class='ocr_par' dir='ltr' id='par_1_24' title="bbox 1328 313 2359 379">
     <span class='ocr_line' id='line_1_24' title="bbox 1328 313 2359 379; baseline 0.011 -13"><span class='ocrx_word' id='word_1_173' title='bbox 1328 313 1419 367; x_wconf 79' lang='lat' dir='ltr'><strong>DE</strong></span> <span class='ocrx_word' id='word_1_174' title='bbox 1457 313 1863 371; x_wconf 75' lang='lat' dir='ltr'>MUTATIONE</span> <span class='ocrx_word' id='word_1_175' title='bbox 1904 315 2248 376; x_wconf 82' lang='lat' dir='ltr'>NOMINUM.</span> <span class='ocrx_word' id='word_1_176' title='bbox 2291 320 2359 379; x_wconf 80' lang='grc'>11.</span> 
     </span>
    </p>
   </div>
   <div class='ocr_carea' id='block_1_25' title="bbox 3390 313 3492 373">
    <p class='ocr_par' dir='ltr' id='par_1_25' title="bbox 3390 313 3492 373">
     <span class='ocr_line' id='line_1_25' title="bbox 3390 313 3492 373; baseline 0.02 -2"><span class='ocrx_word' id='word_1_177' title='bbox 3390 313 3492 373; x_wconf 51' lang='grc' dir='ltr'>ιρι</span> 
     </span>
    </p>
   </div>
   <div class='ocr_carea' id='block_1_26' title="bbox 1928 427 3494 501">
    <p class='ocr_par' dir='ltr' id='par_1_26' title="bbox 1928 427 3494 501">
     <span class='ocr_line' id='line_1_26' title="bbox 1928 427 3494 501; baseline 0.002 -22"><span class='ocrx_word' id='word_1_178' title='bbox 1928 428 2021 481; x_wconf 78' lang='grc' dir='ltr'>καὶ</span> <span class='ocrx_word' id='word_1_179' title='bbox 2051 427 2249 499; x_wconf 80' lang='grc' dir='ltr'>πολλὴν</span> <span class='ocrx_word' id='word_1_180' title='bbox 2277 430 2409 499; x_wconf 81' lang='grc' dir='ltr'>ἡμῖν</span> <span class='ocrx_word' id='word_1_181' title='bbox 2434 427 2542 480; x_wconf 90' lang='grc' dir='ltr'>τῶν</span> <span class='ocrx_word' id='word_1_182' title='bbox 2579 427 2856 498; x_wconf 84' lang='grc' dir='ltr'>ὀνομάτων</span> <span class='ocrx_word' id='word_1_183' title='bbox 2883 429 2913 498; x_wconf 83' lang='grc' dir='ltr'><strong>ἡ</strong></span> <span class='ocrx_word' id='word_1_184' title='bbox 2954 428 3245 499; x_wconf 77' lang='grc' dir='ltr'>μετάθεσις</span> <span class='ocrx_word' id='word_1_185' title='bbox 3267 429 3494 501; x_wconf 78' lang='grc' dir='ltr'>παρέχει</span> 
     </span>
    </p>
   </div>
   <div class='ocr_carea' id='block_1_27' title="bbox 1926 519 3493 593">
    <p class='ocr_par' dir='ltr' id='par_1_27' title="bbox 1926 519 3493 593">
     <span class='ocr_line' id='line_1_27' title="bbox 1926 519 3493 593; baseline 0.003 -22"><span class='ocrx_word' id='word_1_186' title='bbox 1926 520 2024 589; x_wconf 86' lang='grc' dir='ltr'>τὴν</span> <span class='ocrx_word' id='word_1_187' title='bbox 2062 519 2287 590; x_wconf 82' lang='grc' dir='ltr'>ζήτησιν</span> <span class='ocrx_word' id='word_1_188' title='bbox 2308 538 2320 551; x_wconf 89' lang='grc'>·</span> <span class='ocrx_word' id='word_1_189' title='bbox 2351 521 2444 572; x_wconf 72' lang='grc' dir='ltr'>καὶ</span> <span class='ocrx_word' id='word_1_190' title='bbox 2466 521 2677 574; x_wconf 84' lang='grc' dir='ltr'>δέδοικα</span> <span class='ocrx_word' id='word_1_191' title='bbox 2711 523 2805 591; x_wconf 84' lang='grc' dir='ltr'>μὴ,</span> <span class='ocrx_word' id='word_1_192' title='bbox 2849 522 3019 574; x_wconf 87' lang='grc' dir='ltr'>πολλὰ</span> <span class='ocrx_word' id='word_1_193' title='bbox 3062 520 3308 593; x_wconf 78' lang='grc' dir='ltr'>ῥεύματα</span> <span class='ocrx_word' id='word_1_194' title='bbox 3335 538 3493 575; x_wconf 86' lang='grc' dir='ltr'>ποτα-</span> 
     </span>
    </p>
   </div>
   <div class='ocr_carea' id='block_1_28' title="bbox 1928 609 3496 684">
    <p class='ocr_par' dir='ltr' id='par_1_28' title="bbox 1928 609 3496 684">
     <span class='ocr_line' id='line_1_28' title="bbox 1928 609 3496 684; baseline 0.003 -21"><span class='ocrx_word' id='word_1_195' title='bbox 1928 609 2044 680; x_wconf 90' lang='grc' dir='ltr'>μῶν</span> <span class='ocrx_word' id='word_1_196' title='bbox 2074 612 2331 683; x_wconf 77' lang='grc' dir='ltr'>ἐξαίφνης</span> <span class='ocrx_word' id='word_1_197' title='bbox 2358 614 2535 681; x_wconf 72' lang='grc' dir='ltr'>ἀφεὶς,</span> <span class='ocrx_word' id='word_1_198' title='bbox 2578 612 2859 676; x_wconf 84' lang='grc' dir='ltr'>ἀποπνίξω</span> <span class='ocrx_word' id='word_1_199' title='bbox 2892 616 2991 684; x_wconf 83' lang='grc' dir='ltr'>τῆς</span> <span class='ocrx_word' id='word_1_200' title='bbox 3020 613 3366 676; x_wconf 80' lang='grc' dir='ltr'>διδασκαλίας</span> <span class='ocrx_word' id='word_1_201' title='bbox 3401 613 3496 667; x_wconf 84' lang='grc' dir='ltr'>τὸν</span> 
     </span>
    </p>
   </div>
   <div class='ocr_carea' id='block_1_29' title="bbox 1924 701 3493 778">
    <p class='ocr_par' dir='ltr' id='par_1_29' title="bbox 1924 701 3493 778">
     <span class='ocr_line' id='line_1_29' title="bbox 1924 701 3493 778; baseline 0.002 -24"><span class='ocrx_word' id='word_1_202' title='bbox 1924 701 2098 769; x_wconf 87' lang='grc' dir='ltr'>λόγον.</span> <span class='ocrx_word' id='word_1_203' title='bbox 2118 703 2382 774; x_wconf 76' lang='grc' dir='ltr'>Καθάπερ</span> <span class='ocrx_word' id='word_1_204' title='bbox 2403 704 2509 775; x_wconf 83' lang='grc' dir='ltr'>γὰρ</span> <span class='ocrx_word' id='word_1_205' title='bbox 2537 705 2594 756; x_wconf 90' lang='grc' dir='ltr'>ἐν</span> <span class='ocrx_word' id='word_1_206' title='bbox 2619 704 2803 774; x_wconf 85' lang='grc' dir='ltr'>χωρίῳ</span> <span class='ocrx_word' id='word_1_207' title='bbox 2826 704 3003 757; x_wconf 88' lang='grc' dir='ltr'>νοτίδα</span> <span class='ocrx_word' id='word_1_208' title='bbox 3032 704 3228 775; x_wconf 70' lang='grc' dir='ltr'>ἔχοντι,</span> <span class='ocrx_word' id='word_1_209' title='bbox 3245 705 3493 778; x_wconf 75' lang='grc' dir='ltr'>ὅπουπερ</span> 
     </span>
    </p>
   </div>
   <div class='ocr_carea' id='block_1_30' title="bbox 1924 793 3494 867">
    <p class='ocr_par' dir='ltr' id='par_1_30' title="bbox 1924 793 3494 867">
     <span class='ocr_line' id='line_1_30' title="bbox 1924 793 3494 867; baseline 0.001 -20"><span class='ocrx_word' id='word_1_210' title='bbox 1924 793 1990 847; x_wconf 89' lang='grc' dir='ltr'>ἂν</span> <span class='ocrx_word' id='word_1_211' title='bbox 2008 794 2282 867; x_wconf 81' lang='grc' dir='ltr'>διασκάψῃ</span> <span class='ocrx_word' id='word_1_212' title='bbox 2307 813 2409 858; x_wconf 87' lang='grc' dir='ltr'>τις,</span> <span class='ocrx_word' id='word_1_213' title='bbox 2439 796 2612 866; x_wconf 72' lang='grc' dir='ltr'>πηγαὶ</span> <span class='ocrx_word' id='word_1_214' title='bbox 2640 795 2971 866; x_wconf 84' lang='grc' dir='ltr'>πανταχόθεν</span> <span class='ocrx_word' id='word_1_215' title='bbox 3001 796 3330 866; x_wconf 81' lang='grc' dir='ltr'>ἐκπηδῶσιν·</span> <span class='ocrx_word' id='word_1_216' title='bbox 3350 795 3494 849; x_wconf 84' lang='grc' dir='ltr'>οὑτω</span> 
     </span>
    </p>
   </div>
   <div class='ocr_carea' id='block_1_31' title="bbox 1922 884 3493 957">
    <p class='ocr_par' dir='ltr' id='par_1_31' title="bbox 1922 884 3493 957">
     <span class='ocr_line' id='line_1_31' title="bbox 1922 884 3493 957; baseline 0.002 -21"><span class='ocrx_word' id='word_1_217' title='bbox 1922 884 2017 936; x_wconf 76' lang='grc' dir='ltr'>καὶ</span> <span class='ocrx_word' id='word_1_218' title='bbox 2063 886 2120 938; x_wconf 90' lang='grc' dir='ltr'>ἐν</span> <span class='ocrx_word' id='word_1_219' title='bbox 2160 884 2236 955; x_wconf 82' lang='grc' dir='ltr'>τῷ</span> <span class='ocrx_word' id='word_1_220' title='bbox 2287 886 2471 956; x_wconf 88' lang='grc' dir='ltr'>χωρίῳ</span> <span class='ocrx_word' id='word_1_221' title='bbox 2513 884 2622 937; x_wconf 88' lang='grc' dir='ltr'>τῶν</span> <span class='ocrx_word' id='word_1_222' title='bbox 2669 885 2826 939; x_wconf 86' lang='grc' dir='ltr'>θείων</span> <span class='ocrx_word' id='word_1_223' title='bbox 2854 886 2893 937; x_wconf 89' lang='grc' dir='ltr'>Γ</span> <span class='ocrx_word' id='word_1_224' title='bbox 2900 885 3106 955; x_wconf 86' lang='grc' dir='ltr'>ραφῶν,</span> <span class='ocrx_word' id='word_1_225' title='bbox 3147 886 3392 957; x_wconf 85' lang='grc' dir='ltr'>ὅπουπερ</span> <span class='ocrx_word' id='word_1_226' title='bbox 3424 885 3493 939; x_wconf 81' lang='grc' dir='ltr'>ἂν</span> 
     </span>
    </p>
   </div>
   <div class='ocr_carea' id='block_1_32' title="bbox 1921 975 3496 1049">
    <p class='ocr_par' dir='ltr' id='par_1_32' title="bbox 1921 975 3496 1049">
     <span class='ocr_line' id='line_1_32' title="bbox 1921 975 3496 1049; baseline 0.001 -21"><span class='ocrx_word' id='word_1_227' title='bbox 1921 975 2210 1049; x_wconf 82' lang='grc' dir='ltr'>διανοίξῃς,</span> <span class='ocrx_word' id='word_1_228' title='bbox 2245 978 2524 1047; x_wconf 83' lang='grc' dir='ltr'>ποταμοὺς</span> <span class='ocrx_word' id='word_1_229' title='bbox 2554 977 2794 1041; x_wconf 80' lang='grc' dir='ltr'>ἐξιόντας</span> <span class='ocrx_word' id='word_1_230' title='bbox 2827 976 2948 1047; x_wconf 78' lang='grc' dir='ltr'>ὄψει</span> <span class='ocrx_word' id='word_1_231' title='bbox 2978 977 3224 1041; x_wconf 81' lang='grc' dir='ltr'>πολλοὺς,</span> <span class='ocrx_word' id='word_1_232' title='bbox 3250 977 3371 1031; x_wconf 83' lang='grc' dir='ltr'>ὅθεν</span> <span class='ocrx_word' id='word_1_233' title='bbox 3400 978 3496 1031; x_wconf 73' lang='grc' dir='ltr'>καὶ</span> 
     </span>
    </p>
   </div>
   <div class='ocr_carea' id='block_1_33' title="bbox 1922 1067 3492 1140">
    <p class='ocr_par' dir='ltr' id='par_1_33' title="bbox 1922 1067 3492 1140">
     <span class='ocr_line' id='line_1_33' title="bbox 1922 1067 3492 1140; baseline 0.001 -19"><span class='ocrx_word' id='word_1_234' title='bbox 1922 1067 2130 1132; x_wconf 85' lang='grc' dir='ltr'>πάντας</span> <span class='ocrx_word' id='word_1_235' title='bbox 2152 1069 2353 1132; x_wconf 82' lang='grc' dir='ltr'>αὐτοὺς</span> <span class='ocrx_word' id='word_1_236' title='bbox 2370 1068 2564 1140; x_wconf 85' lang='grc' dir='ltr'>ἀθρόον</span> <span class='ocrx_word' id='word_1_237' title='bbox 2594 1070 2811 1138; x_wconf 87' lang='grc' dir='ltr'>ἀφεῖναι</span> <span class='ocrx_word' id='word_1_238' title='bbox 2839 1070 3076 1139; x_wconf 84' lang='grc' dir='ltr'>τήμερον</span> <span class='ocrx_word' id='word_1_239' title='bbox 3108 1069 3226 1133; x_wconf 88' lang='grc' dir='ltr'>δέος</span> <span class='ocrx_word' id='word_1_240' title='bbox 3253 1070 3401 1123; x_wconf 80' lang='grc' dir='ltr'>ἐστὶν</span> <span class='ocrx_word' id='word_1_241' title='bbox 3428 1070 3492 1124; x_wconf 88' lang='grc' dir='ltr'>ού</span> 
     </span>
    </p>
   </div>
   <div class='ocr_carea' id='block_1_34' title="bbox 1924 1160 3492 1233">
    <p class='ocr_par' dir='ltr' id='par_1_34' title="bbox 1924 1160 3492 1233">
     <span class='ocr_line' id='line_1_34' title="bbox 1924 1160 3492 1233; baseline 0.002 -20"><span class='ocrx_word' id='word_1_242' title='bbox 1924 1160 2135 1232; x_wconf 88' lang='grc' dir='ltr'>μικρόν.</span> <span class='ocrx_word' id='word_1_243' title='bbox 2187 1160 2385 1230; x_wconf 82' lang='grc' dir='ltr'>Διόπερ</span> <span class='ocrx_word' id='word_1_244' title='bbox 2430 1160 2521 1213; x_wconf 83' lang='grc' dir='ltr'>τὸν</span> <span class='ocrx_word' id='word_1_245' title='bbox 2576 1160 2841 1233; x_wconf 79' lang='grc' dir='ltr'>ἡμέτερον</span> <span class='ocrx_word' id='word_1_246' title='bbox 2906 1161 3226 1233; x_wconf 80' lang='grc' dir='ltr'>ἀποφράξας</span> <span class='ocrx_word' id='word_1_247' title='bbox 3280 1161 3492 1233; x_wconf 82' lang='grc' dir='ltr'>ῥύακα,</span> 
     </span>
    </p>
   </div>
   <div class='ocr_carea' id='block_1_35' title="bbox 1922 1252 3494 1327">
    <p class='ocr_par' dir='ltr' id='par_1_35' title="bbox 1922 1252 3494 1327">
     <span class='ocr_line' id='line_1_35' title="bbox 1922 1252 3494 1327; baseline -0.001 -20"><span class='ocrx_word' id='word_1_248' title='bbox 1922 1253 2277 1324; x_wconf 81' lang='grc' dir='ltr'>παραπέμψω</span> <span class='ocrx_word' id='word_1_249' title='bbox 2311 1254 2410 1324; x_wconf 83' lang='grc' dir='ltr'>τὴν</span> <span class='ocrx_word' id='word_1_250' title='bbox 2452 1254 2722 1325; x_wconf 82' lang='grc' dir='ltr'>ὑμετέραν</span> <span class='ocrx_word' id='word_1_251' title='bbox 2771 1254 2992 1327; x_wconf 85' lang='grc' dir='ltr'>ἀγάπην</span> <span class='ocrx_word' id='word_1_252' title='bbox 3023 1254 3160 1325; x_wconf 83' lang='grc' dir='ltr'>πρὸς</span> <span class='ocrx_word' id='word_1_253' title='bbox 3206 1252 3304 1325; x_wconf 82' lang='grc' dir='ltr'>τὴν</span> <span class='ocrx_word' id='word_1_254' title='bbox 3342 1252 3494 1323; x_wconf 80' lang='grc' dir='ltr'>ἱερὰν</span> 
     </span>
    </p>
   </div>
   <div class='ocr_carea' id='block_1_36' title="bbox 1922 1346 3497 1420">
    <p class='ocr_par' dir='ltr' id='par_1_36' title="bbox 1922 1346 3497 1420">
     <span class='ocr_line' id='line_1_36' title="bbox 1922 1346 3497 1420; baseline 0.001 -21"><span class='ocrx_word' id='word_1_255' title='bbox 1922 1348 2106 1419; x_wconf 83' lang='grc' dir='ltr'>πηγὴν</span> <span class='ocrx_word' id='word_1_256' title='bbox 2153 1346 2262 1400; x_wconf 90' lang='grc' dir='ltr'>τῶν</span> <span class='ocrx_word' id='word_1_257' title='bbox 2296 1347 2578 1420; x_wconf 86' lang='grc' dir='ltr'>προέδρων</span> <span class='ocrx_word' id='word_1_258' title='bbox 2618 1347 2823 1401; x_wconf 90' lang='grc' dir='ltr'>τούτων</span> <span class='ocrx_word' id='word_1_259' title='bbox 2874 1348 2970 1402; x_wconf 71' lang='grc' dir='ltr'>καὶ</span> <span class='ocrx_word' id='word_1_260' title='bbox 3012 1347 3347 1402; x_wconf 79' lang='grc' dir='ltr'>διδασκάλων</span> <span class='ocrx_word' id='word_1_261' title='bbox 3395 1346 3497 1418; x_wconf 78' lang='grc' dir='ltr'>τὴν</span> 
     </span>
    </p>
   </div>
   <div class='ocr_carea' id='block_1_37' title="bbox 1921 1438 3495 1511">
    <p class='ocr_par' dir='ltr' id='par_1_37' title="bbox 1921 1438 3495 1511">
     <span class='ocr_line' id='line_1_37' title="bbox 1921 1438 3495 1511; baseline 0.001 -20"><span class='ocrx_word' id='word_1_262' title='bbox 1921 1438 2166 1511; x_wconf 83' lang='grc' dir='ltr'>καθαράν</span> <span class='ocrx_word' id='word_1_263' title='bbox 2193 1438 2395 1510; x_wconf 90' lang='grc' dir='ltr'>ταύτην</span> <span class='ocrx_word' id='word_1_264' title='bbox 2422 1441 2516 1493; x_wconf 77' lang='grc' dir='ltr'>καὶ</span> <span class='ocrx_word' id='word_1_265' title='bbox 2549 1440 2775 1510; x_wconf 89' lang='grc' dir='ltr'>πότιμον</span> <span class='ocrx_word' id='word_1_266' title='bbox 2798 1441 2891 1493; x_wconf 81' lang='grc' dir='ltr'>καὶ</span> <span class='ocrx_word' id='word_1_267' title='bbox 2929 1440 3154 1509; x_wconf 85' lang='grc' dir='ltr'>γλυκὺν,</span> <span class='ocrx_word' id='word_1_268' title='bbox 3176 1441 3322 1511; x_wconf 77' lang='grc' dir='ltr'>νᾶμα</span> <span class='ocrx_word' id='word_1_269' title='bbox 3350 1438 3409 1492; x_wconf 83' lang='grc' dir='ltr'>τὸ</span> <span class='ocrx_word' id='word_1_270' title='bbox 3436 1438 3495 1505; x_wconf 79' lang='grc' dir='ltr'>ἐξ</span> 
     </span>
    </p>
   </div>
   <div class='ocr_carea' id='block_1_38' title="bbox 1919 1527 3492 1600">
    <p class='ocr_par' dir='ltr' id='par_1_38' title="bbox 1919 1527 3492 1600">
     <span class='ocr_line' id='line_1_38' title="bbox 1919 1527 3492 1600; baseline 0 -19"><span class='ocrx_word' id='word_1_271' title='bbox 1919 1529 2087 1599; x_wconf 86' lang='grc' dir='ltr'>αὑτῆς</span> <span class='ocrx_word' id='word_1_272' title='bbox 2118 1527 2473 1599; x_wconf 78' lang='grc' dir='ltr'>ἐξερχόμενον</span> <span class='ocrx_word' id='word_1_273' title='bbox 2516 1530 2613 1599; x_wconf 77' lang='grc' dir='ltr'>τῆς</span> <span class='ocrx_word' id='word_1_274' title='bbox 2662 1530 2865 1600; x_wconf 84' lang='grc' dir='ltr'>πέτρας</span> <span class='ocrx_word' id='word_1_275' title='bbox 2903 1531 3002 1600; x_wconf 86' lang='grc' dir='ltr'>τῆς</span> <span class='ocrx_word' id='word_1_276' title='bbox 3047 1529 3260 1599; x_wconf 85' lang='grc' dir='ltr'>νοητῆς.</span> <span class='ocrx_word' id='word_1_277' title='bbox 3308 1529 3492 1599; x_wconf 88' lang='grc' dir='ltr'>Παρα-</span> 
     </span>
    </p>
   </div>
   <div class='ocr_carea' id='block_1_39' title="bbox 1921 1619 3496 1692">
    <p class='ocr_par' dir='ltr' id='par_1_39' title="bbox 1921 1619 3496 1692">
     <span class='ocr_line' id='line_1_39' title="bbox 1921 1619 3496 1692; baseline -0.001 -19"><span class='ocrx_word' id='word_1_278' title='bbox 1921 1622 2276 1690; x_wconf 86' lang='grc' dir='ltr'>σκευάσωμεν</span> <span class='ocrx_word' id='word_1_279' title='bbox 2310 1620 2489 1675; x_wconf 84' lang='grc' dir='ltr'>τοίνυν</span> <span class='ocrx_word' id='word_1_280' title='bbox 2521 1620 2617 1692; x_wconf 77' lang='grc' dir='ltr'>τὴν</span> <span class='ocrx_word' id='word_1_281' title='bbox 2649 1622 2886 1675; x_wconf 91' lang='grc' dir='ltr'>διάνοιαν</span> <span class='ocrx_word' id='word_1_282' title='bbox 2918 1621 3056 1692; x_wconf 86' lang='grc' dir='ltr'>πρὸς</span> <span class='ocrx_word' id='word_1_283' title='bbox 3086 1620 3353 1691; x_wconf 83' lang='grc' dir='ltr'>ὑποδοχὴν</span> <span class='ocrx_word' id='word_1_284' title='bbox 3396 1619 3496 1690; x_wconf 83' lang='grc' dir='ltr'>τῆς</span> 
     </span>
    </p>
   </div>
   <div class='ocr_carea' id='block_1_40' title="bbox 1921 1711 3497 1784">
    <p class='ocr_par' dir='ltr' id='par_1_40' title="bbox 1921 1711 3497 1784">
     <span class='ocr_line' id='line_1_40' title="bbox 1921 1711 3497 1784; baseline 0 -19"><span class='ocrx_word' id='word_1_285' title='bbox 1921 1712 2285 1776; x_wconf 85' lang='grc' dir='ltr'>διδασκαλίας,</span> <span class='ocrx_word' id='word_1_286' title='bbox 2318 1713 2624 1784; x_wconf 84' lang='grc' dir='ltr'>ἀρύσασθαι</span> <span class='ocrx_word' id='word_1_287' title='bbox 2669 1714 2735 1767; x_wconf 86' lang='grc' dir='ltr'>τὰ</span> <span class='ocrx_word' id='word_1_288' title='bbox 2763 1714 3112 1784; x_wconf 78' lang='grc' dir='ltr'>πνευματικά</span> <span class='ocrx_word' id='word_1_289' title='bbox 3140 1714 3374 1783; x_wconf 87' lang='grc' dir='ltr'>νάματα,</span> <span class='ocrx_word' id='word_1_290' title='bbox 3409 1711 3497 1765; x_wconf 85' lang='grc' dir='ltr'>ἶνα</span> 
     </span>
    </p>
   </div>
   <div class='ocr_carea' id='block_1_41' title="bbox 1921 1803 3497 1877">
    <p class='ocr_par' dir='ltr' id='par_1_41' title="bbox 1921 1803 3497 1877">
     <span class='ocr_line' id='line_1_41' title="bbox 1921 1803 3497 1877; baseline 0.001 -21"><span class='ocrx_word' id='word_1_291' title='bbox 1921 1804 2146 1874; x_wconf 87' lang='grc' dir='ltr'>γένηται</span> <span class='ocrx_word' id='word_1_292' title='bbox 2194 1805 2251 1856; x_wconf 92' lang='grc' dir='ltr'>ἐν</span> <span class='ocrx_word' id='word_1_293' title='bbox 2294 1807 2426 1875; x_wconf 83' lang='grc' dir='ltr'>ἡμῖν</span> <span class='ocrx_word' id='word_1_294' title='bbox 2460 1805 2609 1876; x_wconf 78' lang='grc' dir='ltr'>πηγὴ</span> <span class='ocrx_word' id='word_1_295' title='bbox 2651 1806 2841 1869; x_wconf 79' lang='grc' dir='ltr'>ὓδατος</span> <span class='ocrx_word' id='word_1_296' title='bbox 2887 1804 3181 1877; x_wconf 81' lang='grc' dir='ltr'>ἁλλομένου</span> <span class='ocrx_word' id='word_1_297' title='bbox 3219 1808 3299 1869; x_wconf 89' lang='grc' dir='ltr'>εἰς</span> <span class='ocrx_word' id='word_1_298' title='bbox 3350 1803 3497 1873; x_wconf 77' lang='grc' dir='ltr'>ζωὴν</span> 
     </span>
    </p>
   </div>
   <div class='ocr_carea' id='block_1_42' title="bbox 1923 1890 3497 1967">
    <p class='ocr_par' dir='ltr' id='par_1_42' title="bbox 1923 1890 3497 1967">
     <span class='ocr_line' id='line_1_42' title="bbox 1923 1890 3497 1967; baseline 0 -20"><span class='ocrx_word' id='word_1_299' title='bbox 1923 1893 2138 1947; x_wconf 77' lang='grc' dir='ltr'>αἰώνιον</span> <span class='ocrx_word' id='word_1_300' title='bbox 2159 1912 2171 1925; x_wconf 87' lang='grc'>·</span> <span class='ocrx_word' id='word_1_301' title='bbox 2207 1890 2275 1967; x_wconf 82' lang='grc' dir='ltr'>ἦς</span> <span class='ocrx_word' id='word_1_302' title='bbox 2326 1898 2535 1963; x_wconf 85' lang='grc' dir='ltr'>γένοιτο</span> <span class='ocrx_word' id='word_1_303' title='bbox 2566 1898 2776 1960; x_wconf 85' lang='grc' dir='ltr'>πάντας</span> <span class='ocrx_word' id='word_1_304' title='bbox 2816 1899 2965 1967; x_wconf 82' lang='grc' dir='ltr'>ἡμᾶς</span> <span class='ocrx_word' id='word_1_305' title='bbox 3005 1899 3279 1967; x_wconf 76' lang='grc' dir='ltr'>ἐπιτυχεῖν</span> <span class='ocrx_word' id='word_1_306' title='bbox 3312 1896 3497 1966; x_wconf 87' lang='grc' dir='ltr'>χάριτι</span> 
     </span>
    </p>
   </div>
   <div class='ocr_carea' id='block_1_43' title="bbox 1922 1985 3494 2061">
    <p class='ocr_par' dir='ltr' id='par_1_43' title="bbox 1922 1985 3494 2061">
     <span class='ocr_line' id='line_1_43' title="bbox 1922 1985 3494 2061; baseline 0 -23"><span class='ocrx_word' id='word_1_307' title='bbox 1922 1987 2016 2038; x_wconf 75' lang='grc' dir='ltr'>καὶ</span> <span class='ocrx_word' id='word_1_308' title='bbox 2052 1986 2435 2059; x_wconf 83' lang='grc' dir='ltr'>φιλανθρωπίᾳ</span> <span class='ocrx_word' id='word_1_309' title='bbox 2463 1988 2558 2041; x_wconf 91' lang='grc' dir='ltr'>τοῦ</span> <span class='ocrx_word' id='word_1_310' title='bbox 2587 1989 2793 2061; x_wconf 85' lang='grc' dir='ltr'>Κυρίου</span> <span class='ocrx_word' id='word_1_311' title='bbox 2822 1989 2979 2060; x_wconf 83' lang='grc' dir='ltr'>ἡμῶν</span> <span class='ocrx_word' id='word_1_312' title='bbox 3023 1988 3193 2060; x_wconf 87' lang='grc' dir='ltr'>Ἰησοῦ</span> <span class='ocrx_word' id='word_1_313' title='bbox 3234 1985 3494 2061; x_wconf 83' lang='grc' dir='ltr'>Χριστοῦ,</span> 
     </span>
    </p>
   </div>
   <div class='ocr_carea' id='block_1_44' title="bbox 1920 2070 3497 2151">
    <p class='ocr_par' dir='ltr' id='par_1_44' title="bbox 1920 2070 3497 2151">
     <span class='ocr_line' id='line_1_44' title="bbox 1920 2070 3497 2151; baseline 0 -21"><span class='ocrx_word' id='word_1_314' title='bbox 1920 2076 1986 2130; x_wconf 78' lang='grc' dir='ltr'>δι’</span> <span class='ocrx_word' id='word_1_315' title='bbox 2019 2070 2079 2129; x_wconf 76' lang='grc' dir='ltr'>οὗ</span> <span class='ocrx_word' id='word_1_316' title='bbox 2110 2078 2199 2131; x_wconf 75' lang='grc' dir='ltr'>καὶ</span> <span class='ocrx_word' id='word_1_317' title='bbox 2228 2078 2346 2148; x_wconf 75' lang='grc' dir='ltr'>μεθ’</span> <span class='ocrx_word' id='word_1_318' title='bbox 2370 2073 2430 2132; x_wconf 76' lang='grc' dir='ltr'>οὗ</span> <span class='ocrx_word' id='word_1_319' title='bbox 2454 2077 2532 2149; x_wconf 82' lang='grc' dir='ltr'>τῷ</span> <span class='ocrx_word' id='word_1_320' title='bbox 2561 2080 2735 2149; x_wconf 74' lang='grc' dir='ltr'>Πατρὶ</span> <span class='ocrx_word' id='word_1_321' title='bbox 2765 2080 2911 2145; x_wconf 78' lang='grc' dir='ltr'>δόξα,</span> <span class='ocrx_word' id='word_1_322' title='bbox 2934 2079 3090 2151; x_wconf 83' lang='grc' dir='ltr'>τιμὴ,</span> <span class='ocrx_word' id='word_1_323' title='bbox 3127 2078 3348 2149; x_wconf 88' lang='grc' dir='ltr'>κράτος,</span> <span class='ocrx_word' id='word_1_324' title='bbox 3380 2076 3497 2146; x_wconf 74' lang='grc' dir='ltr'>ἅμα</span> 
     </span>
    </p>
   </div>
   <div class='ocr_carea' id='block_1_45' title="bbox 1922 2168 3496 2241">
    <p class='ocr_par' dir='ltr' id='par_1_45' title="bbox 1922 2168 3496 2241">
     <span class='ocr_line' id='line_1_45' title="bbox 1922 2168 3496 2241; baseline 0 -21"><span class='ocrx_word' id='word_1_325' title='bbox 1922 2168 1998 2239; x_wconf 82' lang='grc' dir='ltr'>τῷ</span> <span class='ocrx_word' id='word_1_326' title='bbox 2019 2170 2158 2240; x_wconf 85' lang='grc' dir='ltr'>ἁγίῳ</span> <span class='ocrx_word' id='word_1_327' title='bbox 2192 2171 2284 2222; x_wconf 77' lang='grc' dir='ltr'>καὶ</span> <span class='ocrx_word' id='word_1_328' title='bbox 2309 2170 2556 2241; x_wconf 81' lang='grc' dir='ltr'>ζωοποιῷ</span> <span class='ocrx_word' id='word_1_329' title='bbox 2586 2172 2885 2241; x_wconf 89' lang='grc' dir='ltr'>Πνεύματι,</span> <span class='ocrx_word' id='word_1_330' title='bbox 2919 2172 3012 2225; x_wconf 87' lang='grc' dir='ltr'>νῦν</span> <span class='ocrx_word' id='word_1_331' title='bbox 3042 2171 3135 2224; x_wconf 74' lang='grc' dir='ltr'>καὶ</span> <span class='ocrx_word' id='word_1_332' title='bbox 3164 2171 3271 2233; x_wconf 74' lang='grc' dir='ltr'>ἀεὶ,</span> <span class='ocrx_word' id='word_1_333' title='bbox 3297 2168 3390 2222; x_wconf 77' lang='grc' dir='ltr'>καὶ</span> <span class='ocrx_word' id='word_1_334' title='bbox 3414 2168 3496 2230; x_wconf 76' lang='grc' dir='ltr'>είς</span> 
     </span>
    </p>
   </div>
   <div class='ocr_carea' id='block_1_46' title="bbox 1919 2258 2911 2330">
    <p class='ocr_par' dir='ltr' id='par_1_46' title="bbox 1919 2258 2911 2330">
     <span class='ocr_line' id='line_1_46' title="bbox 1919 2258 2911 2330; baseline 0.002 -20"><span class='ocrx_word' id='word_1_335' title='bbox 1919 2261 2050 2321; x_wconf 75' lang='grc' dir='ltr'>τοὺς</span> <span class='ocrx_word' id='word_1_336' title='bbox 2082 2258 2283 2321; x_wconf 84' lang='grc' dir='ltr'>αἰῶνας</span> <span class='ocrx_word' id='word_1_337' title='bbox 2308 2259 2416 2311; x_wconf 90' lang='grc' dir='ltr'>τῶν</span> <span class='ocrx_word' id='word_1_338' title='bbox 2446 2259 2676 2313; x_wconf 77' lang='grc' dir='ltr'>αἰώνων.</span> <span class='ocrx_word' id='word_1_339' title='bbox 2719 2262 2911 2330; x_wconf 86' lang='grc' dir='ltr'>Ἀμήν.</span> 
     </span>
    </p>
   </div>
   <div class='ocr_carea' id='block_1_47' title="bbox 231 2664 3500 2747">
    <p class='ocr_par' dir='ltr' id='par_1_47' title="bbox 231 2664 3500 2747">
     <span class='ocr_line' id='line_1_47' title="bbox 231 2664 3500 2747; baseline 0.003 -28"><span class='ocrx_word' id='word_1_340' title='bbox 231 2664 387 2730; x_wconf 77' lang='grc' dir='ltr'>Πρὸς</span> <span class='ocrx_word' id='word_1_341' title='bbox 430 2666 576 2733; x_wconf 79' lang='grc' dir='ltr'>τοὺς</span> <span class='ocrx_word' id='word_1_342' title='bbox 619 2669 1034 2737; x_wconf 73' lang='grc' dir='ltr'>ἐγκαλοῦντας</span> <span class='ocrx_word' id='word_1_343' title='bbox 1100 2673 1251 2741; x_wconf 79' lang='grc' dir='ltr'>ὑπὲρ</span> <span class='ocrx_word' id='word_1_344' title='bbox 1314 2675 1421 2728; x_wconf 86' lang='grc' dir='ltr'><em>τοῦ</em></span> <span class='ocrx_word' id='word_1_345' title='bbox 1494 2676 1731 2745; x_wconf 80' lang='grc' dir='ltr'>μήκους</span> <span class='ocrx_word' id='word_1_346' title='bbox 1805 2677 1924 2730; x_wconf 76' lang='grc' dir='ltr'>τῶν</span> <span class='ocrx_word' id='word_1_347' title='bbox 1994 2677 2353 2747; x_wconf 71' lang='grc' dir='ltr'>εἰρημένων,</span> <span class='ocrx_word' id='word_1_348' title='bbox 2416 2677 2514 2730; x_wconf 82' lang='grc' dir='ltr'>καὶ</span> <span class='ocrx_word' id='word_1_349' title='bbox 2568 2678 2717 2747; x_wconf 76' lang='grc' dir='ltr'>πρὸς</span> <span class='ocrx_word' id='word_1_350' title='bbox 2780 2676 2922 2741; x_wconf 82' lang='grc' dir='ltr'>τοὺς</span> <span class='ocrx_word' id='word_1_351' title='bbox 2988 2676 3500 2745; x_wconf 82' lang='grc' dir='ltr'>δυσχεραίνοντας</span> 
     </span>
    </p>
   </div>
   <div class='ocr_carea' id='block_1_48' title="bbox 300 2757 3499 2839">
    <p class='ocr_par' dir='ltr' id='par_1_48' title="bbox 300 2757 3499 2839">
     <span class='ocr_line' id='line_1_48' title="bbox 300 2757 3499 2839; baseline 0.003 -31"><span class='ocrx_word' id='word_1_352' title='bbox 300 2757 454 2825; x_wconf 78' lang='grc' dir='ltr'>ὑπὲρ</span> <span class='ocrx_word' id='word_1_353' title='bbox 484 2757 593 2826; x_wconf 84' lang='grc' dir='ltr'>τῆς</span> <span class='ocrx_word' id='word_1_354' title='bbox 621 2761 1059 2832; x_wconf 78' lang='grc' dir='ltr'>βραχυλογίας,</span> <span class='ocrx_word' id='word_1_355' title='bbox 1101 2765 1199 2818; x_wconf 84' lang='grc' dir='ltr'>καὶ</span> <span class='ocrx_word' id='word_1_356' title='bbox 1229 2767 1359 2835; x_wconf 79' lang='grc' dir='ltr'>περὶ</span> <span class='ocrx_word' id='word_1_357' title='bbox 1387 2766 1498 2835; x_wconf 82' lang='grc' dir='ltr'>τῆς</span> <span class='ocrx_word' id='word_1_358' title='bbox 1528 2769 1635 2823; x_wconf 89' lang='grc' dir='ltr'>τοῦ</span> <span class='ocrx_word' id='word_1_359' title='bbox 1697 2769 1935 2824; x_wconf 83' lang='grc' dir='ltr'><em>Σαύλου</em></span> <span class='ocrx_word' id='word_1_360' title='bbox 1998 2772 2405 2839; x_wconf 78' lang='grc' dir='ltr'>προσηγορίας</span> <span class='ocrx_word' id='word_1_361' title='bbox 2466 2769 2565 2822; x_wconf 78' lang='grc' dir='ltr'>καὶ</span> <span class='ocrx_word' id='word_1_362' title='bbox 2626 2770 2871 2823; x_wconf 80' lang='grc' dir='ltr'><em>Παύλου</em></span> <span class='ocrx_word' id='word_1_363' title='bbox 2898 2809 2913 2831; x_wconf 92' lang='grc'>,</span> <span class='ocrx_word' id='word_1_364' title='bbox 2976 2767 3076 2821; x_wconf 78' lang='grc' dir='ltr'>καὶ</span> <span class='ocrx_word' id='word_1_365' title='bbox 3154 2767 3318 2832; x_wconf 86' lang='grc' dir='ltr'>τίνος</span> <span class='ocrx_word' id='word_1_366' title='bbox 3370 2766 3499 2820; x_wconf 76' lang='grc' dir='ltr'>ἔνε-</span> 
     </span>
    </p>
   </div>
   <div class='ocr_carea' id='block_1_49' title="bbox 299 2851 3496 2930">
    <p class='ocr_par' dir='ltr' id='par_1_49' title="bbox 299 2851 3496 2930">
     <span class='ocr_line' id='line_1_49' title="bbox 299 2851 3496 2930; baseline 0.004 -29"><span class='ocrx_word' id='word_1_367' title='bbox 299 2866 408 2901; x_wconf 83' lang='grc' dir='ltr'>κεν</span> <span class='ocrx_word' id='word_1_368' title='bbox 459 2851 634 2921; x_wconf 77' lang='grc' dir='ltr'>Ἀδὰμ</span> <span class='ocrx_word' id='word_1_369' title='bbox 684 2857 715 2907; x_wconf 85' lang='grc' dir='ltr'>ό</span> <span class='ocrx_word' id='word_1_370' title='bbox 770 2853 1001 2921; x_wconf 85' lang='grc' dir='ltr'>πρῶτος</span> <span class='ocrx_word' id='word_1_371' title='bbox 1044 2856 1355 2924; x_wconf 77' lang='grc' dir='ltr'>ἅνθρωπος</span> <span class='ocrx_word' id='word_1_372' title='bbox 1394 2860 1659 2928; x_wconf 76' lang='grc' dir='ltr'>ἐκλήθη,</span> <span class='ocrx_word' id='word_1_373' title='bbox 1717 2861 1807 2913; x_wconf 81' lang='grc' dir='ltr'>ὅτι</span> <span class='ocrx_word' id='word_1_374' title='bbox 1880 2864 2186 2930; x_wconf 77' lang='grc' dir='ltr'>χρησίμως</span> <span class='ocrx_word' id='word_1_375' title='bbox 2225 2863 2322 2914; x_wconf 81' lang='grc' dir='ltr'>καὶ</span> <span class='ocrx_word' id='word_1_376' title='bbox 2373 2863 2822 2930; x_wconf 53' lang='grc' dir='ltr'>συμφερόντως,</span> <span class='ocrx_word' id='word_1_377' title='bbox 2872 2861 2968 2914; x_wconf 73' lang='grc' dir='ltr'>καὶ</span> <span class='ocrx_word' id='word_1_378' title='bbox 3008 2863 3095 2925; x_wconf 85' lang='grc' dir='ltr'>εὶς</span> <span class='ocrx_word' id='word_1_379' title='bbox 3157 2860 3300 2925; x_wconf 86' lang='grc' dir='ltr'>τοὺς</span> <span class='ocrx_word' id='word_1_380' title='bbox 3364 2876 3496 2913; x_wconf 84' lang='grc' dir='ltr'>νεο-</span> 
     </span>
    </p>
   </div>
   <div class='ocr_carea' id='block_1_50' title="bbox 298 2941 655 3007">
    <p class='ocr_par' dir='ltr' id='par_1_50' title="bbox 298 2941 655 3007">
     <span class='ocr_line' id='line_1_50' title="bbox 298 2941 655 3007; baseline 0.011 -15"><span class='ocrx_word' id='word_1_381' title='bbox 298 2941 655 3007; x_wconf 61' lang='grc' dir='ltr'>φωτίστους.</span> 
     </span>
    </p>
   </div>
   <div class='ocr_carea' id='block_1_51' title="bbox 299 3163 1816 3252">
    <p class='ocr_par' dir='ltr' id='par_1_51' title="bbox 299 3163 1816 3252">
     <span class='ocr_line' id='line_1_51' title="bbox 299 3163 1816 3252; baseline 0.013 -37"><span class='ocrx_word' id='word_1_382' title='bbox 299 3164 371 3217; x_wconf 85' lang='grc' dir='ltr'>α’.</span> <span class='ocrx_word' id='word_1_383' title='bbox 487 3183 620 3252; x_wconf 76' lang='grc' dir='ltr'>ποτε</span> <span class='ocrx_word' id='word_1_384' title='bbox 664 3168 772 3240; x_wconf 79' lang='grc' dir='ltr'>ἄρα</span> <span class='ocrx_word' id='word_1_385' title='bbox 787 3175 891 3243; x_wconf 79' lang='grc' dir='ltr'>χρὴ</span> <span class='ocrx_word' id='word_1_386' title='bbox 913 3176 1059 3244; x_wconf 79' lang='grc' dir='ltr'>ἡμᾶς</span> <span class='ocrx_word' id='word_1_387' title='bbox 1080 3175 1306 3244; x_wconf 84' lang='grc' dir='ltr'>ποιῆσαι</span> <span class='ocrx_word' id='word_1_388' title='bbox 1328 3177 1593 3248; x_wconf 81' lang='grc' dir='ltr'>τήμερον;</span> <span class='ocrx_word' id='word_1_389' title='bbox 1622 3181 1695 3234; x_wconf 88' lang='grc' dir='ltr'><strong>Τὸ</strong></span> <span class='ocrx_word' id='word_1_390' title='bbox 1713 3183 1816 3252; x_wconf 85' lang='grc' dir='ltr'>μὲν</span> 
     </span>
    </p>
   </div>
   <div class='ocr_carea' id='block_1_52' title="bbox 229 3247 1811 3331">
    <p class='ocr_par' dir='ltr' id='par_1_52' title="bbox 229 3247 1811 3331">
     <span class='ocr_line' id='line_1_52' title="bbox 229 3247 1811 3331; baseline 0.015 -34"><span class='ocrx_word' id='word_1_391' title='bbox 229 3247 337 3317; x_wconf 70' lang='grc' dir='ltr'>γὰρ</span> <span class='ocrx_word' id='word_1_392' title='bbox 364 3248 571 3319; x_wconf 76' lang='grc' dir='ltr'>πλῆθος</span> <span class='ocrx_word' id='word_1_393' title='bbox 595 3251 747 3321; x_wconf 88' lang='grc' dir='ltr'>ὑμῶν</span> <span class='ocrx_word' id='word_1_394' title='bbox 774 3256 933 3325; x_wconf 87' lang='grc' dir='ltr'>ὁρῶν,</span> <span class='ocrx_word' id='word_1_395' title='bbox 965 3257 1180 3311; x_wconf 85' lang='grc' dir='ltr'>δέδοικα</span> <span class='ocrx_word' id='word_1_396' title='bbox 1205 3259 1342 3329; x_wconf 81' lang='grc' dir='ltr'>πρὸς</span> <span class='ocrx_word' id='word_1_397' title='bbox 1371 3247 1546 3331; x_wconf 81' lang='grc' dir='ltr'>μῆκος</span> <span class='ocrx_word' id='word_1_398' title='bbox 1572 3247 1811 3320; x_wconf 85' lang='grc' dir='ltr'>ἐκτεῖναι</span> 
     </span>
    </p>
   </div>
   <div class='ocr_carea' id='block_1_53' title="bbox 230 3333 1812 3425">
    <p class='ocr_par' dir='ltr' id='par_1_53' title="bbox 230 3333 1812 3425">
     <span class='ocr_line' id='line_1_53' title="bbox 230 3333 1812 3425; baseline 0.015 -43"><span class='ocrx_word' id='word_1_399' title='bbox 230 3333 320 3384; x_wconf 83' lang='grc' dir='ltr'>τὸν</span> <span class='ocrx_word' id='word_1_400' title='bbox 348 3333 544 3425; x_wconf 64' lang='grc' dir='ltr'>Δλόγον.</span> <span class='ocrx_word' id='word_1_401' title='bbox 572 3338 700 3425; x_wconf 27' lang='grc' dir='ltr'>’καὶ</span> <span class='ocrx_word' id='word_1_402' title='bbox 740 3340 848 3412; x_wconf 83' lang='grc' dir='ltr'>γὰρ</span> <span class='ocrx_word' id='word_1_403' title='bbox 890 3343 1020 3396; x_wconf 84' lang='grc' dir='ltr'>ὅταν</span> <span class='ocrx_word' id='word_1_404' title='bbox 1052 3344 1083 3413; x_wconf 83' lang='grc' dir='ltr'>ὴ</span> <span class='ocrx_word' id='word_1_405' title='bbox 1127 3344 1446 3401; x_wconf 87' lang='grc' dir='ltr'>διδασκαλία</span> <span class='ocrx_word' id='word_1_406' title='bbox 1486 3352 1812 3425; x_wconf 85' lang='grc' dir='ltr'>μακροτέρω</span> 
     </span>
    </p>
   </div>
   <div class='ocr_carea' id='block_1_54' title="bbox 228 3417 1811 3506">
    <p class='ocr_par' dir='ltr' id='par_1_54' title="bbox 228 3417 1811 3506">
     <span class='ocr_line' id='line_1_54' title="bbox 228 3417 1811 3506; baseline 0.013 -38"><span class='ocrx_word' id='word_1_407' title='bbox 228 3417 525 3506; x_wconf 79' lang='grc' dir='ltr'>προϐαίνῃ,</span> <span class='ocrx_word' id='word_1_408' title='bbox 716 3428 1206 3497; x_wconf 83' lang='grc' dir='ltr'>συμπατουμένους</span> <span class='ocrx_word' id='word_1_409' title='bbox 1247 3430 1413 3499; x_wconf 77' lang='grc' dir='ltr'>ὑμᾶς,</span> <span class='ocrx_word' id='word_1_410' title='bbox 1447 3417 1811 3506; x_wconf 81' lang='grc' dir='ltr'>στενοχωρου-</span> 
     </span>
    </p>
   </div>
   <div class='ocr_carea' id='block_1_55' title="bbox 232 3502 1812 3589">
    <p class='ocr_par' dir='ltr' id='par_1_55' title="bbox 232 3502 1812 3589">
     <span class='ocr_line' id='line_1_55' title="bbox 232 3502 1812 3589; baseline 0.011 -35"><span class='ocrx_word' id='word_1_411' title='bbox 232 3502 450 3589; x_wconf 79' lang='grc' dir='ltr'>μένους,</span> <span class='ocrx_word' id='word_1_412' title='bbox 486 3505 582 3558; x_wconf 74' lang='grc' dir='ltr'>καὶ</span> <span class='ocrx_word' id='word_1_413' title='bbox 606 3505 706 3576; x_wconf 76' lang='grc' dir='ltr'>τὴν</span> <span class='ocrx_word' id='word_1_414' title='bbox 741 3508 850 3561; x_wconf 80' lang='grc' dir='ltr'>ἀπὸ</span> <span class='ocrx_word' id='word_1_415' title='bbox 874 3510 974 3579; x_wconf 82' lang='grc' dir='ltr'>τῆς</span> <span class='ocrx_word' id='word_1_416' title='bbox 1009 3513 1368 3583; x_wconf 88' lang='grc' dir='ltr'>στενοχωρίας</span> <span class='ocrx_word' id='word_1_417' title='bbox 1405 3513 1585 3585; x_wconf 75' lang='grc' dir='ltr'>θλίψιν</span> <span class='ocrx_word' id='word_1_418' title='bbox 1605 3502 1699 3588; x_wconf 38' lang='grc' dir='ltr'>τῇ-</span> <span class='ocrx_word' id='word_1_419' title='bbox 1713 3522 1812 3589; x_wconf 81' lang='grc' dir='ltr'>τῆς</span> 
     </span>
    </p>
   </div>
   <div class='ocr_carea' id='block_1_56' title="bbox 229 3586 1812 3673">
    <p class='ocr_par' dir='ltr' id='par_1_56' title="bbox 229 3586 1812 3673">
     <span class='ocr_line' id='line_1_56' title="bbox 229 3586 1812 3673; baseline 0.013 -38"><span class='ocrx_word' id='word_1_420' title='bbox 229 3586 551 3673; x_wconf 81' lang='grc' dir='ltr'>ἀκροάσεως</span> <span class='ocrx_word' id='word_1_421' title='bbox 600 3589 857 3662; x_wconf 83' lang='grc' dir='ltr'>ἀκριϐείᾳ</span> <span class='ocrx_word' id='word_1_422' title='bbox 901 3593 1339 3665; x_wconf 86' lang='grc' dir='ltr'>λυμαινομένην·</span> <span class='ocrx_word' id='word_1_423' title='bbox 1392 3586 1679 3669; x_wconf 78' lang='grc' dir='ltr'>ἀκροατὴς</span> <span class='ocrx_word' id='word_1_424' title='bbox 1705 3586 1812 3673; x_wconf 74' lang='grc' dir='ltr'>γάρ</span> 
     </span>
    </p>
   </div>
   <div class='ocr_carea' id='block_1_57' title="bbox 229 3669 1807 3753">
    <p class='ocr_par' dir='ltr' id='par_1_57' title="bbox 229 3669 1807 3753">
     <span class='ocr_line' id='line_1_57' title="bbox 229 3669 1807 3753; baseline 0.009 -32"><span class='ocrx_word' id='word_1_425' title='bbox 229 3669 471 3734; x_wconf 81' lang='grc' dir='ltr'>ἀνέσεως</span> <span class='ocrx_word' id='word_1_426' title='bbox 518 3673 618 3726; x_wconf 87' lang='grc' dir='ltr'>οὐκ</span> <span class='ocrx_word' id='word_1_427' title='bbox 662 3674 973 3737; x_wconf 84' lang='grc' dir='ltr'>ἀπολαύων,</span> <span class='ocrx_word' id='word_1_428' title='bbox 1018 3678 1138 3730; x_wconf 87' lang='grc' dir='ltr'>ούδέ</span> <span class='ocrx_word' id='word_1_429' title='bbox 1184 3679 1320 3748; x_wconf 74' lang='grc' dir='ltr'>μετὰ</span> <span class='ocrx_word' id='word_1_430' title='bbox 1362 3681 1597 3750; x_wconf 84' lang='grc' dir='ltr'>σπουδῆς</span> <span class='ocrx_word' id='word_1_431' title='bbox 1640 3669 1807 3753; x_wconf 83' lang='grc' dir='ltr'>προσ-</span> 
     </span>
    </p>
   </div>
   <div class='ocr_carea' id='block_1_58' title="bbox 230 3752 1223 3828">
    <p class='ocr_par' dir='ltr' id='par_1_58' title="bbox 230 3752 1223 3828">
     <span class='ocr_line' id='line_1_58' title="bbox 230 3752 1223 3828; baseline 0.012 -25"><span class='ocrx_word' id='word_1_432' title='bbox 230 3752 379 3821; x_wconf 88' lang='grc' dir='ltr'>έχειν</span> <span class='ocrx_word' id='word_1_433' title='bbox 416 3758 529 3818; x_wconf 89' lang='grc' dir='ltr'>τοῖς</span> <span class='ocrx_word' id='word_1_434' title='bbox 557 3755 872 3828; x_wconf 85' lang='grc' dir='ltr'>λεγομένοις</span> <span class='ocrx_word' id='word_1_435' title='bbox 896 3760 1097 3814; x_wconf 82' lang='grc' dir='ltr'>δύναιτ’</span> <span class='ocrx_word' id='word_1_436' title='bbox 1137 3762 1223 3815; x_wconf 81' lang='grc' dir='ltr'>ἄν.</span> 
     </span>
    </p>
   </div>
   <div class='ocr_carea' id='block_1_59' title="bbox 303 3836 1813 3919">
    <p class='ocr_par' dir='ltr' id='par_1_59' title="bbox 303 3836 1813 3919">
     <span class='ocr_line' id='line_1_59' title="bbox 303 3836 1813 3919; baseline 0.009 -30"><span class='ocrx_word' id='word_1_437' title='bbox 303 3838 345 3888; x_wconf 88' lang='grc' dir='ltr'><strong>Τ</strong></span> <span class='ocrx_word' id='word_1_438' title='bbox 346 3838 375 3889; x_wconf 86' lang='grc' dir='ltr'>ὸ</span> <span class='ocrx_word' id='word_1_439' title='bbox 405 3840 503 3907; x_wconf 85' lang='grc' dir='ltr'>μὲν</span> <span class='ocrx_word' id='word_1_440' title='bbox 534 3836 626 3893; x_wconf 78' lang='grc' dir='ltr'>οὖν</span> <span class='ocrx_word' id='word_1_441' title='bbox 656 3842 857 3912; x_wconf 86' lang='grc' dir='ltr'>πλῆθος</span> <span class='ocrx_word' id='word_1_442' title='bbox 891 3844 1066 3913; x_wconf 84' lang='grc' dir='ltr'>ὑμῶν,</span> <span class='ocrx_word' id='word_1_443' title='bbox 1105 3846 1180 3910; x_wconf 87' lang='grc' dir='ltr'>ὠς</span> <span class='ocrx_word' id='word_1_444' title='bbox 1227 3846 1380 3916; x_wconf 77' lang='grc' dir='ltr'>ἔφην,</span> <span class='ocrx_word' id='word_1_445' title='bbox 1410 3848 1571 3919; x_wconf 87' lang='grc' dir='ltr'>ὁρῶν,</span> <span class='ocrx_word' id='word_1_446' title='bbox 1602 3849 1813 3902; x_wconf 84' lang='grc' dir='ltr'>δέδοικα</span> 
     </span>
    </p>
   </div>
   <div class='ocr_carea' id='block_1_60' title="bbox 231 3922 1813 4002">
    <p class='ocr_par' dir='ltr' id='par_1_60' title="bbox 231 3922 1813 4002">
     <span class='ocr_line' id='line_1_60' title="bbox 231 3922 1813 4002; baseline 0.008 -30"><span class='ocrx_word' id='word_1_447' title='bbox 231 3922 368 3993; x_wconf 78' lang='grc' dir='ltr'>πρὸς</span> <span class='ocrx_word' id='word_1_448' title='bbox 399 3925 575 3994; x_wconf 82' lang='grc' dir='ltr'>μῆκος</span> <span class='ocrx_word' id='word_1_449' title='bbox 619 3926 857 3980; x_wconf 80' lang='grc' dir='ltr'>ἐκτεῖναι</span> <span class='ocrx_word' id='word_1_450' title='bbox 898 3928 987 3981; x_wconf 85' lang='grc' dir='ltr'>τὸν</span> <span class='ocrx_word' id='word_1_451' title='bbox 1028 3929 1182 3996; x_wconf 75' lang='grc' dir='ltr'>λόγον</span> <span class='ocrx_word' id='word_1_452' title='bbox 1204 3948 1216 3960; x_wconf 82' lang='grc'><em>’</em></span> <span class='ocrx_word' id='word_1_453' title='bbox 1253 3931 1343 3983; x_wconf 79' lang='grc' dir='ltr'>τὸν</span> <span class='ocrx_word' id='word_1_454' title='bbox 1376 3931 1431 3983; x_wconf 80' lang='grc' dir='ltr'>δέ</span> <span class='ocrx_word' id='word_1_455' title='bbox 1464 3932 1625 3985; x_wconf 86' lang='grc' dir='ltr'>πόθον</span> <span class='ocrx_word' id='word_1_456' title='bbox 1660 3933 1813 4002; x_wconf 89' lang='grc' dir='ltr'>ὑμῶν</span> 
     </span>
    </p>
   </div>
   <div class='ocr_carea' id='block_1_61' title="bbox 228 4004 1813 4083">
    <p class='ocr_par' dir='ltr' id='par_1_61' title="bbox 228 4004 1813 4083">
     <span class='ocr_line' id='line_1_61' title="bbox 228 4004 1813 4083; baseline 0.008 -26"><span class='ocrx_word' id='word_1_457' title='bbox 228 4004 581 4076; x_wconf 79' lang='grc' dir='ltr'>λογιζόμενος</span> <span class='ocrx_word' id='word_1_458' title='bbox 606 4009 877 4081; x_wconf 86' lang='grc' dir='ltr'>φοϐοῦμαι</span> <span class='ocrx_word' id='word_1_459' title='bbox 910 4014 1183 4065; x_wconf 81' lang='grc' dir='ltr'>συστεῖλαι</span> <span class='ocrx_word' id='word_1_460' title='bbox 1214 4014 1311 4083; x_wconf 80' lang='grc' dir='ltr'>τὴν</span> <span class='ocrx_word' id='word_1_461' title='bbox 1344 4015 1711 4069; x_wconf 82' lang='grc' dir='ltr'>διδασκαλίαν.</span> <span class='ocrx_word' id='word_1_462' title='bbox 1754 4015 1813 4069; x_wconf 83' lang='grc' dir='ltr'><strong>Ὀ</strong></span> 
     </span>
    </p>
   </div>
   <div class='ocr_carea' id='block_1_62' title="bbox 229 4088 1814 4170">
    <p class='ocr_par' dir='ltr' id='par_1_62' title="bbox 229 4088 1814 4170">
     <span class='ocr_line' id='line_1_62' title="bbox 229 4088 1814 4170; baseline 0.006 -31"><span class='ocrx_word' id='word_1_463' title='bbox 229 4088 340 4157; x_wconf 72' lang='grc' dir='ltr'>γὰρ</span> <span class='ocrx_word' id='word_1_464' title='bbox 368 4089 557 4159; x_wconf 75' lang='grc' dir='ltr'>διψῶν,</span> <span class='ocrx_word' id='word_1_465' title='bbox 598 4091 694 4144; x_wconf 82' lang='grc' dir='ltr'>ἐὰν</span> <span class='ocrx_word' id='word_1_466' title='bbox 734 4094 808 4165; x_wconf 87' lang='grc' dir='ltr'>μὴ</span> <span class='ocrx_word' id='word_1_467' title='bbox 849 4095 1114 4166; x_wconf 85' lang='grc' dir='ltr'>πρότερον</span> <span class='ocrx_word' id='word_1_468' title='bbox 1141 4097 1580 4167; x_wconf 80' lang='grc' dir='ltr'>πεπληρωμένην</span> <span class='ocrx_word' id='word_1_469' title='bbox 1611 4097 1694 4170; x_wconf 83' lang='grc' dir='ltr'>ἴδῃ</span> <span class='ocrx_word' id='word_1_470' title='bbox 1716 4097 1814 4166; x_wconf 88' lang='grc' dir='ltr'>τὴν</span> 
     </span>
    </p>
   </div>
   <div class='ocr_carea' id='block_1_63' title="bbox 229 4172 1815 4251">
    <p class='ocr_par' dir='ltr' id='par_1_63' title="bbox 229 4172 1815 4251">
     <span class='ocr_line' id='line_1_63' title="bbox 229 4172 1815 4251; baseline 0.007 -28"><span class='ocrx_word' id='word_1_471' title='bbox 229 4172 451 4243; x_wconf 83' lang='grc' dir='ltr'>φιάλην,</span> <span class='ocrx_word' id='word_1_472' title='bbox 478 4175 598 4228; x_wconf 85' lang='grc' dir='ltr'>οῦδὲ</span> <span class='ocrx_word' id='word_1_473' title='bbox 623 4180 733 4239; x_wconf 87' lang='grc' dir='ltr'>τοῖς</span> <span class='ocrx_word' id='word_1_474' title='bbox 770 4178 1000 4248; x_wconf 77' lang='grc' dir='ltr'>χείλεσιν</span> <span class='ocrx_word' id='word_1_475' title='bbox 1027 4181 1196 4249; x_wconf 72' lang='grc' dir='ltr'>αὐτὴν</span> <span class='ocrx_word' id='word_1_476' title='bbox 1222 4182 1389 4251; x_wconf 83' lang='grc' dir='ltr'>ἡδέως</span> <span class='ocrx_word' id='word_1_477' title='bbox 1440 4182 1508 4233; x_wconf 83' lang='grc' dir='ltr'>ἂν</span> <span class='ocrx_word' id='word_1_478' title='bbox 1544 4181 1815 4250; x_wconf 77' lang='grc' dir='ltr'>προσαγά-</span> 
     </span>
    </p>
   </div>
   <div class='ocr_carea' id='block_1_64' title="bbox 227 4258 1806 4335">
    <p class='ocr_par' dir='ltr' id='par_1_64' title="bbox 227 4258 1806 4335">
     <span class='ocr_line' id='line_1_64' title="bbox 227 4258 1806 4335; baseline 0.007 -28"><span class='ocrx_word' id='word_1_479' title='bbox 227 4272 347 4324; x_wconf 90' lang='grc' dir='ltr'>γοι·</span> <span class='ocrx_word' id='word_1_480' title='bbox 381 4258 518 4311; x_wconf 82' lang='grc' dir='ltr'>ἀλλὰ</span> <span class='ocrx_word' id='word_1_481' title='bbox 554 4260 655 4313; x_wconf 81' lang='grc' dir='ltr'>κᾶν</span> <span class='ocrx_word' id='word_1_482' title='bbox 692 4263 765 4332; x_wconf 77' lang='grc' dir='ltr'>μὴ</span> <span class='ocrx_word' id='word_1_483' title='bbox 792 4264 973 4316; x_wconf 79' lang='grc' dir='ltr'>πᾶσαν</span> <span class='ocrx_word' id='word_1_484' title='bbox 1004 4265 1173 4335; x_wconf 84' lang='grc' dir='ltr'>αὑτὴν</span> <span class='ocrx_word' id='word_1_485' title='bbox 1201 4266 1443 4318; x_wconf 78' lang='grc' dir='ltr'>ἐκπίνειν</span> <span class='ocrx_word' id='word_1_486' title='bbox 1473 4265 1675 4335; x_wconf 81' lang='grc' dir='ltr'>μέλλοι,</span> <span class='ocrx_word' id='word_1_487' title='bbox 1700 4267 1806 4318; x_wconf 79' lang='grc' dir='ltr'>πά-</span> 
     </span>
    </p>
   </div>
   <div class='ocr_carea' id='block_1_65' title="bbox 230 4341 1813 4419">
    <p class='ocr_par' dir='ltr' id='par_1_65' title="bbox 230 4341 1813 4419">
     <span class='ocr_line' id='line_1_65' title="bbox 230 4341 1813 4419; baseline 0.005 -26"><span class='ocrx_word' id='word_1_488' title='bbox 230 4357 333 4393; x_wconf 88' lang='grc' dir='ltr'>σαν</span> <span class='ocrx_word' id='word_1_489' title='bbox 372 4341 543 4412; x_wconf 82' lang='grc' dir='ltr'>αὐτὴν</span> <span class='ocrx_word' id='word_1_490' title='bbox 572 4343 848 4413; x_wconf 85' lang='grc' dir='ltr'>γέμουσαν</span> <span class='ocrx_word' id='word_1_491' title='bbox 879 4346 1005 4399; x_wconf 76' lang='grc' dir='ltr'>ἰδεῖν</span> <span class='ocrx_word' id='word_1_492' title='bbox 1033 4346 1184 4419; x_wconf 70' lang='lat'>{108]</span> <span class='ocrx_word' id='word_1_493' title='bbox 1216 4349 1490 4419; x_wconf 88' lang='grc' dir='ltr'>ἐπιθυμεῖ.</span> <span class='ocrx_word' id='word_1_494' title='bbox 1528 4348 1625 4401; x_wconf 74' lang='grc' dir='ltr'>Διὰ</span> <span class='ocrx_word' id='word_1_495' title='bbox 1657 4350 1813 4401; x_wconf 83' lang='grc' dir='ltr'>τοῦτο</span> 
     </span>
    </p>
   </div>
   <div class='ocr_carea' id='block_1_66' title="bbox 226 4424 1809 4504">
    <p class='ocr_par' dir='ltr' id='par_1_66' title="bbox 226 4424 1809 4504">
     <span class='ocr_line' id='line_1_66' title="bbox 226 4424 1809 4504; baseline 0.009 -29"><span class='ocrx_word' id='word_1_496' title='bbox 226 4425 330 4476; x_wconf 82' lang='grc' dir='ltr'>οὑκ</span> <span class='ocrx_word' id='word_1_497' title='bbox 378 4424 489 4494; x_wconf 76' lang='grc' dir='ltr'>ἔχω</span> <span class='ocrx_word' id='word_1_498' title='bbox 534 4426 589 4479; x_wconf 88' lang='grc' dir='ltr'>τί</span> <span class='ocrx_word' id='word_1_499' title='bbox 634 4430 906 4499; x_wconf 82' lang='grc' dir='ltr'>χρήσομαι</span> <span class='ocrx_word' id='word_1_500' title='bbox 950 4433 1015 4500; x_wconf 75' lang='grc' dir='ltr'>τῇ</span> <span class='ocrx_word' id='word_1_501' title='bbox 1059 4430 1389 4502; x_wconf 78' lang='grc' dir='ltr'>δημηγορίᾳ.</span> <span class='ocrx_word' id='word_1_502' title='bbox 1441 4434 1550 4485; x_wconf 72' lang='grc' dir='ltr'>Καὶ</span> <span class='ocrx_word' id='word_1_503' title='bbox 1591 4434 1700 4504; x_wconf 82' lang='grc' dir='ltr'>γὰρ</span> <span class='ocrx_word' id='word_1_504' title='bbox 1746 4437 1809 4503; x_wconf 84' lang='grc' dir='ltr'>τῇ</span> 
     </span>
    </p>
   </div>
   <div class='ocr_carea' id='block_1_67' title="bbox 232 4509 1814 4589">
    <p class='ocr_par' dir='ltr' id='par_1_67' title="bbox 232 4509 1814 4589">
     <span class='ocr_line' id='line_1_67' title="bbox 232 4509 1814 4589; baseline 0.003 -26"><span class='ocrx_word' id='word_1_505' title='bbox 232 4509 570 4581; x_wconf 78' lang='grc' dir='ltr'>βραχυλογίᾳ</span> <span class='ocrx_word' id='word_1_506' title='bbox 594 4512 685 4564; x_wconf 86' lang='grc' dir='ltr'>τὸν</span> <span class='ocrx_word' id='word_1_507' title='bbox 710 4513 956 4583; x_wconf 89' lang='grc' dir='ltr'>κάματον</span> <span class='ocrx_word' id='word_1_508' title='bbox 987 4515 1389 4585; x_wconf 82' lang='grc' dir='ltr'>ὑποτέμνεσθαι</span> <span class='ocrx_word' id='word_1_509' title='bbox 1428 4517 1518 4569; x_wconf 87' lang='grc' dir='ltr'>τὸν</span> <span class='ocrx_word' id='word_1_510' title='bbox 1549 4518 1814 4589; x_wconf 86' lang='grc' dir='ltr'>ὑμέτερον</span> 
     </span>
    </p>
   </div>
   <div class='ocr_carea' id='block_1_68' title="bbox 230 4594 1814 4671">
    <p class='ocr_par' dir='ltr' id='par_1_68' title="bbox 230 4594 1814 4671">
     <span class='ocr_line' id='line_1_68' title="bbox 230 4594 1814 4671; baseline 0.003 -26"><span class='ocrx_word' id='word_1_511' title='bbox 230 4594 515 4664; x_wconf 81' lang='grc' dir='ltr'>βούλομαι,</span> <span class='ocrx_word' id='word_1_512' title='bbox 570 4597 763 4667; x_wconf 81' lang='grc' dir='ltr'>καὶτῷ</span> <span class='ocrx_word' id='word_1_513' title='bbox 808 4598 973 4668; x_wconf 84' lang='grc' dir='ltr'>μήκει</span> <span class='ocrx_word' id='word_1_514' title='bbox 1016 4603 1110 4655; x_wconf 82' lang='grc' dir='ltr'>τοῦ</span> <span class='ocrx_word' id='word_1_515' title='bbox 1154 4599 1313 4668; x_wconf 84' lang='grc' dir='ltr'>λόγου</span> <span class='ocrx_word' id='word_1_516' title='bbox 1359 4601 1457 4671; x_wconf 80' lang='grc' dir='ltr'>τὴν</span> <span class='ocrx_word' id='word_1_517' title='bbox 1520 4600 1814 4671; x_wconf 87' lang='grc' dir='ltr'>ἐπιθυμίαν</span> 
     </span>
    </p>
   </div>
   <div class='ocr_carea' id='block_1_69' title="bbox 228 4678 1813 4755">
    <p class='ocr_par' dir='ltr' id='par_1_69' title="bbox 228 4678 1813 4755">
     <span class='ocr_line' id='line_1_69' title="bbox 228 4678 1813 4755; baseline 0.005 -27"><span class='ocrx_word' id='word_1_518' title='bbox 228 4678 385 4746; x_wconf 88' lang='grc' dir='ltr'>ὑμῶν</span> <span class='ocrx_word' id='word_1_519' title='bbox 448 4680 751 4751; x_wconf 79' lang='grc' dir='ltr'>ἐμπλῆσαι.</span> <span class='ocrx_word' id='word_1_520' title='bbox 820 4682 959 4735; x_wconf 80' lang='grc' dir='ltr'>Ἀλλ’</span> <span class='ocrx_word' id='word_1_521' title='bbox 1015 4683 1252 4755; x_wconf 82' lang='grc' dir='ltr'>ἑκάτερα</span> <span class='ocrx_word' id='word_1_522' title='bbox 1320 4684 1581 4747; x_wconf 88' lang='grc' dir='ltr'>πολλάκις</span> <span class='ocrx_word' id='word_1_523' title='bbox 1640 4684 1813 4737; x_wconf 90' lang='grc' dir='ltr'>ταῦτα</span> 
     </span>
    </p>
   </div>
   <div class='ocr_carea' id='block_1_70' title="bbox 229 4761 1814 4837">
    <p class='ocr_par' dir='ltr' id='par_1_70' title="bbox 229 4761 1814 4837">
     <span class='ocr_line' id='line_1_70' title="bbox 229 4761 1814 4837; baseline 0.006 -25"><span class='ocrx_word' id='word_1_524' title='bbox 229 4761 500 4832; x_wconf 88' lang='grc' dir='ltr'>ἐποίησα,</span> <span class='ocrx_word' id='word_1_525' title='bbox 540 4765 633 4817; x_wconf 79' lang='grc' dir='ltr'>καὶ</span> <span class='ocrx_word' id='word_1_526' title='bbox 667 4766 790 4819; x_wconf 83' lang='grc' dir='ltr'>οὐδὲ</span> <span class='ocrx_word' id='word_1_527' title='bbox 828 4767 977 4832; x_wconf 78' lang='grc' dir='ltr'>ἆπαξ</span> <span class='ocrx_word' id='word_1_528' title='bbox 1019 4769 1119 4837; x_wconf 81' lang='grc' dir='ltr'>τὴν</span> <span class='ocrx_word' id='word_1_529' title='bbox 1150 4767 1332 4821; x_wconf 84' lang='grc' dir='ltr'>αἰτίαν</span> <span class='ocrx_word' id='word_1_530' title='bbox 1360 4769 1635 4837; x_wconf 87' lang='grc' dir='ltr'>διέφυγον.</span> <span class='ocrx_word' id='word_1_531' title='bbox 1682 4765 1814 4823; x_wconf 83' lang='grc' dir='ltr'>Οἶδα</span> 
     </span>
    </p>
   </div>
   <div class='ocr_carea' id='block_1_71' title="bbox 229 4845 1815 4922">
    <p class='ocr_par' dir='ltr' id='par_1_71' title="bbox 229 4845 1815 4922">
     <span class='ocr_line' id='line_1_71' title="bbox 229 4845 1815 4922; baseline 0.006 -26"><span class='ocrx_word' id='word_1_532' title='bbox 229 4845 313 4896; x_wconf 81' lang='grc' dir='ltr'>ὃτι</span> <span class='ocrx_word' id='word_1_533' title='bbox 358 4846 621 4911; x_wconf 87' lang='grc' dir='ltr'>πολλάκις</span> <span class='ocrx_word' id='word_1_534' title='bbox 652 4849 965 4919; x_wconf 78' lang='grc' dir='ltr'>φειδόμενος</span> <span class='ocrx_word' id='word_1_535' title='bbox 1003 4851 1156 4920; x_wconf 86' lang='grc' dir='ltr'>ὑμῶν</span> <span class='ocrx_word' id='word_1_536' title='bbox 1184 4851 1290 4922; x_wconf 81' lang='grc' dir='ltr'>πρὸ</span> <span class='ocrx_word' id='word_1_537' title='bbox 1322 4852 1417 4904; x_wconf 90' lang='grc' dir='ltr'>τοῦ</span> <span class='ocrx_word' id='word_1_538' title='bbox 1448 4853 1632 4916; x_wconf 86' lang='grc' dir='ltr'>τέλους</span> <span class='ocrx_word' id='word_1_539' title='bbox 1680 4871 1815 4906; x_wconf 86' lang='grc' dir='ltr'>κατ-</span> 
     </span>
    </p>
   </div>
   <div class='ocr_carea' id='block_1_72' title="bbox 230 4928 1813 5006">
    <p class='ocr_par' dir='ltr' id='par_1_72' title="bbox 230 4928 1813 5006">
     <span class='ocr_line' id='line_1_72' title="bbox 230 4928 1813 5006; baseline 0.005 -27"><span class='ocrx_word' id='word_1_540' title='bbox 230 4928 400 4981; x_wconf 86' lang='grc' dir='ltr'>έλυσα</span> <span class='ocrx_word' id='word_1_541' title='bbox 437 4929 530 4982; x_wconf 77' lang='grc' dir='ltr'>τὸν</span> <span class='ocrx_word' id='word_1_542' title='bbox 578 4931 756 5001; x_wconf 87' lang='grc' dir='ltr'>λόγον,</span> <span class='ocrx_word' id='word_1_543' title='bbox 808 4935 901 4987; x_wconf 76' lang='grc' dir='ltr'>καὶ</span> <span class='ocrx_word' id='word_1_544' title='bbox 950 4934 1289 5006; x_wconf 89' lang='grc' dir='ltr'>κατεϐόησαν</span> <span class='ocrx_word' id='word_1_545' title='bbox 1331 4934 1489 5005; x_wconf 80' lang='grc' dir='ltr'>ἡμῶν</span> <span class='ocrx_word' id='word_1_546' title='bbox 1540 4938 1589 4988; x_wconf 84' lang='grc' dir='ltr'>οἱ</span> <span class='ocrx_word' id='word_1_547' title='bbox 1635 4935 1813 5006; x_wconf 72' lang='grc' dir='ltr'>ψυχὴν</span> 
     </span>
    </p>
   </div>
   <div class='ocr_carea' id='block_1_73' title="bbox 231 5012 1812 5090">
    <p class='ocr_par' dir='ltr' id='par_1_73' title="bbox 231 5012 1812 5090">
     <span class='ocr_line' id='line_1_73' title="bbox 231 5012 1812 5090; baseline 0.005 -27"><span class='ocrx_word' id='word_1_548' title='bbox 231 5012 530 5083; x_wconf 84' lang='grc' dir='ltr'>ἀκόρεστον</span> <span class='ocrx_word' id='word_1_549' title='bbox 556 5015 808 5087; x_wconf 76' lang='grc' dir='ltr'>ἔχοντες,</span> <span class='ocrx_word' id='word_1_550' title='bbox 843 5020 892 5071; x_wconf 88' lang='grc' dir='ltr'>οἰ</span> <span class='ocrx_word' id='word_1_551' title='bbox 930 5018 1174 5090; x_wconf 90' lang='grc' dir='ltr'>συνεχῶς</span> <span class='ocrx_word' id='word_1_552' title='bbox 1205 5021 1304 5090; x_wconf 86' lang='grc' dir='ltr'>μὲν</span> <span class='ocrx_word' id='word_1_553' title='bbox 1332 5020 1438 5073; x_wconf 91' lang='grc' dir='ltr'>τῶν</span> <span class='ocrx_word' id='word_1_554' title='bbox 1472 5019 1632 5073; x_wconf 88' lang='grc' dir='ltr'>θείων</span> <span class='ocrx_word' id='word_1_555' title='bbox 1672 5021 1812 5073; x_wconf 84' lang='grc' dir='ltr'>ἁπο-</span> 
     </span>
    </p>
   </div>
   <div class='ocr_carea' id='block_1_74' title="bbox 231 5094 1811 5174">
    <p class='ocr_par' dir='ltr' id='par_1_74' title="bbox 231 5094 1811 5174">
     <span class='ocr_line' id='line_1_74' title="bbox 231 5094 1811 5174; baseline 0.006 -29"><span class='ocrx_word' id='word_1_556' title='bbox 231 5094 491 5160; x_wconf 79' lang='grc' dir='ltr'>λαύοντες</span> <span class='ocrx_word' id='word_1_557' title='bbox 542 5101 820 5170; x_wconf 88' lang='grc' dir='ltr'>ναμάτων,</span> <span class='ocrx_word' id='word_1_558' title='bbox 869 5103 1123 5155; x_wconf 80' lang='grc' dir='ltr'>οὐδέποτε</span> <span class='ocrx_word' id='word_1_559' title='bbox 1175 5102 1235 5156; x_wconf 89' lang='grc' dir='ltr'>δέ</span> <span class='ocrx_word' id='word_1_560' title='bbox 1274 5102 1701 5174; x_wconf 84' lang='grc' dir='ltr'>ἐμπιπλάμενοι,</span> <span class='ocrx_word' id='word_1_561' title='bbox 1762 5104 1811 5157; x_wconf 86' lang='grc' dir='ltr'>οί</span> 
     </span>
    </p>
   </div>
   <div class='ocr_carea' id='block_1_75' title="bbox 232 5179 1815 5253">
    <p class='ocr_par' dir='ltr' id='par_1_75' title="bbox 232 5179 1815 5253">
     <span class='ocr_line' id='line_1_75' title="bbox 232 5179 1815 5253; baseline 0.005 -22"><span class='ocrx_word' id='word_1_562' title='bbox 232 5179 525 5247; x_wconf 81' lang='grc' dir='ltr'>Μακάριοι</span> <span class='ocrx_word' id='word_1_563' title='bbox 579 5183 832 5249; x_wconf 81' lang='grc' dir='ltr'>ἐκεῖνοι,</span> <span class='ocrx_word' id='word_1_564' title='bbox 894 5190 948 5239; x_wconf 81' lang='grc' dir='ltr'>οἱ</span> <span class='ocrx_word' id='word_1_565' title='bbox 1003 5185 1326 5252; x_wconf 77' lang='grc' dir='ltr'>πεινῶντες</span> <span class='ocrx_word' id='word_1_566' title='bbox 1376 5187 1475 5240; x_wconf 80' lang='grc' dir='ltr'>καὶ</span> <span class='ocrx_word' id='word_1_567' title='bbox 1520 5186 1815 5253; x_wconf 67' lang='grc' dir='ltr'>διψῶντες</span> 
     </span>
    </p>
   </div>
   <div class='ocr_carea' id='block_1_76' title="bbox 231 5262 1815 5340">
    <p class='ocr_par' dir='ltr' id='par_1_76' title="bbox 231 5262 1815 5340">
     <span class='ocr_line' id='line_1_76' title="bbox 231 5262 1815 5340; baseline 0.006 -27"><span class='ocrx_word' id='word_1_568' title='bbox 231 5262 345 5330; x_wconf 80' lang='grc' dir='ltr'>τὴν</span> <span class='ocrx_word' id='word_1_569' title='bbox 372 5263 802 5335; x_wconf 77' lang='grc' dir='ltr'>δικαιοσύνην,</span> <span class='ocrx_word' id='word_1_570' title='bbox 856 5271 951 5323; x_wconf 80' lang='grc' dir='ltr'>καὶ</span> <span class='ocrx_word' id='word_1_571' title='bbox 991 5271 1089 5335; x_wconf 78' lang='grc' dir='ltr'>τὰς</span> <span class='ocrx_word' id='word_1_572' title='bbox 1122 5271 1275 5339; x_wconf 76' lang='grc' dir='ltr'>παρὰ</span> <span class='ocrx_word' id='word_1_573' title='bbox 1301 5269 1507 5323; x_wconf 86' lang='grc' dir='ltr'>τούτων</span> <span class='ocrx_word' id='word_1_574' title='bbox 1545 5271 1815 5340; x_wconf 82' lang='grc' dir='ltr'>καταϐοή-</span> 
     </span>
    </p>
   </div>
   <div class='ocr_carea' id='block_1_77' title="bbox 234 5346 1813 5424">
    <p class='ocr_par' dir='ltr' id='par_1_77' title="bbox 234 5346 1813 5424">
     <span class='ocr_line' id='line_1_77' title="bbox 234 5346 1813 5424; baseline 0.006 -27"><span class='ocrx_word' id='word_1_575' title='bbox 234 5362 346 5409; x_wconf 90' lang='grc' dir='ltr'>σεις</span> <span class='ocrx_word' id='word_1_576' title='bbox 376 5346 640 5417; x_wconf 79' lang='grc' dir='ltr'>φοϐηθεὶς</span> <span class='ocrx_word' id='word_1_577' title='bbox 680 5352 841 5405; x_wconf 89' lang='grc' dir='ltr'>πάλιν</span> <span class='ocrx_word' id='word_1_578' title='bbox 874 5354 1140 5423; x_wconf 78' lang='grc' dir='ltr'>προῆλθον</span> <span class='ocrx_word' id='word_1_579' title='bbox 1173 5355 1333 5424; x_wconf 86' lang='grc' dir='ltr'>μέχρι</span> <span class='ocrx_word' id='word_1_580' title='bbox 1374 5353 1569 5407; x_wconf 86' lang='grc' dir='ltr'>πολλοῦ</span> <span class='ocrx_word' id='word_1_581' title='bbox 1607 5355 1706 5424; x_wconf 84' lang='grc' dir='ltr'>τὴν</span> <span class='ocrx_word' id='word_1_582' title='bbox 1732 5354 1813 5406; x_wconf 85' lang='grc' dir='ltr'>δι-</span> 
     </span>
    </p>
   </div>
   <div class='ocr_carea' id='block_1_78' title="bbox 232 5429 1809 5506">
    <p class='ocr_par' dir='ltr' id='par_1_78' title="bbox 232 5429 1809 5506">
     <span class='ocr_line' id='line_1_78' title="bbox 232 5429 1809 5506; baseline 0.007 -25"><span class='ocrx_word' id='word_1_583' title='bbox 232 5429 534 5484; x_wconf 85' lang='grc' dir='ltr'>δασκαλίαν</span> <span class='ocrx_word' id='word_1_584' title='bbox 564 5435 840 5499; x_wconf 88' lang='grc' dir='ltr'>ἐκτείνων,</span> <span class='ocrx_word' id='word_1_585' title='bbox 882 5437 976 5489; x_wconf 71' lang='grc' dir='ltr'>καὶ</span> <span class='ocrx_word' id='word_1_586' title='bbox 1010 5437 1099 5491; x_wconf 84' lang='grc' dir='ltr'>διὰ</span> <span class='ocrx_word' id='word_1_587' title='bbox 1123 5438 1282 5491; x_wconf 89' lang='grc' dir='ltr'>τοῦτο</span> <span class='ocrx_word' id='word_1_588' title='bbox 1311 5438 1491 5490; x_wconf 81' lang='grc' dir='ltr'>αἰτίαν</span> <span class='ocrx_word' id='word_1_589' title='bbox 1520 5437 1809 5506; x_wconf 82' lang='grc' dir='ltr'>ὑπέμενον.</span> 
     </span>
    </p>
   </div>
   <div class='ocr_carea' id='block_1_79' title="bbox 234 5512 1813 5589">
    <p class='ocr_par' dir='ltr' id='par_1_79' title="bbox 234 5512 1813 5589">
     <span class='ocr_line' id='line_1_79' title="bbox 234 5512 1813 5589; baseline 0.005 -26"><span class='ocrx_word' id='word_1_590' title='bbox 234 5512 296 5563; x_wconf 74' lang='grc' dir='ltr'>(ιί</span> <span class='ocrx_word' id='word_1_591' title='bbox 317 5514 428 5584; x_wconf 85' lang='grc' dir='ltr'>γὰρ</span> <span class='ocrx_word' id='word_1_592' title='bbox 455 5512 817 5585; x_wconf 80' lang='grc' dir='ltr'>βραχυλογίας</span> <span class='ocrx_word' id='word_1_593' title='bbox 846 5520 1079 5589; x_wconf 81' lang='grc' dir='ltr'>ἐρῶντες</span> <span class='ocrx_word' id='word_1_594' title='bbox 1101 5522 1449 5582; x_wconf 85' lang='grc' dir='ltr'>ἀπαντῶντες</span> <span class='ocrx_word' id='word_1_595' title='bbox 1470 5519 1813 5589; x_wconf 79' lang='grc' dir='ltr'>παρεκάλουν</span> 
     </span>
    </p>
   </div>
   <div class='ocr_carea' id='block_1_80' title="bbox 232 5596 1811 5672">
    <p class='ocr_par' dir='ltr' id='par_1_80' title="bbox 232 5596 1811 5672">
     <span class='ocr_line' id='line_1_80' title="bbox 232 5596 1811 5672; baseline 0.004 -25"><span class='ocrx_word' id='word_1_596' title='bbox 232 5596 331 5665; x_wconf 79' lang='grc' dir='ltr'>τῆς</span> <span class='ocrx_word' id='word_1_597' title='bbox 360 5598 543 5651; x_wconf 78' lang='grc' dir='ltr'>αὐτῶν</span> <span class='ocrx_word' id='word_1_598' title='bbox 583 5600 865 5666; x_wconf 82' lang='grc' dir='ltr'>ἀσθενείας</span> <span class='ocrx_word' id='word_1_599' title='bbox 900 5604 1208 5672; x_wconf 85' lang='grc' dir='ltr'>φείδεσθαι,</span> <span class='ocrx_word' id='word_1_600' title='bbox 1260 5606 1351 5658; x_wconf 72' lang='grc' dir='ltr'>καὶ</span> <span class='ocrx_word' id='word_1_601' title='bbox 1400 5602 1707 5656; x_wconf 79' lang='grc' dir='ltr'>συστέλλειν</span> <span class='ocrx_word' id='word_1_602' title='bbox 1749 5601 1811 5654; x_wconf 79' lang='grc' dir='ltr'>τὸ</span> 
     </span>
    </p>
   </div>
   <div class='ocr_carea' id='block_1_81' title="bbox 238 5680 1813 5759">
    <p class='ocr_par' dir='ltr' id='par_1_81' title="bbox 238 5680 1813 5759">
     <span class='ocr_line' id='line_1_81' title="bbox 238 5680 1813 5759; baseline 0.003 -27"><span class='ocrx_word' id='word_1_603' title='bbox 238 5680 410 5747; x_wconf 75' lang='grc' dir='ltr'>μῆκος</span> <span class='ocrx_word' id='word_1_604' title='bbox 441 5681 554 5734; x_wconf 88' lang='grc' dir='ltr'>τῶν</span> <span class='ocrx_word' id='word_1_605' title='bbox 596 5683 926 5754; x_wconf 87' lang='grc' dir='ltr'>λεγομένων.</span> <span class='ocrx_word' id='word_1_606' title='bbox 956 5689 1125 5741; x_wconf 88' lang='grc' dir='ltr'>Ὅταν</span> <span class='ocrx_word' id='word_1_607' title='bbox 1169 5690 1266 5759; x_wconf 82' lang='grc' dir='ltr'>μὲν</span> <span class='ocrx_word' id='word_1_608' title='bbox 1316 5684 1408 5741; x_wconf 73' lang='grc' dir='ltr'>οὖν</span> <span class='ocrx_word' id='word_1_609' title='bbox 1454 5704 1813 5758; x_wconf 89' lang='grc' dir='ltr'>στενοχωρου-</span> 
     </span>
    </p>
   </div>
   <div class='ocr_carea' id='block_1_82' title="bbox 239 5767 1807 5841">
    <p class='ocr_par' dir='ltr' id='par_1_82' title="bbox 239 5767 1807 5841">
     <span class='ocr_line' id='line_1_82' title="bbox 239 5767 1807 5841; baseline 0.01 -34"><span class='ocrx_word' id='word_1_610' title='bbox 239 5767 433 5835; x_wconf 71' lang='grc' dir='ltr'>μένους</span> <span class='ocrx_word' id='word_1_611' title='bbox 469 5768 613 5837; x_wconf 71' lang='grc' dir='ltr'>ὑμᾶς</span> <span class='ocrx_word' id='word_1_612' title='bbox 648 5768 762 5832; x_wconf 86' lang='grc' dir='ltr'>ῖδω,</span> <span class='ocrx_word' id='word_1_613' title='bbox 800 5770 934 5841; x_wconf 70' lang='grc' dir='ltr'>πρὸς</span> <span class='ocrx_word' id='word_1_614' title='bbox 968 5772 1121 5839; x_wconf 77' lang='grc' dir='ltr'>σιγὴν</span> <span class='ocrx_word' id='word_1_615' title='bbox 1161 5772 1467 5826; x_wconf 78' lang='grc' dir='ltr'>συνελαύνω</span> <span class='ocrx_word' id='word_1_616' title='bbox 1496 5772 1584 5824; x_wconf 74' lang='grc' dir='ltr'>τδν</span> <span class='ocrx_word' id='word_1_617' title='bbox 1619 5771 1773 5840; x_wconf 80' lang='grc' dir='ltr'>λόγον</span> <span class='ocrx_word' id='word_1_618' title='bbox 1795 5788 1807 5800; x_wconf 91' lang='grc'>·</span> 
     </span>
    </p>
   </div>
   <div class='ocr_carea' id='block_1_83' title="bbox 548 5872 1112 5934">
    <p class='ocr_par' dir='ltr' id='par_1_83' title="bbox 548 5872 1112 5934">
     <span class='ocr_line' id='line_1_83' title="bbox 548 5872 1112 5934; baseline -0.009 0"><span class='ocrx_word' id='word_1_619' title='bbox 548 5874 820 5934; x_wconf 74' lang='grc' dir='ltr'>ΡΑτιιοι..</span> <span class='ocrx_word' id='word_1_620' title='bbox 852 5872 971 5932; x_wconf 76' lang='lat' dir='ltr'>Gn.</span> <span class='ocrx_word' id='word_1_621' title='bbox 1016 5872 1112 5930; x_wconf 86' lang='lat' dir='ltr'>LI.</span> 
     </span>
    </p>
   </div>
   <div class='ocr_carea' id='block_1_84' title="bbox 1842 3053 1912 3065">
    <p class='ocr_par' dir='ltr' id='par_1_84' title="bbox 1842 3053 1912 3065">
     <span class='ocr_line' id='line_1_84' title="bbox 1842 3053 1912 3065; baseline 0 -3"><span class='ocrx_word' id='word_1_622' title='bbox 1842 3053 1912 3065; x_wconf 65' lang='lat'>.—</span> 
     </span>
    </p>
   </div>
   <div class='ocr_carea' id='block_1_85' title="bbox 1916 3173 3493 3250">
    <p class='ocr_par' dir='ltr' id='par_1_85' title="bbox 1916 3173 3493 3250">
     <span class='ocr_line' id='line_1_85' title="bbox 1916 3173 3493 3250; baseline -0.008 -12"><span class='ocrx_word' id='word_1_623' title='bbox 1916 3188 2043 3238; x_wconf 79' lang='grc' dir='ltr'>ὅταν</span> <span class='ocrx_word' id='word_1_624' title='bbox 2084 3183 2141 3235; x_wconf 79' lang='grc' dir='ltr'>δὲ</span> <span class='ocrx_word' id='word_1_625' title='bbox 2184 3178 2740 3250; x_wconf 81' lang='grc' dir='ltr'>στενοχωρουμένους.</span> <span class='ocrx_word' id='word_1_626' title='bbox 2788 3176 2881 3229; x_wconf 65' lang='grc' dir='ltr'>καὶ</span> <span class='ocrx_word' id='word_1_627' title='bbox 2923 3176 3021 3228; x_wconf 80' lang='grc' dir='ltr'>οὐκ</span> <span class='ocrx_word' id='word_1_628' title='bbox 3058 3173 3493 3243; x_wconf 83' lang='grc' dir='ltr'>ἀφισταμένους,</span> 
     </span>
    </p>
   </div>
   <div class='ocr_carea' id='block_1_86' title="bbox 1916 3256 3497 3336">
    <p class='ocr_par' dir='ltr' id='par_1_86' title="bbox 1916 3256 3497 3336">
     <span class='ocr_line' id='line_1_86' title="bbox 1916 3256 3497 3336; baseline -0.008 -15"><span class='ocrx_word' id='word_1_629' title='bbox 1916 3268 2031 3323; x_wconf 80' lang='grc' dir='ltr'>ἀλλ’</span> <span class='ocrx_word' id='word_1_630' title='bbox 2062 3264 2513 3336; x_wconf 83' lang='grc' dir='ltr'>ἐκκρεμαμένους</span> <span class='ocrx_word' id='word_1_631' title='bbox 2537 3264 2671 3333; x_wconf 81' lang='grc' dir='ltr'>πρὸς</span> <span class='ocrx_word' id='word_1_632' title='bbox 2700 3262 2920 3314; x_wconf 84' lang='grc' dir='ltr'>πλείονα</span> <span class='ocrx_word' id='word_1_633' title='bbox 2946 3259 3166 3331; x_wconf 85' lang='grc' dir='ltr'>δρόμον,</span> <span class='ocrx_word' id='word_1_634' title='bbox 3196 3259 3293 3328; x_wconf 79' lang='grc' dir='ltr'>τὴν</span> <span class='ocrx_word' id='word_1_635' title='bbox 3324 3256 3497 3326; x_wconf 72' lang='grc' dir='ltr'>γλῶτ-</span> 
     </span>
    </p>
   </div>
   <div class='ocr_carea' id='block_1_87' title="bbox 1915 3339 3498 3419">
    <p class='ocr_par' dir='ltr' id='par_1_87' title="bbox 1915 3339 3498 3419">
     <span class='ocr_line' id='line_1_87' title="bbox 1915 3339 3498 3419; baseline -0.01 -13"><span class='ocrx_word' id='word_1_636' title='bbox 1915 3371 2013 3406; x_wconf 88' lang='grc' dir='ltr'>ταν</span> <span class='ocrx_word' id='word_1_637' title='bbox 2061 3349 2347 3419; x_wconf 85' lang='grc' dir='ltr'>διεγείρειν</span> <span class='ocrx_word' id='word_1_638' title='bbox 2389 3345 2657 3416; x_wconf 87' lang='grc' dir='ltr'>ἐπιθυμῶ.</span> <span class='ocrx_word' id='word_1_639' title='bbox 2706 3344 2896 3398; x_wconf 86' lang='grc' dir='ltr'>Στενά</span> <span class='ocrx_word' id='word_1_640' title='bbox 2932 3361 3031 3412; x_wconf 84' lang='grc' dir='ltr'>μοι</span> <span class='ocrx_word' id='word_1_641' title='bbox 3069 3342 3379 3395; x_wconf 79' lang='grc' dir='ltr'>πάντοθεν.</span> <span class='ocrx_word' id='word_1_642' title='bbox 3431 3339 3498 3391; x_wconf 86' lang='grc' dir='ltr'>Τί</span> 
     </span>
    </p>
   </div>
   <div class='ocr_carea' id='block_1_88' title="bbox 1917 3424 3499 3501">
    <p class='ocr_par' dir='ltr' id='par_1_88' title="bbox 1917 3424 3499 3501">
     <span class='ocr_line' id='line_1_88' title="bbox 1917 3424 3499 3501; baseline -0.009 -12"><span class='ocrx_word' id='word_1_643' title='bbox 1917 3436 2103 3500; x_wconf 89' lang='grc' dir='ltr'>πάθω;</span> <span class='ocrx_word' id='word_1_644' title='bbox 2166 3432 2223 3484; x_wconf 85' lang='grc'>’0</span> <span class='ocrx_word' id='word_1_645' title='bbox 2276 3432 2374 3501; x_wconf 79' lang='grc' dir='ltr'>μὲν</span> <span class='ocrx_word' id='word_1_646' title='bbox 2418 3429 2527 3499; x_wconf 78' lang='grc' dir='ltr'>γὰρ</span> <span class='ocrx_word' id='word_1_647' title='bbox 2574 3429 2654 3481; x_wconf 71' lang='grc' dir='ltr'>ἐνὶ</span> <span class='ocrx_word' id='word_1_648' title='bbox 2701 3426 2965 3479; x_wconf 86' lang='grc' dir='ltr'>δουλεύων</span> <span class='ocrx_word' id='word_1_649' title='bbox 3013 3426 3207 3495; x_wconf 83' lang='grc' dir='ltr'>κυρίῳ,</span> <span class='ocrx_word' id='word_1_650' title='bbox 3255 3424 3348 3476; x_wconf 73' lang='grc' dir='ltr'>καὶ</span> <span class='ocrx_word' id='word_1_651' title='bbox 3400 3424 3499 3493; x_wconf 81' lang='grc' dir='ltr'>μιᾷ</span> 
     </span>
    </p>
   </div>
   <div class='ocr_carea' id='block_1_89' title="bbox 1914 3507 3498 3590">
    <p class='ocr_par' dir='ltr' id='par_1_89' title="bbox 1914 3507 3498 3590">
     <span class='ocr_line' id='line_1_89' title="bbox 1914 3507 3498 3590; baseline -0.009 -18"><span class='ocrx_word' id='word_1_652' title='bbox 1914 3517 2108 3590; x_wconf 83' lang='grc' dir='ltr'>γνώμῃ</span> <span class='ocrx_word' id='word_1_653' title='bbox 2164 3517 2458 3587; x_wconf 80' lang='grc' dir='ltr'>ὑπηρετεῖν</span> <span class='ocrx_word' id='word_1_654' title='bbox 2521 3510 2961 3582; x_wconf 82' lang='grc' dir='ltr'>ἀναγκαζόμενος</span> <span class='ocrx_word' id='word_1_655' title='bbox 2990 3550 3005 3573; x_wconf 94' lang='grc'>,</span> <span class='ocrx_word' id='word_1_656' title='bbox 3067 3510 3183 3580; x_wconf 84' lang='grc' dir='ltr'>μετ’</span> <span class='ocrx_word' id='word_1_657' title='bbox 3248 3507 3498 3568; x_wconf 78' lang='grc' dir='ltr'>εὐκολίας</span> 
     </span>
    </p>
   </div>
   <div class='ocr_carea' id='block_1_90' title="bbox 1915 3593 3497 3674">
    <p class='ocr_par' dir='ltr' id='par_1_90' title="bbox 1915 3593 3497 3674">
     <span class='ocr_line' id='line_1_90' title="bbox 1915 3593 3497 3674; baseline -0.008 -19"><span class='ocrx_word' id='word_1_658' title='bbox 1915 3602 2168 3674; x_wconf 87' lang='grc' dir='ltr'>ἀρέσκειν</span> <span class='ocrx_word' id='word_1_659' title='bbox 2196 3598 2419 3652; x_wconf 90' lang='grc' dir='ltr'>δύναται</span> <span class='ocrx_word' id='word_1_660' title='bbox 2450 3596 2529 3667; x_wconf 80' lang='grc' dir='ltr'>τῷ</span> <span class='ocrx_word' id='word_1_661' title='bbox 2553 3596 2809 3668; x_wconf 82' lang='grc' dir='ltr'>δεσπότῃ,</span> <span class='ocrx_word' id='word_1_662' title='bbox 2842 3596 2934 3648; x_wconf 73' lang='grc' dir='ltr'>καὶ</span> <span class='ocrx_word' id='word_1_663' title='bbox 2964 3594 3038 3665; x_wconf 86' lang='grc' dir='ltr'>μὴ</span> <span class='ocrx_word' id='word_1_664' title='bbox 3069 3593 3459 3664; x_wconf 87' lang='grc' dir='ltr'>διαμαρτάνειν</span> <span class='ocrx_word' id='word_1_665' title='bbox 3481 3608 3497 3621; x_wconf 91' lang='grc'>·</span> 
     </span>
    </p>
   </div>
   <div class='ocr_carea' id='block_1_91' title="bbox 1919 3675 3497 3753">
    <p class='ocr_par' dir='ltr' id='par_1_91' title="bbox 1919 3675 3497 3753">
     <span class='ocr_line' id='line_1_91' title="bbox 1919 3675 3497 3753; baseline -0.008 -14"><span class='ocrx_word' id='word_1_666' title='bbox 1919 3685 2032 3753; x_wconf 87' lang='grc' dir='ltr'>ἐγὼ</span> <span class='ocrx_word' id='word_1_667' title='bbox 2061 3685 2118 3737; x_wconf 89' lang='grc' dir='ltr'>δέ</span> <span class='ocrx_word' id='word_1_668' title='bbox 2148 3683 2376 3745; x_wconf 79' lang='grc' dir='ltr'>πολλοὺς</span> <span class='ocrx_word' id='word_1_669' title='bbox 2424 3682 2533 3752; x_wconf 84' lang='grc' dir='ltr'>ἐχω</span> <span class='ocrx_word' id='word_1_670' title='bbox 2566 3681 2832 3743; x_wconf 85' lang='grc' dir='ltr'>δεσπότας</span> <span class='ocrx_word' id='word_1_671' title='bbox 2856 3721 2870 3743; x_wconf 93' lang='grc'>,</span> <span class='ocrx_word' id='word_1_672' title='bbox 2901 3678 3058 3749; x_wconf 83' lang='grc' dir='ltr'>δήμῳ</span> <span class='ocrx_word' id='word_1_673' title='bbox 3106 3675 3346 3744; x_wconf 88' lang='grc' dir='ltr'>τοσούτῳ</span> <span class='ocrx_word' id='word_1_674' title='bbox 3375 3676 3497 3727; x_wconf 80' lang='grc' dir='ltr'>δου-</span> 
     </span>
    </p>
   </div>
   <div class='ocr_carea' id='block_1_92' title="bbox 1916 3758 3498 3837">
    <p class='ocr_par' dir='ltr' id='par_1_92' title="bbox 1916 3758 3498 3837">
     <span class='ocr_line' id='line_1_92' title="bbox 1916 3758 3498 3837; baseline -0.008 -14"><span class='ocrx_word' id='word_1_675' title='bbox 1916 3770 2093 3823; x_wconf 88' lang='grc' dir='ltr'>λεύειν</span> <span class='ocrx_word' id='word_1_676' title='bbox 2108 3765 2552 3837; x_wconf 56' lang='grc' dir='ltr'>ἀναγκαζόμεᾯος</span> <span class='ocrx_word' id='word_1_677' title='bbox 2574 3766 2827 3834; x_wconf 81' lang='grc' dir='ltr'>διάφορον</span> <span class='ocrx_word' id='word_1_678' title='bbox 2844 3762 3019 3833; x_wconf 78' lang='grc' dir='ltr'>ἔχοντι</span> <span class='ocrx_word' id='word_1_679' title='bbox 3044 3760 3155 3831; x_wconf 83' lang='grc' dir='ltr'>γνῶ</span> <span class='ocrx_word' id='word_1_680' title='bbox 3162 3778 3289 3832; x_wconf 91' lang='grc' dir='ltr'>μην.</span> <span class='ocrx_word' id='word_1_681' title='bbox 3314 3758 3498 3813; x_wconf 89' lang='grc' dir='ltr'>Ταῦτα</span> 
     </span>
    </p>
   </div>
   <div class='ocr_carea' id='block_1_93' title="bbox 1916 3845 3497 3921">
    <p class='ocr_par' dir='ltr' id='par_1_93' title="bbox 1916 3845 3497 3921">
     <span class='ocr_line' id='line_1_93' title="bbox 1916 3845 3497 3921; baseline -0.006 -15"><span class='ocrx_word' id='word_1_682' title='bbox 1916 3854 1971 3906; x_wconf 87' lang='grc' dir='ltr'>δέ</span> <span class='ocrx_word' id='word_1_683' title='bbox 2020 3848 2172 3905; x_wconf 76' lang='grc' dir='ltr'>εἷπον</span> <span class='ocrx_word' id='word_1_684' title='bbox 2200 3853 2260 3904; x_wconf 87' lang='grc' dir='ltr'>οὑ</span> <span class='ocrx_word' id='word_1_685' title='bbox 2290 3849 2658 3921; x_wconf 90' lang='grc' dir='ltr'>δυσχεραίνων</span> <span class='ocrx_word' id='word_1_686' title='bbox 2683 3848 2782 3918; x_wconf 85' lang='grc' dir='ltr'>τὴν</span> <span class='ocrx_word' id='word_1_687' title='bbox 2828 3847 3094 3907; x_wconf 87' lang='grc' dir='ltr'>δουλείαν,</span> <span class='ocrx_word' id='word_1_688' title='bbox 3147 3846 3221 3917; x_wconf 86' lang='grc' dir='ltr'>μὴ</span> <span class='ocrx_word' id='word_1_689' title='bbox 3266 3845 3497 3914; x_wconf 86' lang='grc' dir='ltr'>γένοιτο,</span> 
     </span>
    </p>
   </div>
   <div class='ocr_carea' id='block_1_94' title="bbox 1915 3929 3498 4008">
    <p class='ocr_par' dir='ltr' id='par_1_94' title="bbox 1915 3929 3498 4008">
     <span class='ocr_line' id='line_1_94' title="bbox 1915 3929 3498 4008; baseline -0.006 -18"><span class='ocrx_word' id='word_1_690' title='bbox 1915 3936 2039 3990; x_wconf 87' lang='grc' dir='ltr'>οὑδέ</span> <span class='ocrx_word' id='word_1_691' title='bbox 2090 3935 2438 4008; x_wconf 89' lang='grc' dir='ltr'>δραπετεύων</span> <span class='ocrx_word' id='word_1_692' title='bbox 2468 3934 2567 4004; x_wconf 84' lang='grc' dir='ltr'>τὴν</span> <span class='ocrx_word' id='word_1_693' title='bbox 2594 3932 2910 3985; x_wconf 86' lang='grc' dir='ltr'>δεσποτείαν</span> <span class='ocrx_word' id='word_1_694' title='bbox 2964 3930 3139 4002; x_wconf 88' lang='grc' dir='ltr'>ὑμῶν.</span> <span class='ocrx_word' id='word_1_695' title='bbox 3185 3930 3350 3983; x_wconf 80' lang='grc' dir='ltr'>Οὐδὲν</span> <span class='ocrx_word' id='word_1_696' title='bbox 3390 3929 3498 3999; x_wconf 91' lang='grc' dir='ltr'>γάρ</span> 
     </span>
    </p>
   </div>
   <div class='ocr_carea' id='block_1_95' title="bbox 1919 4010 3501 4091">
    <p class='ocr_par' dir='ltr' id='par_1_95' title="bbox 1919 4010 3501 4091">
     <span class='ocr_line' id='line_1_95' title="bbox 1919 4010 3501 4091; baseline -0.006 -18"><span class='ocrx_word' id='word_1_697' title='bbox 1919 4038 2008 4090; x_wconf 88' lang='grc' dir='ltr'>μοι</span> <span class='ocrx_word' id='word_1_698' title='bbox 2038 4022 2134 4091; x_wconf 85' lang='grc' dir='ltr'>τῆς</span> <span class='ocrx_word' id='word_1_699' title='bbox 2156 4019 2399 4081; x_wconf 87' lang='grc' dir='ltr'>δουλείας</span> <span class='ocrx_word' id='word_1_700' title='bbox 2424 4017 2628 4085; x_wconf 88' lang='grc' dir='ltr'>ταύτης</span> <span class='ocrx_word' id='word_1_701' title='bbox 2664 4016 3011 4086; x_wconf 89' lang='grc' dir='ltr'>σεμνότερον.</span> <span class='ocrx_word' id='word_1_702' title='bbox 3039 4015 3152 4084; x_wconf 82' lang='grc' dir='ltr'>Οὐχ</span> <span class='ocrx_word' id='word_1_703' title='bbox 3183 4011 3324 4065; x_wconf 79' lang='grc' dir='ltr'>οὕτω</span> <span class='ocrx_word' id='word_1_704' title='bbox 3352 4010 3501 4082; x_wconf 85' lang='grc' dir='ltr'>βασι-</span> 
     </span>
    </p>
   </div>
   <div class='ocr_carea' id='block_1_96' title="bbox 1915 4095 3499 4173">
    <p class='ocr_par' dir='ltr' id='par_1_96' title="bbox 1915 4095 3499 4173">
     <span class='ocr_line' id='line_1_96' title="bbox 1915 4095 3499 4173; baseline -0.007 -17"><span class='ocrx_word' id='word_1_705' title='bbox 1915 4104 2039 4168; x_wconf 77' lang='grc' dir='ltr'>λεὺς</span> <span class='ocrx_word' id='word_1_706' title='bbox 2074 4105 2166 4157; x_wconf 74' lang='grc' dir='ltr'>ἐπὶ</span> <span class='ocrx_word' id='word_1_707' title='bbox 2198 4105 2276 4173; x_wconf 84' lang='grc' dir='ltr'>τῷ</span> <span class='ocrx_word' id='word_1_708' title='bbox 2300 4103 2593 4173; x_wconf 86' lang='grc' dir='ltr'>διαδήματι</span> <span class='ocrx_word' id='word_1_709' title='bbox 2622 4100 2714 4153; x_wconf 71' lang='grc' dir='ltr'>καὶ</span> <span class='ocrx_word' id='word_1_710' title='bbox 2750 4101 2816 4170; x_wconf 79' lang='grc' dir='ltr'>τῇ</span> <span class='ocrx_word' id='word_1_711' title='bbox 2855 4096 3146 4169; x_wconf 89' lang='grc' dir='ltr'>πορφυρίδι</span> <span class='ocrx_word' id='word_1_712' title='bbox 3191 4095 3335 4166; x_wconf 87' lang='grc' dir='ltr'>μέγα</span> <span class='ocrx_word' id='word_1_713' title='bbox 3367 4110 3499 4163; x_wconf 74' lang='grc' dir='ltr'>φρο-</span> 
     </span>
    </p>
   </div>
   <div class='ocr_carea' id='block_1_97' title="bbox 1915 4180 3499 4255">
    <p class='ocr_par' dir='ltr' id='par_1_97' title="bbox 1915 4180 3499 4255">
     <span class='ocr_line' id='line_1_97' title="bbox 1915 4180 3499 4255; baseline -0.006 -14"><span class='ocrx_word' id='word_1_714' title='bbox 1915 4192 2015 4249; x_wconf 85' lang='grc' dir='ltr'>νεῖ,</span> <span class='ocrx_word' id='word_1_715' title='bbox 2042 4188 2117 4251; x_wconf 86' lang='grc' dir='ltr'>ὼς</span> <span class='ocrx_word' id='word_1_716' title='bbox 2147 4187 2257 4255; x_wconf 86' lang='grc' dir='ltr'>ἐγὼ</span> <span class='ocrx_word' id='word_1_717' title='bbox 2283 4187 2377 4241; x_wconf 86' lang='grc' dir='ltr'>νῦν</span> <span class='ocrx_word' id='word_1_718' title='bbox 2402 4188 2493 4238; x_wconf 71' lang='grc' dir='ltr'>ἐπὶ</span> <span class='ocrx_word' id='word_1_719' title='bbox 2515 4189 2578 4255; x_wconf 77' lang='grc' dir='ltr'>τῇ</span> <span class='ocrx_word' id='word_1_720' title='bbox 2604 4185 2819 4255; x_wconf 81' lang='grc' dir='ltr'>δουλείᾳ</span> <span class='ocrx_word' id='word_1_721' title='bbox 2846 4185 2945 4254; x_wconf 83' lang='grc' dir='ltr'>τῆς</span> <span class='ocrx_word' id='word_1_722' title='bbox 2974 4181 3247 4253; x_wconf 85' lang='grc' dir='ltr'>ὑμετέρας</span> <span class='ocrx_word' id='word_1_723' title='bbox 3273 4180 3499 4249; x_wconf 85' lang='grc' dir='ltr'>ἀγάπης</span> 
     </span>
    </p>
   </div>
   <div class='ocr_carea' id='block_1_98' title="bbox 1868 4263 3498 4339">
    <p class='ocr_par' dir='ltr' id='par_1_98' title="bbox 1868 4263 3498 4339">
     <span class='ocr_line' id='line_1_98' title="bbox 1868 4263 3498 4339; baseline -0.006 -14"><span class='ocrx_word' id='word_1_724' title='bbox 1868 4274 1873 4281; x_wconf 85' lang='grc'><em>’</em></span> <span class='ocrx_word' id='word_1_725' title='bbox 1917 4270 2418 4339; x_wconf 75' lang='grc' dir='ltr'>ἐγκαλλωπίςομαι.</span> <span class='ocrx_word' id='word_1_726' title='bbox 2472 4269 2719 4339; x_wconf 87' lang='grc' dir='ltr'>Ἐκείνην</span> <span class='ocrx_word' id='word_1_727' title='bbox 2773 4267 2871 4337; x_wconf 88' lang='grc' dir='ltr'>μέν</span> <span class='ocrx_word' id='word_1_728' title='bbox 2919 4265 3028 4337; x_wconf 84' lang='grc' dir='ltr'>γὰρ</span> <span class='ocrx_word' id='word_1_729' title='bbox 3069 4265 3167 4335; x_wconf 81' lang='grc' dir='ltr'>τὴν</span> <span class='ocrx_word' id='word_1_730' title='bbox 3219 4263 3498 4334; x_wconf 84' lang='grc' dir='ltr'>βασιλείαν</span> 
     </span>
    </p>
   </div>
   <div class='ocr_carea' id='block_1_99' title="bbox 1917 4347 3497 4423">
    <p class='ocr_par' dir='ltr' id='par_1_99' title="bbox 1917 4347 3497 4423">
     <span class='ocr_line' id='line_1_99' title="bbox 1917 4347 3497 4423; baseline -0.004 -18"><span class='ocrx_word' id='word_1_731' title='bbox 1917 4354 2145 4415; x_wconf 87' lang='grc' dir='ltr'>θάνατος</span> <span class='ocrx_word' id='word_1_732' title='bbox 2193 4354 2525 4422; x_wconf 88' lang='grc' dir='ltr'>διαδέχεται·</span> <span class='ocrx_word' id='word_1_733' title='bbox 2574 4353 2779 4423; x_wconf 89' lang='grc' dir='ltr'>ταύτην</span> <span class='ocrx_word' id='word_1_734' title='bbox 2827 4351 2884 4404; x_wconf 83' lang='grc' dir='ltr'>δέ</span> <span class='ocrx_word' id='word_1_735' title='bbox 2938 4350 3038 4420; x_wconf 80' lang='grc' dir='ltr'>τὴν</span> <span class='ocrx_word' id='word_1_736' title='bbox 3098 4347 3378 4412; x_wconf 88' lang='grc' dir='ltr'>δουλείαν,</span> <span class='ocrx_word' id='word_1_737' title='bbox 3430 4347 3497 4402; x_wconf 82' lang='grc' dir='ltr'>ἂν</span> 
     </span>
    </p>
   </div>
   <div class='ocr_carea' id='block_1_100' title="bbox 1917 4431 3499 4509">
    <p class='ocr_par' dir='ltr' id='par_1_100' title="bbox 1917 4431 3499 4509">
     <span class='ocr_line' id='line_1_100' title="bbox 1917 4431 3499 4509; baseline -0.004 -18"><span class='ocrx_word' id='word_1_738' title='bbox 1917 4436 2228 4509; x_wconf 82' lang='grc' dir='ltr'>ἀπαρτισθῇ</span> <span class='ocrx_word' id='word_1_739' title='bbox 2265 4436 2467 4500; x_wconf 88' lang='grc' dir='ltr'>καλῶς,</span> <span class='ocrx_word' id='word_1_740' title='bbox 2510 4434 2760 4505; x_wconf 88' lang='grc' dir='ltr'>βασιλεία</span> <span class='ocrx_word' id='word_1_741' title='bbox 2788 4432 3036 4505; x_wconf 84' lang='grc' dir='ltr'>οὐρανῶν</span> <span class='ocrx_word' id='word_1_742' title='bbox 3067 4431 3346 4503; x_wconf 80' lang='grc' dir='ltr'>ἀναμένει.</span> <span class='ocrx_word' id='word_1_743' title='bbox 3383 4434 3499 4485; x_wconf 88' lang='grc' dir='ltr'>Μα-</span> 
     </span>
    </p>
   </div>
   <div class='ocr_carea' id='block_1_101' title="bbox 1917 4512 3499 4593">
    <p class='ocr_par' dir='ltr' id='par_1_101' title="bbox 1917 4512 3499 4593">
     <span class='ocr_line' id='line_1_101' title="bbox 1917 4512 3499 4593; baseline -0.008 -16"><span class='ocrx_word' id='word_1_744' title='bbox 1917 4521 2122 4591; x_wconf 83' lang='grc' dir='ltr'>κάριος</span> <span class='ocrx_word' id='word_1_745' title='bbox 2168 4521 2277 4593; x_wconf 85' lang='grc' dir='ltr'>γὰρ</span> <span class='ocrx_word' id='word_1_746' title='bbox 2323 4523 2355 4575; x_wconf 88' lang='grc' dir='ltr'><em>ὀ</em></span> <span class='ocrx_word' id='word_1_747' title='bbox 2390 4520 2605 4586; x_wconf 83' lang='grc' dir='ltr'>πιστὸς</span> <span class='ocrx_word' id='word_1_748' title='bbox 2640 4519 2861 4585; x_wconf 87' lang='grc' dir='ltr'><em>δοῦλος</em></span> <span class='ocrx_word' id='word_1_749' title='bbox 2908 4517 3006 4571; x_wconf 75' lang='grc' dir='ltr'>καὶ</span> <span class='ocrx_word' id='word_1_750' title='bbox 3057 4517 3381 4585; x_wconf 71' lang='grc' dir='ltr'>φρόνιμος,</span> <span class='ocrx_word' id='word_1_751' title='bbox 3425 4512 3499 4566; x_wconf 78' lang='grc' dir='ltr'>ὃν</span> 
     </span>
    </p>
   </div>
   <div class='ocr_carea' id='block_1_102' title="bbox 1917 4595 3497 4672">
    <p class='ocr_par' dir='ltr' id='par_1_102' title="bbox 1917 4595 3497 4672">
     <span class='ocr_line' id='line_1_102' title="bbox 1917 4595 3497 4672; baseline -0.006 -14"><span class='ocrx_word' id='word_1_752' title='bbox 1917 4604 2294 4672; x_wconf 84' lang='grc' dir='ltr'>κατέστησεν</span> <span class='ocrx_word' id='word_1_753' title='bbox 2336 4606 2369 4658; x_wconf 85' lang='grc' dir='ltr'><em>ὀ</em></span> <span class='ocrx_word' id='word_1_754' title='bbox 2406 4604 2611 4672; x_wconf 85' lang='grc' dir='ltr'>κύριος</span> <span class='ocrx_word' id='word_1_755' title='bbox 2653 4601 2839 4655; x_wconf 85' lang='grc' dir='ltr'><em>αὐτοῦ</em></span> <span class='ocrx_word' id='word_1_756' title='bbox 2888 4599 3118 4655; x_wconf 82' lang='grc' dir='ltr'>διδόναι</span> <span class='ocrx_word' id='word_1_757' title='bbox 3158 4598 3225 4651; x_wconf 90' lang='grc' dir='ltr'>τὸ</span> <span class='ocrx_word' id='word_1_758' title='bbox 3262 4595 3497 4664; x_wconf 79' lang='grc' dir='ltr'>σιτομέ-</span> 
     </span>
    </p>
   </div>
   <div class='ocr_carea' id='block_1_103' title="bbox 1915 4677 3494 4756">
    <p class='ocr_par' dir='ltr' id='par_1_103' title="bbox 1915 4677 3494 4756">
     <span class='ocr_line' id='line_1_103' title="bbox 1915 4677 3494 4756; baseline -0.006 -15"><span class='ocrx_word' id='word_1_759' title='bbox 1915 4705 2081 4756; x_wconf 89' lang='grc' dir='ltr'>τριον</span> <span class='ocrx_word' id='word_1_760' title='bbox 2108 4687 2232 4754; x_wconf 83' lang='grc' dir='ltr'>τοῖς</span> <span class='ocrx_word' id='word_1_761' title='bbox 2263 4687 2631 4751; x_wconf 85' lang='grc' dir='ltr'>συνδούλοις</span> <span class='ocrx_word' id='word_1_762' title='bbox 2657 4682 2866 4739; x_wconf 87' lang='grc' dir='ltr'>αὐτοῦ.</span> <span class='ocrx_word' id='word_1_763' title='bbox 2907 4681 3095 4751; x_wconf 81' lang='grc' dir='ltr'>Ἀμὴν</span> <span class='ocrx_word' id='word_1_764' title='bbox 3137 4680 3291 4748; x_wconf 71' lang='grc' dir='ltr'>λέγω</span> <span class='ocrx_word' id='word_1_765' title='bbox 3332 4677 3494 4747; x_wconf 76' lang='grc' dir='ltr'>ὑμῖν,</span> 
     </span>
    </p>
   </div>
   <div class='ocr_carea' id='block_1_104' title="bbox 1915 4761 3496 4839">
    <p class='ocr_par' dir='ltr' id='par_1_104' title="bbox 1915 4761 3496 4839">
     <span class='ocr_line' id='line_1_104' title="bbox 1915 4761 3496 4839; baseline -0.008 -14"><span class='ocrx_word' id='word_1_766' title='bbox 1915 4772 2015 4826; x_wconf 80' lang='grc' dir='ltr'>ἐπὶ</span> <span class='ocrx_word' id='word_1_767' title='bbox 2045 4773 2195 4827; x_wconf 85' lang='grc' dir='ltr'>πᾶσι</span> <span class='ocrx_word' id='word_1_768' title='bbox 2220 4770 2346 4836; x_wconf 87' lang='grc' dir='ltr'>τοῖς</span> <span class='ocrx_word' id='word_1_769' title='bbox 2374 4769 2759 4839; x_wconf 82' lang='grc' dir='ltr'>ὑπάρχουσιν</span> <span class='ocrx_word' id='word_1_770' title='bbox 2778 4767 2964 4822; x_wconf 87' lang='grc' dir='ltr'><em>αὐτοῦ</em></span> <span class='ocrx_word' id='word_1_771' title='bbox 2996 4761 3366 4829; x_wconf 82' lang='grc' dir='ltr'>καταστήσει</span> <span class='ocrx_word' id='word_1_772' title='bbox 3390 4762 3496 4813; x_wconf 83' lang='grc' dir='ltr'>αὐ-</span> 
     </span>
    </p>
   </div>
   <div class='ocr_carea' id='block_1_105' title="bbox 1917 4844 3495 4923">
    <p class='ocr_par' dir='ltr' id='par_1_105' title="bbox 1917 4844 3495 4923">
     <span class='ocr_line' id='line_1_105' title="bbox 1917 4844 3495 4923; baseline -0.009 -15"><span class='ocrx_word' id='word_1_773' title='bbox 1917 4855 2041 4908; x_wconf 85' lang='grc' dir='ltr'>τόν.</span> <span class='ocrx_word' id='word_1_774' title='bbox 2066 4851 2219 4918; x_wconf 76' lang='grc' dir='ltr'>Εἶδες</span> <span class='ocrx_word' id='word_1_775' title='bbox 2240 4855 2402 4908; x_wconf 84' lang='grc' dir='ltr'>πόσον</span> <span class='ocrx_word' id='word_1_776' title='bbox 2431 4854 2491 4906; x_wconf 87' lang='grc' dir='ltr'>τὸ</span> <span class='ocrx_word' id='word_1_777' title='bbox 2522 4853 2711 4923; x_wconf 89' lang='grc' dir='ltr'>κέρδος</span> <span class='ocrx_word' id='word_1_778' title='bbox 2738 4854 2836 4922; x_wconf 86' lang='grc' dir='ltr'>τῆς</span> <span class='ocrx_word' id='word_1_779' title='bbox 2861 4848 3104 4910; x_wconf 90' lang='grc' dir='ltr'>δουλείας</span> <span class='ocrx_word' id='word_1_780' title='bbox 3126 4845 3347 4915; x_wconf 89' lang='grc' dir='ltr'>ταύτης.</span> <span class='ocrx_word' id='word_1_781' title='bbox 3366 4844 3495 4895; x_wconf 84' lang='grc' dir='ltr'>ὅταν</span> 
     </span>
    </p>
   </div>
   <div class='ocr_carea' id='block_1_106' title="bbox 1920 4924 3493 5007">
    <p class='ocr_par' dir='ltr' id='par_1_106' title="bbox 1920 4924 3493 5007">
     <span class='ocr_line' id='line_1_106' title="bbox 1920 4924 3493 5007; baseline -0.011 -14"><span class='ocrx_word' id='word_1_782' title='bbox 1920 4939 2222 5001; x_wconf 87' lang='grc' dir='ltr'>σπουδαίως</span> <span class='ocrx_word' id='word_1_783' title='bbox 2267 4937 2520 5007; x_wconf 87' lang='grc' dir='ltr'>γένηται;</span> <span class='ocrx_word' id='word_1_784' title='bbox 2565 4936 2689 4989; x_wconf 80' lang='grc' dir='ltr'>Ἐπὶ</span> <span class='ocrx_word' id='word_1_785' title='bbox 2724 4936 2857 4987; x_wconf 80' lang='grc' dir='ltr'>πᾶσι</span> <span class='ocrx_word' id='word_1_786' title='bbox 2911 4935 3021 4994; x_wconf 86' lang='grc' dir='ltr'>τοῖς</span> <span class='ocrx_word' id='word_1_787' title='bbox 3056 4929 3362 5000; x_wconf 86' lang='grc' dir='ltr'>ὑπάρχουσι</span> <span class='ocrx_word' id='word_1_788' title='bbox 3397 4924 3493 4977; x_wconf 87' lang='grc' dir='ltr'>τοῦ</span> 
     </span>
    </p>
   </div>
   <div class='ocr_carea' id='block_1_107' title="bbox 1917 5008 3490 5087">
    <p class='ocr_par' dir='ltr' id='par_1_107' title="bbox 1917 5008 3490 5087">
     <span class='ocr_line' id='line_1_107' title="bbox 1917 5008 3490 5087; baseline -0.01 -11"><span class='ocrx_word' id='word_1_789' title='bbox 1917 5023 2177 5076; x_wconf 82' lang='grc' dir='ltr'>δεσπότου</span> <span class='ocrx_word' id='word_1_790' title='bbox 2206 5020 2547 5074; x_wconf 87' lang='grc' dir='ltr'>καθίσταται.</span> <span class='ocrx_word' id='word_1_791' title='bbox 2575 5020 2649 5072; x_wconf 87' lang='grc' dir='ltr'>Οὑ</span> <span class='ocrx_word' id='word_1_792' title='bbox 2682 5016 2867 5087; x_wconf 89' lang='grc' dir='ltr'>φεύγω</span> <span class='ocrx_word' id='word_1_793' title='bbox 2894 5015 3075 5069; x_wconf 89' lang='grc' dir='ltr'>τοίνυν</span> <span class='ocrx_word' id='word_1_794' title='bbox 3104 5012 3201 5082; x_wconf 82' lang='grc' dir='ltr'>τὴν</span> <span class='ocrx_word' id='word_1_795' title='bbox 3223 5008 3490 5065; x_wconf 83' lang='grc' dir='ltr'>δουλείαν·</span> 
     </span>
    </p>
   </div>
   <div class='ocr_carea' id='block_1_108' title="bbox 1920 5093 3491 5176">
    <p class='ocr_par' dir='ltr' id='par_1_108' title="bbox 1920 5093 3491 5176">
     <span class='ocr_line' id='line_1_108' title="bbox 1920 5093 3491 5176; baseline -0.01 -17"><span class='ocrx_word' id='word_1_796' title='bbox 1920 5105 2058 5176; x_wconf 86' lang='grc' dir='ltr'>μετὰ</span> <span class='ocrx_word' id='word_1_797' title='bbox 2087 5103 2195 5176; x_wconf 80' lang='grc' dir='ltr'>γὰρ</span> <span class='ocrx_word' id='word_1_798' title='bbox 2225 5102 2438 5158; x_wconf 88' lang='grc' dir='ltr'>Παύλου</span> <span class='ocrx_word' id='word_1_799' title='bbox 2481 5101 2736 5156; x_wconf 88' lang='grc' dir='ltr'>δουλεύω.</span> <span class='ocrx_word' id='word_1_800' title='bbox 2783 5102 2892 5153; x_wconf 71' lang='grc' dir='ltr'>Καὶ</span> <span class='ocrx_word' id='word_1_801' title='bbox 2921 5098 3030 5169; x_wconf 84' lang='grc' dir='ltr'>γὰρ</span> <span class='ocrx_word' id='word_1_802' title='bbox 3069 5093 3273 5158; x_wconf 87' lang='grc' dir='ltr'>ἐκεῖνός</span> <span class='ocrx_word' id='word_1_803' title='bbox 3304 5107 3491 5176; x_wconf 84' lang='grc' dir='ltr'>φησιν,</span> 
     </span>
    </p>
   </div>
   <div class='ocr_carea' id='block_1_109' title="bbox 1916 5175 3491 5257">
    <p class='ocr_par' dir='ltr' id='par_1_109' title="bbox 1916 5175 3491 5257">
     <span class='ocr_line' id='line_1_109' title="bbox 1916 5175 3491 5257; baseline -0.01 -15"><span class='ocrx_word' id='word_1_804' title='bbox 1916 5175 1998 5243; x_wconf 77' lang='grc' dir='ltr'>ὅτι</span> <span class='ocrx_word' id='word_1_805' title='bbox 2035 5175 2170 5257; x_wconf 4' lang='grc' dir='ltr'>Οὐχί</span> <span class='ocrx_word' id='word_1_806' title='bbox 2188 5186 2441 5251; x_wconf 82' lang='grc' dir='ltr'>ἑαυτοὺς</span> <span class='ocrx_word' id='word_1_807' title='bbox 2470 5186 2855 5253; x_wconf 81' lang='grc' dir='ltr'>κηρύττομεν,</span> <span class='ocrx_word' id='word_1_808' title='bbox 2897 5180 3058 5235; x_wconf 84' lang='grc' dir='ltr'>ἀλλὰ</span> <span class='ocrx_word' id='word_1_809' title='bbox 3088 5176 3344 5246; x_wconf 84' lang='grc' dir='ltr'>Χριστὸν</span> <span class='ocrx_word' id='word_1_810' title='bbox 3385 5175 3491 5241; x_wconf 76' lang='grc' dir='ltr'>Ἰη-</span> 
     </span>
    </p>
   </div>
   <div class='ocr_carea' id='block_1_110' title="bbox 1915 5258 3492 5338">
    <p class='ocr_par' dir='ltr' id='par_1_110' title="bbox 1915 5258 3492 5338">
     <span class='ocr_line' id='line_1_110' title="bbox 1915 5258 3492 5338; baseline -0.01 -13"><span class='ocrx_word' id='word_1_811' title='bbox 1915 5272 2072 5325; x_wconf 86' lang='grc' dir='ltr'>σοῦν</span> <span class='ocrx_word' id='word_1_812' title='bbox 2097 5271 2335 5338; x_wconf 83' lang='grc' dir='ltr'>Κύριον,</span> <span class='ocrx_word' id='word_1_813' title='bbox 2367 5269 2619 5333; x_wconf 76' lang='grc' dir='ltr'>ἑαυτοὺς</span> <span class='ocrx_word' id='word_1_814' title='bbox 2650 5266 2719 5319; x_wconf 86' lang='grc' dir='ltr'>δὲ</span> <span class='ocrx_word' id='word_1_815' title='bbox 2750 5264 3012 5330; x_wconf 87' lang='grc' dir='ltr'>δούλους</span> <span class='ocrx_word' id='word_1_816' title='bbox 3046 5262 3213 5330; x_wconf 82' lang='grc' dir='ltr'>ὑμῶν</span> <span class='ocrx_word' id='word_1_817' title='bbox 3243 5258 3341 5312; x_wconf 82' lang='grc' dir='ltr'>διὰ</span> <span class='ocrx_word' id='word_1_818' title='bbox 3386 5259 3492 5325; x_wconf 84' lang='grc' dir='ltr'>Ἰη-</span> 
     </span>
    </p>
   </div>
   <div class='ocr_carea' id='block_1_111' title="bbox 1915 5340 3493 5421">
    <p class='ocr_par' dir='ltr' id='par_1_111' title="bbox 1915 5340 3493 5421">
     <span class='ocr_line' id='line_1_111' title="bbox 1915 5340 3493 5421; baseline -0.011 -12"><span class='ocrx_word' id='word_1_819' title='bbox 1915 5355 2092 5409; x_wconf 88' lang='grc' dir='ltr'>σοῦν.</span> <span class='ocrx_word' id='word_1_820' title='bbox 2128 5354 2239 5407; x_wconf 82' lang='grc' dir='ltr'>Καὶ</span> <span class='ocrx_word' id='word_1_821' title='bbox 2268 5353 2320 5405; x_wconf 90' lang='grc' dir='ltr'>τί</span> <span class='ocrx_word' id='word_1_822' title='bbox 2357 5352 2500 5421; x_wconf 89' lang='grc' dir='ltr'>λέγω</span> <span class='ocrx_word' id='word_1_823' title='bbox 2542 5349 2786 5415; x_wconf 87' lang='grc' dir='ltr'>Παῦλον;</span> <span class='ocrx_word' id='word_1_824' title='bbox 2837 5348 2901 5403; x_wconf 74' lang='lat' dir='ltr'>EE</span> <span class='ocrx_word' id='word_1_825' title='bbox 2950 5347 2979 5399; x_wconf 86' lang='grc' dir='ltr'><strong>ὁ</strong></span> <span class='ocrx_word' id='word_1_826' title='bbox 3020 5347 3080 5399; x_wconf 90' lang='grc' dir='ltr'>ἐν</span> <span class='ocrx_word' id='word_1_827' title='bbox 3128 5344 3310 5416; x_wconf 72' lang='grc' dir='ltr'>μορφῇ</span> <span class='ocrx_word' id='word_1_828' title='bbox 3353 5340 3493 5393; x_wconf 79' lang='grc' dir='ltr'>Θεοῦ</span> 
     </span>
    </p>
   </div>
   <div class='ocr_carea' id='block_1_112' title="bbox 1916 5424 3495 5511">
    <p class='ocr_par' dir='ltr' id='par_1_112' title="bbox 1916 5424 3495 5511">
     <span class='ocr_line' id='line_1_112' title="bbox 1916 5424 3495 5511; baseline -0.011 -20"><span class='ocrx_word' id='word_1_829' title='bbox 1916 5439 2176 5511; x_wconf 88' lang='grc' dir='ltr'>ὑπάρχων</span> <span class='ocrx_word' id='word_1_830' title='bbox 2216 5438 2407 5490; x_wconf 83' lang='grc' dir='ltr'>ἐαυτὸν</span> <span class='ocrx_word' id='word_1_831' title='bbox 2438 5435 2673 5489; x_wconf 87' lang='grc' dir='ltr'>ἐκένωσε</span> <span class='ocrx_word' id='word_1_832' title='bbox 2706 5432 2922 5503; x_wconf 83' lang='grc' dir='ltr'>μορφὴν</span> <span class='ocrx_word' id='word_1_833' title='bbox 2955 5428 3143 5511; x_wconf 85' lang='grc' dir='ltr'>δούλου</span> <span class='ocrx_word' id='word_1_834' title='bbox 3168 5425 3367 5511; x_wconf 23' lang='grc' dir='ltr'>*λαϐῲν</span> <span class='ocrx_word' id='word_1_835' title='bbox 3402 5424 3495 5511; x_wconf 63' lang='grc' dir='ltr'>διά</span> 
     </span>
    </p>
   </div>
   <div class='ocr_carea' id='block_1_113' title="bbox 1915 5506 3494 5589">
    <p class='ocr_par' dir='ltr' id='par_1_113' title="bbox 1915 5506 3494 5589">
     <span class='ocr_line' id='line_1_113' title="bbox 1915 5506 3494 5589; baseline -0.013 -13"><span class='ocrx_word' id='word_1_836' title='bbox 1915 5506 2044 5584; x_wconf 79' lang='grc' dir='ltr'>τοὺς</span> <span class='ocrx_word' id='word_1_837' title='bbox 2068 5506 2287 5583; x_wconf 83' lang='grc' dir='ltr'>δούλους</span> <span class='ocrx_word' id='word_1_838' title='bbox 2305 5562 2319 5585; x_wconf 92' lang='grc'>,</span> <span class='ocrx_word' id='word_1_839' title='bbox 2348 5519 2401 5571; x_wconf 86' lang='grc' dir='ltr'>τί</span> <span class='ocrx_word' id='word_1_840' title='bbox 2446 5518 2588 5589; x_wconf 86' lang='grc' dir='ltr'>μέγα</span> <span class='ocrx_word' id='word_1_841' title='bbox 2618 5519 2667 5570; x_wconf 76' lang='grc' dir='ltr'>εἰ</span> <span class='ocrx_word' id='word_1_842' title='bbox 2695 5519 2725 5570; x_wconf 85' lang='grc' dir='ltr'>ὁ</span> <span class='ocrx_word' id='word_1_843' title='bbox 2750 5514 2936 5577; x_wconf 83' lang='grc' dir='ltr'>δοῦλος</span> <span class='ocrx_word' id='word_1_844' title='bbox 2963 5510 3074 5581; x_wconf 87' lang='grc' dir='ltr'>ἐγὼ</span> <span class='ocrx_word' id='word_1_845' title='bbox 3103 5509 3286 5571; x_wconf 79' lang='grc' dir='ltr'>δοῦλος</span> <span class='ocrx_word' id='word_1_846' title='bbox 3311 5506 3494 5574; x_wconf 65' lang='grc' dir='ltr'>ἐγενόη</span> 
     </span>
    </p>
   </div>
   <div class='ocr_carea' id='block_1_114' title="bbox 1924 5592 3493 5676">
    <p class='ocr_par' dir='ltr' id='par_1_114' title="bbox 1924 5592 3493 5676">
     <span class='ocr_line' id='line_1_114' title="bbox 1924 5592 3493 5676; baseline -0.011 -16"><span class='ocrx_word' id='word_1_847' title='bbox 1924 5623 2030 5676; x_wconf 87' lang='grc' dir='ltr'>μην</span> <span class='ocrx_word' id='word_1_848' title='bbox 2058 5606 2173 5667; x_wconf 85' lang='grc' dir='ltr'>τοῖς</span> <span class='ocrx_word' id='word_1_849' title='bbox 2206 5602 2508 5665; x_wconf 87' lang='grc' dir='ltr'>συνδούλοις</span> <span class='ocrx_word' id='word_1_850' title='bbox 2546 5602 2612 5655; x_wconf 88' lang='grc' dir='ltr'>δι’</span> <span class='ocrx_word' id='word_1_851' title='bbox 2658 5599 2929 5671; x_wconf 85' lang='grc' dir='ltr'>ἐμαυτόν;</span> <span class='ocrx_word' id='word_1_852' title='bbox 2972 5598 3047 5651; x_wconf 83' lang='grc' dir='ltr'>Οὐ</span> <span class='ocrx_word' id='word_1_853' title='bbox 3085 5596 3267 5649; x_wconf 84' lang='grc' dir='ltr'>τοίνυν</span> <span class='ocrx_word' id='word_1_854' title='bbox 3301 5592 3493 5676; x_wconf 74' lang='grc' dir='ltr'>δραπε-</span> 
     </span>
    </p>
   </div>
   <div class='ocr_carea' id='block_1_115' title="bbox 1920 5672 3493 5758">
    <p class='ocr_par' dir='ltr' id='par_1_115' title="bbox 1920 5672 3493 5758">
     <span class='ocr_line' id='line_1_115' title="bbox 1920 5672 3493 5758; baseline -0.011 -16"><span class='ocrx_word' id='word_1_855' title='bbox 1920 5672 2090 5742; x_wconf 79' lang='grc' dir='ltr'>τεύων</span> <span class='ocrx_word' id='word_1_856' title='bbox 2123 5688 2276 5758; x_wconf 89' lang='grc' dir='ltr'>ὑμῶν</span> <span class='ocrx_word' id='word_1_857' title='bbox 2299 5686 2396 5757; x_wconf 85' lang='grc' dir='ltr'>τὴν</span> <span class='ocrx_word' id='word_1_858' title='bbox 2420 5683 2736 5739; x_wconf 85' lang='grc' dir='ltr'>δεσποτείαν</span> <span class='ocrx_word' id='word_1_859' title='bbox 2765 5682 2939 5737; x_wconf 78' lang='grc' dir='ltr'>ταῦτα</span> <span class='ocrx_word' id='word_1_860' title='bbox 2965 5676 3139 5743; x_wconf 77' lang='grc' dir='ltr'>εἷπον,</span> <span class='ocrx_word' id='word_1_861' title='bbox 3176 5676 3291 5731; x_wconf 79' lang='grc' dir='ltr'>ἀλλ’</span> <span class='ocrx_word' id='word_1_862' title='bbox 3323 5672 3493 5741; x_wconf 72' lang='grc' dir='ltr'>ἀξιῶν</span> 
     </span>
    </p>
   </div>
   <div class='ocr_carea' id='block_1_116' title="bbox 1881 5759 3492 5852">
    <p class='ocr_par' dir='ltr' id='par_1_116' title="bbox 1881 5759 3492 5852">
     <span class='ocr_line' id='line_1_116' title="bbox 1881 5759 3492 5852; baseline -0.007 -27"><span class='ocrx_word' id='word_1_863' title='bbox 1881 5772 2249 5852; x_wconf 30' lang='grc' dir='ltr'>-.συγγνώμης</span> <span class='ocrx_word' id='word_1_864' title='bbox 2292 5772 2496 5841; x_wconf 84' lang='grc' dir='ltr'>τυχεῖν,</span> <span class='ocrx_word' id='word_1_865' title='bbox 2540 5768 2635 5825; x_wconf 81' lang='grc' dir='ltr'>ἐὰν</span> <span class='ocrx_word' id='word_1_866' title='bbox 2681 5766 2765 5841; x_wconf 72' lang='grc' dir='ltr'>μὴ</span> <span class='ocrx_word' id='word_1_867' title='bbox 2790 5769 2910 5831; x_wconf 88' lang='grc' dir='ltr'>ταῖς</span> <span class='ocrx_word' id='word_1_868' title='bbox 2956 5765 3212 5821; x_wconf 79' lang='grc' dir='ltr'>ἁπάντων</span> <span class='ocrx_word' id='word_1_869' title='bbox 3248 5759 3492 5834; x_wconf 78' lang='grc' dir='ltr'>γνώμαις</span> 
     </span>
    </p>
   </div>
   <div class='ocr_carea' id='block_1_117' title="bbox 3098 5864 3142 5922">
    <p class='ocr_par' dir='ltr' id='par_1_117' title="bbox 3098 5864 3142 5922">
     <span class='ocr_line' id='line_1_117' title="bbox 3098 5864 3142 5922; baseline 0 0"><span class='ocrx_word' id='word_1_870' title='bbox 3098 5864 3142 5922; x_wconf 79' lang='lat'><strong>8</strong></span> 
     </span>
    </p>
   </div>
  </div>
