3964 6342
479 263 582 321 ηε

475 381 806 453 κατάλληλον
853 378 1191 450 παραθῶμαι
1241 380 1341 448 τὴν
1387 378 1686 450 τράπεζαν.
1735 377 1951 433 Μᾶλλον
1994 376 2051 428 δέ

471 465 630 520 τοῦτο
657 469 920 538 ποιήσατε
945 464 974 516 6
1003 462 1146 532 λέγω
1178 461 1292 514 νῦν.
1336 463 1522 532 Ὑμεῖς
1550 466 1601 516 ot
1650 463 1725 533 μὴ
1767 462 2054 532 δυνάμενοι

475 549 858 622 ἐμπλησθῆναι
890 564 1042 612 ποτε,
1067 546 1204 601 ἀλλά
1226 546 1521 610 πεινῶντες
1551 547 1645 599 καὶ
1666 545 1930 615 διψῶντες
1954 546 2056 616 τὴν

454 633 838 705 δικαιοσύνην,
884 633 979 686 καὶ
1035 630 1261 703 μακρῶν
1297 629 1696 702 ἐπιθυμοῦντες
1731 631 1926 698 λόγων,
1967 630 2055 683 διὰ

472 717 571 788 τὴν
602 716 888 771 ἀσθένειαν
910 715 1020 769 τῶν
1047 715 1214 786 ὐμετέ
1223 733 1331 785 ρων
1363 715 1606 784 ἀδελφῶν
1639 714 1938 786 ἀνάσχεσθε
1959 713 2054 766 τοῦ

475 801 741 871 συνήθους
770 799 1244 874 περικοπτομένου
1279 799 1480 870 μέτρου
1521 799 1632 853 τῶν
1659 799 1853 867 λόγων.
1885 798 2054 852 Πάλιν

473 887 631 957 ὑμεῖς
658 888 706 941 οί
739 885 1106 958 βραχυλογίας
1141 883 1375 956 ἐρῶντες
1400 885 1497 938 καὶ
1520 884 1905 956 ἀσθενέστερον
1937 882 2054 936 δια-

472 970 736 1041 κείμενοι,
791 968 879 1023 διά
928 969 1054 1031 τοὺς
1099 966 1362 1037 ἀδελφοὺς
1403 969 1530 1032 τοὺς
1588 967 1889 1039 ὑμετέρους
1929 966 2054 1028 τοὺς

470 1056 801 1125 ἀκορέστους
835 1045 1032 1126 μικρὸν
1065 1054 1442 1125 καρτερήσατε
1475 1052 1659 1114 πόνον,
1705 1051 1948 1124 ἀλλὴλων
1986 1049 2054 1103 τά

474 1139 615 1210 βάρη
647 1134 1030 1208 βαστάζοντες.
1061 1138 1153 1190 καὶ
1179 1134 1358 1200 οὕτως
1383 1135 1817 1208 ἀναπληρώσατε
1844 1133 1935 1188 τὸν
1966 1134 2054 1186 νό-

475 1238 576 1291 μον
600 1221 694 1275 τοῦ
719 1220 976 1292 Χριστοῦ.
1005 1221 1117 1291 Οὐχ
1145 1221 1307 1291 ὁρᾶτε
1333 1218 1878 1290 τοὺςὈλυμπιακοὺς
1896 1217 2054 1290 ἀθλη-

469 1304 570 1368 τάς
594 1307 673 1369 είς
703 1306 867 1376 μέσον
898 1303 992 1358 τοῦ
1031 1303 1255 1376 θεάτρου
1281 1301 1429 1376 [109]
1464 1302 1724 1367 ἑστῶτας.
1750 1305 1807 1356 ἐν
1840 1319 2054 1375 μεσημ-

473 1388 603 1460 ϐρίᾳ
646 1389 786 1462 μέσῃ
832 1388 1086 1459 καθάπερ
1139 1392 1197 1442 ἐν
1247 1387 1462 1457 καμίνῳ
1501 1387 1580 1456 τῷ
1629 1379 1913 1457 σκάμματι
1961 1389 2054 1441 καὶ

471 1470 664 1543 γυμνῷ
688 1472 764 1542 τῷ
797 1472 1006 1542 σώματι
1036 1472 1135 1543 τὴν
1168 1473 1360 1525 ἀκτῖνα
1391 1471 1732 1542 δεχομένους,
1751 1471 1942 1542 ῶσπερ
1975 1490 2054 1525 τι-

475 1555 570 1619 νάς
608 1557 928 1628 ἀνδριάντας
966 1556 1202 1627 χαλκοῦς
1236 1556 1329 1609 καὶ
1359 1555 1495 1627 ἡλίῳ
1533 1555 1629 1609 καὶ
1658 1556 1924 1628 κονιορτῷ
1958 1559 2054 1610 καὶ

472 1642 654 1707 πνίγει
685 1641 1047 1711 μαχομένους,
1068 1642 1154 1693 ῖνα
1170 1641 1270 1712 τὴν
1285 1638 1526 1693 τοσαῦτα
1555 1639 2052 1711 ταλαιπωρήσασαν

472 1723 712 1794 κεφαλὴν
752 1723 968 1793 φύλλοις
1003 1724 1209 1794 δάφνης
1247 1723 1658 1793 ἀναδὴσωνται;
1701 1723 1860 1793 ’Υμῖν
1893 1724 1949 1777 δὲ
1990 1725 2052 1778 οὐ

471 1808 730 1874 στέφανος
773 1808 1010 1880 δάφνης.
1055 1808 1190 1860 ἀλλά
1235 1807 1497 1876 στέφανος
1536 1807 1882 1880 δικαιοσύνης
1921 1811 2054 1879 πρό-

471 1908 648 1943 κειται
691 1891 792 1961 τῆς
832 1893 1148 1962 ἀκροάσεως
1174 1892 1202 1944 6
1235 1890 1445 1961 μισθὸς,
1479 1891 1573 1943 καὶ
1605 1889 1727 1943 οὐδὲ
1758 1891 1918 1961 μέχρι
1960 1908 2049 1961 με-

472 1974 748 2045 σημϐρίας
801 1975 975 2046 μέσης
1027 1976 1171 2045 ὑμᾶς
1215 1975 1540 2046 κατέχομεν,
1588 1973 1704 2028 ἀλλ’
1743 1975 1838 2028 ἀπ’
1873 1975 2052 2028 αὐτῶν

469 2059 577 2111 τῶν
604 2059 902 2130 προοιμίων
926 2060 1024 2130 τῆς
1047 2059 1319 2130 ὑμετέρας
1337 2060 1499 2112 ἓνεκα
1524 2059 1817 2130 ὀλιγωρίας
1843 2059 2054 2128 διαφίε-

474 2160 601 2211 μεν,
644 2143 725 2196 ἔτι
763 2142 857 2196 τοῦ
892 2144 1054 2215 ἀέρος
1091 2143 1246 2207 ὄντος
1292 2142 1670 2215 ψυχροτέρου,
1718 2143 1814 2196 καὶ
1848 2143 1910 2196 οὐ
1936 2143 2052 2197 δια-

468 2226 899 2298 θερμαινομένου
951 2228 1072 2290 ταῖς
1121 2225 1228 2280 ἀπὸ
1269 2225 1376 2279 τῶν
1421 2227 1658 2280 ἀκτίνων
1715 2225 1934 2296 βολαῖς.
1989 2227 2050 2280 οὐ

469 2311 652 2378 γυμνῇ
683 2311 748 2380 τῇ
787 2308 997 2380 κεφαλῇ
1034 2309 1350 2372 κελεύοντες
1381 2309 1526 2380 ὑμᾶς
1551 2309 1648 2379 τὴν
1680 2310 1872 2363 ἀκτῖνα
1905 2310 2053 2380 δέχε-

473 2392 618 2454 σθαι,
640 2391 754 2444 ἀλλ’
786 2393 893 2446 ὑπὸ
919 2393 1008 2446 τὸν
1034 2393 1348 2464 θαυμαστὸν
1375 2392 1565 2446 τοῦτον
1593 2393 1800 2464 ἀγομεν
1832 2393 2049 2466 ὀροφον,

473 2475 566 2527 καὶ
587 2476 686 2546 τὴν
709 2476 816 2528 ἀπὸ
831 2478 929 2544 τῆς
949 2475 1146 2546 στέγης
1164 2476 1481 2547 παρέχομεν
1512 2476 1867 2548 παραμυθίαν
1889 2478 2053 2530 παντὶ

471 2559 658 2631 τρόπῳ
698 2559 1039 2624 ἐπινοοῦντες
1069 2561 1197 2630 ὐμῖν
1235 2560 1441 2623 ἀνεσιν,
1474 2559 1614 2613 ὥστε
1663 2561 1916 2628 γενέσθαι
1943 2563 2052 2614 τῶν

470 2641 776 2715 λεγομένων
809 2645 1033 2716 μόνιμον
1072 2646 1172 2714 τὴν
1206 2643 1490 2714 ἀκρόασιν.
1538 2644 1630 2716 Μὴ
1667 2644 1731 2714 δὴ
1766 2645 2052 2716 γενώμεθα

478 2726 851 2800 μαλακώτεροι
888 2727 998 2780 τῶν
1025 2728 1253 2781 παιδίων
1279 2727 1388 2780 τῶν
1424 2727 1712 2799 ἡμετέρων
1732 2727 1839 2782 τῶν
1866 2731 1946 2793 είς
1973 2731 2052 2784 δι-

472 2808 767 2864 δασκαλεῖα
814 2809 1172 2881 βαδιζόντων’
1207 2813 1393 2865 ἐκεῖνα
1433 2812 1539 2882 πρὸ
1570 2811 1672 2882 τῆς
1703 2814 2053 2884 μεσημϐρίας

471 2895 533 2946 οὐ
555 2894 727 2966 τολμᾷ
749 2896 1104 2967 ἀναχωρῆσαι
1125 2895 1332 2958 οἴκαδε,
1363 2894 1479 2948 ἀλλ’
1509 2895 1634 2967 ἀρτι
1664 2894 1758 2948 τοῦ
1780 2897 2053 2965 γάλακτος

472 2978 916 3042 ἀποσπασθέντα,
950 2977 1075 3051 ἄρτι
1117 2979 1215 3050 τῆς
1250 2977 1421 3050 θηλῆς
1459 2979 1794 3044 ἀποστάντα,
1839 2980 2054 3035 οὐδέπω

471 3061 590 3116 οὐδὲ
619 3062 786 3116 πέντε
810 3063 948 3116 ἐτῶν
976 3063 1191 3134 ἡλικίαν
1222 3063 1442 3132 ἄγοντα,
1467 3063 1523 3116 ἐν
1542 3061 1720 3135 νεαρῷ
1743 3063 1837 3116 καὶ
1858 3063 2052 3136 άπαλῷ

477 3144 689 3216 σώματι
720 3148 902 3200 πᾶσαν
927 3147 1225 3218 καρτερίαν
1259 3146 1630 3200 ἐπιδείκνυται
1650 3164 1664 3177 ο
1702 3148 1806 3200 κᾶν
1838 3149 2048 3216 πνῖγος,

471 3229 574 3282 κᾶν
611 3229 782 3299 δίψος,
815 3230 918 3284 κᾶν
948 3230 1077 3285 ἀλλο
1100 3228 1279 3285 ὁτιοῦν
1313 3231 1642 3302 παρενοχλῇ,
1671 3231 1806 3302 πρὸς
1834 3248 2052 3303 μεσημη

474 3313 636 3384 ϐρίαν
670 3313 840 3384 μέσην
867 3314 1236 3385 διακαρτερεῖ,
1284 3315 1376 3368 καὶ
1428 3314 1853 3386 ταλαιπωρεῖται
1888 3317 1944 3370 ἐν
1973 3315 2052 3385 τῷ

467 3396 822 3477 διδασκαλείῳ
868 3396 1171 3467 καθήμενα.
1215 3398 1277 3450 Εἰ
1331 3399 1424 3451 καὶ
1466 3398 1670 3468 μηδένα
1713 3393 1807 3453 οὖν
1841 3399 2049 3470 ἕτερον,

472 3480 653 3534 ἐκεῖνα
688 3479 1059 3551 μιμησώμεθα
1100 3481 1168 3533 τά
1206 3480 1396 3534 παιδία
1449 3483 1610 3551 ἡμεῖς
1655 3483 1704 3534 οί
1757 3480 1950 3552 ἄνδρες
2000 3484 2051 3536 οἱ

473 3561 776 3628 φθάσαντες
820 3565 899 3626 είς
951 3565 1148 3634 μέτρον
1178 3565 1414 3636 ἡλικίας.
1449 3565 1511 3618 Et
1551 3564 1660 3634 γὰρ
1698 3566 1824 3628 τοὺς
1862 3565 2050 3633 λόγους

471 3647 597 3710 τούς
637 3649 763 3718 περὶ
798 3649 1001 3720 ἀρετῆς
1051 3648 1125 3720 μὴ
1158 3648 1486 3719 ἀνεχόμεθα.
1506 3649 1748 3714 ἀκούειν,
1800 3650 1881 3712 τίς
1920 3653 2051 3722 ἡμῖν

478 3729 762 3783 πιστεῦσαι
787 3731 1096 3803 δυνήσεται,
1126 3733 1206 3785 ὅτι
1238 3734 1364 3795 τοὺς
1388 3733 1584 3796 πόνους
1613 3733 1740 3795 τοὺς
1765 3732 1902 3804 ὑπὲρ
1949 3734 2048 3805 τῆς

473 3813 675 3884 ἀρετῆς
723 3814 1136 3887 ὐπομενοῦμεν;
1187 3819 1237 3870 εί
1286 3816 1422 3887 πρὸς
1467 3817 1568 3888 τὴν
1610 3815 1873 3888 ἀκρόασιν
1910 3815 2052 3871 οὕτω

474 3897 767 3966 βάναυσοι,
799 3899 960 3953 πόθεν
985 3900 1165 3971 δῆλον,
1207 3900 1288 3953 ὅτι
1330 3899 1468 3969 πρὸς
1510 3899 1608 3970 τὴν
1642 3899 1842 3966 πρᾶξίν
1882 3903 2053 3972 ἐσμεν

470 3980 918 4055 διεγηγερμένοι;
959 3987 1008 4037 εί
1037 3985 1098 4037 τὸ
1125 3983 1496 4054 εὐκολώτερον
1520 3981 2047 4054 παραπεμψώμεθα,

471 4065 590 4129 πῶς
617 4067 678 4120 τὸ
702 4065 1101 4140 δυσκολώτερον
1128 4067 1385 4138 οἴσομεν;
1421 4065 1584 4121 Ἀλλά
1610 4067 1778 4140 πολλὴ
1809 4069 1841 4138 ἡ
1871 4084 2051 4122 στενοο

473 4150 668 4222 χωρία,
703 4151 872 4222 πολλὴ
900 4153 934 4223 ἡ
968 4151 1078 4222 βία.
1124 4152 1263 4204 Ἀλλ’
1301 4151 1532 4204 ἄκουσον
1570 4151 1650 4203 ὅτι
1688 4151 1904 4220 βιασταὶ
1949 4153 2050 4223 ἀρ-

474 4233 705 4296 πάζουσι
736 4233 836 4303 τὴν
863 4234 1137 4304 βασιλείαν
1171 4234 1280 4286 τῶν
1332 4233 1607 4304 οὐρανῶν,
1645 4234 1725 4286 δτι
1757 4235 1914 4304 στενὴ
1957 4236 2051 4289 καὶ

471 4315 804 4386 τεθλιμμένη
829 4320 861 4388 ἡ
887 4317 1003 4381 ὁδὸς
1033 4319 1066 4388 ἡ
1099 4319 1389 4384 ἀπάγουσα
1437 4318 1516 4379 είς
1557 4316 1654 4387 τὴν
1687 4316 1853 4388 ζωὴν.
1897 4318 2051 4372 Ἐπεὶ

471 4393 565 4450 οὖν
591 4398 782 4469 στενὴν
816 4401 908 4454 καὶ
922 4400 1291 4470 τεθλιμμένην
1312 4398 1431 4453 ὁδὸν
1455 4398 1767 4469 βαδίζομεν,
1799 4401 1881 4453 δεῖ
1901 4401 2046 4470 ἡμᾶς

474 4481 574 4534 καὶ
603 4482 831 4544 ἑαυτοὺς
866 4486 1215 4554 στενοχωρεῖν
1250 4483 1342 4535 καὶ
1363 4481 1589 4546 θλίϐειν,
1616 4483 1702 4534 ἵνα
1731 4483 2050 4555 δυνηθῶμεν

471 4562 742 4618 διοδεῦσαι
775 4556 876 4635 τὴν
918 4565 1109 4636 στενὴν
1143 4567 1236 4618 καὶ
1275 4563 1644 4635 τεθλιμμένην
1675 4565 1812 4618 ὀδόν.
1856 4565 1915 4618 Ὀ
1942 4567 2051 4635 γὰρ

406 4651 412 4668 ¹
472 4647 829 4716 ἐμπλατύνων
871 4649 1082 4714 ἑαυτὸν,
1132 4651 1233 4702 οὐκ
1269 4649 1334 4702 ἂν
1357 4647 1500 4702 οὕτω
1539 4647 1736 4720 ῥᾳδίως
1766 4647 1863 4719 τὴν
1901 4649 2051 4701 ἐστε-

470 4732 719 4802 νωμένην
760 4731 878 4784 ὁδὸν
921 4731 1240 4804 διαδράμοι,
1279 4731 1392 4784 ἀλλ’
1425 4734 1452 4784 6
1484 4732 1741 4802 συνέχων,
1797 4733 1890 4784 καὶ
1938 4731 2051 4784 θλί-

471 4817 601 4879 ϐων,
632 4817 725 4870 καὶ
756 4817 978 4881 πιέζων.

547 4942 612 5010 β’.
639 4945 774 4997 Οὐδὲ
797 4945 904 5017 γάρ
927 4946 1056 5018 περὶ
1075 4945 1183 4998 τῶν
1210 4945 1478 5014 τυχόντων
1499 4943 1648 4996 ἐστὶν
1672 4944 1804 5013 ἡμῖν
1829 4944 1860 5013 ἡ
1891 4943 2051 5014 ζήτη-

476 5042 559 5090 σις
582 5029 839 5098 τήμερον,
865 5029 979 5082 ἀλλ’
1001 5030 1142 5098 ὑπὲρ
1175 5028 1489 5098 ζητήματος
1511 5025 1610 5095 τὴν
1632 5027 1808 5097 ἀρχὴν
1833 5026 1931 5096 μὲν
1953 5026 2051 5078 λα-

476 5109 662 5172 ϐόντος
699 5109 844 5179 χθὲς,
869 5113 968 5180 τὴν
995 5113 1052 5164 δὲ
1093 5111 1246 5165 λύσιν
1272 5110 1347 5181 μὴ
1381 5110 1639 5173 λαϐόντος
1673 5109 1763 5162 διὰ
1785 5109 1846 5162 τὺ
1882 5109 2051 5163 πολλά

475 5193 728 5260 γενέσθαι
765 5196 832 5246 τὰ
867 5195 1258 5267 προϐληθέντα.
1309 5194 1374 5248 Τί
1417 5193 1482 5264 δὴ
1537 5193 1693 5246 τοῦτό
1725 5195 1869 5255 ἐστι;
1916 5193 2052 5263 Περὶ

474 5277 578 5344 τῆς
605 5275 713 5329 τῶν
735 5275 1013 5346 ὀνομάτων
1040 5278 1241 5342 θέσεως
1265 5276 1588 5348 ἐζητοῦμεν,
1619 5275 1762 5346 ἀπερ
1814 5275 2050 5344 ἐπέθηκε

476 5361 588 5427 τοῖς
611 5358 787 5426 ἀγίοις
812 5362 841 5412 6
867 5359 1017 5424 Θεός.
1049 5360 1218 5414 Τοῦτο
1240 5361 1294 5414 δὲ
1321 5360 1381 5413 τὸ
1404 5361 1636 5430 πρᾶγμα
1663 5359 1810 5411 δοκεῖ
1833 5357 1931 5426 μὲν
1964 5359 2052 5426 ψι-

473 5442 567 5495 λδν
590 5438 753 5500 εἶναι,
785 5442 838 5494 εῖ
869 5459 954 5506 τις
993 5443 1246 5498 ἀκούσειε
1267 5461 1279 5474 ⁸
1319 5445 1487 5497 πολὺν
1512 5443 1570 5495 δὲ
1599 5441 1712 5512 ἔχει
1753 5440 2047 5510 θησαυρὸν,

475 5527 530 5580 εί
552 5543 634 5588 τις
670 5525 810 5595 μετά
831 5525 1112 5594 ἀκριϐείας
1142 5527 1420 5598 προσέχοι.
1450 5527 1560 5580 Καὶ
1587 5525 1696 5595 γὰρ
1721 5527 1817 5593 τὴν
1859 5527 2050 5594 χρυσῖ-

476 5625 561 5662 τιν
593 5609 696 5678 γῆν
726 5608 822 5678 τὴν
853 5610 910 5660 ἐν
942 5611 1054 5672 τοῖς
1088 5611 1370 5679 μετάλλοις
1407 5611 1665 5679 κειμένην
1689 5609 1738 5660 οἱ
1771 5606 1866 5675 μὲν
1894 5606 2050 5659 ἄπει-

481 5708 564 5757 ροι
594 5693 683 5746 καὶ
729 5691 911 5756 ἁπλῶς
941 5692 1172 5763 ὁρῶντες
1219 5695 1319 5762 γῆν
1366 5693 1677 5762 νομίζουσιν
1709 5686 1846 5742 εἶναι
1891 5688 2050 5759 μόλον

1184 273 1242 333 S.
1281 273 1562 332 JOANNIS
1600 275 2090 336 CHRYSOSTOMI
2132 277 2450 335 ARCIIIEP.
2491 269 3038 330 CONSTANTINOP.

3638 264 3740 320 126

2157 377 2338 449 ψιλὴν,
2385 378 2480 432 καὶ
2517 379 2669 432 οὐδὲν
2701 379 2861 432 πλέον
2896 377 3039 450 ἔχειν
3071 378 3170 448 τῆς
3203 376 3392 450 ἐτέρας
3413 394 3426 408 ·
3449 379 3497 430 οί
3529 377 3586 432 δὲ
3621 383 3737 446 τοῖς

2155 470 2455 542 ὀφθαλμοῖς
2475 474 2573 542 τῆς
2595 471 2787 542 τέχνης
2817 471 3324 542 καταμανθάνοντες
3349 470 3494 522 ῖσασι
3515 471 3614 540 τῆς
3635 471 3743 540 γῆς

2155 563 2360 634 ταύτης
2381 563 2481 634 τὴν
2507 563 2812 631 εὐγένειαν,
2833 565 2925 616 καὶ
2948 563 3024 632 τῷ
3041 561 3186 634 ’πυρὶ
3212 559 3544 633 παραδόντες
3568 562 3740 634 αὐτῆς

2154 654 2253 723 τὴν
2289 653 2543 724 βάσανον,
2568 655 2786 708 ἃπασαν
2809 654 2978 722 αὐτῆς
3009 651 3408 707 ὲκκαλύπτουσι
3446 652 3544 724 τὴν
3572 654 3744 725 ὑπερ-

2155 747 2307 817 οχὴν.
2338 745 2494 799 Οὕτω
2537 745 2601 817 δὴ
2633 746 2729 799 καὶ
2768 747 2861 798 ἐπὶ
2905 745 3014 799 τῶν
3047 744 3207 798 θείων
3245 742 3508 816 Γραφῶν,
3538 744 3590 798 οί
3644 743 3743 814 μὲν

2155 840 2342 904 ἁπλῶς
2386 837 2535 911 [ΗΟ]
2577 838 3046 906 ἀναγινώσκοντες
3076 837 3145 890 τά
3187 837 3493 909 γράμματα
3514 877 3528 899 ,
3554 837 3744 910 γράμ-

2157 950 2303 1005 ματα
2324 930 2463 985 εἶναι
2485 931 2767 1002 νομίζουσι
2795 931 2928 1001 ψιλά
2954 931 3047 985 καὶ
3075 929 3184 984 τῶν
3214 929 3390 984 ἀλλων
3410 930 3574 984 πλέον
3595 929 3743 1000 ἔχειν

2154 1025 2305 1078 οὐδέν
2325 1041 2340 1056 ο
2371 1026 2420 1078 οί
2456 1025 2512 1078 δὲ
2540 1027 2651 1087 τοῖς
2679 1024 2778 1092 τῆς
2812 1025 3048 1086 πίστεως
3077 1022 3375 1094 ὀφθαλμοῖς
3405 1022 3544 1076 αὐτά
3571 1039 3742 1076 κατα-

2159 1115 2544 1185 μανθάνοντες,
2577 1113 2828 1186 καθάπερ
2861 1116 3060 1168 ἐκεῖνοι
3087 1116 3200 1178 τοῖς
3222 1114 3322 1184 τῆς
3349 1113 3548 1185 τέχνης
3571 1111 3743 1185 ὀργά-

2155 1225 2288 1271 νοις,
2335 1207 2468 1278 πυρὶ
2508 1206 2603 1260 τοῦ
2635 1207 2954 1277 Πνεύματος
2997 1204 3384 1277 παραδιδόντες
3423 1203 3606 1257 αὐτῶν
3642 1202 3742 1276 τὴν

2157 1301 2422 1366 ἐξέτασιν,
2455 1299 2670 1354 ἅπαντα
2696 1299 2787 1352 τὸν
2821 1298 3024 1370 χρυσὸν
3053 1299 3230 1352 αὐτῶν
3263 1297 3481 1368 ὀψονται
3518 1297 3738 1368 ῥᾳδίως.

2157 1390 2329 1444 Πόθεν
2356 1387 2447 1444 οὖν
2476 1392 2508 1462 ἡ
2550 1391 2692 1462 ἀρχὴ
2729 1391 2828 1461 τῆς
2855 1391 3138 1461 ζητήσεως
3159 1389 3419 1459 γέγονεν;
3458 1389 3600 1442 Οὐδὲ
3631 1388 3741 1460 γάρ

2156 1483 2342 1546 ἁπλῶς
2374 1484 2714 1553 ὲνεπέσαμεν
2747 1485 2825 1546 είς
2853 1482 2953 1554 τὴν
2982 1482 3366 1556 πραγματείαν
3392 1481 3620 1552 ταύτην,
3654 1481 3741 1533 ἵνα

2158 1575 2232 1644 μή
2263 1590 2346 1636 τις
2375 1572 2536 1643 ἡμῶν
2571 1573 2830 1644 ἀκαιρίαν
2866 1571 3251 1644 καταγινώσκῃ
3272 1588 3284 1601 ·
3316 1571 3432 1626 ἀλλ’
3455 1571 3739 1642 ἐπεθυμή-

2156 1682 2331 1735 σαμεν
2353 1668 2530 1718 εἰπεῖν
2557 1665 2626 1718 τά
2654 1664 2867 1718 Παύλου
2902 1662 3329 1736 κατορθώματα,
3351 1665 3461 1718 τῶν
3475 1664 3740 1736 Πράεεων

2153 1759 2261 1811 τῶν
2314 1758 2694 1812 άποστολικῶν
2751 1759 2881 1828 ὑμῖν
2940 1755 3543 1828 ὐπαναγινωσκομένων
3569 1796 3586 1819 ,
3647 1759 3743 1809 καὶ

2154 1850 2411 1922 ἡψάμεθα
2437 1851 2531 1905 τοῦ
2557 1851 2845 1923 προοιμίου
2872 1851 2972 1922 τῆς
2994 1850 3236 1922 ἱστορίας
3256 1866 3270 1880 ⁸
3288 1849 3539 1921 ηῦραμεν
3560 1849 3618 1901 δὲ
3641 1850 3743 1918 τὴν

2154 1941 2327 2012 ἀρχὴν
2371 1941 2462 1994 τοῦ
2511 1941 2851 2013 διηγήματος
2890 1941 3063 2003 οὕτως
3108 1939 3372 2012 ἔχουσαν
3408 1937 3741 2002 Σαῦλος-’δὲ

2153 2033 2239 2086 ἐτι
2283 2032 2558 2100 ἐμπνέων
2598 2031 2855 2099 ἀπειλῆς
2890 2032 2985 2084 καί
3033 2032 3224 2099 φόνου
3256 2033 3343 2096 είς
3382 2029 3524 2095 τσὺς
3553 2031 3743 2097 μαθη-

2155 2125 2261 2191 τὰς
2291 2124 2396 2179 τοῦ
2426 2126 2667 2193 Kvplov.
2689 2125 2906 2190 Εὐθέως
2934 2127 3079 2196 ὑμᾶς
3102 2124 3414 2196 διετάραξεν
3442 2125 3476 2194 ἡ
3502 2122 3596 2177 τοῦ
3623 2122 3740 2174 ὀνό-

2157 2235 2326 2288 ματος
2371 2219 2668 2291 ἐναλλαγὴ·
2716 2219 3041 2291 εὑρίσκομεν
3067 2217 3171 2288 γάρ
3190 2217 3248 2270 ἐν
3262 2214 3740 2280 ταῖςἘπιστολαῖς

2153 2311 2427 2374 ἀπάσαις,
2465 2313 2560 2365 καὶ
2595 2313 2654 2363 ἐν
2691 2314 2806 2374 τοῖς
2837 2309 3145 2382 προοιμίοις
3177 2307 3406 2371 ἐκείνοις
3436 2308 3501 2361 οὐ
3531 2304 3741 2359 Σαῦλον

2155 2403 2337 2460 αὐτὸν.
2380 2403 2516 2455 ἀλλά
2561 2402 2774 2456 Παῦλον
2801 2400 3158 2471 καλούμενον,
3193 2397 3471 2452 καὶτοῦτο
3499 2397 3602 2451 οὐκ
3646 2394 3742 2450 ἐπὶ

2153 2495 2344 2549 τούτου
2395 2495 2580 2566 μόνου,
2614 2494 2749 2547 ἀλλά
2779 2496 2872 2547 καὶ
2902 2493 2995 2547 ἐπὶ
3049 2492 3258 2545 πολλῶν
3293 2492 3494 2564 ἐτέρων
3519 2489 3743 2560 γινόμε-

2153 2606 2260 2643 νον.
2301 2589 2408 2643 Καὶ
2439 2589 2547 2658 γὰρ
2591 2587 2685 2640 καὶ
2712 2589 2739 2640 6
2773 2586 2978 2657 Πέτρος
3013 2586 3196 2655 Σίμων
3219 2583 3438 2662 ἐλέγετο
3478 2583 3586 2653 πρὸ
3615 2581 3744 2634 τού-

2152 2697 2246 2733 του
2270 2722 2282 2742 ,
2315 2681 2408 2734 καὶ
2433 2680 2500 2733 τά
2539 2680 2705 2732 τέκνα
2740 2677 3022 2732 Ζεϐεδαίου
3062 2677 3316 2740 Ἰάκωϐος
3352 2677 3448 2728 καὶ
3484 2675 3744 2744 Ἰωάννης

2155 2773 2275 2825 Υἱοὶ
2327 2772 2555 2843 βροντῆς
2595 2772 3099 2844 μετωνομάσθησαν
3136 2770 3388 2841 ὓστερον,
3432 2768 3531 2822 καὶ
3571 2769 3634 2820 ἐν
3675 2770 3741 2838 τῇ

2155 2864 2370 2934 Παλαιᾷ
2397 2863 2452 2916 δὲ
2479 2863 2540 2916 τὸ
2579 2865 2698 2926 ἔθος
2729 2862 2860 2916 αὐτὸ
2891 2861 3048 2916 τοῦτο
3099 2863 3197 2915 ἴδοι
3234 2878 3319 2923 τις
3344 2860 3408 2915 ἂν
3457 2861 3546 2912 ἐπ’
3580 2859 3743 2912 ἐνίων

2155 2957 2437 3028 κρατῆσαν
2458 2972 2470 2985 ·
2499 2956 2593 3007 καὶ
2621 2954 2730 3023 γὰρ
2757 2955 2786 3006 6
2823 2952 3073 3023 Ἀϐραὰμ
3097 2950 3361 3023 πρότερον
3402 2949 3621 3020 Ἀϐρὰμ
3649 2949 3740 3002 λε-

2153 3047 2382 3117 γόμενος
2415 3046 2553 3116 μετὰ
2597 3045 2771 3099 ταῦτα
2827 3043 3080 3114 Ἀϐραὰμ
3111 3042 3380 3105 ἐκαλεῖτο,
3425 3040 3521 3093 καὶ
3553 3040 3744 3112 Σάρρα

2155 3141 2261 3212 πρὸ
2305 3141 2494 3194 τούτου
2534 3140 2704 3212 Σάρα,
2750 3137 2888 3209 μετά
2912 3136 2970 3190 δὲ
3001 3135 3172 3189 ταῦτα
3198 3136 3384 3206 Σάρῤα
3417 3133 3740 3205 ὠνομάσθη,

2155 3235 2250 3286 καὶ
2276 3233 2304 3284 6
2347 3231 2539 3286 Ἰακὼϐ
2566 3231 2620 3285 δὲ
2647 3229 2787 3302 μετὰ
2815 3229 2990 3283 ταῦτα
3029 3227 3247 3299 Ἰσραὴλ
3271 3226 3741 3298 προσηγορεύετο·

2153 3331 2354 3384 ἄτοπον
2387 3325 2481 3383 οὖν
2511 3326 2688 3393 ἔδοξεν
2709 3329 2842 3397 ἡμῖν
2873 3323 3012 3378 εἶναι
3038 3321 3296 3377 τοσοῦτον
3329 3321 3616 3393 ὀνομάτων
3649 3322 3743 3394 θη-

2155 3423 2356 3494 σαυρὸν
2385 3420 2768 3491 παραδραμεῖν
2812 3416 3019 3480 ἁπλῶς.
3057 3413 3229 3468 Τοῦτο
3273 3413 3332 3467 δὲ
3378 3414 3472 3466 καὶ
3516 3413 3610 3466 ἐπὶ
3641 3413 3740 3482 ἀρ-

2153 3517 2356 3586 χόντων
2385 3515 2492 3568 τῶν
2535 3512 2732 3578 ἔξωθεν
2760 3509 3056 3580 συμϐαῖνον
3084 3507 3237 3578 εῦροι
3265 3523 3347 3568 τις
3371 3506 3439 3560 ἀν
3461 3523 3472 3536 ·
3504 3506 3602 3558 καὶ
3633 3506 3741 3574 γάρ

2154 3607 2246 3661 καὶ
2278 3605 2509 3668 ἐκείνοις
2556 3602 2779 3665 διπλοῦς
2806 3602 2834 3652 6
2867 3597 3257 3671 χρηματισμὸς
3288 3596 3396 3648 τῶν
3431 3596 3737 3666 ὀνομάτων.

2154 3700 2297 3770 Ὅρα
2337 3698 2428 3752 δέ·
2467 3695 2778 3759 Διεδέξατο
2802 3733 2816 3758 ,
2864 3691 3030 3763 φησὶ,
3070 3689 3177 3744 τὸν
3209 3689 3446 3755 Φήλικα
3488 3690 3740 3756 Πόρτιος

2151 3791 2391 3859 Φῆστος
2409 3809 2420 3821 ·
2453 3791 2549 3844 καὶ
2581 3787 2740 3842 πάλιν
2760 3827 2775 3852 ,
2810 3783 3018 3852 Συνῆν
3045 3799 3136 3848 τις
3160 3779 3240 3845 τῷ
3271 3777 3598 3843 ἀνθυπάτῳ
3639 3795 3742 3830 κα-

2150 3883 2430 3953 λουμένῳ
2453 3880 2674 3949 Σεργίῳ
2703 3878 2924 3943 Παύλῳ
2941 3893 2953 3906 ·
2985 3877 3080 3928 καὶ
3107 3875 3136 3926 6
3164 3872 3254 3925 τὸν
3277 3869 3518 3942 Χριστὸν
3547 3869 3738 3931 ἐκδοὺς

2151 3979 2263 4040 τοῖς
2298 3973 2574 4036 Ἰουδαίοις
2615 3971 2837 4032 Πόντιος
2872 3968 3100 4030 Πιλάτος
3125 3965 3363 4033 ἐλέγετο.
3393 3963 3467 4017 Οὐ
3491 3966 3607 4026 τοῖς
3641 3961 3739 4030 ἀρ-

2150 4086 2304 4140 χουσι
2343 4067 2399 4120 δὲ
2444 4065 2626 4137 μόνον,
2649 4061 2786 4116 ἀλλά
2819 4062 2913 4114 καὶ
2942 4063 3054 4122 τοῖς
3080 4055 3443 4129 στρατιώταις
3474 4054 3738 4111 πολλάκις

2148 4161 2314 4215 διπλᾶ
2344 4160 2414 4213 τά
2451 4157 2712 4226 ὀνόματα,
2763 4154 2992 4213 καὶτοῖς
3025 4149 3115 4202 τὸν
3155 4147 3425 4202 ἰδιωτικὸν
3453 4147 3727 4218 ἀνῃρημέ-

2149 4269 2261 4315 νοις
2294 4251 2408 4320 βίον
2443 4248 2550 4301 ἀπὸ
2576 4245 2751 4307 αἰτίας
2797 4242 2940 4298 τινὸς
2986 4243 3078 4293 καὶ
3109 4239 3415 4301 ὑποθέσεως
3444 4237 3609 4308 διπλῆ
3644 4238 3734 4304 γέ-

2150 4363 2306 4416 γονεν
2337 4347 2370 4414 ἡ
2405 4338 2768 4415 προσηγορία.
2813 4336 2954 4390 Ἀλλ’
2994 4335 3136 4406 ὑπὲρ
3171 4333 3270 4403 μὲν
3312 4333 3542 4385 ἐκείνων
3584 4333 3735 4386 οὐδὲν

2152 4445 2286 4514 ἡμῖν
2318 4440 2510 4510 ὄφελος
2538 4436 2722 4504 ζητεῖν
2749 4434 2912 4486 πόθεν
2943 4430 3118 4493 οὕτως
3146 4427 3459 4498 ἐκλήθησαν
3479 4445 3493 4459 ·
3526 4429 3658 4482 ὅταν
3681 4430 3734 4481 δὲ

2150 4538 2179 4590 ὁ
2211 4533 2341 4596 Θεὸς
2365 4529 2643 4602 ὀνομάζῃ,
2687 4529 2868 4580 πᾶσαν
2905 4522 3311 4578 ἐπιδείκνυσθαι
3351 4521 3590 4592 σπουδὴν
3631 4524 3733 4593 χρη

2151 4630 2226 4692 ὡς
2254 4629 2436 4698 εὑρεῖν
2467 4625 2562 4695 τὴν
2599 4622 2796 4676 αἰτίαν.

2223 4742 2388 4796 Οὐδὲν
2415 4739 2524 4809 γὰρ
2549 4735 2731 4798 ἁπλῶς
2759 4732 2882 4786 οὐτε
2906 4731 3031 4800 εἰκῆ
3057 4730 3180 4782 οὐτε
3206 4731 3381 4783 ποιεῖν
3407 4728 3534 4782 οὔτε
3561 4729 3734 4796 λέγειν

2150 4838 2178 4888 ὁ
2212 4835 2341 4895 Θεὸς
2377 4830 2566 4884 εἴωθεν
2589 4871 2602 4891 ,
2643 4825 2756 4879 ἀλλ’
2791 4825 3024 4877 ἕκαστον
3058 4823 3197 4891 μετά
3227 4822 3328 4890 τῆς
3360 4821 3514 4892 αὐτῷ
3567 4838 3730 4892 προσ-

2149 4928 2389 5000 ηκούσης
2435 4923 2644 4992 σοφίας.
2679 4920 2742 4972 Τί
2777 4917 2973 4988 δήποτε
3000 4911 3093 4968 οὖν
3135 4914 3338 4976 Σαῦλος
3366 4913 3616 4982 ἐλέγετο,
3647 4915 3730 4967 ὅτε

2153 5022 2394 5080 ἐδίωκεν,
2431 5017 2524 5070 καὶ
2557 5013 2768 5074 Παῦλος
2817 5006 3245 5080 μετωνομάσθη,
3285 5008 3374 5058 ὅτε
3413 5007 3732 5073 ἐπίστευσε;

2151 5109 2310 5170 Τινές
2361 5122 2523 5175 φασιν
2569 5105 2649 5155 ὅτι
2703 5100 2867 5170 ἡνίκα
2915 5098 3013 5167 μὲν
3047 5095 3296 5164 ἐθορύϐει
3340 5095 3432 5147 καὶ
3469 5096 3731 5168 ἐτάραττε

2151 5201 2246 5254 καὶ
2282 5197 2531 5266 συνέχεεν
2560 5194 2774 5246 ᾶπαντα
2793 5230 2808 5253 ,
2840 5190 2933 5242 καὶ
2960 5187 3059 5258 τὴν
3106 5187 3436 5258 Ἐκκλησίαν
3483 5189 3731 5250 ἐσάλευε,

2154 5292 2352 5352 Σαῦλος
2390 5288 2624 5356 ἐλέγετο,
2652 5284 2718 5337 δι’
2748 5281 2881 5336 αὐτό
2911 5281 3070 5334 τοῦτο
3097 5281 3159 5334 τὸ
3195 5279 3447 5334 σαλεύειν
3476 5282 3580 5351 τὴν
3618 5282 3733 5334 Ἐκ-

2153 5384 2402 5455 κλησίαν.
2449 5380 2557 5433 ἀπὸ
2591 5377 2685 5445 τοῦ
2729 5377 3054 5446 πράγματος
3095 5372 3273 5426 λαϐὼν
3316 5373 3420 5443 τὴν
3458 5391 3733 5446 προσηγο-

2157 5479 2276 5548 ρίαν
2297 5493 2310 5506 -
2348 5471 2534 5540 ἐπειδὴ
2558 5469 2615 5522 δὲ
2643 5469 2856 5535 ἀπέστη
2888 5466 2987 5536 τῆς
3027 5466 3226 5536 μανίας
3253 5465 3471 5535 ἐκείνης
3505 5465 3602 5518 καὶ
3642 5466 3734 5534 τὴν

2151 5568 2395 5639 ταραχὴν
2423 5563 2674 5625 ἀπέθετο,
2705 5562 2797 5613 καὶ
2831 5559 2922 5610 τὸν
2945 5559 3181 5628 πόλεμον
3204 5558 3488 5620 κατέλυσε,
3520 5558 3616 5610 καὶ
3644 5555 3733 5609 τοῦ

2154 5662 2368 5716 διώκειν
2405 5656 2699 5710 ἐπαύσατο.
2738 5652 2895 5706 πάλιν
2927 5650 3134 5715 Παῦλος
3167 5650 3272 5703 ἀπὸ
3301 5649 3395 5703 τοῦ
3427 5647 3734 5705 παύσασθαι
