3964 6342
214 389 319 443 11ἔί

205 517 450 558 niensam
481 519 764 575 apponam.
816 506 915 563 Vel
969 509 1143 579 potius
1191 508 1239 564 iul
1282 511 1424 581 agite
1447 553 1461 573 ,
1493 513 1634 582 quod
1666 527 1805 567 nunc

204 594 404 649 dicam.
449 594 556 652 Vos
584 600 673 668 qui
703 615 989 669 numquam
1029 602 1227 670 expleri
1263 604 1483 671 potestis
1507 646 1521 668 ,
1555 605 1646 659 sed
1676 620 1806 659 esu-

203 686 326 739 ritis
351 687 633 756 justitiam,
663 706 726 745 ac
750 691 930 758 sititis,
973 694 1311 763 prolixosque
1341 711 1615 751 sermones
1640 713 1801 764 expe-

199 780 312 830 titis
344 820 359 842 ,
401 791 619 851 propter
658 782 879 837 fratrum
914 794 1209 839 vestrorum
1258 787 1675 843 imbecillitatem
1699 790 1800 842 ali—

195 872 328 937 quid
354 873 509 928 sinite
544 874 613 930 dc
657 888 907 934 consueta
947 882 1213 935 sermonis
1258 899 1504 938 mensura
1546 886 1795 940 resecari.

196 960 411 1018 Rursus
443 980 541 1020 vos
567 968 657 1036 qui
687 967 1001 1024 brevitatem
1025 972 1280 1026 orationis
1307 974 1586 1040 adamatis,
1621 984 1673 1029 et
1701 978 1798 1030 im-

200 1044 509 1110 hecilliores
534 1058 684 1122 estis,
717 1060 884 1128 gratia
918 1061 1136 1115 fratrum
1170 1073 1488 1129 vestrorum,
1520 1067 1607 1137 qui
1637 1084 1794 1121 exsa-

193 1145 367 1199 turari
394 1161 497 1200 non
523 1159 765 1217 possunt,
787 1151 1025 1206 laborem
1049 1156 1295 1224 exiguum
1326 1156 1569 1219 tolerate.
1595 1169 1791 1213 vestra-

192 1248 301 1302 que
333 1235 561 1293 invicem
592 1255 756 1296 onera
789 1253 997 1312 portate
1018 1285 1033 1311 ,
1083 1255 1242 1313 atque
1271 1247 1342 1301 ita
1374 1248 1575 1304 Christi
1618 1250 1791 1320 legem

190 1324 485 1397 adimpletc
521 1329 665 1402 (Gal.
706 1331 758 1388 6.
793 1332 872 1404 2).
904 1334 1114 1392 'Nonue
1154 1338 1346 1393 videtis
1390 1339 1791 1412 Olympicorum

191 1415 446 1474 ludorum
498 1420 726 1477 athletas
780 1426 830 1478 in
882 1426 1059 1481 medio
1104 1438 1306 1483 stantes
1355 1429 1563 1486 theatro
1595 1433 1646 1487 iu
1679 1435 1792 1502 ipso

188 1508 422 1565 meridie
453 1519 719 1583 tamquam
751 1514 803 1567 in
856 1515 1070 1572 fornace
1116 1520 1166 1572 in
1204 1520 1376 1573 stadio
1411 1536 1474 1576 ac
1504 1524 1644 1577 nudo
1669 1541 1788 1578 cor-

196 1604 343 1661 pore
368 1593 501 1650 solis
529 1597 715 1655 radios
741 1600 1075 1671 excipientes
1103 1606 1257 1672 quasi
1286 1613 1495 1663 statuas
1518 1609 1783 1677 quasdam

194 1698 395 1746 areas,
413 1693 608 1741 etcum
641 1689 777 1754 sole,
802 1692 1041 1759 pulvere,
1069 1701 1315 1763 aestuque
1338 1711 1599 1767 pugnare,
1630 1707 1687 1750 ut
1710 1707 1788 1752 tot

193 1778 465 1832 aerumnis
479 1788 731 1834 vexatum
756 1795 917 1852 caput
947 1786 1085 1838 lauri
1118 1786 1260 1841 foliis
1285 1790 1600 1843 coronetur?
1620 1789 1782 1846 Vobis

192 1881 384 1923 autem
410 1885 517 1925 non
536 1872 722 1927 laurea
746 1889 972 1938 corona,
996 1879 1088 1932 sed
1106 1879 1336 1948 justitize
1352 1896 1553 1936 corona
1583 1883 1633 1935 in
1655 1899 1785 1953 pra:-

193 1961 371 2014 mium
408 1964 705 2019 auditionis
742 1977 826 2021 est
860 1971 1159 2038 proposita,
1214 1988 1392 2042 neque
1422 1974 1489 2028 ad
1543 1976 1780 2031 medium

190 2067 375 2121 usque
411 2057 685 2111 meridiem
721 2074 816 2112 vos
855 2060 1183 2129 detinemus,
1220 2066 1312 2119 sed
1360 2067 1428 2120 ab
1455 2068 1589 2137 ipsis
1643 2069 1780 2125 lucis

186 2145 438 2196 exrirttiis
465 2162 561 2200 vos
590 2148 918 2208 dimittimus
956 2166 1176 2225 propter
1202 2165 1439 2212 vestram
1482 2160 1777 2230 ignaviam,

185 2238 320 2287 dum
362 2238 541 2291 adhuc
560 2255 651 2294 aer
667 2250 750 2296 est
766 2243 1015 2314 frigidus,
1037 2248 1341 2317 nequedum
1364 2252 1638 2307 radiorum
1658 2269 1777 2307 cre-

183 2324 305 2379 hris
330 2326 572 2393 jaetibus
598 2335 1006 2391 concalefactus
1028 2355 1042 2403 ;
1064 2354 1170 2392 non
1194 2342 1373 2408 capite
1398 2342 1544 2397 nudo
1564 2360 1659 2398 vos
1682 2344 1775 2413 ju-

180 2417 379 2473 bemus
397 2421 529 2477 solis
547 2438 735 2478 aestum
751 2429 1021 2497 excipere,
1042 2431 1134 2484 sed
1157 2434 1258 2487 sub
1274 2436 1531 2489 eximium
1552 2438 1776 2507 laquear

181 2510 335 2564 istud
359 2512 705 2580 deducimus,
731 2533 937 2590 vosque
972 2523 1099 2575 tecti
1129 2524 1326 2579 solatio
1354 2533 1406 2580 et
1428 2543 1773 2599 quocumque

178 2618 384 2670 genere
404 2604 771 2673 iucunditatis
794 2627 823 2666 a
849 2614 1009 2669 nobis
1028 2619 1335 2686 excogitato
1358 2634 1691 2683 recreamus,
1713 2631 1771 2676 ut

174 2709 262 2757 ea,
290 2713 414 2766 quae
444 2699 591 2753 dicta
627 2699 853 2765 fuerint,
886 2706 1090 2761 diutius
1126 2714 1179 2761 et
1209 2711 1553 2766 constantius
1576 2713 1768 2769 audire

174 2789 427 2856 possitis.
453 2788 532 2846 Ne
555 2791 722 2861 igitur
751 2797 996 2864 puerulis
1016 2800 1219 2853 nostris
1246 2801 1522 2857 molliores
1548 2802 1764 2871 ﬁamus,

120 2875 125 2879 ’
170 2878 266 2945 qui
301 2880 524 2937 scholas
550 2881 903 2954 frequentant
934 2906 946 2941 :
982 2889 1058 2941 illi
1090 2896 1217 2944 ante
1241 2891 1518 2945 meridiem
1542 2891 1763 2948 domum

172 2986 281 3024 non
304 2973 510 3029 audent
531 2975 729 3041 redire,
751 2979 844 3033 sed
874 2995 981 3033 non
1002 2980 1073 3034 ita
1092 2982 1298 3051 pridem
1323 2998 1351 3035 a
1373 2983 1510 3038 lacte
1525 2983 1759 3055 depulsi,

166 3062 339 3131 paulo
367 3076 492 3118 ante
506 3068 683 3121 avulsi
712 3068 780 3123 ab
796 3070 985 3134 ubere,
1004 3087 1128 3126 cum
1148 3072 1386 3127 nondum
1400 3075 1642 3145 quinque
1662 3093 1762 3130 an-

166 3165 370 3204 norum
390 3160 604 3208 mtatem
624 3156 1230 3229 attigerint,injuvenili
1246 3177 1308 3217 ac
1323 3173 1514 3217 tenero
1529 3179 1759 3235 corpore

163 3243 524 3299 tolerantiam
557 3262 776 3303 omnem
806 3267 922 3321 pra:
942 3267 1003 3307 se
1033 3254 1213 3308 ferunt
1244 3276 1256 3309 :
1287 3258 1540 3326 quamvis
1567 3266 1753 3324 aestus,

160 3340 422 3401 quamvis
449 3339 594 3402 sitis,
615 3343 870 3410 quamvis
892 3344 1038 3397 aliud
1059 3347 1275 3413 quidvis
1295 3349 1597 3403 molestiam
1623 3349 1757 3404 alle-

158 3435 268 3489 rat,
315 3428 380 3482 ad
407 3431 646 3485 medium
679 3448 857 3503 usque
886 3437 1165 3491 meridiem
1198 3440 1251 3491 in
1278 3440 1463 3494 schola
1499 3441 1753 3496 sedentes

157 3519 451 3575 tolerando
474 3537 537 3575 ac
561 3524 832 3594 patienter
854 3525 1079 3583 ferendo
1096 3542 1467 3598 perseverant.
1492 3531 1680 3603 Itaque
1704 3535 1751 3588 si

153 3611 373 3665 nullum
406 3613 595 3677 alium,
625 3618 889 3685 puerulos
920 3619 1047 3675 illos
1070 3622 1347 3675 imitemur
1372 3639 1473 3678 nos
1505 3626 1627 3689 viri,
1656 3627 1749 3695 qui

150 3705 218 3755 ad
241 3706 453 3775 justam
475 3721 540 3760 ac
562 3708 858 3775 perfectam
883 3721 1097 3768 aetatem
1122 3718 1492 3784 pervenimus.
1520 3718 1576 3773 Si
1601 3721 1746 3775 enim

155 3794 448 3851 institutos
480 3797 548 3852 de
582 3799 788 3855 virtute
820 3818 1104 3860 sermones
1141 3809 1332 3863 audire
1369 3826 1475 3864 non
1505 3812 1746 3867 sustine-

150 3899 301 3949 mus,
324 3888 453 3954 quis
477 3890 638 3945 nohiu
654 3891 881 3948 credere
910 3897 1112 3965 poterit
1134 3915 1234 3953 nos
1254 3900 1471 3956 labores
1490 3902 1746 3957 toleratu-

143 3989 237 4031 ros
260 3993 365 4048 pro
382 3978 581 4036 virtute
604 3983 960 4039 subeundos?
984 3988 1025 4042 si
1054 3988 1118 4040 ad
1148 3991 1477 4044 audiendum
1507 3992 1744 4047 illibera-

146 4066 231 4122 les
276 4072 419 4124 adeo
452 4071 626 4129 simus
659 4089 723 4129 ac
755 4076 1001 4141 sordidi,
1048 4081 1190 4135 unde
1225 4098 1326 4137 nos
1366 4083 1431 4136 ad
1466 4084 1733 4153 agendum

141 4165 515 4233 promptiores
539 4166 653 4223 fore
678 4173 992 4228 constabit?
1012 4174 1055 4226 si
1076 4177 1217 4245 quod
1246 4177 1459 4232 facilius
1475 4180 1737 4234 estomit-

143 4261 355 4315 tamus,
374 4259 653 4322 quomodo
675 4263 821 4330 quod
858 4264 1131 4322 dillirilius
1156 4278 1239 4321 est
1271 4270 1647 4338 perferemus?
1665 4273 1734 4326 At

136 4345 288 4396 enim
310 4347 494 4401 multa:
512 4358 640 4403 sunt
663 4352 763 4405 loci
788 4356 1076 4423 angustia,
1098 4358 1264 4411 nmlta
1281 4359 1730 4425 violentia.Audi,

135 4449 161 4487 s
179 4451 296 4500 ine,
323 4439 469 4504 quod
496 4454 720 4511 regnum
744 4446 1008 4499 etnlorum
1035 4449 1250 4518 rapiant
1269 4452 1487 4506 violenti
1511 4454 1727 4521 (Matth.

138 4526 220 4577 ll.
256 4526 364 4588 t2).
394 4530 542 4597 quod
576 4541 731 4588 arcta
766 4535 837 4589 sit
866 4545 921 4591 et
950 4550 1179 4608 angusta
1194 4543 1302 4606 via,
1336 4558 1457 4614 quae
1487 4547 1639 4600 ducit
1662 4548 1727 4602 ad

132 4618 303 4669 vitam
327 4618 550 4685 (Matth.
572 4620 747 4696 7.“).
764 4627 996 4693 Quando
1019 4631 1187 4698 igitur
1210 4650 1305 4702 per
1332 4646 1536 4690 arctam
1561 4648 1615 4693 et
1639 4655 1733 4694 an-

131 4719 351 4774 gustam
377 4711 521 4765 viain
553 4714 885 4783 incedimus,
909 4736 1011 4775 nos
1025 4723 1189 4777 etiam
1210 4735 1425 4793 oportet
1453 4745 1554 4784 nos
1580 4729 1728 4799 ipsos

130 4809 421 4856 coal-ctare
473 4812 528 4857 et
562 4811 945 4877 comprimere,
996 4822 1055 4867 ut
1092 4826 1299 4871 arctam
1334 4826 1389 4874 et
1434 4830 1725 4892 angustam

130 4891 411 4946 conficere
446 4895 588 4948 viam
621 4902 919 4967 possimus.
951 4903 1081 4958 Nam
1108 4908 1199 4977 qui
1232 4911 1474 4981 seipsum
1501 4913 1720 4978 dilatat,

130 4997 237 5036 non
280 4984 355 5036 ita
415 4984 578 5043 facile
619 4991 757 5045 viam
800 5005 1092 5064 angustam
1140 5013 1445 5074 percurret,
1484 5006 1580 5060 sed
1624 5009 1719 5077 qui

126 5073 376 5140 seipsum
408 5077 651 5143 cohibet,
695 5088 1037 5155 comprimit,
1076 5097 1132 5144 et
1171 5073 1516 5161 constringit.

213 5156 275 5212 2.
324 5160 606 5219 Nominum
654 5175 866 5227 mutatio
909 5181 1085 5245 quanti
1134 5182 1387 5249 facienda.
1443 5188 1728 5260 Scriptura:

120 5263 290 5301 sacra:
329 5255 585 5319 quomodo
631 5258 875 5328 legenda.
928 5297 999 5306 ——
1052 5269 1238 5340 Neque
1283 5277 1425 5329 enim
1471 5279 1538 5333 de
1562 5255 1726 5339 rebus

122 5337 428 5397 trivialibus
453 5350 803 5413 quaestionem
826 5354 1086 5413 habemus
1110 5361 1289 5428 hodie,
1316 5368 1409 5421 sed
1436 5370 1502 5424 de
1529 5388 1585 5427 re
1605 5392 1725 5435 quia:

118 5432 290 5499 coepit
315 5435 529 5503 quidem
553 5439 804 5500 hesterno
837 5448 925 5504 die
966 5457 1210 5523 proponi,
1237 5475 1339 5513 non
1364 5464 1721 5530 potuitautem

118 5522 321 5577 solutio
350 5532 662 5596 quaestionis
687 5536 865 5593 afferri
891 5581 906 5605 ,
941 5557 1158 5613 prepter
1197 5564 1380 5606 eorum
1426 5559 1722 5615 multitudi-

123 5625 273 5679 nem,
292 5631 411 5686 quae
438 5618 647 5678 fuerant
676 5627 727 5680 in
748 5631 978 5687 medium
999 5638 1220 5704 prolata.
1253 5642 1389 5709 Quid
1409 5647 1533 5702 illud
1562 5667 1718 5719 porro

120 5703 243 5756 est?
276 5706 350 5762 De
378 5714 656 5771 nominum
677 5703 1011 5789 impositione
1026 5734 1251 5798 quaestio
1265 5746 1397 5801 erat,
1431 5703 1718 5807 qum'fhéus

118 5798 320 5853 sanctis
357 5801 611 5873 imposuit
683 5810 788 5867 Res
811 5824 987 5872 autem
1018 5820 1115 5874 ista
1141 5826 1313 5881 tenuis
1338 5829 1546 5887 videtur
1569 5851 1709 5905 esse,

1391 399 1477 453 DE
1520 398 1916 455 MUTATIONE
1953 399 2282 461 NOMINUM.
2327 406 2389 464 ΙΙ.

3398 430 3498 486 126

1913 514 1954 567 si
1981 517 2098 585 quis
2128 518 2307 574 audiat
2340 539 2351 575 :
2382 523 2603 579 multum
2636 543 2761 583 vero
2797 534 3028 590 continet
3075 537 3379 598 thesaurum
3405 588 3419 609 ,
3453 551 3498 602 si

1909 612 2028 681 quis
2055 614 2337 685 diligenter
2365 621 2622 678 attendat.
2647 624 2778 680 Nam
2809 639 2860 682 et
2886 646 3102 687 auream
3133 645 3348 703 terram,
3375 657 3495 708 qua:

1911 700 1961 755 in
1987 702 2184 761 fodinis
2216 710 2496 777 reperitur,
2528 713 2774 784 imperiti,
2809 730 2860 773 et
2891 722 2976 790 qui
3004 725 3326 796 negligenter
3348 735 3496 800 aspi—

1906 796 2080 861 ciunt,
2113 808 2307 856 terram
2334 804 2526 859 nudam
2550 809 2721 862 solum
2753 826 2870 868 esse
2900 824 3104 883 putant,
3146 836 3316 891 neque
3341 826 3497 893 quid-

1904 903 2062 956 quam
2112 893 2339 963 amplius
2384 898 2619 961 habere.
2669 918 2825 971 quam
2877 907 3033 961 aliam
3084 915 3323 979 quamvis
3357 935 3369 970 :
3404 919 3494 984 qui

1908 994 2037 1034 vero
2056 982 2185 1035 artis
2212 986 2382 1040 oculis
2409 988 2550 1043 illam
2582 994 2940 1063 considerant,
2976 999 3125 1055 istius
3157 1015 3309 1059 terrae
3341 1008 3493 1062 nobi-

1903 1071 2105 1128 litatem
2158 1090 2454 1148 noverunt,
2498 1092 2554 1137 et
2589 1085 2714 1139 dum
2757 1090 2899 1144 illam
2934 1093 2983 1146 in
3016 1094 3192 1165 ignem
3242 1098 3489 1168 injectam

1903 1165 2157 1232 probant,
2208 1187 2419 1226 onmem
2451 1175 2590 1231 illius
2627 1183 2986 1247 praestantiam
3028 1165 3367 1255 patefaciunt.
3401 1193 3490 1248 Sic

1902 1255 2149 1311 nimirum
2197 1259 2247 1313 in
2289 1264 2455 1318 sacris
2484 1263 2810 1337 Seripturis,
2858 1274 2946 1342 qui
2992 1276 3282 1334 oscitanter
3308 1281 3489 1337 literas

1899 1344 2115 1416 legunt,
2166 1353 2338 1409 nudas
2364 1372 2484 1413 esse
2513 1360 2695 1416 literas
2733 1365 3094 1434 arbitrantur,
3126 1387 3227 1428 nec
3260 1376 3489 1444 amplius

1896 1440 2184 1511 quidquam
2234 1446 2286 1500 in
2318 1464 2376 1502 se
2418 1453 2693 1509 continere
2730 1473 2887 1527 quam
2933 1471 3155 1519 caeteras
3188 1483 3201 1519 :
3243 1470 3332 1536 qui
3362 1485 3488 1524 vero

1897 1530 2019 1586 fidei
2045 1536 2218 1591 oculis
2246 1539 2359 1595 illas
2379 1545 2740 1614 considerant,
2771 1554 3220 1620 quemadmodum
3252 1562 3323 1614 illi
3354 1566 3484 1617 artis

1895 1622 2283 1696 instrumentis,
2316 1633 2528 1691 illarum
2556 1640 2922 1708 probationem
2946 1647 3052 1715 igni
3079 1648 3311 1719 Spiritus
3340 1669 3484 1707 eom-

1893 1718 2186 1786 mittentes,
2218 1733 2383 1779 totum
2413 1729 2618 1784 illarum
2643 1749 2828 1789 aurum
2855 1736 3010 1794 facile
3039 1754 3280 1799 cernent.
3333 1745 3484 1802 Unde

1894 1806 2052 1877 igitur
2088 1817 2398 1881 quaestionis
2443 1820 2649 1877 initium
2689 1833 2773 1880 est
2810 1828 3065 1884 ductum?
3119 1833 3300 1906 Neque
3340 1839 3481 1893 enim

1891 1909 2094 1958 temere
2140 1906 2191 1959 in
2239 1907 2376 1964 hanc
2418 1911 2854 1984 disceptationem
2902 1921 3219 1992 incidimus,
3265 1945 3333 1982 ne
3363 1936 3482 1998 quis

1889 1991 2277 2062 intempestivae
2318 2016 2415 2055 nos
2454 2005 2776 2063 curiositatis
2803 2012 3123 2069 condemnet
3152 2035 3164 2070 :
3194 2018 3287 2072 sed
3310 2062 3323 2079 .
3356 2038 3477 2074 cum

1889 2086 2179 2151 apostolica
2224 2089 2375 2144 vobis
2406 2102 2520 2146 acta
2554 2094 2887 2168 legerentur,
2936 2102 3082 2158 Pauli
3114 2109 3364 2174 pratclara
3398 2111 3477 2163 fa-

1884 2175 2065 2228 cinora
2095 2193 2315 2233 narrare
2342 2183 2685 2252 cupiebatnns
2707 2229 2722 2250 ,
2762 2191 2979 2261 jamque
3022 2195 3258 2252 historia:
3288 2200 3477 2267 attige-

1885 2279 2065 2319 ramus
2119 2269 2397 2325 exordium
2423 2314 2437 2337 ,
2489 2285 2542 2329 et
2583 2277 2663 2330 his
2691 2282 2865 2334 verbis
2900 2298 3214 2356 conceptum
3266 2291 3472 2344 initium

1884 2359 2203 2415 narrationis
2255 2364 2555 2423 invenimus
2591 2389 2602 2424 :
2637 2371 2829 2429 Saulus
2870 2388 3036 2431 autem
3065 2381 3232 2435 adhuc
3272 2387 3474 2452 spirans

1881 2448 2045 2502 minas
2074 2461 2120 2503 et
2138 2452 2325 2507 aedem
2353 2456 2405 2510 in
2435 2458 2710 2531 discipulos
2744 2465 2949 2521 Domini
2975 2470 3106 2537 (Act.
3141 2474 3193 2526 9.
3230 2475 3304 2544 l).
3332 2477 3473 2533 Cun-

1883 2538 2031 2594 tinuo
2078 2544 2307 2599 turbavit
2351 2563 2450 2603 nos
2498 2550 2795 2609 immutatio
2850 2562 3125 2616 nominis:
3173 2566 3471 2623 invenimus

1878 2629 2021 2684 enim
2051 2631 2101 2686 in
2127 2637 2373 2692 omnibus
2398 2640 2643 2709 epistolis
2663 2687 2676 2707 ,
2706 2657 2760 2700 et
2790 2649 2840 2702 in
2867 2651 3073 2706 illarum
3098 2658 3332 2712 exordiis
3362 2678 3466 2716 non

1875 2719 2094 2778 Saulum
2119 2741 2264 2794 eum,
2292 2731 2386 2785 sed
2410 2733 2629 2790 Paulum
2648 2742 2923 2809 appellari,
2952 2756 3005 2799 et
3032 2746 3132 2803 hoc
3156 2767 3259 2805 non
3293 2754 3342 2807 in
3366 2755 3466 2811 huc

1874 2813 2021 2879 solo,
2057 2818 2149 2872 sed
2180 2829 2233 2873 et
2264 2821 2317 2875 in
2350 2825 2533 2880 multis
2560 2829 2677 2883 aliis
2708 2834 2985 2890 accidisse.
3035 2840 3165 2895 Nam
3195 2853 3248 2897 et
3279 2832 3466 2901 Petrus

1873 2904 2059 2962 Simon
2084 2910 2362 2968 dicebatur
2380 2956 2395 2982 ,
2420 2926 2476 2971 et
2500 2918 2592 2974 filii
2622 2921 2869 2980 Zebedaci
2898 2927 3127 2985 JﬂCt'bUS
3152 2946 3205 2989 et
3231 2936 3466 2995 Joannes

1872 2996 1992 3053 Filii
2038 3002 2253 3057 tonitrui
2280 3017 2486 3062 mutato
2527 3011 2724 3069 deinde
2769 3020 2986 3075 nomine
3017 3037 3139 3078 sunt
3170 3032 3339 3083 vocati
3373 3050 3383 3084 :
3410 3043 3465 3085 et

1870 3181 1923 3234 in
1953 3183 2272 3252 quibusdam
2314 3190 2608 3249 obtinuisse
2636 3203 3014 3269 cuuiperin'ms.
3057 3206 3185 3261 Nam
3213 3221 3267 3264 et
3294 3214 3461 3268 Abra-

1870 3270 1991 3325 ham
2019 3274 2165 3342 prius
2196 3278 2391 3334 Abram
2419 3286 2818 3355 appellabatur,
2860 3303 2914 3346 et
2941 3294 3099 3351 Sarra
3134 3302 3280 3369 prius
3307 3304 3455 3369 Sara,

1866 3362 2061 3421 deinde
2087 3365 2244 3423 Sarra
2270 3376 2541 3429 nominata
2562 3388 2675 3443 est,
2708 3392 2761 3434 et
2785 3382 2952 3441 Jacob
2981 3401 3162 3455 postea
3190 3394 3347 3449 Israel
3377 3411 3459 3453 est

1866 3468 2082 3511 vocatus
2111 3476 2122 3511 :
2155 3461 2444 3519 absurdum
2476 3467 2635 3537 igitur
2661 3475 2815 3529 nobis
2845 3488 2926 3532 cst
2954 3481 3121 3537 visum
3142 3526 3156 3550 ,
3204 3489 3248 3540 si
3283 3498 3458 3545 tantus

1863 3560 1893 3598 a
1922 3548 2076 3603 nobis
2112 3549 2394 3610 thesaurus
2434 3561 2708 3616 nominum
2738 3575 2938 3623 temere
2981 3578 3358 3639 praeteriretur.
3402 3582 3456 3636 Id

1862 3651 1991 3693 vero
2034 3640 2086 3694 in
2126 3644 2452 3715 principibus
2479 3652 2638 3707 etiam
2670 3661 3016 3717 smeularibus
3055 3670 3272 3725 evenire
3309 3688 3455 3728 COIII-

1861 3730 2094 3797 perimus
2126 3751 2139 3787 :
2176 3736 2436 3805 siquidem
2487 3743 2561 3797 illi
2609 3746 2807 3815 duplex
2840 3769 3049 3824 quoque
3080 3776 3272 3816 nomen
3301 3781 3454 3820 assu-

1861 3829 2031 3874 munt.
2083 3822 2215 3880 Vide
2259 3839 2437 3884 autem
2474 3850 2486 3886 :
2516 3834 2800 3904 Successit,
2834 3822 3022 3913 inquit,
3052 3847 3213 3905 Felici
3234 3842 3451 3912 Porcius

1862 3906 2042 3964 Festus
2070 3912 2203 3983 (Act.
2229 3916 2317 3971 24.
2342 3917 2434 3991 27)
2466 3940 2477 3975 :
2508 3934 2562 3978 et
2589 3941 2792 3989 rursus.
2819 3906 2945 3987 Erat
2970 3940 3175 4007 quidam
3201 3906 3313 3997 cunt

1857 4001 2082 4067 consule,
2126 4007 2213 4073 qui
2232 4010 2504 4066 vocabatur
2531 4014 2743 4088 Sergius
2771 4001 2992 4079 Paulus-
3019 4028 3122 4096 (Ib.
3156 4035 3235 4087 15.
3267 4036 3321 4107 7)
3340 4001 3360 4103 Ι,
3392 4050 3446 4094 et

1854 4091 1943 4160 qui
1974 4091 2172 4150 Judteis
2213 4097 2481 4157 Christum
2515 4107 2768 4179 tradidit,
2817 4091 3041 4172 Pontius
3072 4121 3267 4178 Pilatus
3298 4091 3442 4183 ilice-

1853 4182 2026 4240 batur.
2055 4187 2239 4258 Neque
2269 4208 2396 4247 vero
2424 4198 2763 4269 principibus
2787 4214 2988 4263 tantum
3008 4253 3021 4275 ,
3056 4213 3151 4268 sed
3181 4226 3235 4271 et
3262 4220 3446 4275 militi-

1852 4273 1953 4329 bus
1978 4292 2121 4348 saipe
2137 4280 2367 4351 duplicia
2388 4285 2603 4344 fuerunt
2631 4298 2867 4362 immina,
2896 4311 2950 4354 et
2972 4273 3043 4356 illi
3071 4307 3158 4374 qui
3183 4312 3354 4376 privat
3373 4332 3440 4370 .m

1851 4368 2013 4423 vitam
2064 4371 2365 4443 elegerant,
2414 4380 2482 4435 ob
2521 4399 2734 4440 causam
2766 4400 2819 4443 et
2843 4397 3179 4455 occasionem
3210 4403 3440 4473 aliquam

1848 4459 2114 4528 duplicem
2168 4468 2340 4522 sortiti
2399 4482 2524 4527 sunt
2575 4480 3009 4546 appellationem.
3063 4490 3169 4545 Sed
3220 4459 3443 4552 de'illis

1847 4551 2062 4619 quidem
2093 4556 2246 4613 nobis
2280 4560 2413 4615 nihil
2455 4565 2696 4632 proderit
2725 4572 2767 4624 si
2814 4590 3116 4642 qu:eramus
3136 4623 3151 4646 ,
3201 4587 3340 4641 unde
3369 4591 3437 4642 ita

1844 4639 2043 4699 fuerint
2089 4649 2387 4716 appellati:
2429 4671 2550 4710 eum
2591 4675 2719 4714 vero
2764 4663 2903 4720 Deus
2952 4685 3146 4726 nomen
3194 4677 3436 4745 impo-iit,

1844 4735 1989 4789 omni
2039 4738 2215 4795 studio
2264 4741 2678 4803 incumbendum
2728 4763 2849 4818 est,
2905 4768 2960 4812 ut
3007 4777 3221 4817 causam
3276 4784 3435 4837 repe«

1841 4839 2059 4882 namus.

1910 4914 2051 4973 Deus
2087 4922 2216 4976 nihil
2256 4928 2381 4996 facit
2414 4929 2623 4998 frustra.
2680 4934 2782 4989 Cur
2821 4937 3015 4996 Paulus
3050 4961 3228 4999 nomen
3270 4962 3435 5005 muta-

1838 5012 1979 5065 verit.
2009 5043 2080 5053 —-
2104 5015 2285 5087 Neque
2302 5024 2448 5076 enim
2479 5032 2679 5082 temere
2705 5041 2793 5084 aut
2820 5033 2935 5087 sine
2954 5052 3113 5091 causa
3141 5041 3429 5115 quidquam

1837 5102 1920 5156 vel
1947 5102 2126 5161 facere
2156 5108 2296 5164 Deus
2319 5113 2402 5166 vel
2431 5114 2611 5172 dicere
2630 5126 2926 5191 consuevit,
2952 5127 3046 5181 sed
3073 5129 3280 5202 singula
3304 5153 3425 5192 cum

1836 5208 1920 5255 ea,
1952 5212 2071 5265 quae
2112 5199 2209 5267 ipsi
2250 5207 2537 5271 Convenit,
2582 5212 2863 5279 sapientia.
2913 5217 3020 5271 Cur
3044 5199 3180 5291 ergo
3213 5228 3423 5284 tandem

1834 5284 2025 5342 Saulus
2045 5288 2343 5360 dicebatur,
2377 5313 2497 5352 cum
2539 5317 2982 5377 persequeretur,
3012 5324 3065 5367 et
3087 5315 3280 5374 Paulus
3310 5339 3427 5377 nui—

1830 5469 2048 5537 dicunt,
2081 5478 2295 5542 quando
2335 5482 2621 5552 turbabat,
2669 5494 3121 5565 tumultuabatur,
3152 5513 3206 5557 et
3235 5509 3424 5562 misceo

1829 5563 1920 5618 bat
1964 5569 2140 5621 omnia
2165 5610 2179 5633 ,
2230 5571 2630 5648 Ecclesiamque
2657 5585 2959 5654 exagitabat
2982 5631 2995 5654 ,
3025 5593 3243 5649 Saulum
3270 5598 3419 5655 illum

1828 5653 1992 5713 fuisse
2022 5659 2242 5725 dictum,
2276 5666 2420 5721 etab
2443 5667 2541 5725 hac
2570 5672 2681 5741 ipsa
2727 5676 2977 5736 Ecclesia:
3007 5688 3285 5743 vexatione
3316 5708 3416 5743 no.-

1827 5764 1947 5803 men
1985 5766 2104 5807 esse
2127 5758 2369 5812 sortitum
2403 5779 2415 5813 :
2462 5775 2740 5834 postquam
2773 5781 2950 5828 autem
2977 5777 3045 5831 ab
3076 5780 3160 5835 illa
3192 5794 3417 5840 recessit

1831 5840 2064 5913 insania,
2121 5851 2407 5925 turbasque
2456 5860 2597 5916 ciere
2644 5877 2705 5917 ac
2753 5865 2949 5926 bellum
2992 5872 3189 5931 inferre
3230 5877 3413 5943 desiit,
