3964 6342
506 426 612 481 ίὲἸ

500 557 684 594 rursus
715 537 955 600 Paulum,
988 553 1106 591 cum
1135 551 1352 604 pausam
1373 533 1606 599 fecisset,
1632 543 1834 587 mutato
1865 533 2080 588 nomine

499 633 697 686 dictum
724 646 844 686 esse
867 647 882 689 ;
912 628 1007 684 sed
1037 629 1200 682 futilis
1221 636 1276 682 et
1307 627 1436 680 falsa
1465 635 1548 680 est
1570 627 1682 680 haec
1708 627 1899 693 oratio,
1924 637 2083 702 atque

500 723 694 778 idcirco
720 738 749 775 a
781 737 865 776 me
899 720 1101 790 prolata
1132 720 1184 773 in
1214 718 1448 772 medium
1474 759 1488 782 ,
1522 733 1588 771 ne
1619 716 1754 770 forte
1783 717 1936 771 nudis
1961 718 2080 786 qui-

498 817 720 872 husdam
751 831 1030 869 causarum
1078 812 1502 884 expositionibus
1531 812 1703 882 decipi
1740 827 1831 866 vos
1873 813 2076 866 sinatis.

497 909 731 962 Primum
759 907 902 962 enim
934 915 1181 976 parentes
1221 903 1324 959 hoc
1351 904 1427 958 illi
1457 918 1652 957 nomen
1686 903 2076 973 imposuerunt,

495 1014 600 1052 non
630 997 772 1067 quod
801 995 1074 1066 prophetae
1099 993 1314 1063 quidam
1347 1003 1528 1048 essent
1553 1033 1566 1055 ,
1595 1000 1650 1046 et
1677 993 1816 1062 quod
1845 991 2078 1045 futurum

493 1099 609 1143 erat
635 1087 1004 1156 praeviderent.
1041 1084 1242 1139 Deinde
1274 1083 1317 1136 si
1345 1092 1624 1153 propterea
1653 1083 1842 1137 Saulus
1867 1081 2081 1136 diceba-

493 1191 597 1244 tur,
629 1180 876 1248 quoniam
904 1177 1197 1232 Ecclesiam
1217 1176 1523 1245 exagitabat
1547 1184 1600 1228 et
1630 1173 1854 1228 vexabat
1878 1213 1891 1235 ,
1920 1187 2078 1243 opor-

493 1270 639 1324 tobat
664 1284 785 1324 cum
812 1310 828 1335 ,
855 1282 975 1322 cum
1003 1267 1277 1336 exagitare
1311 1265 1557 1319 desiisset
1593 1263 1883 1318 Ecclesiam
1901 1305 1915 1329 ,
1945 1279 2076 1317 con-

494 1362 640 1414 tinuo
694 1375 885 1413 nomen
937 1371 1148 1428 quoque
1199 1355 1472 1426 deponere
1520 1373 1534 1409 :
1574 1355 1684 1424 jam
1739 1369 1868 1408 vero
1924 1355 2074 1410 illum

492 1453 736 1507 videmus
762 1493 776 1518 ,
817 1467 936 1505 cum
967 1451 1149 1504 turbas
1177 1450 1322 1504 ciere
1351 1448 1605 1502 adversus
1633 1447 1926 1502 Ecclesiam
1955 1461 2075 1500 ces-

491 1553 664 1607 saret,
703 1559 896 1597 nomen
929 1541 1126 1595 idcirco
1152 1557 1256 1594 non
1284 1540 1596 1608 deposuisse
1623 1581 1636 1602 ,
1687 1555 1872 1594 verum
1902 1539 2077 1593 adhuc

492 1639 708 1691 Saulum
735 1652 852 1690 esse
879 1637 1218 1706 appellatum.
1251 1634 1326 1688 Ne
1361 1650 1486 1689 vero
1513 1634 1708 1704 putetis
1737 1634 1848 1687 haec
1877 1633 2077 1688 idcirco

491 1748 520 1784 a
551 1747 634 1785 me
661 1733 762 1784 dici
785 1772 800 1794 ,
842 1741 896 1783 ut
924 1744 1018 1782 vos
1046 1728 1464 1782 circumveniam
1487 1768 1501 1792 ,
1532 1745 1644 1781 rt-rn
1676 1727 1842 1796 ipsam
1869 1726 2020 1780 vobis
2044 1742 2073 1780 a

489 1827 660 1892 capite
693 1822 941 1876 narrabo.
995 1821 1264 1891 Ejecerunt
1286 1861 1300 1884 ,
1333 1820 1502 1888 inquit
1525 1819 1818 1887 Seriptura,
1850 1817 2073 1885 Stepha-

489 1932 626 1974 num,
657 1924 700 1966 et
719 1913 1011 1982 lapidabant
1030 1928 1162 1976 eum,
1184 1920 1231 1963 et
1257 1920 1400 1964 testes
1423 1911 1758 1980 deposuerunt
1787 1909 2076 1963 vestimenta

488 2023 580 2058 sua
605 2023 746 2059 serus
772 2005 920 2072 pcdrs
941 2003 1290 2065 adolescentis,
1318 2001 1405 2068 qui
1428 1999 1696 2053 vocabatur
1716 2000 1908 2054 Saulus
1935 2000 2070 2067 (Act.

487 2100 538 2152 '7.
574 2099 664 2169 57)
690 2116 702 2161 ;
733 2110 784 2151 et
813 2113 1026 2163 rursus,
1071 2095 1264 2150 Saulus
1289 2104 1453 2146 autent
1490 2103 1594 2146 erat
1625 2094 1936 2146 consentiens
1966 2093 2073 2145 neci

487 2190 595 2259 ejus
630 2189 861 2258 (Ibidw.
893 2187 1018 2252 59);
1067 2195 1121 2239 et
1165 2185 1312 2249 alibi,
1343 2185 1536 2239 Saulus
1578 2193 1746 2236 autem
1789 2184 2074 2236 devastabat

494 2279 810 2344 Ecclesium,
842 2295 930 2348 per
960 2277 1134 2330 domos
1163 2277 1358 2330 intrans
1379 2317 1394 2341 ,
1423 2285 1469 2329 et
1498 2275 1701 2328 trahens
1721 2276 1852 2328 viros
1877 2291 1936 2328 ac
1962 2292 2076 2327 mu-

489 2375 633 2427 lieres
663 2371 821 2443 (Ibid.
848 2371 899 2426 8.
932 2369 1023 2440 '5);
1049 2379 1103 2424 et
1126 2384 1306 2423 rursus
1326 2408 1342 2434 ,
1373 2367 1568 2423 Saulus
1587 2377 1754 2421 autem
1774 2368 1941 2421 adhuc
1969 2369 2074 2437 spi-

486 2481 606 2516 rans
633 2465 795 2516 minus
823 2478 882 2515 ac
905 2463 1090 2515 aedem
1116 2462 1168 2514 in
1208 2460 1485 2528 discipulos
1528 2458 1737 2513 Domini
1763 2457 1867 2530 (Ib.
1896 2459 1951 2514 9.
1978 2459 2070 2529 1);

488 2567 540 2608 ct
564 2570 747 2609 rursus
769 2595 784 2616 ,
834 2553 1034 2606 Audiuit
1061 2568 1226 2606 vocem
1253 2552 1496 2604 dicentem
1517 2550 1610 2604 sibi
1631 2593 1647 2615 ,
1681 2549 1860 2616 Saule,
1891 2548 2066 2614 Saule,

490 2649 610 2718 quid
648 2667 726 2701 me
753 2647 1056 2718 persequeris
1089 2645 1247 2715 (Ibid.
1272 2645 1325 2699 9.
1359 2645 1462 2712 4)?
1511 2647 1690 2713 Itaque
1719 2643 1955 2713 oportuit
2005 2658 2072 2697 ex

487 2743 590 2796 hoc
618 2751 854 2810 tempore
885 2750 941 2795 ut
981 2740 1126 2793 Sauli
1167 2753 1360 2792 nomen
1407 2737 1665 2807 abjiceret
1689 2778 1704 2803 ,
1751 2735 2014 2805 siquidem
2041 2751 2071 2790 a

487 2833 897 2902 persequutione
935 2829 1252 2884 abstinebat.
1294 2827 1430 2883 Num
1479 2829 1636 2898 igitur
1659 2825 1941 2882 confestim
1972 2825 2070 2880 ab-

485 2923 644 2995 iecit?
662 2922 1024 2992 Nequaquam,
1046 2921 1204 2988 idque
1222 2936 1289 2974 ex
1314 2921 1378 2974 iis
1402 2935 1520 2990 qua:
1542 2928 1853 2989 sequuntur,
1875 2918 2068 2988 liquet:

487 3013 910 3076 animadvertite,
943 3027 1148 3082 quaeso.
1183 3010 1420 3066 Surrexit
1447 3009 1636 3066 Saulus
1657 3009 1720 3063 de
1740 3018 1895 3075 terra,
1919 3025 2071 3074 aper-

487 3109 647 3177 tisque
666 3106 822 3160 oculis
861 3105 989 3158 nihil
1023 3103 1214 3157 videbat
1239 3101 1344 3173 (Ib.
1373 3119 1420 3156 υ.
1444 3102 1538 3172 8);
1587 3113 1640 3156 et
1677 3116 1862 3155 rursus
1883 3142 1898 3168 ,
1927 3100 2072 3156 Dixit

488 3210 654 3251 autem
693 3197 904 3250 Ananiae
935 3195 1182 3250 Dominus
1211 3210 1228 3248 :
1269 3193 1406 3247 Vade
1433 3195 1484 3246 in
1513 3196 1674 3246 vicum
1697 3235 1710 3257 ,
1743 3193 1829 3264 qui
1868 3203 2073 3246 vocatur

490 3292 704 3354 Rectus,
735 3300 779 3342 et
807 3289 1025 3342 invenies
1042 3288 1096 3341 in
1118 3287 1267 3340 domo
1292 3285 1446 3340 Iudae
1481 3286 1702 3339 Saulum
1731 3285 1932 3338 nomine
1963 3282 2067 3354 (Ib.

490 3399 537 3436 υ.
568 3384 623 3436 ll
663 3383 718 3450 );
749 3393 802 3434 et
831 3395 1014 3434 rursus
1035 3421 1049 3443 ,
1090 3376 1323 3431 Introivit
1347 3378 1573 3430 Ananias
1595 3419 1609 3443 ,
1642 3386 1688 3429 et
1721 3376 1883 3439 dixit,
1913 3374 2074 3430 Saule

487 3478 679 3544 frater,
713 3474 956 3526 Dominus
993 3472 1125 3524 misit
1158 3487 1269 3536 me,
1302 3471 1387 3540 qui
1424 3471 1658 3539 apparuit
1686 3467 1772 3520 tibi
1801 3468 1854 3519 in
1875 3467 1986 3532 via,
2018 3475 2073 3518 ut

488 3567 656 3620 videas
687 3563 792 3634 (Ib.
818 3581 864 3617 υ.
897 3564 1004 3632 17).
1057 3562 1258 3616 Deinde
1297 3562 1458 3628 C(Bpil
1503 3559 1824 3630 praedicare,
1862 3567 1915 3612 et
1939 3573 2076 3612 con.

488 3656 741 3712 fundebat
764 3654 1007 3720 Judzcos,
1040 3671 1140 3709 nec
1169 3663 1342 3708 tamen
1369 3654 1438 3706 ita
1462 3667 1652 3706 nomen
1680 3651 1943 3719 deposuit,
1976 3650 2072 3705 sed

488 3747 663 3804 adhuc
706 3747 896 3801 Saulus
938 3745 1233 3800 dicebatur.
1281 3744 1432 3798 Nota:
1463 3745 1642 3808 enim,
1686 3743 1890 3812 inquit,
1926 3746 2076 3814 facta:

489 3846 604 3891 sunt
635 3836 795 3891 Saulo
816 3835 1012 3889 insidia:
1033 3834 1333 3890 Iudaeorum
1365 3833 1472 3896 (Ib.
1517 3851 1564 3888 υ.
1591 3833 1708 3905 24).
1739 3833 1877 3888 Num
1915 3834 2075 3904 igitur

489 3931 572 3985 his
600 3939 800 3984 tantum
831 3929 881 3982 in
910 3929 1084 3983 locis?
1131 3927 1506 3998 Nequaquam,
1537 3926 1630 3982 sed
1651 3969 1665 3992 ,
1695 3925 1858 3980 Facta
1892 3937 1964 3981 est
1993 3927 2076 3996 {a-

488 4041 614 4090 mes,
638 4025 805 4094 inquit
829 4066 841 4084 ,
873 4033 916 4076 et
945 4032 1314 4093 praposuerunt
1336 4021 1572 4091 discipuli
1595 4021 1788 4074 mittere
1814 4019 2076 4090 Jerosoly-

490 4135 624 4173 mam
649 4119 835 4172 sanctis
856 4117 909 4170 in
929 4116 1276 4169 ministerium.
1299 4112 1547 4167 Miserum
1571 4121 1738 4166 autem
1758 4129 1846 4182 per
1869 4129 2074 4165 manant

490 4208 738 4264 Barnabte
763 4217 807 4262 et
840 4205 987 4262 Sauli
1027 4203 1134 4274 (Ib.
1165 4206 1253 4259 11.
1276 4203 1366 4258 ‘29.
1398 4202 1510 4272 50).
1534 4202 1674 4258 Ecce
1695 4203 1894 4257 sanctis
1921 4205 2076 4257 mini-

489 4310 623 4354 strat
647 4342 659 4363 ,
701 4309 756 4354 et
797 4297 971 4352 adhuc
996 4295 1190 4352 Saulus
1217 4296 1450 4350 dicitur:
1493 4303 1548 4349 et
1577 4303 1759 4364 postea
1803 4295 2075 4364 ingressus

489 4404 575 4450 est
597 4391 868 4447 Barnabas
893 4389 1228 4444 Antiochiam
1254 4430 1268 4453 ,
1311 4398 1364 4442 et
1388 4387 1575 4440 videns
1601 4388 1822 4456 gratiam
1850 4386 1941 4440 Dei
1966 4426 1981 4451 ,
2021 4395 2076 4441 et

488 4504 736 4559 magnam
761 4486 830 4541 ibi
853 4499 970 4540 esse
998 4483 1411 4547 multitudinem,
1440 4479 1706 4550 profectus
1726 4490 1807 4535 est
1827 4479 2072 4539 Tarsum,

492 4596 548 4639 ut
575 4588 839 4654 quaereret
865 4579 1081 4635 Saulum
1106 4576 1211 4638 (Ib.
1240 4576 1310 4630 22
1326 4585 1371 4628 et
1389 4576 1544 4644 sqq.).
1569 4575 1704 4628 Ecce
1731 4575 1923 4626 multos
1948 4591 2077 4628 eon-

489 4675 686 4736 vcrtit,
725 4680 780 4727 et
803 4670 996 4726 Saulus
1024 4669 1250 4732 dicitur;
1292 4677 1348 4721 et
1389 4682 1608 4731 rursus,
1647 4665 1838 4730 Erant,
1882 4667 2072 4736 inquit,

488 4763 770 4819 Antiochia:
807 4762 858 4815 in
901 4759 1126 4814 Ecclesia
1150 4801 1165 4824 ,
1211 4773 1323 4827 qua:
1367 4758 1473 4810 illic
1513 4766 1658 4819 erat,
1703 4757 1960 4826 praplieta:
1983 4797 1998 4822 ,
2027 4766 2076 4810 et

491 4860 718 4911 doctores
741 4898 755 4922 ,
791 4853 1012 4925 Symeon
1045 4851 1129 4923 qui
1167 4850 1436 4902 vocabatur
1461 4847 1644 4918 Niger,
1684 4857 1729 4900 et
1767 4847 1955 4902 Lucius
1985 4848 2076 4918 Cy-

493 4965 710 5013 renazus,
744 4956 788 5001 et
816 4948 1103 5007 Manu/ten,
1131 4944 1216 5008 qui
1243 4953 1346 4996 erat
1381 4939 1600 4994 Herodis
1631 4940 1896 4993 tetrarcha:
1917 4941 2078 4993 colla-

495 5049 719 5102 ctaueus,
747 5048 792 5090 et
829 5035 1020 5092 Saulus
1048 5036 1154 5105 (ΙΙ).
1192 5035 1276 5089 15.
1311 5036 1382 5103 1).
1417 5033 1555 5086 Ecce
1584 5042 1637 5086 et
1681 5033 1869 5086 doctor
1907 5031 2076 5086 factus

493 5139 610 5183 erat
629 5139 683 5184 et
708 5131 983 5198 pr0pheta,
1002 5139 1056 5181 et
1075 5127 1248 5181 adhuc
1265 5125 1456 5180 Saulus
1471 5124 1761 5178 dicebatur.
1784 5123 1848 5176 Et
1866 5137 2073 5186 rursus,

499 5219 904 5273 Ministrantibus
926 5230 1092 5271 autem
1109 5218 1212 5270 illis
1243 5216 1476 5281 Domino,
1503 5225 1547 5268 et
1559 5214 1928 5284 jejunantibus,
1947 5213 2076 5266 dixit

497 5313 724 5382 Spiritus
743 5322 942 5364 sanctus
973 5327 990 5364 :
1019 5312 1292 5380 Segregate
1321 5309 1443 5362 mihi
1469 5306 1757 5360 Barnabam
1785 5315 1830 5360 et
1859 5305 2076 5359 Saulum

498 5406 602 5479 (Ib.
631 5421 678 5458 υ.
709 5405 789 5474 2).

566 5499 619 5554 5.
657 5496 808 5550 Pauli
855 5511 1033 5548 nomen
1082 5494 1162 5547 ubi
1217 5494 1434 5562 primum
1479 5491 1770 5545 occurrerit.
1815 5517 1888 5530 -—
1936 5488 2077 5543 Ecce

488 5590 657 5646 etiam
695 5607 723 5640 a
770 5585 967 5655 Spiritu
1008 5597 1194 5638 sancto
1235 5593 1582 5654 segregatur,
1625 5582 1849 5637 necdum
1898 5591 2073 5635 tamen

490 5696 689 5736 nomen
719 5679 971 5750 deponit,
1000 5677 1094 5732 sed
1118 5676 1328 5746 quando
1354 5677 1500 5731 venit
1530 5675 1796 5730 Salamina
1817 5717 1831 5740 ,
1862 5673 2075 5744 quando

495 5789 705 5842 magum
729 5771 946 5836 invenit,
979 5778 1102 5824 tunc
1129 5769 1204 5823 ait
1224 5768 1394 5824 Lucas
1408 5768 1474 5823 de
1502 5768 1594 5822 illo
1627 5785 1640 5821 :
1673 5767 1864 5821 Saulus
1883 5776 2073 5832 auum,

494 5867 577 5921 aui
600 5878 642 5919 et
673 5863 891 5934 Paulus,
917 5863 1139 5933 repletus
1156 5859 1356 5931 Spiritu
1381 5869 1554 5916 sancto
1575 5859 1701 5914 dixit
1725 5857 1830 5929 (Ib.
1877 5857 1963 5913 15.
1991 5855 2068 5927 9).

1253 423 1308 475 S.
1349 421 1625 477 JOANNIS
1661 419 2137 477 CIIBYSOSTOMI
2178 421 2494 478 ABCHIEP.
2535 423 3071 481 CONSTANTINOP.

3666 425 3766 481 {:28

2195 531 2329 588 Hinc
2357 537 2665 590 mutationis
2711 539 2939 592 nominis
2979 538 3182 592 initium
3212 549 3293 593 est
3325 540 3540 598 factum.
3568 540 3651 597 Ne
3689 557 3780 610 Iat-

2191 633 2277 680 tur
2318 626 2706 696 defatigemur,
2753 631 2879 684 dum
2933 631 3191 685 rationem
3241 634 3379 687 hanc
3419 633 3776 692 impositionis

2189 720 2462 772 nominum
2489 721 2797 789 qumrimus.
2845 721 3118 791 Siquidem
3150 724 3421 778 nominum
3447 724 3689 778 inventio
3719 732 3771 778 in

2187 809 2531 864 saacularibus
2579 825 2790 880 quoque
2845 813 3070 882 negotiis
3119 813 3228 866 vim
3284 829 3390 868 non
3446 815 3770 871 mediocrem

2185 900 2408 955 obtinet.
2440 900 2571 955 Nam
2600 911 2654 956 et
2684 918 3053 971 saepenumero
3073 903 3236 959 efficit
3261 947 3277 971 ,
3311 914 3367 959 ut
3392 915 3512 975 post
3546 907 3773 960 multum

2185 1001 2397 1063 tempus
2442 995 2679 1064 elapsum
2725 995 2968 1050 homines
3012 1012 3393 1066 agnoscamus,
3435 1007 3490 1052 et
3520 999 3770 1054 latentem

2183 1090 2551 1154 cognationem
2578 1087 2824 1156 patefacit
2848 1089 3080 1142 inventio
3109 1090 3406 1154 nominum,
3434 1103 3594 1162 atque
3621 1109 3777 1145 exor-

2185 1186 2265 1232 tas
2294 1177 2344 1230 in
2363 1177 2562 1246 judicio
2581 1179 2940 1234 dubitationes
2967 1180 3157 1244 solvit,
3187 1191 3241 1236 et
3273 1197 3473 1254 pugnas
3505 1184 3641 1237 tollit
3671 1225 3685 1247 ,
3721 1194 3776 1238 et

2182 1269 2378 1325 bellum
2421 1273 2710 1342 exstinguit
2746 1273 2981 1328 inventio
3022 1273 3332 1340 nominum,
3361 1290 3424 1329 ac
3448 1291 3590 1344 saepe
3629 1279 3778 1345 pacis

2184 1363 2426 1418 ineunda:
2451 1366 2786 1420 occasionem
2817 1366 3146 1436 suppeditat.
3172 1365 3323 1434 Quod
3353 1368 3396 1419 si
3428 1368 3778 1421 szecularibus

2184 1455 2236 1509 in
2281 1455 2508 1526 negotiis
2555 1457 2790 1512 inventio
2841 1457 3115 1512 nominum
3146 1468 3349 1513 tantum
3389 1460 3563 1525 valet,
3604 1461 3778 1515 multo

2183 1549 2350 1618 magis
2372 1549 2423 1602 in
2450 1549 2832 1617 Spiritualibus.
2863 1550 2966 1605 Sed
2989 1551 3133 1619 prius
3163 1565 3382 1606 necesse
3406 1561 3510 1617 est,
3540 1561 3600 1606 ut
3630 1554 3776 1622 ipsas

2180 1641 2502 1709 qua-stiones
2525 1652 2773 1696 accurate
2800 1642 3182 1696 discernamus.

2254 1729 2481 1786 Nomina
2513 1733 2778 1786 immutata
2805 1733 2860 1786 in
2895 1731 3063 1786 Veteri
3101 1732 3416 1788 Testamento
3432 1751 3454 1800 ;
3482 1734 3600 1790 dua!
3636 1750 3779 1804 φια-

2179 1823 2364 1876 stiones
2392 1823 2457 1876 de
2483 1824 2745 1876 nominum
2780 1825 3074 1877 mutatione.
3098 1852 3172 1865 -—
3195 1824 3430 1878 Primum
3460 1840 3591 1896 ergo
3620 1841 3774 1895 qua:-

2179 1915 2315 1966 ritur
2335 1952 2348 1975 ,
2381 1928 2482 1982 qua
2522 1912 2590 1968 de
2616 1927 2776 1967 causa
2817 1913 3132 1983 quibusdam
3173 1915 3370 1969 sanctis
3399 1916 3540 1970 Deus
3575 1932 3774 1971 nomen

2180 2003 2492 2074 imposuerit
2514 2046 2527 2066 ,
2561 2005 2877 2073 quibusdam
2916 2021 3023 2059 non
3053 2005 3382 2074 imposuerit.
3413 2005 3600 2076 Neque
3629 2007 3774 2061 enim

2178 2096 2426 2151 omnibus
2447 2098 2646 2151 sanctis
2669 2097 2878 2151 nomina
2903 2096 3156 2166 imposuit
3176 2097 3306 2165 ipse,
3332 2111 3504 2166 neque
3525 2095 3577 2150 in
3598 2095 3773 2162 Novo,

2179 2204 2351 2258 neque
2373 2189 2424 2241 in
2451 2187 2628 2242 Veteri
2651 2189 3023 2251 Testamento;
3054 2187 3304 2256 quodque
3325 2187 3377 2240 in
3397 2185 3550 2240 Novo
3570 2185 3772 2241 factum

2177 2289 2280 2346 est,
2305 2279 2356 2334 id
2379 2281 2538 2335 etiam
2564 2280 2619 2334 in
2645 2279 2843 2343 Veteri,
2869 2290 2925 2333 ut
2953 2294 3116 2332 unum
3144 2278 3418 2348 utriusque
3436 2276 3771 2332 Testamenti

2181 2371 2462 2425 Dominum
2489 2385 2609 2425 esse
2632 2385 2945 2441 cognoscas.
2978 2368 3159 2438 Itaque
3186 2369 3238 2422 in
3265 2367 3412 2423 Novo
3441 2369 3661 2439 quidem
3689 2369 3777 2423 Si-

2179 2463 2323 2518 moni
2348 2461 2595 2518 Christus
2621 2461 2764 2517 Petri
2793 2477 2985 2516 nomen
3015 2460 3288 2530 imposuit,
3308 2468 3362 2514 et
3380 2459 3506 2514 filiis
3525 2458 3776 2514 Zebedaei

2176 2554 2377 2610 Iacobo
2405 2563 2460 2608 et
2495 2553 2687 2608 Joanni
2721 2553 2981 2608 Filiorum
3011 2551 3259 2618 tonitrui,
3290 2551 3420 2607 solis
3446 2551 3564 2606 istis
3597 2568 3612 2605 :
3643 2551 3774 2606 reli-

2177 2662 2403 2717 quorum
2425 2655 2601 2702 autem
2630 2645 3014 2716 discipulorum
3039 2645 3262 2710 nemini,
3291 2645 3386 2700 sed
3408 2659 3534 2699 suas
3558 2645 3664 2698 illis
3683 2658 3776 2712 ap-

2179 2739 2493 2810 pellationes
2532 2740 2778 2810 reliquit,
2810 2755 2940 2810 quas
2987 2755 3017 2794 a
3063 2739 3323 2810 princlpio
3364 2748 3620 2809 parentes
3667 2739 3779 2794 illis

2177 2833 2568 2903 imposuerant;
2604 2835 2656 2888 in
2688 2832 2867 2888 Veteri
2899 2843 3077 2888 autem
3110 2833 3412 2888 Abrahamo
3442 2847 3643 2888 nomen
3674 2833 3776 2886 itu-

2178 2925 2404 2978 mutavit
2432 2924 2574 2980 Deus
2601 2933 2657 2980 et
2681 2924 2846 2980 Jacob
2879 2943 2891 2977 :
2924 2939 3028 2978 non
3059 2925 3184 2979 item
3215 2923 3436 2993 Joseph,
3468 2939 3647 2993 neque
3674 2922 3779 2980 Sa-

2176 3016 2340 3072 mueli
2365 3057 2380 3082 ,
2414 3031 2588 3086 neque
2616 3017 2798 3071 Davidi
2825 3058 2840 3082 ,
2871 3032 3043 3086 neque
3073 3017 3238 3072 Helia:
3262 3057 3278 3082 ,
3311 3032 3485 3086 neque
3535 3017 3772 3084 Elisaso,

2176 3123 2352 3178 neque
2371 3107 2582 3162 caeteris
2609 3108 2908 3178 prophetis,
2935 3109 3028 3162 sed
3057 3117 3113 3162 ut
3138 3109 3342 3177 priores
3364 3108 3436 3161 illi
3458 3109 3782 3176 appellatio-

2177 3219 2272 3258 nes
2303 3203 2616 3268 retinerent,
2645 3201 2904 3270 permisit.
2938 3201 3062 3256 Haec
3085 3201 3297 3271 quidem
3327 3201 3494 3270 prima
3523 3208 3612 3254 est
3630 3216 3779 3271 quie-

2176 3295 2311 3360 stio,
2342 3308 2506 3364 quare
2546 3292 2863 3362 quibusdam
2891 3306 2958 3346 ex
3001 3293 3199 3345 sanctis
3239 3293 3514 3345 immutata
3547 3291 3658 3345 sint
3683 3306 3781 3344 no-

2179 3387 2344 3452 mina,
2384 3385 2701 3457 quibusdam
2735 3400 2840 3439 non
2885 3385 3010 3440 item
3040 3401 3052 3436 :
3083 3383 3313 3439 secunda
3337 3397 3466 3438 vero
3487 3393 3612 3453 post
3635 3384 3778 3438 illam

2179 3491 2280 3546 est,
2309 3497 2406 3534 cur
2426 3495 2492 3533 ex
2522 3479 2604 3532 his
2633 3478 2948 3548 quibusdam
2979 3478 3031 3530 in
3058 3475 3232 3530 media
3257 3483 3417 3529 atate
3444 3482 3654 3529 nlutata
3675 3475 3780 3528 sint

2180 3572 2416 3635 nomina,
2440 3570 2757 3640 quibusdam
2787 3569 2854 3624 ab
2882 3569 3054 3633 initio,
3073 3578 3232 3637 atque
3260 3576 3384 3621 ante
3407 3576 3613 3622 ortum.
3647 3567 3776 3621 Nam

2180 3663 2340 3718 Petro
2365 3662 2580 3732 quidem
2610 3671 2665 3716 et
2689 3661 2890 3716 Jacobo
2915 3669 2969 3714 et
2995 3659 3184 3713 Joanni
3213 3658 3266 3711 in
3295 3657 3468 3711 media
3496 3667 3662 3712 aetate
3688 3673 3779 3711 no-

2179 3755 2320 3808 mina
2358 3753 2603 3807 Christus
2647 3751 2946 3806 imnmtavit
2989 3768 3003 3804 :
3041 3750 3228 3804 Joanni
3272 3758 3450 3802 autem
3484 3747 3775 3817 Baptistae.

2181 3847 2486 3917 priusquam
2520 3846 2678 3899 etiam
2703 3859 2766 3899 ex
2799 3853 2948 3898 utero
2973 3843 3159 3896 matris
3188 3840 3443 3910 prodiret.
3478 3838 3632 3894 Venit
3653 3841 3780 3893 enim

2179 3937 2388 4006 angelus
2426 3933 2634 3987 Domini
2657 3975 2670 3996 ,
2699 3945 2745 3987 et
2775 3933 2901 3986 dixit
2929 3949 2948 3988 :
2981 3932 3062 3986 Ne
3092 3933 3291 3996 timeas,
3332 3930 3595 3985 Zacharia
3623 3950 3643 3986 :
3670 3948 3780 3986 ecce

2179 4045 2310 4084 uxor
2337 4039 2424 4082 tua
2453 4025 2678 4082 Elisabet
2717 4028 2877 4095 pariet
2911 4027 3074 4094 ﬁlium
3097 4067 3112 4090 ,
3141 4035 3191 4081 et
3222 4022 3422 4078 vocabis
3455 4041 3644 4078 nomen
3675 4027 3777 4093 ejus

2179 4119 2432 4174 Joannem
2457 4117 2615 4190 (Luc.
2643 4120 2694 4172 1.
2725 4117 2846 4188 15).
2876 4117 3038 4172 Vides
3065 4117 3371 4187 impositum
3396 4116 3472 4169 illi
3499 4115 3668 4170 fuisse
3689 4132 3778 4169 no-

2180 4227 2326 4274 men,
2355 4222 2640 4280 antequam
2682 4209 3037 4264 nasceretur?
3067 4209 3179 4263 Hoc
3208 4218 3261 4263 et
3289 4209 3342 4262 in
3375 4207 3556 4263 Veteri
3587 4208 3776 4262 accidit

2181 4303 2545 4356 Testamento.
2571 4299 2639 4356 Ut
2665 4301 2810 4355 enim
2841 4300 2892 4353 in
2921 4299 3070 4354 Novo
3094 4299 3282 4353 Petrus
3307 4297 3525 4368 quidem
3547 4309 3604 4352 et
3623 4298 3778 4353 Jaco—

2181 4393 2281 4448 bus
2310 4402 2365 4446 et
2400 4391 2636 4447 Joannes
2664 4391 2716 4445 in
2749 4390 2888 4445 virili
2932 4398 3094 4444 aetate
3142 4404 3334 4444 nomen
3382 4389 3529 4442 aliud
3557 4404 3777 4454 accepe-

2181 4495 2323 4548 runt,
2347 4495 2400 4540 et
2423 4485 2619 4554 duplici
2647 4485 2863 4539 nomine
2888 4494 3011 4537 sunt
3036 4483 3312 4552 appellati,
3334 4481 3577 4536 Joannes
3597 4491 3769 4535 autem

2184 4575 2416 4644 Baptista
2446 4591 2639 4629 nomen
2671 4575 2874 4643 accepit
2913 4583 3198 4644 antequam
3231 4583 3544 4628 nasceretur
3574 4592 3588 4626 :
3622 4573 3700 4628 sic
3725 4583 3776 4626 et

2183 4668 2234 4721 in
2270 4667 2443 4720 Veteri
2477 4668 2784 4721 Abrahamo
2811 4667 3024 4736 quidem
3055 4677 3108 4720 et
3134 4665 3299 4720 Jacob
3329 4666 3382 4719 in
3415 4665 3593 4720 inedia
3624 4674 3775 4719 aetate

2189 4775 2384 4814 nomen
2413 4769 2493 4815 est
2526 4761 2861 4814 immutatum
2889 4778 2903 4822 ;
2939 4775 3061 4813 nam
3093 4759 3180 4813 ille
3206 4759 3422 4828 quidem
3452 4758 3654 4812 Abram
3681 4772 3773 4810 vo-

2187 4852 2440 4917 cabatur,
2480 4861 2536 4906 et
2575 4850 2842 4905 Abraham
2881 4860 3099 4905 vocatus
3142 4859 3227 4903 est
3259 4867 3273 4904 :
3307 4849 3394 4903 hic
3435 4864 3568 4903 vero
3613 4848 3774 4903 Iacob

2181 4945 2489 5004 vocabatur,
2519 4953 2573 4997 et
2600 4943 2760 4997 Israel
2787 4951 2869 4998 est
2893 4953 3131 4998 vocatus.
3165 4941 3310 4995 Isaac
3335 4949 3520 4994 autem
3554 4955 3662 4993 non
3682 4941 3775 5005 ita,

2183 5036 2277 5091 sed
2322 5049 2605 5104 antequam
2659 5045 2810 5103 partu
2860 5033 3148 5097 ederetur,
3191 5045 3388 5086 nomen
3436 5032 3673 5100 accepit;
3722 5037 3776 5083 et

2181 5128 2636 5200 quemadmodum
2667 5127 2774 5181 illic
2800 5127 3024 5196 angelus
3051 5126 3183 5178 dixit
3215 5143 3228 5178 :
3263 5122 3407 5179 Uxor
3436 5132 3528 5176 tua
3557 5125 3612 5176 in
3637 5132 3775 5176 utero

2181 5221 2445 5290 concipiet,
2476 5231 2524 5273 et
2553 5221 2714 5290 pariet
2741 5219 2924 5287 ﬁlium,
2955 5229 3002 5271 et
3035 5217 3232 5270 vocabis
3255 5231 3441 5269 nonten
3469 5217 3585 5285 ejus
3611 5213 3778 5267 Joan—

2183 5327 2335 5366 nem:
2366 5312 2436 5364 ita
2469 5311 2554 5364 hic
2579 5325 2793 5380 quoque
2824 5310 2964 5364 Deus
3004 5309 3069 5362 ad
3117 5307 3387 5362 Abraham
3425 5305 3564 5360 dixit
3592 5325 3606 5361 :
3635 5303 3777 5361 Uxor

2184 5413 2270 5454 tua
2301 5401 2461 5456 Sarra
2500 5402 2660 5471 pariet
2703 5401 2865 5468 [ilium
2891 5441 2905 5462 ,
2946 5408 2993 5452 et
3036 5397 3234 5453 vocabis
3277 5412 3460 5449 nomen
3491 5396 3606 5467 ejus
3626 5394 3772 5448 Isaac

2183 5495 2354 5565 (Gen.
2389 5495 2475 5549 17.
2523 5493 2648 5564 19).
2682 5492 2796 5550 Una
2841 5493 3001 5560 igitur
3031 5491 3147 5546 haec
3189 5490 3415 5560 quxstio
3457 5501 3582 5550 est,
3613 5504 3771 5550 quare

2184 5585 2453 5638 nonnullis
2475 5593 2733 5637 mutatum
2752 5584 2820 5637 sit
2837 5599 3053 5646 nomen,
3082 5580 3350 5635 nonnullis
3369 5594 3499 5632 vero
3522 5574 3771 5630 minime:

2182 5677 2346 5728 altera
2378 5691 2507 5728 vero
2540 5675 2610 5728 ab
2650 5675 2733 5726 illa
2756 5713 2772 5736 ,
2803 5688 2900 5727 cur
2937 5673 3150 5726 tandem
3193 5669 3462 5724 nonnullis
3520 5669 3690 5721 medio
3717 5683 3782 5719 tn

2181 5769 2354 5824 anatis
2378 5767 2604 5822 decursu
2626 5807 2641 5832 ,
2673 5764 2943 5820 nonnullis
2972 5764 3131 5817 etiam
3173 5773 3456 5830 antequam
3489 5775 3779 5816 nasceren-

2183 5866 2304 5924 tur;
2333 5855 2493 5928 idque
2521 5858 2572 5911 in
2602 5865 2827 5925 utroque
2855 5854 3219 5912 Testamento.
3246 5850 3355 5908 Nos
3384 5857 3562 5904 autem
3591 5855 3649 5902 ad
3676 5857 3788 5916 po-
