  <div class='ocr_page' id='page_1' title='image "/cluster/home/n/w/nwhite01/storage/ocr_20150623/51/nnc1.0046978275/126.png"; bbox 0 0 3964 6342; ppageno 0'>
   <div class='ocr_carea' id='block_1_1' title="bbox 232 329 340 385">
    <p class='ocr_par' dir='ltr' id='par_1_1' title="bbox 232 329 340 385">
     <span class='ocr_line' id='line_1_1' title="bbox 232 329 340 385; baseline -0.009 0"><span class='ocrx_word' id='word_1_1' title='bbox 232 329 340 385; x_wconf 67' lang='grc'>127</span> 
     </span>
    </p>
   </div>
   <div class='ocr_carea' id='block_1_2' title="bbox 229 438 1816 518">
    <p class='ocr_par' dir='ltr' id='par_1_2' title="bbox 229 438 1816 518">
     <span class='ocr_line' id='line_1_2' title="bbox 229 438 1816 518; baseline 0.001 -19"><span class='ocrx_word' id='word_1_2' title='bbox 229 446 636 518; x_wconf 55' lang='grc' dir='ltr'>μετωνομσοη</span> <span class='ocrx_word' id='word_1_3' title='bbox 658 460 672 475; x_wconf 89' lang='grc'><em>’</em></span> <span class='ocrx_word' id='word_1_4' title='bbox 722 446 838 500; x_wconf 88' lang='grc' dir='ltr'>ἀλλ’</span> <span class='ocrx_word' id='word_1_5' title='bbox 883 444 1049 509; x_wconf 72' lang='grc' dir='ltr'>ἕωλος</span> <span class='ocrx_word' id='word_1_6' title='bbox 1093 438 1248 509; x_wconf 72' lang='grc' dir='ltr'>οὗτος</span> <span class='ocrx_word' id='word_1_7' title='bbox 1300 448 1329 499; x_wconf 99' lang='lat'>6</span> <span class='ocrx_word' id='word_1_8' title='bbox 1377 446 1533 515; x_wconf 86' lang='grc' dir='ltr'>λόγος</span> <span class='ocrx_word' id='word_1_9' title='bbox 1580 449 1672 501; x_wconf 69' lang='grc' dir='ltr'>καὶ</span> <span class='ocrx_word' id='word_1_10' title='bbox 1714 448 1816 500; x_wconf 85' lang='grc' dir='ltr'>οὐκ</span> 
     </span>
    </p>
   </div>
   <div class='ocr_carea' id='block_1_3' title="bbox 226 536 1822 609">
    <p class='ocr_par' dir='ltr' id='par_1_3' title="bbox 226 536 1822 609">
     <span class='ocr_line' id='line_1_3' title="bbox 226 536 1822 609; baseline 0 -18"><span class='ocrx_word' id='word_1_11' title='bbox 226 536 462 609; x_wconf 77' lang='grc' dir='ltr'>ἀληθὴς,</span> <span class='ocrx_word' id='word_1_12' title='bbox 498 538 591 591; x_wconf 78' lang='grc' dir='ltr'>καὶ</span> <span class='ocrx_word' id='word_1_13' title='bbox 627 536 716 589; x_wconf 85' lang='grc' dir='ltr'>διὰ</span> <span class='ocrx_word' id='word_1_14' title='bbox 746 536 906 589; x_wconf 88' lang='grc' dir='ltr'>τοῦτο</span> <span class='ocrx_word' id='word_1_15' title='bbox 934 536 1097 589; x_wconf 82' lang='grc' dir='ltr'>αὑτὸν</span> <span class='ocrx_word' id='word_1_16' title='bbox 1130 537 1351 590; x_wconf 89' lang='grc' dir='ltr'>τέθεικα</span> <span class='ocrx_word' id='word_1_17' title='bbox 1384 539 1464 600; x_wconf 86' lang='grc' dir='ltr'>εἰς</span> <span class='ocrx_word' id='word_1_18' title='bbox 1504 538 1697 609; x_wconf 80' lang='grc' dir='ltr'>μέσον,</span> <span class='ocrx_word' id='word_1_19' title='bbox 1736 538 1822 591; x_wconf 79' lang='grc' dir='ltr'>ἵνα</span> 
     </span>
    </p>
   </div>
   <div class='ocr_carea' id='block_1_4' title="bbox 230 628 1819 703">
    <p class='ocr_par' dir='ltr' id='par_1_4' title="bbox 230 628 1819 703">
     <span class='ocr_line' id='line_1_4' title="bbox 230 628 1819 703; baseline 0.002 -21"><span class='ocrx_word' id='word_1_20' title='bbox 230 630 307 700; x_wconf 83' lang='grc' dir='ltr'>μὴ</span> <span class='ocrx_word' id='word_1_21' title='bbox 347 628 774 701; x_wconf 85' lang='grc' dir='ltr'>παρακρούησθε</span> <span class='ocrx_word' id='word_1_22' title='bbox 817 632 938 692; x_wconf 86' lang='grc' dir='ltr'>ταῖς</span> <span class='ocrx_word' id='word_1_23' title='bbox 970 628 1155 699; x_wconf 78' lang='grc' dir='ltr'>ψιλαῖς</span> <span class='ocrx_word' id='word_1_24' title='bbox 1188 632 1555 701; x_wconf 75' lang='grc' dir='ltr'>αἰτιολογίαις.</span> <span class='ocrx_word' id='word_1_25' title='bbox 1596 631 1819 703; x_wconf 88' lang='grc' dir='ltr'>Πρῶτον</span> 
     </span>
    </p>
   </div>
   <div class='ocr_carea' id='block_1_5' title="bbox 228 721 1822 795">
    <p class='ocr_par' dir='ltr' id='par_1_5' title="bbox 228 721 1822 795">
     <span class='ocr_line' id='line_1_5' title="bbox 228 721 1822 795; baseline 0.001 -20"><span class='ocrx_word' id='word_1_26' title='bbox 228 722 335 792; x_wconf 81' lang='grc' dir='ltr'>μὲν</span> <span class='ocrx_word' id='word_1_27' title='bbox 358 722 467 793; x_wconf 65' lang='grc' dir='ltr'>γὰρ</span> <span class='ocrx_word' id='word_1_28' title='bbox 492 723 541 774; x_wconf 87' lang='grc' dir='ltr'><strong>οἱ</strong></span> <span class='ocrx_word' id='word_1_29' title='bbox 567 724 745 790; x_wconf 81' lang='grc' dir='ltr'>γονεῖς</span> <span class='ocrx_word' id='word_1_30' title='bbox 772 721 923 792; x_wconf 82' lang='grc' dir='ltr'>αὐτῷ</span> <span class='ocrx_word' id='word_1_31' title='bbox 950 722 1110 775; x_wconf 88' lang='grc' dir='ltr'>τοῦτο</span> <span class='ocrx_word' id='word_1_32' title='bbox 1138 722 1412 776; x_wconf 85' lang='grc' dir='ltr'>τεθείκασι</span> <span class='ocrx_word' id='word_1_33' title='bbox 1436 724 1675 794; x_wconf 87' lang='grc' dir='ltr'>τοῦνομα</span> <span class='ocrx_word' id='word_1_34' title='bbox 1701 725 1822 795; x_wconf 82' lang='grc' dir='ltr'>οὐχὶ</span> 
     </span>
    </p>
   </div>
   <div class='ocr_carea' id='block_1_6' title="bbox 225 814 1815 887">
    <p class='ocr_par' dir='ltr' id='par_1_6' title="bbox 225 814 1815 887">
     <span class='ocr_line' id='line_1_6' title="bbox 225 814 1815 887; baseline 0.003 -21"><span class='ocrx_word' id='word_1_35' title='bbox 225 815 511 885; x_wconf 82' lang='grc' dir='ltr'>προφῆταί</span> <span class='ocrx_word' id='word_1_36' title='bbox 556 831 699 877; x_wconf 90' lang='grc' dir='ltr'>τινες</span> <span class='ocrx_word' id='word_1_37' title='bbox 743 814 915 878; x_wconf 74' lang='grc' dir='ltr'>ὄντες,</span> <span class='ocrx_word' id='word_1_38' title='bbox 973 815 1067 868; x_wconf 62' lang='grc' dir='ltr'>καὶ⁹</span> <span class='ocrx_word' id='word_1_39' title='bbox 1113 814 1172 867; x_wconf 85' lang='grc' dir='ltr'>τὸ</span> <span class='ocrx_word' id='word_1_40' title='bbox 1214 815 1405 886; x_wconf 84' lang='grc' dir='ltr'>μέλλον</span> <span class='ocrx_word' id='word_1_41' title='bbox 1455 817 1815 887; x_wconf 87' lang='grc' dir='ltr'>προορῶντες.</span> 
     </span>
    </p>
   </div>
   <div class='ocr_carea' id='block_1_7' title="bbox 227 907 1820 980">
    <p class='ocr_par' dir='ltr' id='par_1_7' title="bbox 227 907 1820 980">
     <span class='ocr_line' id='line_1_7' title="bbox 227 907 1820 980; baseline 0 -19"><span class='ocrx_word' id='word_1_42' title='bbox 227 910 468 962; x_wconf 80' lang='grc' dir='ltr'>Ἔπειτα</span> <span class='ocrx_word' id='word_1_43' title='bbox 508 911 557 961; x_wconf 81' lang='grc' dir='ltr'>εἰ</span> <span class='ocrx_word' id='word_1_44' title='bbox 601 907 692 961; x_wconf 74' lang='grc' dir='ltr'>διὰ</span> <span class='ocrx_word' id='word_1_45' title='bbox 739 908 899 961; x_wconf 85' lang='grc' dir='ltr'>τοῦτο</span> <span class='ocrx_word' id='word_1_46' title='bbox 951 909 1151 971; x_wconf 84' lang='grc' dir='ltr'>Σαῦλος</span> <span class='ocrx_word' id='word_1_47' title='bbox 1198 909 1437 977; x_wconf 78' lang='grc' dir='ltr'>ἐλέγετο,</span> <span class='ocrx_word' id='word_1_48' title='bbox 1483 908 1671 980; x_wconf 77' lang='grc' dir='ltr'>ἐπειδὴ</span> <span class='ocrx_word' id='word_1_49' title='bbox 1722 908 1820 980; x_wconf 82' lang='grc' dir='ltr'>τὴν</span> 
     </span>
    </p>
   </div>
   <div class='ocr_carea' id='block_1_8' title="bbox 236 996 1820 1069">
    <p class='ocr_par' dir='ltr' id='par_1_8' title="bbox 236 996 1820 1069">
     <span class='ocr_line' id='line_1_8' title="bbox 236 996 1820 1069; baseline -0.001 -18"><span class='ocrx_word' id='word_1_50' title='bbox 236 998 571 1069; x_wconf 77' lang='grc' dir='ltr'>Ἐκκλησίαν</span> <span class='ocrx_word' id='word_1_51' title='bbox 600 998 824 1051; x_wconf 78' lang='grc' dir='ltr'>ἐσάλευε</span> <span class='ocrx_word' id='word_1_52' title='bbox 855 998 950 1050; x_wconf 78' lang='grc' dir='ltr'>καὶ</span> <span class='ocrx_word' id='word_1_53' title='bbox 979 998 1296 1068; x_wconf 90' lang='grc' dir='ltr'>ἐτάραττεν,</span> <span class='ocrx_word' id='word_1_54' title='bbox 1328 996 1434 1050; x_wconf 74' lang='grc' dir='ltr'>ἔδει</span> <span class='ocrx_word' id='word_1_55' title='bbox 1468 999 1820 1068; x_wconf 90' lang='grc' dir='ltr'>παυσάμενον</span> 
     </span>
    </p>
   </div>
   <div class='ocr_carea' id='block_1_9' title="bbox 223 1086 1819 1158">
    <p class='ocr_par' dir='ltr' id='par_1_9' title="bbox 223 1086 1819 1158">
     <span class='ocr_line' id='line_1_9' title="bbox 223 1086 1819 1158; baseline -0.003 -14"><span class='ocrx_word' id='word_1_56' title='bbox 223 1090 396 1145; x_wconf 69' lang='grc' dir='ltr'>αὑτὸν</span> <span class='ocrx_word' id='word_1_57' title='bbox 435 1089 529 1142; x_wconf 85' lang='grc' dir='ltr'>τοῦ</span> <span class='ocrx_word' id='word_1_58' title='bbox 572 1087 822 1142; x_wconf 87' lang='grc' dir='ltr'>σαλεύειν</span> <span class='ocrx_word' id='word_1_59' title='bbox 869 1089 969 1158; x_wconf 84' lang='grc' dir='ltr'>τὴν</span> <span class='ocrx_word' id='word_1_60' title='bbox 1026 1087 1354 1158; x_wconf 81' lang='grc' dir='ltr'>Ἐκκλησίαν</span> <span class='ocrx_word' id='word_1_61' title='bbox 1391 1086 1593 1151; x_wconf 84' lang='grc' dir='ltr'>εὐθέως</span> <span class='ocrx_word' id='word_1_62' title='bbox 1626 1087 1721 1141; x_wconf 76' lang='grc' dir='ltr'>καὶ</span> <span class='ocrx_word' id='word_1_63' title='bbox 1759 1086 1819 1139; x_wconf 84' lang='grc' dir='ltr'>τὸ</span> 
     </span>
    </p>
   </div>
   <div class='ocr_carea' id='block_1_10' title="bbox 223 1178 1819 1253">
    <p class='ocr_par' dir='ltr' id='par_1_10' title="bbox 223 1178 1819 1253">
     <span class='ocr_line' id='line_1_10' title="bbox 223 1178 1819 1253; baseline -0.003 -17"><span class='ocrx_word' id='word_1_64' title='bbox 223 1184 405 1253; x_wconf 78' lang='grc' dir='ltr'>ὄνομα</span> <span class='ocrx_word' id='word_1_65' title='bbox 459 1180 794 1235; x_wconf 74' lang='grc' dir='ltr'>ἀποθέσθαιο</span> <span class='ocrx_word' id='word_1_66' title='bbox 852 1180 947 1232; x_wconf 90' lang='grc' dir='ltr'>νῦν</span> <span class='ocrx_word' id='word_1_67' title='bbox 999 1179 1055 1232; x_wconf 85' lang='grc' dir='ltr'>δὲ</span> <span class='ocrx_word' id='word_1_68' title='bbox 1097 1178 1315 1250; x_wconf 88' lang='grc' dir='ltr'>ὁρῶμεν</span> <span class='ocrx_word' id='word_1_69' title='bbox 1358 1179 1519 1232; x_wconf 86' lang='grc' dir='ltr'>αὐτὸν</span> <span class='ocrx_word' id='word_1_70' title='bbox 1570 1178 1665 1231; x_wconf 88' lang='grc' dir='ltr'>τοῦ</span> <span class='ocrx_word' id='word_1_71' title='bbox 1722 1179 1819 1248; x_wconf 86' lang='grc' dir='ltr'>μὲν</span> 
     </span>
    </p>
   </div>
   <div class='ocr_carea' id='block_1_11' title="bbox 226 1271 1822 1343">
    <p class='ocr_par' dir='ltr' id='par_1_11' title="bbox 226 1271 1822 1343">
     <span class='ocr_line' id='line_1_11' title="bbox 226 1271 1822 1343; baseline -0.003 -16"><span class='ocrx_word' id='word_1_72' title='bbox 226 1274 400 1329; x_wconf 82' lang='grc' dir='ltr'>σάλου</span> <span class='ocrx_word' id='word_1_73' title='bbox 424 1273 532 1327; x_wconf 87' lang='grc' dir='ltr'>τῶν</span> <span class='ocrx_word' id='word_1_74' title='bbox 555 1272 696 1326; x_wconf 85' lang='grc' dir='ltr'>κατὰ</span> <span class='ocrx_word' id='word_1_75' title='bbox 725 1272 825 1343; x_wconf 81' lang='grc' dir='ltr'>τῆς</span> <span class='ocrx_word' id='word_1_76' title='bbox 859 1271 1184 1340; x_wconf 85' lang='grc' dir='ltr'>Ἐκκλησίας</span> <span class='ocrx_word' id='word_1_77' title='bbox 1215 1272 1550 1334; x_wconf 84' lang='grc' dir='ltr'>ἀποστάντα,</span> <span class='ocrx_word' id='word_1_78' title='bbox 1571 1271 1631 1324; x_wconf 82' lang='grc' dir='ltr'>τὸ</span> <span class='ocrx_word' id='word_1_79' title='bbox 1652 1271 1822 1341; x_wconf 77' lang='grc' dir='ltr'>ὄνομα</span> 
     </span>
    </p>
   </div>
   <div class='ocr_carea' id='block_1_12' title="bbox 223 1362 1819 1439">
    <p class='ocr_par' dir='ltr' id='par_1_12' title="bbox 223 1362 1819 1439">
     <span class='ocr_line' id='line_1_12' title="bbox 223 1362 1819 1439; baseline -0.001 -19"><span class='ocrx_word' id='word_1_80' title='bbox 223 1367 285 1421; x_wconf 77' lang='grc' dir='ltr'>δὲ</span> <span class='ocrx_word' id='word_1_81' title='bbox 320 1364 473 1439; x_wconf 72' lang='lat' dir='ltr'>[Hi]</span> <span class='ocrx_word' id='word_1_82' title='bbox 506 1365 606 1418; x_wconf 84' lang='grc' dir='ltr'>οὐκ</span> <span class='ocrx_word' id='word_1_83' title='bbox 632 1364 993 1434; x_wconf 79' lang='grc' dir='ltr'>ἀποθέμενον,</span> <span class='ocrx_word' id='word_1_84' title='bbox 1023 1363 1139 1417; x_wconf 78' lang='grc' dir='ltr'>ἀλλ’</span> <span class='ocrx_word' id='word_1_85' title='bbox 1170 1362 1251 1415; x_wconf 75' lang='grc' dir='ltr'>ἔτι</span> <span class='ocrx_word' id='word_1_86' title='bbox 1274 1362 1479 1417; x_wconf 82' lang='grc' dir='ltr'>Σαῦλον</span> <span class='ocrx_word' id='word_1_87' title='bbox 1506 1363 1819 1434; x_wconf 86' lang='grc' dir='ltr'>λεγόμενον.</span> 
     </span>
    </p>
   </div>
   <div class='ocr_carea' id='block_1_13' title="bbox 225 1454 1826 1528">
    <p class='ocr_par' dir='ltr' id='par_1_13' title="bbox 225 1454 1826 1528">
     <span class='ocr_line' id='line_1_13' title="bbox 225 1454 1826 1528; baseline -0.001 -17"><span class='ocrx_word' id='word_1_88' title='bbox 225 1455 341 1511; x_wconf 65' lang='grc' dir='ltr'>Καὶ</span> <span class='ocrx_word' id='word_1_89' title='bbox 370 1458 460 1511; x_wconf 84' lang='grc' dir='ltr'>ἵνα</span> <span class='ocrx_word' id='word_1_90' title='bbox 483 1456 557 1528; x_wconf 85' lang='grc' dir='ltr'>μὴ</span> <span class='ocrx_word' id='word_1_91' title='bbox 581 1455 839 1526; x_wconf 83' lang='grc' dir='ltr'>νομίσητε</span> <span class='ocrx_word' id='word_1_92' title='bbox 863 1455 945 1507; x_wconf 86' lang='grc' dir='ltr'>ὃτι</span> <span class='ocrx_word' id='word_1_93' title='bbox 970 1455 1454 1526; x_wconf 83' lang='grc' dir='ltr'>παρακρουόμενος</span> <span class='ocrx_word' id='word_1_94' title='bbox 1480 1454 1625 1524; x_wconf 83' lang='grc' dir='ltr'>ὑμᾶς</span> <span class='ocrx_word' id='word_1_95' title='bbox 1649 1454 1826 1509; x_wconf 88' lang='grc' dir='ltr'>ταῦτα</span> 
     </span>
    </p>
   </div>
   <div class='ocr_carea' id='block_1_14' title="bbox 225 1546 1824 1618">
    <p class='ocr_par' dir='ltr' id='par_1_14' title="bbox 225 1546 1824 1618">
     <span class='ocr_line' id='line_1_14' title="bbox 225 1546 1824 1618; baseline -0.001 -16"><span class='ocrx_word' id='word_1_96' title='bbox 225 1550 400 1618; x_wconf 82' lang='grc' dir='ltr'>λέγω,</span> <span class='ocrx_word' id='word_1_97' title='bbox 427 1547 632 1603; x_wconf 84' lang='grc' dir='ltr'>ἄνωθεν</span> <span class='ocrx_word' id='word_1_98' title='bbox 654 1548 782 1618; x_wconf 85' lang='grc' dir='ltr'>ὑμῖν</span> <span class='ocrx_word' id='word_1_99' title='bbox 804 1546 962 1600; x_wconf 86' lang='grc' dir='ltr'>τοῦτο</span> <span class='ocrx_word' id='word_1_100' title='bbox 983 1547 1460 1617; x_wconf 80' lang='grc' dir='ltr'>ἀπαριθμήσομαι.</span> <span class='ocrx_word' id='word_1_101' title='bbox 1498 1546 1824 1615; x_wconf 80' lang='grc' dir='ltr'>Ἐξέϐαλον</span> 
     </span>
    </p>
   </div>
   <div class='ocr_carea' id='block_1_15' title="bbox 224 1635 1819 1709">
    <p class='ocr_par' dir='ltr' id='par_1_15' title="bbox 224 1635 1819 1709">
     <span class='ocr_line' id='line_1_15' title="bbox 224 1635 1819 1709; baseline -0.003 -14"><span class='ocrx_word' id='word_1_102' title='bbox 224 1643 343 1695; x_wconf 77' lang='grc' dir='ltr'>τὸν</span> <span class='ocrx_word' id='word_1_103' title='bbox 376 1640 699 1709; x_wconf 67' lang='grc' dir='ltr'>Στέφανον,</span> <span class='ocrx_word' id='word_1_104' title='bbox 738 1638 891 1708; x_wconf 79' lang='grc' dir='ltr'>φησὶ,</span> <span class='ocrx_word' id='word_1_105' title='bbox 923 1638 1017 1690; x_wconf 79' lang='grc' dir='ltr'>καὶ</span> <span class='ocrx_word' id='word_1_106' title='bbox 1052 1637 1445 1691; x_wconf 77' lang='grc' dir='ltr'>ἐλιθοϐόλουν</span> <span class='ocrx_word' id='word_1_107' title='bbox 1471 1635 1690 1701; x_wconf 80' lang='grc' dir='ltr'>αὑτὸν,</span> <span class='ocrx_word' id='word_1_108' title='bbox 1721 1636 1819 1691; x_wconf 80' lang='grc' dir='ltr'>καὶ</span> 
     </span>
    </p>
   </div>
   <div class='ocr_carea' id='block_1_16' title="bbox 224 1726 1822 1803">
    <p class='ocr_par' dir='ltr' id='par_1_16' title="bbox 224 1726 1822 1803">
     <span class='ocr_line' id='line_1_16' title="bbox 224 1726 1822 1803; baseline -0.004 -15"><span class='ocrx_word' id='word_1_109' title='bbox 224 1737 284 1788; x_wconf 79' lang='grc' dir='ltr'>οἱ</span> <span class='ocrx_word' id='word_1_110' title='bbox 311 1732 612 1803; x_wconf 81' lang='grc' dir='ltr'>μάρτυρες</span> <span class='ocrx_word' id='word_1_111' title='bbox 641 1729 933 1786; x_wconf 77' lang='grc' dir='ltr'>ἀπέθεντο</span> <span class='ocrx_word' id='word_1_112' title='bbox 959 1729 1031 1783; x_wconf 86' lang='grc' dir='ltr'>τὰ</span> <span class='ocrx_word' id='word_1_113' title='bbox 1054 1728 1252 1798; x_wconf 77' lang='grc' dir='ltr'>ἱμάτια</span> <span class='ocrx_word' id='word_1_114' title='bbox 1275 1726 1474 1782; x_wconf 85' lang='grc' dir='ltr'>αὐτῶν</span> <span class='ocrx_word' id='word_1_115' title='bbox 1498 1728 1659 1796; x_wconf 86' lang='grc' dir='ltr'>παρὰ</span> <span class='ocrx_word' id='word_1_116' title='bbox 1681 1728 1822 1794; x_wconf 86' lang='grc' dir='ltr'>τοὺς</span> 
     </span>
    </p>
   </div>
   <div class='ocr_carea' id='block_1_17' title="bbox 225 1819 1820 1891">
    <p class='ocr_par' dir='ltr' id='par_1_17' title="bbox 225 1819 1820 1891">
     <span class='ocr_line' id='line_1_17' title="bbox 225 1819 1820 1891; baseline -0.004 -14"><span class='ocrx_word' id='word_1_117' title='bbox 225 1824 428 1891; x_wconf 76' lang='grc' dir='ltr'>πόδας</span> <span class='ocrx_word' id='word_1_118' title='bbox 474 1824 719 1878; x_wconf 80' lang='grc' dir='ltr'>νεανίου</span> <span class='ocrx_word' id='word_1_119' title='bbox 759 1821 1137 1891; x_wconf 77' lang='grc' dir='ltr'>καλουμένου</span> <span class='ocrx_word' id='word_1_120' title='bbox 1178 1820 1449 1874; x_wconf 86' lang='grc' dir='ltr'>Σαύλου’</span> <span class='ocrx_word' id='word_1_121' title='bbox 1491 1821 1586 1874; x_wconf 83' lang='grc' dir='ltr'>καὶ</span> <span class='ocrx_word' id='word_1_122' title='bbox 1623 1819 1820 1886; x_wconf 83' lang='grc' dir='ltr'>πάλιν,</span> 
     </span>
    </p>
   </div>
   <div class='ocr_carea' id='block_1_18' title="bbox 225 1909 1821 1983">
    <p class='ocr_par' dir='ltr' id='par_1_18' title="bbox 225 1909 1821 1983">
     <span class='ocr_line' id='line_1_18' title="bbox 225 1909 1821 1983; baseline -0.003 -14"><span class='ocrx_word' id='word_1_123' title='bbox 225 1916 474 1981; x_wconf 85' lang='grc' dir='ltr'>Σαῦλος</span> <span class='ocrx_word' id='word_1_124' title='bbox 515 1913 585 1968; x_wconf 78' lang='grc' dir='ltr'>δὲ</span> <span class='ocrx_word' id='word_1_125' title='bbox 621 1914 702 1983; x_wconf 81' lang='grc' dir='ltr'>ἦν</span> <span class='ocrx_word' id='word_1_126' title='bbox 734 1911 1123 1968; x_wconf 79' lang='grc' dir='ltr'>συνευδοκῶν</span> <span class='ocrx_word' id='word_1_127' title='bbox 1158 1909 1233 1979; x_wconf 74' lang='grc' dir='ltr'>τῇ</span> <span class='ocrx_word' id='word_1_128' title='bbox 1268 1909 1572 1981; x_wconf 84' lang='grc' dir='ltr'>ἀναιρέσει</span> <span class='ocrx_word' id='word_1_129' title='bbox 1604 1910 1821 1965; x_wconf 72' lang='grc' dir='ltr'>αὐτοῦ’</span> 
     </span>
    </p>
   </div>
   <div class='ocr_carea' id='block_1_19' title="bbox 226 2003 1823 2078">
    <p class='ocr_par' dir='ltr' id='par_1_19' title="bbox 226 2003 1823 2078">
     <span class='ocr_line' id='line_1_19' title="bbox 226 2003 1823 2078; baseline -0.002 -18"><span class='ocrx_word' id='word_1_130' title='bbox 226 2009 329 2061; x_wconf 82' lang='grc' dir='ltr'>καὶ</span> <span class='ocrx_word' id='word_1_131' title='bbox 363 2006 617 2078; x_wconf 80' lang='grc' dir='ltr'>ἀλλαχοῦ,</span> <span class='ocrx_word' id='word_1_132' title='bbox 652 2006 889 2072; x_wconf 71' lang='grc' dir='ltr'>Σαῦλος</span> <span class='ocrx_word' id='word_1_133' title='bbox 920 2003 989 2058; x_wconf 87' lang='grc' dir='ltr'>δὲ</span> <span class='ocrx_word' id='word_1_134' title='bbox 1022 2003 1379 2073; x_wconf 78' lang='grc' dir='ltr'>ἐλυμαίνετο</span> <span class='ocrx_word' id='word_1_135' title='bbox 1416 2005 1531 2072; x_wconf 81' lang='grc' dir='ltr'>τὴν</span> <span class='ocrx_word' id='word_1_136' title='bbox 1571 2004 1823 2071; x_wconf 85' lang='grc' dir='ltr'>Ἐκκλη-</span> 
     </span>
    </p>
   </div>
   <div class='ocr_carea' id='block_1_20' title="bbox 225 2098 1827 2167">
    <p class='ocr_par' dir='ltr' id='par_1_20' title="bbox 225 2098 1827 2167">
     <span class='ocr_line' id='line_1_20' title="bbox 225 2098 1827 2167; baseline -0.002 -14"><span class='ocrx_word' id='word_1_137' title='bbox 225 2102 384 2154; x_wconf 80' lang='grc' dir='ltr'>σίαν</span> <span class='ocrx_word' id='word_1_138' title='bbox 420 2099 572 2153; x_wconf 87' lang='grc' dir='ltr'>κατὰ</span> <span class='ocrx_word' id='word_1_139' title='bbox 618 2099 761 2165; x_wconf 86' lang='grc' dir='ltr'>τοὺς</span> <span class='ocrx_word' id='word_1_140' title='bbox 799 2099 1007 2164; x_wconf 76' lang='grc' dir='ltr'>οἴκους</span> <span class='ocrx_word' id='word_1_141' title='bbox 1053 2099 1583 2167; x_wconf 73' lang='grc' dir='ltr'>εἰσπορευόμενος,</span> <span class='ocrx_word' id='word_1_142' title='bbox 1621 2098 1827 2164; x_wconf 84' lang='grc' dir='ltr'>σύρων</span> 
     </span>
    </p>
   </div>
   <div class='ocr_carea' id='block_1_21' title="bbox 226 2187 1826 2259">
    <p class='ocr_par' dir='ltr' id='par_1_21' title="bbox 226 2187 1826 2259">
     <span class='ocr_line' id='line_1_21' title="bbox 226 2187 1826 2259; baseline -0.003 -13"><span class='ocrx_word' id='word_1_143' title='bbox 226 2208 294 2246; x_wconf 84' lang='grc' dir='ltr'>τε</span> <span class='ocrx_word' id='word_1_144' title='bbox 341 2190 567 2259; x_wconf 79' lang='grc' dir='ltr'>ἄνδρας</span> <span class='ocrx_word' id='word_1_145' title='bbox 611 2192 708 2243; x_wconf 76' lang='grc' dir='ltr'>καὶ</span> <span class='ocrx_word' id='word_1_146' title='bbox 747 2188 1041 2258; x_wconf 66' lang='grc' dir='ltr'>γυναῖκας</span> <span class='ocrx_word' id='word_1_147' title='bbox 1058 2205 1072 2221; x_wconf 76' lang='grc'><strong><em>⁸</em></strong></span> <span class='ocrx_word' id='word_1_148' title='bbox 1121 2189 1216 2242; x_wconf 80' lang='grc' dir='ltr'>καὶ</span> <span class='ocrx_word' id='word_1_149' title='bbox 1249 2188 1442 2253; x_wconf 86' lang='grc' dir='ltr'>πάλιν,</span> <span class='ocrx_word' id='word_1_150' title='bbox 1486 2187 1723 2254; x_wconf 86' lang='grc' dir='ltr'>Σαῦλος</span> <span class='ocrx_word' id='word_1_151' title='bbox 1756 2187 1826 2242; x_wconf 84' lang='grc' dir='ltr'>δέ</span> 
     </span>
    </p>
   </div>
   <div class='ocr_carea' id='block_1_22' title="bbox 226 2279 1825 2352">
    <p class='ocr_par' dir='ltr' id='par_1_22' title="bbox 226 2279 1825 2352">
     <span class='ocr_line' id='line_1_22' title="bbox 226 2279 1825 2352; baseline -0.002 -17"><span class='ocrx_word' id='word_1_152' title='bbox 226 2283 321 2336; x_wconf 76' lang='grc' dir='ltr'>ἔτι</span> <span class='ocrx_word' id='word_1_153' title='bbox 354 2281 628 2352; x_wconf 82' lang='grc' dir='ltr'>ἐμπνέων</span> <span class='ocrx_word' id='word_1_154' title='bbox 655 2280 911 2349; x_wconf 75' lang='grc' dir='ltr'>ἀπειλῆς</span> <span class='ocrx_word' id='word_1_155' title='bbox 936 2281 1033 2335; x_wconf 80' lang='grc' dir='ltr'>καὶ</span> <span class='ocrx_word' id='word_1_156' title='bbox 1054 2281 1249 2350; x_wconf 64' lang='grc' dir='ltr'>φόνου</span> <span class='ocrx_word' id='word_1_157' title='bbox 1274 2283 1362 2346; x_wconf 78' lang='grc' dir='ltr'>είς</span> <span class='ocrx_word' id='word_1_158' title='bbox 1390 2280 1531 2347; x_wconf 88' lang='grc' dir='ltr'>τοὺς</span> <span class='ocrx_word' id='word_1_159' title='bbox 1554 2279 1825 2349; x_wconf 87' lang='grc' dir='ltr'>μαθητὰς</span> 
     </span>
    </p>
   </div>
   <div class='ocr_carea' id='block_1_23' title="bbox 230 2371 1825 2442">
    <p class='ocr_par' dir='ltr' id='par_1_23' title="bbox 230 2371 1825 2442">
     <span class='ocr_line' id='line_1_23' title="bbox 230 2371 1825 2442; baseline -0.002 -14"><span class='ocrx_word' id='word_1_160' title='bbox 230 2374 341 2428; x_wconf 85' lang='grc' dir='ltr'>τοῦ</span> <span class='ocrx_word' id='word_1_161' title='bbox 368 2374 613 2441; x_wconf 83' lang='grc' dir='ltr'>Κυρίου·</span> <span class='ocrx_word' id='word_1_162' title='bbox 645 2374 739 2427; x_wconf 78' lang='grc' dir='ltr'>καὶ</span> <span class='ocrx_word' id='word_1_163' title='bbox 764 2372 948 2437; x_wconf 90' lang='grc' dir='ltr'>πάλιν,</span> <span class='ocrx_word' id='word_1_164' title='bbox 983 2373 1250 2427; x_wconf 81' lang='grc' dir='ltr'>Ἤκουσε</span> <span class='ocrx_word' id='word_1_165' title='bbox 1279 2371 1490 2442; x_wconf 73' lang='grc' dir='ltr'>φωνὴν</span> <span class='ocrx_word' id='word_1_166' title='bbox 1515 2372 1825 2441; x_wconf 76' lang='grc' dir='ltr'>λέγουσαν</span> 
     </span>
    </p>
   </div>
   <div class='ocr_carea' id='block_1_24' title="bbox 228 2464 1827 2535">
    <p class='ocr_par' dir='ltr' id='par_1_24' title="bbox 228 2464 1827 2535">
     <span class='ocr_line' id='line_1_24' title="bbox 228 2464 1827 2535; baseline -0.003 -13"><span class='ocrx_word' id='word_1_167' title='bbox 228 2467 417 2532; x_wconf 83' lang='grc' dir='ltr'>αὐτῷ,</span> <span class='ocrx_word' id='word_1_168' title='bbox 436 2468 658 2534; x_wconf 87' lang='grc' dir='ltr'>Σαοὺλ,</span> <span class='ocrx_word' id='word_1_169' title='bbox 684 2466 904 2529; x_wconf 88' lang='grc' dir='ltr'>Σαοὺλ,</span> <span class='ocrx_word' id='word_1_170' title='bbox 928 2467 985 2520; x_wconf 83' lang='grc' dir='ltr'>τί</span> <span class='ocrx_word' id='word_1_171' title='bbox 1004 2483 1080 2535; x_wconf 89' lang='grc' dir='ltr'>με</span> <span class='ocrx_word' id='word_1_172' title='bbox 1107 2465 1377 2530; x_wconf 83' lang='grc' dir='ltr'>διώκεις;</span> <span class='ocrx_word' id='word_1_173' title='bbox 1402 2464 1613 2519; x_wconf 78' lang='grc' dir='ltr'>Οὐκοῦν</span> <span class='ocrx_word' id='word_1_174' title='bbox 1641 2464 1827 2518; x_wconf 78' lang='grc' dir='ltr'>ἐντεῦ-</span> 
     </span>
    </p>
   </div>
   <div class='ocr_carea' id='block_1_25' title="bbox 230 2557 1825 2629">
    <p class='ocr_par' dir='ltr' id='par_1_25' title="bbox 230 2557 1825 2629">
     <span class='ocr_line' id='line_1_25' title="bbox 230 2557 1825 2629; baseline -0.001 -16"><span class='ocrx_word' id='word_1_175' title='bbox 230 2560 327 2614; x_wconf 88' lang='grc' dir='ltr'>θεν</span> <span class='ocrx_word' id='word_1_176' title='bbox 366 2559 528 2613; x_wconf 77' lang='grc' dir='ltr'>αὑτὸν</span> <span class='ocrx_word' id='word_1_177' title='bbox 559 2558 666 2612; x_wconf 72' lang='grc' dir='ltr'>ἔδει</span> <span class='ocrx_word' id='word_1_178' title='bbox 706 2558 892 2612; x_wconf 82' lang='grc' dir='ltr'>λοιπὸν</span> <span class='ocrx_word' id='word_1_179' title='bbox 931 2557 1235 2612; x_wconf 82' lang='grc' dir='ltr'>ἀποθέσθαι</span> <span class='ocrx_word' id='word_1_180' title='bbox 1263 2558 1324 2610; x_wconf 85' lang='grc' dir='ltr'>τὸ</span> <span class='ocrx_word' id='word_1_181' title='bbox 1350 2558 1543 2627; x_wconf 76' lang='grc' dir='ltr'>ὄνομα,</span> <span class='ocrx_word' id='word_1_182' title='bbox 1583 2558 1679 2611; x_wconf 85' lang='grc' dir='ltr'>καὶ</span> <span class='ocrx_word' id='word_1_183' title='bbox 1718 2558 1825 2629; x_wconf 78' lang='grc' dir='ltr'>γὰρ</span> 
     </span>
    </p>
   </div>
   <div class='ocr_carea' id='block_1_26' title="bbox 227 2648 1825 2722">
    <p class='ocr_par' dir='ltr' id='par_1_26' title="bbox 227 2648 1825 2722">
     <span class='ocr_line' id='line_1_26' title="bbox 227 2648 1825 2722; baseline -0.003 -15"><span class='ocrx_word' id='word_1_184' title='bbox 227 2654 447 2722; x_wconf 80' lang='grc' dir='ltr'>ἀπέστη</span> <span class='ocrx_word' id='word_1_185' title='bbox 477 2650 572 2706; x_wconf 84' lang='grc' dir='ltr'>τοῦ</span> <span class='ocrx_word' id='word_1_186' title='bbox 595 2651 836 2707; x_wconf 85' lang='grc' dir='ltr'>διώκειν.</span> <span class='ocrx_word' id='word_1_187' title='bbox 871 2652 936 2704; x_wconf 89' lang='grc' dir='ltr'>Τί</span> <span class='ocrx_word' id='word_1_188' title='bbox 964 2648 1093 2715; x_wconf 86' lang='grc' dir='ltr'>οὖν;</span> <span class='ocrx_word' id='word_1_189' title='bbox 1121 2650 1323 2714; x_wconf 84' lang='grc' dir='ltr'>εὐθέως</span> <span class='ocrx_word' id='word_1_190' title='bbox 1350 2650 1612 2716; x_wconf 88' lang='grc' dir='ltr'>ἀπέθετο;</span> <span class='ocrx_word' id='word_1_191' title='bbox 1650 2650 1825 2704; x_wconf 79' lang='grc' dir='ltr'>Οὐδα-</span> 
     </span>
    </p>
   </div>
   <div class='ocr_carea' id='block_1_27' title="bbox 233 2743 1819 2815">
    <p class='ocr_par' dir='ltr' id='par_1_27' title="bbox 233 2743 1819 2815">
     <span class='ocr_line' id='line_1_27' title="bbox 233 2743 1819 2815; baseline -0.001 -17"><span class='ocrx_word' id='word_1_192' title='bbox 233 2745 377 2814; x_wconf 84' lang='grc' dir='ltr'>μῶς,</span> <span class='ocrx_word' id='word_1_193' title='bbox 408 2744 506 2798; x_wconf 79' lang='grc' dir='ltr'>καὶ</span> <span class='ocrx_word' id='word_1_194' title='bbox 547 2743 706 2797; x_wconf 87' lang='grc' dir='ltr'>τοῦτο</span> <span class='ocrx_word' id='word_1_195' title='bbox 756 2748 821 2798; x_wconf 86' lang='grc' dir='ltr'>ἐκ</span> <span class='ocrx_word' id='word_1_196' title='bbox 861 2745 972 2803; x_wconf 82' lang='grc' dir='ltr'>τῶν</span> <span class='ocrx_word' id='word_1_197' title='bbox 1020 2744 1146 2815; x_wconf 78' lang='grc' dir='ltr'>έξῆς</span> <span class='ocrx_word' id='word_1_198' title='bbox 1179 2744 1372 2815; x_wconf 74' lang='grc' dir='ltr'>δῆλονο</span> <span class='ocrx_word' id='word_1_199' title='bbox 1423 2748 1677 2798; x_wconf 84' lang='grc' dir='ltr'>σκοπεῖτε</span> <span class='ocrx_word' id='word_1_200' title='bbox 1728 2744 1819 2798; x_wconf 86' lang='grc' dir='ltr'>δέ·</span> 
     </span>
    </p>
   </div>
   <div class='ocr_carea' id='block_1_28' title="bbox 242 2835 1825 2908">
    <p class='ocr_par' dir='ltr' id='par_1_28' title="bbox 242 2835 1825 2908">
     <span class='ocr_line' id='line_1_28' title="bbox 242 2835 1825 2908; baseline 0.001 -18"><span class='ocrx_word' id='word_1_201' title='bbox 242 2835 496 2903; x_wconf 81' lang='grc' dir='ltr'>Ἠγέρθη</span> <span class='ocrx_word' id='word_1_202' title='bbox 540 2836 778 2903; x_wconf 86' lang='grc' dir='ltr'>Σαῦλος</span> <span class='ocrx_word' id='word_1_203' title='bbox 810 2837 929 2891; x_wconf 80' lang='grc' dir='ltr'>ἀπὸ</span> <span class='ocrx_word' id='word_1_204' title='bbox 969 2835 1078 2904; x_wconf 84' lang='grc' dir='ltr'>τῆς</span> <span class='ocrx_word' id='word_1_205' title='bbox 1122 2835 1266 2905; x_wconf 77' lang='grc' dir='ltr'>γῆς,</span> <span class='ocrx_word' id='word_1_206' title='bbox 1300 2837 1399 2890; x_wconf 86' lang='grc' dir='ltr'>καὶ</span> <span class='ocrx_word' id='word_1_207' title='bbox 1435 2838 1825 2908; x_wconf 79' lang='grc' dir='ltr'>ἀνεῳγμένων</span> 
     </span>
    </p>
   </div>
   <div class='ocr_carea' id='block_1_29' title="bbox 230 2925 1820 2996">
    <p class='ocr_par' dir='ltr' id='par_1_29' title="bbox 230 2925 1820 2996">
     <span class='ocr_line' id='line_1_29' title="bbox 230 2925 1820 2996; baseline 0.001 -17"><span class='ocrx_word' id='word_1_208' title='bbox 230 2926 358 2980; x_wconf 83' lang='grc' dir='ltr'>τῶν</span> <span class='ocrx_word' id='word_1_209' title='bbox 390 2925 719 2996; x_wconf 68' lang='grc' dir='ltr'>ὀφθαλμῶν</span> <span class='ocrx_word' id='word_1_210' title='bbox 745 2928 933 2982; x_wconf 83' lang='grc' dir='ltr'>αὐτοῦ</span> <span class='ocrx_word' id='word_1_211' title='bbox 962 2928 1182 2982; x_wconf 78' lang='grc' dir='ltr'>οὐδένα</span> <span class='ocrx_word' id='word_1_212' title='bbox 1211 2927 1429 2982; x_wconf 81' lang='grc' dir='ltr'>ἕϐλεπε</span> <span class='ocrx_word' id='word_1_213' title='bbox 1449 2945 1461 2958; x_wconf 88' lang='grc'><strong>·</strong></span> <span class='ocrx_word' id='word_1_214' title='bbox 1504 2929 1599 2981; x_wconf 82' lang='grc' dir='ltr'>καὶ</span> <span class='ocrx_word' id='word_1_215' title='bbox 1624 2928 1785 2983; x_wconf 86' lang='grc' dir='ltr'>πάλιν</span> <span class='ocrx_word' id='word_1_216' title='bbox 1807 2945 1820 2958; x_wconf 71' lang='grc' dir='ltr'><strong>ο</strong></span> 
     </span>
    </p>
   </div>
   <div class='ocr_carea' id='block_1_30' title="bbox 232 3016 1826 3090">
    <p class='ocr_par' dir='ltr' id='par_1_30' title="bbox 232 3016 1826 3090">
     <span class='ocr_line' id='line_1_30' title="bbox 232 3016 1826 3090; baseline 0.001 -16"><span class='ocrx_word' id='word_1_217' title='bbox 232 3016 387 3074; x_wconf 59' lang='lat' dir='ltr'>Ehe</span> <span class='ocrx_word' id='word_1_218' title='bbox 418 3020 487 3073; x_wconf 86' lang='grc' dir='ltr'>δὲ</span> <span class='ocrx_word' id='word_1_219' title='bbox 514 3022 732 3087; x_wconf 81' lang='grc' dir='ltr'>Κύριος</span> <span class='ocrx_word' id='word_1_220' title='bbox 778 3019 860 3085; x_wconf 82' lang='grc' dir='ltr'>τῷ</span> <span class='ocrx_word' id='word_1_221' title='bbox 918 3022 1183 3088; x_wconf 63' lang='grc' dir='ltr'>Ἀνανίςν</span> <span class='ocrx_word' id='word_1_222' title='bbox 1224 3022 1551 3090; x_wconf 84' lang='grc' dir='ltr'>Πορεύθητι</span> <span class='ocrx_word' id='word_1_223' title='bbox 1591 3025 1679 3088; x_wconf 88' lang='grc' dir='ltr'>εἱς</span> <span class='ocrx_word' id='word_1_224' title='bbox 1711 3021 1826 3089; x_wconf 78' lang='grc' dir='ltr'>τὴν</span> 
     </span>
    </p>
   </div>
   <div class='ocr_carea' id='block_1_31' title="bbox 225 3110 1826 3182">
    <p class='ocr_par' dir='ltr' id='par_1_31' title="bbox 225 3110 1826 3182">
     <span class='ocr_line' id='line_1_31' title="bbox 225 3110 1826 3182; baseline 0.001 -17"><span class='ocrx_word' id='word_1_225' title='bbox 225 3114 437 3180; x_wconf 76' lang='grc' dir='ltr'>ῥύμην</span> <span class='ocrx_word' id='word_1_226' title='bbox 478 3112 863 3181; x_wconf 73' lang='grc' dir='ltr'>καλουμένην</span> <span class='ocrx_word' id='word_1_227' title='bbox 901 3110 1196 3178; x_wconf 84' lang='grc' dir='ltr'>Εὐθεῖαν,</span> <span class='ocrx_word' id='word_1_228' title='bbox 1242 3111 1528 3182; x_wconf 84' lang='grc' dir='ltr'>εὑρήσεις</span> <span class='ocrx_word' id='word_1_229' title='bbox 1558 3113 1628 3166; x_wconf 83' lang='grc' dir='ltr'>ἐν</span> <span class='ocrx_word' id='word_1_230' title='bbox 1669 3113 1826 3181; x_wconf 78' lang='grc' dir='ltr'>οἰκίᾳ</span> 
     </span>
    </p>
   </div>
   <div class='ocr_carea' id='block_1_32' title="bbox 243 3203 1827 3273">
    <p class='ocr_par' dir='ltr' id='par_1_32' title="bbox 243 3203 1827 3273">
     <span class='ocr_line' id='line_1_32' title="bbox 243 3203 1827 3273; baseline 0 -15"><span class='ocrx_word' id='word_1_231' title='bbox 243 3203 438 3258; x_wconf 82' lang='grc' dir='ltr'>Ἰούδα</span> <span class='ocrx_word' id='word_1_232' title='bbox 485 3203 726 3258; x_wconf 86' lang='grc' dir='ltr'>Σαῦλον</span> <span class='ocrx_word' id='word_1_233' title='bbox 767 3205 1011 3273; x_wconf 83' lang='grc' dir='ltr'>ὀνόματι</span> <span class='ocrx_word' id='word_1_234' title='bbox 1032 3219 1044 3233; x_wconf 87' lang='grc'><strong>·</strong></span> <span class='ocrx_word' id='word_1_235' title='bbox 1097 3204 1192 3258; x_wconf 78' lang='grc' dir='ltr'>καὶ</span> <span class='ocrx_word' id='word_1_236' title='bbox 1226 3203 1388 3257; x_wconf 90' lang='grc' dir='ltr'>πάλιν</span> <span class='ocrx_word' id='word_1_237' title='bbox 1408 3246 1422 3270; x_wconf 92' lang='grc'>,</span> <span class='ocrx_word' id='word_1_238' title='bbox 1459 3203 1765 3259; x_wconf 70' lang='grc' dir='ltr'>Εἰσελθὼν</span> <span class='ocrx_word' id='word_1_239' title='bbox 1794 3208 1827 3258; x_wconf 84' lang='grc' dir='ltr'><strong><em>ὁ</em></strong></span> 
     </span>
    </p>
   </div>
   <div class='ocr_carea' id='block_1_33' title="bbox 245 3292 1828 3365">
    <p class='ocr_par' dir='ltr' id='par_1_33' title="bbox 245 3292 1828 3365">
     <span class='ocr_line' id='line_1_33' title="bbox 245 3292 1828 3365; baseline -0.001 -14"><span class='ocrx_word' id='word_1_240' title='bbox 245 3296 520 3362; x_wconf 76' lang='grc' dir='ltr'>Ἁνανίας</span> <span class='ocrx_word' id='word_1_241' title='bbox 556 3292 719 3361; x_wconf 79' lang='grc' dir='ltr'>εἷπε,</span> <span class='ocrx_word' id='word_1_242' title='bbox 756 3296 957 3349; x_wconf 81' lang='grc' dir='ltr'>Σαοὺλ</span> <span class='ocrx_word' id='word_1_243' title='bbox 992 3294 1251 3364; x_wconf 72' lang='grc' dir='ltr'>ἀδελφέ,</span> <span class='ocrx_word' id='word_1_244' title='bbox 1285 3295 1633 3351; x_wconf 82' lang='grc' dir='ltr'>ἀπέσταλκέ</span> <span class='ocrx_word' id='word_1_245' title='bbox 1669 3314 1746 3365; x_wconf 88' lang='grc' dir='ltr'>με</span> <span class='ocrx_word' id='word_1_246' title='bbox 1794 3300 1828 3349; x_wconf 83' lang='grc' dir='ltr'>ό</span> 
     </span>
    </p>
   </div>
   <div class='ocr_carea' id='block_1_34' title="bbox 230 3385 1824 3459">
    <p class='ocr_par' dir='ltr' id='par_1_34' title="bbox 230 3385 1824 3459">
     <span class='ocr_line' id='line_1_34' title="bbox 230 3385 1824 3459; baseline 0 -15"><span class='ocrx_word' id='word_1_247' title='bbox 230 3391 474 3459; x_wconf 83' lang='grc' dir='ltr'>Κύριος,</span> <span class='ocrx_word' id='word_1_248' title='bbox 506 3391 539 3443; x_wconf 84' lang='grc' dir='ltr'>ό</span> <span class='ocrx_word' id='word_1_249' title='bbox 571 3388 777 3458; x_wconf 72' lang='grc' dir='ltr'>ὀφθείς</span> <span class='ocrx_word' id='word_1_250' title='bbox 808 3404 907 3441; x_wconf 91' lang='grc' dir='ltr'>σοι</span> <span class='ocrx_word' id='word_1_251' title='bbox 936 3390 1006 3441; x_wconf 85' lang='grc' dir='ltr'>ἐν</span> <span class='ocrx_word' id='word_1_252' title='bbox 1039 3386 1112 3456; x_wconf 81' lang='grc' dir='ltr'>τῇ</span> <span class='ocrx_word' id='word_1_253' title='bbox 1144 3385 1284 3457; x_wconf 69' lang='grc' dir='ltr'>ὀδῷ,</span> <span class='ocrx_word' id='word_1_254' title='bbox 1317 3389 1420 3442; x_wconf 83' lang='grc' dir='ltr'>ἵνα</span> <span class='ocrx_word' id='word_1_255' title='bbox 1449 3388 1824 3458; x_wconf 72' lang='grc' dir='ltr'>ἀναϐλέψῃς.</span> 
     </span>
    </p>
   </div>
   <div class='ocr_carea' id='block_1_35' title="bbox 230 3478 1824 3553">
    <p class='ocr_par' dir='ltr' id='par_1_35' title="bbox 230 3478 1824 3553">
     <span class='ocr_line' id='line_1_35' title="bbox 230 3478 1824 3553; baseline -0.003 -16"><span class='ocrx_word' id='word_1_256' title='bbox 230 3478 376 3537; x_wconf 83' lang='grc' dir='ltr'>Εἶτα</span> <span class='ocrx_word' id='word_1_257' title='bbox 404 3480 610 3553; x_wconf 75' lang='grc' dir='ltr'>ἡρξατο</span> <span class='ocrx_word' id='word_1_258' title='bbox 637 3480 935 3551; x_wconf 81' lang='grc' dir='ltr'>κηρύσσειν</span> <span class='ocrx_word' id='word_1_259' title='bbox 975 3481 1071 3533; x_wconf 78' lang='grc' dir='ltr'>καὶ</span> <span class='ocrx_word' id='word_1_260' title='bbox 1102 3480 1322 3551; x_wconf 83' lang='grc' dir='ltr'>συνέχεε</span> <span class='ocrx_word' id='word_1_261' title='bbox 1351 3479 1478 3541; x_wconf 80' lang='grc' dir='ltr'>τοὺς</span> <span class='ocrx_word' id='word_1_262' title='bbox 1513 3480 1824 3547; x_wconf 86' lang='grc' dir='ltr'>Ἰουδαίους,</span> 
     </span>
    </p>
   </div>
   <div class='ocr_carea' id='block_1_36' title="bbox 230 3572 1830 3642">
    <p class='ocr_par' dir='ltr' id='par_1_36' title="bbox 230 3572 1830 3642">
     <span class='ocr_line' id='line_1_36' title="bbox 230 3572 1830 3642; baseline -0.003 -12"><span class='ocrx_word' id='word_1_263' title='bbox 230 3578 335 3630; x_wconf 78' lang='grc' dir='ltr'>καὶ</span> <span class='ocrx_word' id='word_1_264' title='bbox 372 3574 498 3628; x_wconf 80' lang='grc' dir='ltr'>οὕδέ</span> <span class='ocrx_word' id='word_1_265' title='bbox 533 3573 707 3637; x_wconf 89' lang='grc' dir='ltr'>οὕτως</span> <span class='ocrx_word' id='word_1_266' title='bbox 731 3573 792 3626; x_wconf 80' lang='grc' dir='ltr'>τὸ</span> <span class='ocrx_word' id='word_1_267' title='bbox 833 3572 1005 3642; x_wconf 76' lang='grc' dir='ltr'>ὄνομα</span> <span class='ocrx_word' id='word_1_268' title='bbox 1035 3572 1292 3636; x_wconf 85' lang='grc' dir='ltr'>ἀπέθετο,</span> <span class='ocrx_word' id='word_1_269' title='bbox 1344 3572 1458 3626; x_wconf 86' lang='grc' dir='ltr'>ἀλλ’</span> <span class='ocrx_word' id='word_1_270' title='bbox 1505 3572 1584 3627; x_wconf 77' lang='grc' dir='ltr'>ἔτι</span> <span class='ocrx_word' id='word_1_271' title='bbox 1623 3572 1830 3638; x_wconf 86' lang='grc' dir='ltr'>Σαῦλος</span> 
     </span>
    </p>
   </div>
   <div class='ocr_carea' id='block_1_37' title="bbox 232 3663 1829 3736">
    <p class='ocr_par' dir='ltr' id='par_1_37' title="bbox 232 3663 1829 3736">
     <span class='ocr_line' id='line_1_37' title="bbox 232 3663 1829 3736; baseline -0.003 -14"><span class='ocrx_word' id='word_1_272' title='bbox 232 3667 478 3735; x_wconf 81' lang='grc' dir='ltr'>ἐλέγετο.</span> <span class='ocrx_word' id='word_1_273' title='bbox 525 3664 825 3735; x_wconf 76' lang='grc' dir='ltr'>Ἑγνώσθη</span> <span class='ocrx_word' id='word_1_274' title='bbox 860 3663 991 3735; x_wconf 86' lang='grc' dir='ltr'>γὰρ,</span> <span class='ocrx_word' id='word_1_275' title='bbox 1025 3665 1189 3736; x_wconf 68' lang='grc' dir='ltr'>φησι,</span> <span class='ocrx_word' id='word_1_276' title='bbox 1235 3663 1317 3730; x_wconf 87' lang='grc' dir='ltr'>τῷ</span> <span class='ocrx_word' id='word_1_277' title='bbox 1368 3665 1584 3730; x_wconf 83' lang='grc' dir='ltr'>Σαύλῳ</span> <span class='ocrx_word' id='word_1_278' title='bbox 1626 3666 1665 3733; x_wconf 77' lang='grc' dir='ltr'>ἡ</span> <span class='ocrx_word' id='word_1_279' title='bbox 1698 3665 1829 3717; x_wconf 86' lang='grc' dir='ltr'>ἐπι-</span> 
     </span>
    </p>
   </div>
   <div class='ocr_carea' id='block_1_38' title="bbox 233 3752 1825 3827">
    <p class='ocr_par' dir='ltr' id='par_1_38' title="bbox 233 3752 1825 3827">
     <span class='ocr_line' id='line_1_38' title="bbox 233 3752 1825 3827; baseline -0.002 -14"><span class='ocrx_word' id='word_1_280' title='bbox 233 3759 432 3825; x_wconf 82' lang='grc' dir='ltr'>ϐουλὴ</span> <span class='ocrx_word' id='word_1_281' title='bbox 472 3756 594 3811; x_wconf 87' lang='grc' dir='ltr'>τῶν</span> <span class='ocrx_word' id='word_1_282' title='bbox 655 3756 980 3812; x_wconf 89' lang='grc' dir='ltr'>Ἰουδαίων.</span> <span class='ocrx_word' id='word_1_283' title='bbox 1026 3752 1150 3827; x_wconf 69' lang='grc' dir='ltr'>’Ἆρ’</span> <span class='ocrx_word' id='word_1_284' title='bbox 1196 3753 1291 3811; x_wconf 80' lang='grc' dir='ltr'>οὖν</span> <span class='ocrx_word' id='word_1_285' title='bbox 1336 3756 1571 3811; x_wconf 83' lang='grc' dir='ltr'>ἐνταῦθα</span> <span class='ocrx_word' id='word_1_286' title='bbox 1630 3757 1825 3827; x_wconf 83' lang='grc' dir='ltr'>μόνον;</span> 
     </span>
    </p>
   </div>
   <div class='ocr_carea' id='block_1_39' title="bbox 231 3846 1830 3920">
    <p class='ocr_par' dir='ltr' id='par_1_39' title="bbox 231 3846 1830 3920">
     <span class='ocr_line' id='line_1_39' title="bbox 231 3846 1830 3920; baseline -0.001 -17"><span class='ocrx_word' id='word_1_287' title='bbox 231 3848 528 3919; x_wconf 82' lang='grc' dir='ltr'>Οὐδαμῶς,</span> <span class='ocrx_word' id='word_1_288' title='bbox 562 3847 704 3915; x_wconf 87' lang='grc' dir='ltr'>ἀλλ’,</span> <span class='ocrx_word' id='word_1_289' title='bbox 749 3846 1013 3917; x_wconf 75' lang='grc' dir='ltr'>Ἐγένετο</span> <span class='ocrx_word' id='word_1_290' title='bbox 1052 3848 1248 3917; x_wconf 86' lang='grc' dir='ltr'>λιμὸς,</span> <span class='ocrx_word' id='word_1_291' title='bbox 1288 3847 1442 3920; x_wconf 74' lang='grc' dir='ltr'>φησὶ,</span> <span class='ocrx_word' id='word_1_292' title='bbox 1479 3848 1577 3900; x_wconf 73' lang='grc' dir='ltr'>καὶ</span> <span class='ocrx_word' id='word_1_293' title='bbox 1602 3847 1830 3916; x_wconf 84' lang='grc' dir='ltr'>ὥρισαν</span> 
     </span>
    </p>
   </div>
   <div class='ocr_carea' id='block_1_40' title="bbox 232 3938 1830 4011">
    <p class='ocr_par' dir='ltr' id='par_1_40' title="bbox 232 3938 1830 4011">
     <span class='ocr_line' id='line_1_40' title="bbox 232 3938 1830 4011; baseline -0.002 -14"><span class='ocrx_word' id='word_1_294' title='bbox 232 3946 291 3997; x_wconf 81' lang='grc' dir='ltr'>οι</span> <span class='ocrx_word' id='word_1_295' title='bbox 317 3940 578 4011; x_wconf 78' lang='grc' dir='ltr'>μαθηταὶ</span> <span class='ocrx_word' id='word_1_296' title='bbox 602 3940 833 4010; x_wconf 73' lang='grc' dir='ltr'>πέμψαι</span> <span class='ocrx_word' id='word_1_297' title='bbox 857 3943 945 4006; x_wconf 88' lang='grc' dir='ltr'>εὶς</span> <span class='ocrx_word' id='word_1_298' title='bbox 982 3940 1362 4009; x_wconf 84' lang='grc' dir='ltr'>Ἰεροσόλυμα</span> <span class='ocrx_word' id='word_1_299' title='bbox 1382 3938 1507 4005; x_wconf 83' lang='grc' dir='ltr'>τοῖς</span> <span class='ocrx_word' id='word_1_300' title='bbox 1531 3940 1723 4010; x_wconf 78' lang='grc' dir='ltr'>ἁγίοις</span> <span class='ocrx_word' id='word_1_301' title='bbox 1743 3942 1830 4008; x_wconf 83' lang='grc' dir='ltr'>είς</span> 
     </span>
    </p>
   </div>
   <div class='ocr_carea' id='block_1_41' title="bbox 233 4030 1828 4101">
    <p class='ocr_par' dir='ltr' id='par_1_41' title="bbox 233 4030 1828 4101">
     <span class='ocr_line' id='line_1_41' title="bbox 233 4030 1828 4101; baseline 0 -14"><span class='ocrx_word' id='word_1_302' title='bbox 233 4034 575 4088; x_wconf 83' lang='grc' dir='ltr'>διακονίαν.</span> <span class='ocrx_word' id='word_1_303' title='bbox 613 4033 934 4101; x_wconf 74' lang='grc' dir='ltr'>Ἔπεμψαν</span> <span class='ocrx_word' id='word_1_304' title='bbox 961 4031 1029 4084; x_wconf 88' lang='grc' dir='ltr'>δὲ</span> <span class='ocrx_word' id='word_1_305' title='bbox 1060 4030 1156 4086; x_wconf 84' lang='grc' dir='ltr'>διὰ</span> <span class='ocrx_word' id='word_1_306' title='bbox 1191 4031 1390 4100; x_wconf 86' lang='grc' dir='ltr'>χειρὸς</span> <span class='ocrx_word' id='word_1_307' title='bbox 1420 4030 1695 4100; x_wconf 86' lang='grc' dir='ltr'>Βαρνάϐα</span> <span class='ocrx_word' id='word_1_308' title='bbox 1729 4032 1828 4088; x_wconf 75' lang='grc' dir='ltr'>καὶ</span> 
     </span>
    </p>
   </div>
   <div class='ocr_carea' id='block_1_42' title="bbox 232 4123 1831 4191">
    <p class='ocr_par' dir='ltr' id='par_1_42' title="bbox 232 4123 1831 4191">
     <span class='ocr_line' id='line_1_42' title="bbox 232 4123 1831 4191; baseline -0.002 -10"><span class='ocrx_word' id='word_1_309' title='bbox 232 4128 502 4182; x_wconf 80' lang='grc' dir='ltr'>Σαύλου.</span> <span class='ocrx_word' id='word_1_310' title='bbox 554 4126 687 4179; x_wconf 83' lang='grc' dir='ltr'>Ἰδοὺ</span> <span class='ocrx_word' id='word_1_311' title='bbox 724 4124 964 4178; x_wconf 89' lang='grc' dir='ltr'>διακονεῖ</span> <span class='ocrx_word' id='word_1_312' title='bbox 998 4126 1109 4187; x_wconf 89' lang='grc' dir='ltr'>τοῖς</span> <span class='ocrx_word' id='word_1_313' title='bbox 1141 4124 1338 4191; x_wconf 80' lang='grc' dir='ltr'>ἁγίοις,</span> <span class='ocrx_word' id='word_1_314' title='bbox 1371 4124 1466 4177; x_wconf 75' lang='grc' dir='ltr'>καὶ</span> <span class='ocrx_word' id='word_1_315' title='bbox 1509 4124 1590 4178; x_wconf 80' lang='grc' dir='ltr'>ἔτι</span> <span class='ocrx_word' id='word_1_316' title='bbox 1626 4123 1831 4189; x_wconf 88' lang='grc' dir='ltr'>Σαῦλος</span> 
     </span>
    </p>
   </div>
   <div class='ocr_carea' id='block_1_43' title="bbox 232 4213 1833 4286">
    <p class='ocr_par' dir='ltr' id='par_1_43' title="bbox 232 4213 1833 4286">
     <span class='ocr_line' id='line_1_43' title="bbox 232 4213 1833 4286; baseline -0.001 -16"><span class='ocrx_word' id='word_1_317' title='bbox 232 4217 482 4285; x_wconf 83' lang='grc' dir='ltr'>λέγεται.</span> <span class='ocrx_word' id='word_1_318' title='bbox 510 4215 746 4286; x_wconf 85' lang='grc' dir='ltr'>Εἰσῆλθε</span> <span class='ocrx_word' id='word_1_319' title='bbox 780 4214 874 4269; x_wconf 74' lang='grc' dir='ltr'>καὶ</span> <span class='ocrx_word' id='word_1_320' title='bbox 910 4214 1049 4285; x_wconf 86' lang='grc' dir='ltr'>μετὰ</span> <span class='ocrx_word' id='word_1_321' title='bbox 1076 4214 1252 4269; x_wconf 90' lang='grc' dir='ltr'>ταῦτα</span> <span class='ocrx_word' id='word_1_322' title='bbox 1277 4213 1564 4286; x_wconf 87' lang='grc' dir='ltr'>Βαρνάϐας</span> <span class='ocrx_word' id='word_1_323' title='bbox 1592 4217 1672 4280; x_wconf 84' lang='grc' dir='ltr'>εἰς</span> <span class='ocrx_word' id='word_1_324' title='bbox 1713 4216 1833 4269; x_wconf 77' lang='grc' dir='ltr'>Ἀν-</span> 
     </span>
    </p>
   </div>
   <div class='ocr_carea' id='block_1_44' title="bbox 231 4304 1832 4378">
    <p class='ocr_par' dir='ltr' id='par_1_44' title="bbox 231 4304 1832 4378">
     <span class='ocr_line' id='line_1_44' title="bbox 231 4304 1832 4378; baseline -0.002 -16"><span class='ocrx_word' id='word_1_325' title='bbox 231 4307 502 4378; x_wconf 85' lang='grc' dir='ltr'>τιόχειαν,</span> <span class='ocrx_word' id='word_1_326' title='bbox 532 4308 628 4360; x_wconf 77' lang='grc' dir='ltr'>καὶ</span> <span class='ocrx_word' id='word_1_327' title='bbox 659 4305 783 4359; x_wconf 87' lang='grc' dir='ltr'>ίδὼν</span> <span class='ocrx_word' id='word_1_328' title='bbox 813 4304 911 4376; x_wconf 85' lang='grc' dir='ltr'>τὴν</span> <span class='ocrx_word' id='word_1_329' title='bbox 940 4306 1103 4376; x_wconf 84' lang='grc' dir='ltr'>χάριν</span> <span class='ocrx_word' id='word_1_330' title='bbox 1139 4305 1236 4358; x_wconf 86' lang='grc' dir='ltr'>τοῦ</span> <span class='ocrx_word' id='word_1_331' title='bbox 1264 4305 1402 4359; x_wconf 83' lang='grc' dir='ltr'>Θεοῦ</span> <span class='ocrx_word' id='word_1_332' title='bbox 1421 4347 1437 4373; x_wconf 95' lang='grc'>,</span> <span class='ocrx_word' id='word_1_333' title='bbox 1468 4308 1562 4360; x_wconf 76' lang='grc' dir='ltr'>καὶ</span> <span class='ocrx_word' id='word_1_334' title='bbox 1586 4307 1668 4360; x_wconf 87' lang='grc' dir='ltr'>ὃτι</span> <span class='ocrx_word' id='word_1_335' title='bbox 1693 4307 1832 4378; x_wconf 79' lang='grc' dir='ltr'>πλῆ-</span> 
     </span>
    </p>
   </div>
   <div class='ocr_carea' id='block_1_45' title="bbox 233 4393 1830 4469">
    <p class='ocr_par' dir='ltr' id='par_1_45' title="bbox 233 4393 1830 4469">
     <span class='ocr_line' id='line_1_45' title="bbox 233 4393 1830 4469; baseline -0.001 -16"><span class='ocrx_word' id='word_1_336' title='bbox 233 4398 337 4463; x_wconf 82' lang='grc' dir='ltr'>θος</span> <span class='ocrx_word' id='word_1_337' title='bbox 379 4393 449 4469; x_wconf 76' lang='grc' dir='ltr'>ἦν</span> <span class='ocrx_word' id='word_1_338' title='bbox 479 4399 599 4451; x_wconf 82' lang='grc' dir='ltr'>ἐκεῖ</span> <span class='ocrx_word' id='word_1_339' title='bbox 633 4396 791 4459; x_wconf 77' lang='grc' dir='ltr'>πολὺ,</span> <span class='ocrx_word' id='word_1_340' title='bbox 835 4395 1060 4465; x_wconf 81' lang='grc' dir='ltr'>ἐξῆλθεν</span> <span class='ocrx_word' id='word_1_341' title='bbox 1108 4397 1189 4459; x_wconf 76' lang='grc' dir='ltr'>εἰς</span> <span class='ocrx_word' id='word_1_342' title='bbox 1227 4397 1440 4466; x_wconf 87' lang='grc' dir='ltr'>Ταρσὸν</span> <span class='ocrx_word' id='word_1_343' title='bbox 1489 4397 1830 4468; x_wconf 76' lang='grc' dir='ltr'>ἀναζητῆσαι</span> 
     </span>
    </p>
   </div>
   <div class='ocr_carea' id='block_1_46' title="bbox 235 4485 1830 4556">
    <p class='ocr_par' dir='ltr' id='par_1_46' title="bbox 235 4485 1830 4556">
     <span class='ocr_line' id='line_1_46' title="bbox 235 4485 1830 4556; baseline -0.002 -11"><span class='ocrx_word' id='word_1_344' title='bbox 235 4488 469 4545; x_wconf 75' lang='grc' dir='ltr'>Σαῦλον.</span> <span class='ocrx_word' id='word_1_345' title='bbox 526 4488 659 4541; x_wconf 87' lang='grc' dir='ltr'>Ἰδοὺ</span> <span class='ocrx_word' id='word_1_346' title='bbox 698 4486 796 4540; x_wconf 70' lang='grc' dir='ltr'>καὶ</span> <span class='ocrx_word' id='word_1_347' title='bbox 828 4485 1153 4556; x_wconf 78' lang='grc' dir='ltr'>ἐπιστρέφει</span> <span class='ocrx_word' id='word_1_348' title='bbox 1188 4487 1438 4552; x_wconf 83' lang='grc' dir='ltr'>πολλοὺς,</span> <span class='ocrx_word' id='word_1_349' title='bbox 1489 4489 1582 4541; x_wconf 72' lang='grc' dir='ltr'>καὶ</span> <span class='ocrx_word' id='word_1_350' title='bbox 1626 4488 1830 4553; x_wconf 86' lang='grc' dir='ltr'>Σαῦλος</span> 
     </span>
    </p>
   </div>
   <div class='ocr_carea' id='block_1_47' title="bbox 232 4577 1832 4652">
    <p class='ocr_par' dir='ltr' id='par_1_47' title="bbox 232 4577 1832 4652">
     <span class='ocr_line' id='line_1_47' title="bbox 232 4577 1832 4652; baseline 0 -16"><span class='ocrx_word' id='word_1_351' title='bbox 232 4583 460 4650; x_wconf 82' lang='grc' dir='ltr'>λέγεται</span> <span class='ocrx_word' id='word_1_352' title='bbox 480 4598 494 4612; x_wconf 77' lang='grc'><strong><em>⁸</em></strong></span> <span class='ocrx_word' id='word_1_353' title='bbox 528 4582 624 4635; x_wconf 73' lang='grc' dir='ltr'>καὶ</span> <span class='ocrx_word' id='word_1_354' title='bbox 663 4579 826 4635; x_wconf 90' lang='grc' dir='ltr'>πάλιν</span> <span class='ocrx_word' id='word_1_355' title='bbox 850 4598 863 4611; x_wconf 78' lang='grc' dir='ltr'><strong><em>ο</em></strong></span> <span class='ocrx_word' id='word_1_356' title='bbox 910 4577 1136 4643; x_wconf 88' lang='grc' dir='ltr'>Ἦσαν,</span> <span class='ocrx_word' id='word_1_357' title='bbox 1166 4580 1333 4650; x_wconf 78' lang='grc' dir='ltr'>φησὶν</span> <span class='ocrx_word' id='word_1_358' title='bbox 1353 4623 1366 4647; x_wconf 93' lang='grc'>,</span> <span class='ocrx_word' id='word_1_359' title='bbox 1397 4581 1467 4634; x_wconf 79' lang='grc' dir='ltr'>ἐν</span> <span class='ocrx_word' id='word_1_360' title='bbox 1511 4582 1832 4652; x_wconf 82' lang='grc' dir='ltr'>Ἀντιοχείᾳ</span> 
     </span>
    </p>
   </div>
   <div class='ocr_carea' id='block_1_48' title="bbox 234 4669 1832 4742">
    <p class='ocr_par' dir='ltr' id='par_1_48' title="bbox 234 4669 1832 4742">
     <span class='ocr_line' id='line_1_48' title="bbox 234 4669 1832 4742; baseline -0.001 -12"><span class='ocrx_word' id='word_1_361' title='bbox 234 4677 394 4730; x_wconf 79' lang='grc' dir='ltr'>κατὰ</span> <span class='ocrx_word' id='word_1_362' title='bbox 426 4676 545 4742; x_wconf 78' lang='grc' dir='ltr'>τὴν</span> <span class='ocrx_word' id='word_1_363' title='bbox 568 4669 770 4729; x_wconf 80' lang='grc' dir='ltr'>οὖσαν</span> <span class='ocrx_word' id='word_1_364' title='bbox 807 4673 1176 4739; x_wconf 83' lang='grc' dir='ltr'>Ἐκκλησίαν</span> <span class='ocrx_word' id='word_1_365' title='bbox 1213 4672 1513 4742; x_wconf 68' lang='grc' dir='ltr'>προφῆται</span> <span class='ocrx_word' id='word_1_366' title='bbox 1549 4674 1647 4728; x_wconf 82' lang='grc' dir='ltr'>καὶ</span> <span class='ocrx_word' id='word_1_367' title='bbox 1678 4674 1832 4729; x_wconf 80' lang='grc' dir='ltr'>διδά-</span> 
     </span>
    </p>
   </div>
   <div class='ocr_carea' id='block_1_49' title="bbox 232 4767 1831 4838">
    <p class='ocr_par' dir='ltr' id='par_1_49' title="bbox 232 4767 1831 4838">
     <span class='ocr_line' id='line_1_49' title="bbox 232 4767 1831 4838; baseline -0.001 -14"><span class='ocrx_word' id='word_1_368' title='bbox 232 4773 484 4832; x_wconf 86' lang='grc' dir='ltr'>σκαλοι,</span> <span class='ocrx_word' id='word_1_369' title='bbox 512 4767 759 4838; x_wconf 86' lang='grc' dir='ltr'>Συμεὼν</span> <span class='ocrx_word' id='word_1_370' title='bbox 780 4770 812 4820; x_wconf 85' lang='grc' dir='ltr'>ό</span> <span class='ocrx_word' id='word_1_371' title='bbox 837 4767 1209 4835; x_wconf 85' lang='grc' dir='ltr'>καλούμενος</span> <span class='ocrx_word' id='word_1_372' title='bbox 1232 4767 1428 4835; x_wconf 80' lang='grc' dir='ltr'>Νίγερ,</span> <span class='ocrx_word' id='word_1_373' title='bbox 1456 4767 1554 4820; x_wconf 77' lang='grc' dir='ltr'>καὶ</span> <span class='ocrx_word' id='word_1_374' title='bbox 1578 4770 1831 4836; x_wconf 84' lang='grc' dir='ltr'>Λούκιος</span> 
     </span>
    </p>
   </div>
   <div class='ocr_carea' id='block_1_50' title="bbox 235 4856 1829 4931">
    <p class='ocr_par' dir='ltr' id='par_1_50' title="bbox 235 4856 1829 4931">
     <span class='ocr_line' id='line_1_50' title="bbox 235 4856 1829 4931; baseline -0.001 -12"><span class='ocrx_word' id='word_1_375' title='bbox 235 4866 271 4919; x_wconf 81' lang='grc' dir='ltr'><em>ό</em></span> <span class='ocrx_word' id='word_1_376' title='bbox 298 4860 659 4931; x_wconf 80' lang='grc' dir='ltr'>Κύρηναῖος,</span> <span class='ocrx_word' id='word_1_377' title='bbox 694 4858 948 4925; x_wconf 77' lang='grc' dir='ltr'>Μαναήν</span> <span class='ocrx_word' id='word_1_378' title='bbox 974 4876 1039 4912; x_wconf 86' lang='grc' dir='ltr'>τε</span> <span class='ocrx_word' id='word_1_379' title='bbox 1078 4856 1328 4927; x_wconf 85' lang='grc' dir='ltr'>Ἡρώδου</span> <span class='ocrx_word' id='word_1_380' title='bbox 1368 4859 1474 4914; x_wconf 83' lang='grc' dir='ltr'>τοῦ</span> <span class='ocrx_word' id='word_1_381' title='bbox 1504 4860 1829 4930; x_wconf 82' lang='grc' dir='ltr'>τετράρχου</span> 
     </span>
    </p>
   </div>
   <div class='ocr_carea' id='block_1_51' title="bbox 235 4950 1832 5023">
    <p class='ocr_par' dir='ltr' id='par_1_51' title="bbox 235 4950 1832 5023">
     <span class='ocr_line' id='line_1_51' title="bbox 235 4950 1832 5023; baseline 0.001 -16"><span class='ocrx_word' id='word_1_382' title='bbox 235 4956 621 5023; x_wconf 67' lang='grc' dir='ltr'>σύντροφος,</span> <span class='ocrx_word' id='word_1_383' title='bbox 676 4952 775 5005; x_wconf 81' lang='grc' dir='ltr'>καὶ</span> <span class='ocrx_word' id='word_1_384' title='bbox 830 4951 1089 5015; x_wconf 80' lang='grc' dir='ltr'>Σαῦλος.</span> <span class='ocrx_word' id='word_1_385' title='bbox 1156 4950 1287 5002; x_wconf 84' lang='grc' dir='ltr'>Ἰδοὺ</span> <span class='ocrx_word' id='word_1_386' title='bbox 1356 4953 1449 5004; x_wconf 78' lang='grc' dir='ltr'>καὶ</span> <span class='ocrx_word' id='word_1_387' title='bbox 1511 4952 1832 5019; x_wconf 85' lang='grc' dir='ltr'>διδάσκαλος</span> 
     </span>
    </p>
   </div>
   <div class='ocr_carea' id='block_1_52' title="bbox 235 5039 1832 5115">
    <p class='ocr_par' dir='ltr' id='par_1_52' title="bbox 235 5039 1832 5115">
     <span class='ocr_line' id='line_1_52' title="bbox 235 5039 1832 5115; baseline -0.003 -14"><span class='ocrx_word' id='word_1_388' title='bbox 235 5048 463 5115; x_wconf 81' lang='grc' dir='ltr'>ἐγένετο</span> <span class='ocrx_word' id='word_1_389' title='bbox 495 5044 592 5097; x_wconf 77' lang='grc' dir='ltr'>καὶ</span> <span class='ocrx_word' id='word_1_390' title='bbox 619 5043 929 5114; x_wconf 83' lang='grc' dir='ltr'>προφήτης,</span> <span class='ocrx_word' id='word_1_391' title='bbox 980 5042 1075 5094; x_wconf 75' lang='grc' dir='ltr'>καὶ</span> <span class='ocrx_word' id='word_1_392' title='bbox 1101 5040 1183 5093; x_wconf 81' lang='grc' dir='ltr'>ἔτι</span> <span class='ocrx_word' id='word_1_393' title='bbox 1215 5039 1419 5103; x_wconf 87' lang='grc' dir='ltr'>Σαῦλος</span> <span class='ocrx_word' id='word_1_394' title='bbox 1446 5041 1684 5110; x_wconf 79' lang='grc' dir='ltr'>ἐλέγετο.</span> <span class='ocrx_word' id='word_1_395' title='bbox 1721 5045 1832 5098; x_wconf 77' lang='grc' dir='ltr'>Καὶ</span> 
     </span>
    </p>
   </div>
   <div class='ocr_carea' id='block_1_53' title="bbox 237 5129 1829 5204">
    <p class='ocr_par' dir='ltr' id='par_1_53' title="bbox 237 5129 1829 5204">
     <span class='ocr_line' id='line_1_53' title="bbox 237 5129 1829 5204; baseline -0.002 -13"><span class='ocrx_word' id='word_1_396' title='bbox 237 5137 439 5199; x_wconf 71' lang='grc' dir='ltr'>πάλιν,</span> <span class='ocrx_word' id='word_1_397' title='bbox 475 5135 993 5202; x_wconf 74' lang='grc' dir='ltr'>Λειτουργούντων</span> <span class='ocrx_word' id='word_1_398' title='bbox 1033 5130 1102 5185; x_wconf 87' lang='grc' dir='ltr'>δὲ</span> <span class='ocrx_word' id='word_1_399' title='bbox 1140 5129 1339 5185; x_wconf 86' lang='grc' dir='ltr'>αὐτῶν</span> <span class='ocrx_word' id='word_1_400' title='bbox 1375 5131 1455 5197; x_wconf 85' lang='grc' dir='ltr'>τῷ</span> <span class='ocrx_word' id='word_1_401' title='bbox 1496 5134 1690 5204; x_wconf 83' lang='grc' dir='ltr'>Κυρίῳ</span> <span class='ocrx_word' id='word_1_402' title='bbox 1731 5137 1829 5190; x_wconf 76' lang='grc' dir='ltr'>καὶ</span> 
     </span>
    </p>
   </div>
   <div class='ocr_carea' id='block_1_54' title="bbox 236 5220 1831 5295">
    <p class='ocr_par' dir='ltr' id='par_1_54' title="bbox 236 5220 1831 5295">
     <span class='ocr_line' id='line_1_54' title="bbox 236 5220 1831 5295; baseline -0.009 -14"><span class='ocrx_word' id='word_1_403' title='bbox 236 5229 688 5295; x_wconf 82' lang='grc' dir='ltr'>νηστευόντων,</span> <span class='ocrx_word' id='word_1_404' title='bbox 714 5220 843 5278; x_wconf 75' lang='grc' dir='ltr'>εἷπε</span> <span class='ocrx_word' id='word_1_405' title='bbox 876 5222 941 5276; x_wconf 87' lang='grc' dir='ltr'>τὸ</span> <span class='ocrx_word' id='word_1_406' title='bbox 980 5221 1226 5292; x_wconf 85' lang='grc' dir='ltr'>Πνεῦμα</span> <span class='ocrx_word' id='word_1_407' title='bbox 1252 5222 1318 5275; x_wconf 87' lang='grc' dir='ltr'>τὸ</span> <span class='ocrx_word' id='word_1_408' title='bbox 1353 5222 1545 5293; x_wconf 74' lang='grc' dir='ltr'>ἅγιον·</span> <span class='ocrx_word' id='word_1_409' title='bbox 1602 5225 1831 5295; x_wconf 69' lang='grc' dir='ltr'>Ἀφορί-</span> 
     </span>
    </p>
   </div>
   <div class='ocr_carea' id='block_1_55' title="bbox 237 5313 1553 5389">
    <p class='ocr_par' dir='ltr' id='par_1_55' title="bbox 237 5313 1553 5389">
     <span class='ocr_line' id='line_1_55' title="bbox 237 5313 1553 5389; baseline -0.005 -12"><span class='ocrx_word' id='word_1_410' title='bbox 237 5319 395 5377; x_wconf 78' lang='grc' dir='ltr'>σατέ</span> <span class='ocrx_word' id='word_1_411' title='bbox 414 5336 520 5389; x_wconf 88' lang='grc' dir='ltr'>μοι</span> <span class='ocrx_word' id='word_1_412' title='bbox 548 5318 654 5371; x_wconf 84' lang='grc' dir='ltr'>τὸν</span> <span class='ocrx_word' id='word_1_413' title='bbox 687 5314 1002 5384; x_wconf 82' lang='grc' dir='ltr'>Βαρνάϐαν</span> <span class='ocrx_word' id='word_1_414' title='bbox 1027 5315 1125 5368; x_wconf 84' lang='grc' dir='ltr'>καὶ</span> <span class='ocrx_word' id='word_1_415' title='bbox 1156 5313 1264 5369; x_wconf 81' lang='grc' dir='ltr'>τὸν</span> <span class='ocrx_word' id='word_1_416' title='bbox 1291 5315 1553 5370; x_wconf 84' lang='grc' dir='ltr'>Σαῦλον.</span> 
     </span>
    </p>
   </div>
   <div class='ocr_carea' id='block_1_56' title="bbox 312 5406 1833 5481">
    <p class='ocr_par' dir='ltr' id='par_1_56' title="bbox 312 5406 1833 5481">
     <span class='ocr_line' id='line_1_56' title="bbox 312 5406 1833 5481; baseline 0.005 -23"><span class='ocrx_word' id='word_1_417' title='bbox 312 5411 389 5481; x_wconf 52' lang='grc' dir='ltr'>γ,</span> <span class='ocrx_word' id='word_1_418' title='bbox 440 5409 572 5464; x_wconf 77' lang='grc' dir='ltr'>Ἰδοὺ</span> <span class='ocrx_word' id='word_1_419' title='bbox 608 5408 706 5462; x_wconf 79' lang='grc' dir='ltr'>καὶ</span> <span class='ocrx_word' id='word_1_420' title='bbox 733 5406 1052 5478; x_wconf 77' lang='grc' dir='ltr'>ἀφορίζεται</span> <span class='ocrx_word' id='word_1_421' title='bbox 1090 5407 1196 5461; x_wconf 76' lang='grc' dir='ltr'>ὑπὸ</span> <span class='ocrx_word' id='word_1_422' title='bbox 1227 5406 1320 5461; x_wconf 87' lang='grc' dir='ltr'>τοῦ</span> <span class='ocrx_word' id='word_1_423' title='bbox 1358 5407 1698 5479; x_wconf 84' lang='grc' dir='ltr'>Πνεύματος,</span> <span class='ocrx_word' id='word_1_424' title='bbox 1736 5414 1833 5465; x_wconf 71' lang='grc' dir='ltr'>καὶ</span> 
     </span>
    </p>
   </div>
   <div class='ocr_carea' id='block_1_57' title="bbox 237 5495 1835 5570">
    <p class='ocr_par' dir='ltr' id='par_1_57' title="bbox 237 5495 1835 5570">
     <span class='ocr_line' id='line_1_57' title="bbox 237 5495 1835 5570; baseline -0.002 -11"><span class='ocrx_word' id='word_1_425' title='bbox 237 5505 461 5562; x_wconf 74' lang='grc' dir='ltr'>οὐδέπω</span> <span class='ocrx_word' id='word_1_426' title='bbox 482 5501 545 5554; x_wconf 87' lang='grc' dir='ltr'>τὺ</span> <span class='ocrx_word' id='word_1_427' title='bbox 569 5500 743 5570; x_wconf 78' lang='grc' dir='ltr'>ὄνομα</span> <span class='ocrx_word' id='word_1_428' title='bbox 770 5499 1110 5565; x_wconf 85' lang='grc' dir='ltr'>ἀποτίθεται,</span> <span class='ocrx_word' id='word_1_429' title='bbox 1144 5499 1260 5554; x_wconf 84' lang='grc' dir='ltr'>ἀλλ’</span> <span class='ocrx_word' id='word_1_430' title='bbox 1280 5501 1369 5553; x_wconf 83' lang='grc' dir='ltr'>ὅτε</span> <span class='ocrx_word' id='word_1_431' title='bbox 1385 5495 1549 5570; x_wconf 81' lang='grc' dir='ltr'>ἦλθεν</span> <span class='ocrx_word' id='word_1_432' title='bbox 1568 5504 1647 5565; x_wconf 84' lang='grc' dir='ltr'>είς</span> <span class='ocrx_word' id='word_1_433' title='bbox 1664 5504 1835 5557; x_wconf 69' lang='grc' dir='ltr'>Σαλα.</span> 
     </span>
    </p>
   </div>
   <div class='ocr_carea' id='block_1_58' title="bbox 246 5585 1831 5670">
    <p class='ocr_par' dir='ltr' id='par_1_58' title="bbox 246 5585 1831 5670">
     <span class='ocr_line' id='line_1_58' title="bbox 246 5585 1831 5670; baseline 0.002 -23"><span class='ocrx_word' id='word_1_434' title='bbox 246 5600 401 5670; x_wconf 77' lang='grc' dir='ltr'>μῐνα,</span> <span class='ocrx_word' id='word_1_435' title='bbox 430 5596 524 5652; x_wconf 85' lang='grc' dir='ltr'>ὅτε</span> <span class='ocrx_word' id='word_1_436' title='bbox 552 5592 644 5646; x_wconf 83' lang='grc' dir='ltr'>τὸν</span> <span class='ocrx_word' id='word_1_437' title='bbox 670 5594 844 5663; x_wconf 83' lang='grc' dir='ltr'>μάγον</span> <span class='ocrx_word' id='word_1_438' title='bbox 868 5585 1016 5662; x_wconf 77' lang='grc' dir='ltr'>εὗρε,</span> <span class='ocrx_word' id='word_1_439' title='bbox 1040 5592 1164 5645; x_wconf 87' lang='grc' dir='ltr'>τότε</span> <span class='ocrx_word' id='word_1_440' title='bbox 1199 5593 1364 5663; x_wconf 79' lang='grc' dir='ltr'>φησὶν</span> <span class='ocrx_word' id='word_1_441' title='bbox 1389 5595 1417 5645; x_wconf 93' lang='lat'>6</span> <span class='ocrx_word' id='word_1_442' title='bbox 1458 5593 1675 5658; x_wconf 78' lang='grc' dir='ltr'>Λουκᾶς</span> <span class='ocrx_word' id='word_1_443' title='bbox 1704 5613 1769 5649; x_wconf 89' lang='grc' dir='ltr'>πε</span> <span class='ocrx_word' id='word_1_444' title='bbox 1779 5598 1831 5667; x_wconf 74' lang='grc' dir='ltr'>ρὶ</span> 
     </span>
    </p>
   </div>
   <div class='ocr_carea' id='block_1_59' title="bbox 243 5686 1832 5754">
    <p class='ocr_par' dir='ltr' id='par_1_59' title="bbox 243 5686 1832 5754">
     <span class='ocr_line' id='line_1_59' title="bbox 243 5686 1832 5754; baseline -0.003 -7"><span class='ocrx_word' id='word_1_445' title='bbox 243 5691 414 5747; x_wconf 76' lang='grc' dir='ltr'>αὑτοῦ</span> <span class='ocrx_word' id='word_1_446' title='bbox 434 5708 449 5720; x_wconf 71' lang='grc'><strong>⁸</strong></span> <span class='ocrx_word' id='word_1_447' title='bbox 476 5688 714 5754; x_wconf 86' lang='grc' dir='ltr'>Σαῦλος</span> <span class='ocrx_word' id='word_1_448' title='bbox 734 5686 823 5751; x_wconf 84' lang='grc' dir='ltr'>δὲ,</span> <span class='ocrx_word' id='word_1_449' title='bbox 855 5689 886 5740; x_wconf 85' lang='grc' dir='ltr'>ό</span> <span class='ocrx_word' id='word_1_450' title='bbox 910 5688 1009 5740; x_wconf 80' lang='grc' dir='ltr'>καὶ</span> <span class='ocrx_word' id='word_1_451' title='bbox 1042 5687 1306 5754; x_wconf 85' lang='grc' dir='ltr'>Παῦλος,</span> <span class='ocrx_word' id='word_1_452' title='bbox 1330 5687 1627 5754; x_wconf 77' lang='grc' dir='ltr'>πλησθεὶς</span> <span class='ocrx_word' id='word_1_453' title='bbox 1645 5690 1832 5744; x_wconf 82' lang='grc' dir='ltr'>Πνεύ-</span> 
     </span>
    </p>
   </div>
   <div class='ocr_carea' id='block_1_60' title="bbox 242 5774 1824 5852">
    <p class='ocr_par' dir='ltr' id='par_1_60' title="bbox 242 5774 1824 5852">
     <span class='ocr_line' id='line_1_60' title="bbox 242 5774 1824 5852; baseline -0.004 -12"><span class='ocrx_word' id='word_1_454' title='bbox 242 5800 433 5852; x_wconf 72' lang='grc' dir='ltr'>ματος</span> <span class='ocrx_word' id='word_1_455' title='bbox 469 5781 662 5852; x_wconf 73' lang='grc' dir='ltr'>ἁγίου,</span> <span class='ocrx_word' id='word_1_456' title='bbox 698 5774 885 5833; x_wconf 77' lang='grc' dir='ltr'>εἶπεν.</span> <span class='ocrx_word' id='word_1_457' title='bbox 929 5777 1208 5833; x_wconf 79' lang='grc' dir='ltr'>Ἐντεῦθεν</span> <span class='ocrx_word' id='word_1_458' title='bbox 1241 5779 1273 5847; x_wconf 79' lang='grc' dir='ltr'>ἡ</span> <span class='ocrx_word' id='word_1_459' title='bbox 1311 5777 1452 5849; x_wconf 83' lang='grc' dir='ltr'>ἀρχὴ</span> <span class='ocrx_word' id='word_1_460' title='bbox 1482 5777 1580 5848; x_wconf 81' lang='grc' dir='ltr'>τῆς</span> <span class='ocrx_word' id='word_1_461' title='bbox 1608 5796 1824 5849; x_wconf 86' lang='grc' dir='ltr'>μετονο-</span> 
     </span>
    </p>
   </div>
   <div class='ocr_carea' id='block_1_61' title="bbox 1370 336 2381 395">
    <p class='ocr_par' dir='ltr' id='par_1_61' title="bbox 1370 336 2381 395">
     <span class='ocr_line' id='line_1_61' title="bbox 1370 336 2381 395; baseline 0.001 -4"><span class='ocrx_word' id='word_1_462' title='bbox 1370 337 1458 392; x_wconf 86' lang='lat' dir='ltr'><strong>DE</strong></span> <span class='ocrx_word' id='word_1_463' title='bbox 1492 336 1897 394; x_wconf 83' lang='lat' dir='ltr'>MUTATIONE</span> <span class='ocrx_word' id='word_1_464' title='bbox 1939 336 2281 395; x_wconf 81' lang='lat' dir='ltr'>NOMINUM.</span> <span class='ocrx_word' id='word_1_465' title='bbox 2318 338 2381 395; x_wconf 87' lang='lat' dir='ltr'>ll.</span> 
     </span>
    </p>
   </div>
   <div class='ocr_carea' id='block_1_62' title="bbox 3405 338 3506 392">
    <p class='ocr_par' dir='ltr' id='par_1_62' title="bbox 3405 338 3506 392">
     <span class='ocr_line' id='line_1_62' title="bbox 3405 338 3506 392; baseline 0.01 -1"><span class='ocrx_word' id='word_1_466' title='bbox 3405 338 3506 392; x_wconf 70' lang='grc' dir='ltr'>ηε</span> 
     </span>
    </p>
   </div>
   <div class='ocr_carea' id='block_1_63' title="bbox 1930 444 3508 519">
    <p class='ocr_par' dir='ltr' id='par_1_63' title="bbox 1930 444 3508 519">
     <span class='ocr_line' id='line_1_63' title="bbox 1930 444 3508 519; baseline -0.002 -17"><span class='ocrx_word' id='word_1_467' title='bbox 1930 448 2129 519; x_wconf 86' lang='grc' dir='ltr'>μασίας</span> <span class='ocrx_word' id='word_1_468' title='bbox 2157 446 2387 516; x_wconf 84' lang='grc' dir='ltr'>ἐγίνετο.</span> <span class='ocrx_word' id='word_1_469' title='bbox 2408 445 2501 519; x_wconf 83' lang='grc' dir='ltr'><strong>Μὴ</strong></span> <span class='ocrx_word' id='word_1_470' title='bbox 2524 448 2704 502; x_wconf 79' lang='grc' dir='ltr'>τοίνυν</span> <span class='ocrx_word' id='word_1_471' title='bbox 2733 448 3111 519; x_wconf 87' lang='grc' dir='ltr'>ἀποκάμωμεν</span> <span class='ocrx_word' id='word_1_472' title='bbox 3142 444 3232 499; x_wconf 88' lang='grc' dir='ltr'>τόν</span> <span class='ocrx_word' id='word_1_473' title='bbox 3253 447 3508 518; x_wconf 76' lang='grc' dir='ltr'>περὶτῶν</span> 
     </span>
    </p>
   </div>
   <div class='ocr_carea' id='block_1_64' title="bbox 1922 538 3504 613">
    <p class='ocr_par' dir='ltr' id='par_1_64' title="bbox 1922 538 3504 613">
     <span class='ocr_line' id='line_1_64' title="bbox 1922 538 3504 613; baseline 0.001 -21"><span class='ocrx_word' id='word_1_474' title='bbox 1922 541 2200 611; x_wconf 86' lang='grc' dir='ltr'>ὀνομάτων</span> <span class='ocrx_word' id='word_1_475' title='bbox 2244 538 2432 593; x_wconf 83' lang='grc' dir='ltr'>τοῦτον</span> <span class='ocrx_word' id='word_1_476' title='bbox 2479 538 2767 611; x_wconf 85' lang='grc' dir='ltr'>ζητοῦντες</span> <span class='ocrx_word' id='word_1_477' title='bbox 2800 540 2979 608; x_wconf 90' lang='grc' dir='ltr'>λόγον.</span> <span class='ocrx_word' id='word_1_478' title='bbox 3038 538 3353 610; x_wconf 84' lang='grc' dir='ltr'>Ὀνομάτων</span> <span class='ocrx_word' id='word_1_479' title='bbox 3394 540 3504 613; x_wconf 81' lang='grc' dir='ltr'>γὰρ</span> 
     </span>
    </p>
   </div>
   <div class='ocr_carea' id='block_1_65' title="bbox 1924 630 3506 703">
    <p class='ocr_par' dir='ltr' id='par_1_65' title="bbox 1924 630 3506 703">
     <span class='ocr_line' id='line_1_65' title="bbox 1924 630 3506 703; baseline -0.001 -19"><span class='ocrx_word' id='word_1_480' title='bbox 1924 630 2141 703; x_wconf 76' lang='grc' dir='ltr'>εὕρεσις</span> <span class='ocrx_word' id='word_1_481' title='bbox 2169 630 2263 684; x_wconf 79' lang='grc' dir='ltr'>καὶ</span> <span class='ocrx_word' id='word_1_482' title='bbox 2293 632 2350 683; x_wconf 87' lang='grc' dir='ltr'>ἐν</span> <span class='ocrx_word' id='word_1_483' title='bbox 2380 632 2491 694; x_wconf 87' lang='grc' dir='ltr'>τοῖς</span> <span class='ocrx_word' id='word_1_484' title='bbox 2522 630 2796 701; x_wconf 84' lang='grc' dir='ltr'>βιωτικοῖς</span> <span class='ocrx_word' id='word_1_485' title='bbox 2835 631 3127 700; x_wconf 89' lang='grc' dir='ltr'>πράγμασι</span> <span class='ocrx_word' id='word_1_486' title='bbox 3158 630 3359 700; x_wconf 77' lang='grc' dir='ltr'>πολλὴν</span> <span class='ocrx_word' id='word_1_487' title='bbox 3393 630 3506 701; x_wconf 77' lang='grc' dir='ltr'>ἔχει</span> 
     </span>
    </p>
   </div>
   <div class='ocr_carea' id='block_1_66' title="bbox 1923 720 3507 794">
    <p class='ocr_par' dir='ltr' id='par_1_66' title="bbox 1923 720 3507 794">
     <span class='ocr_line' id='line_1_66' title="bbox 1923 720 3507 794; baseline 0 -19"><span class='ocrx_word' id='word_1_488' title='bbox 1923 722 2019 794; x_wconf 79' lang='grc' dir='ltr'>τὴν</span> <span class='ocrx_word' id='word_1_489' title='bbox 2053 722 2225 794; x_wconf 83' lang='grc' dir='ltr'>ίσχύν.</span> <span class='ocrx_word' id='word_1_490' title='bbox 2270 722 2381 776; x_wconf 78' lang='grc' dir='ltr'>Καὶ</span> <span class='ocrx_word' id='word_1_491' title='bbox 2408 722 2520 792; x_wconf 87' lang='grc' dir='ltr'>γάρ</span> <span class='ocrx_word' id='word_1_492' title='bbox 2548 721 2966 792; x_wconf 83' lang='grc' dir='ltr'>ἀναγνωρισμὸν</span> <span class='ocrx_word' id='word_1_493' title='bbox 3012 720 3099 773; x_wconf 79' lang='grc' dir='ltr'>διὰ</span> <span class='ocrx_word' id='word_1_494' title='bbox 3138 721 3338 774; x_wconf 88' lang='grc' dir='ltr'>πολλοῦ</span> <span class='ocrx_word' id='word_1_495' title='bbox 3379 723 3507 792; x_wconf 82' lang='grc' dir='ltr'>χρό-</span> 
     </span>
    </p>
   </div>
   <div class='ocr_carea' id='block_1_67' title="bbox 1923 814 3508 885">
    <p class='ocr_par' dir='ltr' id='par_1_67' title="bbox 1923 814 3508 885">
     <span class='ocr_line' id='line_1_67' title="bbox 1923 814 3508 885; baseline 0.001 -19"><span class='ocrx_word' id='word_1_496' title='bbox 1923 831 2015 867; x_wconf 89' lang='grc' dir='ltr'>νου</span> <span class='ocrx_word' id='word_1_497' title='bbox 2037 814 2298 878; x_wconf 89' lang='grc' dir='ltr'>πολλάκις</span> <span class='ocrx_word' id='word_1_498' title='bbox 2326 815 2639 885; x_wconf 81' lang='grc' dir='ltr'>εἰργάσατο,</span> <span class='ocrx_word' id='word_1_499' title='bbox 2669 814 2763 867; x_wconf 76' lang='grc' dir='ltr'>καὶ</span> <span class='ocrx_word' id='word_1_500' title='bbox 2790 814 3112 882; x_wconf 85' lang='grc' dir='ltr'>συγγένειαν</span> <span class='ocrx_word' id='word_1_501' title='bbox 3134 814 3508 867; x_wconf 82' lang='grc' dir='ltr'>λανθάνουσαν</span> 
     </span>
    </p>
   </div>
   <div class='ocr_carea' id='block_1_68' title="bbox 1923 904 3507 978">
    <p class='ocr_par' dir='ltr' id='par_1_68' title="bbox 1923 904 3507 978">
     <span class='ocr_line' id='line_1_68' title="bbox 1923 904 3507 978; baseline -0.002 -19"><span class='ocrx_word' id='word_1_502' title='bbox 1923 906 2269 978; x_wconf 80' lang='grc' dir='ltr'>ἐφανέρωσεν</span> <span class='ocrx_word' id='word_1_503' title='bbox 2299 906 2579 977; x_wconf 82' lang='grc' dir='ltr'>ὀνομάτων</span> <span class='ocrx_word' id='word_1_504' title='bbox 2603 904 2840 977; x_wconf 86' lang='grc' dir='ltr'>εὕρεσις,</span> <span class='ocrx_word' id='word_1_505' title='bbox 2864 907 2956 958; x_wconf 78' lang='grc' dir='ltr'>καὶ</span> <span class='ocrx_word' id='word_1_506' title='bbox 2982 905 3422 976; x_wconf 85' lang='grc' dir='ltr'>ἀμφισϐητήσεις</span> <span class='ocrx_word' id='word_1_507' title='bbox 3450 906 3507 956; x_wconf 86' lang='grc' dir='ltr'>ἐν</span> 
     </span>
    </p>
   </div>
   <div class='ocr_carea' id='block_1_69' title="bbox 1922 997 3509 1068">
    <p class='ocr_par' dir='ltr' id='par_1_69' title="bbox 1922 997 3509 1068">
     <span class='ocr_line' id='line_1_69' title="bbox 1922 997 3509 1068; baseline -0.003 -16"><span class='ocrx_word' id='word_1_508' title='bbox 1922 998 2259 1068; x_wconf 82' lang='grc' dir='ltr'>δικαστηρίῳ</span> <span class='ocrx_word' id='word_1_509' title='bbox 2290 998 2479 1061; x_wconf 77' lang='grc' dir='ltr'>ἔλυσε,</span> <span class='ocrx_word' id='word_1_510' title='bbox 2515 998 2610 1051; x_wconf 79' lang='grc' dir='ltr'>καὶ</span> <span class='ocrx_word' id='word_1_511' title='bbox 2650 998 2827 1068; x_wconf 85' lang='grc' dir='ltr'>μάχας</span> <span class='ocrx_word' id='word_1_512' title='bbox 2874 997 3112 1061; x_wconf 88' lang='grc' dir='ltr'>καθεῖλε,</span> <span class='ocrx_word' id='word_1_513' title='bbox 3150 999 3243 1049; x_wconf 69' lang='grc' dir='ltr'>καὶ</span> <span class='ocrx_word' id='word_1_514' title='bbox 3274 997 3509 1067; x_wconf 89' lang='grc' dir='ltr'>πόλεμον</span> 
     </span>
    </p>
   </div>
   <div class='ocr_carea' id='block_1_70' title="bbox 1923 1091 3511 1163">
    <p class='ocr_par' dir='ltr' id='par_1_70' title="bbox 1923 1091 3511 1163">
     <span class='ocr_line' id='line_1_70' title="bbox 1923 1091 3511 1163; baseline -0.002 -18"><span class='ocrx_word' id='word_1_515' title='bbox 1923 1092 2144 1146; x_wconf 79' lang='grc' dir='ltr'>ἔσϐεσεν</span> <span class='ocrx_word' id='word_1_516' title='bbox 2171 1093 2453 1163; x_wconf 89' lang='grc' dir='ltr'>ὀνομάτων</span> <span class='ocrx_word' id='word_1_517' title='bbox 2481 1091 2718 1162; x_wconf 87' lang='grc' dir='ltr'>εὕρεσις,</span> <span class='ocrx_word' id='word_1_518' title='bbox 2749 1092 2841 1145; x_wconf 78' lang='grc' dir='ltr'>καὶ</span> <span class='ocrx_word' id='word_1_519' title='bbox 2865 1092 3125 1154; x_wconf 86' lang='grc' dir='ltr'>πολλάκις</span> <span class='ocrx_word' id='word_1_520' title='bbox 3154 1091 3408 1154; x_wconf 85' lang='grc' dir='ltr'>ὑπόθεσις</span> <span class='ocrx_word' id='word_1_521' title='bbox 3439 1093 3511 1143; x_wconf 85' lang='grc' dir='ltr'>εί-</span> 
     </span>
    </p>
   </div>
   <div class='ocr_carea' id='block_1_71' title="bbox 1926 1184 3509 1256">
    <p class='ocr_par' dir='ltr' id='par_1_71' title="bbox 1926 1184 3509 1256">
     <span class='ocr_line' id='line_1_71' title="bbox 1926 1184 3509 1256; baseline -0.001 -20"><span class='ocrx_word' id='word_1_522' title='bbox 1926 1187 2094 1256; x_wconf 89' lang='grc' dir='ltr'>ρήνης</span> <span class='ocrx_word' id='word_1_523' title='bbox 2116 1184 2359 1253; x_wconf 88' lang='grc' dir='ltr'>γέγονεν.</span> <span class='ocrx_word' id='word_1_524' title='bbox 2394 1186 2456 1238; x_wconf 83' lang='grc' dir='ltr'><strong>Εἰ</strong></span> <span class='ocrx_word' id='word_1_525' title='bbox 2484 1185 2541 1237; x_wconf 82' lang='grc' dir='ltr'>δὲ</span> <span class='ocrx_word' id='word_1_526' title='bbox 2576 1187 2633 1236; x_wconf 86' lang='grc' dir='ltr'>ἐν</span> <span class='ocrx_word' id='word_1_527' title='bbox 2664 1187 2773 1246; x_wconf 83' lang='grc' dir='ltr'>τοῖς</span> <span class='ocrx_word' id='word_1_528' title='bbox 2807 1184 3078 1254; x_wconf 81' lang='grc' dir='ltr'>βιωτικοῖς</span> <span class='ocrx_word' id='word_1_529' title='bbox 3106 1184 3398 1254; x_wconf 80' lang='grc' dir='ltr'>πράγμασι</span> <span class='ocrx_word' id='word_1_530' title='bbox 3423 1200 3509 1235; x_wconf 82' lang='grc' dir='ltr'>το-</span> 
     </span>
    </p>
   </div>
   <div class='ocr_carea' id='block_1_72' title="bbox 1925 1273 3510 1347">
    <p class='ocr_par' dir='ltr' id='par_1_72' title="bbox 1925 1273 3510 1347">
     <span class='ocr_line' id='line_1_72' title="bbox 1925 1273 3510 1347; baseline -0.003 -18"><span class='ocrx_word' id='word_1_531' title='bbox 1925 1275 2148 1347; x_wconf 82' lang='grc' dir='ltr'>σαύτηή</span> <span class='ocrx_word' id='word_1_532' title='bbox 2178 1275 2409 1346; x_wconf 88' lang='grc' dir='ltr'>δύναμις</span> <span class='ocrx_word' id='word_1_533' title='bbox 2434 1276 2533 1346; x_wconf 81' lang='grc' dir='ltr'>τῆς</span> <span class='ocrx_word' id='word_1_534' title='bbox 2558 1275 2668 1328; x_wconf 88' lang='grc' dir='ltr'>τῶν</span> <span class='ocrx_word' id='word_1_535' title='bbox 2699 1277 2980 1346; x_wconf 90' lang='grc' dir='ltr'>ὀνομάτων</span> <span class='ocrx_word' id='word_1_536' title='bbox 3009 1276 3300 1346; x_wconf 85' lang='grc' dir='ltr'>εὑρέσεως,</span> <span class='ocrx_word' id='word_1_537' title='bbox 3332 1273 3510 1344; x_wconf 85' lang='grc' dir='ltr'>πολλῴ</span> 
     </span>
    </p>
   </div>
   <div class='ocr_carea' id='block_1_73' title="bbox 1927 1366 3511 1440">
    <p class='ocr_par' dir='ltr' id='par_1_73' title="bbox 1927 1366 3511 1440">
     <span class='ocr_line' id='line_1_73' title="bbox 1927 1366 3511 1440; baseline -0.003 -17"><span class='ocrx_word' id='word_1_538' title='bbox 1927 1370 2129 1440; x_wconf 85' lang='grc' dir='ltr'>μᾶλλον</span> <span class='ocrx_word' id='word_1_539' title='bbox 2171 1370 2228 1422; x_wconf 88' lang='grc' dir='ltr'>ἐν</span> <span class='ocrx_word' id='word_1_540' title='bbox 2261 1372 2375 1432; x_wconf 89' lang='grc' dir='ltr'>τοῖς</span> <span class='ocrx_word' id='word_1_541' title='bbox 2409 1372 2825 1439; x_wconf 85' lang='grc' dir='ltr'>πνευματικοῖς.</span> <span class='ocrx_word' id='word_1_542' title='bbox 2872 1368 3146 1439; x_wconf 85' lang='grc' dir='ltr'>Πρότερον</span> <span class='ocrx_word' id='word_1_543' title='bbox 3199 1368 3256 1420; x_wconf 83' lang='grc' dir='ltr'>δὲ</span> <span class='ocrx_word' id='word_1_544' title='bbox 3296 1366 3511 1436; x_wconf 86' lang='grc' dir='ltr'>ἀνάγκη</span> 
     </span>
    </p>
   </div>
   <div class='ocr_carea' id='block_1_74' title="bbox 1924 1458 3509 1532">
    <p class='ocr_par' dir='ltr' id='par_1_74' title="bbox 1924 1458 3509 1532">
     <span class='ocr_line' id='line_1_74' title="bbox 1924 1458 3509 1532; baseline -0.003 -17"><span class='ocrx_word' id='word_1_545' title='bbox 1924 1460 2064 1515; x_wconf 84' lang='grc' dir='ltr'>αὐτά</span> <span class='ocrx_word' id='word_1_546' title='bbox 2098 1459 2169 1512; x_wconf 91' lang='grc' dir='ltr'>τά</span> <span class='ocrx_word' id='word_1_547' title='bbox 2219 1458 2506 1532; x_wconf 79' lang='grc' dir='ltr'>ζητήματα</span> <span class='ocrx_word' id='word_1_548' title='bbox 2552 1460 2826 1530; x_wconf 81' lang='grc' dir='ltr'>διακρῖναι</span> <span class='ocrx_word' id='word_1_549' title='bbox 2879 1458 3021 1529; x_wconf 89' lang='grc' dir='ltr'>μετά</span> <span class='ocrx_word' id='word_1_550' title='bbox 3057 1458 3365 1529; x_wconf 83' lang='grc' dir='ltr'>ἀκριϐείας.</span> <span class='ocrx_word' id='word_1_551' title='bbox 3403 1459 3509 1527; x_wconf 81' lang='grc' dir='ltr'>Ζη-</span> 
     </span>
    </p>
   </div>
   <div class='ocr_carea' id='block_1_75' title="bbox 1924 1547 3512 1622">
    <p class='ocr_par' dir='ltr' id='par_1_75' title="bbox 1924 1547 3512 1622">
     <span class='ocr_line' id='line_1_75' title="bbox 1924 1547 3512 1622; baseline -0.004 -17"><span class='ocrx_word' id='word_1_552' title='bbox 1924 1554 2097 1605; x_wconf 89' lang='grc' dir='ltr'>τεῖται</span> <span class='ocrx_word' id='word_1_553' title='bbox 2137 1550 2314 1605; x_wconf 83' lang='grc' dir='ltr'>τοίνυν</span> <span class='ocrx_word' id='word_1_554' title='bbox 2367 1549 2518 1622; x_wconf 68' lang='grc' dir='ltr'>[ΗΞ]</span> <span class='ocrx_word' id='word_1_555' title='bbox 2557 1549 2775 1621; x_wconf 87' lang='grc' dir='ltr'>πρῶτον</span> <span class='ocrx_word' id='word_1_556' title='bbox 2813 1549 2934 1620; x_wconf 83' lang='grc' dir='ltr'>μὲν,</span> <span class='ocrx_word' id='word_1_557' title='bbox 2978 1549 3069 1603; x_wconf 85' lang='grc' dir='ltr'>διὰ</span> <span class='ocrx_word' id='word_1_558' title='bbox 3104 1550 3157 1602; x_wconf 89' lang='grc' dir='ltr'>τί</span> <span class='ocrx_word' id='word_1_559' title='bbox 3186 1550 3293 1602; x_wconf 89' lang='grc' dir='ltr'>τῶν</span> <span class='ocrx_word' id='word_1_560' title='bbox 3344 1547 3512 1614; x_wconf 88' lang='grc' dir='ltr'>ἁγίων</span> 
     </span>
    </p>
   </div>
   <div class='ocr_carea' id='block_1_76' title="bbox 1923 1641 3510 1714">
    <p class='ocr_par' dir='ltr' id='par_1_76' title="bbox 1923 1641 3510 1714">
     <span class='ocr_line' id='line_1_76' title="bbox 1923 1641 3510 1714; baseline -0.003 -16"><span class='ocrx_word' id='word_1_561' title='bbox 1923 1648 2049 1709; x_wconf 76' lang='grc' dir='ltr'>τοὺς</span> <span class='ocrx_word' id='word_1_562' title='bbox 2079 1645 2178 1714; x_wconf 88' lang='grc' dir='ltr'>μὲν</span> <span class='ocrx_word' id='word_1_563' title='bbox 2200 1644 2484 1714; x_wconf 87' lang='grc' dir='ltr'>ὠνόμασεν</span> <span class='ocrx_word' id='word_1_564' title='bbox 2514 1646 2542 1697; x_wconf 93' lang='lat'>6</span> <span class='ocrx_word' id='word_1_565' title='bbox 2564 1644 2714 1709; x_wconf 76' lang='grc' dir='ltr'>Θεὸς,</span> <span class='ocrx_word' id='word_1_566' title='bbox 2744 1644 2870 1705; x_wconf 82' lang='grc' dir='ltr'>τοὺς</span> <span class='ocrx_word' id='word_1_567' title='bbox 2892 1643 2946 1695; x_wconf 83' lang='grc' dir='ltr'>δὲ</span> <span class='ocrx_word' id='word_1_568' title='bbox 2972 1643 3073 1695; x_wconf 80' lang='grc' dir='ltr'>οὐκ</span> <span class='ocrx_word' id='word_1_569' title='bbox 3101 1641 3405 1712; x_wconf 86' lang='grc' dir='ltr'>ὠνόμασεν.</span> <span class='ocrx_word' id='word_1_570' title='bbox 3436 1642 3510 1693; x_wconf 75' lang='grc' dir='ltr'>Οὐ</span> 
     </span>
    </p>
   </div>
   <div class='ocr_carea' id='block_1_77' title="bbox 1924 1728 3513 1808">
    <p class='ocr_par' dir='ltr' id='par_1_77' title="bbox 1924 1728 3513 1808">
     <span class='ocr_line' id='line_1_77' title="bbox 1924 1728 3513 1808; baseline -0.006 -18"><span class='ocrx_word' id='word_1_571' title='bbox 1924 1736 2034 1808; x_wconf 83' lang='grc' dir='ltr'>γὰρ</span> <span class='ocrx_word' id='word_1_572' title='bbox 2065 1735 2129 1807; x_wconf 83' lang='grc' dir='ltr'>δὴ</span> <span class='ocrx_word' id='word_1_573' title='bbox 2163 1736 2372 1798; x_wconf 87' lang='grc' dir='ltr'>πάντας</span> <span class='ocrx_word' id='word_1_574' title='bbox 2397 1735 2520 1798; x_wconf 83' lang='grc' dir='ltr'>τοὺς</span> <span class='ocrx_word' id='word_1_575' title='bbox 2551 1735 2740 1802; x_wconf 83' lang='grc' dir='ltr'>ἁγίους</span> <span class='ocrx_word' id='word_1_576' title='bbox 2769 1733 2933 1796; x_wconf 84' lang='grc' dir='ltr'>αὐτὸς</span> <span class='ocrx_word' id='word_1_577' title='bbox 2966 1732 3273 1803; x_wconf 83' lang='grc' dir='ltr'>ὠνόμασεν,</span> <span class='ocrx_word' id='word_1_578' title='bbox 3308 1728 3431 1783; x_wconf 82' lang='grc' dir='ltr'>οὕτε</span> <span class='ocrx_word' id='word_1_579' title='bbox 3456 1731 3513 1781; x_wconf 85' lang='grc' dir='ltr'>ἐν</span> 
     </span>
    </p>
   </div>
   <div class='ocr_carea' id='block_1_78' title="bbox 1925 1821 3514 1899">
    <p class='ocr_par' dir='ltr' id='par_1_78' title="bbox 1925 1821 3514 1899">
     <span class='ocr_line' id='line_1_78' title="bbox 1925 1821 3514 1899; baseline -0.005 -19"><span class='ocrx_word' id='word_1_580' title='bbox 1925 1831 1990 1899; x_wconf 85' lang='grc' dir='ltr'>τῇ</span> <span class='ocrx_word' id='word_1_581' title='bbox 2027 1829 2203 1898; x_wconf 81' lang='grc' dir='ltr'>Καινῇ</span> <span class='ocrx_word' id='word_1_582' title='bbox 2225 1869 2238 1890; x_wconf 93' lang='grc'>,</span> <span class='ocrx_word' id='word_1_583' title='bbox 2282 1825 2405 1879; x_wconf 85' lang='grc' dir='ltr'>οὕτε</span> <span class='ocrx_word' id='word_1_584' title='bbox 2446 1827 2504 1877; x_wconf 88' lang='grc' dir='ltr'>ἐν</span> <span class='ocrx_word' id='word_1_585' title='bbox 2532 1828 2598 1895; x_wconf 82' lang='grc' dir='ltr'>τῇ</span> <span class='ocrx_word' id='word_1_586' title='bbox 2630 1826 2845 1895; x_wconf 82' lang='grc' dir='ltr'>Παλαιᾷ</span> <span class='ocrx_word' id='word_1_587' title='bbox 2864 1840 2877 1853; x_wconf 89' lang='grc'><strong>·</strong></span> <span class='ocrx_word' id='word_1_588' title='bbox 2912 1823 3006 1876; x_wconf 73' lang='grc' dir='ltr'>καὶ</span> <span class='ocrx_word' id='word_1_589' title='bbox 3033 1825 3172 1894; x_wconf 83' lang='grc' dir='ltr'>ὅπερ</span> <span class='ocrx_word' id='word_1_590' title='bbox 3199 1823 3426 1891; x_wconf 84' lang='grc' dir='ltr'>γέγονεν</span> <span class='ocrx_word' id='word_1_591' title='bbox 3456 1821 3514 1872; x_wconf 88' lang='grc' dir='ltr'>ἐν</span> 
     </span>
    </p>
   </div>
   <div class='ocr_carea' id='block_1_79' title="bbox 1924 1908 3515 1992">
    <p class='ocr_par' dir='ltr' id='par_1_79' title="bbox 1924 1908 3515 1992">
     <span class='ocr_line' id='line_1_79' title="bbox 1924 1908 3515 1992; baseline -0.005 -18"><span class='ocrx_word' id='word_1_592' title='bbox 1924 1924 1990 1992; x_wconf 76' lang='grc' dir='ltr'>τῇ</span> <span class='ocrx_word' id='word_1_593' title='bbox 2016 1923 2212 1991; x_wconf 81' lang='grc' dir='ltr'>Καινῇ,</span> <span class='ocrx_word' id='word_1_594' title='bbox 2238 1919 2395 1973; x_wconf 86' lang='grc' dir='ltr'>τοῦτο</span> <span class='ocrx_word' id='word_1_595' title='bbox 2423 1920 2517 1972; x_wconf 69' lang='grc' dir='ltr'>καὶ</span> <span class='ocrx_word' id='word_1_596' title='bbox 2545 1921 2603 1972; x_wconf 87' lang='grc' dir='ltr'>ἐν</span> <span class='ocrx_word' id='word_1_597' title='bbox 2628 1921 2694 1989; x_wconf 83' lang='grc' dir='ltr'>τῇ</span> <span class='ocrx_word' id='word_1_598' title='bbox 2725 1918 2957 1988; x_wconf 83' lang='grc' dir='ltr'>Παλαιᾷ,</span> <span class='ocrx_word' id='word_1_599' title='bbox 2984 1917 3073 1970; x_wconf 77' lang='grc' dir='ltr'>ἴνα</span> <span class='ocrx_word' id='word_1_600' title='bbox 3099 1915 3297 1988; x_wconf 80' lang='grc' dir='ltr'>μάθῃς,</span> <span class='ocrx_word' id='word_1_601' title='bbox 3326 1915 3407 1968; x_wconf 83' lang='grc' dir='ltr'>ὅτι</span> <span class='ocrx_word' id='word_1_602' title='bbox 3434 1908 3515 1976; x_wconf 77' lang='grc' dir='ltr'>εἷς</span> 
     </span>
    </p>
   </div>
   <div class='ocr_carea' id='block_1_80' title="bbox 1924 2006 3515 2083">
    <p class='ocr_par' dir='ltr' id='par_1_80' title="bbox 1924 2006 3515 2083">
     <span class='ocr_line' id='line_1_80' title="bbox 1924 2006 3515 2083; baseline -0.006 -16"><span class='ocrx_word' id='word_1_603' title='bbox 1924 2016 2071 2067; x_wconf 83' lang='grc' dir='ltr'>ἐστιν</span> <span class='ocrx_word' id='word_1_604' title='bbox 2105 2017 2133 2068; x_wconf 93' lang='lat'>6</span> <span class='ocrx_word' id='word_1_605' title='bbox 2162 2012 2440 2083; x_wconf 87' lang='grc' dir='ltr'>Δεσπότης</span> <span class='ocrx_word' id='word_1_606' title='bbox 2480 2011 2758 2082; x_wconf 79' lang='grc' dir='ltr'>ἑκατέρων</span> <span class='ocrx_word' id='word_1_607' title='bbox 2789 2010 2900 2062; x_wconf 87' lang='grc' dir='ltr'>τῶν</span> <span class='ocrx_word' id='word_1_608' title='bbox 2946 2009 3242 2079; x_wconf 85' lang='grc' dir='ltr'>διαθηκῶν.</span> <span class='ocrx_word' id='word_1_609' title='bbox 3284 2007 3372 2061; x_wconf 86' lang='grc' dir='ltr'>Ἐν</span> <span class='ocrx_word' id='word_1_610' title='bbox 3416 2006 3515 2076; x_wconf 71' lang='grc' dir='ltr'>μὲν</span> 
     </span>
    </p>
   </div>
   <div class='ocr_carea' id='block_1_81' title="bbox 1923 2090 3517 2178">
    <p class='ocr_par' dir='ltr' id='par_1_81' title="bbox 1923 2090 3517 2178">
     <span class='ocr_line' id='line_1_81' title="bbox 1923 2090 3517 2178; baseline -0.006 -18"><span class='ocrx_word' id='word_1_611' title='bbox 1923 2103 2018 2162; x_wconf 83' lang='grc' dir='ltr'>οὖν</span> <span class='ocrx_word' id='word_1_612' title='bbox 2058 2110 2124 2178; x_wconf 85' lang='grc' dir='ltr'>τῇ</span> <span class='ocrx_word' id='word_1_613' title='bbox 2169 2108 2346 2176; x_wconf 83' lang='grc' dir='ltr'>Καινῇ</span> <span class='ocrx_word' id='word_1_614' title='bbox 2390 2105 2481 2157; x_wconf 81' lang='grc' dir='ltr'>τὸν</span> <span class='ocrx_word' id='word_1_615' title='bbox 2522 2090 2741 2174; x_wconf 86' lang='grc' dir='ltr'>Σίμωνα</span> <span class='ocrx_word' id='word_1_616' title='bbox 2790 2105 2818 2155; x_wconf 92' lang='lat'>6</span> <span class='ocrx_word' id='word_1_617' title='bbox 2860 2102 3096 2173; x_wconf 82' lang='grc' dir='ltr'>Χριστὸς</span> <span class='ocrx_word' id='word_1_618' title='bbox 3127 2100 3333 2171; x_wconf 86' lang='grc' dir='ltr'>Πέτρον</span> <span class='ocrx_word' id='word_1_619' title='bbox 3380 2098 3517 2151; x_wconf 84' lang='grc' dir='ltr'>ὠνό-</span> 
     </span>
    </p>
   </div>
   <div class='ocr_carea' id='block_1_82' title="bbox 1928 2191 3513 2273">
    <p class='ocr_par' dir='ltr' id='par_1_82' title="bbox 1928 2191 3513 2273">
     <span class='ocr_line' id='line_1_82' title="bbox 1928 2191 3513 2273; baseline -0.008 -18"><span class='ocrx_word' id='word_1_620' title='bbox 1928 2217 2089 2273; x_wconf 85' lang='grc' dir='ltr'>μασε,</span> <span class='ocrx_word' id='word_1_621' title='bbox 2128 2199 2222 2252; x_wconf 78' lang='grc' dir='ltr'>καὶ</span> <span class='ocrx_word' id='word_1_622' title='bbox 2254 2197 2324 2251; x_wconf 89' lang='grc' dir='ltr'>τὰ</span> <span class='ocrx_word' id='word_1_623' title='bbox 2356 2198 2523 2250; x_wconf 88' lang='grc' dir='ltr'>τέκνα</span> <span class='ocrx_word' id='word_1_624' title='bbox 2561 2195 2849 2249; x_wconf 90' lang='grc' dir='ltr'>Ζεϐεδαίου</span> <span class='ocrx_word' id='word_1_625' title='bbox 2898 2193 3155 2247; x_wconf 70' lang='grc' dir='ltr'>Ἰάκωϐον</span> <span class='ocrx_word' id='word_1_626' title='bbox 3191 2193 3283 2244; x_wconf 59' lang='grc' dir='ltr'>καὶ¹</span> <span class='ocrx_word' id='word_1_627' title='bbox 3329 2191 3513 2243; x_wconf 91' lang='grc' dir='ltr'>Ἰωάν-</span> 
     </span>
    </p>
   </div>
   <div class='ocr_carea' id='block_1_83' title="bbox 1925 2282 3515 2365">
    <p class='ocr_par' dir='ltr' id='par_1_83' title="bbox 1925 2282 3515 2365">
     <span class='ocr_line' id='line_1_83' title="bbox 1925 2282 3515 2365; baseline -0.008 -19"><span class='ocrx_word' id='word_1_628' title='bbox 1925 2311 2023 2365; x_wconf 90' lang='grc' dir='ltr'>νην</span> <span class='ocrx_word' id='word_1_629' title='bbox 2056 2292 2216 2353; x_wconf 81' lang='grc' dir='ltr'>Υίοὺς</span> <span class='ocrx_word' id='word_1_630' title='bbox 2263 2289 2516 2360; x_wconf 78' lang='grc' dir='ltr'>βροντῆς,</span> <span class='ocrx_word' id='word_1_631' title='bbox 2548 2288 2771 2348; x_wconf 80' lang='grc' dir='ltr'>τούτους</span> <span class='ocrx_word' id='word_1_632' title='bbox 2822 2287 3044 2357; x_wconf 78' lang='grc' dir='ltr'>μόνους·</span> <span class='ocrx_word' id='word_1_633' title='bbox 3083 2283 3193 2337; x_wconf 87' lang='grc' dir='ltr'>τῶν</span> <span class='ocrx_word' id='word_1_634' title='bbox 3224 2284 3279 2335; x_wconf 82' lang='grc' dir='ltr'>δὲ</span> <span class='ocrx_word' id='word_1_635' title='bbox 3311 2282 3515 2335; x_wconf 87' lang='grc' dir='ltr'>λοιπῶν</span> 
     </span>
    </p>
   </div>
   <div class='ocr_carea' id='block_1_84' title="bbox 1928 2376 3515 2457">
    <p class='ocr_par' dir='ltr' id='par_1_84' title="bbox 1928 2376 3515 2457">
     <span class='ocr_line' id='line_1_84' title="bbox 1928 2376 3515 2457; baseline -0.009 -18"><span class='ocrx_word' id='word_1_636' title='bbox 1928 2383 2185 2457; x_wconf 89' lang='grc' dir='ltr'>μαθητῶν</span> <span class='ocrx_word' id='word_1_637' title='bbox 2218 2382 2438 2443; x_wconf 80' lang='grc' dir='ltr'>οὐδένα,</span> <span class='ocrx_word' id='word_1_638' title='bbox 2466 2379 2580 2433; x_wconf 72' lang='grc' dir='ltr'>ἀλλ’</span> <span class='ocrx_word' id='word_1_639' title='bbox 2623 2378 2836 2448; x_wconf 86' lang='grc' dir='ltr'>ἀφῆκεν</span> <span class='ocrx_word' id='word_1_640' title='bbox 2865 2376 3065 2439; x_wconf 76' lang='grc' dir='ltr'>αὐτοὺς</span> <span class='ocrx_word' id='word_1_641' title='bbox 3099 2376 3156 2428; x_wconf 83' lang='grc' dir='ltr'>έν</span> <span class='ocrx_word' id='word_1_642' title='bbox 3193 2377 3313 2439; x_wconf 89' lang='grc' dir='ltr'>ταῖς</span> <span class='ocrx_word' id='word_1_643' title='bbox 3344 2390 3515 2444; x_wconf 80' lang='grc' dir='ltr'>προσ-</span> 
     </span>
    </p>
   </div>
   <div class='ocr_carea' id='block_1_85' title="bbox 1922 2467 3515 2547">
    <p class='ocr_par' dir='ltr' id='par_1_85' title="bbox 1922 2467 3515 2547">
     <span class='ocr_line' id='line_1_85' title="bbox 1922 2467 3515 2547; baseline -0.007 -18"><span class='ocrx_word' id='word_1_644' title='bbox 1922 2477 2198 2547; x_wconf 86' lang='grc' dir='ltr'>ηγορίαις,</span> <span class='ocrx_word' id='word_1_645' title='bbox 2232 2476 2288 2526; x_wconf 79' lang='grc' dir='ltr'>έν</span> <span class='ocrx_word' id='word_1_646' title='bbox 2318 2467 2405 2535; x_wconf 76' lang='grc' dir='ltr'>αἷς</span> <span class='ocrx_word' id='word_1_647' title='bbox 2436 2472 2618 2524; x_wconf 80' lang='grc' dir='ltr'>ἔθεντο</span> <span class='ocrx_word' id='word_1_648' title='bbox 2646 2470 2844 2532; x_wconf 79' lang='grc' dir='ltr'>αὐτοὺς</span> <span class='ocrx_word' id='word_1_649' title='bbox 2866 2469 2915 2521; x_wconf 81' lang='grc' dir='ltr'>οἱ</span> <span class='ocrx_word' id='word_1_650' title='bbox 2946 2471 3125 2536; x_wconf 89' lang='grc' dir='ltr'>γονεῖς</span> <span class='ocrx_word' id='word_1_651' title='bbox 3148 2469 3205 2534; x_wconf 79' lang='grc' dir='ltr'>ἐξ</span> <span class='ocrx_word' id='word_1_652' title='bbox 3237 2467 3431 2538; x_wconf 68' lang='grc' dir='ltr'>ἀρχῆςσ</span> <span class='ocrx_word' id='word_1_653' title='bbox 3459 2469 3515 2519; x_wconf 84' lang='grc' dir='ltr'>ἐν</span> 
     </span>
    </p>
   </div>
   <div class='ocr_carea' id='block_1_86' title="bbox 1922 2559 3517 2639">
    <p class='ocr_par' dir='ltr' id='par_1_86' title="bbox 1922 2559 3517 2639">
     <span class='ocr_line' id='line_1_86' title="bbox 1922 2559 3517 2639; baseline -0.009 -16"><span class='ocrx_word' id='word_1_654' title='bbox 1922 2570 1979 2623; x_wconf 86' lang='grc' dir='ltr'>δὲ</span> <span class='ocrx_word' id='word_1_655' title='bbox 2014 2571 2079 2639; x_wconf 77' lang='grc' dir='ltr'>τῇ</span> <span class='ocrx_word' id='word_1_656' title='bbox 2124 2567 2335 2637; x_wconf 79' lang='grc' dir='ltr'>Παλαιᾷ</span> <span class='ocrx_word' id='word_1_657' title='bbox 2364 2565 2455 2618; x_wconf 84' lang='grc' dir='ltr'>τὸν</span> <span class='ocrx_word' id='word_1_658' title='bbox 2504 2563 2755 2633; x_wconf 76' lang='grc' dir='ltr'>Ἀϐραὰμ</span> <span class='ocrx_word' id='word_1_659' title='bbox 2787 2562 2815 2616; x_wconf 92' lang='lat'>6</span> <span class='ocrx_word' id='word_1_660' title='bbox 2860 2561 2993 2623; x_wconf 83' lang='grc' dir='ltr'>Θεὸς</span> <span class='ocrx_word' id='word_1_661' title='bbox 3027 2560 3379 2630; x_wconf 86' lang='grc' dir='ltr'>μετωνόμασε</span> <span class='ocrx_word' id='word_1_662' title='bbox 3422 2559 3517 2610; x_wconf 77' lang='grc' dir='ltr'>καὶ</span> 
     </span>
    </p>
   </div>
   <div class='ocr_carea' id='block_1_87' title="bbox 1922 2650 3509 2723">
    <p class='ocr_par' dir='ltr' id='par_1_87' title="bbox 1922 2650 3509 2723">
     <span class='ocr_line' id='line_1_87' title="bbox 1922 2650 3509 2723; baseline -0.007 -10"><span class='ocrx_word' id='word_1_663' title='bbox 1922 2661 2015 2713; x_wconf 84' lang='grc' dir='ltr'>τὸν</span> <span class='ocrx_word' id='word_1_664' title='bbox 2056 2658 2249 2712; x_wconf 84' lang='grc' dir='ltr'>Ἰακώϐ</span> <span class='ocrx_word' id='word_1_665' title='bbox 2272 2675 2283 2685; x_wconf 84' lang='grc'><em>’</em></span> <span class='ocrx_word' id='word_1_666' title='bbox 2316 2655 2440 2709; x_wconf 85' lang='grc' dir='ltr'>οὕτε</span> <span class='ocrx_word' id='word_1_667' title='bbox 2472 2655 2527 2709; x_wconf 81' lang='grc' dir='ltr'>δὲ</span> <span class='ocrx_word' id='word_1_668' title='bbox 2562 2656 2655 2707; x_wconf 84' lang='grc' dir='ltr'>τὸν</span> <span class='ocrx_word' id='word_1_669' title='bbox 2694 2654 2914 2723; x_wconf 80' lang='grc' dir='ltr'>Ἰωσὴφ,</span> <span class='ocrx_word' id='word_1_670' title='bbox 2952 2651 3077 2706; x_wconf 85' lang='grc' dir='ltr'>οὕτε</span> <span class='ocrx_word' id='word_1_671' title='bbox 3111 2651 3203 2705; x_wconf 75' lang='grc' dir='ltr'>τὸν</span> <span class='ocrx_word' id='word_1_672' title='bbox 3234 2650 3509 2721; x_wconf 77' lang='grc' dir='ltr'>Σαμουὴλ,</span> 
     </span>
    </p>
   </div>
   <div class='ocr_carea' id='block_1_88' title="bbox 1922 2743 3511 2812">
    <p class='ocr_par' dir='ltr' id='par_1_88' title="bbox 1922 2743 3511 2812">
     <span class='ocr_line' id='line_1_88' title="bbox 1922 2743 3511 2812; baseline -0.008 -6"><span class='ocrx_word' id='word_1_673' title='bbox 1922 2753 2045 2806; x_wconf 85' lang='grc' dir='ltr'>οὕτε</span> <span class='ocrx_word' id='word_1_674' title='bbox 2070 2752 2161 2804; x_wconf 82' lang='grc' dir='ltr'>τὸν</span> <span class='ocrx_word' id='word_1_675' title='bbox 2186 2748 2371 2812; x_wconf 77' lang='grc' dir='ltr'>Δαυῖδ,</span> <span class='ocrx_word' id='word_1_676' title='bbox 2396 2748 2520 2801; x_wconf 82' lang='grc' dir='ltr'>οὕτε</span> <span class='ocrx_word' id='word_1_677' title='bbox 2552 2748 2644 2800; x_wconf 82' lang='grc' dir='ltr'>τὸν</span> <span class='ocrx_word' id='word_1_678' title='bbox 2681 2746 2887 2810; x_wconf 84' lang='grc' dir='ltr'>Ἠλίαν,</span> <span class='ocrx_word' id='word_1_679' title='bbox 2916 2744 3039 2798; x_wconf 70' lang='grc' dir='ltr'>οὔτε</span> <span class='ocrx_word' id='word_1_680' title='bbox 3061 2744 3151 2797; x_wconf 84' lang='grc' dir='ltr'>τὸν</span> <span class='ocrx_word' id='word_1_681' title='bbox 3188 2743 3511 2802; x_wconf 84' lang='grc' dir='ltr'>Ἐλισσαῖον,</span> 
     </span>
    </p>
   </div>
   <div class='ocr_carea' id='block_1_89' title="bbox 1922 2835 3513 2911">
    <p class='ocr_par' dir='ltr' id='par_1_89' title="bbox 1922 2835 3513 2911">
     <span class='ocr_line' id='line_1_89' title="bbox 1922 2835 3513 2911; baseline -0.008 -13"><span class='ocrx_word' id='word_1_682' title='bbox 1922 2844 2046 2899; x_wconf 88' lang='grc' dir='ltr'>οὕτε</span> <span class='ocrx_word' id='word_1_683' title='bbox 2095 2845 2220 2905; x_wconf 74' lang='grc' dir='ltr'>τοὺς</span> <span class='ocrx_word' id='word_1_684' title='bbox 2258 2842 2481 2904; x_wconf 78' lang='grc' dir='ltr'>λοιποὺς</span> <span class='ocrx_word' id='word_1_685' title='bbox 2532 2841 2849 2911; x_wconf 84' lang='grc' dir='ltr'>προφήτας,</span> <span class='ocrx_word' id='word_1_686' title='bbox 2899 2837 3015 2891; x_wconf 82' lang='grc' dir='ltr'>ἀλλ’</span> <span class='ocrx_word' id='word_1_687' title='bbox 3067 2836 3279 2906; x_wconf 78' lang='grc' dir='ltr'>ἀφῆκεν</span> <span class='ocrx_word' id='word_1_688' title='bbox 3317 2835 3513 2897; x_wconf 72' lang='grc' dir='ltr'>αὐτοὺς</span> 
     </span>
    </p>
   </div>
   <div class='ocr_carea' id='block_1_90' title="bbox 1924 2924 3513 3004">
    <p class='ocr_par' dir='ltr' id='par_1_90' title="bbox 1924 2924 3513 3004">
     <span class='ocr_line' id='line_1_90' title="bbox 1924 2924 3513 3004; baseline -0.009 -16"><span class='ocrx_word' id='word_1_689' title='bbox 1924 2936 2016 2988; x_wconf 78' lang='grc' dir='ltr'>ἐπὶ</span> <span class='ocrx_word' id='word_1_690' title='bbox 2046 2933 2149 3004; x_wconf 71' lang='grc' dir='ltr'>τῆς</span> <span class='ocrx_word' id='word_1_691' title='bbox 2193 2929 2564 3003; x_wconf 88' lang='grc' dir='ltr'>προσηγορίας</span> <span class='ocrx_word' id='word_1_692' title='bbox 2599 2929 2781 2998; x_wconf 87' lang='grc' dir='ltr'>μένειν</span> <span class='ocrx_word' id='word_1_693' title='bbox 2809 2929 2909 2996; x_wconf 83' lang='grc' dir='ltr'>τῆς</span> <span class='ocrx_word' id='word_1_694' title='bbox 2948 2928 3004 2979; x_wconf 87' lang='grc' dir='ltr'>ἐν</span> <span class='ocrx_word' id='word_1_695' title='bbox 3044 2927 3210 2997; x_wconf 80' lang='grc' dir='ltr'>ἀρχῇ.</span> <span class='ocrx_word' id='word_1_696' title='bbox 3269 2925 3364 2977; x_wconf 87' lang='grc' dir='ltr'>Ἓν</span> <span class='ocrx_word' id='word_1_697' title='bbox 3417 2924 3513 2993; x_wconf 79' lang='grc' dir='ltr'>μὲν</span> 
     </span>
    </p>
   </div>
   <div class='ocr_carea' id='block_1_91' title="bbox 1923 3015 3512 3095">
    <p class='ocr_par' dir='ltr' id='par_1_91' title="bbox 1923 3015 3512 3095">
     <span class='ocr_line' id='line_1_91' title="bbox 1923 3015 3512 3095; baseline -0.008 -17"><span class='ocrx_word' id='word_1_698' title='bbox 1923 3024 2081 3078; x_wconf 88' lang='grc' dir='ltr'>τοῦτο</span> <span class='ocrx_word' id='word_1_699' title='bbox 2135 3021 2351 3095; x_wconf 88' lang='grc' dir='ltr'>πρῶτον</span> <span class='ocrx_word' id='word_1_700' title='bbox 2402 3019 2625 3091; x_wconf 78' lang='grc' dir='ltr'>ζήτημά</span> <span class='ocrx_word' id='word_1_701' title='bbox 2666 3020 2803 3083; x_wconf 85' lang='grc' dir='ltr'>ἐστι,</span> <span class='ocrx_word' id='word_1_702' title='bbox 2855 3015 2946 3070; x_wconf 82' lang='grc' dir='ltr'>διὰ</span> <span class='ocrx_word' id='word_1_703' title='bbox 2996 3017 3049 3069; x_wconf 87' lang='grc' dir='ltr'>τί</span> <span class='ocrx_word' id='word_1_704' title='bbox 3098 3015 3207 3067; x_wconf 87' lang='grc' dir='ltr'>τῶν</span> <span class='ocrx_word' id='word_1_705' title='bbox 3253 3016 3421 3083; x_wconf 77' lang='grc' dir='ltr'>ἁγίων</span> <span class='ocrx_word' id='word_1_706' title='bbox 3464 3016 3512 3066; x_wconf 84' lang='grc' dir='ltr'><strong>οἱ</strong></span> 
     </span>
    </p>
   </div>
   <div class='ocr_carea' id='block_1_92' title="bbox 1927 3107 3512 3187">
    <p class='ocr_par' dir='ltr' id='par_1_92' title="bbox 1927 3107 3512 3187">
     <span class='ocr_line' id='line_1_92' title="bbox 1927 3107 3512 3187; baseline -0.008 -17"><span class='ocrx_word' id='word_1_707' title='bbox 1927 3118 2027 3187; x_wconf 87' lang='grc' dir='ltr'>μὲν</span> <span class='ocrx_word' id='word_1_708' title='bbox 2085 3112 2620 3186; x_wconf 78' lang='grc' dir='ltr'>μετωνομάσθησαν,</span> <span class='ocrx_word' id='word_1_709' title='bbox 2664 3111 2714 3163; x_wconf 85' lang='grc' dir='ltr'><strong>οἱ</strong></span> <span class='ocrx_word' id='word_1_710' title='bbox 2757 3110 2813 3162; x_wconf 85' lang='grc' dir='ltr'>δὲ</span> <span class='ocrx_word' id='word_1_711' title='bbox 2860 3108 2956 3162; x_wconf 80' lang='grc' dir='ltr'>οὕ’</span> <span class='ocrx_word' id='word_1_712' title='bbox 3002 3107 3252 3179; x_wconf 84' lang='grc' dir='ltr'>δεύτερον</span> <span class='ocrx_word' id='word_1_713' title='bbox 3297 3107 3353 3159; x_wconf 87' lang='grc' dir='ltr'>δὲ</span> <span class='ocrx_word' id='word_1_714' title='bbox 3395 3108 3512 3177; x_wconf 82' lang='grc' dir='ltr'>μετ’</span> 
     </span>
    </p>
   </div>
   <div class='ocr_carea' id='block_1_93' title="bbox 1923 3198 3514 3275">
    <p class='ocr_par' dir='ltr' id='par_1_93' title="bbox 1923 3198 3514 3275">
     <span class='ocr_line' id='line_1_93' title="bbox 1923 3198 3514 3275; baseline -0.006 -14"><span class='ocrx_word' id='word_1_715' title='bbox 1923 3210 2118 3274; x_wconf 81' lang='grc' dir='ltr'>ἐκεῖνο,</span> <span class='ocrx_word' id='word_1_716' title='bbox 2153 3205 2239 3259; x_wconf 90' lang='grc' dir='ltr'>διά</span> <span class='ocrx_word' id='word_1_717' title='bbox 2263 3206 2317 3258; x_wconf 90' lang='grc' dir='ltr'>τί</span> <span class='ocrx_word' id='word_1_718' title='bbox 2344 3203 2549 3257; x_wconf 77' lang='grc' dir='ltr'>τούτων</span> <span class='ocrx_word' id='word_1_719' title='bbox 2582 3205 2631 3256; x_wconf 89' lang='grc' dir='ltr'><strong>οἱ</strong></span> <span class='ocrx_word' id='word_1_720' title='bbox 2667 3203 2764 3272; x_wconf 83' lang='grc' dir='ltr'>μὲν</span> <span class='ocrx_word' id='word_1_721' title='bbox 2801 3204 2859 3255; x_wconf 85' lang='grc' dir='ltr'>ἐν</span> <span class='ocrx_word' id='word_1_722' title='bbox 2891 3201 3034 3275; x_wconf 81' lang='grc' dir='ltr'>μέσῃ</span> <span class='ocrx_word' id='word_1_723' title='bbox 3061 3203 3129 3272; x_wconf 82' lang='grc' dir='ltr'>τῇ</span> <span class='ocrx_word' id='word_1_724' title='bbox 3171 3198 3358 3271; x_wconf 84' lang='grc' dir='ltr'>ἡλικίᾳ</span> <span class='ocrx_word' id='word_1_725' title='bbox 3393 3216 3514 3269; x_wconf 82' lang='grc' dir='ltr'>μετ-</span> 
     </span>
    </p>
   </div>
   <div class='ocr_carea' id='block_1_94' title="bbox 1925 3291 3513 3371">
    <p class='ocr_par' dir='ltr' id='par_1_94' title="bbox 1925 3291 3513 3371">
     <span class='ocr_line' id='line_1_94' title="bbox 1925 3291 3513 3371; baseline -0.007 -17"><span class='ocrx_word' id='word_1_726' title='bbox 1925 3299 2289 3371; x_wconf 79' lang='grc' dir='ltr'>ὠνομάζοντο,</span> <span class='ocrx_word' id='word_1_727' title='bbox 2310 3298 2357 3351; x_wconf 86' lang='grc' dir='ltr'>οί</span> <span class='ocrx_word' id='word_1_728' title='bbox 2384 3297 2440 3349; x_wconf 86' lang='grc' dir='ltr'>δὲ</span> <span class='ocrx_word' id='word_1_729' title='bbox 2468 3295 2528 3361; x_wconf 81' lang='grc' dir='ltr'>ἐξ</span> <span class='ocrx_word' id='word_1_730' title='bbox 2549 3296 2725 3367; x_wconf 84' lang='grc' dir='ltr'>ἀρχῆς</span> <span class='ocrx_word' id='word_1_731' title='bbox 2748 3336 2761 3359; x_wconf 96' lang='grc'>,</span> <span class='ocrx_word' id='word_1_732' title='bbox 2793 3295 2891 3348; x_wconf 73' lang='grc' dir='ltr'>καὶ</span> <span class='ocrx_word' id='word_1_733' title='bbox 2916 3294 3023 3366; x_wconf 82' lang='grc' dir='ltr'>πρὸ</span> <span class='ocrx_word' id='word_1_734' title='bbox 3055 3292 3234 3347; x_wconf 77' lang='grc' dir='ltr'>αὐτῶν</span> <span class='ocrx_word' id='word_1_735' title='bbox 3262 3292 3368 3345; x_wconf 89' lang='grc' dir='ltr'>τῶν</span> <span class='ocrx_word' id='word_1_736' title='bbox 3388 3291 3513 3345; x_wconf 77' lang='grc' dir='ltr'>ὠδί-</span> 
     </span>
    </p>
   </div>
   <div class='ocr_carea' id='block_1_95' title="bbox 1926 3385 3517 3462">
    <p class='ocr_par' dir='ltr' id='par_1_95' title="bbox 1926 3385 3517 3462">
     <span class='ocr_line' id='line_1_95' title="bbox 1926 3385 3517 3462; baseline -0.007 -15"><span class='ocrx_word' id='word_1_737' title='bbox 1926 3409 2055 3447; x_wconf 90' lang='grc' dir='ltr'>νων.</span> <span class='ocrx_word' id='word_1_738' title='bbox 2089 3391 2193 3445; x_wconf 84' lang='grc' dir='ltr'>Τὸν</span> <span class='ocrx_word' id='word_1_739' title='bbox 2218 3391 2317 3462; x_wconf 82' lang='grc' dir='ltr'>μὲν</span> <span class='ocrx_word' id='word_1_740' title='bbox 2343 3389 2452 3461; x_wconf 78' lang='grc' dir='ltr'>γὰρ</span> <span class='ocrx_word' id='word_1_741' title='bbox 2483 3388 2689 3459; x_wconf 87' lang='grc' dir='ltr'>Πέτρον</span> <span class='ocrx_word' id='word_1_742' title='bbox 2713 3387 2808 3441; x_wconf 81' lang='grc' dir='ltr'>καὶ</span> <span class='ocrx_word' id='word_1_743' title='bbox 2845 3385 3102 3441; x_wconf 79' lang='grc' dir='ltr'>Ἰάκωϐον</span> <span class='ocrx_word' id='word_1_744' title='bbox 3130 3385 3224 3437; x_wconf 76' lang='grc' dir='ltr'>καὶ</span> <span class='ocrx_word' id='word_1_745' title='bbox 3262 3385 3517 3454; x_wconf 85' lang='grc' dir='ltr'>Ἰωάννην</span> 
     </span>
    </p>
   </div>
   <div class='ocr_carea' id='block_1_96' title="bbox 1925 3476 3518 3555">
    <p class='ocr_par' dir='ltr' id='par_1_96' title="bbox 1925 3476 3518 3555">
     <span class='ocr_line' id='line_1_96' title="bbox 1925 3476 3518 3555; baseline -0.007 -16"><span class='ocrx_word' id='word_1_746' title='bbox 1925 3485 1985 3538; x_wconf 75' lang='grc' dir='ltr'>ἐν</span> <span class='ocrx_word' id='word_1_747' title='bbox 2014 3482 2153 3555; x_wconf 82' lang='grc' dir='ltr'>μέσῃ</span> <span class='ocrx_word' id='word_1_748' title='bbox 2183 3485 2252 3554; x_wconf 79' lang='grc' dir='ltr'>τῇ</span> <span class='ocrx_word' id='word_1_749' title='bbox 2282 3480 2473 3553; x_wconf 73' lang='grc' dir='ltr'>ἡλικίᾳ.</span> <span class='ocrx_word' id='word_1_750' title='bbox 2505 3480 2889 3551; x_wconf 88' lang='grc' dir='ltr'>μετωνόμασεν</span> <span class='ocrx_word' id='word_1_751' title='bbox 2915 3480 2943 3532; x_wconf 91' lang='grc' dir='ltr'>ὀ</span> <span class='ocrx_word' id='word_1_752' title='bbox 2970 3477 3227 3550; x_wconf 79' lang='grc' dir='ltr'>Χριστόςο</span> <span class='ocrx_word' id='word_1_753' title='bbox 3263 3476 3518 3545; x_wconf 81' lang='grc' dir='ltr'>Ἰωάννην</span> 
     </span>
    </p>
   </div>
   <div class='ocr_carea' id='block_1_97' title="bbox 1926 3565 3516 3647">
    <p class='ocr_par' dir='ltr' id='par_1_97' title="bbox 1926 3565 3516 3647">
     <span class='ocr_line' id='line_1_97' title="bbox 1926 3565 3516 3647; baseline -0.006 -16"><span class='ocrx_word' id='word_1_754' title='bbox 1926 3576 1985 3631; x_wconf 84' lang='grc' dir='ltr'>δὲ</span> <span class='ocrx_word' id='word_1_755' title='bbox 2004 3576 2096 3630; x_wconf 85' lang='grc' dir='ltr'>τὸν</span> <span class='ocrx_word' id='word_1_756' title='bbox 2120 3575 2435 3647; x_wconf 86' lang='grc' dir='ltr'>Βαπτιστὴν</span> <span class='ocrx_word' id='word_1_757' title='bbox 2464 3573 2571 3644; x_wconf 81' lang='grc' dir='ltr'>πρὸ</span> <span class='ocrx_word' id='word_1_758' title='bbox 2593 3571 2778 3626; x_wconf 87' lang='grc' dir='ltr'>αὐτῶν</span> <span class='ocrx_word' id='word_1_759' title='bbox 2805 3574 2912 3627; x_wconf 90' lang='grc' dir='ltr'>τῶν</span> <span class='ocrx_word' id='word_1_760' title='bbox 2941 3565 3373 3624; x_wconf 68' lang='grc' dir='ltr'>ὠδίνων.*Ηλθε</span> <span class='ocrx_word' id='word_1_761' title='bbox 3408 3569 3516 3637; x_wconf 73' lang='grc' dir='ltr'>γὰρ</span> 
     </span>
    </p>
   </div>
   <div class='ocr_carea' id='block_1_98' title="bbox 1927 3659 3511 3739">
    <p class='ocr_par' dir='ltr' id='par_1_98' title="bbox 1927 3659 3511 3739">
     <span class='ocr_line' id='line_1_98' title="bbox 1927 3659 3511 3739; baseline -0.006 -18"><span class='ocrx_word' id='word_1_762' title='bbox 1927 3667 2182 3739; x_wconf 76' lang='grc' dir='ltr'>ἅγγελος</span> <span class='ocrx_word' id='word_1_763' title='bbox 2228 3667 2472 3734; x_wconf 85' lang='grc' dir='ltr'>Κυρίου,</span> <span class='ocrx_word' id='word_1_764' title='bbox 2503 3665 2603 3718; x_wconf 78' lang='grc' dir='ltr'>καὶ</span> <span class='ocrx_word' id='word_1_765' title='bbox 2645 3659 2803 3717; x_wconf 83' lang='grc' dir='ltr'>εἷπε·</span> <span class='ocrx_word' id='word_1_766' title='bbox 2830 3661 2922 3730; x_wconf 81' lang='grc' dir='ltr'>Μὴ</span> <span class='ocrx_word' id='word_1_767' title='bbox 2961 3661 3171 3731; x_wconf 72' lang='grc' dir='ltr'>φοϐοῦ,</span> <span class='ocrx_word' id='word_1_768' title='bbox 3214 3661 3511 3729; x_wconf 83' lang='grc' dir='ltr'>Ζαχαρία·</span> 
     </span>
    </p>
   </div>
   <div class='ocr_carea' id='block_1_99' title="bbox 1930 3750 3517 3828">
    <p class='ocr_par' dir='ltr' id='par_1_99' title="bbox 1930 3750 3517 3828">
     <span class='ocr_line' id='line_1_99' title="bbox 1930 3750 3517 3828; baseline -0.006 -15"><span class='ocrx_word' id='word_1_769' title='bbox 1930 3759 2060 3813; x_wconf 81' lang='grc' dir='ltr'>ιδοὺ</span> <span class='ocrx_word' id='word_1_770' title='bbox 2093 3758 2132 3824; x_wconf 76' lang='grc' dir='ltr'><strong><em>ἡ</em></strong></span> <span class='ocrx_word' id='word_1_771' title='bbox 2174 3757 2328 3828; x_wconf 80' lang='grc' dir='ltr'>γυνή</span> <span class='ocrx_word' id='word_1_772' title='bbox 2369 3773 2486 3811; x_wconf 89' lang='grc' dir='ltr'>σου</span> <span class='ocrx_word' id='word_1_773' title='bbox 2546 3753 2857 3809; x_wconf 87' lang='grc' dir='ltr'>Ἐλισάϐετ</span> <span class='ocrx_word' id='word_1_774' title='bbox 2910 3752 3141 3817; x_wconf 82' lang='grc' dir='ltr'>τέξεται</span> <span class='ocrx_word' id='word_1_775' title='bbox 3198 3751 3361 3815; x_wconf 76' lang='grc' dir='ltr'>υἱὸν,</span> <span class='ocrx_word' id='word_1_776' title='bbox 3418 3750 3517 3804; x_wconf 78' lang='grc' dir='ltr'>καί</span> 
     </span>
    </p>
   </div>
   <div class='ocr_carea' id='block_1_100' title="bbox 1927 3840 3517 3917">
    <p class='ocr_par' dir='ltr' id='par_1_100' title="bbox 1927 3840 3517 3917">
     <span class='ocr_line' id='line_1_100' title="bbox 1927 3840 3517 3917; baseline -0.006 -12"><span class='ocrx_word' id='word_1_777' title='bbox 1927 3850 2208 3915; x_wconf 77' lang='grc' dir='ltr'>καλέσεις</span> <span class='ocrx_word' id='word_1_778' title='bbox 2238 3848 2302 3902; x_wconf 88' lang='grc' dir='ltr'>τὸ</span> <span class='ocrx_word' id='word_1_779' title='bbox 2327 3848 2514 3917; x_wconf 80' lang='grc' dir='ltr'>ὄνομα</span> <span class='ocrx_word' id='word_1_780' title='bbox 2542 3847 2729 3901; x_wconf 87' lang='grc' dir='ltr'>αὐτοῦ</span> <span class='ocrx_word' id='word_1_781' title='bbox 2771 3846 3066 3913; x_wconf 83' lang='grc' dir='ltr'>Ἰωάννην.</span> <span class='ocrx_word' id='word_1_782' title='bbox 3088 3840 3243 3907; x_wconf 79' lang='grc' dir='ltr'>Εἶδες</span> <span class='ocrx_word' id='word_1_783' title='bbox 3271 3843 3388 3906; x_wconf 89' lang='grc' dir='ltr'>πῶς</span> <span class='ocrx_word' id='word_1_784' title='bbox 3411 3844 3517 3914; x_wconf 85' lang='grc' dir='ltr'>πρὸ</span> 
     </span>
    </p>
   </div>
   <div class='ocr_carea' id='block_1_101' title="bbox 1926 3937 3517 4013">
    <p class='ocr_par' dir='ltr' id='par_1_101' title="bbox 1926 3937 3517 4013">
     <span class='ocr_line' id='line_1_101' title="bbox 1926 3937 3517 4013; baseline -0.004 -17"><span class='ocrx_word' id='word_1_785' title='bbox 1926 3942 2035 3997; x_wconf 88' lang='grc' dir='ltr'>τῶν</span> <span class='ocrx_word' id='word_1_786' title='bbox 2065 3942 2271 3996; x_wconf 90' lang='grc' dir='ltr'>ὠδίνων</span> <span class='ocrx_word' id='word_1_787' title='bbox 2299 3944 2331 4012; x_wconf 84' lang='grc' dir='ltr'>ή</span> <span class='ocrx_word' id='word_1_788' title='bbox 2376 3939 2753 4013; x_wconf 85' lang='grc' dir='ltr'>προσηγορία;</span> <span class='ocrx_word' id='word_1_789' title='bbox 2793 3937 2964 3992; x_wconf 85' lang='grc' dir='ltr'>Τοῦτο</span> <span class='ocrx_word' id='word_1_790' title='bbox 2991 3939 3085 3991; x_wconf 82' lang='grc' dir='ltr'>καὶ</span> <span class='ocrx_word' id='word_1_791' title='bbox 3112 3939 3170 3990; x_wconf 86' lang='grc' dir='ltr'>ἐν</span> <span class='ocrx_word' id='word_1_792' title='bbox 3201 3938 3267 4007; x_wconf 81' lang='grc' dir='ltr'>τῇ</span> <span class='ocrx_word' id='word_1_793' title='bbox 3301 3937 3517 4005; x_wconf 75' lang='grc' dir='ltr'>Παλαιᾷ</span> 
     </span>
    </p>
   </div>
   <div class='ocr_carea' id='block_1_102' title="bbox 1929 4029 3517 4106">
    <p class='ocr_par' dir='ltr' id='par_1_102' title="bbox 1929 4029 3517 4106">
     <span class='ocr_line' id='line_1_102' title="bbox 1929 4029 3517 4106; baseline -0.004 -18"><span class='ocrx_word' id='word_1_794' title='bbox 1929 4037 2173 4106; x_wconf 87' lang='grc' dir='ltr'>γέγονεν.</span> <span class='ocrx_word' id='word_1_795' title='bbox 2208 4037 2417 4105; x_wconf 83' lang='grc' dir='ltr'>Ὥσπερ</span> <span class='ocrx_word' id='word_1_796' title='bbox 2442 4032 2552 4104; x_wconf 87' lang='grc' dir='ltr'>γὰρ</span> <span class='ocrx_word' id='word_1_797' title='bbox 2588 4033 2647 4086; x_wconf 88' lang='grc' dir='ltr'>ἐν</span> <span class='ocrx_word' id='word_1_798' title='bbox 2680 4034 2747 4103; x_wconf 84' lang='grc' dir='ltr'>τῇ</span> <span class='ocrx_word' id='word_1_799' title='bbox 2775 4033 2951 4102; x_wconf 80' lang='grc' dir='ltr'>Καινῇ</span> <span class='ocrx_word' id='word_1_800' title='bbox 2996 4034 3024 4084; x_wconf 93' lang='lat'>6</span> <span class='ocrx_word' id='word_1_801' title='bbox 3056 4030 3156 4100; x_wconf 84' lang='grc' dir='ltr'>μὲν</span> <span class='ocrx_word' id='word_1_802' title='bbox 3188 4031 3393 4101; x_wconf 88' lang='grc' dir='ltr'>Πέτρος</span> <span class='ocrx_word' id='word_1_803' title='bbox 3424 4029 3517 4081; x_wconf 77' lang='grc' dir='ltr'>καὶ</span> 
     </span>
    </p>
   </div>
   <div class='ocr_carea' id='block_1_103' title="bbox 1942 4123 3515 4196">
    <p class='ocr_par' dir='ltr' id='par_1_103' title="bbox 1942 4123 3515 4196">
     <span class='ocr_line' id='line_1_103' title="bbox 1942 4123 3515 4196; baseline -0.005 -14"><span class='ocrx_word' id='word_1_804' title='bbox 1942 4128 2197 4190; x_wconf 87' lang='grc' dir='ltr'>Ἰάκωϐος</span> <span class='ocrx_word' id='word_1_805' title='bbox 2221 4128 2315 4181; x_wconf 74' lang='grc' dir='ltr'>καὶ</span> <span class='ocrx_word' id='word_1_806' title='bbox 2351 4126 2603 4196; x_wconf 87' lang='grc' dir='ltr'>Ἰωάννης</span> <span class='ocrx_word' id='word_1_807' title='bbox 2634 4127 2713 4187; x_wconf 77' lang='grc' dir='ltr'>εἰς</span> <span class='ocrx_word' id='word_1_808' title='bbox 2735 4124 2936 4195; x_wconf 85' lang='grc' dir='ltr'>ἄνδρας</span> <span class='ocrx_word' id='word_1_809' title='bbox 2958 4123 3239 4187; x_wconf 87' lang='grc' dir='ltr'>τελοῦντες</span> <span class='ocrx_word' id='word_1_810' title='bbox 3274 4140 3515 4193; x_wconf 78' lang='grc' dir='ltr'>μετωνοο</span> 
     </span>
    </p>
   </div>
   <div class='ocr_carea' id='block_1_104' title="bbox 1933 4214 3516 4290">
    <p class='ocr_par' dir='ltr' id='par_1_104' title="bbox 1933 4214 3516 4290">
     <span class='ocr_line' id='line_1_104' title="bbox 1933 4214 3516 4290; baseline -0.003 -18"><span class='ocrx_word' id='word_1_811' title='bbox 1933 4218 2245 4290; x_wconf 88' lang='grc' dir='ltr'>μάσθησαν,</span> <span class='ocrx_word' id='word_1_812' title='bbox 2287 4219 2383 4271; x_wconf 80' lang='grc' dir='ltr'>καὶ</span> <span class='ocrx_word' id='word_1_813' title='bbox 2426 4216 2689 4287; x_wconf 85' lang='grc' dir='ltr'>διώνυμοι</span> <span class='ocrx_word' id='word_1_814' title='bbox 2733 4216 3057 4284; x_wconf 88' lang='grc' dir='ltr'>γεγόνασιν,</span> <span class='ocrx_word' id='word_1_815' title='bbox 3109 4216 3361 4285; x_wconf 86' lang='grc' dir='ltr'>Ἰωάννης</span> <span class='ocrx_word' id='word_1_816' title='bbox 3398 4214 3454 4267; x_wconf 83' lang='grc' dir='ltr'>δὲ</span> <span class='ocrx_word' id='word_1_817' title='bbox 3487 4216 3516 4272; x_wconf 85' lang='grc' dir='ltr'>ὀ</span> 
     </span>
    </p>
   </div>
   <div class='ocr_carea' id='block_1_105' title="bbox 1930 4305 3516 4381">
    <p class='ocr_par' dir='ltr' id='par_1_105' title="bbox 1930 4305 3516 4381">
     <span class='ocr_line' id='line_1_105' title="bbox 1930 4305 3516 4381; baseline -0.004 -17"><span class='ocrx_word' id='word_1_818' title='bbox 1930 4310 2241 4381; x_wconf 83' lang='grc' dir='ltr'>Βαπτιστὴς</span> <span class='ocrx_word' id='word_1_819' title='bbox 2286 4308 2393 4381; x_wconf 85' lang='grc' dir='ltr'>πρὸ</span> <span class='ocrx_word' id='word_1_820' title='bbox 2440 4307 2619 4361; x_wconf 83' lang='grc' dir='ltr'>αὐτῶν</span> <span class='ocrx_word' id='word_1_821' title='bbox 2662 4307 2771 4360; x_wconf 88' lang='grc' dir='ltr'>τῶν</span> <span class='ocrx_word' id='word_1_822' title='bbox 2810 4306 3016 4360; x_wconf 87' lang='grc' dir='ltr'>ὠδίνων</span> <span class='ocrx_word' id='word_1_823' title='bbox 3062 4308 3156 4358; x_wconf 79' lang='grc' dir='ltr'>καὶ</span> <span class='ocrx_word' id='word_1_824' title='bbox 3193 4305 3300 4358; x_wconf 87' lang='grc' dir='ltr'>τῶν</span> <span class='ocrx_word' id='word_1_825' title='bbox 3341 4305 3516 4359; x_wconf 87' lang='grc' dir='ltr'>τόκων</span> 
     </span>
    </p>
   </div>
   <div class='ocr_carea' id='block_1_106' title="bbox 1929 4395 3516 4473">
    <p class='ocr_par' dir='ltr' id='par_1_106' title="bbox 1929 4395 3516 4473">
     <span class='ocr_line' id='line_1_106' title="bbox 1929 4395 3516 4473; baseline -0.004 -18"><span class='ocrx_word' id='word_1_826' title='bbox 1929 4400 2090 4455; x_wconf 78' lang='grc' dir='ltr'>ἔλαϐε</span> <span class='ocrx_word' id='word_1_827' title='bbox 2118 4401 2218 4473; x_wconf 80' lang='grc' dir='ltr'>τὴν</span> <span class='ocrx_word' id='word_1_828' title='bbox 2240 4398 2634 4471; x_wconf 82' lang='grc' dir='ltr'>προσηγορίαν’</span> <span class='ocrx_word' id='word_1_829' title='bbox 2666 4396 2810 4450; x_wconf 88' lang='grc' dir='ltr'>οὕτω</span> <span class='ocrx_word' id='word_1_830' title='bbox 2833 4397 2927 4450; x_wconf 75' lang='grc' dir='ltr'>καὶ</span> <span class='ocrx_word' id='word_1_831' title='bbox 2952 4399 3010 4449; x_wconf 91' lang='grc' dir='ltr'>ἐν</span> <span class='ocrx_word' id='word_1_832' title='bbox 3032 4400 3096 4467; x_wconf 83' lang='grc' dir='ltr'>τῇ</span> <span class='ocrx_word' id='word_1_833' title='bbox 3121 4396 3330 4467; x_wconf 81' lang='grc' dir='ltr'>Παλαιᾷ</span> <span class='ocrx_word' id='word_1_834' title='bbox 3356 4397 3384 4449; x_wconf 88' lang='lat'>6</span> <span class='ocrx_word' id='word_1_835' title='bbox 3416 4395 3516 4466; x_wconf 78' lang='grc' dir='ltr'>μὲν</span> 
     </span>
    </p>
   </div>
   <div class='ocr_carea' id='block_1_107' title="bbox 1942 4486 3516 4565">
    <p class='ocr_par' dir='ltr' id='par_1_107' title="bbox 1942 4486 3516 4565">
     <span class='ocr_line' id='line_1_107' title="bbox 1942 4486 3516 4565; baseline -0.005 -18"><span class='ocrx_word' id='word_1_836' title='bbox 1942 4491 2195 4565; x_wconf 78' lang='grc' dir='ltr'>Ἀϐραὰμ</span> <span class='ocrx_word' id='word_1_837' title='bbox 2232 4492 2327 4545; x_wconf 72' lang='grc' dir='ltr'>καὶ</span> <span class='ocrx_word' id='word_1_838' title='bbox 2367 4488 2561 4543; x_wconf 86' lang='grc' dir='ltr'>Ἰακὼϐ</span> <span class='ocrx_word' id='word_1_839' title='bbox 2599 4490 2655 4540; x_wconf 88' lang='grc' dir='ltr'>ἐν</span> <span class='ocrx_word' id='word_1_840' title='bbox 2687 4488 2827 4559; x_wconf 81' lang='grc' dir='ltr'>μέσῃ</span> <span class='ocrx_word' id='word_1_841' title='bbox 2862 4490 2929 4558; x_wconf 81' lang='grc' dir='ltr'>τῇ</span> <span class='ocrx_word' id='word_1_842' title='bbox 2974 4486 3161 4558; x_wconf 76' lang='grc' dir='ltr'>ἡλικίᾳ</span> <span class='ocrx_word' id='word_1_843' title='bbox 3196 4488 3516 4557; x_wconf 90' lang='grc' dir='ltr'>μετωνομά-</span> 
     </span>
    </p>
   </div>
   <div class='ocr_carea' id='block_1_108' title="bbox 1930 4580 3512 4656">
    <p class='ocr_par' dir='ltr' id='par_1_108' title="bbox 1930 4580 3512 4656">
     <span class='ocr_line' id='line_1_108' title="bbox 1930 4580 3512 4656; baseline -0.004 -16"><span class='ocrx_word' id='word_1_844' title='bbox 1930 4588 2122 4652; x_wconf 78' lang='grc' dir='ltr'>ζοντοο</span> <span class='ocrx_word' id='word_1_845' title='bbox 2172 4587 2199 4638; x_wconf 82' lang='lat'>6</span> <span class='ocrx_word' id='word_1_846' title='bbox 2263 4586 2361 4656; x_wconf 82' lang='grc' dir='ltr'>μὲν</span> <span class='ocrx_word' id='word_1_847' title='bbox 2410 4583 2519 4654; x_wconf 83' lang='grc' dir='ltr'>γὰρ</span> <span class='ocrx_word' id='word_1_848' title='bbox 2566 4580 2811 4635; x_wconf 87' lang='grc' dir='ltr'>ἐκαλεῖτο</span> <span class='ocrx_word' id='word_1_849' title='bbox 2873 4581 3121 4652; x_wconf 87' lang='grc' dir='ltr'>Ἀϐράμ,</span> <span class='ocrx_word' id='word_1_850' title='bbox 3163 4582 3259 4634; x_wconf 73' lang='grc' dir='ltr'>καὶ</span> <span class='ocrx_word' id='word_1_851' title='bbox 3313 4580 3512 4652; x_wconf 76' lang='grc' dir='ltr'>ἐκλήθη</span> 
     </span>
    </p>
   </div>
   <div class='ocr_carea' id='block_1_109' title="bbox 1942 4672 3515 4751">
    <p class='ocr_par' dir='ltr' id='par_1_109' title="bbox 1942 4672 3515 4751">
     <span class='ocr_line' id='line_1_109' title="bbox 1942 4672 3515 4751; baseline -0.003 -18"><span class='ocrx_word' id='word_1_852' title='bbox 1942 4679 2228 4751; x_wconf 79' lang='grc' dir='ltr'>Ἀϐραάμ’</span> <span class='ocrx_word' id='word_1_853' title='bbox 2262 4681 2291 4732; x_wconf 90' lang='lat'>6</span> <span class='ocrx_word' id='word_1_854' title='bbox 2322 4677 2380 4731; x_wconf 91' lang='grc' dir='ltr'>δέ</span> <span class='ocrx_word' id='word_1_855' title='bbox 2418 4674 2664 4730; x_wconf 88' lang='grc' dir='ltr'>ἐκαλεῖτο</span> <span class='ocrx_word' id='word_1_856' title='bbox 2706 4672 2922 4738; x_wconf 88' lang='grc' dir='ltr'>Ἰακὼϐ,</span> <span class='ocrx_word' id='word_1_857' title='bbox 2956 4673 3157 4745; x_wconf 78' lang='grc' dir='ltr'>ἐκλήθη</span> <span class='ocrx_word' id='word_1_858' title='bbox 3181 4674 3236 4727; x_wconf 85' lang='grc' dir='ltr'>δὲ</span> <span class='ocrx_word' id='word_1_859' title='bbox 3275 4672 3515 4743; x_wconf 87' lang='grc' dir='ltr'>Ἰσραήλ.</span> 
     </span>
    </p>
   </div>
   <div class='ocr_carea' id='block_1_110' title="bbox 1942 4766 3516 4838">
    <p class='ocr_par' dir='ltr' id='par_1_110' title="bbox 1942 4766 3516 4838">
     <span class='ocr_line' id='line_1_110' title="bbox 1942 4766 3516 4838; baseline -0.004 -12"><span class='ocrx_word' id='word_1_860' title='bbox 1942 4774 2000 4826; x_wconf 90' lang='lat'>&#39;0</span> <span class='ocrx_word' id='word_1_861' title='bbox 2033 4772 2089 4824; x_wconf 83' lang='grc' dir='ltr'>δὲ</span> <span class='ocrx_word' id='word_1_862' title='bbox 2142 4770 2329 4825; x_wconf 89' lang='grc' dir='ltr'>Ἰσαὰκ</span> <span class='ocrx_word' id='word_1_863' title='bbox 2359 4769 2459 4822; x_wconf 87' lang='grc' dir='ltr'>οὐκ</span> <span class='ocrx_word' id='word_1_864' title='bbox 2502 4768 2583 4822; x_wconf 77' lang='grc' dir='ltr'>ἔτι</span> <span class='ocrx_word' id='word_1_865' title='bbox 2630 4767 2826 4832; x_wconf 87' lang='grc' dir='ltr'>οὕτως,</span> <span class='ocrx_word' id='word_1_866' title='bbox 2865 4767 3003 4821; x_wconf 84' lang='grc' dir='ltr'>ἀλλά</span> <span class='ocrx_word' id='word_1_867' title='bbox 3046 4767 3151 4838; x_wconf 85' lang='grc' dir='ltr'>πρὸ</span> <span class='ocrx_word' id='word_1_868' title='bbox 3191 4766 3370 4820; x_wconf 76' lang='grc' dir='ltr'>αὐτῶν</span> <span class='ocrx_word' id='word_1_869' title='bbox 3404 4766 3516 4820; x_wconf 84' lang='grc' dir='ltr'>τῶν</span> 
     </span>
    </p>
   </div>
   <div class='ocr_carea' id='block_1_111' title="bbox 1930 4858 3514 4933">
    <p class='ocr_par' dir='ltr' id='par_1_111' title="bbox 1930 4858 3514 4933">
     <span class='ocr_line' id='line_1_111' title="bbox 1930 4858 3514 4933; baseline -0.005 -14"><span class='ocrx_word' id='word_1_870' title='bbox 1930 4866 2133 4919; x_wconf 87' lang='grc' dir='ltr'>ὠδίνων</span> <span class='ocrx_word' id='word_1_871' title='bbox 2166 4864 2224 4917; x_wconf 64' lang='grc' dir='ltr'>τὸ</span> <span class='ocrx_word' id='word_1_872' title='bbox 2252 4863 2423 4933; x_wconf 79' lang='grc' dir='ltr'>ὄνομα</span> <span class='ocrx_word' id='word_1_873' title='bbox 2453 4861 2699 4932; x_wconf 88' lang='grc' dir='ltr'>δέχεται·</span> <span class='ocrx_word' id='word_1_874' title='bbox 2736 4861 2829 4914; x_wconf 82' lang='grc' dir='ltr'>καὶ</span> <span class='ocrx_word' id='word_1_875' title='bbox 2860 4859 3114 4930; x_wconf 85' lang='grc' dir='ltr'>καθάπερ</span> <span class='ocrx_word' id='word_1_876' title='bbox 3142 4860 3260 4912; x_wconf 77' lang='grc' dir='ltr'>ἐκεῖ</span> <span class='ocrx_word' id='word_1_877' title='bbox 3285 4861 3311 4911; x_wconf 91' lang='lat'>6</span> <span class='ocrx_word' id='word_1_878' title='bbox 3342 4858 3514 4927; x_wconf 64' lang='grc' dir='ltr'>ἄγγεα</span> 
     </span>
    </p>
   </div>
   <div class='ocr_carea' id='block_1_112' title="bbox 1930 4952 3513 5025">
    <p class='ocr_par' dir='ltr' id='par_1_112' title="bbox 1930 4952 3513 5025">
     <span class='ocr_line' id='line_1_112' title="bbox 1930 4952 3513 5025; baseline -0.006 -12"><span class='ocrx_word' id='word_1_879' title='bbox 1930 4960 2020 5023; x_wconf 90' lang='grc' dir='ltr'>λος</span> <span class='ocrx_word' id='word_1_880' title='bbox 2053 4956 2239 5012; x_wconf 75' lang='grc' dir='ltr'>εἶπεν·</span> <span class='ocrx_word' id='word_1_881' title='bbox 2285 4956 2345 5009; x_wconf 87' lang='grc' dir='ltr'><strong>Ἠ</strong></span> <span class='ocrx_word' id='word_1_882' title='bbox 2386 4953 2541 5025; x_wconf 72' lang='grc' dir='ltr'>γυνή</span> <span class='ocrx_word' id='word_1_883' title='bbox 2578 4970 2693 5007; x_wconf 88' lang='grc' dir='ltr'>σου</span> <span class='ocrx_word' id='word_1_884' title='bbox 2722 4953 2983 5020; x_wconf 70' lang='grc' dir='ltr'>λήψεται</span> <span class='ocrx_word' id='word_1_885' title='bbox 3013 4952 3082 5004; x_wconf 85' lang='grc' dir='ltr'>ἐν</span> <span class='ocrx_word' id='word_1_886' title='bbox 3122 4952 3368 5021; x_wconf 76' lang='grc' dir='ltr'>γαστρὶ,</span> <span class='ocrx_word' id='word_1_887' title='bbox 3413 4952 3513 5004; x_wconf 75' lang='grc' dir='ltr'>καὶ</span> 
     </span>
    </p>
   </div>
   <div class='ocr_carea' id='block_1_113' title="bbox 1929 5040 3516 5116">
    <p class='ocr_par' dir='ltr' id='par_1_113' title="bbox 1929 5040 3516 5116">
     <span class='ocr_line' id='line_1_113' title="bbox 1929 5040 3516 5116; baseline -0.008 -10"><span class='ocrx_word' id='word_1_888' title='bbox 1929 5050 2161 5116; x_wconf 83' lang='grc' dir='ltr'>τέξεται</span> <span class='ocrx_word' id='word_1_889' title='bbox 2180 5047 2336 5112; x_wconf 71' lang='grc' dir='ltr'>υἱὸν,</span> <span class='ocrx_word' id='word_1_890' title='bbox 2354 5046 2451 5099; x_wconf 81' lang='grc' dir='ltr'>καὶ</span> <span class='ocrx_word' id='word_1_891' title='bbox 2479 5045 2760 5109; x_wconf 75' lang='grc' dir='ltr'>καλέσεις</span> <span class='ocrx_word' id='word_1_892' title='bbox 2790 5044 2855 5097; x_wconf 86' lang='grc' dir='ltr'>τὸ</span> <span class='ocrx_word' id='word_1_893' title='bbox 2882 5042 3070 5112; x_wconf 81' lang='grc' dir='ltr'>ὄνομα</span> <span class='ocrx_word' id='word_1_894' title='bbox 3098 5041 3284 5096; x_wconf 79' lang='grc' dir='ltr'>αὐτοῦ</span> <span class='ocrx_word' id='word_1_895' title='bbox 3321 5040 3516 5095; x_wconf 83' lang='grc' dir='ltr'>Ἰωάν-</span> 
     </span>
    </p>
   </div>
   <div class='ocr_carea' id='block_1_114' title="bbox 1929 5127 3514 5211">
    <p class='ocr_par' dir='ltr' id='par_1_114' title="bbox 1929 5127 3514 5211">
     <span class='ocr_line' id='line_1_114' title="bbox 1929 5127 3514 5211; baseline -0.007 -15"><span class='ocrx_word' id='word_1_896' title='bbox 1929 5155 2082 5211; x_wconf 86' lang='grc' dir='ltr'>νην·</span> <span class='ocrx_word' id='word_1_897' title='bbox 2135 5139 2279 5193; x_wconf 82' lang='grc' dir='ltr'>οὕτω</span> <span class='ocrx_word' id='word_1_898' title='bbox 2331 5137 2427 5191; x_wconf 71' lang='grc' dir='ltr'>καὶ</span> <span class='ocrx_word' id='word_1_899' title='bbox 2476 5134 2712 5189; x_wconf 86' lang='grc' dir='ltr'>ἐνταῦθα</span> <span class='ocrx_word' id='word_1_900' title='bbox 2766 5137 2793 5187; x_wconf 89' lang='lat'>6</span> <span class='ocrx_word' id='word_1_901' title='bbox 2857 5133 2989 5195; x_wconf 86' lang='grc' dir='ltr'>Θεὸς</span> <span class='ocrx_word' id='word_1_902' title='bbox 3053 5127 3175 5187; x_wconf 82' lang='grc' dir='ltr'>εἷπε</span> <span class='ocrx_word' id='word_1_903' title='bbox 3230 5132 3365 5203; x_wconf 88' lang='grc' dir='ltr'>πρὸς</span> <span class='ocrx_word' id='word_1_904' title='bbox 3422 5132 3514 5185; x_wconf 81' lang='grc' dir='ltr'>τὸν</span> 
     </span>
    </p>
   </div>
   <div class='ocr_carea' id='block_1_115' title="bbox 1942 5224 3514 5305">
    <p class='ocr_par' dir='ltr' id='par_1_115' title="bbox 1942 5224 3514 5305">
     <span class='ocr_line' id='line_1_115' title="bbox 1942 5224 3514 5305; baseline -0.005 -18"><span class='ocrx_word' id='word_1_905' title='bbox 1942 5232 2229 5305; x_wconf 83' lang='grc' dir='ltr'>Ἀϐραάμ’</span> <span class='ocrx_word' id='word_1_906' title='bbox 2278 5230 2350 5284; x_wconf 85' lang='lat' dir='ltr'>&#39;H</span> <span class='ocrx_word' id='word_1_907' title='bbox 2390 5227 2548 5297; x_wconf 81' lang='grc' dir='ltr'>γυνή</span> <span class='ocrx_word' id='word_1_908' title='bbox 2599 5243 2715 5281; x_wconf 86' lang='grc' dir='ltr'>σου</span> <span class='ocrx_word' id='word_1_909' title='bbox 2752 5225 2950 5294; x_wconf 76' lang='grc' dir='ltr'>Σάρρα</span> <span class='ocrx_word' id='word_1_910' title='bbox 2987 5224 3217 5289; x_wconf 83' lang='grc' dir='ltr'>τέξεται</span> <span class='ocrx_word' id='word_1_911' title='bbox 3245 5224 3380 5278; x_wconf 79' lang='grc' dir='ltr'>υἱὸν</span> <span class='ocrx_word' id='word_1_912' title='bbox 3413 5226 3514 5279; x_wconf 75' lang='grc' dir='ltr'>καὶ</span> 
     </span>
    </p>
   </div>
   <div class='ocr_carea' id='block_1_116' title="bbox 1930 5312 3514 5389">
    <p class='ocr_par' dir='ltr' id='par_1_116' title="bbox 1930 5312 3514 5389">
     <span class='ocr_line' id='line_1_116' title="bbox 1930 5312 3514 5389; baseline -0.007 -9"><span class='ocrx_word' id='word_1_913' title='bbox 1930 5325 2213 5388; x_wconf 81' lang='grc' dir='ltr'>καλέσεις</span> <span class='ocrx_word' id='word_1_914' title='bbox 2231 5320 2300 5374; x_wconf 86' lang='grc' dir='ltr'>τὸ</span> <span class='ocrx_word' id='word_1_915' title='bbox 2321 5322 2507 5389; x_wconf 83' lang='grc' dir='ltr'>ὄνομα</span> <span class='ocrx_word' id='word_1_916' title='bbox 2531 5318 2717 5373; x_wconf 86' lang='grc' dir='ltr'>αὐτοῦ</span> <span class='ocrx_word' id='word_1_917' title='bbox 2750 5317 2966 5371; x_wconf 79' lang='grc' dir='ltr'>Ἰσαάκ.</span> <span class='ocrx_word' id='word_1_918' title='bbox 3000 5318 3093 5369; x_wconf 82' lang='grc' dir='ltr'>’Ἐν</span> <span class='ocrx_word' id='word_1_919' title='bbox 3121 5316 3219 5386; x_wconf 85' lang='grc' dir='ltr'>μὲν</span> <span class='ocrx_word' id='word_1_920' title='bbox 3242 5312 3334 5369; x_wconf 83' lang='grc' dir='ltr'>οὖν</span> <span class='ocrx_word' id='word_1_921' title='bbox 3357 5316 3514 5370; x_wconf 87' lang='grc' dir='ltr'>τοῦτο</span> 
     </span>
    </p>
   </div>
   <div class='ocr_carea' id='block_1_117' title="bbox 1932 5408 3511 5489">
    <p class='ocr_par' dir='ltr' id='par_1_117' title="bbox 1932 5408 3511 5489">
     <span class='ocr_line' id='line_1_117' title="bbox 1932 5408 3511 5489; baseline -0.007 -17"><span class='ocrx_word' id='word_1_922' title='bbox 1932 5419 2175 5489; x_wconf 82' lang='grc' dir='ltr'>ζήτημα,</span> <span class='ocrx_word' id='word_1_923' title='bbox 2207 5416 2351 5477; x_wconf 81' lang='grc' dir='ltr'>τίνος</span> <span class='ocrx_word' id='word_1_924' title='bbox 2374 5414 2559 5466; x_wconf 75' lang='grc' dir='ltr'>ἕνεκεν</span> <span class='ocrx_word' id='word_1_925' title='bbox 2597 5413 2645 5464; x_wconf 79' lang='grc' dir='ltr'>οἱ</span> <span class='ocrx_word' id='word_1_926' title='bbox 2689 5411 2790 5481; x_wconf 87' lang='grc' dir='ltr'>μὲν</span> <span class='ocrx_word' id='word_1_927' title='bbox 2835 5409 3352 5481; x_wconf 89' lang='grc' dir='ltr'>μετωνομάσθησαν,</span> <span class='ocrx_word' id='word_1_928' title='bbox 3382 5411 3429 5462; x_wconf 78' lang='grc' dir='ltr'>οἱ</span> <span class='ocrx_word' id='word_1_929' title='bbox 3456 5408 3511 5461; x_wconf 80' lang='grc' dir='ltr'>δὲ</span> 
     </span>
    </p>
   </div>
   <div class='ocr_carea' id='block_1_118' title="bbox 1930 5502 3511 5577">
    <p class='ocr_par' dir='ltr' id='par_1_118' title="bbox 1930 5502 3511 5577">
     <span class='ocr_line' id='line_1_118' title="bbox 1930 5502 3511 5577; baseline -0.008 -13"><span class='ocrx_word' id='word_1_930' title='bbox 1930 5513 2145 5565; x_wconf 80' lang='grc' dir='ltr'>οὐκέτι·</span> <span class='ocrx_word' id='word_1_931' title='bbox 2178 5507 2427 5577; x_wconf 87' lang='grc' dir='ltr'>δεύτερον</span> <span class='ocrx_word' id='word_1_932' title='bbox 2449 5505 2504 5557; x_wconf 80' lang='grc' dir='ltr'>δὲ</span> <span class='ocrx_word' id='word_1_933' title='bbox 2545 5503 2661 5574; x_wconf 92' lang='grc' dir='ltr'>μετ’</span> <span class='ocrx_word' id='word_1_934' title='bbox 2694 5505 2892 5565; x_wconf 81' lang='grc' dir='ltr'>ἐκεῖνο,</span> <span class='ocrx_word' id='word_1_935' title='bbox 2925 5503 2976 5554; x_wconf 93' lang='grc' dir='ltr'>τί</span> <span class='ocrx_word' id='word_1_936' title='bbox 2999 5502 3200 5573; x_wconf 86' lang='grc' dir='ltr'>δήποτε</span> <span class='ocrx_word' id='word_1_937' title='bbox 3232 5503 3280 5553; x_wconf 86' lang='grc' dir='ltr'><strong>οἱ</strong></span> <span class='ocrx_word' id='word_1_938' title='bbox 3316 5502 3415 5570; x_wconf 83' lang='grc' dir='ltr'>μὲν</span> <span class='ocrx_word' id='word_1_939' title='bbox 3453 5503 3511 5553; x_wconf 83' lang='grc' dir='ltr'>ἐν</span> 
     </span>
    </p>
   </div>
   <div class='ocr_carea' id='block_1_119' title="bbox 1935 5590 3511 5671">
    <p class='ocr_par' dir='ltr' id='par_1_119' title="bbox 1935 5590 3511 5671">
     <span class='ocr_line' id='line_1_119' title="bbox 1935 5590 3511 5671; baseline -0.008 -18"><span class='ocrx_word' id='word_1_940' title='bbox 1935 5600 2075 5671; x_wconf 83' lang='grc' dir='ltr'>μέσῃ</span> <span class='ocrx_word' id='word_1_941' title='bbox 2110 5599 2173 5668; x_wconf 83' lang='grc' dir='ltr'>τῇ</span> <span class='ocrx_word' id='word_1_942' title='bbox 2208 5594 2416 5666; x_wconf 82' lang='grc' dir='ltr'>ἡλικίᾳ,</span> <span class='ocrx_word' id='word_1_943' title='bbox 2446 5594 2497 5645; x_wconf 82' lang='grc' dir='ltr'>οἱ</span> <span class='ocrx_word' id='word_1_944' title='bbox 2533 5592 2591 5645; x_wconf 87' lang='grc' dir='ltr'>δὲ</span> <span class='ocrx_word' id='word_1_945' title='bbox 2627 5592 2734 5663; x_wconf 89' lang='grc' dir='ltr'>πρὸ</span> <span class='ocrx_word' id='word_1_946' title='bbox 2764 5591 2946 5644; x_wconf 77' lang='grc' dir='ltr'>αὐτῶν</span> <span class='ocrx_word' id='word_1_947' title='bbox 2982 5591 3091 5644; x_wconf 88' lang='grc' dir='ltr'>τῶν</span> <span class='ocrx_word' id='word_1_948' title='bbox 3131 5590 3368 5651; x_wconf 88' lang='grc' dir='ltr'>ὠδίνων,</span> <span class='ocrx_word' id='word_1_949' title='bbox 3416 5590 3511 5643; x_wconf 77' lang='grc' dir='ltr'>καὶ</span> 
     </span>
    </p>
   </div>
   <div class='ocr_carea' id='block_1_120' title="bbox 1931 5680 3512 5759">
    <p class='ocr_par' dir='ltr' id='par_1_120' title="bbox 1931 5680 3512 5759">
     <span class='ocr_line' id='line_1_120' title="bbox 1931 5680 3512 5759; baseline -0.006 -14"><span class='ocrx_word' id='word_1_950' title='bbox 1931 5691 2103 5745; x_wconf 85' lang='grc' dir='ltr'>ταῦτα</span> <span class='ocrx_word' id='word_1_951' title='bbox 2135 5689 2232 5759; x_wconf 82' lang='grc' dir='ltr'>μὲν</span> <span class='ocrx_word' id='word_1_952' title='bbox 2258 5690 2315 5740; x_wconf 87' lang='grc' dir='ltr'>ἐν</span> <span class='ocrx_word' id='word_1_953' title='bbox 2347 5684 2637 5756; x_wconf 79' lang='grc' dir='ltr'>ἑκατέραις</span> <span class='ocrx_word' id='word_1_954' title='bbox 2664 5684 2981 5756; x_wconf 87' lang='grc' dir='ltr'>Διαθήκαις.</span> <span class='ocrx_word' id='word_1_955' title='bbox 3031 5684 3219 5753; x_wconf 84' lang='grc' dir='ltr'>Ἡμεῖς</span> <span class='ocrx_word' id='word_1_956' title='bbox 3244 5682 3299 5735; x_wconf 87' lang='grc' dir='ltr'>δὲ</span> <span class='ocrx_word' id='word_1_957' title='bbox 3327 5681 3421 5735; x_wconf 72' lang='grc' dir='ltr'>ἐπὶ</span> <span class='ocrx_word' id='word_1_958' title='bbox 3449 5680 3512 5736; x_wconf 69' lang='grc' dir='ltr'>τὸ</span> 
     </span>
    </p>
   </div>
   <div class='ocr_carea' id='block_1_121' title="bbox 1935 5775 3503 5848">
    <p class='ocr_par' dir='ltr' id='par_1_121' title="bbox 1935 5775 3503 5848">
     <span class='ocr_line' id='line_1_121' title="bbox 1935 5775 3503 5848; baseline -0.006 -13"><span class='ocrx_word' id='word_1_959' title='bbox 1935 5782 2185 5847; x_wconf 73' lang='grc' dir='ltr'>δεύτερον</span> <span class='ocrx_word' id='word_1_960' title='bbox 2230 5781 2394 5848; x_wconf 71' lang='grc' dir='ltr'>ἴωμεν</span> <span class='ocrx_word' id='word_1_961' title='bbox 2435 5778 2696 5845; x_wconf 80' lang='grc' dir='ltr'>πρότερον</span> <span class='ocrx_word' id='word_1_962' title='bbox 2719 5792 2734 5806; x_wconf 85' lang='grc'><strong>’</strong></span> <span class='ocrx_word' id='word_1_963' title='bbox 2772 5776 2914 5831; x_wconf 82' lang='grc' dir='ltr'>οὕτω</span> <span class='ocrx_word' id='word_1_964' title='bbox 2945 5777 3050 5841; x_wconf 81' lang='grc' dir='ltr'>γάο</span> <span class='ocrx_word' id='word_1_965' title='bbox 3092 5777 3183 5829; x_wconf 71' lang='grc' dir='ltr'>καὶ</span> <span class='ocrx_word' id='word_1_966' title='bbox 3213 5775 3387 5827; x_wconf 78' lang='grc' dir='ltr'>ἐκεῖνο</span> <span class='ocrx_word' id='word_1_967' title='bbox 3412 5790 3503 5825; x_wconf 74' lang='grc' dir='ltr'>σαι</span> 
     </span>
    </p>
   </div>
  </div>
