3964 6342
474 485 733 552 φέστερον
753 479 924 533 ἔσται·
954 479 1046 533 καὶ
1072 478 1266 549 ἴδωμεν
1289 479 1413 542 τοὺς
1441 478 1499 542 ἐξ
1516 478 1690 550 ἀρχῆς
1715 478 2039 551 ὀνομασθέν.

474 593 594 638 τας,
619 574 713 628 καὶ
729 574 1106 634 ἀναϐαίνοντες
1143 572 1278 636 μετά
1304 570 1374 641 (f.
1406 572 1580 641 κατά)
1616 573 1809 642 μικρὸν
1836 571 1926 623 ἐπὶ
1951 571 2040 624 τὸν

474 665 688 736 πρῶτον
715 662 1082 734 ὀνομασθέντα
1105 661 1389 732 ἄνθρωπον
1418 662 1568 732 παρά
1592 661 1684 714 τοῦ
1716 660 1850 714 θεοῦ
1879 660 2042 714 ἔλθω·

478 775 598 828 μεν,
633 758 720 810 ἵνα
744 756 851 810 ἀπὸ
876 755 972 825 τῆς
1001 753 1178 826 ἀρχῆς
1203 753 1271 807 τά
1294 753 1583 824 ζητήματα
1609 754 1708 823 τὴν
1729 753 1880 806 λύσιν
1901 753 2041 822 λαμ-

475 849 633 920 ϐάνῃ.
683 842 812 898 Τίνα
850 842 942 898 οὖν
978 845 1191 916 πρῶτον
1246 844 1529 914 ὠνόμασεν
1561 847 1587 898 δ
1626 844 1788 906 Θεόςς
1825 844 1956 895 Τίνα
1987 842 2041 894 δέ

475 938 789 1001 ἀλλον,ἀλλ’
835 938 866 1008 ἦ
897 937 984 989 τὸν
1026 937 1241 1006 πρῶτον
1277 934 1619 1001 πλασθέντας
1667 934 1799 987 Οὐδὲ
1828 935 1935 1004 γὰρ
1975 929 2042 1003 ἦν

475 1031 632 1092 ἀλλος
663 1028 942 1098 ἅνθρωπος
973 1028 1175 1092 οὐδεὶς,
1208 1026 1346 1078 ὥστε
1394 1027 1657 1080 ἐπιθεῖναι
1690 1024 1842 1094 αὐτῷ
1880 1039 2043 1094 προσ-

476 1122 720 1190 ηγορίαν.
794 1120 922 1172 Τίνα
981 1114 1074 1171 οὖν
1141 1117 1326 1170 τοῦτον
1378 1118 1686 1187 ὠνόμασενς
1752 1116 1923 1186 Ἀδάμ
1975 1117 2041 1184 τῇ

486 1212 753 1282 Ἐϐραίων
789 1214 967 1282 φωνῇ·
1006 1212 1065 1263 οὑ
1097 1211 1204 1280 γάρ
1235 1213 1381 1262 ἐστιν
1423 1209 1727 1280 Ἑλληνικὸν
1755 1209 1814 1260 τὸ
1853 1209 2040 1276 δνομα,

477 1305 557 1364 εἰς
582 1302 638 1355 δέ
661 1303 758 1370 τὴν
795 1301 1016 1354 Ἐλλάδα
1047 1301 1094 1372 ll
1111 1299 1197 1372 15]
1233 1301 1719 1371 μεταϐαλλόμενον,
1746 1299 1895 1352 οὐδὲν
1920 1297 2046 1350 ἀλλο

474 1393 643 1463 δηλοῖ,
672 1391 784 1446 ἀλλ’
811 1391 844 1462 ἢ
866 1390 955 1444 16v
986 1394 1171 1459 γήϊνον
1191 1410 1204 1423 ·
1238 1392 1300 1444 16
1325 1391 1433 1461 γὰρ
1470 1389 1628 1460 Ἐδέμ
1654 1390 1752 1458 τὴν
1776 1387 2045 1460 παρθένον

480 1484 732 1556 σημαίνει
765 1485 867 1554 γῆν
885 1500 896 1512 ·
926 1483 1166 1536 τοιοῦτον
1196 1484 1251 1536 δὲ
1279 1479 1345 1553 ἦν
1371 1484 1431 1535 τὸ
1459 1483 1658 1552 χωρίον
1688 1482 1881 1540 ἐκεῖνο,
1909 1480 1968 1530 ἐν
2002 1472 2045 1544 ᾧ

476 1577 568 1629 τὸν
613 1576 936 1646 παράδεισον
971 1573 1268 1642 ἐφύτευσεν
1305 1575 1333 1624 6
1368 1572 1522 1635 θεός.
1566 1571 1895 1637 Ἐφύτευσε
1938 1568 2046 1636 γὰρ

475 1668 584 1722 τὸν
631 1665 997 1735 παράδεισον
1049 1667 1082 1718 ό
1129 1665 1293 1730 Θεὸς,
1333 1665 1526 1732 φησιν,
1574 1663 1642 1714 ἐν
1695 1661 1866 1729 Ἔδὲμ
1899 1660 2046 1711 κατὰ

475 1757 776 1822 ἀνατολάς
799 1776 810 1787 ·
842 1759 928 1810 ἵνα
961 1756 1138 1827 μάθῃς
1159 1795 1173 1818 ,
1206 1757 1286 1807 ὅτι
1321 1756 1418 1806 οὐκ
1460 1754 1815 1823 ἀνθρωπίνων
1849 1750 2048 1819 χειρῶν

477 1852 636 1921 ἔργον
675 1845 742 1920 ἦν
789 1849 816 1900 6
849 1848 1173 1919 παράδεισος
1193 1863 1204 1874 ⁸
1237 1846 1500 1916 παρθένος
1531 1845 1640 1915 γάρ
1664 1840 1732 1914 ἦν
1763 1845 1795 1912 ή
1828 1841 1920 1910 γῆ,
1952 1843 2047 1893 καὶ

475 1942 597 1994 οὔτε
627 1942 853 2014 ἄροτρον
892 1939 1158 2010 δεξαμένη
1201 1933 1291 2008 ἦν,
1322 1938 1442 1990 οὐτε
1473 1939 1550 1999 είς
1595 1936 1806 1989 αὔλακα
1849 1935 2046 1986 διανοι-

475 2037 657 2101 γεῖσα,
700 2033 813 2086 ἀλλ’
865 2036 1090 2104 ἄπειρος
1139 2026 1274 2086 οὖσα
1321 2029 1643 2100 γεωργικῶν
1692 2025 1892 2114 χειρῶν
1939 2024 2048 2077 ἀπὸ

476 2120 742 2190 ἐπιταγῆς
789 2120 948 2190 μόνον
994 2119 1290 2188 ἐϐλάστησε
1344 2118 1413 2168 τά
1465 2116 1654 2184 δένδρα
1700 2110 1899 2165 ἐκεῖνα.
1950 2110 2048 2162 Διά

476 2207 632 2259 τοῦτο
670 2207 826 2276 Ἐδέμ
857 2208 1026 2276 αὐτὴν
1054 2205 1331 2267 ἐκάλεσεν,
1356 2205 1492 2272 ὅπερ
1515 2204 1630 2253 ἐστὶ⁵
1662 2199 1926 2270 παρθένος
1953 2199 2044 2265 γῆ·

479 2299 618 2367 αὐτη
652 2301 684 2366 ἡ
723 2297 988 2368 παρθένος
1035 2298 1248 2366 ἐκείνης
1283 2299 1381 2364 τῆς
1427 2293 1700 2362 Παρθένου
1741 2292 1909 2353 τύπος
1956 2285 2044 2360 ἦν.

481 2390 693 2460 Ὠσπερ
715 2391 818 2458 γὰρ
848 2388 987 2458 αὕτη
1015 2389 1047 2458 ἡ
1072 2389 1141 2457 γῆ
1177 2388 1250 2457 μὴ
1279 2387 1546 2455 δεξαμένη
1575 2386 1863 2454 σπέρματα
1893 2381 2048 2434 ἐϐλά-

483 2498 676 2550 στησεν
705 2484 834 2550 ήμίν
865 2482 954 2533 τὸν
976 2481 1300 2550 παράδεισον
1321 2495 1332 2508 ·
1357 2479 1498 2530 οὑτω
1527 2479 1620 2530 καὶ
1644 2471 1824 2547 ἐκείνη
1860 2475 1934 2546 μὴ
1961 2477 2047 2527 δε-

483 2573 686 2643 ξαμένη
721 2572 937 2642 σπέρμα
963 2571 1154 2643 ἀνδρὸς
1180 2571 1512 2640 ἐϐλάστησεν
1533 2571 1663 2638 ἡμῖν
1682 2569 1771 2620 τὸν
1796 2567 2047 2637 Χριστόν.

483 2667 650 2718 Ὅταν
678 2659 769 2717 οὖν
791 2665 932 2715 εἴποι
960 2679 1040 2715 σοι
1069 2667 1097 2716 6
1124 2663 1390 2729 Ἰουδαῖος,
1421 2661 1543 2724 Πῶς
1573 2661 1758 2713 ἔτεκεν
1783 2662 1815 2731 ή
1849 2659 2052 2731 παρθέ-

482 2774 602 2820 νοςς
632 2759 749 2810 είπέ
785 2758 915 2828 πρὸς
951 2755 1112 2810 αὐτὸν
1134 2798 1147 2820 ,
1188 2755 1311 2818 Πῶς
1344 2755 1675 2824 ἐϐλάστησεν
1710 2755 1744 2822 ή
1785 2753 2052 2823 παρθένος

481 2849 550 2918 γῆ
596 2848 664 2900 τὰ
707 2847 897 2917 δένδρα
933 2849 1113 2900 ἐκεῖνα
1158 2845 1225 2897 τά
1265 2842 1575 2914 παράδοξας
1616 2843 1688 2895 Τὸ
1735 2843 1844 2913 γὰρ
1895 2841 2054 2909 Ἐδέμ

483 2938 747 3008 παρθένος
777 2938 848 3008 γῆ
876 2939 1090 3005 λέγεται
1120 2939 1183 3008 τῇ
1217 2935 1483 3006 Ἐϐραίων
1507 2933 1721 3005 γλώττῃ
1745 2950 1757 2962 ·
1785 2934 1878 2986 καὶ
1901 2934 1952 2984 εί
1971 2948 2053 2993 τις

481 3031 773 3093 διαπιστεῖ,
796 3033 918 3092 τοὺς
946 3031 1040 3100 τῆς
1062 3030 1306 3098 γλώττης
1336 3028 1433 3097 τῆς
1470 3027 1734 3097 Ἐϐραίων
1756 3025 2054 3095 ἐμπείρους

483 3125 824 3194 διερωτάτω,
862 3125 955 3176 καὶ
990 3125 1240 3176 θεάσεται
1288 3123 1491 3189 ταύτην
1535 3117 1699 3172 οὖσαν
1736 3119 1833 3188 τὴν
1880 3120 2054 3188 ἐρμη-

483 3217 632 3268 νείαν
657 3215 750 3267 τοῦ
789 3215 946 3284 Ἐδέμ
977 3215 1254 3280 ὀνόματος.
1289 3212 1421 3265 υὺδέ
1451 3213 1558 3282 γὰρ
1587 3211 1772 3279 ἐπειδὴ
1805 3208 2056 3277 ἀγνοοῦσι

484 3308 731 3376 λέγομεν,
778 3307 864 3359 διὰ.
901 3307 1055 3360 τοῦτο
1092 3305 1560 3376 παραλογίσασθαι
1596 3305 1738 3372 ὑμᾶς
1773 3301 2054 3372 βούλομαι,

485 3399 619 3451 ἀλλά
653 3398 1044 3459 σπουδάζοντες
1076 3396 1409 3466 ἀχειρώτους
1438 3398 1626 3456 ποιεῖν,
1659 3393 1848 3462 ὥσπερ
1879 3393 2057 3444 αὐτῶν

487 3493 593 3543 τῶν
618 3491 825 3560 ἐχθρῶν
855 3492 1136 3560 παρόντων
1159 3489 1268 3542 τῶν
1295 3488 1466 3540 ταῦτα
1489 3487 1724 3548 εἰδότων,
1747 3486 1888 3538 οὑτω
1921 3483 2058 3554 μετά

486 3584 770 3655 ἀκριϐείας
821 3585 1037 3636 ἅπαντα
1091 3584 1481 3652 έρμηνεύομεν.
1543 3579 1759 3648 Ἐπειδὴ
1809 3573 1902 3630 οὖν
1951 3576 2060 3629 ἀπὸ

485 3676 585 3743 ’τῆς
649 3674 811 3742 Ἐδέμ
856 3675 952 3742 τῆς
998 3673 1267 3742 παρθένου
1316 3673 1415 3742 γῆς
1465 3662 1710 3739 ἐπλάσθη
1753 3669 2056 3738 ἄνθρωπος,

488 3765 690 3835 ἐκλήθη
742 3765 908 3833 Ἀδάμ
957 3765 1265 3833 συνώνυμος
1309 3767 1374 3832 τῇ
1411 3763 1594 3832 μητρί.
1640 3760 1797 3813 Οὕτω
1844 3761 1936 3812 καὶ
1970 3761 2060 3812 ἀν-

489 3857 696 3926 θρωττοι
730 3855 962 3920 ποιοῦσι,
997 3857 1064 3908 τά
1095 3857 1384 3925 τικτόμενα
1413 3853 1599 3906 παιδία
1635 3854 1713 3914 είς
1751 3852 1920 3920 δνομα
1952 3851 2060 3902 τῶν

491 3949 740 4018 μητέρων
789 3948 1010 4000 καλοῦσι
1057 3946 1346 4009 πολλάκις·
1405 3945 1545 3997 οὑτω
1593 3945 1686 3996 καὶ
1729 3944 1756 3994 ὁ
1803 3943 1933 4004 Θεὸς
1971 3941 2060 3994 τὸν

491 4039 794 4093 πλασθέντα
825 4039 1109 4110 ἄνθρωπον
1140 4039 1245 4091 ἀπὸ
1275 4039 1371 4108 τῆς
1399 4039 1499 4105 γῆς
1522 4041 1598 4099 εἰς
1629 4037 1799 4105 ὄνομα
1829 4035 1926 4105 τῆς
1955 4050 2057 4103 μη-

489 4135 614 4201 τρὸς
640 4132 898 4184 ἐκάλεσεν
949 4131 1137 4200 Ἀδάμ.
1187 4131 1397 4200 Ἐκείνη
1456 4129 1634 4199 Ἐδέμ,
1669 4122 1820 4188 οὗτος
1867 4127 2057 4194 Ἀδάμ.

559 4224 620 4276 δ’.
641 4225 799 4276 Ἅλλά
819 4224 869 4275 τί
891 4223 951 4274 τὸ
969 4225 1266 4294 χρήσιμονς
1291 4222 1599 4292 ’Ἀνθρωποι
1619 4221 1718 4290 μὲν
1742 4220 1848 4289 γάρ
1866 4218 2060 4271 καλοῦ-

490 4334 572 4368 σιν
605 4317 682 4376 εἰς
713 4314 880 4383 ὄνομα
909 4313 1016 4364 τῶν
1049 4313 1298 4382 μητέρων
1331 4311 1419 4363 διά
1451 4311 1546 4381 τὴν
1579 4311 1743 4380 τιμὴν
1777 4310 1883 4360 τῶν
1917 4324 2062 4360 τετο-

489 4407 657 4459 κυιῶν
689 4405 959 4473 γυναικῶν
981 4421 994 4433 ·
1021 4406 1051 4455 6
1081 4405 1210 4466 Θεὸς
1249 4404 1392 4467 τίνος
1427 4403 1612 4455 ἕνεκεν
1651 4407 1729 4464 εἰς
1763 4403 1934 4471 ὄνομα
1962 4401 2062 4470 τῆς

492 4496 695 4567 μητρὸς
727 4494 1016 4557 ἐκάλεσενς
1056 4495 1107 4545 τί
1159 4495 1302 4562 μέγα
1335 4494 1367 4564 ἢ
1417 4493 1612 4563 μικρὸν
1648 4491 1948 4561 οἰκονομῶν
1979 4493 2062 4543 ἐν-

487 4586 709 4650 τεῦθενς
740 4585 903 4637 Οὐδὲν
935 4585 1040 4652 γὰρ
1067 4583 1250 4645 ἁπλῶς
1272 4584 1390 4634 οὐδέ
1421 4583 1542 4652 είκῆ
1567 4585 1730 4647 ποιεῖ,
1761 4581 1898 4634 ἀλλά
1928 4582 2066 4650 μετά

487 4678 645 4746 κτον
681 4680 775 4729 καὶ
798 4677 988 4745 σοφίας
1021 4675 1238 4746 πολλῆς·
1275 4674 1380 4742 τῆς
1403 4677 1510 4745 γὰρ
1541 4678 1850 4740 συνέσεως
1877 4673 2061 4727 αὑτοῦ

486 4776 597 4824 οὐκ
631 4773 704 4825 ἓσ
713 4788 800 4823 τιν
829 4771 1094 4838 ἀριθμός.

572 4873 730 4942 Ἐδέμ
759 4873 790 4942 ή
819 4873 910 4942 γῆ,
960 4869 1130 4940 Ἀδὰμ
1162 4871 1190 4920 ὁ
1220 4872 1422 4940 γήϊνος,
1457 4872 1484 4923 6
1513 4870 1711 4939 χοῖκὸς,
1747 4871 1776 4922 ὁ
1805 4873 2060 4942 γηγενής.

489 4977 586 5027 Διά
607 4977 656 5028 τί
680 4972 772 5028 οὖν
799 4975 970 5038 οὑτως
996 4975 1156 5027 αὐτὸν
1178 4973 1430 5026 ἐκάλεσεν
1451 4989 1464 5036 ς
1504 4973 1954 5044 Ἀναμιμνήσκων
1973 4971 2066 5026 αύ-

490 5079 581 5127 τὸν
609 5076 698 5127 διὰ
727 5075 817 5127 τοῦ
851 5077 1111 5145 ὀνόματος
1146 5077 1242 5147 τῆς
1274 5075 1545 5138 εὐτελείας
1577 5075 1676 5145 τῆς
1710 5077 1846 5129 κατά
1879 5076 2062 5144 φύσιν,

494 5179 587 5228 καὶ
615 5177 861 5246 καθάπερ
887 5178 944 5228 ἐν
975 5178 1141 5249 στήλῃ
1171 5177 1340 5249 χαλκῇ
1375 5179 1440 5247 τῇ
1472 5178 1810 5250 προσηγορία
1842 5195 2064 5231 κατατι-

493 5278 716 5345 θέμενος
753 5277 850 5345 τὴν
893 5279 1252 5347 ταπεινότητα
1284 5280 1382 5349 τῆς
1427 5278 1634 5342 οὐσίας,
1673 5278 1760 5331 ἵνα
1799 5278 1859 5331 τὸ
1895 5278 2065 5349 ὄνομα

492 5375 841 5429 διδασκαλίαν
870 5376 970 5447 ἐχῃ
997 5377 1480 5449 μετριοφροσύνης,
1505 5378 1592 5431 ἵνα
1622 5379 1695 5450 μὴ
1727 5377 1946 5448 μείζονα
1967 5379 2065 5449 τῆς

494 5478 700 5540 οἰκείας
738 5477 892 5542 ἀξίας
925 5480 1129 5534 ἔννοιαν
1167 5479 1327 5551 λάϐῃ.
1371 5479 1563 5550 Ἠμεϊς
1605 5481 1700 5550 μὲν
1741 5481 1849 5550 γὰρ
1879 5480 1960 5532 ὅτι
1996 5479 2065 5549 γῆ

494 5578 684 5647 ἐσμεν,
717 5579 873 5647 ἴσμεν
909 5579 1114 5648 σαφῶς,
1153 5582 1246 5633 καὶ
1289 5583 1383 5634 ἀπ’
1413 5581 1582 5650 αὐτῆς
1611 5581 1710 5650 τῆς
1738 5581 1931 5651 πείρας
1959 5580 2067 5634 τῶν

496 5681 866 5750 πραγμάτων·
901 5683 1107 5746 ἐκεῖνος
1137 5684 1192 5736 δέ
1222 5685 1411 5738 οὐδένα
1444 5682 1549 5738 εἶδε
1582 5687 1686 5754 πρὸ
1726 5685 1888 5738 αὐτοῦ
1921 5701 2069 5736 τετε-

497 5777 827 5850 λευτηκότα,
860 5782 976 5836 οὐδὲ.
1009 5782 1323 5838 διαλυθέντα
1358 5787 1436 5852 είς
1467 5787 1632 5854 κόνιν,
1677 5786 1813 5842 ἀλλά
1846 5787 1977 5842 πολὺ
2013 5788 2068 5840 τὸ

1182 379 1241 435 S.
1279 379 1563 437 JOANNIS
1601 376 2086 435 CHRYSOSTOMI
2127 375 2448 432 ARCIIIEP.
2488 368 3039 429 CONSTANTINOP.

3608 365 3713 423 130

2101 547 2106 551 ι
2151 480 2342 545 κάλλος
2373 476 2442 552 ἦν
2471 482 2618 554 αὐτῷ
2647 482 2739 536 τοῦ
2777 481 3025 552 σώματος
3045 523 3058 545 ,
3107 480 3200 534 καὶ
3235 481 3479 550 καθάπερ
3508 475 3716 551 χρυσοῦ

2150 573 2369 644 ἀνδριὰς
2400 575 2508 628 ἀπὸ
2535 574 2896 646 χωνευτηρίου
2934 575 3058 644 ἀρτι
3098 571 3389 644 προελθὼν,
3413 571 3584 634 οὑτως
3612 573 3717 623 ἀπ-

2152 665 2408 734 έλαμπεν.
2436 669 2550 720 Ἵνα
2576 669 2650 740 μὴ
2674 665 2764 721 οὗν
2787 668 2844 720 τὸ
2861 667 3123 737 ὑπερέχον
3145 667 3240 736 τῆς
3266 667 3438 735 ὅψεως
3468 668 3546 728 εἰς
3574 663 3717 717 ἀπόρ-

2152 776 2298 811 νοιαν
2328 761 2487 812 αὐτὸν
2521 761 2698 831 ἐπάρῃ
2718 800 2732 820 ,
2763 759 3085 829 ἀντέστησεν
3132 757 3281 828 αὐτῷ
3326 758 3496 826 ὄνομα
3528 755 3719 825 ἱκανὴν

2151 851 2646 921 ταπεινοφροσύνης
2673 850 3016 904 διδασκαλίαν
3037 850 3186 921 ἕχον·
3219 848 3408 919 ἔμελλε
3435 849 3542 919 γὰρ
3570 848 3719 917 αὑτῷ

2155 942 2245 992 καὶ
2267 941 2294 991 ό
2315 940 2556 1002 διάϐολος
2579 939 2890 1010 προσελθὼν
2910 938 3251 1007 διαλέγεσθαι
3281 956 3346 992 πε
3357 937 3407 1008 ρί
3429 938 3686 998 ἀπονοίας
3701 954 3716 965 ·

2153 1034 2374 1104 ἔμελλεν
2411 1037 2552 1103 ἐρεῖν
2595 1033 2763 1102 αὐτῷ,
2797 1035 2878 1086 δτι
2917 1036 3173 1087 Ἕσεσθε
3197 1034 3276 1098 ὡς
3305 1034 3441 1086 θεοί.
3477 1033 3597 1085 Ἵνα
3628 1029 3722 1085 οὖν

2157 1124 2500 1193 μεμνημένος
2529 1123 2621 1176 τοῦ
2655 1125 2916 1193 ὀνόματος
2945 1121 3035 1176 τοῦ
3065 1123 3403 1185 διδάσκοντος
3424 1121 3605 1185 αὑτὸν,
3639 1123 3722 1174 δτι

2154 1215 2222 1285 γῆ
2259 1217 2402 1279 ἐστι,
2442 1214 2709 1283 μηδέποτε
2755 1213 2987 1267 ίσοθεϊαν
3038 1213 3402 1283 φαντάζηται,
3437 1211 3525 1265 διὰ
3564 1209 3724 1264 τοῦτο

2155 1302 2668 1373 προκαταλαμϐάνει
2687 1301 2850 1355 αὐτοῦ
2881 1299 3030 1372 [114]
3052 1301 3112 1352 τὸ
3134 1299 3366 1362 συνειδὸς
3385 1297 3460 1368 τῷ
3477 1297 3722 1366 ὀνόματι,

2156 1397 2343 1466 ἱκανὴν
2377 1393 2524 1466 αὐτῴ
2564 1394 2652 1448 διά
2686 1395 2784 1464 τῆς
2824 1392 3192 1464 προσηγορίας
3226 1387 3725 1462 προαποτιθέμενος

2156 1487 2456 1554 ἀσφάλειαν
2487 1485 2585 1554 τῆς
2626 1484 2922 1554 μελλούσης
2956 1481 3254 1548 ἐπάγεσθαι
3290 1479 3441 1548 παρά
3485 1476 3579 1530 τοῦ
3623 1493 3724 1528 πο-

2155 1599 2216 1648 νη
2228 1577 2316 1649 ροῦ
2351 1578 2601 1647 δαίμονος
2631 1574 2938 1643 ἐπιϐουλῆς,
2970 1575 3064 1627 καὶ
3091 1574 3186 1643 τῆς
3220 1576 3354 1642 πρὸς
3379 1571 3478 1641 τὴν
3501 1569 3607 1639 γῆν
3631 1570 3727 1622 a6-

2154 1671 2244 1722 τὸν
2295 1668 2726 1738 ἀναμιμνήσκων
2775 1665 3124 1733 συγγενείας,
3170 1665 3261 1716 καὶ
3300 1662 3580 1731 ἐμφαίνων
3626 1659 3728 1727 τῆς

2157 1761 2367 1828 φύσεως
2394 1759 2490 1828 τὴν
2513 1759 2792 1824 εὐγένειαν
2821 1756 3056 1812 ἃπασαν,
3091 1754 3183 1807 καὶ
3220 1753 3503 1823 μονονουχὶ
3527 1749 3726 1817 λέγων,

2155 1851 2234 1900 ὅτι
2261 1848 2382 1899 Ἐὰν
2411 1847 2552 1898 εἴποι
2582 1861 2681 1904 σοι,
2701 1845 2781 1896 δτι
2804 1843 3028 1916 Ἐσῃώς
3057 1841 3206 1904 Θεὸς,
3226 1837 3601 1910 ἀναμνήσθητι
3633 1836 3729 1889 τοῦ

2156 1941 2434 2010 ὀνόματος,
2459 1938 2553 1992 καὶ
2574 1938 2763 2006 ἱκανὴν
2787 1937 2976 1998 ἔλαϐες
3001 1933 3338 2006 παραίνεσιν,
3370 1930 3509 1984 ὥστε
3543 1928 3618 1999 μὴ
3646 1929 3731 1980 δέέ

2157 2031 2348 2098 ξασθαι
2393 2031 2492 2100 τὴν
2531 2028 2862 2100 συμϐουλήν.
2925 2024 3323 2095 Ἀναμνήσθητι
3366 2021 3462 2091 τῆς
3501 2019 3730 2089 μητρὸς,

2157 2120 2262 2171 ἀπὸ
2291 2119 2390 2188 τῆς
2422 2117 2738 2186 συγγενείας
2775 2115 3034 2182 ἐπίγνωθι
3062 2113 3158 2182 τὴν
3190 2111 3483 2173 εὐτέλειαν,
3516 2109 3617 2178 οὐχ
3642 2108 3734 2158 ἵνα.

2156 2212 2254 2279 τὴν
2281 2209 2644 2278 ταπεινότητα
2678 2205 2874 2276 μάθῃς,
2903 2206 3015 2258 ἀλλ’
3047 2206 3130 2256 ἵνα
3171 2203 3437 2273 μηδέποτε
3478 2202 3558 2263 είς
3590 2199 3733 2252 ἀπύ-

2157 2319 2303 2355 νοιαν
2349 2299 2612 2370 ἐπαρθῇς.
2654 2300 2753 2351 Διά
2801 2297 2959 2352 τοῦτο
3019 2298 3112 2348 καὶ
3153 2294 3361 2356 Παῦλος
3413 2292 3617 2359 ἔλεγεν,
3668 2291 3736 2341 '0

2158 2393 2386 2462 πρῶτος
2424 2392 2730 2460 ἄνθρωπος
2787 2390 2967 2457 Ἀδὰμ
3007 2390 3073 2442 ἑκ
3115 2387 3226 2458 γῆς
3258 2389 3480 2457 χοϊκός.
3513 2385 3589 2436 Τὸ
3626 2383 3736 2453 γὰρ

2170 2486 2341 2556 ’Δδάμ
2376 2487 2695 2556 ἑρμηνεύων
2724 2487 2853 2554 ήμϊν
2883 2485 2934 2536 τί
2965 2483 3093 2534 ποτέ
3127 2481 3296 2542 ἐστιν,
3330 2479 3479 2545 ἔλεγε
3515 2477 3598 2542 τὸ,
3641 2477 3737 2527 Ἐκ

2160 2578 2272 2648 γῆς
2320 2576 2546 2646 χοϊκός·
2598 2577 2631 2628 ὁ
2673 2574 2947 2642 δεύτερος
2993 2572 3302 2639 ἄνθρωπος
3340 2572 3372 2622 ὁ
3409 2569 3626 2634 Κύριος
3665 2564 3738 2624 ἐξ

2160 2669 2437 2738 οὐρανοῦ.
2477 2668 2614 2721 Ἀλλ’
2643 2666 2976 2738 ἐπιπηδῶσιν
3002 2667 3135 2735 ἡμῖν
3169 2665 3216 2715 ot
3250 2659 3516 2732 αίρετικοὶ
3548 2657 3740 2724 λέγον-

2160 2779 2250 2825 τες
2270 2780 2282 2792 ·
2325 2762 2455 2814 Ἰδοὺ
2483 2761 2580 2812 οὑκ
2614 2758 2841 2813 ἀνέλαϐε
2866 2758 3042 2830 σάρκα
3074 2757 3112 2807 ὁ
3135 2752 3368 2825 Χριστός
3386 2769 3399 2781 ·
3439 2753 3505 2803 '0
3535 2749 3741 2802 δεύτε-

2153 2873 2264 2922 ρος
2293 2855 2432 2923 γὰρ,
2462 2852 2656 2924 φησὶν,
2688 2851 2998 2919 ἅνθρωπος
3037 2851 3068 2903 ό
3108 2849 3322 2915 Κύριος
3352 2845 3422 2909 ἐξ
3451 2841 3739 2910 οὐραγοῦ.

2175 2941 2417 3004 Ἀκούεις
2453 2940 2535 2994 ὅτι
2570 2938 2849 3007 δεύτερος
2886 2939 3230 3008 ἅνθρωπος,
3276 2936 3372 2988 καὶ
3415 2934 3619 3000 λέγεις,
3659 2932 3744 2983 ὃτι

2169 3036 2282 3088 Οὑκ
2314 3033 2536 3087 ἀνέλαϐε
2556 3032 2766 3104 σάρκας
2802 3029 2907 3085 Καὶ
2928 3031 2981 3083 τί
3010 3030 3212 3100 ταύτης
3238 3024 3621 3096 ἀναισχυντίας
3651 3022 3744 3089 γέ-

2165 3127 2292 3178 νοιτ’
2337 3125 2402 3177 ἂν
2455 3123 2598 3187 ίσονς
2647 3123 2731 3186 τίς
2763 3122 2872 3192 γάρ
2906 3123 3052 3173 ἐστιν
3096 3119 3380 3188 ἄνθρωπος
3423 3115 3605 3184 σάρκα
3643 3114 3744 3164 οὐκ

2165 3221 2333 3288 ἔχωνς
2365 3219 2460 3270 Διά
2485 3219 2592 3288 γὰρ
2617 3215 2772 3268 τοῦτο
2798 3214 2891 3267 καὶ
2921 3211 3204 3281 ἄνθρωπον
3233 3209 3329 3262 καὶ
3356 3207 3612 3276 δεύτερον
3644 3205 3742 3256 αὐ-

2165 3315 2253 3364 τὸν
2290 3311 2544 3364 ἐκάλεσεν
2581 3309 2895 3379 ἄνθρωπον,
2932 3305 3018 3357 ἵνα
3061 3303 3177 3376 ίδῃς
3210 3300 3373 3355 αὐτοῦ
3413 3300 3514 3370 τὴν
3545 3297 3744 3366 συγγέο

2166 3420 2334 3465 νειαν,
2370 3401 2461 3454 καὶ
2490 3402 2596 3453 ἀπὸ
2629 3399 2724 3452 τοῦ
2751 3398 2986 3470 ἀριθμοῦ
3019 3397 3113 3450 καὶ
3138 3396 3244 3448 άπὸ
3263 3394 3360 3463 τῆς
3388 3393 3624 3462 φύσεως.
3653 3391 3746 3452 Τίς

2165 3491 2258 3547 οὖν
2293 3496 2431 3556 ἐστι,
2466 3494 2630 3562 φησὶν
2652 3531 2665 3554 ,
2707 3493 2736 3542 6
2772 3490 3027 3560 δεύτερος
3060 3487 3381 3557 ἀνθρωποςς
3427 3485 3490 3534 '0
3533 3483 3747 3550 Κύριος

2167 3586 2234 3649 ἐξ
2257 3585 2534 3652 οὐρανοῦ.
2576 3583 2714 3636 Ἀλλ’
2743 3585 2771 3636 6
2795 3585 2957 3645 τόπος
2986 3599 3052 3650 με
3080 3577 3441 3641 σκανδαλίζει,
3469 3573 3624 3643 φησὶ,
3654 3573 3748 3625 καὶ

2167 3675 2228 3727 16
2257 3673 2512 3740 λέγεσθαι
2553 3673 2648 3737 Ἐξ
2669 3672 2948 3740 οὐρανοῦ.
2987 3672 3154 3724 Ὅταν
3189 3665 3449 3736 ἀκούσῃς,
3479 3665 3562 3716 ὅτι
3593 3662 3748 3733 πρῶ-

2167 3783 2257 3828 τος
2287 3765 2568 3836 ἄνθρωπος
2611 3765 2782 3834 Ἀδὰμ
2815 3767 2878 3816 ἐκ
2910 3763 3014 3832 γῆς
3053 3759 3267 3831 χοῖκὸς,
3295 3755 3406 3828 ἆρα
3427 3757 3617 3827 γήϊνον
3656 3755 3749 3805 n.6-

2167 3859 2258 3909 16v
2287 3857 2525 3926 νομίζεις
2559 3854 2732 3921 εἷναις
2757 3852 2866 3926 ἆρα
2892 3854 3072 3923 χοῖκὸν
3111 3851 3438 3910 ὑποπτεύεις
3476 3847 3643 3916 μόνον
3674 3841 3750 3896 εἷο

2169 3967 2276 4011 ναι,
2314 3948 2386 4018 μὴ
2415 3949 2558 4018 ἔχειν
2592 3947 2649 4000 δέ
2675 3948 2900 4016 δύναμιν
2926 3943 3236 4015 ἀσώματον,
3269 3940 3368 4011 τὴν
3393 3939 3574 4009 ψυχὴν
3604 3937 3753 4004 λέγω

2171 4044 2264 4095 καὶ
2321 4045 2417 4114 τὴν
2471 4042 2686 4112 ἐκείνης
2729 4042 2926 4110 φύσινς
2969 4039 3080 4093 Καὶ
3131 4037 3215 4101 τίς
3263 4035 3329 4089 ἂν
3361 4033 3524 4088 τοῦτο
3563 4032 3749 4094 εἴποις

2173 4135 2381 4206 Ὥσπερ
2411 4129 2505 4187 οὖν
2538 4135 2667 4206 περὶ
2695 4133 2790 4187 τοῦ
2831 4133 3002 4203 Ἀδάμ
3042 4129 3285 4191 ἀκούων,
3314 4128 3399 4181 ὃτι
3438 4124 3627 4196 χοῖκὸς
3661 4119 3753 4193 ἦν,

2170 4226 2269 4278 οὐκ
2313 4226 2519 4296 ἔρημον
2551 4225 2652 4293 τῆς
2682 4223 2861 4294 ψυχῆς
2891 4223 2952 4275 τὸ
2987 4221 3146 4292 σῶμα
3184 4216 3511 4278 ὑποπτεύεις
3531 4255 3546 4279 ,
3577 4212 3753 4275 οὕτως

2171 4317 2404 4378 ἀκούων,
2448 4317 2500 4367 '0
2524 4315 2736 4384 Κύριος
2756 4315 2825 4378 ἐξ
2849 4311 3132 4381 οὐρανοῦ,
3162 4310 3236 4380 μὴ
3264 4307 3446 4363 ἀθέτει
3476 4307 3579 4378 τὴν
3613 4309 3755 4361 obto-

2171 4409 2363 4478 νομίαν
2390 4409 2478 4461 διά
2506 4409 2566 4460 τὸ
2603 4407 2958 4479 προσκεῖσθαι
2976 4449 2990 4468 ,
3040 4405 3141 4468 Ἐξ
3168 4401 3447 4470 οὐρανοῦ.
3468 4400 3627 4461 Τέως
3659 4399 3756 4467 μὲν

2171 4497 2264 4554 06v
2289 4500 2348 4553 16
2368 4500 2581 4570 πρῶτον
2609 4499 2780 4566 δνομα
2809 4498 2998 4568 ἱκανὴν
3020 4496 3211 4550 ἐλαϐεν
3235 4492 3556 4560 ἀπολογίαν·
3586 4489 3756 4558 Ἀδὰμ

2173 4596 2281 4662 γάρ
2316 4591 2522 4662 ἐκλήθη
2564 4592 2672 4645 ἀπὸ
2706 4590 2798 4644 τοῦ
2827 4591 3087 4660 ὀνόματος
3133 4590 3231 4658 τῆς
3286 4585 3515 4656 μητρὸς,
3546 4585 3638 4637 ἵνα
3683 4583 3755 4652 μὴ

2176 4685 2362 4756 μεῖζον
2392 4686 2559 4754 φρονῇ
2589 4683 2689 4752 τῆς
2735 4682 2941 4745 οἰκείας
2979 4682 3294 4750 δυνάμεως·
3331 4679 3418 4731 ἵνα
3457 4677 3754 4746 ἀχείρωτος

2173 4777 2397 4847 γένηται
2425 4776 2560 4846 πρὸς
2589 4775 2686 4846 τὴν
2717 4775 2930 4845 ἀπάτην
2961 4772 3053 4826 τοῦ
3078 4771 3347 4826 διαϐόλου·
3374 4769 3472 4823 καὶ
3504 4768 3615 4837 γὰρ
3642 4765 3754 4818 ἕλε-

2171 4885 2266 4938 γεν
2286 4884 2301 4899 ·
2337 4869 2596 4920 Ἕσεσθε
2615 4867 2695 4932 ὠς
2715 4867 2857 4919 θεοί.
2883 4863 3056 4933 Δεῦρο
3081 4863 3145 4933 δὴ
3175 4859 3378 4922 λοιπὸν,
3406 4858 3503 4911 καὶ
3528 4857 3614 4923 ἐφ’
3643 4856 3756 4908 ἐτε-

2177 4975 2267 5031 ρον
2289 4959 2379 5013 τὸν
2410 4958 2517 5030 πρὸ
2541 4955 2718 5009 αὐτῶν
2748 4954 2857 5007 τῶν
2880 4954 3058 5007 τόκων
3085 4949 3459 5021 ὀνομασθέντα
3487 4947 3646 5016 παρά
3666 4941 3756 4995 τοῦ

2173 5051 2309 5106 Θεοῦ
2346 5049 2677 5122 μεταϐάντες
2707 5046 3151 5115 καταπαύσωμεν
3180 5043 3272 5096 τὸν
3309 5041 3490 5110 λόγον.
3527 5039 3628 5101 Τίς
3669 5031 3758 5088 06v

2178 5141 2318 5214 μετά
2358 5142 2450 5193 τὸν
2507 5139 2676 5204 Ἀδάμ
2727 5139 2832 5190 ὑπὸ
2871 5136 2963 5189 τοῦ
3005 5134 3142 5188 Θεοῦ
3188 5131 3566 5205 προσηγορίαν
3603 5126 3756 5182 ἔλαϐε

2174 5233 2304 5305 πρὶν
2341 5229 2696 5303 ἢγενέσθαις
2751 5229 2808 5281 '0
2865 5227 3085 5279 Ἰσαάκ·
3131 5222 3278 5279 Ἰδοὺ
3307 5222 3440 5293 γὰρ,
3491 5222 3682 5291 φησὶν,
3718 5216 3754 5283 ἢ

2173 5323 2327 5394 γυνή
2358 5339 2475 5377 σου
2506 5321 2702 5389 Σάῤῥα
2735 5320 2995 5387 λήψεται
3029 5317 3099 5369 ἐν
3124 5314 3336 5386 γαστρὶ
3354 5355 3368 5375 ,
3395 5314 3495 5367 καὶ
3532 5312 3756 5376 τέξεται

2175 5416 2326 5480 υἱὸν,
2349 5413 2447 5468 καί
2466 5411 2748 5476 καλέσεις
2763 5409 2829 5463 τὸ
2846 5408 3035 5477 ὄνομα
3058 5405 3247 5461 αὐτοῦ
3277 5402 3500 5458 Ἰσαάκ.
3519 5399 3754 5464 Ἐπειδὴ

2174 5507 2242 5560 δὲ
2269 5509 2473 5562 ἔτεκεν
2498 5503 2703 5568 αὑτὸν,
2735 5502 2993 5556 ἐκάλεσε
3022 5499 3086 5553 τὸ
3115 5498 3302 5568 ὄνομα
3329 5495 3521 5550 αὐτοῦ
3565 5492 3755 5549 Ἰσαὰκ

2176 5601 2468 5672 λέγουσα·
2513 5595 2757 5652 Γέλωτά
2777 5612 2880 5664 μοι
2914 5595 3210 5661 ἐποίησεν
3255 5595 3288 5645 ό
3333 5591 3498 5654 Θεός.
3545 5587 3645 5641 Διά
3672 5584 3752 5642 τίς

2182 5694 2276 5758 Τίς
2308 5691 2436 5760 γὰρ.
2464 5692 2654 5758 φησὶν,
2701 5686 3017 5757 ἀναγγελεῖ
3041 5684 3120 5752 τῷ
3154 5685 3431 5752 Ἀϐραὰμ,
3454 5681 3545 5733 (In
3567 5677 3754 5745 Σάρῤα

2177 5783 2410 5854 θηλάζει
2442 5787 2570 5840 υἱόν
2588 5800 2604 5848 ;
2636 5780 2938 5854 Προσέχετέ
2975 5797 3068 5853 μοι
3099 5776 3343 5850 ἀκριϐῶς
3375 5774 3611 5830 ἐνταῦθα
3632 5811 3646 5839 ,
3674 5771 3752 5824 ἶνα
