3964 6342
234 285 338 340 199

226 403 511 453 acriorem
541 399 688 467 prius
713 398 1118 468 aggrediamur;
1153 399 1231 453 sic
1259 400 1399 453 enim
1432 398 1576 469 prior
1602 413 1813 468 quoque

225 490 510 546 dilucidior
539 490 629 545 ﬁet
658 508 669 542 :
700 505 899 560 eosque
940 506 1027 559 qui
1066 490 1134 545 ab
1176 490 1326 545 initio
1365 506 1557 546 nomen
1588 504 1814 561 accepe-

227 592 354 635 runt
374 583 669 646 videamus,
688 599 750 635 ae
778 581 1101 652 pedetentim
1120 583 1470 637 ascendentes
1493 581 1557 636 ad
1583 582 1813 651 primum

227 673 501 727 hominem
524 675 827 737 veniamus,
851 673 936 728 cui
963 688 993 726 a
1024 675 1131 727 Deo
1157 684 1351 728 nomen
1378 681 1460 728 est
1483 672 1812 742 impositum,

220 777 276 817 ut
310 765 379 817 ab
410 765 528 834 ipso
558 764 712 818 initio
740 766 1096 833 quaestionum
1127 764 1322 819 solutio
1347 764 1635 819 derivetur.

303 854 459 909 Terra
484 857 622 927 virgo
652 855 813 910 Edem
834 903 848 925 ,
903 856 1125 926 Virginis
1159 855 1338 910 Matris
1367 858 1551 927 ﬁgura.
1584 887 1654 897 ——
1688 856 1816 922 Quis

221 963 360 1017 ergo
390 949 536 1017 prius
571 964 600 1001 a
646 949 756 1003 Deo
798 964 991 1003 nomen
1032 948 1276 1017 accepit?
1318 948 1446 1017 Quis
1475 965 1602 1003 vero
1639 949 1775 1003 alius
1799 989 1813 1013 ,

221 1056 389 1108 quam
411 1041 501 1111 qui
525 1040 727 1109 primus
753 1039 1010 1096 formatus
1035 1041 1150 1095 est?
1175 1039 1357 1110 Neque
1383 1041 1524 1094 enim
1550 1040 1684 1094 alius
1704 1049 1818 1093 erat

223 1132 416 1196 homo,
462 1131 548 1185 cui
619 1147 815 1186 nomen
873 1142 1050 1201 posset
1106 1133 1325 1201 imponi.
1384 1132 1603 1197 Qualem
1662 1131 1819 1201 igitur

225 1224 639 1292 appellationem
713 1226 959 1295 accepit?
1022 1224 1190 1279 Adam
1242 1241 1370 1280 voce
1424 1224 1682 1280 Hebraica
1733 1224 1817 1277 di-

222 1327 350 1367 ctus
390 1323 475 1370 est
522 1330 537 1367 :
592 1331 764 1386 neque
809 1318 950 1371 enim
1009 1317 1252 1373 (ira-cum
1310 1328 1392 1373 est
1432 1333 1664 1381 nomen,
1723 1318 1817 1373 sed

222 1405 279 1458 in
329 1403 568 1462 Graecam
613 1407 847 1476 liugttam
891 1424 1100 1463 versum
1161 1408 1289 1462 nihil
1328 1410 1470 1464 aliud
1514 1409 1815 1479 significat,

223 1512 394 1566 quam
436 1507 703 1552 terrenqu
749 1516 761 1551 :
804 1501 1061 1569 siquidem
1106 1500 1272 1554 Edent
1318 1511 1511 1554 terram
1563 1500 1816 1571 virginem

226 1598 433 1651 sonat;
464 1591 583 1644 talis
640 1605 800 1659 porro
838 1590 935 1645 fuit
990 1591 1139 1646 locus
1194 1592 1321 1657 ille,
1368 1592 1420 1645 in
1470 1607 1576 1662 quo
1607 1591 1816 1660 paradi-

224 1693 351 1731 sum
378 1679 514 1734 Deus
551 1680 824 1748 plantavit.
852 1679 1108 1734 Plantavit
1131 1685 1264 1735 enim
1294 1679 1454 1744 Deus,
1486 1682 1651 1751 inquit
1671 1681 1817 1736 Scri~

224 1783 386 1839 ptura
411 1814 427 1837 ,
462 1774 755 1839 paradisum
783 1776 833 1828 in
862 1773 1023 1827 Edent
1049 1774 1116 1828 ad
1144 1773 1398 1829 Orientem
1431 1772 1593 1844 (Gen.
1626 1775 1679 1829 2.
1706 1773 1776 1838 8)
1803 1791 1817 1840 ;

226 1874 286 1917 ut
330 1865 595 1935 intelligas
638 1882 741 1920 non
790 1866 1143 1922 humanarum
1188 1883 1324 1937 opus
1366 1884 1615 1923 manuum
1656 1868 1820 1924 fuisse

223 1957 536 2024 paradisum
569 1977 582 2013 :
612 1959 873 2028 siquidem
898 1970 1037 2015 terra
1066 1960 1167 2015 fuit
1190 1962 1359 2031 virgo,
1384 1977 1502 2032 quae
1528 1977 1701 2030 neque
1721 1977 1818 2016 vo-

226 2066 433 2104 merem
464 2061 688 2121 experta
715 2062 830 2106 erat
852 2093 868 2117 ,
896 2068 1069 2123 neque
1094 2053 1244 2109 sulco
1272 2064 1510 2121 exarata,
1540 2055 1635 2111 sed
1661 2056 1820 2113 nullis

224 2140 587 2208 agricolarum
638 2142 885 2198 manibus
926 2143 1067 2199 culta
1109 2145 1224 2200 solo
1256 2147 1409 2216 jussu
1452 2146 1658 2216 plantas
1702 2146 1821 2202 illas

223 2234 580 2302 germinarat.
613 2234 902 2304 Propterea
942 2235 1111 2291 Edem
1142 2236 1285 2292 illam
1327 2238 1651 2307 appellavit,
1679 2239 1820 2308 quod

225 2336 432 2379 terram
462 2326 719 2398 virginem
750 2327 1033 2398 signiﬁcat.
1063 2329 1189 2386 llaec
1215 2330 1365 2399 virgo
1407 2330 1571 2399 ﬁgura
1602 2332 1823 2402 virginis

226 2416 374 2470 illius
404 2417 521 2473 fuit.
547 2418 679 2474 Nam
710 2419 1160 2487 quemadmodum
1197 2430 1335 2476 terra
1370 2422 1466 2476 ista
1496 2423 1641 2479 nullo
1665 2438 1822 2479 exce-

226 2514 327 2575 pto
353 2508 561 2564 semine
594 2510 898 2581 paradisum
937 2509 1092 2566 nobis
1128 2512 1444 2579 germinavit
1481 2530 1493 2566 :
1535 2514 1613 2569 sic
1639 2523 1694 2569 et
1734 2515 1821 2570 illa

225 2600 380 2654 nullo
398 2601 498 2655 viri
522 2602 727 2656 semine
746 2610 996 2670 suscepto
1016 2600 1285 2657 Christum
1308 2603 1461 2659 nobis
1480 2605 1817 2673 germinavit.

224 2691 458 2758 Quando
487 2692 646 2762 igitur
668 2692 810 2747 dicet
839 2694 930 2747 tibi
959 2692 1175 2746 Judmus
1194 2734 1209 2756 ,
1240 2693 1519 2761 Quomodo
1547 2695 1697 2765 virgo
1729 2711 1822 2765 pe-

226 2781 408 2851 perit?
432 2782 595 2839 dictu
621 2783 697 2837 illi
723 2802 736 2836 :
760 2782 1041 2850 Quomodo
1065 2794 1202 2838 terra
1227 2784 1373 2853 virgo
1394 2786 1682 2854 stupendas
1704 2786 1822 2841 illas

224 2872 453 2927 arbores
494 2874 843 2941 germinavit?
871 2874 1142 2944 Siquidem
1184 2874 1405 2930 Hebrzea
1440 2880 1620 2945 lingua
1654 2875 1819 2930 Edent

226 2962 431 3017 dicitur
451 2973 589 3017 terra
615 2964 761 3035 virgo
789 2983 801 3017 :
830 2965 971 3033 quod
998 2966 1041 3019 si
1069 2964 1228 3020 fidem
1255 2964 1451 3020 habere
1471 2966 1590 3036 quis
1613 2979 1818 3035 renuat,

226 3054 472 3109 llebrzea:
493 3057 685 3125 linguae
704 3058 903 3127 peritos
930 3059 1243 3127 interroget,
1267 3068 1320 3112 et
1343 3057 1479 3113 hanc
1499 3071 1678 3112 veram
1701 3074 1822 3114 esse

225 3147 467 3201 nominis
488 3148 653 3203 Edem
686 3148 1173 3218 interpretationem
1197 3149 1509 3218 comperiet.
1539 3147 1655 3204 Non
1677 3151 1821 3205 enim

226 3242 487 3309 quoniam
509 3255 603 3295 eos
622 3241 945 3309 alloquimur
958 3241 1047 3312 qui
1071 3240 1302 3311 linguam
1325 3240 1467 3295 illam
1488 3256 1596 3295 non
1618 3248 1821 3309 tenent,

224 3332 436 3388 idcirco
451 3349 545 3387 vos
566 3335 727 3390 velim
748 3334 934 3389 fallere
964 3350 978 3385 :
1008 3333 1102 3389 sed
1117 3336 1169 3388 in
1184 3334 1235 3389 id
1258 3349 1422 3389 unum
1440 3335 1816 3400 incumbimus,

226 3438 282 3478 ut
314 3426 749 3497 inexpugnabiles
774 3442 868 3481 vos
888 3426 1199 3492 reddamus,
1222 3437 1277 3481 et
1299 3436 1565 3497 tamquam
1587 3442 1823 3497 praesen-

229 3520 377 3572 tibus
406 3520 633 3574 inimicis
658 3522 746 3589 qui
779 3521 878 3576 ista
905 3528 1191 3587 noverunt,
1219 3520 1289 3575 ita
1320 3531 1511 3577 cuncta
1540 3522 1824 3593 diligenter

226 3609 667 3678 interpretamur.
697 3613 955 3679 Quoniam
987 3613 1147 3683 igitur
1173 3628 1237 3667 ex
1265 3613 1425 3668 [idem
1455 3620 1593 3668 terra
1620 3615 1824 3685 virgine

223 3702 492 3756 formatus
516 3712 598 3757 est
627 3702 789 3758 homo
809 3743 825 3769 ,
859 3705 1014 3758 matri
1042 3704 1375 3775 cognominis
1404 3704 1574 3759 Adam
1604 3714 1823 3760 vocatus

224 3802 337 3847 est.
358 3792 431 3848 lta
454 3793 653 3849 faciunt
676 3794 920 3851 homines
946 3812 1179 3866 quoque,
1205 3795 1402 3851 liberos
1422 3796 1510 3866 qui
1534 3807 1823 3851 nascuntur

225 3899 379 3953 sape
416 3886 719 3941 nominibus
760 3896 990 3941 matrum
1032 3887 1340 3957 appellant:
1375 3888 1447 3940 ita
1494 3886 1633 3942 Deus
1660 3888 1821 3943 etiam

226 3975 521 4030 formatum
542 3992 605 4031 ex
637 3986 773 4031 terra
802 3978 1093 4044 hominem,
1116 3977 1182 4032 de
1202 3978 1419 4034 nomine
1443 3977 1629 4033 matris
1653 3978 1822 4033 Adam

225 4066 387 4121 dixit.
425 4066 512 4121 llla
536 4066 704 4122 Edem
724 4107 739 4133 ,
771 4066 859 4123 hic
884 4068 1078 4123 Adam.

307 4160 361 4215 4.
392 4158 497 4215 Sed
527 4176 647 4230 qua:
674 4161 886 4215 tandem
929 4161 1052 4217 inde
1092 4160 1330 4216 dimanat
1369 4161 1607 4217 utilitas?
1639 4162 1823 4217 Homi-

224 4267 335 4306 nes
358 4252 499 4329 enim
528 4254 741 4308 nomine
769 4263 997 4308 matrum
1024 4262 1217 4309 vocant
1238 4296 1252 4315 .
1284 4255 1353 4311 ob
1380 4254 1636 4311 honorem
1666 4271 1823 4327 quem

226 4341 484 4398 delerunt
528 4345 822 4406 matribus,
870 4361 987 4414 qua:
1036 4356 1357 4415 pepererunt
1403 4363 1415 4399 :
1464 4345 1605 4401 Deus
1646 4357 1822 4402 autem

226 4451 395 4506 quam
419 4436 487 4491 ob
513 4452 727 4491 causam
760 4438 975 4491 nomine
999 4439 1186 4493 matris
1209 4439 1535 4507 appellavit?
1563 4438 1691 4508 quid
1713 4456 1825 4494 ma-

227 4528 325 4598 gni
345 4570 361 4593 ,
393 4529 475 4583 vel
502 4529 679 4600 exigui
712 4522 815 4585 hoc
841 4531 1049 4601 agendo
1078 4531 1373 4599 disposuit?
1400 4531 1541 4586 Nihil
1572 4533 1715 4589 enim
1749 4545 1826 4589 te-

229 4635 387 4676 mere
416 4630 509 4676 aut
534 4622 654 4677 sine
683 4632 841 4677 causa
884 4622 1029 4685 facit,
1061 4622 1154 4677 sed
1185 4623 1347 4677 multa
1376 4638 1499 4678 cum
1531 4625 1735 4679 ratione
1766 4641 1828 4681 ac

229 4712 545 4780 sapientia:
579 4716 775 4785 quippe
818 4714 979 4785 Cujus
1023 4716 1284 4783 sapientia:
1330 4734 1433 4770 non
1478 4728 1548 4772 est
1592 4735 1827 4773 numerus

222 4805 426 4881 (Ρωι.
454 4806 576 4862 ιιδ.
599 4806 691 4879 5).

308 4901 476 4955 Adam
495 4900 621 4971 quid
633 4911 773 4956 sonet
792 4918 810 4965 ;
829 4917 921 4958 cur
942 4920 974 4957 a
1002 4920 1135 4959 terra
1154 4922 1333 4958 nomen
1349 4904 1553 4957 Adami.
1569 4935 1640 4946 —-
1659 4905 1826 4961 Edem

230 5001 379 5047 terra
399 5033 415 5059 ,
447 4992 684 5047 Adamus
711 5004 955 5049 terrenus
975 5037 990 5059 ,
1024 4994 1305 5064 pulvereus
1327 5037 1340 5057 ,
1370 5011 1401 5049 e
1429 5005 1569 5050 terra
1595 4997 1825 5064 genitus.

233 5083 346 5140 Cur
367 5085 531 5155 igitur
553 5086 633 5140 sic
661 5086 805 5140 illum
836 5088 1154 5158 appellavit?
1183 5087 1342 5143 Suam
1374 5088 1621 5142 nimirum
1652 5088 1725 5141 illi
1753 5091 1828 5142 vi-

236 5176 443 5231 litatem
476 5177 771 5232 naturalem
802 5177 904 5232 hoc
933 5180 1148 5233 nomine
1178 5180 1233 5233 in
1263 5179 1571 5234 memoriam
1603 5194 1825 5233 revoca—

237 5269 332 5334 vit,
352 5276 409 5321 et
431 5277 698 5338 tamquam
725 5270 780 5323 in
808 5284 949 5324 mreo
972 5270 1127 5339 cippo
1152 5269 1461 5325 substantia:
1478 5269 1827 5325 humilitatem

235 5361 504 5423 exaravit,
533 5372 591 5414 ut
617 5377 685 5416 ex
712 5362 944 5416 nominis
969 5363 1048 5416 sui
1082 5362 1382 5432 magisterio
1410 5362 1721 5417 modestiam
1750 5363 1830 5418 di—

237 5464 370 5517 seat,
402 5469 578 5523 neque
603 5454 858 5524 majorem
884 5496 900 5520 ,
928 5471 1084 5524 quam
1111 5469 1207 5526 par
1232 5456 1335 5521 sit,
1359 5454 1426 5510 de
1450 5471 1542 5509 sua
1573 5455 1828 5525 dignitate

239 5545 547 5614 opinionem
559 5546 843 5616 concipiat.
873 5545 1003 5601 Nam
1030 5561 1128 5602 nos
1148 5547 1362 5613 quidem
1383 5556 1580 5605 terram
1596 5561 1692 5601 nos
1710 5561 1829 5602 esse

241 5636 408 5705 probe
435 5639 719 5700 novimus,
751 5635 911 5707 idque
951 5639 1102 5692 nobis
1142 5638 1252 5703 ipsa
1292 5651 1472 5691 rerum
1501 5635 1828 5706 experientia

240 5738 574 5800 compertum
602 5740 684 5787 est
715 5748 727 5785 :
757 5739 812 5786 at
842 5730 925 5787 ille
954 5731 1218 5787 neminem
1248 5740 1371 5785 ante
1400 5746 1457 5786 se
1484 5730 1705 5798 viderat,
1734 5730 1822 5811 qui

1293 285 1383 341 DE
1422 284 1823 342 MUTATIONE
1854 286 2180 344 NOMINUM.
2222 288 2287 345 ll.
3402 299 3504 355 {50

1926 406 2155 455 mortem
2197 398 2452 469 obiisset,
2483 416 2653 474 neque
2697 405 2748 458 in
2791 406 3023 462 cinerem
3070 407 3338 468 redactum
3364 451 3378 473 ,
3410 413 3505 467 sed

1924 488 2117 545 eximia
2147 490 2385 561 corporis
2414 492 2803 562 pulchritudine
2848 495 3109 565 pollebat,
3151 509 3206 554 et
3232 508 3499 572 tamquam

1922 585 2097 634 statua
2120 580 2360 651 quaedam
2400 597 2559 637 aurea
2583 624 2598 647 ,
2627 599 2743 654 quae
2774 602 2957 642 recens
2982 603 3013 643 e
3041 588 3346 647 conﬁatoria
3390 591 3499 650 for-

1925 684 2057 725 nace
2088 670 2369 741 prodiisset
2392 713 2408 737 ,
2440 673 2512 728 ita
2556 672 2805 744 fulgebat.
2838 677 2917 733 Ne
2960 679 3117 749 igitur
3145 689 3360 751 propter
3388 683 3505 741 exi-

1924 761 2084 816 miam
2117 764 2349 835 speciem
2389 766 2635 834 superbia
2665 767 2942 826 eﬁ‘erretur
2965 813 2981 838 ,
3009 772 3086 826 illi
3118 789 3309 831 nomen
3340 789 3507 846 oppo-

1926 855 2070 921 suit,
2122 855 2272 926 cujus
2319 859 2622 928 magisterio
2672 860 2996 918 sufﬁcienter
3036 862 3103 918 ad
3152 865 3505 923 humilitatem

1926 946 2301 1002 informaretur
2328 967 2341 1001 :
2372 948 2633 1005 accedens
2659 952 2798 1005 enim
2843 952 3082 1010 diabolus
3108 956 3175 1010 ad
3202 958 3503 1026 superbiam

1928 1038 2103 1093 verbis
2133 1038 2280 1093 illum
2324 1040 2433 1094 suis
2488 1042 2802 1097 incitaturus
2847 1054 2998 1111 erat,
3039 1049 3193 1116 eique
3234 1047 3502 1112 dicturus.

1927 1128 2087 1185 Eritis
2122 1131 2250 1185 sicut
2274 1132 2347 1186 dii
2376 1132 2529 1201 (Gen.
2562 1134 2614 1188 '5.
2647 1134 2731 1205 5).
2767 1135 2832 1191 Ut
2860 1136 3019 1205 igitur
3048 1136 3276 1193 nominis
3315 1141 3395 1194 sui
3424 1157 3509 1199 re-

1926 1223 2256 1287 cordaretur,
2283 1239 2312 1276 a
2339 1240 2442 1294 quo
2469 1234 2661 1279 terram
2690 1241 2748 1280 se
2774 1241 2893 1282 esse
2918 1225 3225 1295 docebatur,
3259 1244 3356 1287 nec
3386 1248 3503 1285 um-

1927 1329 2085 1383 quam
2115 1314 2370 1385 :equalem
2401 1332 2459 1371 se
2502 1317 2610 1371 Deo
2635 1315 2868 1372 futurum
2898 1318 3163 1389 opinionis
3193 1337 3376 1377 errore
3404 1324 3503 1381 sibi

1928 1404 2171 1476 ﬁngeret,
2207 1415 2485 1475 propterea
2512 1408 2892 1464 conscientiam
2923 1410 3039 1479 ejus
3066 1422 3420 1483 prmoccupat,
3452 1425 3506 1474 et

1928 1498 2159 1552 nominis
2190 1498 2426 1553 subsidio
2462 1499 2741 1556 sufﬁcienti
2784 1518 2905 1557 eum
2950 1503 3205 1559 adversus
3233 1504 3449 1565 insidias
3473 1523 3505 1567 a

1927 1588 2188 1644 scelerato
2213 1587 2454 1645 daemone
2481 1592 2759 1646 strucndas
2783 1595 3027 1650 cautione
3045 1599 3344 1665 praemunit,
3375 1596 3500 1651 dum

1929 1689 1983 1732 et
2022 1693 2133 1733 suae
2169 1695 2289 1734 cum
2349 1691 2486 1737 terra
2535 1685 2864 1753 cognationis
2916 1686 3062 1740 illum
3113 1687 3401 1757 admonet,
3456 1698 3513 1745 et

1928 1785 2141 1825 omnem
2168 1772 2242 1826 illi
2275 1783 2474 1828 naturae
2496 1789 2606 1829 sua:
2627 1774 2953 1830 nobilitatem
2976 1776 3229 1844 declarat,
3258 1778 3360 1837 hoc
3388 1795 3511 1851 pro-

1930 1862 2214 1930 pemodum
2244 1864 2316 1918 illi
2358 1865 2539 1920 dicens
2564 1884 2577 1921 :
2607 1866 2661 1922 Si
2690 1866 2826 1922 forte
2856 1868 3046 1924 dixerit
3079 1868 3169 1924 tibi
3194 1912 3207 1935 ,
3241 1873 3347 1925 eris
3374 1872 3513 1927 sicut

1931 1955 2070 2011 Deus
2089 1997 2102 2020 ,
2161 1958 2392 2012 nominis
2420 1960 2490 2012 tui
2523 1960 2804 2015 recordare
2824 2003 2839 2028 ,
2868 1969 2921 2016 et
2949 1962 3233 2017 sufﬁcienti
3264 1964 3508 2020 admoni-

1931 2048 2074 2102 tione
2098 2047 2395 2115 instrueris,
2431 2060 2486 2104 ut
2514 2067 2578 2104 ne
2605 2053 2884 2106 consilium
2912 2053 3178 2110 admittas.
3206 2054 3508 2114 Recordare

1929 2137 2117 2193 matris
2140 2178 2155 2204 ,
2184 2147 2238 2193 et
2276 2141 2605 2209 Cognationis
2626 2158 2854 2211 agnosce
2881 2145 3132 2200 vilitatem
3157 2188 3169 2207 ,
3196 2163 3299 2199 non
3330 2156 3385 2201 ut
3412 2147 3511 2204 hu-

1930 2229 2208 2285 militatem
2236 2232 2410 2287 discas
2434 2274 2450 2297 ,
2496 2232 2591 2289 sed
2629 2248 2699 2290 ne
2724 2251 2970 2306 umquam
3003 2237 3252 2305 superbia
3284 2238 3513 2295 intume-

1929 2335 2068 2377 scas.
2102 2321 2384 2389 Propterea
2411 2323 2601 2378 Paulus
2619 2340 2828 2395 quoque
2852 2324 3065 2381 dicebat
3091 2346 3103 2379 :
3139 2325 3342 2382 Primus
3360 2329 3510 2384 homo

1930 2413 1994 2467 de
2013 2423 2146 2468 terra
2169 2425 2409 2469 terrenus.
2439 2415 2575 2482 Quid
2604 2417 2743 2470 enim
2781 2417 2848 2472 sit
2880 2418 3047 2473 Adam
3077 2420 3230 2474 nobis
3257 2421 3513 2492 interpre-

1932 2514 2050 2560 tans
2077 2504 2251 2560 aiebat
2298 2506 2424 2560 illud
2455 2523 2471 2563 :
2502 2506 2579 2562 De
2616 2516 2750 2562 terra
2779 2518 3001 2563 terrenus
3021 2552 3035 2573 ,
3081 2513 3327 2565 secundus
3361 2513 3511 2567 homo

1930 2597 2041 2667 ipse
2067 2595 2315 2653 Dominus
2348 2598 2410 2651 de
2430 2598 2552 2653 caelo
2580 2598 2656 2671 (1.
2687 2597 2806 2654 Cor.
2842 2601 2925 2656 l5.
2953 2601 3068 2669 47).
3118 2601 3224 2657 Sed
3257 2603 3513 2659 invadunt

1932 2703 2029 2742 nos
2056 2687 2293 2744 hmretici
2313 2732 2327 2753 ,
2366 2704 2429 2745 ac
2454 2690 2637 2745 dicunt
2673 2709 2685 2745 :
2713 2690 2850 2745 Ecce
2891 2707 3102 2747 carnem
3130 2690 3377 2748 Christus
3406 2710 3510 2748 non

1931 2779 2250 2849 assumpsit:
2275 2781 2348 2834 ait
2372 2781 2515 2836 enim
2542 2781 2760 2847 Paulus,
2782 2782 3045 2837 Secundus
3072 2784 3240 2844 homo,
3265 2784 3514 2839 Dominus

1931 2870 1995 2924 de
2026 2872 2166 2925 cato.
2208 2871 2374 2927 Audis
2412 2873 2663 2928 secundus
2698 2874 2847 2929 homo
2869 2914 2883 2939 ,
2914 2884 2967 2928 et
2995 2874 3129 2930 dicis
3149 2891 3268 2929 eum
3297 2891 3511 2932 carnem

1932 2976 2038 3016 non
2066 2962 2459 3034 assumpsisse?
2484 2961 2614 3031 Quis
2657 2963 2815 3020 talem
2844 2979 3093 3035 umquam
3129 2965 3511 3035 impudentiam

1930 3052 2104 3107 vidit?
2144 3054 2262 3125 quis
2299 3053 2442 3110 enim
2484 3053 2647 3109 homo
2682 3069 2802 3111 esse
2827 3065 3020 3126 potest,
3049 3057 3136 3128 qui
3159 3072 3373 3111 carnem
3405 3072 3511 3113 non

1931 3145 2161 3201 habeat?
2191 3146 2394 3203 idcirco
2436 3147 2577 3202 enim
2621 3156 2675 3203 et
2702 3146 2974 3205 hominem
3007 3157 3062 3204 et
3098 3148 3390 3205 secundum
3418 3147 3515 3203 ho-

1932 3239 2131 3293 minem
2160 3239 2466 3309 appellavit,
2498 3248 2554 3293 ut
2578 3254 2699 3294 cum
2727 3255 2791 3294 ex
2825 3254 3069 3303 numero,
3102 3248 3214 3294 tum
3239 3254 3306 3295 ex
3328 3249 3514 3295 natura

1931 3332 2299 3399 cognationem
2335 3333 2452 3400 ejus
2487 3345 2765 3400 agnoscas.
2806 3329 2939 3397 Quis
2967 3330 3156 3401 igitur,
3188 3330 3389 3401 inquit,
3423 3345 3513 3387 se-

1931 3423 2134 3478 cundus
2155 3432 2236 3478 est
2259 3422 2462 3478 homo?
2487 3420 2736 3477 Dominus
2755 3422 2820 3478 de
2842 3423 2986 3477 calo.
3030 3425 3097 3478 At
3117 3424 3258 3479 enim
3287 3424 3514 3480 scanda-

1932 3514 2058 3569 lizat
2079 3529 2164 3570 me
2185 3515 2334 3570 locus
2353 3556 2368 3581 ,
2402 3515 2608 3585 inquit,
2637 3523 2692 3569 et
2715 3513 2855 3585 quod
2881 3514 3087 3570 dicatur
3115 3515 3178 3569 de
3206 3516 3349 3570 caelo.
3380 3516 3513 3573 Cum

1931 3609 2085 3663 audis
2110 3609 2335 3679 primum
2364 3610 2632 3664 hominem
2667 3607 2927 3663 Adamum
2949 3622 3070 3664 esse
3096 3609 3164 3665 de
3187 3618 3324 3665 terra
3348 3619 3515 3666 terre-

1892 3716 2095 3774 _num,
2148 3700 2404 3769 numquid
2456 3714 2576 3755 esse
2630 3707 2936 3754 terrestrem
2983 3702 3155 3770 ipsum
3195 3698 3519 3755 arbitraris?

1933 3791 2190 3861 numquid
2235 3799 2504 3845 terrenum
2553 3806 2674 3846 esse
2719 3800 2921 3845 tantum
2966 3790 3287 3861 suspicaris,
3341 3807 3515 3862 neque

1932 3886 2181 3939 virtutem
2229 3883 2511 3954 quamdam
2552 3884 2921 3952 incorpoream
2974 3882 3207 3950 habere,
3253 3883 3509 3947 animam,

1933 3974 2148 4044 inquam
2172 4014 2188 4038 ,
2237 3974 2457 4045 ejusque
2504 3974 2789 4028 naturam?
2837 3972 2901 4027 Et
2937 3975 3055 4044 quis
3094 3974 3196 4030 hoc
3238 3973 3420 4028 dicat?
3452 3974 3518 4030 Ut

1934 4067 2095 4140 igitur
2130 4082 2248 4123 cum
2290 4068 2360 4123 de
2399 4066 2604 4122 Adamo
2629 4067 2783 4122 audis
2821 4075 3090 4121 terrenum
3122 4066 3294 4135 ipsum
3326 4065 3513 4131 fuisse,

1935 4176 2041 4214 non
2086 4158 2395 4215 destitutum
2442 4160 2619 4213 anima
2659 4159 2822 4214 fuisse
2860 4174 3054 4229 corpus
3082 4160 3367 4229 suspicaris
3398 4176 3412 4215 :
3448 4162 3515 4214 ita

1934 4267 2056 4307 cum
2084 4252 2236 4306 audis
2258 4292 2273 4313 ,
2302 4250 2547 4305 Dominus
2570 4251 2632 4305 de
2653 4251 2795 4314 cazlo,
2842 4251 2946 4305 noli
2975 4252 3390 4307 incarnationem
3426 4268 3516 4309 ne.

1934 4359 2091 4414 gare,
2128 4343 2273 4414 quod
2298 4343 2610 4414 adjiciatur,
2659 4343 2722 4397 de
2746 4343 2896 4398 caelo.
2940 4344 3121 4414 Itaque
3145 4344 3255 4413 jam
3286 4345 3513 4414 primum

1936 4451 2129 4491 nomen
2158 4433 2442 4490 sufﬁcienti
2465 4432 2777 4490 defensione
2804 4435 3183 4489 communitum
3212 4441 3294 4489 est
3326 4452 3340 4489 :
3371 4434 3515 4491 Ada-

1936 4542 2057 4582 nms
2084 4526 2226 4581 enim
2274 4534 2495 4581 vocatus
2542 4534 2625 4581 est
2662 4524 2728 4580 de
2770 4526 2986 4581 nomine
3033 4525 3246 4590 matris,
3278 4541 3344 4579 ne
3376 4526 3514 4593 ultra

1938 4634 2096 4690 quam
2141 4621 2283 4676 vires
2311 4619 2429 4689 ejus
2454 4621 2655 4683 ferant,
2682 4619 2749 4674 de
2779 4634 2838 4674 se
2862 4618 3141 4689 magniﬁce
3189 4618 3412 4683 sentiat,
3463 4628 3520 4674 et

1936 4713 2132 4769 diaboli
2165 4713 2437 4767 fraudibus
2481 4712 2637 4767 nullis
2682 4712 2849 4781 possit
2877 4711 3186 4780 expugnari.
3238 4710 3514 4779 Siquidem

1936 4806 2112 4862 aiebat
2145 4823 2157 4859 :
2200 4804 2357 4860 Ετὶιεε
2376 4806 2501 4859 sicut
2521 4803 2612 4857 dii.
2648 4805 2758 4873 Age
2788 4818 2925 4861 nunc
2940 4802 3079 4872 quod
3109 4803 3372 4872 reliquum
3393 4811 3477 4857 est
3497 4845 3512 4868 ,

1938 4900 2001 4955 ad
2028 4900 2251 4954 alterum
2283 4897 2503 4969 gradum
2530 4897 2786 4954 facientes
2805 4939 2820 4963 ,
2844 4900 2930 4967 qui
2961 4905 3082 4957 ante
3111 4907 3317 4965 partum
3342 4897 3513 4968 ipsum

1938 5007 1965 5044 a
2014 4991 2124 5046 Deo
2151 5005 2342 5045 nomen
2384 4988 2619 5057 accepit,
2665 4991 2819 5047 tinem
2851 4988 3057 5048 dicendi
3090 4987 3361 5043 faciamus.
3389 4989 3519 5055 Quis

1938 5083 2097 5152 igitur
2127 5090 2244 5152 post
2286 5080 2546 5136 Adamum
2575 5097 2603 5133 a
2622 5080 2732 5141 Deo
2760 5094 2951 5137 nomen
2981 5079 3283 5148 priusquam
3325 5093 3517 5141 nasce-

1940 5183 2086 5228 retur
2115 5174 2356 5243 accepit?
2411 5173 2577 5228 lsaac.
2626 5170 2758 5226 Ecce
2795 5172 2973 5236 enim,
3018 5170 3220 5240 inquit,
3276 5188 3405 5227 uxor
3434 5183 3520 5226 tu.-

1941 5266 2105 5322 Sarra
2134 5266 2379 5335 concipiet
2421 5264 2473 5319 in
2499 5275 2671 5330 utero,
2705 5275 2751 5319 et
2772 5266 2933 5333 pariet
2985 5265 3147 5333 ﬁlium
3168 5306 3183 5326 ,
3228 5274 3276 5319 et
3321 5266 3522 5321 vocabis

1939 5375 2119 5414 nomen
2154 5362 2266 5428 ejus
2292 5357 2443 5413 Isaac
2469 5356 2618 5427 (Gen.
2653 5358 2741 5413 Π.
2761 5356 2873 5427 l9).
2898 5355 3026 5411 Cum
3053 5365 3220 5412 autem
3251 5359 3519 5427 peperisset

1938 5470 2083 5511 eum.
2126 5453 2317 5507 vocavit
2347 5468 2526 5505 nomen
2561 5453 2669 5521 ejus
2710 5449 2861 5504 Isaac
2880 5493 2895 5516 ,
2946 5452 3115 5503 dicens
3146 5466 3166 5504 :
3194 5449 3373 5504 Risum
3400 5452 3519 5520 fecit

1939 5546 2063 5599 mihi
2088 5544 2220 5598 Dens
2239 5544 2343 5613 (Ιὸ.
2363 5544 2511 5599 2f.5.
2533 5542 2609 5611 6).
2628 5543 2803 5609 Quare
2820 5557 2946 5596 vero
2959 5542 2981 5594 ?
3008 5541 3134 5607 Quis
3154 5541 3305 5605 enint,
3329 5540 3519 5611 inquit,

1939 5637 2255 5689 annuntiabit
2292 5635 2577 5699 Abraham,
2611 5634 2746 5702 quod
2786 5633 2947 5688 Sarra
2972 5634 3134 5699 ﬁlium
3180 5633 3326 5685 iactet
3352 5631 3515 5699 (Ibid.

1944 5745 1988 5781 υ.
2018 5729 2071 5799 7)
2088 5731 2110 5782 1’
2141 5727 2235 5782 llic
2273 5726 2399 5782 mihi
2449 5725 2731 5797 diligenter
2776 5724 3032 5781 attendite
3056 5765 3070 5791 ,
3102 5732 3158 5777 ut
3195 5723 3515 5782 miraculum
