3964 6342
460 343 549 401 151

449 456 694 510 videatis.
726 454 843 511 Non
872 454 1043 517 dixit,
1067 449 1208 521 quod
1258 446 1557 519 pepererit,
1589 441 1685 497 sed
1709 438 1853 512 quod
1884 438 2034 492 Iactet

451 550 748 623 puerulum.
781 548 911 605 Nam
941 562 1005 602 ne
1034 546 1168 600 forte
1193 544 1312 614 quis
1333 538 1724 612 supposititium
1757 531 2037 623 puerulum

451 621 811 707 existimaret,
858 638 1073 710 genuini
1123 644 1304 706 partus
1360 632 1517 686 fidem
1572 626 1835 683 faciebant
1891 621 2040 677 lactis

451 738 665 793 fontes:
698 737 876 805 itaque
906 748 971 788 ex
1012 729 1380 786 recordatione
1418 722 1649 778 nominis
1675 720 1788 791 ipse
1828 728 2040 785 quoque

446 828 519 884 de
545 825 773 882 mirabili
810 823 1155 895 generatione
1183 818 1312 873 satis
1341 828 1607 886 superque
1657 808 2038 865 instruebatur.

450 918 740 989 Propterea
769 916 898 971 dicit
933 933 945 969 :
980 913 1158 968 Risum
1184 910 1300 982 fecit
1325 908 1448 961 mihi
1474 904 1640 969 Deus,
1672 902 1922 974 quoniam
1957 899 2041 951 vi-

451 1011 579 1066 dere
603 1019 718 1063 erat
742 1008 1026 1061 mulierem
1055 1008 1330 1059 senectute
1357 996 1653 1054 confectam
1676 1037 1691 1061 ,
1721 1008 1841 1064 quin
1866 992 1917 1045 in
1945 1005 2039 1041 ca-

454 1103 583 1157 nitie
633 1103 866 1167 longznva
910 1097 1193 1153 lactentem
1238 1092 1518 1164 puerulum
1546 1088 1828 1144 educabat.
1858 1084 2040 1140 Atille

453 1196 594 1249 risus
625 1193 849 1263 gratiam
897 1190 1128 1243 divinam
1157 1189 1207 1241 in
1258 1184 1566 1240 memoriam
1616 1178 1936 1241 revocabat,
1988 1184 2042 1229 ct

440 1286 697 1343 ldentis
747 1282 1031 1339 nutricatio
1084 1276 1323 1335 miraculi
1371 1274 1498 1329 editi
1542 1272 1700 1326 fidem
1755 1269 1981 1323 faciebat
2024 1284 2036 1319 :

455 1394 629 1443 sicque
658 1379 799 1432 enim
830 1384 1032 1430 natura:
1079 1386 1213 1442 opus
1254 1368 1381 1423 illud
1412 1374 1563 1429 erat,
1613 1363 1706 1418 sed
1749 1370 1914 1419 totum
1947 1358 2043 1412 fuit

455 1470 637 1539 gratiae
691 1467 1007 1540 princlarum
1068 1462 1272 1517 facinus
1327 1456 1689 1514 tribuendum.
1752 1454 2041 1521 Pr0pterea

454 1559 649 1616 Paulus
692 1573 901 1630 quoque
942 1556 1096 1619 dicit,
1149 1552 1442 1608 Secundum
1501 1547 1653 1603 Isaac
1701 1545 2044 1616 promissionis

454 1653 552 1721 ﬁlii
605 1667 779 1706 sumus
827 1648 968 1722 (Gal.
1013 1648 1066 1702 ι.
1108 1646 1225 1716 28).
1276 1643 1409 1699 Nam
1440 1638 1890 1711 quemadmodum
1938 1637 2044 1689 illic

453 1744 774 1814 operabatur
802 1741 971 1811 gratia
1003 1758 1015 1793 :
1051 1739 1120 1793 ita
1153 1738 1240 1791 hic
1267 1750 1478 1805 quoque
1501 1731 1699 1803 prodiit
1728 1730 1817 1783 ille
1840 1743 1903 1782 ex
1928 1738 2043 1779 ute-

454 1852 515 1891 ro
538 1838 646 1906 jam
687 1834 878 1904 frigido
919 1842 974 1887 et
1022 1830 1199 1886 clfeto.
1250 1825 1550 1883 Ascendisti
1596 1834 1651 1877 tu
1682 1838 1747 1877 ex
1780 1821 1929 1891 aquis
1956 1835 2045 1888 ge-

453 1929 576 1982 lidis
607 1946 620 1982 :
648 1928 787 1997 qttod
817 1926 975 1994 igitur
999 1923 1075 1977 illi
1118 1921 1215 1975 fuit
1253 1931 1468 1984 uterus,
1495 1916 1587 1970 tibi
1634 1916 1901 1969 lavacrum
1951 1911 2047 1964 fttit

453 2037 735 2092 aquarum.
784 2017 944 2071 Vides
994 2024 1177 2084 partus
1201 2007 1613 2080 cognationem?
1662 2005 1811 2059 vides
1861 2002 2046 2073 gratia:

464 2108 847 2165 concordiam?
879 2107 1027 2159 vides
1054 2103 1248 2171 ubique
1291 2107 1537 2153 naturam
1580 2095 1734 2149 otiari
1754 2135 1769 2157 ,
1794 2101 1847 2147 et
1876 2101 2045 2146 totum

457 2202 552 2258 Dei
588 2204 835 2257 virtutem
865 2196 1116 2267 operari?
1156 2193 1357 2248 Idcirco
1406 2187 1701 2246 Secundum
1746 2184 1899 2239 Isaac
1925 2200 2046 2251 pro-

456 2295 709 2347 missionis
738 2306 912 2345 snnms
954 2288 1068 2357 ﬁlii.
1092 2288 1160 2339 At
1187 2282 1330 2339 enim
1370 2294 1475 2335 una
1506 2285 1672 2334 restat
1696 2273 1869 2329 adhuc
1898 2287 2043 2343 quie-

716 2460 937 2469 -.——-.__-7

506 2461 704 2473 ...μιν-.-

1192 335 1249 391 S.
1278 331 1556 390 JOANNIS
1584 321 2057 385 CllRYSOSTOMI
2096 318 2418 377 ARCHIEP.
2446 314 2980 375 CONSTANTINOP.

3620 312 3718 369 13?.

2143 433 2247 489 stio
2275 450 2290 485 :
2322 432 2456 486 dixit
2481 431 2548 486 de
2576 431 2728 485 nobis
2748 473 2760 493 ,
2788 430 2931 501 quod
2956 428 3076 483 Non
3100 446 3162 482 ex
3189 428 3536 498 sanguinibus,
3572 444 3727 498 napis

2145 540 2207 578 ea:
2231 524 2484 578 voluntate
2521 524 2689 575 carnis
2719 523 2886 577 simus
2917 520 3094 592 (Joan.
3131 522 3180 573 1.
3214 522 3323 590 15).
3369 519 3487 588 Quo
3513 520 3726 573 tandem

2146 613 2341 683 pacto?
2388 612 2571 683 Neque
2604 612 2748 667 Isaac
2774 627 2841 667 ex
2877 612 3222 682 sanguinibns
3259 612 3356 665 fuit
3393 632 3405 664 :
3460 611 3731 666 Desierant

2142 707 2276 759 enim
2304 703 2480 759 Sarra:
2499 705 2608 772 ﬁeri
2629 703 2890 758 muliebria
2916 706 3023 775 ejus
3047 702 3199 773 (Gen.
3231 704 3449 773 18.11).
3482 706 3726 759 Obturati

2144 806 2295 850 erant
2318 796 2466 850 lactis
2490 795 2663 850 fontes
2682 838 2698 862 ,
2728 796 2934 851 sublata
2961 804 3074 849 erat
3095 796 3455 866 generationis
3480 800 3725 861 materia,

2145 886 2346 941 inutilis
2392 896 2596 941 natura!
2638 896 2754 940 erat
2797 885 3048 953 officina,
3093 897 3310 956 tttmque
3359 887 3573 941 virtutis
3617 903 3730 942 suis

2150 981 2285 1035 Deus
2313 980 2585 1051 Specinten
2632 980 2818 1034 edidit.
2853 981 2991 1036 Ecce
3041 982 3412 1051 appellationis
3454 980 3602 1035 Isaac
3630 984 3726 1033 do-

2145 1075 2371 1128 ctrinam
2418 1074 2675 1129 habemus
2721 1075 3039 1129 absolutam.
3080 1075 3267 1129 Restat
3314 1078 3488 1139 enim,
3538 1085 3598 1129 ut
3662 1075 3728 1130 ad

2146 1166 2413 1221 Abraham
2434 1209 2448 1232 ,
2472 1176 2526 1221 et
2552 1166 2618 1221 ad
2648 1166 2787 1222 filios
2806 1166 3050 1222 Zebedaei
3070 1168 3393 1237 Petrumque
3413 1169 3689 1222 veniamus
3715 1184 3730 1219 :

2146 1257 2240 1311 sed
2271 1272 2339 1311 ne
2362 1257 2513 1311 vobis
2541 1268 2737 1312 nostrae
2781 1258 3040 1314 orationis
3075 1258 3349 1328 prolixitas
3376 1258 3591 1313 taedium
3642 1274 3727 1327 pa-

2147 1353 2275 1416 riat,
2341 1349 2408 1403 ad
2476 1353 2699 1405 alterum
2754 1366 3057 1406 sermonem
3128 1352 3229 1407 ista
3284 1351 3628 1418 differemus,
3678 1364 3734 1407 et

2149 1444 2232 1497 hic
2301 1444 2459 1497 linem
2531 1443 2738 1497 dicendi
2813 1444 3065 1499 facientes
3136 1460 3233 1498 vos
3299 1444 3732 1508 cohortabimur,

2146 1537 2233 1605 qui
2277 1536 2567 1591 secundum
2612 1537 2757 1591 lsaac
2811 1537 2917 1590 nati
2966 1538 3126 1600 estis,
3158 1545 3217 1590 ut
3273 1537 3734 1592 mansuetudinem

2147 1642 2210 1680 ac
2268 1626 2585 1681 modestiam
2631 1627 2779 1682 Isaac
2842 1628 3156 1694 imitemini,
3209 1644 3530 1699 omnemque
3579 1631 3735 1683 aliam

2148 1721 2263 1789 cjns
2304 1720 2723 1790 philosophiam;
2780 1731 2834 1775 ut
2888 1722 3133 1791 precibus
3182 1722 3307 1792 justi
3339 1723 3482 1778 illius
3538 1734 3592 1777 et
3643 1724 3739 1776 lto-

2149 1829 2263 1866 rnnt
2326 1814 2612 1884 prmsulnm
2651 1816 2889 1869 omnium
2935 1814 3139 1884 adjuti,
3180 1817 3244 1871 ad
3282 1819 3455 1869 sinum
3510 1817 3741 1872 Abrahze

2149 1906 2326 1958 cuncti
2355 1906 2635 1974 pervenire
2660 1908 2926 1976 possimus
2948 1949 2961 1974 ,
2991 1909 3155 1979 gratia
3184 1917 3239 1962 et
3267 1908 3589 1979 benignitate
3636 1910 3738 1961 Do-

2151 1996 2279 2049 mini
2325 1997 2493 2051 nostri
2547 1996 2672 2052 Jesu
2734 1997 2969 2061 Christi,
3028 2014 3124 2068 per
3164 2014 3321 2068 quem
3367 2010 3421 2053 et
3461 2015 3581 2053 cum
3633 2014 3741 2069 quo

2151 2089 2292 2143 Patri
2318 2091 2526 2160 gloria,
2569 2091 2758 2155 honor,
2804 2092 3120 2163 imperium,
3167 2094 3430 2163 simulqtte
3454 2105 3645 2148 sancto
3689 2106 3743 2149 et

2152 2180 2361 2236 vivifico
2390 2180 2633 2251 Spiritui,
2669 2199 2811 2239 nunc
2834 2194 2887 2237 et
2916 2200 3145 2255 semper,
3177 2196 3229 2239 et
3252 2186 3304 2239 in
3334 2186 3527 2240 sa-cula
3567 2202 3745 2240 saacu-

2153 2273 2346 2329 loruni.
2374 2277 2562 2329 Amen.

2614 2442 2985 2451 ,_._——__..-_..__
3034 2442 3041 2443 κ
3070 2444 3075 2445 γ
3162 2442 3169 2445 ς
3332 2435 3478 2444 κν...-
3508 2435 3587 2442 ——
3621 2436 3691 2443 ..ρ-

487 2663 570 2707 ΔΙ)
600 2663 712 2707 Εος
745 2664 853 2716 QUI
898 2663 1082 2705 IPSUM
1125 2658 1719 2702 REPREHENDERANT
1762 2658 1840 2700 OB
1880 2651 2332 2699 PROOEMIORUM
2370 2644 2869 2695 PKOLIXITATEM,
2898 2641 3071 2694 QUOD
3117 2638 3299 2681 bTILE
3343 2637 3438 2679 SIT
3471 2633 3718 2676 REPRE-

564 2762 916 2806 HENSIONES
946 2761 1127 2814 EQUO
1160 2761 1360 2803 ANNIO
1392 2758 1638 2802 FEIlRE:
1675 2761 1751 2802 ET
1780 2758 1905 2801 CL'R
1938 2755 2141 2798 PAULO
2174 2752 2294 2795 NON
2329 2748 2555 2793 STATIM
2589 2746 2793 2797 ATQUE
2827 2741 3125 2785 CREDIDIT
3157 2738 3372 2781 NOMEN
3408 2732 3724 2778 NUTATUM

564 2867 715 2921 EST,
772 2866 1055 2918 ITEMQUE
1111 2862 1282 2917 QUOD
1328 2866 1451 2909 NON
1510 2866 1593 2906 EX
1653 2861 2107 2914 NECESSITATE,
2171 2857 2287 2899 SED
2346 2855 2431 2895 EX
2484 2851 2705 2894 LIBERA
2760 2844 3134 2891 VOLUNTATE
3184 2841 3386 2883 ιθΑρτΔ
3438 2838 3534 2880 SIT
3584 2835 3727 2878 HAEC

562 2966 867 3021 IIU'rs'rto,
916 2967 993 3009 ET
1037 2967 1097 3009 IN
1148 2967 1385 3009 ntcruu
1438 2966 1617 3007 nmen
1656 2967 1665 3005 :
1716 2964 1932 3015 SAUI.F.,
1980 2960 2194 3011 SAUI.E,
2235 2957 2387 3008 oon)
2430 2954 2518 2996 ME
2563 2946 2987 3001 PERSEQUERIS
3034 2926 3204 3008 (Act.
3248 2926 3307 2985 9.
3353 2920 3426 3003 lt)

522 3284 570 3337 1.
598 3281 818 3346 Quinam
838 3292 947 3330 vere
966 3266 1694 3337 amici.—Reprehendcrunt
1719 3278 1817 3318 nos
1841 3261 2043 3317 amico-

449 3388 567 3430 rum
612 3368 826 3441 quidam
845 3408 859 3432 ,
890 3364 1031 3435 quod
1063 3360 1351 3431 prolixiora
1381 3369 1686 3411 sermonum
1718 3354 1865 3408 initia
1895 3350 2039 3407 face-

448 3476 670 3520 remus:
718 3474 785 3512 an
809 3459 928 3527 jure
969 3454 1055 3509 vel
1095 3450 1287 3521 injuria
1314 3445 1776 3517 reprehenderint,
1808 3454 1933 3499 tunc
1961 3445 2041 3498 in-

451 3555 722 3625 telligctis.
749 3565 869 3606 cum
898 3546 1077 3602 audita
1105 3542 1413 3599 defensione
1444 3548 1647 3601 nostra,
1680 3538 1831 3608 quasi
1862 3538 1913 3592 in
1946 3554 2041 3607 pu-

448 3649 589 3705 blico
637 3642 881 3699 tribunali
924 3636 1242 3693 sententiam
1287 3632 1486 3688 feretis.
1538 3630 1647 3700 Ego
1692 3630 2043 3700 vero,prius-

448 3755 607 3811 quam
638 3737 689 3792 id
732 3732 1029 3795 ostendam,
1058 3729 1128 3783 ob
1159 3723 1632 3795 reprehensionem
1663 3720 1861 3790 gratias
1907 3720 2037 3788 ipsis

452 3830 629 3889 refero
660 3847 672 3881 :
713 3842 836 3882 nam
863 3841 929 3880 ex
954 3823 1058 3879 mei
1085 3834 1211 3875 cura
1236 3827 1395 3887 atque
1423 3814 1619 3880 studio,
1662 3829 1767 3867 non
1807 3828 1869 3867 ex
1899 3814 2039 3867 malo

452 3924 633 3979 animo
658 3921 747 3976 illa
787 3915 1140 3990 proficiscitur
1165 3932 1177 3967 :
1207 3911 1436 3966 amicum
1463 3923 1611 3971 vero,
1636 3922 1740 3961 non
1767 3921 1887 3959 cuin
1930 3906 2039 3958 lau-

453 4016 544 4071 dat
571 4014 749 4078 modo,
772 4011 865 4066 sed
892 4009 1050 4065 etiam
1073 4021 1192 4060 cum
1220 4000 1565 4073 reprehendit
1584 4009 1639 4056 et
1658 4000 1893 4069 corrigit,
1913 4006 2039 4054 tunc

451 4122 542 4167 me
562 4120 741 4160 amare
761 4103 1007 4158 dixerim.
1033 4096 1305 4167 Siquidem
1330 4092 1545 4148 laudare
1568 4091 1767 4156 omnia,
1793 4099 1902 4143 tum
1919 4103 2037 4158 qua:

452 4202 612 4265 bene,
641 4209 751 4254 tum
796 4212 915 4267 quae
959 4194 1096 4248 male
1125 4207 1185 4247 se
1230 4188 1445 4254 habent,
1481 4186 1533 4240 id
1582 4200 1686 4238 non
1736 4182 1913 4247 amici,
1943 4181 2037 4237 sed

454 4298 656 4355 fallacis
679 4311 741 4351 ac
765 4292 1020 4349 derisoris
1060 4299 1142 4345 est
1169 4307 1182 4343 :
1214 4297 1269 4342 at
1295 4286 1514 4342 laudare
1541 4284 1585 4338 si
1629 4282 1755 4354 quid
1806 4280 1951 4343 boni,
1979 4294 2041 4332 ac

454 4387 848 4461 reprehendere
894 4386 938 4439 si
987 4383 1114 4454 quid
1164 4380 1365 4451 peccati
1423 4377 1751 4441 admittatur,
1811 4374 1862 4429 id
1913 4386 2041 4427 vero

454 4481 682 4537 amantis
723 4486 777 4533 et
819 4490 1000 4532 curam
1044 4472 1287 4528 habentis
1338 4480 1439 4526 est.
1493 4472 1666 4538 Atque
1717 4476 1774 4521 ut
1826 4466 2043 4521 discatis

452 4573 594 4645 quod
622 4568 1080 4627 indiscriminatim
1109 4565 1285 4618 omnia
1306 4562 1522 4617 laudare
1544 4572 1599 4615 et
1618 4560 1912 4623 celebrare,
1935 4575 2039 4611 non

454 4669 527 4722 sit
568 4665 748 4729 amici,
781 4662 874 4719 sed
904 4658 1221 4730 decipientis
1254 4675 1267 4710 :
1307 4653 1507 4723 Papule
1544 4669 1703 4713 meus,
1736 4650 1923 4720 inquit,
1955 4651 2042 4719 qui

453 4775 542 4813 vos
563 4760 730 4812 beatos
758 4754 953 4817 dicunt,
986 4750 1086 4821 ipsi
1112 4765 1197 4801 vos
1227 4747 1503 4815 decipiunt,
1534 4752 1579 4797 et
1607 4744 1830 4796 semitam
1860 4742 2043 4811 pedum

456 4860 729 4905 vestrorum
757 4843 1025 4901 exturbant
1064 4839 1214 4913 (Isai.
1244 4839 1297 4894 5.
1334 4837 1447 4908 12).
1477 4834 1634 4890 Certe
1676 4835 1944 4887 inimicum
1978 4851 2045 4886 ne

456 4940 762 4996 laudantem
789 4937 1005 5009 quidem
1044 4930 1301 4992 admitto;
1342 4929 1571 4983 amicum
1603 4941 1731 4981 vero
1759 4926 1919 4980 etiam
1963 4940 2046 4979 re-

460 5031 876 5103 prehendentem
908 5025 1205 5096 amplexor.
1239 5021 1333 5077 Ille
1356 5020 1455 5076 etsi
1480 5032 1566 5073 me
1588 5016 1943 5077 deosculetttr,
1969 5016 2047 5068 in-

463 5124 643 5179 suavis
668 5131 785 5187 est;
815 5122 903 5175 hic
945 5119 1046 5175 etsi
1091 5116 1357 5179 vulneret,
1400 5110 1681 5165 amabilis:
1721 5109 1862 5163 illius
1888 5121 2047 5162 oscu-

465 5216 579 5271 lum
610 5212 910 5282 suspicione
935 5211 1151 5281 plenum
1173 5216 1274 5270 est,
1292 5204 1450 5274 hujus
1476 5202 1666 5257 vulnus
1691 5200 1910 5257 curandi
1940 5200 2047 5252 vim

465 5307 646 5363 habet.
677 5304 963 5374 Propterea
986 5301 1116 5356 dicit
1135 5298 1348 5370 quidam
1372 5315 1385 5351 :
1410 5293 1672 5349 Fideliora
1699 5300 1817 5347 sunt
1842 5292 2050 5345 vulnera

464 5400 639 5467 amici,
683 5413 835 5466 quam
878 5404 1156 5465 spontaneo
1197 5392 1372 5447 oscula
1413 5389 1605 5443 inimici
1632 5386 1813 5457 (Prov.
1843 5386 1931 5440 27.
1968 5384 2046 5454 6).

464 5491 605 5563 Quid
646 5489 823 5545 dicis?
860 5486 1090 5542 Vulnera
1144 5485 1342 5541 osculis
1394 5481 1645 5545 meliora,
1702 5478 2049 5548 inquitznon

465 5585 640 5642 enim‘
666 5582 735 5639 ad
777 5591 1022 5637 naturam
1044 5592 1230 5635 eorum
1260 5593 1380 5648 quae
1409 5576 1561 5642 ﬁunt,
1593 5573 1690 5630 sed
1716 5573 1782 5627 ad
1809 5570 2049 5626 affectio—

530 5681 548 5710 ί
581 5684 695 5728 ηερ
730 5676 801 5728 sic
834 5673 962 5741 forte
983 5669 1163 5741 melius
1184 5669 1409 5741 legantur
1450 5682 1464 5717 :
1501 5668 1626 5740 Quid
1667 5664 1833 5741 dicis?
1855 5664 2052 5741 uulnera

470 5727 646 5794 osculis
666 5727 878 5796 meliora
898 5740 923 5792 .’
950 5733 1111 5791 etiam,
1134 5727 1289 5796 inquit
1326 5744 1342 5781 :
1379 5744 1472 5782 non
1498 5727 1646 5794 enim,
1675 5736 1795 5789 etc.,
1836 5740 1945 5777 nam
1972 5727 2047 5778 hic

461 5812 631 5871 tropus
648 5808 776 5871 apud
791 5806 1181 5871 ChrysostJmum
1202 5801 1437 5858 nequeas
1460 5801 1554 5843 est.

2077 3155 2127 3164 ..-

3459 2923 3489 2979 ?

2147 3280 2274 3323 nem
2304 3284 2491 3325 eorum
2519 3274 2607 3341 qtti
2639 3272 2839 3328 faciunt
2862 3276 3096 3330 attendo.
3127 3276 3219 3330 Vis
3239 3276 3444 3332 discere
3465 3281 3739 3348 quomodo

2148 3358 2391 3415 fideliora
2433 3361 2541 3417 sint
2578 3364 2795 3420 vulnera
2821 3368 3002 3434 amici,
3031 3382 3189 3437 quam
3234 3379 3525 3439 Spontanea
3553 3372 3737 3425 oscula

2147 3456 2385 3511 inimici?
2416 3456 2696 3512 Dominum
2723 3459 2996 3514 osculatus
3024 3469 3106 3516 est
3133 3460 3332 3526 Judas;
3361 3461 3453 3516 sed
3490 3464 3736 3519 osculum

2144 3557 2261 3605 erat
2291 3550 2592 3618 proditione
2635 3552 2884 3620 plenum;
2915 3567 2976 3606 os
3004 3567 3234 3619 veneno,
3279 3553 3456 3625 lingua
3500 3556 3739 3625 nequitia

2144 3642 2452 3714 replebatur
2490 3643 2699 3714 (Matth.
2744 3643 2836 3697 26.
2887 3644 3003 3715 49).
3050 3645 3419 3700 Fornicarium
3447 3647 3595 3716 apud
3622 3646 3737 3701 Co-

2145 3734 2373 3788 rinthios
2398 3736 2695 3790 vulneravit
2721 3736 2953 3803 Paulus;
2985 3736 3079 3791 sed
3112 3736 3186 3791 illi
3225 3737 3448 3791 salutem
3475 3738 3738 3792 concilia—

2144 3826 2238 3879 vit.
2271 3826 2570 3893 Quomodo,
2603 3829 2834 3898 inquies,
2863 3829 3200 3885 vulneravit?
3226 3829 3437 3885 Satanze
3481 3830 3701 3886 tradens
3720 3850 3738 3887 :

2144 3916 2373 3983 Tradite,
2398 3919 2585 3985 inquit,
2615 3920 2908 3989 Itujusmodi
2933 3931 3124 3975 satana
3149 3922 3202 3974 in
3244 3922 3503 3974 interitum
3545 3924 3737 3976 carnis.

2148 4011 2228 4064 Ad
2258 4011 2427 4081 quid?
2449 4010 2519 4067 Ut
2555 4012 2762 4082 spiritus
2796 4014 2964 4066 salutis
2983 4013 3044 4066 sit
3074 4013 3125 4065 in
3153 4012 3235 4066 die
3257 4011 3466 4065 Domini
3485 4012 3613 4066 Jesu
3647 4015 3741 4083 (1.

2146 4102 2264 4156 Cor.
2296 4104 2348 4158 5.
2380 4104 2477 4174 5).
2513 4103 2754 4158 Vidistin‘
2788 4105 3013 4158 vulnera
3055 4103 3280 4159 salutis?
3324 4104 3556 4159 vidistin‘
3583 4120 3738 4158 oscu-

2147 4192 2255 4247 lum
2283 4193 2582 4262 proditione
2613 4193 2918 4262 rcpletum?
2953 4194 3044 4248 Sic
3085 4192 3346 4247 Fideliora
3371 4204 3488 4247 sunt
3526 4195 3743 4247 vulnera

2146 4288 2314 4351 amici,
2354 4304 2505 4353 quam
2552 4298 2831 4359 spontaneo
2882 4288 3054 4342 oscula
3100 4288 3312 4341 inimici.
3348 4287 3403 4341 Id
3446 4303 3551 4340 non
3584 4288 3743 4355 .apud

2148 4380 2395 4436 homines
2428 4390 2653 4446 tantum,
2688 4381 2781 4435 sed
2808 4381 2966 4435 etiam
2996 4386 3136 4449 apud
3182 4381 3347 4435 Deum
3378 4382 3593 4449 etapud
3623 4380 3745 4435 dia-

2148 4472 2327 4527 bolum
2378 4472 2743 4541 exquiramns.
2786 4472 2880 4527 llle
2931 4473 3156 4537 anticus,
3196 4471 3282 4525 hic
3333 4471 3581 4525 inimicus
3624 4481 3743 4536 est;

2151 4565 2243 4619 ille
2280 4573 2521 4620 servator
2550 4572 2605 4618 et
2647 4573 2882 4629 curator,
2912 4563 2999 4617 hic
3046 4561 3414 4617 fraudulentus
3460 4573 3517 4618 et
3564 4563 3746 4617 inimi-

2149 4677 2263 4716 cus.
2308 4660 2405 4716 llic
2448 4660 2730 4730 aliquando
2774 4659 3041 4713 osculatus
3091 4666 3205 4721 est,
3260 4658 3349 4711 ille
3399 4657 3747 4711 vulneravit?

2150 4754 2427 4821 Quomodo
2482 4754 2567 4807 hic
2610 4752 2879 4806 osculatus
2930 4759 3050 4814 est,
3102 4750 3191 4803 ille
3236 4748 3577 4803 vulneravit?
3648 4747 3747 4802 Hic

2150 4848 2305 4913 dixit,
2341 4845 2497 4898 Erilis
2517 4845 2649 4899 sicut
2680 4844 2753 4895 dii
2776 4860 2794 4908 ;
2840 4842 2928 4896 ille
2955 4858 3103 4905 vero,
3130 4839 3285 4894 Terra
3308 4857 3380 4904 es,
3404 4849 3450 4893 et
3471 4840 3526 4892 in
3556 4852 3746 4892 terram

2151 4940 2408 4999 reverteris
2449 4936 2599 5010 (Gen.
2634 4938 2685 4991 5.
2717 4936 2770 4990 5.
2807 4944 2853 4989 et
2888 4932 3015 5003 19).
3048 4931 3179 4988 Uter
3206 4932 3375 5001 magis
3417 4930 3637 5000 profuit,
3676 4947 3746 4985 an

2155 5035 2262 5100 hic,
2289 5032 2377 5102 qui
2408 5032 2560 5094 dixit,
2595 5028 2753 5082 Erilis
2782 5027 2908 5081 sicut
2930 5026 3038 5082 dii.-
3078 5039 3145 5078 an
3174 5025 3262 5079 itte
3289 5022 3379 5094 qui
3399 5024 3554 5088 dixit,
3588 5022 3750 5077 Terra

2152 5141 2226 5191 es,
2256 5134 2303 5177 et
2340 5124 2394 5176 in
2420 5132 2606 5176 terram
2643 5119 2900 5172 reverteris
2923 5117 2949 5169 Ρ
2990 5115 3088 5170 Hic
3115 5124 3341 5169 mortem
3370 5114 3750 5169 interminatus

2154 5228 2257 5281 est,
2287 5217 2373 5271 ille
2395 5213 2849 5270 immortalitatem
2879 5209 3155 5280 promisit;
3182 5208 3275 5263 sed
3310 5210 3401 5279 qui
3426 5209 3749 5263 immortali.

2159 5321 2319 5365 tatem
2368 5307 2634 5378 promisit,
2684 5321 2749 5360 ex
2797 5303 3045 5374 paradiso
3094 5302 3430 5357 exturbavit:
3475 5302 3567 5372 qui
3621 5318 3753 5355 vero

2157 5413 2382 5459 mortem
2413 5401 2788 5457 interminatus
2830 5407 2933 5463 est,
2964 5398 3016 5452 in
3056 5396 3246 5451 caelum
3302 5394 3526 5449 invexit.
3561 5392 3750 5448 Viden’

2157 5496 2425 5568 quomodo
2443 5493 2707 5549 Fideliora
2727 5501 2842 5548 sunt
2872 5490 3084 5545 uulnera
3106 5490 3279 5555 amici,
3296 5505 3449 5558 quam
3468 5499 3751 5557 spontaneo

2160 5590 2331 5644 oscula
2355 5586 2589 5641 inimici?
2619 5586 2743 5641 Ideo
2764 5593 3047 5653 antequam
3071 5582 3121 5635 id
3151 5580 3610 5645 demonstrarent,
3629 5593 3746 5647 gra-

2162 5692 2287 5734 tiam
2321 5679 2477 5733 retuli
2510 5679 2596 5741 iis,
2626 5677 2714 5747 qui
2741 5691 2826 5729 me
2856 5683 3103 5745 arguunt.
3130 5672 3210 5728 llli
3238 5686 3467 5743 namque
3492 5670 3608 5726 sive
3629 5670 3741 5740 jure

2161 5791 2272 5833 sive
2298 5774 2490 5844 injuria
2518 5777 2760 5842 arguant,
2789 5784 2894 5825 non
2925 5766 3299 5837 exprobrandi,
3328 5764 3422 5819 sed
3448 5761 3745 5838 corrigendi
