3964 6342
254 279 351 335 131

246 398 401 469 ῖδητε
441 400 502 453 τὸ
543 400 751 475 θαῦμα.
784 406 897 461 Οὐκ
922 403 1097 477 εἶπεν,
1134 414 1215 467 ὄτι
1247 416 1399 472 ἔτεκε
1446 422 1680 485 παιδίον.
1718 427 1834 480 ἀλλ’

243 489 327 542 δτι
364 491 601 559 θηλάζει
632 496 863 552 παιδίον.
909 500 1029 555 Ἵνα
1074 503 1182 574 γὰρ
1216 508 1289 577 μή
1326 526 1408 572 τις
1446 512 1834 587 ὑποϐολιμαῖον

239 582 385 639 εἶναι
416 587 612 661 νομίσῃ
640 590 700 642 τὸ
731 592 975 655 παιδίον,
1017 596 1072 647 αἱ
1115 596 1210 650 τοῦ
1242 600 1513 668 γάλακτος
1542 582 1718 677 πηγαὶ
1746 609 1834 663 τὸν

235 677 467 730 τοκετὺν
512 679 900 751 ἐνεγυήσαντο,
951 684 1091 740 ὥστε
1142 689 1690 767 ἀναμιμνησκόμενος
1740 700 1832 754 τοῦ

234 766 511 837 ὀνόματος
540 772 633 823 καὶ
658 774 820 837 αὐτὸς
851 776 1043 848 ἱκανὴν
1078 774 1190 849 εἶχε
1219 781 1570 840 διδασκαλίαν
1594 790 1696 859 τῆς
1725 808 1833 843 πα-

237 860 474 929 ραδόξου
516 867 841 935 γεννήσεως.
894 870 992 923 Διά
1045 870 1200 925 τοῦτό
1242 891 1406 944 φησι,
1454 878 1696 934 Γέλωτά
1733 900 1833 950 μοι

235 950 535 1021 ἐποίησεν
577 959 609 1008 ό
636 957 802 1023 Θεὸς,
831 959 911 1011 ὅτι
942 956 1010 1031 ἦν
1047 964 1174 1016 ἰδεῖν
1201 970 1433 1033 γυναῖκα
1458 977 1833 1042 γεγηρακυῖαν

235 1044 297 1093 ἐν
327 1042 607 1116 βαθυτάτῃ
638 1048 802 1119 πολιᾷ
829 1050 1243 1125 τιθηνουμένην,
1271 1058 1574 1127 ὐπομάζιον
1601 1060 1832 1131 ἔχουσαν

235 1133 400 1207 [HS]
448 1138 677 1193 παιδίον.
737 1142 875 1193 Ἀλλ’
906 1147 933 1196 0
969 1144 1143 1212 γέλως
1180 1147 1281 1217 τῆς
1314 1150 1407 1201 τοῦ
1439 1152 1576 1204 Θεοῦ
1612 1154 1833 1226 χάριτος

234 1230 550 1301 ὑπόμνησις
579 1228 681 1301 ἦν,
724 1237 817 1289 καὶ
865 1238 896 1306 ή
929 1237 1371 1311 γαλακτοτροφία
1409 1244 1507 1314 τὴν
1560 1245 1833 1317 θαυματο-

234 1324 428 1375 ποιίαν
465 1325 779 1378 ἐπιστοῦτο·
818 1330 938 1381 οὐδὲ
984 1330 1091 1402 γὰρ
1123 1332 1336 1400 φύσεως
1374 1335 1535 1406 ἔργον
1565 1333 1652 1408 ἦν,
1698 1339 1833 1393 ἀλλά

230 1412 301 1465 τὸ
352 1416 459 1467 πᾶν
504 1416 603 1487 τῆς
637 1419 859 1489 χάριτος
904 1423 1233 1493 κατόρθωμα
1269 1426 1497 1491 ἐγίνετο.
1533 1428 1630 1479 Διά
1674 1429 1832 1483 τοῦτό

235 1522 383 1574 φησι
406 1508 499 1560 καὶ
525 1509 552 1561 0
581 1510 813 1576 Παῦλος,
845 1517 1003 1568 Κατὰ
1040 1516 1245 1570 Ἰσαὰκ
1271 1517 1632 1588 ἐπαγγελίας
1651 1520 1832 1576 τέκνα

229 1596 450 1665 ἐσμέν.
486 1600 698 1672 ’Ὠσπερ
738 1604 846 1675 γάρ
878 1607 995 1658 ἐκεῖ
1038 1609 1071 1679 ἡ
1118 1611 1277 1680 χάρις
1316 1611 1648 1681 εἰργάσατο·
1688 1614 1830 1667 οὕτω

232 1692 338 1743 καὶ⁵
384 1692 617 1747 ἐνταῦθα
670 1697 939 1768 προῆλθεν
989 1703 1193 1765 ἐκεῖνος
1253 1704 1362 1756 ἀπὸ
1410 1706 1625 1775 μήτρας
1696 1723 1819 1761 κατ-

232 1782 574 1856 εψυγμένης.
617 1788 841 1859 ’Λνέϐης
869 1793 932 1844 σὺ
958 1792 1067 1845 ἀπὸ
1089 1795 1295 1849 ὑδάτων
1315 1796 1560 1868 ψυχρῶν·
1582 1798 1716 1869 ὅπερ
1735 1794 1826 1851 οὖν

231 1876 437 1947 ἐκείνῳ
460 1879 491 1949 ἡ
515 1884 717 1951 μήτρα,
746 1882 900 1935 τοῦτό
928 1901 1009 1937 σοι
1040 1888 1071 1957 ἠ
1104 1888 1459 1961 κολυμϐήθρα
1480 1891 1698 1959 ἐγένετο
1720 1892 1827 1944 τῶν

230 1969 472 2024 ὑδάτων.
510 1968 663 2036 Εἶδες
683 1975 842 2027 τόκου
882 1979 1234 2047 συγγένειαν;
1266 1978 1401 2046 εἶδες
1432 1984 1650 2055 χάριτος
1686 2001 1824 2053 συμ-

231 2062 479 2127 φωνίαν;
510 2059 648 2127 εἶδες
679 2069 957 2138 πανταχοῦ
986 2071 1086 2141 τὴν
1117 2072 1277 2139 φύσιν
1312 2074 1699 2144 σχολάζουσαν,
1732 2078 1826 2130 καὶ

230 2152 343 2219 τὴν
390 2152 617 2224 δύναμιν
667 2157 764 2209 τοῦ
811 2158 945 2211 Θεοῦ
999 2161 1059 2214 τὸ
1110 2165 1218 2215 πᾶν
1270 2165 1678 2237 ἐργαζομένην;
1726 2168 1826 2220 Διά

228 2241 399 2295 τοῦτο
424 2248 583 2299 Κατὰ
617 2248 811 2303 Ἰσαὰκ
840 2250 1201 2322 ἐπαγγελίας
1230 2254 1409 2308 τέκνα
1435 2256 1641 2310 ἐσμέν.
1684 2258 1823 2311 Ἀλλ’

854 295 943 352 DE
983 298 1325 361 FERENDIS
1362 306 1801 370 REI’Rl-ZIIENS.
1843 314 1932 372 ET
1978 318 2063 375 DE
2102 324 2363 386 MUTAT.
2406 331 2743 393 NOMINUM.
2781 338 2872 395 111.

3413 336 3518 392 132

1938 431 1996 485 ἐν
2033 434 2180 486 ἐστιν
2228 435 2309 490 ἔτι
2353 439 2412 492 τὸ
2447 439 2815 511 ζητούμενον⁸
2852 444 2978 515 περὶ
3025 447 3178 517 ἡμῶν
3223 441 3391 511 εἶπεν,
3430 451 3515 505 ὅτι

1940 524 2063 576 Οὐκ
2084 524 2153 588 ἐξ
2174 527 2453 595 αίμάτων,
2479 530 2632 603 οὐδὲ,
2648 533 2717 585 ἐκ
2743 533 3075 603 θελήματος
3097 540 3341 605 σαρκός.
3366 541 3511 607 Πῶς,

1938 616 2071 669 Οὐδὲ
2111 618 2294 671 Ἰσαὰκ
2323 618 2382 684 ἐξ
2409 622 2654 690 αἱμάτων
2676 642 2689 655 ο
2736 624 3006 688 Ἐξέλιπε
3034 628 3142 697 γὰρ
3172 630 3369 699 Σάρρᾳ
3405 632 3514 686 τοῦ

1935 707 2203 775 γίνεσθαι
2222 709 2291 761 τὰ
2314 712 2619 778 γυναικεῖα
2639 714 2847 782 αὐτῆς.
2883 716 3319 789 Ἀπεσὸἐσθησαν
3340 724 3394 774 αἱ
3424 722 3509 775 τοῦ

1936 798 2167 867 αἵματος
2195 803 2389 870 πηγαὶ,
2416 803 2654 876 ἀνῃρέθη
2682 805 2783 874 τῆς
2804 809 3105 878 γεννήσεως
3129 813 3161 881 ἡ
3191 809 3312 880 ὕλη,
3341 814 3513 883 ἄχρηο

1938 908 2059 943 στον
2090 888 2157 962 ἦν
2191 894 2290 963 τῆς
2318 895 2534 962 φύσεως
2564 897 2625 949 τὸ
2653 901 3031 971 ἐργαστήριον.
3068 904 3161 956 καὶ
3191 904 3219 956 0
3252 904 3381 968 Θεὸς
3416 906 3513 975 τὴν

1933 979 2161 1050 δύναμιν
2203 984 2515 1049 ἐπεδείξατο
2556 987 2655 1056 τὴν
2698 988 2914 1043 ἐαυτοῦ.
2976 991 3105 1043 Ἰδοὺ
3148 993 3371 1063 καὶτῆς
3415 992 3510 1046 τοῦ

1948 1072 2132 1125 Ἰσαὰκ
2181 1075 2552 1145 προσηγορίας
2585 1078 2996 1151 ἀπηρτισμένην
3028 1083 3127 1153 τὴν
3165 1082 3511 1137 διδασκαλίαν

1934 1162 2149 1234 ἔχομεν.
2201 1168 2459 1220 Λείπεται
2519 1168 2618 1237 μὲν
2664 1170 2772 1239 γάρ
2818 1173 2908 1224 ἐπὶ
2951 1173 3045 1226 τὸν
3106 1174 3376 1247 Ἀϐραὰμ,
3419 1178 3512 1229 καὶ

1932 1257 2060 1319 τοὺς
2113 1259 2260 1320 υἱοὺς
2296 1260 2580 1313 Ζεὸεδαίου
2624 1262 2720 1314 καὶ
2757 1263 2848 1315 τὸν
2898 1265 3105 1336 Πέτρον
3153 1266 3359 1320 ἐλθεῖν”
3394 1266 3509 1320 ἀλλ’

1934 1346 2073 1400 ὥστε
2128 1350 2203 1419 μὴ
2269 1351 2557 1421 ἐνοχλῆσαι
2595 1352 2674 1422 τῷ
2722 1356 2917 1424 μήκει,
2977 1359 3056 1419 είς
3104 1357 3294 1427 ἑτέραν
3341 1358 3511 1411 ταῦτα

1932 1438 2166 1504 διάλεξιν
2186 1442 2546 1513 ὑπερθέμενοι
2568 1447 2995 1519 καταπαύσομεν
3016 1451 3106 1501 τὸν
3130 1450 3304 1517 λόγον,
3327 1468 3508 1522 παρα-

1932 1531 2259 1596 καλέσαντες
2291 1535 2453 1602 ὐμᾶς,
2477 1536 2602 1599 τοὺς
2625 1538 2982 1607 γεννηθέντας
3016 1541 3158 1594 κατά
3176 1543 3266 1594 τὸν
3303 1542 3507 1607 Ἰσαὰκ,

1936 1623 2216 1692 μιμεῖσθαι
2258 1624 2353 1677 τοῦ
2403 1626 2587 1680 Ἰσαὰκ
2628 1628 2726 1700 τὴν
2767 1631 3049 1701 πραότητα
3086 1634 3179 1685 καὶ
3212 1635 3309 1704 τὴν
3341 1635 3510 1687 ἐπιεί-

1933 1732 2087 1767 κειαν
2115 1719 2207 1769 καὶ
2241 1717 2338 1787 τὴν
2366 1717 2532 1789 ἀλλην
2562 1720 2781 1774 ἃπασαν
2816 1723 3131 1792 φιλοσοφίαν
3151 1764 3163 1787 ,
3196 1725 3283 1777 ἴνα
3325 1726 3510 1795 εὐχαῖς

1933 1807 2141 1859 ἐκείνου
2171 1807 2263 1859 τοῦ
2291 1809 2500 1862 δικαίου
2530 1812 2625 1863 καλ⁸
2654 1811 2762 1864 τῶν
2793 1813 3069 1883 προέδρων
3103 1813 3310 1867 τούτων
3334 1815 3510 1868 ἀπάν-

1935 1915 2040 1950 των
2074 1902 2153 1962 είς
2182 1900 2411 1965 κόλπους
2457 1902 2705 1975 Ἀὖραὰμ
2726 1904 2963 1968 ἅπαντες
2987 1906 3320 1976 καταντῆσαι
3349 1906 3509 1975 δυνη-

1935 1988 2148 2061 θῶμεν,
2195 1993 2377 2064 χάριτι
2410 1996 2503 2048 καὶ
2550 1996 2929 2069 φιλανθρωπίᾳ
2972 1997 3067 2050 τοῦ
3102 1999 3307 2071 Κυρίου
3352 1999 3508 2069 ἡμῶν

1946 2080 2115 2152 Ἰησοῦ
2150 2083 2411 2153 Χριστοῦ.
2441 2087 2508 2139 δι’
2541 2080 2601 2141 οὗ
2641 2090 2731 2141 καὶ
2766 2090 2882 2160 μεθ’
2917 2081 2978 2141 οὗ
3023 2089 3101 2160 τῷ
3148 2090 3319 2160 Πατρὶ
3357 2090 3504 2153 δόξα,

1929 2172 2084 2243 τιμὴ,
2122 2177 2321 2245 κράτος
2342 2218 2354 2234 .
2383 2178 2499 2246 ἅμα
2526 2179 2603 2250 τῷ
2632 2181 2771 2251 άγίῳ
2802 2182 2895 2234 καὶ
2924 2180 3173 2251 ζωοποιῷ
3208 2181 3506 2251 Πνεύματι,

1931 2263 2024 2316 νῦν
2056 2268 2145 2319 καὶ
2168 2268 2272 2328 ἀεὶ.
2305 2271 2398 2322 καὶ
2420 2272 2501 2333 εἰς
2527 2274 2650 2336 τοὺς
2676 2272 2873 2336 αἰῶνας
2900 2272 3006 2325 τῶν
3039 2271 3270 2325 αἰώνων.
3311 2271 3505 2343 Ἀμήν.

1234 2499 3470 2529 Μ

229 2735 399 2803 Πρὸς
425 2736 567 2801 τοὺς
588 2735 1043 2805 ἐγκαλέσαντας
1072 2740 1225 2809 ὑπὲρ
1255 2743 1360 2796 τοῦ
1382 2741 1622 2812 μήκους
1652 2743 1766 2798 τῶν
1790 2746 2133 2813 προοιμίων,
2174 2746 2271 2800 καί
2305 2747 2391 2799 ὅτι
2422 2745 2723 2816 χρήσιμον
2744 2749 2809 2801 τὸ
2830 2746 3036 2816 φέρειν
3064 2748 3371 2818 ἐλέγχους,
3407 2750 3506 2805 καί

317 2827 478 2892 τίνος
504 2828 714 2882 ἕνεκεν
736 2831 849 2883 οὐκ
876 2830 1097 2898 εὐθέως
1125 2837 1463 2901 πιστεύσας
1477 2840 1907 2905 μετωνομάσθη
1932 2835 2192 2904 Παῦλος,
2226 2838 2323 2890 καί
2346 2837 2436 2891 ὅτι
2461 2841 2571 2891 οὐκ
2592 2838 2660 2901 ἐξ
2682 2838 2972 2907 ἀνάγκης,
3030 2839 3167 2892 ἀλλ’
3189 2841 3257 2893 ἐκ
3300 2855 3506 2908 προαι-

299 2918 530 2986 ρέσεως
552 2921 799 2991 γέγονεν
828 2922 1047 3009 αὺτῷιή
1064 2928 1389 2996 μεταϐσλὴ,
1418 2929 1513 2982 καὶ
1536 2932 1621 2995 είς
1643 2928 1708 2982 τὸ
1722 2931 1913 2997 ῥητόν
1933 2947 1947 2961 ·
1990 2949 2008 2982 ι
2048 2932 2270 2997 Σαῦλε,
2312 2931 2529 2997 Σαῦλε,
2566 2932 2622 2984 τί
2643 2926 2719 3000 με
2741 2930 3009 2997 διώκεις;
3054 2950 3072 2983 ι

312 3343 379 3398 α’.
415 3340 774 3396 Ἑνεκάλεσαν
800 3341 933 3411 ἡμῖν
953 3358 1099 3405 τινες
1113 3342 1223 3394 τῶν
1244 3344 1544 3415 ἀγαπητῶν
1558 3346 1665 3398 τῶν
1684 3348 1822 3417 ἡμε..

228 3432 296 3483 τέ
308 3448 434 3499 ρων,
454 3428 537 3480 ὅτι
556 3426 652 3478 τοῦ
677 3424 839 3492 λόγου
862 3424 930 3477 τὰ
953 3424 1216 3496 προοίμια
1241 3427 1375 3499 πρὸς
1394 3429 1568 3499 μῆκος
1589 3428 1821 3482 ἐκτείνο-

235 3532 363 3579 μεν,
392 3511 488 3564 καὶ
517 3512 565 3562 εί
602 3509 700 3578 μὲν
721 3508 963 3570 δικαίως,
994 3508 1027 3579 ἢ
1061 3509 1259 3572 ἀδίκως
1302 3510 1651 3575 ἐνεκάλεσαν,
1697 3511 1819 3563 τότε

229 3566 449 3652 ἑῖσεσθε
465 3634 480 3655 ,
503 3566 722 3645 ἐπειιδάν
755 3592 848 3644 καὶ
868 3566 938 3644 τά
952 3566 1090 3661 παρ’
1112 3566 1271 3662 ἡμῶν
1289 3566 1731 3659 ἁκούσαντεςίὼς
1762 3597 1820 3649 ἐν

229 3678 406 3747 κοινῷ
434 3676 771 3747 δικαστηρίῳ
794 3676 894 3746 τὴν
924 3674 1105 3745 ψῆφον
1134 3677 1420 3747 ἐνέγκητε.
1466 3679 1607 3746 Ἐγὼ
1638 3679 1694 3731 δὲ
1727 3681 1820 3733 καὶ

228 3766 369 3835 πρὶν
397 3759 676 3824 ἀποδεῖξαι
710 3758 889 3822 τοῦτο,
929 3759 1090 3831 χάριν
1124 3760 1307 3822 αὐτοῖς
1342 3759 1451 3830 ἔχω
1480 3763 1589 3814 τῶν
1620 3763 1821 3833 ἐγκλη-

232 3847 429 3919 μάτων
448 3860 463 3873 ·
492 3841 817 3913 κηδεμονίας
842 3840 972 3912 γάρ,
995 3844 1056 3895 οὐ
1084 3842 1351 3913 πονηρίας
1372 3845 1488 3897 ἐστὶ
1516 3844 1585 3897 τὰ
1613 3845 1818 3916 ἐγκλή-

233 3947 417 4004 ματα·
460 3927 553 3982 καὶ
579 3925 671 3978 τὸν
699 3925 959 3995 φιλοῦντὰ
995 3943 1083 3996 με,
1111 3927 1209 3997 οὐχ
1238 3928 1366 3980 ὅταν
1400 3929 1595 3999 ἐπαινῇ
1624 3946 1691 3998 με
1724 3930 1820 4000 μό-

228 4034 348 4077 νον,
382 4014 518 4068 ἀλλὰ
539 4013 631 4065 καὶ
663 4012 791 4063 ὅταν
814 4009 1017 4079 ἐγκαλῇ
1049 4009 1143 4062 καὶ
1166 4010 1474 4080 διορθῶται,
1505 4011 1625 4064 τότε
1651 4014 1819 4082 φαίην

228 4102 303 4154 ἂν
324 4099 499 4167 ἔγωγε
530 4095 728 4164 φιλεῖν.
763 4092 836 4145 Τὸ
866 4093 962 4163 μὲν
985 4092 1093 4162 γὰρ
1122 4092 1309 4156 ἁπλῶς
1338 4095 1514 4147 πάντα
1551 4097 1814 4162 ἐπαινεῖν,

228 4183 333 4236 καὶ
363 4182 430 4235 τὰ
458 4179 637 4241 καλῶς
660 4176 870 4246 ἔχοντα,
896 4177 990 4227 καὶ
1013 4175 1081 4227 τά
1115 4176 1189 4245 μὴ
1221 4176 1423 4241 καλῶς,
1457 4179 1556 4231 οὐκ
1583 4179 1697 4230 ἐστι
1729 4198 1817 4248 φι-

226 4266 474 4330 λοῦντος,
515 4263 629 4316 ἀλλ’
655 4258 970 4321 άπατεῶνος
1001 4260 1095 4312 καὶ
1122 4260 1345 4328 εἴρωνος
1362 4278 1377 4293 ο
1407 4262 1468 4314 τὸ
1490 4261 1545 4313 δέ
1573 4264 1817 4317 ἐπαινεῖν

232 4350 338 4419 μὲν
363 4348 428 4401 ἄν
445 4364 505 4399 τι
540 4346 650 4398 τῶν
699 4343 929 4396 δεόντων
960 4342 1175 4413 γίνηται
1203 4384 1218 4408 ,
1276 4344 1528 4411 ἐγκαλεῖν
1575 4344 1631 4397 δὲ
1672 4345 1735 4398 ἄν
1762 4363 1816 4399 τι

227 4431 693 4502 διαμαρτάνηται,
720 4428 878 4481 τοῦτο
904 4427 1060 4496 φίλου
1090 4429 1183 4481 καί
1231 4428 1547 4499 κηδεμόνος.
1592 4430 1701 4482 Καὶ⁵
1729 4429 1816 4484 ἵνα

232 4516 470 4585 μάθητε,
498 4515 580 4567 ὅτι
618 4513 680 4566 τὸ
720 4511 905 4575 ἁπλῶς
930 4511 1109 4565 πάντα
1152 4514 1398 4564 ἐπαινεῖν
1451 4513 1544 4565 καὶ
1573 4515 1813 4585 μακαρί-

228 4603 349 4665 ζειν
403 4599 499 4651 ἐπὶ
548 4599 738 4659 πᾶσιν,
765 4597 866 4649 οὐκ
918 4596 1032 4649 ἔστι
1080 4596 1258 4661 φίλου.
1294 4596 1429 4649 ἀλλὰ
1464 4598 1809 4662 πλανῶντος·

228 4684 390 4747 Λαός
417 4698 538 4749 μου
561 4680 691 4750 γὰρ,
714 4680 898 4749 φησὶν,
928 4681 983 4732 οι
1007 4676 1155 4749 [H6]
1181 4680 1610 4749 μακαρίζοντες
1632 4681 1811 4750 ὑμᾶς,

226 4764 550 4820 πλανῶσιν
578 4761 754 4831 ὑμᾶς,
778 4762 877 4815 καὶ
911 4760 1019 4814 τὸν
1043 4764 1243 4830 τρίϐον
1275 4762 1394 4816 τῶν
1422 4762 1624 4817 ποδῶν
1646 4764 1813 4833 ὑμῶν

226 4848 706 4917 ἐκταράσσουσι.
736 4846 839 4898 Τὸν
869 4848 966 4915 μὲν
999 4842 1091 4899 οὖν
1126 4844 1317 4917 ἐχθρὸν
1344 4848 1463 4901 οὐδὲ
1488 4849 1812 4903 ἐπαινοῦντα

226 4936 480 5003 δέχομαι,
533 4930 627 4982 τὸν
667 4930 724 4982 δέ
757 4929 907 4998 φίλον
956 4930 1051 4981 καὶ
1102 4930 1439 4998 ἐγκαλοῦντα
1490 4932 1805 5002 προσίεμαι.

241 5017 504 5078 Ἐκεῖνος,
531 5014 637 5066 κᾶν
667 5011 793 5084 φιλῇ
821 5029 907 5080 με,
930 5012 1100 5083 ἀηδής
1120 5015 1267 5066 ἐστιν
1292 5031 1304 5043 ν
1324 5010 1497 5077 οὗτος,
1521 5014 1622 5068 κᾶν
1644 5032 1811 5084 τραυ-

231 5099 437 5170 ματίζῃ
476 5114 561 5166 με,
594 5094 840 5158 ποθεινός
868 5096 1015 5148 ἐστιν
1040 5111 1053 5125 ο
1100 5094 1309 5150 ἐκείνου
1361 5097 1420 5150 τὸ
1470 5098 1684 5168 φίλημα
1708 5100 1809 5152 ὑπ-

226 5184 387 5254 οψίας
422 5182 604 5252 γέμει,
633 5180 822 5233 τούτου
852 5180 913 5232 τὸ
943 5179 1162 5251 τραῦμα
1197 5180 1519 5251 κηδεμονίαν
1540 5182 1672 5253 ἔχει.
1711 5184 1809 5237 Διά

228 5268 389 5322 τοῦτό
414 5267 549 5336 φησί
582 5281 697 5328 τιςσ
745 5262 1228 5333 Ἀξιοπιστότερα
1267 5266 1569 5335 τραύματα
1601 5268 1807 5336 φίλου,

229 5352 271 5422 ἣ
296 5351 552 5406 ἑκούσια
572 5346 873 5417 φιλήματα
893 5347 1129 5416 ἐχθροῦ.
1164 5348 1228 5401 Τί
1261 5348 1470 5416 λέγεις;
1504 5349 1810 5421 Τραύματα

230 5435 557 5507 φιλημάτων
592 5432 855 5502 βελτίονα,
892 5432 1055 5503 φησίν
1080 5450 1092 5464 ’
1127 5433 1188 5484 οὐ
1219 5434 1327 5502 γὰρ
1359 5445 1383 5473 ι
1416 5436 1483 5505 τῇ
1517 5433 1678 5503 φύσει
1702 5435 1812 5489 τῶν

292 5614 318 5643 ⁸
341 5613 629 5687 Legepdum
654 5611 820 5687 fug-san,
838 5618 890 5659 et
912 5612 1316 5687 diast‘ingue‘ngm‘n
1338 5612 1593 5687 hoqmng
1616 5617 1711 5687 χΤί
1733 5618 1809 5665 λέ-

230 5694 320 5740 γεις
340 5690 353 5736 ε
374 5674 623 5735 τραύματα
649 5674 921 5735 ςιὶηιιάτων
947 5674 1309 5736 βελ.τίονα“;Ναὶ,
1324 5675 1478 5735 φησίν.
1495 5678 1567 5724 Οὐ
1590 5678 1693 5740 γάρ,
1708 5687 1805 5728 etc.

1924 3345 2243 3416 γινομένων,
2271 3344 2489 3415 ἀλλάτῇ
2516 3344 2876 3399 διαθέσειτῶν
2905 3346 3202 3399 ποιούντων
3229 3350 3500 3419 προσέχω.

1922 3428 2114 3482 Βούλει
2157 3429 2369 3499 μαθεῖν,
2400 3429 2516 3491 πῶς
2544 3429 2962 3500 ἀξιοπιστότερα
3009 3429 3292 3499 τραύματα
3326 3432 3501 3500 φίλου,

1920 3514 1953 3585 ἢ
1991 3512 2216 3566 ἑκούσια
2250 3514 2533 3583 φιλήματα
2562 3512 2794 3583 ὲχθροῦ;
2844 3512 3095 3582 Ἐφίλησε
3127 3513 3217 3565 τὸν
3251 3513 3452 3584 Κύριον
3474 3517 3503 3567 0

1933 3597 2155 3662 Ἰούδας,
2176 3596 2314 3651 ἀλλά
2344 3596 2632 3665 προδοσίας
2661 3597 2825 3649 αὐτοῦ
2850 3596 2909 3649 τὸ
2936 3597 3147 3667 φίλημα
3174 3598 3389 3668 ἔγεμεν,
3427 3600 3504 3652 ἰὸν

1921 3679 2085 3732 αὑτοῦ
2119 3680 2180 3733 τὸ
2212 3679 2384 3749 στόμα
2410 3675 2545 3747 εἶχε,
2570 3680 2838 3751 πονηρίας
2862 3682 2893 3749 ὴ
2921 3680 3142 3747 γλῶσσα
3172 3682 3500 3751 ἐπέπληστο.

1921 3762 2025 3813 Τὸν
2055 3762 2208 3833 παρά
2235 3762 2542 3831 Κορινθίοις
2589 3763 3000 3831 πεπορνευκότα
3041 3764 3438 3833 ἐτραυμάτισεν
3475 3766 3504 3817 6

1921 3845 2153 3908 Παῦλος,
2181 3845 2297 3897 ἀλλ’
2328 3845 2520 3897 ἔσωσε.
2584 3846 2695 3897 Καὶ
2752 3843 2866 3907 πῶς
2898 3845 3265 3913 ἐτραυμάτισε
3290 3860 3305 3908 ;
3329 3846 3461 3916 φησί
3486 3888 3501 3901 .

1920 3927 2012 3997 Τῷ
2051 3929 2263 3998 Σατανᾷ
2317 3926 2616 3997 παραδούς.
2667 3927 2969 3991 Παράδοτε
3025 3928 3154 3999 γὰρ,
3211 3930 3362 3998 φησὶ,
3396 3931 3505 3984 τὸν

1919 4010 2191 4065 τοιοῦτον
2220 4010 2297 4076 τῷ
2325 4010 2560 4076 Σατανᾷ
2589 4013 2674 4075 είς
2709 4010 2956 4077 ὄλεθρον
2978 4010 3086 4077 τῆς
3116 4013 3360 4077 σαρκός.
3404 4014 3500 4066 Διά

1917 4095 2000 4159 τί;
2030 4095 2164 4148 Ἵνα
2200 4093 2262 4145 τὸ
2301 4094 2535 4162 πνεῦμα
2560 4092 2723 4161 σωθῇ
2745 4095 2813 4145 ἐν
2835 4092 2907 4160 τῇ
2930 4093 3119 4161 ἡμέρᾳ
3140 4093 3246 4145 τοῦ
3279 4096 3502 4161 Κυρίου

1930 4176 2148 4244 Ἰησοῦ.
2187 4172 2338 4240 Εἶδες
2361 4176 2649 4247 τραύματα
2681 4178 2953 4248 σωτηρίαν
2986 4177 3208 4247 ἕχοντα;
3242 4174 3377 4242 εἶδες
3409 4178 3500 4246 φί-

1916 4258 1983 4329 λη
1994 4277 2067 4329 μα
2088 4259 2373 4329 προδοσίας
2394 4260 2561 4328 γέμον
2587 4276 2600 4322 ;
2625 4258 2810 4321 Οὕτως
2837 4258 2928 4323 Ἀξ
2934 4263 3168 4313 ιοπιστό
3173 4276 3309 4326 τερα
3329 4262 3502 4327 τραύ-

1912 4360 2073 4413 ματα
2103 4345 2307 4413 φίλου,
2334 4344 2372 4409 ἢ
2411 4344 2659 4396 ἑκούσια
2701 4342 3005 4411 φιλήματα
3052 4343 3290 4412 ἐχθροῦ.
3329 4345 3500 4397 Τοῦτο

1921 4427 1996 4497 μὴ
2026 4427 2111 4479 ἐπ’
2144 4425 2447 4496 ἀνθρώπων
2481 4427 2663 4495 μόνον,
2694 4425 2830 4478 ἀλλὰ
2856 4428 2948 4479 καὶ
2983 4427 3075 4479 ἐπὶ
3110 4427 3202 4479 τοῦ
3230 4427 3384 4491 Θεοῦ,
3405 4427 3499 4480 καὶ⁸

1916 4512 2010 4562 ἐπὶ
2044 4508 2138 4562 τοῦ
2187 4510 2434 4563 διαϐόλου
2483 4511 2848 4578 ἐξετάσωμεν.
2917 4512 2974 4563 Ὀ
3032 4512 3131 4581 μὲν
3177 4512 3349 4580 φίλος,
3382 4512 3411 4562 0
3438 4512 3497 4564 δὲ

1921 4592 2113 4662 ἐχθρός
2132 4608 2146 4622 °
2171 4594 2200 4645 0
2231 4593 2329 4663 μὲν
2355 4594 2537 4664 σωτὴρ
2567 4595 2660 4647 καὶ
2686 4592 2957 4663 κηδεμὼν,
2990 4595 3018 4646 0
3041 4594 3097 4646 δέ
3128 4594 3381 4646 ἀπατεὼν
3402 4595 3497 4647 καὶ

1921 4676 2201 4745 πολέμιος.
2253 4676 2390 4729 Ἀλλ’
2424 4678 2451 4728 0
2482 4678 2579 4746 μὲν
2612 4676 2835 4745 ἐφίλησέ
2875 4693 3027 4739 ποτε,
3057 4678 3085 4728 0
3118 4676 3173 4729 δὲ
3219 4677 3497 4747 ἐτραυμά-

1920 4775 2055 4811 τισε.
2102 4760 2225 4822 Πῶς
2280 4762 2308 4812 ὁ
2340 4761 2439 4830 μὲν
2487 4759 2764 4830 ἐφίλησεν,
2801 4758 2908 4813 όδὲ
2955 4758 3391 4829 ἐτραυμάτισεν;
3432 4756 3495 4812 '0

1922 4840 2022 4910 μὲν
2049 4838 2218 4904 εἶπεν,
2259 4842 2517 4895 Ἔσεσθε
2548 4843 2626 4907 ὠς
2664 4843 2816 4896 θεοί·
2848 4844 2876 4894 0
2900 4841 2955 4893 δὲ
2983 4836 3125 4905 εἷπε,
3154 4840 3242 4909 Γῆ
3290 4837 3363 4905 εἷ,
3394 4839 3496 4894 καὶ

1917 4927 2003 4988 εὶς
2026 4922 2139 4992 γῆν
2160 4925 2489 4992 ἀπελεύσῃ.
2524 4926 2618 4988 Τίς
2642 4922 2735 4979 οὖν
2764 4926 3011 4995 ὠφέλησε
3041 4924 3260 4994 μᾶλλον,
3292 4927 3494 4987 ἐκεῖνος

1917 5012 1944 5061 0
1974 5006 2163 5072 εἰπὼν,
2194 5009 2274 5061 ὅτι
2303 5010 2562 5063 Ἕσεσθε
2599 5011 2677 5075 ὡς
2709 5010 2852 5072 θεοὶ,
2893 5003 3097 5080 ἢοῦτος
3134 5010 3161 5060 ὀ
3191 5008 3380 5071 εἰπὼν,
3410 5010 3493 5061 ὃτι

1918 5092 2007 5161 Γῆ
2037 5089 2109 5157 εἴ,
2144 5093 2241 5146 καὶ
2266 5096 2353 5160 εὶς
2375 5095 2490 5164 γῆν
2509 5096 2852 5162 ἀ.τελεύσῃ;
2882 5088 3047 5156 Οὗτος
3076 5092 3302 5146 θάνατον
3333 5093 3491 5162 ἠπεί-

1916 5176 2099 5249 λησεν,
2132 5181 2339 5242 ἐκεῖνος
2391 5178 2690 5232 ἀθανασίαν
2727 5176 3091 5247 ἐπηγγείλατο
3116 5192 3128 5204 ο
3162 5177 3277 5229 ἀλλ’
3324 5178 3353 5228 0
3393 5176 3491 5246 μὲν

1917 5261 2217 5316 ἀθανασίαν
2244 5262 2731 5331 ἐπαγγειλάμενος,
2760 5262 2855 5315 καὶ
2897 5261 2990 5314 τοῦ
3040 5261 3366 5331 παραδείσου
3403 5259 3489 5325 ἐξα

1918 5345 2107 5399 έδαλεν
2126 5363 2141 5376 ’
2179 5348 2207 5399 0
2226 5347 2281 5399 δέ
2312 5346 2540 5400 θάνατον
2562 5346 2885 5415 ἀπειλήσας,
2908 5347 2986 5409 εἰς
3014 5344 3107 5398 τὸν
3141 5344 3365 5416 οὐρανὸν
3392 5344 3487 5396 άν-

1920 5430 2142 5499 ήγαγεν.
2159 5427 2307 5494 Εἶδες
2331 5429 2446 5493 πῶς
2462 5429 2942 5497 Ἀξιοπιστότερα
2964 5430 3265 5497 τραύματα
3285 5429 3484 5497 φίλου,

1918 5514 2225 5582 ἢέκούσια
2261 5513 2564 5583 φιλήματα
2613 5513 2992 5583 ἐχθροῦ;Διά
3034 5513 3191 5567 τοῦτο
3237 5514 3328 5566 καὶ
3360 5512 3488 5582 πρὶν

1918 5596 2215 5660 ἀποδεῖξαι,
2250 5599 2408 5666 χάριν
2428 5597 2535 5666 ἔχω
2580 5601 2692 5661 τοῖς
2732 5596 3072 5664 ἐγκαλοῦσιν.
3134 5598 3195 5649 υί
3229 5596 3326 5664 μὲν
3355 5595 3483 5664 γὰρ,

1920 5682 2020 5735 κᾶν
2048 5681 2295 5748 δικαίως,
2329 5681 2431 5736 κᾶν
2460 5682 2658 5746 ἀδίκως
2708 5684 3031 5752 ἐγκαλῶσιν,
3080 5681 3178 5733 οῦκ
3230 5678 3485 5733 ὀνειδίσαι
