3964 6342
495 244 598 302 555

491 365 823 436 βουλόμενοι.
870 369 1007 424 ἀλλά
1053 373 1368 445 διορθῶσαι,
1402 381 1559 434 τοῦτο
1615 383 1886 440 ποιοῦσιν
1938 388 2069 441 οίδέ

487 455 688 526 ἐχθροὶ,
717 458 816 512 κᾶν
847 459 1070 526 δικαίως
1100 466 1425 532 ἐγκαλῶσιν,
1453 471 1576 541 οὐχὶ
1614 472 1926 546 διορθῶσαι,
1948 479 2067 531 ἀλλ’

488 551 868 618 ἐκπομπεῦσαι
898 556 1292 625 σπουδάζοντες
1326 563 1666 634 ἐλέγχουσιν.
1703 562 1858 622 οῦτοι
1886 572 2068 625 τοίνυν

484 643 852 710 ἐπαινοῦντες,
881 649 1297 722 σπουδαιότερον
1331 656 1552 725 ζητοῦσι
1587 661 1832 729 ποιῆσαι,
1866 665 2064 717 ἐκεῖνοι

481 736 558 800 δέ,
589 737 689 791 κᾶν
717 739 1034 805 ἐπαινῶσιν,
1062 743 1415 801 ὑποσκελίσαι
1443 751 1750 806 σπεύδουσι.

552 851 697 922 Πλὴν
718 853 868 918 ὅπως
901 856 966 909 ἂν
999 859 1025 910 6
1059 857 1278 930 ἐλεγχος
1309 865 1544 935 κινῆται,
1593 870 1734 938 μέγα
1774 871 1975 938 ἀγαθὸν
2005 873 2067 926 τὸ

479 937 741 993 δύνασθαι
793 941 978 1012 φέρειν
1011 944 1266 1017 ἐλέγχους
1307 951 1400 1003 καὶ
1450 937 1794 1025 ἐγκλήματα,
1825 937 1929 1011 καὶ
1989 958 2064 1029 μὴ

480 1024 734 1097 ἐκθηριοῦ
745 1027 886 1112 σθαι.
922 1031 973 1082 '0
996 1029 1104 1102 γὰρ
1121 1033 1320 1101 μισῶν
1343 1024 1658 1108 ἐλέγχους-⁷,
1683 1043 1887 1112 ἄφρων
1907 1024 2060 1109 ἐστὶ,

480 1113 662 1180 φησίν.
690 1115 803 1167 Οὐκ
833 1110 973 1177 εἶπε,
1007 1119 1247 1173 τοιούσδε
1274 1123 1304 1194 ἢ
1333 1125 1575 1180 τοιούσδε
1622 1129 1910 1200 ἐλέγχους,
1948 1133 2062 1185 ἀλλ’

475 1198 687 1263 ἁπλῶς,
722 1202 996 1273 ἐλέγχους.
1053 1207 1114 1261 Et
1167 1209 1265 1279 μὲν
1297 1211 1403 1283 γὰρ
1426 1213 1650 1279 δικαίως
1681 1198 2001 1272 ἐνεκάλεσεν
2034 1223 2064 1273 6

477 1286 652 1353 φίλος,
693 1287 988 1360 διόρθωσαι
1017 1293 1077 1345 τὸ
1111 1295 1417 1368 ἁμάρτημα
1438 1317 1451 1331 ·
1483 1303 1531 1354 εἰ
1567 1302 1622 1354 δέ
1653 1304 1862 1374 ἀλόγως
1892 1309 2062 1378 ἐμέμ-

475 1372 636 1441 ψατο,
687 1375 825 1438 τέως
877 1379 1163 1434 ἐπαίνεσον
1194 1384 1355 1438 αὐτὸν
1393 1387 1492 1457 τῆς
1523 1389 1770 1462 γνώμης,
1803 1394 2060 1462 ἀπόδεξαι

472 1471 564 1512 τον
594 1465 809 1529 σκοπὸν,
847 1465 1006 1536 χάριν
1029 1468 1363 1542 ὁμολόγησον
1412 1475 1510 1546 τῆς
1545 1477 1724 1546 φιλίας
1745 1498 1758 1510 ο
1794 1482 1903 1535 ἀπὸ
1952 1483 2060 1555 γὰρ

474 1547 566 1600 τοῦ
595 1550 799 1622 σφόδρα
830 1552 1007 1621 φιλεῖν
1037 1556 1097 1608 τὸ
1121 1559 1374 1626 ἐγκαλεῖν
1406 1563 1632 1630 γίνεται.
1665 1567 1754 1638 Μὴ
1778 1547 2058 1641 δυσχεραί-

475 1652 655 1706 νωμεν
682 1637 1051 1711 ἐλεγχόμενοι.
1113 1646 1222 1699 Καὶ
1259 1649 1369 1720 γάρ
1408 1651 1620 1720 μεγάλα
1657 1637 2060 1726 ὀνίνησι-τοῦτο

469 1725 567 1796 τὴν
595 1725 741 1798 ζωὴν
768 1730 866 1800 τὴν
895 1733 1197 1804 ἡμετέραν,
1237 1738 1286 1789 εί
1317 1740 1522 1806 γίνοιτο
1549 1745 1700 1812 παρά
1731 1725 1972 1812 πάντων,
2008 1750 2057 1800 εί

469 1813 561 1864 καὶ
591 1813 906 1886 ἐλέγχοιμεν
936 1821 1064 1884 τοὺς
1088 1822 1524 1894 ἁμαρτάνοντας,
1573 1830 1664 1882 καὶ
1710 1833 2054 1904 ἁμαρτάνον-

464 1917 556 1965 τες
582 1902 841 1974 φέροιμεν
867 1907 995 1971 τοὺς
1030 1908 1289 1980 ἐλέγχους
1327 1915 1565 1980 εὐκόλως
1585 1934 1597 1947 ·
1641 1919 1780 1990 ὅπερ
1806 1902 1913 1993 γὰρ
1961 1923 2056 1977 ἐπὶ

464 1991 574 2044 τῶν
607 1995 936 2064 τραυμάτων
980 1999 1099 2050 ἐστὶ
1131 2000 1201 2054 τὰ
1255 2003 1559 2076 φάρμακα,
1595 2007 1753 2061 τοῦτο
1801 1991 1894 2063 ἐπί
1946 2012 2055 2065 τῶν

465 2080 880 2152 ἁμαρτημάτων
909 2087 958 2137 οί
997 2085 1237 2157 ἔλεγχον
1273 2089 1462 2162 ὥσπερ
1501 2089 1595 2146 οὖν
1624 2097 1652 2147 ό
1681 2095 1749 2148 τὰ
1785 2097 2055 2169 φάρμακα

465 2165 617 2240 [ιιη
651 2169 1090 2244 διακρουόμενος,
1130 2177 1377 2248 ἀνόητος,
1409 2180 1551 2234 οὕτω
1573 2183 1665 2236 καὶ
1695 2186 1722 2237 6
1747 2165 1878 2250 τοὺς
1896 2165 2055 2256 ἐλέγ-

466 2271 594 2324 χους
630 2256 704 2328 μὴ
730 2259 1181 2332 καταδεχόμενος,
1213 2265 1421 2337 ἄφρων.
1475 2269 1614 2323 Ἀλλ’
1668 2270 2051 2344 ἐκθηριοῦνται

466 2345 648 2398 πολλοὶ
681 2347 961 2413 πολλάκις,
992 2353 1130 2423 πρὸς
1155 2355 1357 2420 αὐτοὺς
1390 2360 1698 2426 ἐννοοῦντες
1746 2365 1841 2416 καὶ
1867 2363 2053 2433 λέγονο

464 2447 556 2494 τες
577 2449 589 2462 ·
621 2434 810 2503 Σοφὸς,
838 2440 1023 2508 φησὶν,
1047 2440 1157 2509 ἐγὼ
1191 2443 1283 2496 καὶ
1311 2447 1530 2510 συνετὸς
1551 2449 1644 2501 τοῦ
1670 2450 1841 2514 δεῖνος
1865 2451 2051 2516 ἀνέξο-

467 2537 594 2589 μαι;
630 2522 730 2573 ούκ
761 2523 982 2588 εἰδότες,
1007 2527 1088 2579 ὅτι
1122 2530 1281 2583 τοῦτο
1310 2531 1443 2585 αὐτὸ
1475 2535 1710 2607 ἐσχάτης
1746 2539 1934 2603 ἀνοίας
1967 2557 2052 2593 τε·

465 2611 721 2680 κμήριον.
755 2609 937 2668 Εἶδον
982 2615 1109 2688 γὰρ,
1163 2622 1349 2689 φησὶν,
1394 2622 1712 2694 ἄνθρωπον
1751 2627 2050 2685 δοκοῦντα

464 2697 664 2766 σοφὸν
690 2695 844 2755 εἶναι
877 2705 1014 2772 παρ’
1044 2706 1256 2773 ἐαυτῷ,
1294 2709 1514 2766 ἐλπίδα
1559 2713 1627 2766 δὲ
1655 2715 1778 2782 ἔχει
1805 2717 2048 2786 μᾶλλον

465 2781 728 2852 όᾶερρων
749 2790 960 2844 αὐτοῦ.
1011 2791 1111 2845 Διά
1149 2795 1308 2849 τοῦτο
1340 2799 1434 2852 καὶ
1487 2781 1895 2872 Παῦλοςίλέγει,
1945 2806 2044 2873 Μὴ

460 2869 700 2963 γίνεσθε
723 2877 996 2946 φρόνιμοι
1020 2883 1156 2949 παρ’
1190 2883 1448 2953 ἑαυτοῖς.
1493 2889 1610 2942 Κᾶν
1643 2892 1750 2962 γὰρ
1786 2869 2044 2963 μυριάκιξ

462 2953 512 3008 εἴ
535 2960 716 3029 σοφὸς,
758 2964 852 3016 καὶ
881 2967 948 3019 τὰ
971 2967 1158 3023 δέοντα
1188 2974 1458 3044 συνορῶν,
1490 2976 1605 3030 ἀλλ’
1636 2979 1920 3051 ἄνθρωπος
1971 2981 2040 3048 εἴ,

462 3046 560 3098 καὶ
582 3048 770 3116 χρείαν
797 3050 940 3120 ἔχεις
971 3055 1297 3125 συμϐούλου.
1341 3063 1400 3114 '0
1423 3062 1555 3128 Θεὸς
1575 3066 1684 3136 γὰρ
1709 3046 1868 3137 μόνος
1895 3046 2043 3123 ἐστὶν

457 3133 733 3206 ἀνενδεὴς,
766 3141 861 3193 καὶ
895 3142 1055 3210 μόνος
1085 3145 1143 3198 ού
1179 3145 1350 3202 δεῖται
1407 3153 1730 3222 συμϐούλου.
1776 3159 1853 3208 Δι’
1881 3156 1909 3208 ὃ
1950 3160 2043 3212 καὶ

385 3235 394 3245 ·
459 3223 586 3294 περὶ
620 3226 826 3281 ἐκείνου
893 3231 1055 3301 μόνου
1095 3233 1348 3303 λέγεταιο
1407 3243 1503 3307 Τίς
1535 3244 1645 3311 γὰρ
1692 3246 1844 3314 ἔγνω
1891 3246 2043 3300 νοῦν

456 3311 700 3378 Κυρίου,
733 3314 770 3382 ἣ
807 3317 896 3381 τίς
914 3319 1260 3390 σύμϐουλος
1289 3325 1478 3380 αὐτοῦ
1503 3311 1781 3399 ἐγένετος
1825 3331 2041 3404 ἅνθρωο

456 3415 547 3452 ποι
571 3399 645 3462 δέ,
675 3403 778 3455 κᾶν
811 3408 1066 3475 μυριάκις
1105 3404 1254 3482 ὦμεν
1310 3417 1496 3484 σοφοὶ,
1535 3423 1792 3491 μυριάκις
1823 3399 2040 3493 διεῖλέ·

459 3486 618 3558 μεθα,
649 3490 743 3542 καὶ
773 3492 832 3544 τὺ
857 3495 952 3564 τῆς
989 3497 1202 3565 φύσεως
1227 3501 1385 3571 ἡμῶν
1422 3504 1648 3570 ἀσθενὲς
1676 3508 2036 3579 διαφαίνεται.

450 3577 533 3628 Οὐ
559 3575 666 3645 γὰρ
703 3577 952 3634 δύναται
981 3583 1178 3639 πάντα
1201 3584 1354 3641 εἶναι
1376 3591 1445 3644 ἐν
1481 3575 1834 3664 ἀνθρώποις,
1882 3601 2036 3670 φησί.

456 3663 554 3716 Διά
587 3664 674 3730 τί;
713 3667 832 3719 Ὅτι
854 3671 956 3722 οὐκ
985 3671 1254 3739 ἀθάνατος
1276 3677 1390 3740 υἱὸς
1418 3679 1724 3752 ἀνθρώπου.
1759 3663 1822 3738 Τί
1847 3663 2041 3756 φωτειο

455 3749 672 3820 νότερον
709 3752 897 3822 ἡλίους
933 3757 1071 3810 Ἀλλ’
1088 3760 1238 3831 ὅμως
1263 3749 1533 3820 καὶτοῦτο
1568 3769 1830 3828 ἐκλείπει.
1853 3749 2039 3829 Καθά-

458 3854 563 3908 περ
591 3835 685 3892 οὖν
722 3843 899 3896 ἐκεῖνο
933 3846 992 3898 τὸ
1023 3847 1136 3915 φῶς
1168 3850 1230 3903 τὺ
1277 3850 1550 3926 λαμπρὸν,
1607 3859 1708 3928 τὴν
1754 3861 2036 3932 ἀπαστρά-

455 3941 699 3981 πτουσαν
750 3931 944 3984 ἀκτῖνα
979 3937 1168 4000 σκότος
1201 3939 1428 3994 ἐπελθὸν
1483 3944 1859 4016 ἀποκρύπτει·
1897 3949 2039 4003 οὕτω

456 4015 716 4083 πολλάκις
749 4019 844 4073 καὶ
867 4022 965 4090 τὴν
995 4025 1210 4078 σύνεσιν
1238 4028 1336 4100 τὴν
1366 4031 1662 4103 ἡμετέραν,
1697 4037 1949 4110 καθάπερ
1980 4040 2037 4093 ἐν

456 4104 703 4178 σταθηρᾷ
733 4111 1049 4184 μεσημϐρία
1080 4114 1404 4185 λάμπουσαν
1444 4121 1538 4173 καὶ
1587 4104 2034 4198 διαφαινομένην,

453 4192 754 4247 ἐπελθοῦσα
786 4195 938 4250 ἀνοια
969 4199 1254 4272 ἀπέκρυψε
1281 4204 1542 4270 πολλάκις
1563 4225 1576 4239 ⁸
1625 4213 1718 4265 καὶ
1767 4214 1793 4265 6
1824 4192 1924 4285 μὲν
1949 4192 2038 4269 σοέ

456 4279 554 4346 φὸς
586 4281 644 4333 τὸ
679 4281 796 4335 δέον
821 4285 882 4337 οὐ
915 4288 1173 4353 συνεῖδεν,
1215 4293 1243 4344 6
1273 4292 1328 4346 δέ
1356 4293 1596 4351 ἐλάττων
1617 4279 1837 4352 ἐκείνου.
1856 4302 2036 4375 πολλῷ

453 4366 704 4437 ὀξύτερον
725 4371 932 4425 ἐκείνου
972 4375 1129 4429 τοῦτο
1159 4377 1436 4450 ἐφώρασε.
1459 4384 1570 4436 Καὶ
1610 4386 1767 4439 τοῦτο
1802 4391 2032 4457 γίνεται,

453 4453 539 4506 ἵνα
568 4461 704 4528 μήτε
731 4459 759 4509 6
794 4459 954 4529 σοφὸς
983 4463 1297 4536 ἐπαίρηται,
1340 4471 1479 4540 μήτε
1516 4473 1546 4524 6
1572 4453 2035 4547 561816;-“ch

449 4541 734 4616 ταλανίζῃ.
765 4547 924 4615 Μέγα
956 4549 1160 4618 ἀγαθὸν
1206 4554 1464 4628 ἐλέγχους
1516 4541 1776 4616 δύνασθαι
1820 4566 2030 4637 φέρειν,

453 4633 597 4701 μέγα
617 4633 821 4702 ἀγαθὸν
866 4637 1125 4694 δύνασθαι
1180 4642 1454 4716 ἐλέγχειν·
1498 4649 1655 4703 τοῦτο
1706 4633 2034 4724 κηδεμονίας

453 4719 735 4792 μεγίστης.
765 4721 900 4778 Νυνὶ
919 4725 976 4779 δὲ
1002 4726 1068 4781 ἂν
1096 4730 1194 4800 μὲν
1235 4731 1434 4804 ἴδωμεν
1456 4736 1742 4808 ἄνθρωπον
1871 4719 2032 4812 xum;

450 4806 635 4862 νίσκον
688 4810 881 4881 ἔχοντα
916 4816 1361 4889 παραλελυμένον
1413 4823 1478 4875 ἐκ
1530 4806 1794 4894 πλαγίων,
1837 4806 2030 4901 τὴν

450 4893 617 4966 άλλην
648 4901 840 4969 στολὴν
873 4903 1060 4966 κακῶς
1108 4909 1500 4979 περικειμένην
1525 4951 1538 4975 ,
1586 4893 1907 4986 διορθοῦμέν
1939 4893 2031 4974 κάὶ

451 4981 972 5058 ὑπομιμνήσκομεν·
1014 4991 1079 5044 ἂν
1101 4991 1157 5044 δὲ
1184 4993 1380 5064 ἴδωμεν
1409 4998 1571 5051 αὐτοῦ
1602 5001 1699 5072 τὴν
1744 5002 1887 5073 ζωὴν
1926 5024 2029 5060 πα-

455 5067 842 5146 ραλελυμένην,
874 5077 994 5130 οὐδὲ
1027 5078 1185 5148 λόγον
1213 5083 1534 5155 προϊέμεθα.
1571 5067 1668 5139 Ἂν
1703 5067 1901 5159 ἴδωμεν
1933 5095 2030 5146 αὺ-

448 5155 545 5208 τοῦ
571 5157 660 5210 τὸν
690 5161 801 5228 βίον
834 5165 1118 5236 ἀσχήμονα
1161 5169 1311 5233 ὄντα,
1362 5155 1816 5246 παρατρέχομενί
1852 5181 2028 5234 καίτοι

452 5241 520 5294 τὰ
546 5243 645 5315 μὲν
673 5246 779 5300 τῶν
811 5252 1064 5320 ἱματίων,
1101 5257 1261 5328 μέχρι
1293 5241 1563 5326 γέλωτος,
1685 5241 1767 5317 ’δέ
1797 5266 1895 5336 τῆς
1923 5268 2026 5338 ψυ-

447 5334 568 5406 χῆς,
607 5337 768 5408 μέχρι
802 5340 1043 5396 κινδύνου
1079 5346 1460 5418 κα“ιτιμωρίας
1504 5352 1672 5406 ἐστίν.
1730 5334 1892 5426 Ὁρᾷς
1937 5334 2027 5411 τὸν

448 5423 698 5494 ἀδελφὸν,
720 5427 841 5480 εἰπέ
870 5446 980 5496 μοι,
1019 5435 1157 5489 κατὰ
1187 5438 1431 5508 κρημνοῦ
1461 5423 2025 5516 φερόμενον,’ἡμελη-

448 5514 611 5582 μένον
661 5513 851 5586 ἔχοντα
881 5517 1013 5587 βίον,
1067 5522 1128 5574 οὐ
1161 5526 1471 5595 συνορῶντα.
1506 5528 1569 5581 τὸ
1607 5529 1746 5596 δέον,
1804 5534 1896 5585 καὶ
1927 5535 2028 5587 οὐκ

446 5604 660 5674 ὀρέγεις
685 5607 842 5676 χεῖρα
867 5647 882 5671 ,
923 5607 1025 5660 οὐκ
1070 5610 1290 5682 ἀνιστᾷς
1317 5615 1382 5667 ἐκ
1407 5616 1503 5669 τοῦ
1559 5617 1885 5687 πτώματος;
1926 5623 2028 5676 οὐκ

443 5695 715 5766 ἐγκαλεῖς,
733 5699 824 5752 καὶ
847 5697 1087 5769 ἐλέγχεις
1105 5716 1118 5766 ;
1137 5701 1271 5757 ἀλλά
1291 5702 1350 5757 τὸ
1378 5705 1453 5778 μὴ
1483 5708 1850 5779 προσκροῦσαι
1878 5710 2026 5783 αὐτῷ

1266 266 1321 323 5.
1363 272 1648 330 JOANNIS
1686 281 2167 346 CHRYSOSTOMI
2205 293 2525 355 ARCHIEP.
2566 301 3103 362 CONSTANTINOP.

3645 301 3762 357 {3|

2169 396 2260 447 καὶ
2291 400 2522 471 φανῆναι
2575 405 2820 478 ἐπαχθὴς
2869 413 3140 481 προτιμᾷς
3167 414 3266 482 τῆς
3306 415 3512 469 ἐκείνου
3567 434 3750 492 σωτη-

2168 489 2324 559 ρίας;
2363 493 2472 545 Καὶ
2530 496 2684 550 ποίαν
2737 499 2878 564 ἕξεις
2915 503 3242 576 συγγνώμην
3272 507 3421 579 παρά
3442 509 3534 563 τοῦ
3565 489 3747 575 Θεοῦ-ς

2162 585 2283 637 τίνα
2316 587 2644 656 ἀπολογίαν;
2670 593 2783 645 υύκ
2809 595 3044 664 ἤκουσας
3071 597 3124 651 τί
3159 601 3268 662 τοῖς
3330 602 3602 666 Ἰουδαίοις
3623 605 3749 657 ἐκέ-

2163 679 2352 732 λευσεν
2377 683 2406 734 ὀ
2427 682 2558 746 Θεὸς
2583 700 2596 713 ·
2625 685 2693 737 τά
2719 685 2986 756 ὑποζύγια
3008 690 3116 744 τῶν
3140 692 3350 762 ἐχθρῶν
3379 694 3454 765 μὴ
3481 698 3746 768 περιορᾷν

2165 773 2523 845 πλανώμενα,
2591 778 2727 848 μηδέ
2785 782 3148 852 παρατρέχειν
3209 787 3574 852 πεπτωκότας
3608 785 3746 842 Εἶτα

2177 865 2417 921 Ἰουδαῖοι
2449 869 2546 938 μέν
2575 874 2642 924 τά
2675 870 2844 939 ἄλογα
2874 872 3186 928 κελεύονται
3234 878 3309 948 μὴ
3336 881 3597 950 περιορᾷν
3628 879 3744 933 τῶν

2161 958 2392 1028 ἐχθρῶν,
2419 962 2578 1029 ἡμεῖς
2605 962 2660 1015 δέ
2688 965 2787 1027 τὰς
2819 965 2998 1036 ψυχὰς
3031 967 3136 1019 τῶν
3158 969 3401 1038 ἀδελφῶν
3451 971 3573 1024 καθ’
3605 974 3743 1026 ἐκά-

2162 1069 2295 1124 οτην
2317 1055 2810 1127 ύποσκελιζομένας
2835 1061 3046 1130 ἡμέραν
3066 1061 3463 1132 περιοψόμεθα;
3488 1064 3596 1118 Καὶ
3620 1064 3740 1129 πῶς

2157 1148 2258 1200 ούκ
2307 1149 2542 1218 ἐσχάτης
2595 1151 2751 1203 τοῦτο
2805 1153 3083 1222 ὠμότητος
3115 1156 3206 1206 καὶ
3250 1155 3562 1226 θηριωδίας,
3599 1160 3736 1228 μηδὲ

2158 1244 2428 1314 τοσαύτην
2460 1245 2758 1316 ἀπονέμειν
2791 1247 3098 1318 ἀνθρώποις
3141 1251 3418 1318 πρόνοιαν,
3456 1252 3588 1322 ὅσην
3622 1255 3736 1314 τοῖς

2157 1334 2372 1401 ἀλόγοις
2411 1337 2645 1404 ἐκεῖνοι;
2683 1338 2855 1392 Τοῦτο
2904 1341 3078 1394 πάντα
3122 1342 3406 1412 ἀνέτρεψε,
3454 1343 3615 1396 τοῦτο
3641 1345 3740 1397 τὸν

2159 1427 2272 1494 βίον
2306 1429 2462 1496 ἡμῶν
2517 1431 2784 1498 συνέχεεν,
2820 1432 2902 1484 ὅτι
2933 1431 3053 1485 οὔτε
3107 1433 3446 1503 ἐλεγχόμενοι
3497 1437 3737 1505 φέρομεν

2155 1521 2440 1585 γενναίως,
2469 1520 2593 1573 οὔτε
2621 1521 2836 1592 ἐτέρους
2871 1522 3114 1592 ἐλέγχειν
3148 1524 3477 1596 βουλόμεθα’
3508 1525 3599 1579 διὰ
3628 1527 3738 1597 γὰρ

2153 1613 2312 1666 τοῦτο
2346 1614 2440 1664 καὶ
2484 1615 2738 1683 ἐπαχθεῖς
2798 1615 2964 1685 ἐσμεν
2998 1614 3331 1684 ἐλέγχοντες,
3361 1617 3547 1688 ἐπειδὴ
3568 1619 3737 1689 ἐκθη-

2157 1706 2422 1776 ριούμεθα
2479 1707 2844 1777 ἐλεγχόμενοι,
2885 1707 2947 1761 El
2984 1710 3092 1776 γὰρ
3146 1709 3261 1780 ᾔδει
3290 1711 3317 1761 6
3370 1711 3620 1779 ἀδελφὸς,
3648 1712 3736 1764 δτι

2155 1798 2380 1866 ἐλέγξας
2411 1817 2467 1852 σε
2496 1802 2752 1872 ἐπῃνεῖτο
2782 1801 2931 1871 παρὰ
2954 1799 3104 1872 [HS]
3133 1801 3247 1865 σοῦ,
3279 1803 3372 1854 καὶ
3385 1803 3542 1867 αὐτὸς
3573 1802 3734 1872 ἐλεγ-

2153 1891 2378 1960 χόμενος
2407 1892 2500 1962 τὴν
2535 1892 2702 1961 αὐτὴν
2726 1893 2960 1964 ἀμοιϐὴν
2995 1895 3279 1949 ἀπέδωκεν
3309 1895 3392 1949 ἄν.

2223 2007 2290 2075 β’.
2329 2008 2514 2060 Βούλει
2545 2009 2736 2077 μαθεῖν
2767 2010 2847 2061 ὅτι
2884 2010 2986 2063 κᾶν
3019 2009 3223 2083 σφόδρα
3253 2010 3472 2074 συνετὸς
3496 2008 3560 2085 ᾗς
3582 2049 3598 2072 ,
3627 2011 3736 2071 κᾶν

2153 2102 2356 2173 σφόδρα
2407 2105 2840 2174 ἀπηρτισμένος,
2900 2105 3004 2158 κᾶν
3043 2107 3179 2177 πρὸς
3212 2107 3380 2175 αὐτὴν
3417 2107 3516 2176 τὴν
3553 2107 3736 2176 ἄκραν

2150 2197 2392 2265 κορυφὴν
2423 2194 2581 2266 ἔλθῃς
2612 2195 2709 2263 τῆς
2739 2195 2961 2265 ἀρετῆς,
2995 2195 3184 2265 χρείαν
3228 2195 3371 2264 ἔχεις
3402 2195 3738 2266 συμϐούλου,

2151 2286 2244 2340 καὶ
2291 2285 2630 2356 διορθοῦντυς
2659 2289 2752 2339 καὶ
2782 2287 3136 2358 ἐλέγχοντος;
3176 2290 3443 2341 Ἀκουσον
3490 2289 3741 2358 ἱστορίαν

2149 2379 2403 2432 παλαιάν.
2431 2379 2599 2434 Οὐδὲν
2632 2381 2912 2444 Μωῡσέως
2935 2376 3004 2451 ἦν
3037 2381 3168 2432 ἴσον.
3203 2381 3312 2431 Καὶ
3333 2379 3444 2450 γάρ
3475 2380 3739 2447 πραόταρ

2145 2486 2268 2536 τος,
2292 2471 2478 2541 φησὶν,
2501 2467 2580 2541 ἦν
2600 2471 2841 2524 πάντων
2860 2471 3186 2539 ἀνθρώπων
3206 2469 3438 2535 ἐκεῖνος
3456 2508 3471 2532 ,
3520 2471 3616 2522 καὶ
3651 2470 3739 2540 τῷ

2145 2561 2264 2631 Θεῴ
2297 2562 2469 2631 φίλος,
2499 2563 2593 2615 καὶ
2618 2563 2717 2632 τῆς
2742 2563 2942 2627 ἔξωθεν
2975 2562 3293 2632 φιλοσοφίας
3333 2561 3738 2634 ἐνεπέπληστο,

2146 2654 2370 2725 καὶτῆς
2399 2657 2774 2726 πνευματικῆς
2822 2655 3032 2727 πλήρης
3073 2652 3141 2726 ἦν
3185 2655 3469 2718 συνέσεως.
3527 2655 3734 2711 Ἐπαι-

2143 2748 2324 2815 δεύθη
2349 2749 2477 2819 γὰρ,
2514 2751 2668 2818 φησι,
2712 2747 2973 2816 Μωυσῆς
3013 2747 3220 2802 πᾶσαν
3273 2749 3497 2817 σοφίαν
3547 2749 3734 2818 Λιτυ-

2143 2845 2351 2896 πτίων.
2409 2839 2558 2906 Εἶδες
2593 2842 3011 2913 ἀπηρτισμένην
3039 2840 3204 2894 αὑτοῦ
3253 2840 3352 2911 τὴν
3407 2839 3731 2902 παίδευσως

2141 2933 2251 2988 Kal
2297 2930 2376 3004 ἦν
2401 2934 2660 3000 δυνατὸς
2692 2935 2762 2986 ἐν
2788 2936 2970 3002 λόγῳ.
3006 2933 3105 2986 καὶ
3135 2933 3297 3001 ἄλλῃ
3337 2930 3545 3001 ἀρετῇ.
3586 2931 3734 2986 Ἀλλ’

2141 3027 2374 3080 ἄκουσον
2401 3027 2494 3080 καὶ
2527 3028 2720 3098 ἑτέραν
2748 3027 3074 3098 μαρτυρίαν.
3109 3026 3348 3090 Πολλοῖς,
3392 3029 3550 3098 φησὶ,
3593 3044 3733 3096 προ-

2142 3119 2340 3188 φήταις
2375 3118 2654 3188 ὡμίλησεν
2682 3120 2710 3170 6
2733 3119 2887 3181 Θεὸς,
2937 3117 3051 3170 ἀλλ’
3087 3117 3262 3170 οὐδενὶ
3313 3116 3486 3178 οὕτως
3519 3116 3729 3185 ὡμίλη-

2143 3227 2264 3263 σεν·
2299 3210 2434 3263 ἀλλὰ
2454 3213 2564 3274 τοῖς
2596 3212 2694 3280 μὲν
2721 3211 2903 3272 ἀλλοις
2924 3212 2983 3262 ἐν
3016 3210 3306 3279 αἰνίγμασι
3337 3209 3431 3262 καὶ
3479 3208 3547 3261 δι’
3590 3210 3732 3260 ὀνει-

2141 3304 2340 3373 ράτων,
2369 3303 2448 3373 τῷ
2470 3303 2523 3356 δέ
2549 3305 2754 3372 Μωῦσῇ
2802 3302 3095 3372 πρόσωπον
3129 3301 3267 3372 πρὸς
3317 3300 3631 3372 πρόσωπον.
3661 3300 3732 3352 Τί

2143 3394 2328 3465 μεῖζον
2356 3395 2547 3448 τούτου
2584 3396 2767 3467 ζητεῖς
2809 3396 3109 3467 τεκμήριον
3134 3395 3236 3465 τῆς
3261 3395 3464 3464 ἀρετῆς
3489 3394 3729 3456 ἐκείνου,

2138 3489 2267 3541 ὅταν
2291 3491 2319 3542 6
2359 3489 2577 3542 πάντων
2609 3488 2888 3556 Δεσπότης
2911 3487 2991 3559 τῷ
3015 3487 3187 3557 δούλῳ
3214 3487 3290 3548 ὡς
3316 3486 3455 3556 φίλῳ
3475 3485 3728 3554 διαλέγη-

2137 3598 2262 3646 ται;
2297 3577 2404 3634 Ἦν
2432 3581 2612 3634 τοίνυν
2641 3579 2802 3650 σοφὸς
2826 3582 2920 3634 καὶ
2953 3583 3050 3652 τὴν
3082 3581 3186 3646 ἔξω
3213 3580 3306 3633 καὶ
3334 3581 3434 3649 τὴν
3452 3579 3560 3631 ἐσω
3595 3596 3727 3631 παι-

2135 3673 2284 3729 δείαν
2307 3691 2318 3703 ·
2349 3670 2417 3744 ἦν
2436 3672 2657 3735 δυνατὸς
2683 3674 2740 3724 ἐν
2763 3673 2906 3742 λόγῳ
2932 3674 3022 3725 καὶ
3050 3672 3196 3742 ἐργῳ
3218 3687 3231 3700 ·
3260 3672 3559 3724 ἐπέτασσεν
3583 3671 3727 3742 αὐτῇ

2135 3770 2204 3838 τῇ
2233 3767 2426 3832 κτίσει,
2455 3765 2642 3837 ἐπειδὴ
2668 3765 2818 3834 φίλος
2843 3762 2911 3836 ἦν
2932 3764 3027 3818 τοῦ
3050 3766 3320 3818 Δεσπότου
3343 3765 3442 3834 τῆς
3467 3765 3722 3826 κτίσεως·

2135 3861 2374 3930 ἐξήγαγε
2407 3861 2534 3914 λαὸν
2568 3860 2821 3913 τοσοῦτον
2853 3857 2915 3925 ἐξ
2964 3860 3272 3926 Αἰγύπτουο
3319 3857 3416 3928 τὴν
3445 3858 3726 3911 θάλασσαν

2137 3953 2343 4022 ἔσχισε,
2382 3953 2475 4005 καὶ
2533 3952 2695 4005 πάλιν
2733 3954 3042 4023 συνήγαγε·
3077 3951 3172 4004 καὶ⁹
3231 3945 3300 4021 ἡν
3363 3952 3492 4004 ἰδεῖν
3535 3951 3726 4020 θαῦμα

2135 4043 2458 4114 παράδοξον.
2491 4043 2624 4095 Τότε
2655 4043 2762 4113 γὰρ
2795 4042 3012 4110 πρῶτον
3034 4042 3246 4096 ἐπεῖδεν
3272 4041 3421 4112 ἥλιος
3444 4042 3726 4096 θάλασσαν

2135 4137 2195 4188 οὐ
2227 4137 2554 4207 πλεομένην,
2589 4137 2730 4190 ἀλλά
2760 4135 3153 4207 πεζευομένην,
3182 4134 3422 4202 πέλαγος
3451 4136 3573 4205 οὐχὶ
3617 4134 3726 4189 κὼ-

2135 4247 2265 4292 παις
2301 4231 2394 4283 καὶ
2448 4230 2674 4295 πλοίοις,
2731 4229 2869 4282 ἀλλά
2926 4229 3086 4282 ποσὶν
3139 4229 3323 4282 ἵππων
3376 4227 3721 4299 περώμενον.

2147 4323 2286 4376 ’Δλλ’
2315 4325 2464 4393 ὅμως
2489 4325 2517 4376 6
2547 4322 2730 4392 σοφὸς,
2757 4325 2785 4375 6
2817 4322 3044 4386 δυνατὸς
3069 4323 3126 4375 ἐν
3155 4321 3300 4392 λόγῳ
3359 4324 3452 4375 καὶ
3487 4322 3655 4392 ἔργῳ,
3694 4325 3720 4375 6

2132 4415 2284 4484 φίλος
2310 4416 2403 4467 τοῦ
2430 4415 2587 4475 Θεοῦ,
2621 4417 2650 4466 6
2670 4417 2736 4486 τῇ
2767 4415 2941 4468 κτίσει
2963 4414 3247 4480 ἐπιτάξας,
3269 4417 3299 4467 6
3323 4413 3566 4468 τοσαῦτα
3595 4413 3723 4468 θαυ-

2135 4513 2541 4582 ματουργὴσας,
2584 4512 2644 4564 οὐ
2705 4510 2913 4563 συνεῖδε
2950 4512 3182 4581 πρᾶγμα
3231 4507 3448 4572 πολλοῖς
3480 4507 3593 4560 τῶν
3621 4509 3720 4560 άν-

2131 4605 2367 4676 θρώπων
2405 4605 2771 4658 εὐσύνοπτον·
2835 4605 2951 4658 ἀλλ’
2997 4605 3027 4656 6
3063 4605 3160 4674 μὲν
3209 4601 3478 4673 κηδεστὴς
3525 4599 3717 4660 αὐτοῦ,

2131 4699 2406 4769 βάρϐαρος
2435 4700 2722 4770 ἄνθρωπος
2746 4701 2841 4751 καὶ
2870 4697 3115 4767 εὐτελὴς.
3168 4694 3405 4748 συνεῖδεν
3435 4693 3594 4757 αὑτδ,
3624 4695 3718 4746 καὶ

2128 4795 2207 4855 είς
2246 4793 2407 4862 μέσον
2437 4793 2643 4862 ἢγαγεν
2665 4808 2676 4820 ’
2717 4795 2924 4856 ἐκεῖνος
2971 4792 3029 4846 δέ
3060 4793 3194 4846 αὐτὸ
3219 4793 3318 4857 οὐχ
3340 4777 3493 4859 εὗρε.
3527 4786 3595 4842 Τί
3624 4783 3716 4842 οῦν

2130 4883 2246 4934 ἐστι
2274 4881 2464 4945 τοῦτο;
2508 4880 2821 4945 Ἀκούσατε,
2845 4881 2933 4935 ἵνα
2961 4880 3295 4951 μάθητε,ὄτι
3327 4881 3560 4944 ἕκαστος
3579 4895 3714 4950 συμ-

2128 4975 2320 5028 ϐούλου
2350 4975 2537 5039 δεῖται,
2574 4975 2677 5028 κᾶν
2701 4973 2843 5028 κατά
2872 4975 3112 5028 Μωῦσέα
3133 4976 3383 5045 γένηται,
3425 4973 3520 5026 καὶ
3543 4975 3629 5026 ὅτι
3647 4973 3715 5026 τά

2126 5065 2252 5128 τοὺς
2283 5065 2549 5136 μεγάλους
2573 5063 2904 5118 λανθάνοντα
2939 5065 3033 5116 καὶ
3077 5063 3422 5132 θαυμαστοὺς
3463 5061 3594 5123 τοὺς
3628 5060 3711 5112 ἀν-

2127 5155 2400 5224 θρώπους,
2431 5158 2555 5219 τοὺς
2606 5158 2836 5226 μικροὺς
2886 5156 2981 5208 καὶ
3012 5155 3250 5218 εὐτελεῖς
3299 5153 3565 5215 πολλάκις
3611 5154 3710 5206 οὐκ

2126 5248 2334 5301 ἔλαθεν.
2375 5246 2592 5317 Ἐπειδὴ
2619 5248 2727 5317 γάρ
2751 5247 2973 5316 ἐξῆλθεν
3003 5248 3032 5300 6
3065 5247 3303 5317 Μωῦσῆς
3327 5247 3386 5312 ἐξ
3407 5247 3706 5314 Αἰγύπτου,

2126 5344 2220 5396 καὶ
2256 5340 2322 5414 ἦν
2358 5344 2416 5393 ἐν
2437 5344 2502 5412 τῇ
2535 5342 2748 5412 ἐρήμῳ,
2786 5342 3028 5411 εἱστήκει
3061 5339 3284 5408 πλησίον
3325 5339 3495 5392 αὑτοῦ
3527 5341 3556 5392 6
3583 5337 3706 5402 λαὸς

2126 5435 2288 5499 ἅπας,
2321 5435 2597 5499 ἑξακόσιαι
2621 5433 2875 5504 χιλιάδες,
2900 5433 2995 5486 καὶ
3025 5435 3160 5485 πᾶσι
3181 5432 3392 5484 διέλυσε
3418 5432 3486 5484 τά
3510 5432 3704 5500 £7117}-

2129 5543 2276 5596 ματα
2299 5529 2409 5588 τοῖς
2442 5525 2577 5593 πρὸς
2604 5523 2866 5591 ἀλλήλους
2906 5522 3363 5593 ἀμφισϐητοῦσιν.
3420 5521 3566 5574 Ἰδὼν
3595 5521 3699 5574 τοί-

2124 5638 2219 5674 νυν
2276 5619 2438 5673 αὺτὸν
2467 5621 2494 5672 ὀ
2523 5617 2785 5688 κηδεστὴς
2833 5617 2993 5669 τοῦτο
3025 5615 3279 5669 ποιοῦντα
3309 5617 3337 5669 6
3376 5613 3586 5684 Ίοθὼρ,
3614 5614 3700 5668 6v-

2125 5719 2340 5787 θρωπος
2364 5715 2454 5768 καί
2475 5714 2698 5786 ἀνόητος
2726 5713 2819 5766 καὶ
2843 5715 2899 5767 ἐν
2923 5715 3112 5786 ἐρήμῳ
3135 5710 3432 5784 βεϐιωκὼς,
3462 5713 3558 5766 καὶ
3582 5706 3701 5762 οὒτε
