3964 6342
216 356 319 414 135

220 475 402 529 animo
444 468 495 523 id
521 475 715 538 agunt;
760 462 959 517 inimici
996 474 1149 523 vero,
1186 457 1393 512 etiamsi
1421 455 1542 520 jure
1569 462 1810 524 arguant,

221 581 325 621 non
371 558 714 629 corrigendi,
759 556 852 613 sed
899 551 1186 608 infamandi
1229 549 1409 604 animo
1453 556 1699 616 arguunt.
1752 544 1813 598 lli

218 657 378 720 igitur
408 654 536 708 dum
572 650 811 713 laudant,
846 646 896 701 id
922 644 1138 699 student
1166 651 1222 694 ut
1248 639 1521 695 meliorem
1547 636 1814 699 efficiant;

216 748 288 801 illi
332 762 502 810 vero,
549 739 757 797 etiamsi
800 736 1049 801 laudent,
1090 732 1435 787 nihilominus
1474 728 1816 798 supplantare

215 847 497 894 conantur.

300 925 774 996 Reprehensionum
805 920 1017 973 utilitas.
1036 947 1106 957 —
1126 914 1391 970 Cmtcrum
1418 924 1630 979 quoquo
1658 906 1816 962 modo

219 1015 571 1087 reprehensio
618 1014 852 1075 accidat,
915 1022 1162 1077 magnum
1207 1012 1354 1059 certe
1399 1002 1593 1055 bonum
1644 1006 1727 1053 est
1771 996 1816 1050 si

216 1113 336 1179 quis
360 1106 813 1178 reprehensiones
834 1100 1340 1165 criminationesque
1362 1095 1429 1147 ita
1459 1093 1597 1146 ferre
1626 1089 1814 1159 possit,

220 1213 273 1256 ut
320 1218 430 1255 non
463 1207 829 1267 cxaslicretur.
870 1195 970 1261 Qui
1014 1192 1154 1245 enim
1187 1190 1292 1243 odit
1327 1186 1715 1253 increpationes,
1745 1183 1819 1235 ait

219 1297 519 1363 Scriptura,
552 1291 796 1359 insipiens
826 1297 898 1341 est
933 1284 1114 1358 (Prov.
1151 1282 1239 1337 12.
1277 1282 1349 1348 1).
1384 1278 1495 1332 Non
1518 1277 1651 1330 dixit
1684 1274 1816 1329 tales

220 1385 303 1440 vel
350 1387 487 1438 tales
535 1382 947 1450 ittcrepationes,
998 1375 1095 1430 sed
1145 1383 1350 1428 tantum
1402 1368 1813 1437 inerepationes.

218 1478 349 1533 Nam
396 1477 441 1530 si
468 1476 591 1543 jure
637 1482 826 1543 arguat
872 1472 1099 1530 amicus,
1150 1473 1427 1535 peccatum
1478 1461 1719 1528 corrige;
1771 1457 1814 1510 si

220 1573 425 1639 absque
470 1568 704 1627 ratione,
750 1562 904 1617 lauda
939 1560 1287 1622 voluntatem,
1329 1567 1547 1622 scopum
1575 1551 1690 1619 ejus
1718 1564 1816 1616 ap-

223 1661 410 1731 proba,
445 1657 699 1711 amicitiae
731 1651 958 1723 gratiam
988 1648 1246 1704 confitere
1277 1662 1289 1699 :
1317 1660 1381 1699 ex
1409 1657 1601 1711 magno
1621 1641 1818 1710 quippe

221 1768 405 1806 amore
435 1747 708 1804 accusatio
733 1743 1106 1814 proficiscitur.
1141 1738 1218 1793 Nc
1257 1734 1670 1795 stomachemur,
1694 1746 1814 1785 cum

222 1843 511 1913 arguimur.
547 1840 603 1893 Id
633 1837 923 1893 admodum
952 1834 1081 1887 utile
1124 1839 1206 1885 est
1252 1830 1375 1882 vita:
1424 1834 1640 1887 nostra),
1672 1824 1716 1878 si
1750 1821 1818 1875 ab

221 1936 473 1990 omnibus
506 1932 619 1996 ﬁat,
648 1932 694 1985 si
724 1940 776 1985 et
824 1936 1105 1999 peccantes
1134 1936 1442 1993 arguamus,
1484 1928 1536 1973 et
1566 1918 1694 1972 dum
1743 1916 1819 1968 la-

223 2031 401 2084 bimur
430 2028 500 2082 ab
541 2027 660 2080 aliis
710 2022 858 2093 argui
912 2021 1142 2074 libenter
1183 2016 1457 2071 feramus:
1487 2013 1540 2067 in
1586 2008 1817 2081 peccatis

221 2123 365 2174 enim
400 2118 543 2172 idem
588 2124 714 2170 sunt
744 2110 1212 2182 reprehensiones,
1240 2104 1381 2176 quod
1430 2104 1482 2157 in
1511 2100 1819 2154 vulneribus

223 2209 499 2272 remedia;
531 2203 978 2278 quemadmodum
1011 2201 1171 2272 igitur
1197 2198 1389 2251 stultus
1415 2206 1494 2250 est
1524 2194 1615 2263 qui
1654 2191 1816 2262 phar-

222 2319 375 2360 maca
429 2302 622 2371 rejicit,
650 2300 721 2353 ita
761 2309 815 2353 et
860 2298 1076 2351 insanus
1125 2292 1190 2357 is,
1237 2290 1325 2361 qui
1373 2284 1818 2358 reprehensiones

223 2410 332 2449 non
383 2389 843 2446 admittitNerum
886 2385 1036 2440 multi
1087 2398 1229 2451 saepe
1259 2387 1663 2448 eanperantur,
1706 2374 1818 2427 lucc

222 2487 366 2557 apud
410 2501 468 2540 se
492 2485 787 2553 cogitantes
815 2488 869 2535 et
896 2479 1138 2534 dicentes
1167 2494 1180 2530 :
1210 2474 1480 2530 Hunccine
1522 2471 1686 2525 feram
1718 2466 1817 2535 ego

222 2581 440 2649 sapiens
468 2587 521 2632 et
564 2573 843 2646 prudens?
887 2572 1194 2641 ignorantes
1229 2581 1347 2621 esse
1390 2562 1518 2619 illud
1562 2569 1819 2615 extrema:

222 2671 512 2727 dementia:
536 2676 930 2738 argumentum.
970 2662 1212 2716 Videbam
1241 2659 1408 2725 enim,
1438 2655 1628 2726 inquit,
1659 2652 1821 2706 homi-

223 2780 360 2827 nem,
390 2762 477 2831 qui
507 2761 602 2815 sibi
626 2759 883 2813 videbatur
929 2756 1151 2822 sapiens,
1174 2761 1220 2805 et
1261 2752 1508 2820 majorem
1548 2746 1637 2800 illo
1679 2758 1820 2811 spem

224 2858 375 2911 habet
414 2856 656 2923 insipiens
704 2851 885 2922 (Prov.
924 2850 1015 2905 26.
1058 2848 1169 2917 η).
1223 2848 1517 2915 Eapropter
1545 2853 1599 2896 et
1629 2840 1820 2895 Paulus

224 2949 356 3003 dicit
384 2965 398 3001 :
436 2945 519 3000 Ne
541 2946 652 3000 sitis
680 2945 946 3013 prudentes
972 2941 1113 3011 apud
1151 2939 1475 3007 vosmetipsos
1519 2934 1695 3005 (Rom.
1729 2931 1817 2985 i2.

225 3040 342 3107 16).
372 3037 523 3093 Licet
545 3037 689 3090 enim
722 3036 913 3088 mirum
941 3033 993 3087 in
1023 3030 1240 3086 modum
1270 3030 1341 3083 sit
1378 3028 1592 3098 sapiens
1612 3036 1665 3081 et
1695 3041 1823 3099 per

222 3130 431 3198 spicas,
461 3136 697 3182 attamen
737 3127 898 3179 homo
918 3140 977 3178 es
1006 3130 1061 3177 et
1083 3120 1308 3177 consilio
1337 3134 1472 3189 Opus
1502 3119 1685 3175 habes.
1716 3120 1820 3175 So-

226 3221 331 3274 lius
362 3220 507 3274 enim
548 3218 639 3272 Dei
668 3227 751 3271 est
780 3215 976 3269 nullius
1004 3213 1264 3283 indigere,
1291 3220 1345 3266 et
1383 3211 1532 3265 nullo
1559 3226 1694 3280 opus
1723 3212 1819 3266 ha-

224 3314 358 3369 bere
388 3312 714 3369 consiliario.
746 3309 871 3364 ldeo
904 3308 972 3363 de
1004 3308 1095 3361 illo
1116 3306 1230 3360 solo
1260 3305 1456 3359 dicitur
1482 3322 1493 3356 :
1528 3304 1652 3370 Quis
1689 3306 1822 3358 enim

225 3406 363 3459 novi!
379 3420 582 3459 sensum
600 3401 826 3467 Domini,
840 3408 925 3454 aut
941 3400 1051 3468 quis
1066 3397 1383 3452 consiliarius
1397 3398 1506 3463 eius
1524 3399 1553 3468 f
1550 3397 1618 3449 uit
1644 3394 1817 3469 (Rom.

227 3499 290 3553 11
346 3496 482 3564 54)?
519 3497 589 3549 At
617 3508 714 3548 nos
746 3492 992 3545 homines
1019 3498 1507 3559 quantumcumque
1527 3488 1817 3555 sapientes,

227 3589 502 3643 inultoties
545 3595 723 3639 tamen
767 3598 955 3638 sumus
1000 3579 1420 3651 reprehensione
1465 3577 1632 3647 digni,
1663 3588 1821 3647 atque

229 3683 355 3736 hinc
379 3690 600 3752 apparet
624 3689 824 3731 natura:
852 3684 1048 3730 nostra:
1078 3673 1379 3728 infirmitas.
1414 3669 1532 3724 Non
1555 3671 1687 3723 enim
1715 3685 1823 3723 om-

227 3774 317 3826 nia
340 3788 449 3826 esse
494 3778 701 3839 possunt
727 3769 781 3820 in
808 3766 1092 3821 hominibus
1132 3762 1322 3832 (Eccli.
1356 3763 1438 3817 17.
1470 3759 1585 3831 29),
1631 3761 1819 3830 inquit.

226 3863 449 3930 Quare?
476 3862 612 3930 Quia
643 3860 782 3914 filius
809 3858 1041 3912 hominis
1068 3871 1173 3911 non
1206 3865 1289 3910 est
1318 3853 1652 3909 immortalis.
1684 3852 1822 3920 Quid

230 3947 462 4011 lucidius
489 3954 643 4008 sole?
673 3955 925 4007 Attamen
953 3960 1007 4005 et
1039 3949 1128 4003 ille
1157 3947 1357 4002 deﬁcit.
1385 3947 1535 4002 Sicut
1562 3961 1689 4016 ergo
1720 3944 1820 4000 ful-

228 4048 409 4118 gidam
449 4047 591 4099 illam
625 4044 797 4099 lucem
822 4051 878 4098 et
904 4041 1274 4111 splendentem
1317 4039 1525 4093 radium
1567 4053 1823 4107 superve-

229 4144 446 4195 nientes
476 4138 714 4192 tenebrae
752 4136 1011 4206 obteguut
1040 4152 1053 4187 :
1086 4134 1156 4187 ita
1184 4143 1239 4188 et
1280 4132 1680 4201 intelligentiam
1730 4146 1828 4185 no-

231 4244 423 4298 stram,
456 4231 606 4299 quasi
654 4230 704 4283 in
752 4228 977 4283 meridie
1024 4226 1315 4295 fulgentem
1364 4233 1419 4279 et
1465 4224 1822 4293 perspicuam,

232 4320 688 4377 inconsiderantia
727 4320 994 4388 obrepens
1039 4331 1184 4386 smpe
1231 4317 1569 4372 tenebrosam
1614 4315 1823 4381 reddit;

232 4414 537 4483 acciditque
580 4420 639 4465 ut
682 4410 901 4479 sapiens
926 4408 1246 4478 quandoque
1299 4422 1405 4461 non
1459 4406 1636 4461 videat
1685 4404 1856 4475 quod”

232 4513 471 4574 oportet,
503 4513 556 4558 et
582 4502 627 4556 is
661 4502 751 4572 qui
788 4500 955 4554 nmlto
988 4499 1060 4553 illi
1094 4498 1313 4552 inferior
1342 4507 1425 4552 est
1459 4497 1668 4551 acutius
1697 4495 1827 4550 illud

233 4598 547 4669 perspiciat.
577 4598 752 4665 Atque
804 4596 872 4647 ita
920 4608 1008 4647 res
1039 4609 1098 4647 se
1126 4592 1305 4656 habet,
1336 4600 1393 4645 ut
1419 4606 1591 4661 neque
1616 4591 1829 4660 sapiens

235 4705 298 4745 se
325 4688 573 4753 extollat,
617 4700 791 4756 neque
826 4684 1046 4739 inferior
1093 4684 1186 4738 illo
1227 4698 1348 4740 sese
1388 4684 1642 4737 miserum
1688 4697 1827 4750 prie-

236 4783 399 4836 dicet.
449 4779 699 4849 Magnum
750 4778 952 4831 bonum
996 4785 1118 4837 est,
1163 4773 1609 4844 reprehensiones
1650 4772 1825 4828 ferre:

239 4887 496 4943 magnum
523 4873 647 4933 item
680 4870 878 4923 bonum
909 4882 1066 4937 posse
1093 4865 1522 4935 reprehendere;
1566 4878 1688 4918 nam
1730 4863 1830 4918 hoc

205 4944 223 5003 θ
237 4965 306 5020 ad
355 4978 543 5019 curam
577 4961 806 5031 proximi
850 4960 1080 5014 maxime
1123 4958 1374 5027 pertinet.
1423 4955 1574 5010 Nunc
1614 4971 1743 5009 vero
1785 4956 1828 5008 si

238 5056 521 5110 videamus
543 5053 813 5106 hominem
844 5051 1073 5104 tunicam
1104 5048 1330 5104 solutam
1353 5057 1408 5102 et
1432 5063 1496 5102 ex
1524 5055 1831 5101 transverso

240 5148 571 5212 habentem,
626 5157 719 5199 aut
772 5143 917 5199 aliud
969 5143 1340 5198 indumentum
1384 5141 1524 5195 male
1578 5140 1827 5209 positum,

244 5252 531 5295 monemus
563 5247 617 5291 et
650 5235 1032 5299 emendamus;
1082 5234 1125 5287 si
1176 5248 1304 5287 vero
1353 5231 1624 5285 videamus
1672 5230 1831 5283 vitam

245 5332 359 5400 ejus
388 5330 728 5395 dissolutam,
762 5343 831 5382 ne
873 5325 1094 5381 verbum
1124 5324 1337 5395 quidem
1387 5322 1727 5393 proferimus.
1778 5321 1831 5374 Si

247 5428 524 5482 videamus
544 5424 706 5478 vitam
731 5422 847 5492 ejus
877 5420 1202 5482 indecorum,
1229 5417 1593 5487 praeterimus:
1625 5415 1833 5468 tametsi

246 5536 306 5572 ea
346 5533 470 5588 qua:
494 5514 564 5583 ad
586 5524 763 5571 vestes
801 5514 1067 5584 pertinent
1100 5553 1116 5576 ,
1146 5511 1307 5565 risum
1346 5518 1585 5571 tantum,
1624 5523 1685 5561 ea
1707 5522 1836 5562 vero

248 5624 365 5676 qua:
405 5608 475 5662 ad
515 5607 746 5660 animam
776 5644 793 5669 ,
826 5602 1115 5675 periculum
1154 5612 1206 5655 et
1246 5600 1562 5669 supplicium
1608 5597 1834 5667 pariant.

249 5703 380 5756 Cum
409 5701 558 5754 vides
585 5698 805 5753 fratrem
846 5711 943 5767 per
982 5693 1271 5765 praecipitia
1314 5692 1459 5755 ferri,
1490 5690 1559 5744 de
1598 5689 1703 5743 vita
1732 5704 1837 5743 non

243 5807 551 5857 curantem,
582 5805 683 5846 nec
713 5805 799 5857 eo,
841 5802 1110 5869 quo‘opus
1140 5793 1243 5853 est,
1266 5792 1614 5855 spectantem,
1660 5796 1839 5838 nonne

860 345 948 402 DE
979 341 1318 400 FEBENDIS
1353 335 1788 395 REPREHENS.
1831 335 1918 391 ET
1962 337 2052 392 DE
2092 336 2348 393 MLTAT.
2390 333 2724 391 NOMINUM.
2770 333 2858 389 Ill.

3398 334 3500 392 (3‘

1929 468 2144 508 manum
2188 452 2453 523 porrigis?
2483 467 2711 507 nonnea
2742 451 2889 521 lapsu
2937 452 3134 522 erigis?
3185 468 3362 507 nonne
3413 468 3503 509 re-

1924 543 2213 613 prehendis
2238 554 2293 599 et
2321 545 2497 613 arguis
2516 544 2541 596 ?
2569 560 2637 598 an
2667 544 2828 613 pluris
2853 542 2982 597 facis
3004 559 3108 598 non
3139 544 3500 615 importunum

1922 634 2091 688 videri
2121 635 2203 689 vel
2224 633 2515 698 offendere,
2547 650 2707 703 quam
2746 635 2862 701 eius
2881 634 3105 689 salutem
3131 637 3356 691 curare?
3396 636 3503 692 Ec-

1921 742 2078 795 quam
2112 725 2384 781 habiturus
2409 742 2469 781 es
2494 727 2629 794 apud
2660 727 2825 780 Deum
2862 727 3110 780 veniam?
3138 744 3295 797 quam
3322 727 3505 783 defen-

1921 820 2167 872 sionem?
2197 818 2310 872 Non
2356 818 2549 872 audisti
2600 819 2724 888 quid
2756 819 2954 874 Judmis
2997 821 3136 876 Deus
3168 823 3503 892 praeceperit,

1923 919 2076 963 utne
2117 909 2347 964 errantia
2394 909 2727 963 inimicorum
2769 916 3005 980 jumenta
3050 910 3405 980 despicerent,
3457 925 3511 968 et

1923 1001 2068 1070 lapsa
2092 1017 2157 1055 ne
2190 1002 2521 1070 praeterirent
2551 1002 2747 1069 (Exod.
2772 1002 2863 1057 23.
2890 1002 2943 1057 4.
2972 1003 3023 1057 5.
3050 1012 3097 1057 et
3120 1002 3266 1058 Deut.
3297 1004 3387 1059 22.
3412 1006 3506 1077 l)?

1922 1090 2066 1146 Itane
2092 1092 2259 1147 Judmi
2305 1092 2520 1162 quidem
2548 1093 2804 1163 jubentur
2833 1094 2983 1147 bruta
3012 1096 3343 1150 inimicorum
3375 1113 3501 1151 suo-

1926 1201 2044 1238 rum
2077 1201 2182 1239 non
2209 1185 2505 1254 deSpieere,
2527 1202 2623 1239 nos
2651 1202 2777 1240 vero
2801 1189 3018 1241 fratrum
3045 1189 3251 1243 animas
3270 1191 3508 1260 quotidie

1922 1277 2288 1347 siipplantatas
2307 1277 2697 1347 despiciemus?
2730 1277 3007 1346 Quomodo
3038 1280 3087 1332 id
3121 1296 3224 1333 non
3252 1290 3507 1336 extrema:

1922 1369 2250 1424 crudelitatis
2294 1378 2349 1424 et
2378 1369 2534 1424 ferini
2563 1370 2725 1424 animi
2775 1370 2951 1437 fuerit,
2982 1387 3087 1424 non
3120 1380 3321 1427 tantum
3364 1388 3509 1428 Cura:

1925 1461 2228 1516 hominibus
2273 1462 2603 1531 impendere,
2640 1473 2895 1532 quantum
2945 1464 3016 1517 illi
3058 1466 3352 1533 jumentis?
3396 1467 3509 1521 lluc

1922 1554 2100 1606 omnia
2131 1555 2413 1619 subvertit,
2444 1554 2546 1609 hoc
2581 1556 2741 1609 vitam
2771 1565 3008 1609 nostram
3038 1558 3334 1621 confundit,
3363 1559 3504 1629 quod

1923 1660 2021 1698 nec
2062 1646 2378 1714 reprehensi
2422 1661 2684 1715 generose
2732 1647 2984 1711 feramus,
3029 1663 3202 1718 neque
3246 1650 3380 1704 alios
3425 1667 3509 1706 re-

1923 1734 2256 1803 prehendere
2284 1735 2510 1790 velimus
2546 1752 2559 1788 :
2606 1735 2726 1790 ideo
2755 1736 2897 1790 enim
2926 1738 3134 1791 molesti
3155 1752 3360 1803 sumus,
3384 1755 3506 1795 cum

1923 1825 2213 1894 arguimus,
2246 1826 2369 1895 quia
2410 1840 2810 1895 eanperamur,
2842 1841 2962 1881 cum
2994 1830 3284 1897 arguimur.
3327 1830 3509 1884 Euiin-

1923 1931 2050 1968 νιτο
2076 1916 2119 1969 si
2142 1920 2303 1970 sciret
2330 1915 2492 1971 frater
2520 1927 2660 1982 tuus,
2680 1932 2737 1970 se
2762 1918 2857 1971 abs
2887 1928 2936 1971 te
2965 1918 3237 1973 laudatum
3271 1921 3354 1982 iri,
3379 1921 3422 1974 si
3457 1933 3508 1975 te

1922 2016 2187 2075 argueret,
2204 2007 2562 2076 reprehensus
2574 2017 2627 2061 et
2648 2009 2761 2076 ipse
2789 2024 2965 2076 parem
2984 2012 3299 2077 rependeret
3312 2013 3503 2065 vicem.

1992 2096 2046 2149 9..
2096 2098 2182 2151 Vis
2208 2097 2348 2152 scire
2387 2106 2469 2163 te,
2502 2098 2711 2152 etiamsi
2758 2098 3044 2153 admodum
3075 2101 3307 2169 prudens
3335 2117 3504 2166 esses,

1922 2190 2129 2243 etiamsi
2156 2190 2445 2261 perfectus,
2465 2190 2675 2244 etiamsi
2697 2191 2761 2243 ad
2786 2205 3052 2245 summum
3074 2193 3281 2246 virtutis
3301 2196 3509 2262 apicem

1924 2283 2280 2350 pervenisses,
2311 2298 2446 2353 opus
2479 2295 2652 2336 tamen
2686 2283 2987 2336 habiturum
3025 2300 3144 2337 esse
3179 2287 3506 2351 consiliario,

1924 2384 1978 2427 et
1993 2390 2058 2428 eo
2076 2375 2165 2442 qui
2193 2387 2241 2429 te
2266 2385 2513 2441 argueret
2542 2392 2604 2430 ac
2631 2376 3088 2445 reprehenderet?
3114 2379 3252 2433 Audi
3276 2390 3507 2435 veterem

1925 2465 2221 2521 historiam.
2263 2466 2406 2521 Nihil
2433 2467 2600 2539 Moysi
2632 2483 2727 2536 par
2766 2478 2884 2523 erat
2917 2487 2931 2523 :
2976 2470 3260 2539 siquidem,
3296 2470 3509 2526 Mitissi-

1925 2579 2037 2616 mus
2064 2572 2192 2624 erat,
2226 2563 2394 2628 inquit
2427 2562 2720 2633 Scriptura,
2749 2565 2972 2617 omnium
3017 2565 3275 2620 hominum
3321 2565 3508 2638 (Num.

1924 2653 2011 2708 12.
2045 2652 2122 2725 5),
2173 2655 2281 2708 Deo
2329 2655 2552 2720 amicus,
2605 2664 2825 2709 externa
2879 2656 3209 2725 philosophia
3255 2658 3510 2725 imbutus,

1925 2746 2298 2816 Spiritualique
2323 2748 2669 2817 intelligentia
2702 2749 2908 2817 plenus.
2943 2747 3190 2804 Eruditus
3218 2754 3360 2807 enim
3380 2762 3507 2817 erat,

1926 2838 2115 2907 inquit,
2146 2836 2350 2908 Moyses
2388 2840 2527 2892 omni
2567 2840 2814 2908 sapientia
2863 2839 3227 2912 ngyptiurum
3268 2844 3407 2913 (Act.
3455 2846 3509 2900 7.

1923 2930 2039 3001 22).
2068 2929 2232 2985 Vides
2271 2931 2611 3000 omnigenam
2652 2932 3045 2987 eruditionem?
3088 2932 3309 3002 Eratque
3334 2947 3513 3005 potens

1923 3037 2154 3076 sermone
2180 3030 2223 3075 et
2251 3022 2449 3075 virtute.
2481 3021 2674 3075 Verum
2702 3022 2825 3076 audi
2857 3023 2997 3078 aliud
3024 3040 3234 3095 quoque
3266 3028 3510 3082 testimo-

1926 3115 2091 3169 nium.
2120 3115 2253 3169 Cum
2284 3114 2484 3179 multis,
2524 3114 2715 3184 inquit,
2748 3117 3021 3186 prophetis
3049 3128 3394 3175 conversatus
3429 3131 3510 3177 est

1928 3208 2104 3271 Deus;
2132 3209 2223 3262 sed
2252 3224 2372 3261 cum
2402 3208 2548 3263 nullo
2584 3211 2659 3263 sic
2688 3222 3032 3266 conversatus
3056 3224 3137 3268 est
3170 3232 3183 3269 :
3228 3231 3350 3269 nam
3387 3232 3509 3271 cum

1925 3301 2041 3355 aliis
2072 3317 2166 3370 per
2194 3302 2470 3368 :enigmata
2494 3310 2549 3355 et
2575 3303 2801 3363 somnia,
2829 3320 2948 3356 cum
2992 3304 3170 3375 Moyse
3212 3323 3340 3361 vero
3370 3306 3507 3362 facie

1926 3390 1993 3444 ad
2035 3391 2220 3445 faciem
2271 3390 2444 3459 (Deut.
2475 3392 2564 3446 54.
2618 3392 2725 3461 10).
2756 3392 2905 3458 Qutid
2958 3395 3048 3448 illo
3092 3397 3261 3463 majus
3303 3398 3512 3453 virtutis

1927 3482 2043 3551 ejus
2098 3482 2350 3536 indicium
2404 3486 2663 3552 requiras,
2716 3486 2928 3553 quando
2973 3503 3210 3541 omnum
3261 3489 3512 3545 Dominus

1928 3591 2142 3630 servum
2165 3576 2312 3644 quasi
2337 3577 2566 3629 amicum
2590 3577 2917 3646 alloquitur?
2952 3578 3077 3632 Erat
3108 3581 3283 3649 itaque
3302 3583 3513 3651 sapiens

1930 3676 2034 3721 tam
2088 3668 2389 3736 peregrina,
2437 3684 2594 3734 quam
2648 3668 2936 3723 domestica
2984 3672 3348 3738 institutione;
3399 3686 3514 3730 erat

1926 3767 2119 3827 potens
2164 3773 2414 3812 sermone
2443 3770 2495 3812 et
2528 3774 2710 3828 opere,
2744 3760 3040 3827 imperabat
3088 3762 3184 3831 ipsi
3230 3775 3510 3830 creaturae,

1927 3849 2051 3919 quia
2095 3849 2300 3901 amicus
2328 3858 2443 3902 erat
2473 3848 2679 3902 Domini
2731 3863 3030 3914 creatum;
3082 3852 3265 3907 eduxit
3308 3863 3512 3909 tantum

1928 3939 2181 4009 populum
2237 3954 2303 3993 ex
2356 3938 2622 4010 Aigypto;
2668 3955 2814 3995 mare
2861 3941 3072 4006 divisit,
3121 3954 3279 4013 atque
3321 3947 3512 4002 iterum

1928 4032 2204 4100 conjunxit
2255 4049 2268 4084 :
2330 4032 2613 4100 ridereque
2660 4042 2776 4087 erat
2821 4035 3142 4103 stupendum
3199 4040 3509 4094 miraculum

1932 4122 2123 4195 (Exod.
2152 4122 2243 4177 55.
2275 4121 2386 4194 Η).
2420 4122 2569 4177 Tunc
2611 4124 2753 4177 enim
2784 4125 3013 4193 primum
3060 4128 3140 4181 sol
3170 4128 3302 4182 vidit
3341 4146 3507 4195 mare,

1929 4228 2038 4269 non
2066 4213 2259 4279 navali,
2283 4214 2375 4268 sed
2405 4213 2637 4282 pedestri
2682 4215 2875 4269 itinere
2902 4216 3113 4270 transiri
3143 4235 3157 4271 :
3188 4219 3513 4292 pelagusque

1931 4321 2038 4360 non
2067 4305 2232 4361 remis
2259 4314 2313 4359 et
2355 4306 2596 4374 navigiis,
2630 4305 2721 4360 sed
2762 4321 3021 4376 equorum
3071 4310 3291 4379 pedibus
3342 4322 3515 4368 trans-

1932 4396 2134 4452 fretari.
2167 4398 2413 4451 Attamen
2452 4396 2539 4451 ille
2567 4399 2800 4463 sapiens,
2836 4397 2923 4451 ille
2953 4407 3141 4465 potens
3179 4414 3429 4457 Sermone
3464 4415 3518 4457 et

1933 4504 2115 4559 Opere,
2145 4489 2344 4542 amicus
2395 4486 2509 4554 Dei,
2555 4489 2643 4558 qui
2684 4498 2942 4543 creatum:
2973 4490 3287 4560 imperabat,
3334 4505 3389 4549 et
3441 4506 3518 4552 tot

1934 4578 2190 4635 miracula
2217 4579 2476 4641 ediderat,
2507 4594 2612 4632 non
2641 4580 3016 4635 animadvertit
3038 4596 3174 4647 rem,
3204 4599 3360 4653 quam
3393 4586 3509 4655 ple-

1934 4675 2087 4741 rique
2133 4672 2439 4726 mortalium
2469 4670 2625 4726 facile
2672 4672 3031 4741 perspiciunt;
3072 4673 3167 4727 sed
3196 4689 3349 4730 socer
3396 4656 3514 4746 ejus

1937 4766 2193 4819 barbarus
2222 4774 2275 4819 et
2321 4765 2578 4819 obscurus
2607 4765 2769 4819 homo
2818 4764 2869 4819 id
2923 4766 3315 4835 animadvertit,
3361 4776 3417 4824 et
3459 4769 3512 4824 in

1936 4858 2168 4912 taedium
2219 4858 2437 4927 protulit
2488 4858 2560 4923 id,
2611 4857 2753 4927 quod
2798 4858 2885 4914 ille
2941 4875 3046 4915 non
3092 4864 3510 4934 echgitaverat.

1935 4950 2070 5018 Quid
2102 4952 2257 5020 igitur
2278 4950 2405 5003 illttd
2434 4952 2552 5004 est?
2581 4951 2793 5019 Audite,
2825 4962 2881 5007 ut
2918 4954 3133 5009 discatis
3161 4973 3515 5030 unumquem-

1936 5059 2040 5112 que
2068 5042 2370 5097 consiliario
2398 5042 2656 5113 indigere,
2686 5044 2893 5098 etiamsi
2944 5045 3104 5116 Moysi
3136 5048 3365 5103 conferri
3399 5066 3521 5121 pos-

1936 5141 2004 5190 sit
2041 5154 2053 5188 :
2104 5137 2371 5205 multaque
2395 5136 2703 5207 plerumque
2733 5152 2872 5196 esse.
2905 5153 3023 5208 quae
3054 5140 3230 5211 magni
3251 5151 3306 5197 et
3344 5144 3513 5199 admi—

1937 5227 2133 5281 rabiles
2182 5229 2278 5281 viri
2327 5229 2590 5297 ignorant,
2623 5243 2742 5297 qua:
2792 5229 2988 5284 nullius
3018 5232 3172 5300 pretii
3214 5233 3518 5292 hominibus

1940 5330 2062 5373 nota
2118 5330 2260 5373 sunt.
2318 5321 2450 5373 Cum
2500 5320 2642 5374 enim
2693 5320 2902 5392 Moyses
2951 5337 3199 5392 egressus
3247 5336 3389 5381 esset
3450 5343 3519 5383 es

1941 5411 2197 5483 Aigypto,
2232 5414 2281 5464 in
2310 5412 2626 5481 desertoque
2652 5421 2853 5482 ageret,
2885 5412 3068 5469 aderat
3099 5416 3344 5473 universa
3370 5419 3522 5489 plebs

1940 5503 2006 5556 ad
2035 5511 2284 5557 sexcenta
2323 5502 2595 5557 hominum
2627 5503 2814 5568 millia,
2835 5505 3178 5576 omniumque
3207 5507 3326 5562 lites
3352 5508 3524 5565 disce-

1941 5596 2311 5665 ptationesquc
2333 5595 2418 5647 ille
2448 5594 2689 5648 solvebat
2719 5591 2911 5665 (Exod.
2944 5596 3057 5668 18).
3088 5596 3238 5663 Quod
3267 5597 3353 5653 ubi
3392 5599 3526 5655 vidit

1944 5700 2097 5739 socer
2133 5684 2249 5753 ejus
2283 5683 2491 5748 .lothor,
2526 5684 2685 5739 homo
2739 5684 3039 5754 imperitus,
3065 5688 3155 5757 qui
3210 5688 3263 5743 in
3304 5688 3520 5744 deserto

1952 5778 2115 5835 vitam
2156 5785 2358 5849 egerat,
2390 5791 2488 5834 nec
2519 5776 2693 5849 legum
2738 5776 3039 5849 politiirquc
3084 5780 3525 5838 consuetudinem
