3964 6342
229 315 329 370 !7‘5
875 327 959 378 DE
999 317 1344 376 FERENDIS
1383 311 1817 370 REPREI‘IENS.

1980 309 2066 365 DE
2106 306 2368 364 MUTAT.
2410 303 2751 362 NOMINUM.
2797 302 2887 356 ιιι.
3398 306 3504 362 .36

229 435 411 502 νόμων
443 429 568 483 οὔτε
596 429 871 493 πολιτείας
903 432 1010 483 τινὶ
1045 432 1378 500 κοινωνήσας
1411 429 1562 492 ποτὲ,
1609 427 1725 482 ἀλλ’
1755 427 1816 479 ἐν
1919 429 2029 484 τῶν
2061 430 2562 501 συμϐουλευόντων,
2600 431 2716 483 ἀλλ’
2743 430 2880 500 αὐτῇ
2945 429 3045 499 τῆς
3099 421 3415 496 συμϐουλῆς
3439 425 3505 494 τῇ

229 513 458 584 ἀσεϐείᾳ
489 513 620 579 ζῶν,
655 507 716 566 οὗ
748 514 802 565 τί
835 514 1033 573 γένοιτ’
1058 515 1123 568 ἂν
1160 513 1345 585 μεῖξον
1377 513 1563 574 ἀνοίας
1612 513 1821 580 τεκμήο-

233 615 376 671 ρων;
405 598 575 650 Οὐδὲν
605 599 713 668 γὰρ
763 597 1030 668 Ἑλλήνων
1080 599 1454 670 ἀνοητότερον.
1505 596 1643 648 Ἀλλ’
1672 597 1822 664 ὅμως

228 681 441 742 ἐκεῖνος
475 681 505 732 ὁ
549 679 840 750 βάρϐαρος,
895 683 924 734 6
973 682 1198 751 ἀσεϐὴς,
1233 682 1262 731 6
1303 681 1550 748 ἀνόητος,
1609 677 1730 730 ἰδὼν
1759 677 1821 729 οὑ

229 764 460 826 δεόντως
488 765 653 818 αὑτὸν
684 764 963 827 ποιοῦντα,
993 763 1273 836 διώρθωσε
1321 763 1412 816 τὸν
1441 762 1704 824 Μωῦσέα,
1731 761 1824 812 τὸν

233 847 396 917 σοφὸν
450 850 546 901 καὶ
580 848 802 900 συνετὸν
835 849 929 900 καί
958 847 1053 901 τοῦ
1109 847 1246 900 Θεοῦ
1303 848 1477 916 φίλον.
1514 846 1624 900 Καὶ
1655 842 1825 897 εἰπὼν

231 932 371 1002 πρὸς
406 933 591 996 αὐτὸν,
635 933 695 985 Τί
715 928 880 986 οὗτοι
906 933 1241 996 ἑστήκασιν
1276 931 1536 985 ἐνώπιόν
1556 945 1707 993 σου;
1732 928 1826 981 καὶ

235 1015 426 1086 μαθὼν
447 1017 547 1085 τὴν
569 1017 749 1069 αἰτίαν
765 1017 912 1084 λέγει
933 1033 946 1046 °
984 1020 1105 1070 Οὐκ
1130 1015 1318 1084 ὀρθῶς
1333 1016 1414 1069 σὺ
1432 1015 1606 1068 τοῦτο
1629 1015 1828 1080 ἐποίη-

232 1113 373 1164 σας,
408 1099 562 1169 φησί.
631 1100 766 1152 Μετ’
791 1101 1164 1171 ἐπιτιμήσεως
1187 1101 1220 1170 ή
1247 1099 1555 1170 συμϐουλή·
1587 1100 1679 1151 καὶ
1703 1095 1826 1148 οὔτε

234 1183 410 1247 οὓτως
461 1185 725 1254 ήγρίανεν
779 1185 1006 1246 ἐκεῖνος,
1048 1184 1162 1236 ἀλλ’
1194 1173 1441 1253 ἧνείχετο
1495 1183 1524 1234 ὁ
1585 1181 1763 1250 σοφὸς,
1800 1182 1828 1233 6

237 1267 462 1330 συνετὸς
492 1269 589 1320 καὶ
639 1265 735 1318 τοῦ
765 1266 898 1319 Θεοῦ
956 1266 1128 1334 φίλος,
1172 1267 1465 1328 τοσαύταις
1509 1262 1829 1334 ἐφεστηκὼς

239 1351 526 1420 μυριάσιν.
560 1349 696 1401 υὺδέ
729 1349 838 1419 γὰρ
867 1348 1026 1402 τοῦτο
1058 1349 1276 1420 μικρὸν,
1312 1350 1374 1400 τὸ
1396 1348 1546 1419 παρά
1573 1347 1666 1400 τοῦ
1700 1347 1830 1416 βαρ-

236 1433 412 1506 ϐάρου
435 1433 530 1487 καὶ
555 1431 765 1486 ἰδιώτου
786 1431 1160 1486 παιδεύεσθαι.
1191 1433 1299 1486 Καὶ
1317 1431 1440 1484 οὔτε
1463 1431 1532 1485 τά
1554 1430 1828 1500 θαύματα,

239 1519 388 1588 ἅπερ
420 1517 738 1588 εἰργάσατο,
767 1516 894 1570 οὕτε
942 1516 1004 1570 τὸ
1037 1516 1266 1587 μέγεθος
1309 1517 1410 1587 τῆς
1453 1516 1629 1586 ἀρχῆς
1668 1513 1831 1568 αὐτὸν

236 1601 470 1672 ἐπῆρεν,
495 1601 624 1655 οὔτε
653 1602 713 1654 τὸ
732 1601 1016 1672 παρόντων
1042 1601 1152 1652 τῶν
1185 1602 1443 1670 ὑπηκόων
1465 1598 1829 1671 διορθοῦσθαι,

237 1686 567 1757 ἐρυθριᾶσαι
595 1685 879 1756 ἐποίησεν·
921 1684 1035 1737 ἀλλ’
1059 1686 1320 1755 ἐννοήσας
1349 1685 1432 1738 ὅτι
1461 1686 1510 1737 εἰ
1541 1686 1636 1737 καὶ
1665 1682 1835 1753 μεγά-

238 1768 310 1821 λα
347 1769 494 1839 αύτῷ
520 1768 672 1841 [119]
701 1769 987 1840 εἴργασται
1019 1771 1245 1839 σημεῖα,
1278 1767 1392 1820 ἀλλ’
1437 1767 1588 1837 ὅμως
1624 1765 1836 1833 ἀνθρω-

241 1859 406 1928 πίνης
436 1858 651 1928 φύσεως
675 1857 914 1929 μετέχει,
941 1859 1007 1928 ἦν
1042 1857 1213 1910 πολλά
1259 1856 1514 1911 λανθάνει
1547 1855 1831 1917 πολλάκις,

243 1945 369 2012 μετ’
420 1944 722 2007 ἐπιεικείας
755 1940 974 2006 ἐδέξατο
1004 1941 1103 2012 τὴν
1160 1941 1491 2012 συμϐουλήν.
1558 1936 1836 1991 Πολλοὶδέ

240 2029 507 2092 πολλάκις
553 2030 693 2100 ὑπὲρ
741 2029 834 2082 τοῦ
866 2028 942 2099 μὴ
988 2027 1225 2097 φανῆναι
1251 2028 1493 2096 δεόμενοι
1526 2022 1836 2096 συμϐουλῆς

237 2114 346 2184 τῆς
375 2115 503 2186 παρ’
528 2113 752 2184 ἐτέρων,
783 2113 988 2166 εἵλοντο
1011 2111 1303 2183 προδοῦναι
1331 2112 1426 2183 τὴν
1448 2111 1717 2180 ὠφέλειαν
1737 2111 1835 2178 τὴν

241 2200 355 2252 ἀπο
381 2198 482 2268 τῆς
511 2196 758 2269 γνώμης,
781 2198 816 2268 ἢ
837 2196 1119 2268 δεξάμενοι
1141 2198 1240 2268 τὴν
1259 2196 1580 2266 παραίνεσιν
1607 2192 1836 2264 διορθῶ-

244 2299 342 2336 σαι
371 2284 433 2336 τὸ
454 2283 759 2354 ἁμάρτημα
787 2299 800 2314 ·
839 2283 1040 2353 μᾶλλον
1081 2283 1300 2350 ἀγνοεῖν
1332 2282 1364 2352 ἢ
1399 2279 1590 2350 μαθεῖν
1619 2277 1835 2331 κατεδέο

243 2368 428 2433 ξαντο,
467 2370 568 2422 οὐκ
593 2368 797 2431 εἰδότες
847 2370 929 2420 ὅτι
965 2368 1025 2420 οὑ
1051 2367 1112 2420 τὸ
1143 2365 1339 2437 μαθεῖν
1378 2365 1630 2434 ἔγκλημα
1654 2403 1669 2428 ,
1701 2361 1838 2416 ἀλλά

239 2452 314 2506 τὸ
338 2453 551 2521 ἀγνοεῖν
580 2451 885 2523 κατηγορία
903 2469 917 2483 ·
954 2452 1015 2504 ού
1046 2451 1106 2503 τὸ
1133 2450 1505 2511 διδάσκεσθαι,
1535 2448 1672 2502 ἀλλὰ
1692 2447 1754 2500 τὸ
1781 2448 1838 2500 ἐν

242 2536 490 2608 ἀμαθείᾳ
538 2533 709 2590 εἶναι’
750 2537 810 2589 οὐ
839 2537 900 2589 τὸ
933 2535 1272 2606 ἐλέγχεσθαι,
1303 2534 1444 2587 ἀλλά
1495 2535 1555 2586 τὸ
1587 2533 1838 2604 ἁμαρτά-

243 2636 363 2673 νειν
389 2619 713 2690 ἀδιόρθωτα.
749 2620 906 2672 Ἔστι
937 2619 1071 2688 γὰρ,
1119 2618 1236 2671 ἐστι
1260 2619 1352 2671 καὶ
1383 2617 1534 2688 παρά
1564 2616 1840 2686 ἀνθρώπῳ

247 2701 437 2775 μικρῷ
464 2705 558 2756 καὶ
585 2703 796 2756 εὐτελεῖ
815 2703 1107 2776 εὑρεθῆναί
1131 2721 1183 2756 τι
1206 2704 1316 2757 τῶν
1344 2703 1594 2765 δεόντων,
1627 2700 1655 2753 ὃ
1686 2701 1840 2776 παρά

243 2786 331 2857 τῷ
365 2786 514 2856 σοφῷ
537 2788 631 2840 καὶ
663 2788 884 2858 μεγάλῳ
912 2788 1172 2851 πολλάκις
1217 2788 1314 2857 οὐχ
1365 2787 1616 2860 εὓρηται.
1662 2775 1840 2856 ’Ὅπερ

245 2866 344 2923 οὖν
363 2869 587 2923 συνιδὼν
616 2871 644 2920 6
678 2870 923 2940 Μωῦσῆς
949 2871 1115 2942 ῆκουε
1152 2871 1292 2941 μετά
1337 2872 1515 2940 πάσης
1543 2867 1842 2930 ἐπιεικείας

247 2953 465 3007 ἐκείνου
493 2953 974 3023 συμϐουλεύοντος,
1008 2955 1103 3006 καὶ
1130 2955 1382 3022 λέγοντος
1409 2970 1422 2984 ·
1455 2952 1724 3020 Ποίησόν
1743 2968 1842 3004 σοι

247 3037 609 3108 χιλιάρχους
628 3077 641 3101 ,
684 3037 1164 3107 ἑκατοντάρχους
1186 3079 1198 3102 ,
1253 3036 1840 3106 πεντηκοντάρχους,

245 3129 616 3200 δεκάρχουςο
647 3127 744 3184 καὶ
773 3130 838 3184 τὸ
853 3130 1021 3199 ῥῆμα
1057 3129 1123 3183 τὸ
1155 3130 1318 3199 ,βαρὺ
1353 3129 1715 3184 ἀνοίσουσιν
1746 3128 1844 3181 ἐπὶ

248 3216 352 3279 σὲ,
377 3216 444 3267 τὸ
476 3214 546 3267 δὲ
580 3214 812 3283 κοῦφον
837 3214 1008 3268 αὐτοὶ
1031 3214 1445 3268 διαλύσονται.
1477 3215 1586 3267 Καὶ
1604 3213 1845 3276 ἀκούσας

249 3299 356 3350 οὐκ
389 3295 655 3368 ᾐσχύνθη,
685 3299 784 3350 οὐκ
811 3296 1167 3368 ἠρυθρίασεν,
1207 3299 1306 3349 οὐκ
1339 3297 1540 3368 ᾐδέσθη
1599 3298 1726 3358 τοὺς
1753 3297 1849 3347 ὑπ-

249 3384 480 3452 ηκόους,
511 3383 614 3434 οὐκ
643 3377 766 3434 εἷπε
797 3381 934 3452 πρὸς
957 3378 1846 3450 ἐαυτὸν,ὂτιΚαταγνώσονταίμου

250 3468 310 3520 οἰ
337 3467 655 3537 ἀρχόμενοι,
696 3467 744 3518 εἰ
772 3466 956 3536 ἄρχων
989 3463 1064 3518 ῶν
1112 3465 1240 3536 παρ’
1269 3465 1459 3536 ἐτέρου
1495 3464 1754 3535 μανθάνω
1781 3463 1848 3516 τὰ

249 3560 449 3612 δέοντα
474 3576 489 3590 ·
525 3558 665 3611 ἀλλά
718 3560 816 3612 καὶ
853 3557 1083 3628 ἐπείσθη
1117 3559 1211 3612 καὶ
1261 3558 1486 3629 ἐποίησε
1519 3557 1583 3610 τὸ
1611 3558 1850 3629 πρόστα-

251 3660 398 3713 γμα,
427 3644 535 3696 καὶ·
555 3645 618 3696 οὐ
650 3641 810 3713 μόνον
859 3643 1102 3706 ἐκείνους
1128 3643 1230 3696 οὐκ
1254 3641 1498 3713 ᾐσχύνθη
1539 3643 1666 3704 τοὺς
1701 3641 1846 3703 τότε,

253 3726 376 3779 ἀλλ’
416 3726 538 3779 οὐδὲ
599 3727 747 3798 ἡμᾶς
775 3727 903 3789 τοὺς
947 3727 1087 3796 μετά
1142 3727 1317 3779 ταῦτα
1364 3725 1658 3796 ἐσομένους
1683 3741 1696 3756 ο
1732 3726 1847 3778 ἀλλ’

253 3811 453 3883 ὥσπερ
487 3809 1036 3883 ἐγκαλλωπιζόμενος
1058 3815 1124 3883 τῇ
1150 3810 1435 3883 διορθώσει
1467 3813 1531 3882 τῇ
1574 3811 1727 3882 παρὰ
1755 3810 1849 3864 τοῦ

253 3895 527 3967 κηδεστοῦ
561 3897 832 3968 γενομένῃ
854 3937 867 3957 ,
905 3897 965 3949 οὐ
1003 3899 1130 3958 τοὺς
1163 3897 1284 3948 τότε
1319 3896 1480 3966 μόνον
1507 3893 1848 3965 ἀνθρώπους,

254 3981 402 4035 ἀλλά
434 3981 671 4045 καὶτοὺς
700 3981 760 4046 ἐξ
783 3981 993 4033 ἐκείνου
1029 3980 1190 4051 μέχρι
1220 3981 1462 4050 σήμερον
1496 3979 1848 4048 γενομένους,

258 4067 356 4119 καὶ
402 4066 531 4130 τοὺς
587 4062 742 4128 αὖθις
777 4065 1068 4135 ἐσομένους
1119 4065 1280 4136 μέχρι
1335 4065 1434 4134 τῆς
1469 4063 1563 4116 τοῦ
1607 4063 1848 4135 Χριστοῦ

259 4159 578 4230 παρουσίας
618 4159 760 4213 κατὰ
814 4161 914 4229 τὴν
968 4158 1298 4228 οἰκουμένην
1343 4157 1560 4211 ἆπασαν
1615 4157 1703 4211 διά
1746 4157 1853 4210 τῶν

258 4244 616 4316 γραμμάτων
649 4243 882 4309 ἐδίδαξε,
927 4245 1024 4296 καὶ
1055 4244 1138 4296 ὅτι
1170 4243 1334 4308 αὐτὸς
1379 4243 1440 4296 τὸ
1469 4243 1590 4296 δέον
1622 4243 1854 4296 συνιδεῖν

261 4330 366 4382 οὐκ
417 4327 680 4399 ἠδυνήθη,
731 4329 827 4381 καὶ
865 4328 948 4380 ὅτι
1000 4329 1098 4397 τὴν
1130 4328 1416 4399 διόρθωσιν
1455 4327 1671 4392 ἐδέξατο
1707 4327 1856 4398 παρά

258 4413 358 4467 τοῦ
387 4411 676 4483 κηδεστοῦ.
711 4411 901 4483 Ἡμεῖς
933 4412 1010 4477 δὲ,
1045 4412 1140 4466 ἐὰν
1169 4411 1457 4484 ἄνθρωπον
1479 4414 1680 4484 ῐδωμεν
1712 4430 1856 4482 παρ-

261 4499 396 4551 όντα
429 4496 806 4566 ἐλεγχομένων
836 4496 994 4568 ήμῶν
1035 4497 1130 4549 καὶ
1160 4497 1582 4568 διορθουμένων,
1616 4496 1859 4565 ἰλιγγιῶ-

267 4600 394 4652 μεν,
425 4580 780 4646 ἐξιστάμεθα,
813 4581 1108 4652 νομίζομεν
1128 4584 1227 4651 τῆς
1258 4580 1406 4651 ζωῆς
1442 4582 1859 4634 ἐκπεπτωκέναι

265 4667 473 4735 πάσης.
540 4665 680 4716 Ἀλλ’
731 4665 832 4717 οὐκ
866 4667 1106 4728 ἐκεῖνος·
1146 4665 1261 4717 ἀλλ’
1290 4666 1435 4736 ὁρῶν
1471 4665 1743 4728 τοσαύτας
1778 4684 1860 4736 χι-

263 4748 456 4810 λιάδας
483 4747 766 4820 παρούσας
795 4749 897 4800 οὐκ
917 4747 1245 4820 ἠρυθρίασε,
1275 4749 1474 4819 μᾶλλον
1500 4749 1557 4803 δὲ
1589 4748 1860 4812 τοσαύτας

269 4831 544 4903 μυριάδας
578 4833 724 4893 τότε,
775 4831 876 4895 τὰς
903 4832 961 4898 ἐξ
991 4833 1201 4886 ἐκείνου
1251 4833 1417 4904 μέχρι
1453 4833 1548 4887 νῦν
1585 4833 1729 4887 κατά
1760 4834 1860 4902 τὴν

265 4925 376 4994 γῆν
407 4923 652 4988 ἃπασαν,
690 4924 830 4977 ἀλλά
859 4925 1124 4996 κηρύττει
1146 4929 1282 4980 πᾶσι
1313 4926 1434 4979 καθ’
1459 4926 1698 4998 ἑκάστην
1726 4927 1860 4998 ἠμέ-

269 5026 376 5080 ραν
403 5009 494 5062 διά
525 5009 636 5061 τῶν
664 5009 1031 5079 γραμμάτων,
1060 5010 1142 5063 ὅτι
1162 5010 1300 5078 ὅπερ
1339 5011 1503 5075 αὐτὸς
1537 5012 1597 5063 οὐ
1632 5012 1861 5077 συνεῖδε,

265 5091 433 5145 τοῦτο
468 5093 498 5144 6
526 5092 795 5163 κηδεστὴς
844 5094 1075 5149 συνεῖδε.
1109 5093 1265 5157 Τίνος
1315 5089 1408 5148 οὖν
1469 5094 1656 5148 ἕνεκεν
1710 5095 1866 5148 τοῦτο

269 5175 518 5248 ἐποίησε,
546 5176 642 5229 καὶ
681 5177 868 5248 μνήμῃ
900 5177 1188 5248 παρέδωκε
1216 5178 1278 5230 τὸ
1305 5179 1675 5251 γεγενημένον
1701 5196 1715 5244 ;
1748 5181 1865 5233 Ἵνα

269 5261 423 5330 ἡμᾶς
451 5259 617 5330 πείσῃ
657 5259 926 5329 μηδέποτε
953 5263 1039 5329 ἐφ’
1072 5261 1288 5326 ἐαυτοῖς
1317 5265 1460 5332 μέγα
1495 5267 1735 5333 φρονεῖν,
1765 5264 1866 5317 κᾶν

272 5343 534 5397 ἁπάντων
567 5337 720 5412 ῶμεν
749 5343 1070 5416 σοφώτεροι,
1111 5345 1246 5417 μηδέ
1287 5347 1577 5418 ἀτιμάζειν
1605 5347 1704 5411 τὰς
1734 5348 1866 5418 παρ’

274 5427 483 5498 ἐτέρων
512 5427 866 5497 συμϐουλίας,
897 5427 1000 5482 κᾶν
1023 5430 1278 5483 ἁπάντων
1305 5424 1438 5483 ὦσιν
1473 5431 1864 5504 εὐτελέστεροι.

275 5514 376 5565 Ἂν
413 5511 517 5582 μὲν
559 5511 672 5582 γάρ
699 5529 752 5565 τι
807 5512 917 5564 τῶν
944 5511 1174 5566 δεόντων
1207 5513 1588 5586 συμϐουλεύσῃ
1618 5533 1722 5579 τις,
1765 5517 1868 5569 κᾶν

273 5594 498 5667 οἰκέτης
518 5590 577 5668 ᾖ,
615 5594 767 5660 δέξαι
798 5595 900 5667 τὴν
935 5597 1262 5667 παραίνεσιν
1283 5612 1298 5626 ·
1341 5598 1406 5651 ἂν
1436 5597 1494 5650 δέ
1533 5615 1587 5651 τι
1611 5599 1721 5652 τῶν
1753 5599 1870 5652 ὀλε-

278 5678 472 5749 θρίων,
499 5680 605 5734 κᾶν
634 5680 693 5733 ἐν
712 5678 984 5751 ἀξιώματι
1008 5681 1253 5751 τυγχάνῃ
1284 5681 1544 5752 μεγίστῳ,
1575 5683 1870 5754 παράπεμ-

279 5767 377 5836 qm
399 5767 499 5838 τὴν
519 5765 746 5838 γνώμην
769 5784 783 5798 ·
820 5769 882 5821 οὐ
918 5765 1028 5838 γὰρ
1058 5769 1124 5839 τῇ
1158 5767 1407 5838 ποιότητι
1430 5769 1539 5822 τῶν
1564 5771 1870 5840 προσώπων

1922 512 2082 579 φύσει
2111 514 2400 585 προσέχειν
2434 514 2514 565 δεῖ
2536 513 2835 584 πανταχοῦ.
2872 515 3050 582 Ὅπερ
3085 506 3177 563 οὖν
3212 509 3306 561 καὶ
3338 507 3506 560 Μωῦ-

1926 595 2025 665 σῆς
2051 597 2296 666 ἐποίησε,
2325 596 2599 650 παιδεύων
2627 598 2776 668 ἡμᾶς
2808 596 2882 666 μή
2925 594 3187 668 ἐρυθριᾷν
3216 588 3510 659 ἐλεγχομέ-

1923 698 2069 745 νους,
2125 682 2230 735 κᾶν
2281 681 2576 752 ὁλόκληρος
2604 683 2738 752 ἡμῖν
2770 680 2945 750 δῆμος
2988 681 3158 750 παρῇ.
3203 674 3512 744 Ἐγκώμιον

1924 765 2033 835 γὰρ
2064 763 2224 818 τοῦτο
2247 765 2505 836 μέγιστον
2528 807 2542 830 ,
2583 766 2677 818 καὶ
2710 763 2931 826 ἔπαινος
2971 762 3071 831 οὐχ
3120 763 3149 814 6
3179 757 3380 830 τυχὼν,
3414 755 3512 809 καὶ

1926 850 2246 919 φιλοσοφίας
2271 849 2492 914 ἔπαινος
2519 853 2618 920 τῆς
2653 850 2936 908 ἀνωτάτω,
2979 848 3043 898 τὸ
3072 845 3262 916 φέρειν
3291 843 3512 911 ἐλέγχον

1925 935 2208 1002 γενναίως.
2253 937 2365 1004 Οὐχ
2399 934 2541 987 οὕτω
2575 934 2684 1003 γὰρ
2713 931 2806 985 τὸν
2831 929 3035 1002 ,Ἰοθὼρ
3065 927 3394 996 ἐπαινοῦμεν
3417 923 3515 975 καὶ

1929 1018 2282 1090 θαυμάζομεν
2331 1020 2446 1082 νῦν,
2509 1019 2592 1071 ὅτι
2642 1019 2735 1070 τὸν
2790 1015 3032 1070 Μωῡσέα
3079 1006 3515 1090 διώρθωσεν,ώς

1927 1089 2346 1173 ἐκπληττόμεθα
2404 1102 2497 1154 τὸν
2543 1102 2697 1170 ᾰγιον
2730 1101 2961 1160 ἐκεῖνον,
2986 1098 3070 1150 ὅτι
3107 1094 3231 1149 οὕτε
3265 1089 3511 1164 ᾐσχύνθη

1927 1184 2308 1256 διορθούμενος
2334 1184 2604 1238 τοσούτων
2633 1183 2936 1254 παρόντων,
2965 1181 3061 1234 καὶ
3111 1180 3298 1250 μνήμῃ
3331 1174 3392 1227 τὸ
3423 1188 3517 1241 γεο

1929 1269 2227 1340 γενημένον
2261 1269 2568 1338 παρέδωκε,
2610 1267 2699 1320 διὰ
2731 1267 2948 1320 πάντων
2979 1264 3078 1334 τὴν
3111 1259 3276 1316 αὑτοῦ
3305 1257 3518 1340 φιλοσο-

1933 1337 2059 1419 φίαν
2087 1351 2263 1415 δείξας
2282 1394 2295 1414 ,
2322 1337 2417 1404 καὶ
2441 1353 2521 1404 ὅτι
2554 1350 2692 1420 μετά
2716 1349 2919 1417 πολλῆς
2949 1347 3050 1416 τῆς
3083 1341 3392 1415 ὑπερϐολῆς
3419 1337 3518 1409 τὴν

1934 1435 2084 1506 παρὰ
2113 1435 2222 1488 τῶν
2259 1435 2466 1488 πολλῶν
2494 1433 2844 1504 κατεπάτησε
2875 1431 3054 1495 δόξαν.

2007 1561 2242 1635 [120]γ’.
2273 1563 2434 1617 ’Λλλά
2452 1563 2561 1635 γὰρ
2585 1563 2726 1632 ὑπὲρ
2744 1561 3043 1634 προοιμίων
3067 1551 3518 1635 ἀπολογούμενοι,

1934 1633 2096 1699 πάλιν
2131 1633 2315 1716 μεῖζον
2347 1646 2410 1698 τὸ
2457 1633 2743 1717 προοίμιον
2793 1633 3184 1713 πεποιήκαμεν
3213 1655 3228 1669 ⁸
3274 1635 3389 1690 ἀλλ’
3425 1633 3523 1702 οὐχ

1931 1729 2121 1794 ἁπλῶς
2137 1729 2257 1783 οὐδὲ
2281 1731 2422 1801 εἰκῆ,
2449 1731 2564 1784 ἀλλ’
2595 1731 2736 1802 ὑπὲρ
2761 1729 2868 1782 τῶν
2894 1727 3168 1800 μεγίστων
3187 1723 3316 1793 ὑμῖν
3349 1717 3524 1773 διαλε-

1933 1813 2156 1885 γόμενοι
2175 1814 2268 1866 καὶ
2291 1813 2762 1883 ἀναγκαιοτάτων,
2782 1812 2869 1865 ἵνα
2885 1810 3153 1880 γενναίως
3175 1804 3525 1875 ἐλεγχόμενοι

1937 1897 2213 1970 φέρωμεν,
2248 1899 2335 1951 ἵνα
2359 1898 2656 1969 προθύμως
2681 1896 2993 1967 ἐλέγχωμεν
3024 1893 3148 1956 τοὺς
3182 1888 3527 1961 ἁμαρτάνον-

1934 2001 2036 2046 τας
2058 1984 2152 2037 καὶ
2177 1983 2500 2055 διορθῶμεν.
2523 1983 2768 2052 Ἀνάγκη
2789 1983 2846 2036 δὲ
2870 1980 3058 2034 λοιπὸν
3077 1971 3527 2055 ἀπολογήσασθαι

1938 2067 2078 2137 ὑπὲρ
2097 2067 2190 2122 τοῦ
2212 2053 2439 2140 μήκους,
2456 2068 2553 2121 καὶ
2572 2069 2747 2120 εἰπεῖν
2771 2066 2916 2128 τίνος
2931 2065 3118 2118 ἕνεκεν
3138 2059 3324 2132 μακρὰ
3345 2053 3528 2140 ποιοῦ-

1938 2169 2041 2220 μεν
2079 2138 2365 2224 προοίμια.
2404 2152 2563 2215 Τίνος
2591 2147 2683 2204 οὖν
2700 2150 2888 2204 ἕνεκεν
2901 2148 3060 2202 τοῦτο
3078 2143 3369 2212 ποιοῦμεν;
3390 2138 3528 2224 Πλη-

1937 2233 2021 2288 θει
2054 2223 2298 2306 τοσούτῳ
2327 2233 2714 2306 διαλεγόμεθα,
2743 2232 3054 2304 ἀνθρώποις
3080 2229 3347 2298 γυναῖκας
3376 2223 3530 2294 ἐχου-

1938 2337 2054 2384 σιν,
2081 2318 2261 2382 οἰκίας
2300 2318 2733 2393 προεστηκόσιν,
2785 2321 2844 2372 ἐν
2887 2315 3125 2388 ἐργασία
3181 2307 3528 2393 καθημερινῇ

1938 2401 2126 2467 ζῶσιν,
2163 2404 2224 2456 ἐν
2259 2391 2536 2474 βιωτικοῖς
2570 2402 2884 2473 πράγμασι.
2944 2398 3052 2453 Καὶ
3081 2397 3143 2450 οὐ
3177 2394 3336 2449 τοῦτο
3372 2391 3532 2464 μόνον

1938 2488 2058 2540 ἐστί
2078 2487 2139 2540 τὸ
2172 2485 2466 2556 δυσχερὲς,
2520 2486 2601 2538 ὅτι
2654 2484 2919 2554 διηνεκῶς
2955 2485 3092 2536 εἰσιν
3147 2475 3531 2550 ἠσχολημένοιο

1940 2572 2054 2626 ἀλλ’
2072 2573 2152 2625 ὅτι
2173 2575 2266 2625 καὶ
2283 2571 2432 2638 άπαξ
2451 2572 2551 2642 τῆς
2571 2571 2867 2642 ἑϐδομάδος
2890 2571 3088 2633 αὐτοὺς
3122 2565 3359 2621 ἐνταῦθα
3393 2563 3536 2633 λαμ-

1941 2655 2194 2726 ϐάνομεν.
2229 2655 2554 2725 Βουλόμενοι
2575 2656 2756 2708 τοίνυν
2773 2656 2831 2708 εὐ
2842 2654 3081 2708 σύνοπτα
3099 2647 3535 2711 κατασκευάζειν

1939 2741 2122 2802 αὐτοῖς
2155 2739 2224 2792 τὰ
2254 2738 2547 2808 λεγόμενα,
2581 2739 2671 2791 διὰ
2712 2739 2822 2791 τῶν
2857 2735 3159 2807 προοιμίων
3188 2729 3535 2804 σαφεστέραν

1941 2822 2166 2892 ποιῆσαι
2200 2822 2301 2894 τήν
2357 2822 2704 2876 διδασκαλίαν
2736 2820 3133 2891 σπουδάζομεν.
3192 2819 3250 2871 'O
3289 2814 3389 2888 μὲν
3427 2813 3534 2888 γάρ

1947 2906 2112 2978 μηδὲν
2141 2905 2302 2978 ἔργον
2335 2905 2495 2977 ἔχων,
2527 2905 2645 2959 ἀλλ’
2683 2906 2771 2958 ἀεὶ
2804 2908 2924 2968 ταῖς
2967 2905 3213 2975 Γραφαῖς
3247 2899 3537 2972 προσηλω-

1946 2990 2136 3060 μένος,
2172 2991 2232 3043 οὑ
2276 2990 2454 3043 δέεται
2486 2990 2811 3060 προοιμίων,
2845 2990 2904 3042 οὐ
2949 2988 3120 3041 δεῖται
3167 2985 3536 3054 κατασκευῆς,

1942 3074 2058 3127 ἀλλ’
2099 3073 2341 3137 ἀκούσας
2375 3073 2580 3138 εὐθέως
2614 3073 2708 3126 τοῦ
2761 3073 3044 3140 λέγοντος,
3072 3071 3288 3139 δέχεται
3315 3068 3426 3122 τῶν
3453 3066 3540 3120 λε-

1944 3157 2193 3228 γομένων
2229 3158 2329 3228 τὴν
2363 3157 2602 3210 διάνοιαν
2628 3176 2639 3186 ·
2680 3156 2970 3228 ἄνθρωπος
2996 3155 3053 3207 δὲ
3089 3154 3180 3206 τὸν
3225 3153 3324 3224 μὲν
3367 3151 3540 3204 πλείω

1945 3242 2138 3312 χρόνον
2172 3242 2460 3312 πράγμασι
2486 3241 2763 3311 βιωτικοῖς
2789 3238 3234 3312 προσδεδεμένος,
3267 3236 3450 3306 ὀλίγον
3475 3235 3538 3289 δὲ

1947 3327 2040 3380 καὶ
2081 3326 2255 3399 βραχὺ
2285 3326 2523 3381 ἐνταῦθα
2570 3324 3056 3396 παραγενόμενος,
3100 3323 3166 3376 ἂν
3225 3321 3300 3393 μὴ
3353 3323 3542 3392 προοι-

1952 3413 2090 3482 μίων
2116 3410 2327 3484 ἀκούσῃ
2353 3413 2445 3464 καὶ
2470 3411 2812 3480 κατασκευῆς
2847 3409 3113 3473 πλείονος,
3139 3407 3234 3461 καὶ
3272 3406 3545 3476 πανταχό⁴

1950 3495 2042 3549 θεν
2072 3496 2156 3568 ῐδῃ
2191 3494 2685 3566 προοδοποιηθέντα
2709 3491 2859 3563 αὑτῷ
2881 3494 2972 3545 τὸν
3010 3491 3191 3560 λόγον,
3225 3490 3379 3543 οὐδὲν
3407 3506 3543 3555 κερ-

1948 3579 2110 3642 δάνας
2138 3579 2461 3650 ἀπέρχεται.
2486 3579 2562 3631 υίι
2584 3578 2744 3630 τοῦτο
2769 3577 2824 3629 δὲ
2855 3577 3015 3645 μόνον
3043 3577 3173 3647 ἡμῖν
3195 3576 3341 3627 ἐστιν
3369 3572 3543 3626 αἴτιον

1948 3663 2043 3716 τοῦ
2064 3665 2269 3735 μήκους
2290 3664 2400 3716 τῶν
2421 3661 2746 3734 προοιμίων.
2773 3660 2911 3713 ἀλλὰ
2941 3661 3036 3712 καὶ
3052 3660 3238 3730 ἕτερον
3265 3660 3366 3712 οὐκ
3388 3659 3543 3712 ἐλατ-

1949 3765 2040 3801 τον
2069 3746 2279 3801 τούτου.
2323 3745 2445 3801 Τῶν
2485 3749 2593 3817 γὰρ
2622 3744 2835 3799 πολλῶν
2863 3743 3070 3798 τούτων
3106 3746 3154 3797 οἰ
3181 3745 3280 3816 μὲν
3303 3745 3545 3815 παραγί-

1951 3847 2168 3895 νονται,
2213 3832 2262 3884 οἱ
2307 3829 2364 3882 δὲ
2399 3831 2460 3883 οὐ
2506 3829 2907 3901 παραγίνονται
2954 3828 3237 3890 πολλάκις.
3303 3827 3543 3896 Ἀνάγκη

1951 3915 2132 3968 τοίνυν
2157 3915 2286 3977 τοὺς
2322 3914 2419 3985 μὲν
2449 3913 2928 3985 παραγενομένους
2978 3912 3298 3974 ἐπαινέσαι,
3329 3913 3457 3976 τοὺς
3487 3911 3546 3964 δὲ

1957 3999 2030 4070 μὴ
2060 3998 2541 4070 παραγενομένους
2576 3997 2918 4069 μέμψασθαι,
2953 3997 3040 4050 ἵνα
3071 3998 3267 4050 ἐκεῖνοι
3306 3999 3404 4068 μὲν
3434 4000 3546 4061 τοῖς

1953 4083 2198 4145 ἐπαίνοις
2234 4082 2642 4153 σπουδαιότεροι
2691 4081 2956 4150 γένωνται
2985 4121 3000 4142 ,
3039 4073 3187 4133 οὗτοι
3229 4079 3287 4133 δέ
3316 4080 3406 4134 διὰ
3437 4080 3547 4135 τῶν

1954 4167 2320 4238 ἐγκλημάτων
2373 4167 2474 4238 τὴν
2526 4165 2804 4238 ρᾳθυμίαν
2846 4164 3182 4218 ἀποθῶνται.
3243 4164 3402 4217 Ἐστι
3450 4167 3547 4219 καὶ

1955 4253 2118 4322 ἐτέρα
2149 4250 2305 4322 χρεία
2339 4249 2644 4321 προοιμίων
2682 4250 2833 4320 ὑμῖν.
2885 4247 3231 4312 Ύποθέσεως
3257 4249 3546 4321 ἁπτόμεθα

1959 4339 2304 4406 μακροτέρας
2355 4332 2638 4398 πολλάκις,
2670 4333 2737 4403 ήν
2779 4333 2842 4385 οὐ
2875 4331 3102 4386 δυνατὸν
3132 4334 3190 4385 ἐν
3227 4333 3413 4405 ήμέρα
3450 4337 3552 4406 μιᾷ

1956 4421 2092 4492 πρὸς
2130 4419 2284 4482 τέλος
2326 4419 2580 4487 ἀγαγεῖν,
2633 4415 2770 4470 ἀλλά
2821 4417 2918 4470 καὶ
2968 4415 3231 4488 δευτέρας
3275 4420 3368 4471 καὶ
3422 4419 3548 4490 τρία

1955 4522 2057 4576 της
2091 4505 2186 4557 καὶ
2212 4503 2482 4574 τετάρτης
2511 4502 2645 4572 ἡμῖν
2684 4499 2834 4553 ἐστιν
2875 4502 2965 4554 ὅτε
2994 4500 3310 4572 ἐξηγήσεως
3342 4504 3421 4566 εἰς
3447 4503 3548 4574 τὴν

1959 4587 2128 4659 αὐτὴν
2189 4585 2378 4655 ἐδέησε
2435 4585 2844 4657 πραγματείαν.
2917 4585 3158 4657 Ἀνάγκη
3217 4586 3399 4639 τοίνυν
3457 4588 3551 4640 καί

1959 4671 2132 4745 ταύτῃ
2155 4673 2220 4742 τῇ
2257 4669 2487 4741 δευτέρᾳ
2519 4669 2704 4741 ἡμέρᾳ
2720 4669 2788 4722 τά
2814 4670 2945 4741 τέλη
2967 4671 3068 4739 τῆς
3105 4670 3379 4740 προτέρας
3409 4670 3555 4723 διδα-

1962 4756 2191 4817 σκαλίας
2234 4754 2547 4819 ἀναλαϐεῖν,
2584 4754 2651 4805 ἵν’
2684 4757 2858 4815 οὕτως
2913 4752 3182 4824 ἀρμοσθέν
3211 4755 3277 4824 τῇ
3315 4755 3457 4824 ἀρχῇ
3490 4756 3554 4805 τὸ

1959 4841 2132 4903 τέλος,
2167 4837 2502 4909 σαφεστέραν
2554 4839 2675 4908 ποιῇ
2710 4839 2822 4898 τοῖς
2857 4836 3093 4908 παροῦσι
3127 4836 3227 4906 τήν
3266 4835 3550 4907 ἐξήγησιν,

1963 4925 2055 4979 καὶ
2091 4923 2162 4994 μὴ
2190 4923 2288 4994 τῆς
2313 4919 2634 4984 ἀκολουθίας
2659 4920 3048 4990 ἀπηρτημένος
3087 4922 3116 4972 6
3154 4919 3312 4989 λόγος
3351 4922 3555 4991 ἀφανέ-

1966 5025 2152 5079 στερος
2270 5007 2382 5068 τοῖς
2417 5006 2736 5074 ἀκροαταῖς.
2781 5005 2888 5056 Καὶ
2919 5004 3004 5055 ἵνα
3058 5002 3237 5076 μάθῃς
3267 5005 3349 5056 ὅτι
3383 5005 3554 5077 χωρὶς

1965 5091 2266 5162 προοιμίων
2287 5089 2642 5158 εἰσαγόμενος
2672 5088 2830 5155 λόγος
2857 5086 3036 5140 οὐδενὶ
3067 5085 3344 5159 γνώριμος
3373 5089 3550 5151 ἐσται,

1969 5177 2078 5230 ἰδοὺ
2119 5175 2289 5244 χωρὶς
2316 5173 2619 5243 προοιμίων
2646 5170 2811 5224 αὑτὸν
2836 5171 3045 5239 εἰσάγω
3075 5169 3172 5224 νῦν
3204 5173 3404 5243 πείρας
3438 5173 3554 5224 ἐνε-

1966 5277 2081 5314 κεν.
2133 5257 2474 5327 Ἐμϐλέψας
2524 5255 2593 5308 δὲ
2632 5252 2793 5318 αὐτῷ
2835 5257 2868 5307 ό
2900 5255 3140 5322 ,Ἰησοῦς
3181 5252 3349 5319 εἰπε,
3384 5256 3469 5310 Σὺ
3501 5252 3560 5310 εἴ

1967 5345 2164 5413 Σίμων
2193 5343 2325 5408 υἱὸς
2374 5338 2552 5403 Ἰωνᾶ,
2589 5341 2671 5393 σὺ
2718 5339 3000 5407 κληθήσῃ
3032 5340 3272 5408 Κηφᾶς.
3300 5339 3331 5393 6
3377 5341 3556 5410 ἑρμη-

1967 5429 2200 5482 νεύεται
2233 5426 2474 5493 Πέτρος.
2518 5426 2735 5496 Ὁρᾶτε,
2771 5425 2846 5496 μὴ
2878 5425 3090 5478 συνίετε
3130 5425 3192 5478 τὸ
3221 5425 3448 5496 λεχθένς
3479 5425 3556 5496 μὴ

1969 5513 2084 5565 ῐστε
2114 5512 2212 5582 τὴν
2253 5509 2594 5573 ἀκολουθίαν,
2638 5510 2786 5573 τίνος
2831 5509 3018 5563 ἕνεκεν
3068 5510 3322 5581 εῖρηται;
3367 5508 3558 5581 ἐπειδὴ

1968 5601 2139 5670 χωρὶς
2171 5597 2456 5669 προοιμίου
2491 5598 2624 5650 αὐτὸ
2672 5599 2990 5668 εἰσήγαγον,
3035 5597 3234 5651 ταύτὸν
3276 5598 3514 5667 ποιήσας
3541 5639 3555 5661 ,

1970 5682 2159 5754 ὥσπερ
2187 5683 2252 5737 ἂν
2289 5683 2342 5736 εἴ
2377 5699 2464 5745 τις
2496 5681 2786 5753 ἄνθρωπον
2826 5681 3092 5736 πάντοθεν
3135 5680 3447 5753 περιϐαλὼν
3479 5685 3561 5743 εἰς

1972 5769 2034 5823 τὸ
2069 5768 2293 5841 θέατρον
2317 5767 2621 5837 εἰσαγάγοι.
2648 5768 2788 5844 Φέρε
2817 5763 2933 5832 οὖν,
2968 5765 3135 5822 αὑτὸν
3173 5764 3358 5820 λοιπὸν
3387 5766 3560 5820 ἐκκα-
