3964 6342
453 329 558 386 15⁸1

449 443 725 512 λύψωμεν,
754 439 819 494 τὸ
842 439 1124 512 προοίμιον
1149 439 1436 501 ἀποδόντες
1457 438 1625 508 αὐτῷ.
1658 439 1792 510 Περὶ
1815 439 2026 492 Παύλου

447 525 504 579 δὲ
547 526 576 576 6
604 523 760 591 λόγος
804 519 872 593 ἦν
917 523 1112 593 πρώην
1146 524 1278 593 ἡμῖν
1328 521 1595 586 ἐνταῦθα,
1639 522 1727 574 ὅτε
1761 521 2029 592 περὶτῶν

445 607 730 677 ὀνομάτων
765 605 1144 676 διελεγόμεθα,
1189 605 1282 660 καὶ
1325 605 1649 676 ἐζητοῦμεν,
1690 604 1778 659 διά
1813 605 1866 657 τί
1900 604 2029 657 ποτὲ

450 692 548 759 μὲν
564 689 791 756 Σαῦλος,
817 689 956 760 μετά
977 689 1033 743 δέ
1049 688 1223 743 ταῦτα
1248 688 1459 752 Παῦλος
1479 691 1707 760 ἐκλήθη.
1752 687 2030 742 Ἐντεῦθεν

446 774 710 845 ἐξέϐημεν
760 776 841 838 είς
893 773 1134 826 παλαιὰν
1183 774 1458 844 ἱστορίαν,
1500 775 1595 826 καὶ
1632 774 1760 836 τοὺς
1809 772 2029 842 ἔχοντας

445 857 766 928 ἐπωνυμίας
809 857 1152 928 ἐξητάσαμεν
1201 856 1468 920 ἅπαντας.
1512 852 1646 909 Εἶτα
1684 856 1896 908 ἐκεῖθεν
1935 857 2029 909 καὶ

446 941 687 1010 Σίμωνος
730 940 1108 1010 ἐμνήσθημεν,
1158 939 1384 1010 καὶτῆς
1429 939 1524 992 τοῦ
1565 937 1806 1010 Χριστοῦ
1847 938 2029 1008 φωνῆς

445 1027 710 1098 λεγούσης
731 1027 868 1099 πρὸς
888 1026 1073 1087 αὑτὸν.
1097 1027 1180 1080 Σὺ
1207 1022 1265 1080 εἴ
1288 1024 1440 1098 [121]
1467 1027 1664 1094 Σίμων
1682 1026 1814 1092 υίὸς
1847 1023 2025 1088 Ἰωνᾶ,

447 1110 529 1163 σὺ
562 1108 847 1179 κληθήσῃ
882 1108 1111 1178 Κηφᾶς,
1147 1108 1179 1162 ὃ
1202 1108 1583 1180 ἑρμηνεύεται
1605 1107 1847 1177 Πέτρος.
1877 1105 2029 1172 Εἶδες

449 1197 567 1262 πῶς
589 1197 651 1250 τὸ
679 1197 786 1268 πρὸ
821 1195 1020 1268 μικροῦ
1049 1195 1206 1262 δόξαν
1233 1197 1467 1268 ἀπορίας
1489 1197 1703 1266 γέμειν,
1743 1196 2030 1267 γνωριμώ-

445 1296 604 1347 τερον
629 1279 845 1347 ἐγένετο
880 1278 1011 1341 νῦν;
1046 1279 1257 1350 Ὠσπερ
1295 1279 1404 1350 γὰρ
1435 1280 1593 1350 σῶμα
1622 1279 1900 1348 κεφαλῆς,
1935 1278 2028 1330 καὶ

449 1363 607 1434 ῥίζης
664 1362 900 1434 δένδρον,
956 1363 1052 1416 καὶ
1115 1362 1360 1432 ποταμὸς
1410 1362 1579 1415 δεῖται
1633 1364 1834 1432 πηγῆς,
1887 1359 2028 1413 οῦτω

448 1447 544 1500 καὶ
606 1445 907 1517 προοιμίων
957 1445 1134 1513 λόγος.
1195 1447 1350 1499 Ἐπεὶ
1398 1442 1491 1499 οῦν
1539 1449 1852 1517 ἐστήσαμεν
1883 1447 2028 1515 ὑμᾶς

448 1530 536 1583 ἐπ’
581 1529 749 1601 αὐτὴν
771 1530 871 1600 τὴν
906 1531 1085 1602 ἀρχὴν
1130 1531 1228 1600 τῆς
1266 1529 1418 1593 όδοῦ,
1445 1531 1540 1583 καὶ
1571 1532 1668 1600 τὴν
1708 1529 2028 1583 ἀκολουθίαν

446 1612 746 1683 ἐδείξαμεν,
785 1611 1052 1683 ἁψώμεθα
1101 1613 1286 1665 λοιπὸν
1323 1613 1485 1665 αὐτοῦ
1519 1614 1617 1682 τῆς
1659 1615 1901 1684 ἱστορίας
1930 1610 2026 1665 τοῦ

371 1743 374 1746 ,
446 1695 757 1766 προοιμίου.
800 1695 1028 1762 Σαῦλος
1072 1695 1140 1749 δὲ
1174 1695 1263 1748 ἐτι
1305 1693 1578 1764 ἐμπνέων
1614 1695 1874 1763 ἀπειλῆς
1927 1694 2027 1747 καί

444 1779 636 1847 φόνου
657 1780 745 1844 είς
769 1777 909 1844 τοὺς
919 1779 1192 1846 μαθητὰς
1236 1778 1341 1832 τοῦ
1362 1778 1581 1845 Κυρίου

518 1862 626 1915 Καὶ
649 1864 754 1932 μὴν
778 1862 836 1914 ἐν
855 1861 1322 1926 ταῖςἘπιστολαῖς
1349 1859 1557 1922 Παῦλος
1580 1859 1822 1912 καλεῖται
1839 1875 1853 1889 °
1884 1859 2026 1922 τίνος

444 1942 538 2000 οῦν
572 1945 757 1998 ἐνεκεν
787 1942 953 1997 αὐτοῦ
983 1942 1080 2013 τὴν
1104 1944 1473 2013 προσηγορίαν
1500 1943 1760 2012 μετέϐαλε
1787 1943 1843 1995 τὸ
1867 1941 2030 1995 Πνεῦ·

445 2045 522 2099 μα
555 2027 614 2080 τὸ
655 2027 840 2095 ἀγιονς
883 2025 1147 2097 Καθάπερ
1169 2026 1434 2096 δεσπότης
1455 2026 1669 2096 οἰκέτην
1708 2025 2026 2096 πριάμενος,

443 2112 561 2167 εἶτα
588 2113 904 2185 βουλόμενος
918 2112 1078 2165 αὑτὸν
1104 2111 1312 2177 διδάξαι
1331 2112 1427 2183 τὴν
1447 2113 1784 2178 δεσποτείαν,
1811 2111 2028 2182 μετατί-

443 2198 601 2268 θησιν
630 2197 792 2250 αὑτοῦ
826 2197 887 2250 τὸ
924 2196 1115 2266 δνομα·
1146 2196 1287 2250 οὕτω
1313 2199 1405 2249 καὶ
1433 2197 1503 2263 τὸ,
1532 2195 1756 2267 Πνεῦμα
1787 2196 1847 2248 τὸ
1871 2199 2026 2264 ἅγιον

443 2282 666 2353 ἐποίησε
707 2281 849 2334 τότε.
884 2282 992 2334 Καὶ
1021 2281 1126 2352 γὰρ
1171 2279 1229 2344 ἐξ
1266 2280 1646 2350 αἰχμαλωσίας
1673 2281 1764 2334 τὸν
1813 2280 2026 2334 Παῦλον

443 2363 626 2427 ἔλαϐε,
649 2364 744 2417 καὶ
776 2362 1101 2435 προσφάτως
1130 2358 1198 2434 ἦν
1220 2366 1283 2434 τῇ
1314 2365 1604 2434 δεσποτεία
1637 2363 1810 2434 ταύτῃ
1852 2380 2026 2433 προσ-

444 2446 634 2500 ελθών.
684 2446 782 2500 Διά
809 2447 966 2500 τοῦτο
1000 2447 1165 2500 αὑτοῦ
1206 2447 1470 2518 μετέϐαλε
1502 2450 1602 2518 τὴν
1629 2449 2024 2520 προσηγορίαν,

446 2536 534 2588 ἵνα
601 2533 751 2607 μάθῃ
792 2534 1087 2588 κάντεῦθεν
1130 2535 1229 2604 τὴν
1267 2534 1582 2588 δεσποτείαν
1633 2537 1857 2598 ἐκεῖνος.
1905 2533 2026 2588 Ὀτι

441 2621 553 2689 γὰρ
580 2617 860 2686 ὀνομάτων
889 2617 1038 2680 θέσις
1083 2616 1403 2679 δεσποτείας
1436 2619 1555 2670 ἐστὶ
1587 2618 1875 2688 σύμϐολον,
1919 2618 2026 2687 μά-

441 2699 599 2752 λιστα
635 2701 734 2770 μέν
764 2701 858 2754 καὶ
883 2700 944 2765 ἐξ
969 2694 1044 2753 ὧν
1085 2699 1347 2770 ποιοῦμεν
1373 2699 1532 2770 δῆλον
1555 2716 1566 2727 ·
1601 2700 2026 2771 γνωριμώτερον

439 2782 498 2837 δέ
529 2782 683 2836 ἔσται
719 2781 778 2847 ἐξ
805 2777 878 2836 ὧν
899 2785 993 2836 ἐπὶ
1029 2782 1124 2835 τοῦ
1169 2782 1339 2854 ’Δδάμ
1368 2783 1622 2852 ἐποίησεν
1653 2785 1682 2836 6
1711 2783 1862 2846 Θεός.
1894 2783 2026 2835 Βου-

443 2869 670 2941 λόμενος
700 2869 811 2942 γὰρ
839 2870 1003 2924 αὐτὸν
1030 2870 1262 2936 διδάξαι,
1292 2871 1375 2923 ὅτι
1415 2870 1632 2923 πάντων
1658 2871 1808 2926 ἐστὶν
1839 2870 2025 2943 ἄρχων

443 2959 542 3012 καὶ
576 2958 866 3028 δεσπότης,
908 2958 1086 3028 ἦγαγε
1127 2958 1269 3030 πρὸς
1318 2958 1483 3014 αὐτὸν
1512 2958 1692 3013 πάντα
1735 2960 1804 3014 τὰ
1837 2959 2023 3030 θηρία,

455 3041 621 3096 Ἰδεῖν
652 3042 709 3095 τί
741 3040 989 3096 καλέσει
1026 3043 1202 3109 αὐτὰ,
1237 3042 1456 3106 δεικνὺς
1491 3043 1574 3096 ὅτι
1607 3042 1719 3095 τῶν
1744 3044 2026 3114 ὀνομάτων

441 3126 477 3197 ἠ
512 3125 660 3188 θέσις
700 3127 798 3197 τὴν
842 3125 1162 3179 δεσποτείαν
1208 3132 1384 3198 κυροῖ.
1423 3127 1486 3178 El
1517 3126 1575 3179 δέ
1619 3125 1896 3195 βούλοισθε
1931 3127 2026 3179 καὶ

441 3209 529 3262 ἐπ’
562 3208 868 3281 ἀνθρώπων
895 3208 1024 3262 ἰδεῖν
1056 3209 1214 3262 τοῦτο
1236 3210 1540 3279 γινόμενον,
1577 3210 1672 3262 καὶ
1700 3208 1911 3278 μαθεῖν,
1943 3210 2024 3261 ὅτι

442 3291 563 3356 ἔθος
619 3292 880 3355 πολλάκις
927 3295 1042 3356 τοῖς
1099 3292 1208 3346 ἀπὺ
1258 3291 1638 3363 αἰχμαλωσίας
1690 3291 2023 3362 λαμϐάνουσι

439 3377 659 3440 δούλους
693 3375 1003 3447 μετατιθεῖν
1033 3375 1214 3429 αὐτῶν
1252 3377 1319 3430 τά
1354 3377 1615 3448 ὀνόματα,
1660 3377 1930 3430 ἀκούσατε
1971 3377 2023 3430 τί

441 3460 698 3532 ἐποίησεν
731 3462 760 3512 6
795 3458 905 3512 τῶν
939 3458 1299 3512 Βαϐυλωνίων
1351 3459 1622 3529 βασιλεύς.
1679 3461 1874 3514 Λαϐὼν
1913 3461 2023 3532 γάρ

440 3540 594 3606 οῦτος
623 3545 687 3594 ἐκ
714 3543 812 3613 τῆς
839 3542 1218 3612 αἰχμαλωσίας
1240 3543 1331 3596 τὸν
1371 3544 1618 3597 Ἀνανίαν
1639 3545 1732 3597 καὶ
1769 3543 2023 3616 ’Λζαρίαν

443 3628 539 3681 καὶ
573 3627 812 3696 Μισαὴλ,
844 3626 945 3678 ούκ
998 3626 1212 3696 ἀφῆκεν
1252 3627 1478 3679 ἐπὶτῶν
1511 3628 1794 3699 προτέρων
1821 3629 2022 3698 ὀνομά-

439 3732 569 3772 των,
600 3713 736 3768 ἀλλά
767 3714 1006 3785 Σεδράκ,
1043 3714 1232 3767 Μισάκ
1251 3756 1263 3778 ,
1314 3714 1618 3782 Ἀϐδεναγώ
1645 3715 1844 3778 αὐτοὺς
1888 3717 2023 3769 ἐκά-

439 3797 615 3850 λεσεν.
667 3798 822 3850 Ἀλλά
848 3797 993 3861 τίνος
1026 3797 1211 3850 ἐνεκεν
1239 3798 1338 3850 οὐκ
1361 3797 1564 3861 εὐθέως
1598 3799 1759 3852 αὐτὸν
1789 3799 2024 3868 μετωνό-

445 3897 638 3950 μασεν,
679 3881 794 3935 ἀλλ’
842 3881 1091 3951 ἀνέμεινε
1133 3881 1324 3952 χρόνον
1366 3882 1618 3948 γενέσθαι
1657 3882 1850 3945 πολύν;
1901 3884 2022 3935 Ὅτι

441 3963 643 4026 εὐθέως
681 3966 729 4016 εἰ
777 3964 942 4016 αὑτὸν
1000 3965 1356 4034 μετωνόμασε
1407 3966 1783 4035 μεταστάντα,
1822 3966 1924 4017 ούκ
1958 3965 2023 4018 ἂν

439 4048 658 4117 ἐγένετο
685 4047 895 4120 φανερά
923 4051 956 4119 ή
995 4049 1266 4121 μεταϐολὴ
1294 4051 1388 4102 τοῦ
1425 4049 1637 4104 Παύλου
1655 4089 1669 4113 ,
1695 4049 1789 4102 καὶ
1822 4049 1854 4118 ἡ
1886 4050 2023 4120 πρὸς

439 4138 538 4206 τὴν
569 4137 746 4191 πίστιν
785 4137 1134 4207 μετάστασις.
1185 4137 1323 4191 Ἀλλ’
1357 4139 1494 4209 ὅπερ
1527 4138 1619 4190 ἐπὶ
1659 4137 1768 4190 τῶν
1794 4136 2021 4190 οἰκετῶν

442 4225 754 4295 συμϐαίνει,
783 4226 910 4278 ὅταν
952 4225 1216 4293 φυγόντες
1250 4225 1453 4289 εὐθέως
1493 4224 1794 4296 ἁμείϐωσιν
1839 4225 2021 4277 αὐτῶν

438 4315 511 4365 τὰ
547 4313 829 4384 ὀνόματα,
862 4313 1091 4382 ἀφανεῖς
1143 4314 1403 4382 γίνονται,
1451 4313 1610 4367 τοῦτο
1655 4315 1746 4366 καὶ
1793 4314 1885 4365 ἐπὶ
1926 4313 2020 4365 τοῦ

440 4403 655 4456 Παύλου
689 4403 913 4471 γέγονεν
940 4403 1006 4456 ἄν
1026 4421 1038 4433 ο
1063 4406 1112 4456 εἰ
1149 4404 1352 4467 εὐθέως
1379 4405 1540 4472 ἀφεὶς
1573 4406 1698 4467 τοὺς
1736 4402 2022 4466 Ἰουδαίους

440 4489 533 4540 καὶ
562 4487 697 4560 πρὸς
729 4489 875 4557 ἡμᾶς
901 4486 1070 4540 ἐλθὼν
1118 4488 1533 4557 μετωνομάσθη.
1571 4488 1745 4550 οὐδεὶς
1778 4487 1843 4540 ἂν
1879 4487 2023 4554 ἔγνω

437 4572 518 4625 ὅτι
561 4573 589 4624 6
632 4570 866 4641 διώκτη;
909 4571 1072 4634 αὐτός
1121 4573 1269 4624 ἐστιν
1317 4573 1345 4622 6
1380 4571 1787 4640 εύαγγελιστής.
1834 4571 1906 4623 Τὸ
1964 4570 2021 4624 δὲ

441 4655 873 4725 σπουδαζόμενον
895 4654 1055 4707 τοῦτο
1082 4651 1170 4724 ἦν,
1200 4653 1394 4725 μαθεῖν
1426 4657 1508 4706 ὅτι
1542 4657 1568 4707 ό
1596 4653 1830 4724 διώκτης
1859 4655 2021 4718 αὑτός

438 4741 576 4799 ἐστι.
623 4739 717 4791 καὶ
749 4738 1049 4800 ἀπόστολος
1092 4737 1304 4804 γέγονε.
1332 4737 1502 4790 Τοῦτο
1523 4738 1632 4808 γὰρ
1659 4733 1727 4807 ἦν
1750 4737 1777 4790 ὃ
1808 4741 2022 4807 συνεῖχε

436 4825 565 4885 τοὺς
602 4821 906 4886 Ἰουδαίους,
943 4822 1025 4874 ὃτι
1050 4823 1142 4874 τὸν
1187 4821 1509 4875 διδάσκαλον
1538 4822 1627 4872 τὸν
1665 4822 1806 4891 ὑπὲρ
1845 4821 2023 4874 αὐτῶν

441 4910 750 4980 ἱστάμενον,
779 4909 1048 4980 ηὕρισκον
1080 4909 1201 4962 κατ’
1233 4908 1413 4961 αὐτῶν
1443 4908 1594 4960 ὅντα.
1625 4908 1740 4959 Ἵνα
1763 4901 1854 4960 οῦν
1885 4909 1957 4977 μὴ
1987 4910 2019 4978 ή

440 4997 534 5050 τοῦ
573 4997 834 5066 ὀνόματος
863 4996 1037 5066 ἁθρόα
1105 4995 1378 5066 μεταϐολὴ
1407 4994 1700 5066 ἀποκρύψῃ
1724 4997 1823 5066 τὴν
1858 5011 2024 5064 μετα-

440 5083 602 5154 ϐολὴν
630 5083 728 5153 τῆς
773 5083 1166 5155 προαιρέσεως,
1206 5082 1432 5153 ἀφίησιν
1471 5081 1636 5135 αὑτὸν
1680 5081 1840 5151 μέχρι
1890 5081 2022 5134 πολ-

439 5171 534 5224 λοῦ
571 5171 668 5240 τὴν
699 5173 966 5241 προτέραν
996 5171 1142 5241 ἔχειν
1185 5169 1558 5242 προσηγορίαν
1585 5187 1596 5199 ·
1631 5169 1718 5230 ἵν’,
1751 5169 1880 5220 ὅταν
1916 5170 2020 5237 μά-

441 5258 578 5312 θωσι
603 5257 823 5323 πάντες,
854 5260 934 5312 ὅτι
961 5260 1120 5322 αὑτός
1140 5261 1288 5311 ἐστιν
1308 5261 1335 5311 ὁ
1353 5257 1547 5320 διώξας
1569 5255 1666 5326 τὴν
1699 5255 2024 5325 Ἐκκλησίαν

441 5345 771 5418 ἔμπροσθεν,
799 5345 922 5398 τότε
968 5346 1154 5399 λοιπὸν
1194 5345 1474 5417 γνωρίμου
1509 5343 1804 5412 γενομένου
1850 5344 2021 5407 πᾶσι,

443 5431 651 5500 μεταθῇ
677 5430 769 5481 καὶ
797 5429 895 5500 τὴν
935 5430 1331 5501 προσηγορίαν.
1372 5428 1483 5482 Καὶ
1513 5427 1595 5480 ὅτι
1632 5425 1791 5478 τοῦτο
1822 5426 2018 5490 αἴτιον,

439 5511 670 5566 ἄκουσον
695 5509 857 5562 αὐτοῦ
888 5509 1153 5578 λέγοντος*
1173 5507 1395 5564 τΗλθον
1409 5511 1496 5574 εἰς
1531 5507 1601 5560 τὰ
1624 5507 1882 5574 κλίματα
1915 5505 2024 5573 τῆς

441 5595 655 5662 Συρίας
685 5594 783 5648 καί
814 5592 925 5662 τῆς
956 5595 1229 5659 Κιλικίας
1252 5609 1267 5623 ·
1299 5591 1462 5662 ἤμην
1504 5589 1573 5643 δὲ
1614 5590 2023 5660 ἀγνοούμενος·

442 5677 520 5744 τῷ
541 5677 839 5748 προσώπῳ
865 5677 995 5743 ταῖς
1023 5677 1402 5742 Ἐκιινίησίαις
1427 5675 1536 5743 τῆς
1581 5672 1873 5736 Ἰουδαίας
1895 5672 2023 5738 ταῖς

437 5765 507 5816 ἐν
553 5763 954 5829 Παλαιστίνη,
1005 5762 1190 5832 φησίν.
1225 5761 1288 5813 Εἰ
1320 5759 1378 5813 δὲ
1411 5761 1529 5822 ταῖς
1579 5759 1637 5810 ἐν
1685 5756 2021 5826 Παλαιστίνῃ

439 5848 685 5914 1ιίγνοεῖτο
718 5842 846 5900 ἔνθα
878 5845 1136 5920 διέτριϐε,
1195 5843 1374 5916 πολλῷ
1404 5842 1602 5915 μᾶλλον
1639 5842 1753 5906 ταῖς
1784 5839 2018 5912 ἀλλαχοῦ

1151 338 1210 398 S.
1245 338 1529 401 JOANNIS
1565 346 2053 403 CHRYSOSTOMI
2095 348 2416 407 ARCHIEP.
2457 353 3013 413 CONSTANTINOP.

3606 340 3712 394 158

2131 454 2432 525 κειμέναις.
2468 458 2656 529 Ἦμην
2682 459 2738 512 δὲ
2759 460 3122 530 ἀγνοούμενος
3148 459 3228 530 τῷ
3263 460 3559 532 προσώπῳ,
3599 481 3706 533 φη-

2130 539 2236 600 σὶν,
2275 539 2396 609 οὐχὶ
2413 540 2491 609 τῷ
2517 543 2762 612 ὀνόματι.
2789 545 2887 597 Διά
2917 545 2968 598 τί
3007 546 3394 616 ’Λγνοούμενος
3424 547 3504 616 τῷ
3535 565 3712 620 προσ-

2128 620 2296 692 ώπῳ;
2331 623 2520 688 Ούδεὶς
2572 625 2678 698 γὰρ
2706 627 2829 680 ούδέ
2866 627 2992 680 ἰδεῖν
3024 628 3185 682 αὑτὸν
3219 629 3424 701 ἐτόλμα
3455 632 3565 684 τῶν
3615 648 3708 685 πι-

2131 705 2293 769 στῶν,
2324 707 2488 778 ήνίκα
2518 710 2652 780 ήμῖν
2679 710 2938 781 ἐπολέμει
2963 725 2979 742 ⁸
3013 710 3270 765 τοσούτου
3299 713 3486 782 φόνου,
3517 714 3714 766 τοσαύ-

2127 803 2226 857 της
2270 788 2436 860 ἐγεμε
2482 793 2699 860 μανίας.
2743 793 2836 846 Διὸ
2884 793 3086 858 πάντες
3124 795 3457 864 ἀπεπήδων,
3505 796 3711 860 πάντες

2128 872 2376 941 ἔφευγον,
2413 876 2466 928 ετ
2495 893 2595 927 που
2622 876 3066 947 παραγενόμενον
3087 873 3248 939 εἶδον,
3275 877 3426 950 [122]
3468 880 3564 933 καὶ
3585 880 3710 932 οὐδὲ

2127 955 2447 1026 ἀντιϐλέψαι
2481 958 2744 1028 ἐτόλμων·
2771 959 2945 1022 οὕτως
2975 956 3042 1031 ἦν
3065 961 3538 1032 ἐκτεθηριωμένος
3567 964 3713 1014 κατά

2128 1038 2236 1092 τῶν
2262 1041 2471 1093 πιστῶν
2492 1057 2505 1070 ·
2540 1043 2699 1107 μόνον
2730 1042 2787 1094 δέ
2822 1044 3113 1106 ἀκούοντες
3143 1040 3305 1114 ἦσαν,
3336 1045 3420 1097 ὅτι
3445 1047 3475 1098 6
3494 1045 3712 1098 διώκων

2129 1124 2284 1192 ἡμᾶς
2313 1140 2463 1188 ποτε,
2511 1123 2606 1178 νῦν
2655 1125 3066 1193 εὐαγγελίζεται
3107 1127 3207 1198 τὴν
3243 1128 3426 1180 πίστιν
3459 1129 3526 1198 ἦν
3577 1143 3712 1179 ποτε

2127 1205 2371 1276 ἐπόρθει.
2409 1208 2563 1261 Ἐπεὶ
2591 1203 2684 1262 οὖν
2707 1201 2786 1278 τῷ
2820 1210 2919 1279 μὲν
2950 1210 3229 1280 προσώπῳ
3259 1209 3422 1264 αὑτὸν
3452 1210 3709 1279 ἠγνόουν,

2131 1288 2292 1360 μόνον
2344 1290 2404 1344 δέ
2453 1291 2746 1355 ἀκούοντες
2787 1287 2952 1363 ἦσαν.
2989 1293 3122 1346 είτὺ
3163 1293 3335 1362 ὄνομα
3363 1293 3533 1346 αὑτοῦ
3579 1311 3713 1364 μετ-

2129 1370 2334 1442 εϐλήθη
2371 1373 2597 1437 εὐθέως,
2628 1374 2731 1427 οὐκ
2767 1373 2834 1429 ἀν
2869 1375 2988 1428 ούδέ
3026 1376 3078 1428 οί
3117 1375 3407 1438 ἀκούοντες
3438 1375 3710 1444 ἔγνωσαν.

2128 1454 2211 1508 ὅτι
2269 1457 2299 1509 6
2357 1457 2570 1512 διώκων
2628 1457 2727 1529 τὴν
2798 1459 2999 1516 πίστιν.
3059 1455 3215 1523 οὗτος
3268 1461 3706 1528 εὐαγγελίζεται.

2144 1537 2370 1610 Ἐπειδὴ
2402 1541 2514 1611 γάρ
2545 1541 2608 1594 τὸ
2647 1542 2913 1613 πρότερον
2953 1541 3117 1594 αὑτοῦ
3151 1543 3321 1612 ὄνομα
3377 1543 3598 1613 ᾔδεσαν,
3626 1545 3710 1596 ὅτι

2129 1627 2334 1694 Σαῦλος
2395 1630 2646 1699 ἐλέγετο,
2700 1633 2748 1684 εί
2803 1630 3162 1701 μεταϐληθεὶς
3215 1631 3418 1695 εὐθέως
3492 1630 3710 1694 Παῦλος

2127 1717 2356 1790 ἐκλήθη,
2393 1715 2513 1773 εἶτα
2553 1719 2896 1787 ἀπήγγειλάν
2933 1737 3078 1783 τινες
3123 1720 3336 1784 αὐτοῖς,
3378 1720 3461 1772 ὅτι
3498 1718 3712 1781 Παῦλος

2127 1801 2570 1870 εὐαγγελίζεται,
2618 1805 2647 1856 6
2700 1801 2912 1855 διώκων
2962 1802 3059 1874 τὴν
3100 1802 3450 1872 Ἐκκλησίαν,
3497 1804 3597 1856 οὐκ
3639 1802 3710 1854 ἂν

2127 1883 2372 1952 ἔγνωσαν
2401 1886 2483 1937 ὃτι
2519 1880 2672 1950 οὗτος
2696 1887 2903 1949 ἐκεῖνος
2929 1881 3019 1956 ἦν,
3055 1885 3145 1938 διὰ
3176 1886 3236 1938 τὸ
3265 1885 3339 1956 μὴ
3371 1885 3584 1938 Παῦλον
3609 1885 3710 1936 αύ-

2127 1967 2218 2020 τδν
2257 1967 2561 2033 καλεῖσθαι,
2585 1968 2724 2022 ἀλλὰ
2750 1969 2973 2024 Σαῦλον.
3001 1972 3100 2024 Διά
3123 1969 3279 2022 τοῦτο
3302 1970 3516 2040 ἀφῆκεν
3543 1971 3711 2023 αὐτὸν

2131 2055 2292 2128 μέχρι
2328 2056 2525 2110 πολλοῦ
2562 2056 2662 2128 τὴν
2697 2059 2972 2130 προτέραν
3005 2059 3150 2130 ἔχειν
3189 2060 3584 2130 προσηγορίαν,
3616 2059 3710 2112 ἵνα

2129 2143 2263 2192 πᾶσι
2296 2138 2572 2211 γνώριμος
2611 2141 2838 2212 γένηται
2877 2145 2991 2206 τοῖς
3031 2146 3268 2206 πιστοῖς,
3299 2145 3394 2196 καὶ
3426 2145 3539 2206 τοῖς
3569 2143 3712 2215 πόρο

2131 2223 2304 2294 ρωθεν
2325 2219 2446 2277 οὖσι
2474 2225 2568 2278 καὶ
2598 2224 2698 2296 οὐχ
2730 2227 3034 2296 ἑωρακόσιν
3068 2227 3247 2281 αὐτόν.

2196 2326 2259 2381 6'.
2295 2329 2453 2391 Τίνος
2484 2328 2583 2398 μὲν
2608 2323 2702 2381 οῦν
2723 2328 2913 2381 ἕνεκεν
2939 2330 3040 2382 οὐκ
3071 2327 3274 2390 εὐθέως
3298 2327 3604 2398 μετεϐλήθη
3622 2332 3726 2382 αὖ-

2127 2409 2220 2462 τοῦ
2252 2409 2489 2481 τοῦνομα
2511 2451 2526 2476 ,
2573 2411 2775 2474 ίκανῶς
2807 2412 3208 2464 ἀποδέδεικται.
3251 2411 3489 2482 Ἀνάγκη
3521 2412 3713 2463 λοιπον

2127 2492 2214 2545 ἐπ’
2245 2494 2415 2562 αὐτὴν
2445 2494 2621 2546 ἐλθεῖν
2639 2493 2734 2547 τοῦ
2752 2494 2912 2563 λόγου
2937 2495 3035 2566 τὴν
3057 2495 3251 2566 ἀρχήν.
3276 2495 3513 2560 Σαῦλος
3534 2494 3603 2546 δὲ
3620 2497 3712 2548 ἑτι

2125 2575 2400 2644 ἐμπνέων
2438 2577 2698 2646 ἀπειλῆς
2750 2579 2847 2631 καί
2886 2579 3080 2647 φόνου
3125 2581 3213 2644 εἰς
3246 2578 3389 2643 τοὺς
3433 2581 3716 2646 μαθητὰς

2125 2657 2232 2710 τοῦ
2265 2661 2511 2726 Κυρίου.
2549 2661 2614 2712 Τί
2665 2662 2833 2722 ἐστιν,
2885 2662 3042 2724 "Eu;
3069 2660 3134 2712 Τί
3177 2659 3284 2732 γάρ
3321 2662 3548 2732 ἐποίησε
3603 2663 3717 2732 πρὸ

2125 2741 2339 2805 τούτου,
2369 2745 2451 2795 ὅτι
2489 2742 2659 2811 λέγει,
2697 2745 2858 2805 Ἕτι;
2889 2743 2962 2794 Τὸ
2994 2743 3124 2814 γὰρ,
3167 2742 3310 2807 Ἔτι,
3339 2743 3470 2813 περὶ
3497 2742 3713 2814 ἀνθρώ-

2128 2841 2231 2877 που
2259 2825 2426 2878 πολλὰ
2451 2827 2599 2878 κακά
2637 2824 2996 2893 πεποιηκότος
3035 2825 3345 2896 ἔμπροσθεν
3379 2826 3612 2894 λέγεται.
3645 2827 3717 2878 Τί

2125 2903 2218 2961 οὖν
2245 2908 2508 2980 ἐποίησε,
2532 2908 2597 2961 Τί
2629 2909 2738 2977 γὰρ
2767 2907 2868 2960 οὐκ
2885 2907 3163 2977 ἐποίησεν,
3191 2908 3314 2960 είπέ
3348 2923 3438 2976 μοι
3462 2947 3477 2966 .
3496 2922 3708 2970 κακον;

2127 2993 2389 3061 Δίμάτων
2439 2991 2709 3061 ἐνέπλησε
2759 2989 2832 3044 τά
2900 2990 3249 3060 Ἰεροσόλυμα
3309 2990 3437 3052 τοὺς
3487 2991 3717 3052 πιστοὺς

2124 3075 2387 3146 ἀναιρῶν,
2415 3076 2516 3146 τὴν
2557 3073 2888 3146 Ἐκκλησίαν
2921 3073 3176 3144 ἐπόρθει,
3224 3072 3349 3136 τοῦς
3377 3071 3716 3133 ἀποστόλους

2125 3158 2316 3211 ἐδίωκε
2343 3197 2359 3222 ,
2402 3159 2495 3211 τὸν
2524 3159 2799 3226 Στέφανον
2831 3157 3088 3226 ἐσφαξεν,
3117 3159 3218 3210 οὐκ
3245 3154 3483 3226 ἀνδρῶν,
3515 3155 3578 3206 ού
3613 3171 3717 3220 γυ-

2125 3241 2331 3294 ναικῶν
2369 3241 2634 3310 ἐφείδετο.
2669 3242 2936 3294 ’Ἄκουσον
2979 3239 3114 3308 γοῦν
3146 3239 3240 3292 τοῦ
3269 3237 3514 3309 μαθητοῦ
3541 3239 3715 3290 αὑτοῦ

2124 3324 2375 3393 λέγοντος
2400 3343 2413 3356 ·
2448 3325 2686 3390 Σαῦλος
2711 3323 2779 3377 δὲ
2799 3326 3153 3394 ἐλυμαίνετο
3175 3323 3287 3391 τὴν
3316 3324 3716 3389 Ἐκκλησίαν,

2124 3410 2274 3462 κατὰ
2306 3409 2446 3474 τοὺς
2483 3408 2690 3472 οἴκους
2709 3408 3228 3476 εἰσπορευόμενος,
3263 3408 3470 3475 σύρων
3501 3423 3564 3459 τε
3605 3407 3715 3459 ἁν-

2122 3499 2270 3570 δριις
2299 3500 2399 3554 καὶ
2427 3500 2742 3570 γυναῖκας.
2777 3499 2917 3555 Οὐδὲ
2946 3502 3057 3572 γὰρ
3084 3503 3245 3572 ήρκει
3273 3501 3422 3572 αὐτῷ
3447 3505 3482 3570 ή
3510 3501 3713 3573 ἀγορὰ,

2123 3584 2263 3636 ἀλλά
2292 3585 2384 3638 καὶ
2420 3588 2501 3648 είς
2533 3585 2634 3648 τὰς
2681 3585 2863 3648 οἰκίας
2904 3586 3188 3656 ἐπεπήδαο
3223 3588 3384 3638 Κατὰ
3424 3585 3568 3649 τοὺς
3631 3586 3717 3637 οι-

2125 3685 2274 3734 κους
2306 3669 2418 3738 γὰρ
2455 3670 2989 3737 εἰσπορευόμενος,
3042 3668 3196 3738 φησί.
3239 3669 3349 3720 Καὶ
3393 3668 3494 3720 οὐκ
3528 3663 3712 3732 εἶπεν,

2123 3753 2293 3819 ἄγων,
2324 3751 2476 3814 οὐδὲ,
2513 3750 2685 3802 ἕλκων
2718 3750 2918 3820 ἄνδρας
2950 3753 3042 3802 καὶ
3091 3754 3377 3818 γυναῖκας,
3412 3751 3571 3815 ἀλλὰ,
3598 3753 3716 3805 Σύ-

2114 3851 2242 3901 ρων
2287 3834 2513 3902 ἄνδρας
2555 3834 2652 3886 καὶ
2689 3834 3013 3902 γυναῖκας’
3067 3833 3320 3903 καθάπερ
3361 3835 3490 3904 περὶ
3519 3833 3716 3905 θηρίου

2122 3915 2530 3984 διαλεγόμενος,
2564 3914 2751 3984 Σύρων
2790 3914 2990 3985 ἄνδρας
3026 3915 3120 3966 καὶ
3154 3917 3418 3981 γυναῖκας
3439 3935 3450 3944 ·
3488 3919 3582 3967 καὶ
3611 3917 3716 3968 οὐκ

2122 3995 2323 4065 ἄνδρας
2357 3995 2540 4064 μόνον.
2598 3993 2735 4047 ἀλλὰ
2772 3996 2868 4047 καὶ
2911 3997 3188 4063 γυναῖκας.
3241 3995 3374 4047 υύδέ
3409 3997 3508 4066 τὴν
3546 3996 3717 4064 φύσιν

2123 4083 2323 4153 ᾐδεῖτο,
2352 4083 2474 4136 οὐδὲ
2494 4084 2554 4136 τὸ
2583 4083 2740 4152 γένος
2770 4083 2941 4152 ἠλέει,
2974 4083 3095 4138 ούδέ
3127 4083 3262 4154 πρὸς
3293 4084 3392 4155 τὴν
3418 4087 3715 4140 ἀσθένειαν

2125 4162 2422 4217 ἀπεκλᾶτο.
2467 4163 2625 4234 Ζήλῳ
2672 4164 2805 4234 γὰρ,
2835 4164 2955 4232 οὐχὶ
2985 4163 3143 4234 θυμῴ
3174 4163 3351 4217 ταῦτα
3375 4165 3570 4218 ἐποίει.
3605 4169 3711 4219 Διά

2123 4247 2284 4300 τοῦτο
2306 4249 2355 4300 οί
2389 4247 2488 4316 μὲν
2526 4247 2765 4300 Ἰουδαῖοι
2786 4247 2855 4299 τά
2873 4247 3010 4300 αύτά
3045 4247 3343 4312 ποιοῦντες,
3376 4248 3517 4312 ἄξιοι
3565 4267 3702 4302 κατ-

2122 4331 2356 4401 ηγορίας
2379 4347 2392 4358 ·
2411 4325 2566 4391 οὗτος
2594 4329 2652 4383 δὲ
2673 4331 2738 4383 τὰ
2766 4330 2907 4384 αύτά
2937 4329 3124 4394 ποιῶν,
3153 4330 3303 4396 ἄξιος
3357 4331 3712 4402 συγγνώμης.

2125 4413 2236 4465 Kal
2265 4412 2375 4484 γὰρ
2396 4414 2494 4468 ἀπ’
2521 4412 2705 4466 αὐτῶν
2727 4407 2802 4466 ὧν
2831 4414 3049 4466 ἐποίουν
3080 4413 3227 4484 δῆλοι
3253 4410 3414 4485 ἦσαν,
3449 4417 3532 4468 ὃτι
3562 4418 3711 4468 ἐκεῖ-

2124 4520 2206 4554 νοι
2239 4502 2340 4573 μὲν
2355 4502 2522 4572 τιμῆς
2551 4502 2739 4556 ἐνεκεν
2769 4504 2862 4556 καὶ
2891 4500 3049 4574 δόξης
3070 4504 3170 4574 τῆς
3196 4505 3348 4575 παρά
3368 4503 3478 4558 τῶν
3499 4505 3717 4557 πολλῶν

2125 4587 2297 4638 ταῦτα
2336 4585 2606 4657 ἔπραττον
2627 4602 2639 4614 ·
2668 4580 2823 4650 οὗτος
2855 4587 2912 4640 δὲ
2940 4588 3038 4656 οὐχ
3067 4586 3273 4650 οὕτως,
3304 4587 3442 4640 ἀλλά
3470 4587 3547 4658 τῷ
3583 4587 3707 4657 Θεῷ

2125 4667 2324 4740 ζηλῶν,
2357 4670 2405 4721 εἰ
2433 4669 2527 4721 καὶ
2559 4669 2634 4739 μὴ
2683 4672 2804 4722 κατ’
2842 4669 3135 4738 ἐπίγνωσιν
3157 4687 3168 4699 ’
3199 4670 3288 4722 διὰ
3326 4670 3485 4723 τοῦτο
3509 4673 3712 4724 ἐκεῖνοι

2122 4754 2222 4814 τάς
2262 4754 2361 4822 μὲν
2394 4756 2662 4820 γυναῖκας
2696 4753 2930 4820 ἠφίεσαν
2953 4793 2965 4814 ,
2993 4757 3106 4818 τοίς
3135 4754 3190 4806 δέ
3221 4754 3481 4824 ἀνδράσιν
3516 4754 3709 4808 ἐπολέ-

2127 4854 2280 4904 μουν,
2313 4836 2500 4906 ἐπειδὴ
2533 4841 2611 4898 εἰς
2635 4837 2878 4900 ἐκείνους
2905 4837 3094 4907 ἐώρων
3122 4839 3222 4906 τὴν
3248 4837 3460 4890 ἑαυτῶν
3493 4838 3713 4909 περιελ-

2124 4918 2322 4972 θοῦσαν
2354 4923 2540 4988 τιμήν⁸
2574 4913 2730 4981 οὗτος
2753 4919 2842 4982 δέ,
2872 4919 2970 4972 ἆτε
3000 4919 3339 4989 ζηλοτυπῶν,
3377 4919 3516 4990 πρὸς
3543 4920 3712 4973 ἄπαν-

2122 5019 2222 5065 τας
2255 5003 2461 5055 ἵστατο.
2508 5003 2674 5056 Ταῦτ’
2711 4999 2804 5056 οὖν
2849 5005 3066 5058 ἅπαντα
3107 5005 3368 5072 ἐννοήσας
3395 5007 3424 5056 6
3461 5005 3708 5069 Λουκᾶς,

2124 5087 2215 5139 καὶ
2245 5085 2385 5152 ὁρῶν
2422 5086 2584 5138 αὑτὸν
2612 5086 2765 5140 οῦπω
2792 5087 3206 5158 κορεννύμενον,
3232 5088 3386 5154 ἔλεγε
3407 5104 3421 5119 ·
3469 5088 3712 5152 Σαῦλος

2122 5169 2190 5221 δὲ
2218 5169 2307 5221 ἔτι
2331 5169 2604 5236 ἐμπνέων
2623 5170 2883 5238 ἀπειλῆς
2912 5172 3009 5224 καὶ
3033 5171 3224 5240 φόνου
3251 5174 3338 5234 είς
3358 5172 3504 5236 τοὺς
3521 5173 3711 5238 μαθη-

2123 5257 2228 5322 τὰς
2248 5257 2353 5308 τοῦ
2380 5257 2617 5322 Κυρίου.
2648 5258 2763 5311 Ούκ
2791 5258 3045 5327 ἐκόρεσεν
3072 5257 3234 5311 αὐτὸν
3262 5259 3291 5310 6
3313 5258 3473 5324 φόνος
3496 5258 3709 5326 Στεφά-

2123 5359 2248 5403 νου,
2294 5341 2394 5393 οὐκ
2432 5340 2733 5412 ἐνέπλησεν
2775 5341 2942 5395 αὐτοῦ
2982 5341 3081 5412 τήν
3125 5341 3428 5411 ἐπιθυμίαν
3463 5343 3498 5412 ή
3530 5341 3712 5405 δίωξις

2123 5423 2223 5493 τῆς
2261 5423 2590 5492 Ἐκκλησίας
2610 5465 2624 5486 ,
2664 5424 2799 5478 ἀλλά
2842 5425 3154 5495 περαιτέρω
3183 5425 3398 5494 προῄει,
3427 5424 3524 5476 καὶ
3553 5424 3710 5478 οὐδα-

2126 5506 2228 5577 μοῦ
2260 5507 2446 5560 ἵστατο
2488 5507 2589 5577 τῆς
2625 5510 2852 5577 μανίας·
2903 5509 3066 5578 ζῆλος
3116 5507 3224 5579 γὰρ
3263 5505 3352 5579 ἦν.
3405 5507 3548 5560 Ἀλλ’
3598 5510 3701 5560 ἐπο

2124 5590 2361 5643 ανελθὼν
2387 5591 2512 5660 ἄρτι
2539 5591 2647 5644 ἀπὸ
2667 5593 2770 5660 ,τῆς
2801 5595 3017 5662 σφαγῆς
3045 5589 3315 5659 Στεφάνου
3333 5630 3347 5654 ,
3377 5590 3570 5644 ἐδίωκε
3589 5591 3711 5652 τοὺς

2122 5678 2454 5742 ἀποστόλους
2483 5695 2494 5705 ·
2531 5679 2624 5731 καὶ
2658 5679 2855 5731 ταύτὸν
2887 5680 3097 5740 ἐποίει,
3136 5677 3324 5748 ῶσπερ
3359 5676 3426 5730 ἂν
3463 5681 3514 5730 εί
3547 5677 3709 5738 λύκος

2123 5763 2314 5831 ἄγριος
2369 5763 2715 5832 ἐπιπηδήσας
2760 5762 2959 5832 ποίμνῃ
3016 5763 3324 5832 προϐάτων,
3380 5763 3473 5816 καὶ
3522 5764 3711 5830 ἀρνίον

2132 5843 2385 5915 ἀρπάσας
2421 5845 2650 5914 ἐκεῖθεν,
2683 5848 2777 5898 καὶ
2810 5846 2888 5917 τῷ
2908 5846 3093 5917 οἰκείῳ
3127 5840 3407 5919 σπαράξας
3439 5847 3707 5917 στόματι,
