3964 6342
186 366 286 423 137

182 489 331 541 erat.
366 480 583 550 quando
606 480 673 535 de
714 479 1016 534 nomindms
1043 478 1471 541 disserebamus,
1502 476 1781 548 quwreba-

182 586 412 641 musque
446 586 543 626 cur
584 571 870 642 aliquando
908 571 1143 636 Saulus,
1195 581 1377 640 postea
1420 584 1549 625 vero
1591 569 1784 624 Paulus

184 671 412 718 vocatus
443 661 621 717 fuerit.
654 662 782 718 lude
819 677 948 717 vero
982 662 1207 731 digressi
1239 676 1421 717 sumus
1452 660 1518 715 ad
1548 670 1782 715 veterem

187 754 485 819 historiam,
506 770 798 825 omnesque
815 757 903 826 qui
924 754 1238 825 cegnomitut
1258 755 1552 809 habuerant
1571 755 1779 809 exami-

182 842 452 913 navimus.
506 845 707 901 Deinde
744 846 1019 902 Simonem
1049 848 1621 909 commemoravimus,
1653 862 1780 901 nec-

181 951 290 991 non
318 935 592 992 Christum
625 938 723 1008 ipsi
752 936 1042 1003 dicentem,
1075 935 1150 990 Tu
1175 954 1226 991 es
1250 936 1429 992 Simon
1454 938 1592 1004 ﬁlius
1621 936 1778 1001 Jona,

179 1035 234 1080 tu
280 1028 543 1083 vocaberis
587 1026 810 1097 Cephas,
850 1029 987 1099 quod
1029 1036 1100 1082 est
1143 1028 1520 1098 interpretatum
1572 1027 1778 1084 Petrus.

184 1117 380 1174 Viden‘
408 1135 516 1190 quo
542 1129 699 1189 pacto
725 1118 779 1175 id
808 1118 949 1189 quod
978 1118 1290 1174 difﬁcultate
1315 1118 1529 1187 plenum
1559 1119 1778 1173 videba-

177 1219 290 1278 tur,
313 1226 459 1266 nunc
477 1213 653 1266 notius
668 1210 932 1266 evaserit?
947 1209 1403 1278 Quemadmodum
1421 1209 1563 1263 enim
1586 1224 1781 1278 corpus

177 1306 357 1374 capite
376 1344 393 1371 ,
430 1304 590 1359 arbor
615 1303 825 1370 radice,
863 1313 918 1359 et
943 1302 1139 1358 ﬁumen
1183 1302 1328 1357 fonte
1358 1303 1589 1371 indiget,
1619 1304 1695 1356 sic
1723 1311 1779 1357 et

177 1398 359 1451 oratio
384 1396 667 1465 procemio.
698 1396 878 1465 Itaque
899 1411 1019 1451 cum
1051 1411 1145 1449 vos
1176 1396 1226 1449 in
1266 1396 1363 1449 viae
1406 1395 1614 1450 initium
1644 1410 1778 1448 con-

178 1487 554 1549 stituerimus,
599 1496 652 1541 et
696 1486 1133 1556 consequentiam
1191 1486 1620 1552 ostenderimus,
1665 1487 1776 1556 ja'n

181 1578 426 1635 historiae
453 1581 770 1651 prooemium
798 1589 1098 1650 tangamus.

252 1671 362 1726 Cur
393 1670 561 1727 Paulo
590 1689 775 1726 nomen
803 1673 866 1726 sit
896 1660 1161 1726 mutatum.
1205 1672 1309 1727 Cur
1338 1691 1437 1727 non
1466 1675 1635 1728 statim
1666 1682 1779 1744 post

179 1766 558 1821 conversionem
584 1776 830 1820 mutatum
852 1766 897 1820 ei
924 1783 1108 1820 nomen
1128 1768 1299 1837 fuerit.
1313 1797 1383 1805 —
1401 1765 1593 1821 Saulus
1612 1776 1780 1820 autem

177 1860 352 1913 adhuc
380 1861 586 1929 spirans
612 1860 865 1913 minarum
889 1869 935 1913 ct
961 1860 1112 1913 caulis
1147 1860 1198 1912 in
1242 1859 1519 1929 discipulos
1570 1855 1780 1911 Domini

179 1951 324 2024 (Art.
360 1951 418 2009 9.
458 1951 535 2024 1).
567 1952 622 2007 In
638 1952 893 2023 Epistolis
923 1951 1117 2006 Paulus
1148 1962 1401 2006 vocatur:
1426 1967 1522 2005 cur
1549 1966 1678 2021 ergo
1704 1951 1777 2005 illi

178 2062 380 2102 nomen
408 2046 633 2102 mutavit
657 2045 891 2117 Spiritus
916 2045 1166 2100 sanctus?
1192 2043 1649 2112 Quemadmodum
1681 2043 1779 2097 he-

176 2155 297 2207 rus,
338 2148 521 2209 empto
540 2153 734 2205 servo,
762 2146 822 2193 ut
850 2137 924 2192 illi
956 2137 1178 2192 herilem
1208 2145 1520 2206 potestatem
1548 2136 1776 2202 indicet,

175 2232 299 2301 ejus
323 2247 521 2287 nomen
552 2240 724 2287 mutat
750 2249 763 2286 :
788 2230 858 2285 ita
884 2238 939 2285 et
966 2229 1198 2300 Spiritus
1229 2239 1447 2284 sanctus
1478 2241 1603 2284 tunc
1632 2229 1774 2283 fecit.

175 2323 259 2379 Ex
291 2323 599 2393 captivitate
632 2337 867 2393 namque
892 2321 1115 2376 Paulum
1154 2331 1467 2389 acceperat,
1512 2330 1566 2375 et
1609 2336 1779 2387 nuper

176 2418 269 2472 ille
307 2426 425 2470 erat
467 2415 558 2469 tali
607 2414 843 2468 dominio
892 2413 1181 2483 subjectus.
1239 2412 1363 2467 Ideo
1410 2414 1528 2481 ejus
1582 2430 1775 2467 nomen

178 2509 411 2564 mutavit
436 2550 449 2570 ,
494 2518 552 2562 ut
584 2507 708 2561 inde
750 2506 838 2561 ille
862 2506 1153 2588 dominium
1182 2505 1462 2560 edisceret.
1492 2505 1777 2560 Nominnm

175 2600 378 2671 quippe
422 2599 694 2668 impositio
721 2598 942 2652 dominii
972 2608 1054 2651 est
1083 2607 1455 2667 argumentum
1480 2597 1653 2666 :quud
1689 2612 1781 2664 pa-

178 2692 287 2746 lam
317 2700 401 2745 est
446 2706 513 2745 ex
560 2690 626 2744 iis
655 2705 773 2760 qua:
817 2689 1055 2759 quotidie
1099 2695 1397 2758 geruntur,
1444 2688 1778 2741 manifestius

176 2794 359 2835 autem
391 2782 496 2835 erit
536 2797 602 2835 ex
642 2780 746 2843 iis,
786 2795 905 2850 quae
936 2780 987 2833 in
1030 2778 1234 2833 Adamo
1278 2779 1401 2832 fecit
1444 2778 1601 2833 Deds.
1643 2776 1775 2832 Cum

176 2874 341 2927 vellet
386 2872 529 2928 enim
571 2872 717 2925 illum
757 2870 989 2931 docere,
1039 2870 1178 2941 quod
1211 2871 1323 2938 ipse
1365 2882 1507 2924 esset
1536 2871 1774 2924 omnium

176 2966 430 3036 princeps
458 2972 515 3018 et
552 2963 802 3017 dominus
822 3002 837 3028 ,
870 2962 1094 3016 adduxit
1127 2960 1193 3014 ad
1222 2978 1342 3015 eum
1369 2962 1546 3015 omnia
1572 2962 1777 3015 anima-

175 3056 243 3111 lia
261 3098 280 3122 ,
315 3054 385 3111 Ut
408 3055 597 3109 videret
621 3054 742 3125 quid
769 3066 963 3108 vocaret
995 3070 1052 3106 ea
1076 3052 1225 3123 (Gen.
1253 3053 1309 3106 2.
1343 3053 1457 3119 19),
1486 3052 1776 3108 ostendens

177 3150 460 3205 nominum
493 3148 889 3218 impositionem
919 3147 1214 3206 dominium
1252 3146 1592 3203 confirmare.
1622 3148 1772 3216 Quod

173 3243 216 3295 si
244 3240 431 3296 velitis
450 3240 522 3295 ita
550 3255 763 3310 quoque
789 3240 929 3310 apud
957 3238 1202 3293 homines
1228 3239 1425 3293 factum
1453 3239 1617 3294 fuisse
1641 3254 1774 3295 con-

173 3332 422 3401 spicere,
454 3330 788 3401 discereque,
817 3331 869 3383 in
898 3346 1047 3385 more
1076 3331 1203 3385 olim
1235 3330 1546 3402 plerumque
1574 3331 1735 3386 fuisse
1754 3368 1774 3398 ,

175 3433 235 3478 ut
268 3424 446 3480 servis
487 3422 541 3477 in
572 3421 934 3492 captivitatem
967 3421 1210 3477 abductis
1248 3422 1460 3477 nomina
1500 3431 1772 3476 mutaren-

174 3526 265 3571 tur
285 3558 301 3583 ,
328 3514 513 3571 audite
537 3514 661 3585 quid
689 3513 874 3569 fecerit
902 3530 997 3568 rex
1030 3514 1462 3583 Babyloniorum.
1491 3513 1621 3568 Nam
1651 3531 1771 3569 cum

174 3608 480 3676 accepisset
521 3621 585 3661 ex
630 3606 936 3674 captivitate
968 3606 1229 3660 Ananiam
1251 3646 1266 3670 ,
1316 3607 1562 3659 Azariam
1590 3614 1645 3660 et
1675 3606 1771 3658 Mi-

173 3700 379 3756 saelem
405 3741 422 3765 ,
464 3715 571 3753 non
598 3697 815 3767 reliquit
844 3700 924 3753 eis
951 3700 1127 3767 priora
1162 3697 1376 3751 nomina
1398 3739 1412 3762 ,
1442 3696 1536 3751 sed
1564 3700 1773 3749 vocavit

171 3806 291 3856 eos,
308 3790 707 3857 Sedrac,Misac
722 3798 775 3845 et
791 3788 1319 3859 Abdenago(Daniel.
1341 3790 1391 3842 1.
1412 3788 1463 3843 6.
1482 3787 1556 3860 7).
1576 3788 1769 3841 Verum
1817 3842 1821 3846 ,

171 3898 423 3955 quanam
436 3896 593 3938 causa
605 3880 811 3935 fuitcur
828 3895 930 3934 non
949 3880 1126 3934 statim
1146 3879 1287 3934 Sauli
1307 3894 1499 3933 nomen
1520 3888 1770 3941 mutaret,

171 3976 271 4032 sed
297 3982 425 4047 post
452 3974 676 4030 multum
701 3973 994 4043 temporis?
1016 3973 1150 4041 Quia
1184 3975 1228 4026 si
1263 3973 1441 4025 statim
1474 3979 1594 4040 post
1624 3970 1771 4024 Pauli

172 4066 590 4122 conversionem
617 4065 784 4135 ipsius
810 4079 1004 4119 nomen
1028 4070 1304 4125 mutasset,
1326 4063 1605 4117 conversio
1626 4062 1773 4116 Pauli

173 4158 239 4213 ad
273 4158 440 4212 fidem
491 4173 596 4210 non
630 4156 815 4211 fuisset
855 4154 1157 4210 manifesta.
1208 4154 1405 4209 Verum
1439 4155 1581 4225 quod
1615 4156 1664 4208 in
1700 4156 1773 4208 fa-

173 4252 338 4307 mulis
383 4264 483 4304 usu
533 4250 714 4303 venire
759 4249 942 4315 solet,
983 4247 1073 4318 qui
1116 4247 1159 4301 si
1208 4250 1384 4301 statim
1432 4256 1550 4316 post
1596 4246 1771 4316 fugam

174 4342 394 4396 nomina
440 4350 675 4406 mutent,
718 4339 915 4394 occulti
963 4346 1210 4403 manent,
1256 4337 1487 4406 idipsum
1520 4338 1572 4391 in
1610 4337 1773 4391 Paulo

172 4433 519 4502 contigisset;
551 4433 594 4486 si
627 4446 749 4484 mox
774 4471 790 4495 ,
822 4440 881 4484 ut
908 4430 1111 4484 relictis
1138 4428 1337 4484 Judmis
1368 4429 1435 4483 ad
1468 4444 1566 4482 nos
1596 4429 1770 4493 venit,

173 4540 377 4578 nomen
411 4523 759 4586 mutavisset,
802 4536 962 4577 nemo
1004 4522 1248 4576 scivisset
1289 4537 1411 4576 eum
1458 4521 1547 4588 qui
1596 4535 1775 4589 perse-

174 4627 377 4684 quutor
406 4624 544 4679 erat,
576 4629 697 4668 esse
723 4613 1102 4682 evangelistam
1123 4654 1139 4677 ,
1170 4621 1225 4666 et
1250 4611 1545 4681 apostolum
1576 4610 1771 4665 factum

174 4724 313 4762 esse.
352 4706 489 4762 Illud
514 4707 656 4760 enim
686 4705 901 4759 .Iudaros
931 4703 1247 4768 cohibebat,
1290 4702 1431 4773 quod
1468 4719 1627 4773 quem
1672 4704 1773 4757 do-

173 4814 382 4853 ctorem
416 4814 582 4867 penes
610 4815 669 4851 se
698 4797 1033 4861 habuerant,
1063 4805 1188 4849 tunc
1218 4794 1579 4850 adversarium
1611 4810 1773 4865 expe-

176 4894 435 4946 rirentur.
480 4889 558 4945 Ne
595 4891 772 4958 itaque
803 4889 977 4943 subita
1008 4887 1240 4942 nominis
1268 4887 1491 4941 mutatio
1519 4887 1773 4957 propositi

176 4983 535 5038 mutationem
581 4982 888 5051 obtegeret,
942 4980 1111 5035 multo
1161 4978 1313 5034 illum
1364 4988 1607 5049 tempore
1653 4994 1774 5033 cum

177 5076 347 5145 priori
371 5073 587 5129 nomine
610 5072 1225 5144 reliquitzutpostquam
1251 5087 1439 5126 omnes
1464 5071 1777 5127 didicissent

174 5182 300 5222 eum
324 5166 500 5236 ipsum
530 5180 670 5230 esse,
701 5165 789 5234 qui
822 5164 1116 5219 Ecclesiam
1146 5172 1301 5217 antea
1334 5164 1773 5234 persequebatur,

178 5270 308 5316 tunc
358 5274 419 5314 re
458 5258 708 5313 omnibus
744 5265 1054 5327 comperta,
1102 5270 1296 5310 nomen
1344 5265 1660 5312 mutaretur.
1714 5256 1779 5310 Et

177 5353 323 5423 quod
354 5352 469 5423 ipsa
500 5367 624 5406 vera
653 5350 723 5405 sit
750 5364 940 5412 causa,
968 5349 1091 5402 audi
1119 5349 1291 5417 ipsum
1322 5348 1621 5402 dicentem:
1653 5345 1778 5401 Veni

177 5448 231 5499 in
272 5454 444 5515 partes
481 5443 652 5514 Syria!
676 5451 723 5497 et
749 5439 940 5497 Cilicia:
962 5455 1234 5507 :eramque
1264 5440 1467 5508 ignotus
1508 5438 1642 5508 {acie
1671 5436 1776 5491 Ec-

177 5536 351 5592 clesiis
376 5535 612 5601 Iudae,
649 5550 763 5605 quae
801 5534 856 5587 in
898 5531 1179 5587 Palestina
1222 5541 1339 5585 sunt
1402 5530 1544 5603 (Gal.
1580 5532 1627 5584 1.
1656 5530 1773 5600 2|).

179 5629 335 5699 Quod
365 5628 408 5684 si
440 5626 699 5683 Eeclesiis
743 5625 1076 5691 Palaestinae,
1126 5624 1214 5678 ubi
1259 5623 1519 5693 degebat,
1566 5622 1776 5692 ignotus

177 5736 323 5790 erat,
350 5725 519 5780 m'llto
539 5723 709 5794 magis
733 5722 872 5777 aliis.
906 5720 1083 5785 Eram,
1116 5720 1319 5790 inquit,
1366 5720 1567 5789 ignotus
1608 5718 1740 5789 facie
1760 5757 1775 5780 ,

178 5832 235 5877 at
264 5837 372 5877 non
400 5820 635 5879 nomine.
665 5817 840 5887 Quare
868 5815 1080 5888 ignotus
1104 5822 1218 5869 erat
1241 5810 1410 5869 facie?
1437 5809 1606 5867 Nemo
1630 5812 1771 5867 enim

826 365 913 421 DE
953 360 1294 421 FERENDIS
1332 362 1762 420 REPREIIENS.
1806 363 1894 419 ET
1935 359 2021 417 DE
2064 363 2323 425 MU'I‘AT.
2365 366 2696 427 NOMINUM.
2744 372 2829 428 Ill.

3375 380 3476 436 138

1893 493 1956 530 ex
2004 477 2246 534 fidelibus
2276 482 2357 535 vel
2403 485 2668 552 respicere
2708 486 2880 555 ipsum
2924 488 3185 555 audebat,
3229 507 3348 548 cum
3379 513 3478 551 nos

1889 583 2218 639 appugnaret
2244 589 2259 625 :
2286 583 2427 628 tanta
2469 575 2649 641 emdc,
2698 586 2847 632 tanto
2882 580 3060 637 furore
3104 583 3294 652 plenus
3339 598 3474 642 erat.

1888 659 2247 727 Quamobrem
2302 680 2490 720 omnes
2537 668 2879 735 resiliebant,
2934 688 3125 728 (mines
3164 673 3475 745 fugiebant,

1888 754 2056 809 sicubi
2086 755 2462 812 adventantem
2498 758 2758 827 viderent,
2792 779 2964 834 neque
2992 766 3163 837 ipsum
3192 771 3277 823 vel
3303 773 3476 840 respi-

1886 857 2012 899 cere
2057 846 2325 901 audebant
2359 866 2373 901 :
2407 850 2478 902 ita
2526 866 2721 920 nempe
2764 852 3017 910 efferatus
3060 866 3243 913 centra
3293 860 3477 918 ﬁdeles

1889 944 2035 997 erat;
2070 936 2119 989 id
2151 953 2313 991 tmmn
2343 940 2626 996 audiebant
2646 982 2659 1002 .
2690 958 2813 997 eum
2839 946 2928 1016 qui
2955 947 3081 1002 olim
3110 949 3254 1020 ipsos
3291 967 3476 1021 persc-

1888 1027 2171 1093 quebatur,
2204 1045 2344 1085 nunc
2374 1033 2665 1100 praedicare
2690 1033 2871 1103 ﬁdem,
2895 1055 3053 1108 quam
3080 1042 3205 1096 olim
3232 1043 3477 1101 devasta-

1887 1115 1997 1170 bat.
2030 1116 2292 1184 Quoniam
2341 1122 2501 1191 igitur
2542 1123 2610 1179 de
2650 1124 2783 1181 faeie
2823 1128 2992 1197 ipsum
3032 1145 3138 1185 non
3185 1147 3473 1200 noverant,

1887 1207 1981 1261 sed
2008 1222 2073 1262 ex
2101 1208 2284 1265 auditu
2313 1221 2550 1282 tantum,
2582 1215 2624 1269 si
2655 1231 2849 1271 nomen
2879 1219 3057 1274 statim
3085 1231 3372 1291 mutasset,
3408 1243 3476 1282 ne

1886 1300 1921 1354 ii
1948 1302 2180 1372 quidem,
2207 1305 2297 1375 qui
2324 1307 2627 1367 audierant.
2651 1313 3023 1380 cognovissent
3044 1330 3190 1384 eum,
3209 1319 3297 1386 qui
3317 1318 3474 1375 ﬁdem

1886 1394 2323 1462 persequebatur,
2354 1413 2495 1454 nunc
2515 1400 2843 1471 evangelium
2871 1404 3179 1471 prtedicare.
3214 1408 3475 1477 Quoniam

1883 1484 2026 1538 enim
2060 1486 2205 1556 prius
2235 1499 2493 1544 noverant
2521 1489 2692 1560 ipsum
2720 1495 2897 1548 vocari
2928 1494 3143 1552 Saulum
3169 1540 3185 1565 ,
3225 1500 3268 1555 si
3292 1503 3473 1556 statim

1884 1586 2092 1632 mutato
2134 1581 2355 1636 nomine
2401 1581 2597 1638 Paulus
2639 1583 2814 1640 dictus
2848 1586 3068 1655 fuisset,
3112 1592 3307 1648 deinde
3350 1611 3479 1652 vero

1882 1668 2099 1737 quidam
2128 1671 2256 1741 ipsis
2279 1676 2663 1743 renuntiasset,
2693 1677 2914 1733 Paulum
2941 1683 3029 1750 qui
3062 1686 3481 1756 persequebatur

1885 1761 2183 1817 Ecclesiam
2205 1807 2221 1831 ,
2266 1765 2378 1835 jam
2425 1770 2757 1838 evangelium
2791 1772 3112 1841 prmdicare,
3141 1777 3476 1847 ignoraSsent

1884 1867 1952 1907 an
1981 1853 2121 1909 idem
2154 1855 2269 1925 ipse
2299 1868 2475 1925 esset,
2508 1860 2628 1929 quia
2659 1861 2749 1917 ille
2778 1877 2881 1917 non
2915 1864 3137 1930 Paulus,
3162 1867 3256 1923 sed
3284 1870 3477 1926 Saulus

1885 1945 2194 2000 vocabatur.
2228 1946 2354 2002 ldeo
2380 1948 2527 2004 illum
2556 1952 2722 2004 multo
2752 1959 2992 2023 tempore
3020 1971 3140 2010 cum
3182 1959 3343 2027 priori
3379 1978 3478 2014 no-

1884 2037 2029 2091 mine
2055 2038 2287 2109 reliquit,
2314 2050 2369 2095 ut
2396 2042 2643 2097 omnibus
2667 2054 2811 2101 esset
2833 2046 3078 2104 ﬁdelibus
3103 2059 3282 2119 notus,
3309 2054 3472 2108 etiam

1885 2128 1969 2193 iis,
2002 2130 2089 2197 qui
2120 2131 2305 2199 procul
2328 2142 2501 2199 erant,
2531 2142 2586 2189 et
2609 2150 2714 2190 non
2745 2136 2916 2204 ipsum
2942 2138 3207 2194 viderant.

1954 2222 2008 2275 4.
2026 2220 2135 2277 Cur
2149 2239 2276 2294 ergo
2300 2240 2404 2279 non
2432 2226 2610 2281 statim
2630 2228 2747 2297 ejus
2764 2245 2955 2285 nomen
2975 2242 3230 2288 mutatum
3254 2236 3341 2300 sit,
3363 2236 3471 2306 jam

1882 2312 2013 2366 satis
2041 2312 2463 2370 demonstratum
2492 2326 2594 2371 est.
2626 2318 2815 2388 Opera:
2842 2322 3067 2390 pretium
3087 2324 3197 2393 jam
3233 2326 3386 2381 fuerit
3420 2338 3478 2383 ut

1884 2403 2090 2458 initium
2122 2408 2386 2462 sermonis
2415 2420 2740 2478 repetamus.
2766 2410 2959 2468 Saulus
2984 2425 3151 2470 autem
3176 2418 3345 2472 adhuc
3364 2422 3473 2489 spi-

1883 2503 2002 2541 rans
2024 2490 2274 2543 ntinarum
2292 2502 2336 2545 et
2366 2494 2518 2547 cwdis
2542 2495 2595 2547 in
2621 2495 2896 2565 discipulos
2925 2498 3130 2554 Domini
3147 2502 3281 2569 (Act.
3313 2503 3367 2559 9.
3394 2506 3470 2576 l).

1883 2578 2021 2645 Quid
2048 2581 2147 2635 sibi
2179 2583 2288 2636 vult
2313 2583 2438 2638 illud
2459 2625 2475 2649 ,
2518 2584 2730 2640 adhuc?
2757 2587 2891 2654 Quid
2924 2600 3079 2644 antea
3120 2590 3267 2660 fecit,
3312 2604 3367 2648 ut
3396 2596 3449 2649 di

1881 2679 1999 2734 cat,
2028 2671 2235 2727 adhuc?
2283 2673 2416 2729 Nam
2462 2675 2611 2741 illud,
2660 2678 2846 2741 adhuc,
2894 2679 2962 2734 de
2994 2680 3209 2739 homine
3256 2684 3467 2748 dicitur,

1881 2761 1970 2832 qui
2000 2772 2159 2818 antea
2211 2766 2377 2819 multa
2426 2769 2563 2822 mala
2601 2767 2810 2825 fecerit.
2838 2771 2972 2839 Quid
3003 2788 3132 2843 ergo
3170 2775 3327 2831 fecit?
3361 2779 3476 2833 lmo

1881 2855 2007 2925 quid
2028 2895 2044 2922 ,
2072 2872 2275 2926 quwso,
2309 2874 2414 2913 non
2444 2861 2566 2915 tnali
2595 2862 2757 2916 fecit?
2783 2865 3051 2933 Sanguine
3076 2868 3299 2937 replevit
3322 2870 3474 2926 Jeru-

1881 2946 2107 3019 solyma,
2130 2947 2314 3004 ﬁdeles
2341 2950 2634 3016 interfecit,
2675 2952 2967 3009 Ecelesiam
2990 2956 3319 3026 devastabat,
3345 2975 3476 3032 apo-

1880 3041 2047 3096 stolos
2076 3043 2512 3112 persequebatur.
2545 3045 2874 3115 Stephanum
2912 3049 3137 3113 occidit;
3170 3066 3276 3106 non
3319 3054 3474 3121 viris,

1882 3149 1989 3187 non
2038 3134 2351 3190 mulieribus
2382 3138 2653 3205 parcebat.
2702 3139 2839 3193 Audi
2880 3139 3200 3212 discipulum
3231 3164 3245 3198 :
3278 3144 3473 3202 Saulus

1879 3236 2047 3280 autem
2074 3228 2360 3283 deeastabat
2406 3229 2707 3293 Ecclesium,
2747 3232 2798 3284 in
2821 3232 2996 3288 dumos
3023 3235 3331 3303 ingrediens,
3355 3248 3467 3292 tra-

1882 3320 2003 3373 hens
2032 3320 2164 3372 viros
2191 3329 2236 3373 et
2266 3320 2498 3373 mulieres
2526 3320 2659 3389 (Act.
2684 3322 2736 3375 ὃ.
2768 3321 2849 3392 5).
2877 3321 2991 3376 Νοη
3037 3324 3110 3378 illi
3143 3325 3313 3381 forum
3338 3328 3471 3382 satis

1879 3424 2027 3476 erat,
2058 3411 2151 3466 sed
2180 3412 2231 3465 in
2259 3411 2448 3465 domos
2479 3412 2742 3466 insiliebat
2775 3430 2788 3464 :
2823 3413 2891 3466 In
2929 3416 3105 3469 domos
3149 3417 3469 3487 ingrediens,

1880 3504 1975 3557 ait.
2008 3503 2188 3572 Neque
2214 3502 2377 3568 dixit,
2428 3501 2659 3564 ducens,
2707 3502 2790 3556 vel
2819 3504 3053 3560 evellcns
3084 3506 3224 3561 viros
3250 3523 3313 3562 ac
3349 3524 3473 3562 mu-

1882 3595 2072 3656 lieres;
2105 3594 2196 3647 sed
2223 3635 2238 3659 ,
2288 3592 2513 3647 Trahens
2552 3596 2683 3647 uiros
2715 3612 2776 3647 ac
2816 3596 3087 3651 mulieres:
3112 3613 3173 3651 ac
3198 3598 3241 3652 si
3268 3598 3334 3655 de
3360 3599 3472 3655 fera

1882 3688 2191 3758 loqueretur
2217 3704 2230 3740 :
2282 3686 2507 3740 Tro/rens
2537 3687 2668 3740 viros
2698 3703 2758 3739 ac
2784 3688 3053 3753 mulieres;
3080 3704 3184 3743 non
3215 3691 3360 3746 viros
3382 3707 3471 3746 so-

1881 3781 2026 3848 lum,
2053 3780 2148 3834 sed
2174 3780 2335 3834 etiam
2362 3780 2638 3834 mulieres.
2668 3777 2853 3850 Neque
2894 3789 3135 3834 naturam
3181 3783 3470 3838 revereba.

1881 3883 1985 3938 tur,
2020 3889 2191 3943 neque
2216 3888 2377 3927 sexus
2397 3871 2772 3936 miserebatur,
2806 3886 2982 3940 neque
3009 3871 3080 3925 ob
3106 3872 3469 3929 inﬁrmitatem

1881 3963 2239 4034 frangebatur.
2273 3962 2402 4017 Zelo
2443 3976 2708 4032 namque,
2754 3976 2860 4015 non
2904 3960 3085 4017 furore
3110 3972 3324 4031 motus,
3367 3964 3471 4021 hoe

1880 4057 2089 4126 agebat.
2117 4054 2242 4109 Ideo
2261 4054 2429 4109 Judaei
2457 4053 2561 4109 hoc
2585 4053 2756 4123 ipsum
2782 4052 3035 4108 facientes
3053 4091 3071 4118 ,
3099 4054 3472 4110 criminatione

1880 4146 2055 4215 digni;
2088 4144 2175 4200 hic
2198 4152 2383 4199 contra
2416 4142 2468 4197 id
2491 4158 2655 4214 agens
2674 4184 2692 4209 ,
2722 4144 2874 4197 venia
2900 4142 3094 4212 dignus
3121 4152 3222 4199 est.
3257 4145 3467 4200 Etenim

1882 4240 2001 4293 illos
2029 4239 2202 4307 palam
2235 4246 2352 4292 erat
2373 4235 2593 4291 honoris
2620 4246 2674 4290 et
2705 4236 2876 4289 inanis
2901 4237 3041 4305 apud
3071 4237 3262 4308 vulgus
3284 4240 3473 4309 gloria:

1880 4346 2039 4386 causa
2081 4329 2208 4384 illud
2248 4344 2443 4398 agere;
2496 4326 2586 4382 hic
2627 4342 2756 4381 vero
2784 4341 2973 4391 secus,
3024 4328 3119 4383 sed
3178 4329 3297 4384 zelo
3346 4345 3471 4400 erga

1884 4426 2048 4478 Deum
2099 4431 2403 4492 permotus,
2461 4421 2559 4476 etsi
2629 4436 2737 4475 non
2809 4421 3103 4476 secundum
3168 4423 3469 4480 scientiam.

1882 4516 2241 4585 Quamobrem
2290 4514 2401 4580 illi,
2432 4513 2635 4569 relictis
2657 4513 3003 4583 mulieribus,
3028 4515 3172 4569 viros
3195 4515 3472 4587 impugna-

1884 4610 2029 4674 bant,
2068 4609 2192 4678 quia
2217 4608 2269 4661 in
2300 4606 2423 4661 illus
2451 4606 2676 4676 gloriam
2715 4621 2864 4660 suam
2893 4608 3147 4662 transisse
3175 4608 3425 4664 videbant
3454 4624 3467 4661 :

1884 4703 1969 4756 hic
1997 4711 2173 4756 autem
2198 4742 2213 4762 ,
2264 4709 2451 4769 utpote
2476 4699 2590 4752 zelo
2628 4699 2971 4765 stimulante,
3020 4699 3299 4755 universos
3334 4700 3468 4755 ado-

1885 4793 2141 4848 riebatur.
2172 4791 2299 4845 Ilazc
2321 4804 2504 4844 secum
2535 4789 2711 4842 omnia
2744 4798 2999 4858 reputans
3028 4788 3223 4856 Lucas,
3254 4789 3469 4846 videns-

1882 4902 1987 4956 que
2017 4886 2165 4941 illum
2218 4882 2453 4939 nondum
2486 4898 2607 4937 esse
2636 4882 2883 4936 satiatum
2910 4923 2925 4947 ,
2953 4881 3165 4937 dicebat
3208 4900 3221 4935 :
3279 4881 3472 4938 Saulus

1884 4988 2054 5031 autem
2100 4975 2268 5028 adhuc
2295 4973 2497 5043 spirans
2524 4973 2776 5025 minarum
2823 4982 2870 5025 et
2911 4972 3064 5026 cwdis
3114 4973 3165 5026 in
3195 4972 3473 5043 discipulos

1887 5068 2112 5122 Domini.
2167 5066 2280 5119 Non
2311 5064 2521 5118 satiavit
2548 5079 2668 5117 eum
2697 5062 2872 5118 caedes
2900 5062 3188 5132 Stephani,
3222 5078 3326 5118 non
3356 5066 3470 5134 ejus
3532 5056 3538 5063 ’

1885 5160 2120 5230 explevit
2144 5159 2380 5211 anitnum
2434 5156 2775 5225 persequutio
2805 5154 3090 5221 Ecclesize;
3123 5156 3216 5210 sed
3245 5157 3473 5213 ulterius

1887 5253 2255 5325 procedebat:
2303 5266 2477 5319 neque
2525 5248 2734 5304 furendi
2788 5248 2947 5303 finem
3008 5250 3280 5305 faciebat:
3326 5253 3472 5307 zelus

1884 5346 2079 5417 quippe
2104 5352 2240 5398 erat.
2286 5341 2390 5398 Sed
2442 5355 2612 5409 nuper
2661 5355 2907 5395 reversus
2932 5356 2961 5393 a
3004 5341 3151 5396 caede
3178 5341 3431 5412 Stephani
3457 5385 3472 5407 ,

1885 5440 2154 5510 apostolos
2199 5437 2651 5507 persequebatur;
2710 5434 3045 5504 idipsmnque
3099 5434 3357 5502 faciebat,
3412 5451 3476 5490 ae

1886 5530 1929 5584 si
1984 5529 2105 5598 quis
2157 5528 2312 5598 lupus
2364 5526 2591 5580 Stcviens
2643 5525 2695 5579 in
2758 5524 2900 5579 ovile
2963 5524 3267 5593 ingressus,
3324 5534 3477 5595 rapto

1884 5638 2023 5692 agno
2046 5665 2060 5688 ,
2090 5638 2292 5693 oreque
2322 5621 2588 5690 discerpto
2610 5662 2622 5683 ,
2653 5635 2718 5673 ex
2770 5619 2869 5673 hoc
2911 5627 3063 5688 raptu
3095 5618 3320 5673 ferocior
3345 5633 3473 5672 eva-

1884 5713 2056 5769 deret.
2121 5712 2193 5767 Ita
2248 5723 2302 5766 et
2329 5711 2522 5767 Paulus
2578 5710 2941 5780 apostolorum
2978 5709 3199 5763 chorum
3248 5708 3471 5768 invasit.

1885 5805 2115 5879 indeque
2146 5806 2318 5876 t'aputt
2340 5818 2535 5875 agnum
2564 5800 2757 5859 Clll‘lbll
2788 5799 3135 5870 Stephanum,
3162 5812 3329 5869 eoque
3358 5800 3473 5874 dib-
