3964 6342
504 306 602 363 150

499 435 719 491 cct'plo,
769 422 866 475 hac
895 418 1041 474 ca-de
1083 416 1311 470 ferocior
1359 415 1544 470 evasit.
1578 414 1867 484 Propterea
1923 414 2083 480 dicit,

495 516 681 567 adhuc.
715 512 967 579 Quamvis
995 510 1146 575 cujus
1169 509 1404 562 animum
1436 523 1540 560 non
1563 506 1877 575 explevisset
1910 504 2087 560 caedes

498 607 1027 674 lmjusmodi?qnem
1079 619 1183 656 non
1238 601 1498 671 placasset
1532 598 1883 654 mansuetudo
1931 598 2084 667 ejus,

495 703 582 771 qui
616 701 994 761 occidebatur;
1028 698 1295 765 verbaque
1324 695 1438 764 ejus
1459 736 1473 759 ,
1504 694 1592 764 qui
1626 694 1886 762 lapidibus
1924 695 2083 747 obru-

493 807 581 845 IIIS
604 808 698 862 pm
724 790 1081 857 lapidantibns
1108 788 1188 841 sic
1232 786 1585 856 precabatur:
1614 783 1826 836 Domine
1845 824 1857 847 ,
1893 783 2082 852 inqttit,

490 902 558 943 ne
585 895 778 939 statuas
800 884 900 935 illis
931 882 1025 935 hoc
1056 891 1317 951 peccatum
1342 877 1473 949 (Act.
1507 879 1557 931 7.
1593 876 1725 945 59)?
1753 876 1875 931 ldco
1906 891 2088 945 perse-

493 990 689 1046 quutor
717 975 885 1028 factus
911 986 991 1028 est
1010 973 1354 1041 evangelism.
1380 971 1509 1025 Nam
1537 971 1714 1025 statim
1744 978 1862 1039 post
1884 969 2083 1023 ca-dem

498 1068 583 1124 hic
612 1082 904 1122 conversus
930 1076 1039 1129 est,
1074 1066 1212 1118 illius
1242 1079 1424 1117 vocem
1454 1062 1655 1116 audivit
1681 1062 1837 1115 Deus.
1876 1062 2083 1114 Etenim

499 1160 688 1229 dignus
713 1169 829 1213 erat
870 1157 1171 1226 Stephanus
1201 1154 1288 1224 qui
1320 1154 1593 1207 audiretur
1617 1162 1727 1207 tum
1758 1162 1973 1221 pr0pter
2004 1151 2085 1205 fu-

495 1266 667 1306 turam
694 1250 843 1305 Pauli
872 1250 1118 1304 virtutem
1141 1289 1154 1313 ,
1189 1259 1296 1301 tum
1328 1256 1545 1316 propter
1576 1252 1840 1314 pr0prtam
1869 1245 2084 1300 Confes-

495 1350 699 1402 sionem
736 1362 748 1399 :
783 1343 1030 1409 Domine,
1060 1359 1121 1397 ne
1146 1351 1343 1396 statuas
1383 1340 1487 1397 illis
1520 1340 1614 1394 hoc
1661 1351 1938 1408 peccatum.
1974 1342 2081 1391 Au-

495 1440 644 1492 diant
700 1437 788 1504 qui
841 1436 1085 1489 inimiCos
1132 1433 1358 1494 habent.
1390 1433 1478 1502 qui
1512 1431 1704 1501 injuria
1754 1430 2081 1486 aflicinntnr.

497 1535 607 1589 litst
651 1533 791 1585 enim
848 1539 1097 1584 Sexcenta
1140 1528 1323 1597 gravia
1368 1525 1619 1595 patiaris,
1668 1525 1903 1578 nondum
1954 1525 2082 1593 lapi-

493 1630 651 1683 datus
692 1643 789 1690 es,
830 1622 1275 1696 quemadmodum
1304 1620 1629 1689 Stephanus.
1688 1620 1752 1673 Et
1782 1619 1904 1673 vide
1949 1617 2075 1687 quid

495 1722 690 1776 factum
731 1721 817 1773 sit.
866 1716 1254 1772 Obstruebatur
1312 1714 1431 1769 fons
1473 1717 1662 1767 unicus
1706 1714 1993 1782 Stephani,
2030 1721 2084 1766 et

493 1811 830 1882 aperiebatur
856 1810 1013 1874 alius,
1045 1824 1112 1862 ex
1140 1822 1246 1876 quo
1277 1807 1553 1859 innumera
1585 1804 1871 1857 manabant
1900 1803 2078 1856 illuui-

493 1923 583 1961 na.
616 1907 899 1974 Postquam
940 1902 1083 1958 enim
1127 1901 1273 1955 siluit
1313 1915 1376 1954 os
1419 1898 1709 1968 Stephani.
1738 1912 1863 1951 mox
1902 1896 2082 1950 sonuit

492 1997 615 2050 tuba
646 1996 817 2050 Pauli.
851 1994 940 2049 Sic
968 2006 1254 2062 numquam
1302 1991 1443 2044 Deus
1480 1989 1805 2057 derelinquit
1828 2003 1993 2055 usque
2026 1986 2077 2040 in

493 2091 654 2144 linem
706 2088 771 2141 ad
801 2102 859 2141 se
903 2094 1215 2149 currentes,
1272 2082 1366 2136 sed
1419 2080 1559 2135 dona
1597 2080 1798 2148 pnebet
1839 2079 2077 2144 majora,

490 2195 649 2250 quam
674 2179 739 2232 ab
768 2176 995 2231 inimicis
1023 2174 1349 2228 auferantur.
1388 2170 1503 2225 Non
1530 2170 1672 2223 enim
1712 2168 1788 2222 illi
1824 2168 1984 2222 talem
2014 2168 2082 2219 ab

492 2270 729 2325 exercitu
776 2269 1049 2339 ejecerunt
1083 2265 1340 2328 militem,
1382 2263 1591 2333 qualem
1645 2261 1698 2315 in
1746 2259 1861 2327 ejus
1904 2259 2080 2313 locum

493 2362 701 2419 induxit
723 2361 991 2414 Christus.
1024 2357 1217 2412 Saulus
1234 2366 1400 2407 autem
1427 2354 1617 2405 adhuc.
1647 2350 1805 2404 Aliud
1829 2348 2079 2419 quiddam

492 2456 753 2525 signiﬁcat
783 2452 909 2507 illud
932 2493 946 2517 ,
970 2451 1137 2504 adhuc
1156 2467 1175 2503 :
1205 2447 1483 2509 videlicet,
1508 2445 1657 2499 illum
1684 2442 1858 2496 adhuc
1889 2441 2075 2495 furen-

493 2559 621 2614 tem,
646 2547 819 2601 adhuc
850 2545 1217 2608 ferocientem,
1237 2540 1412 2595 adhuc
1434 2539 1482 2593 vi
1516 2537 1710 2591 furoris
1732 2543 2076 2597 commotmn,

491 2639 667 2694 adhuc
694 2638 840 2693 caede
892 2638 1183 2691 ferventem
1212 2634 1427 2686 attraxit
1472 2630 1736 2684 Christus.
1773 2628 1887 2682 Non
1938 2628 2081 2681 enim

490 2732 818 2802 exSpectavit
846 2729 1019 2784 donec
1048 2735 1287 2782 cessaret
1326 2724 1585 2793 a-gritudo
1606 2764 1621 2787 ,
1653 2722 2085 2791 exstingueretnr

492 2824 729 2887 morbus,
760 2822 1191 2890 mansuetiorque
1219 2820 1373 2873 fieret
1405 2816 1489 2871 ille
1520 2817 1599 2870 sic
1623 2814 1897 2872 efferatus,
1924 2822 1978 2867 et
2007 2813 2084 2866 sic

492 2917 639 2974 illum
679 2914 971 2969 attraheret
1004 2930 1017 2967 :
1047 2926 1228 2966 verum
1253 2909 1302 2963 in
1330 2910 1444 2977 ipsa
1479 2906 1675 2961 furoris
1704 2906 1750 2958 vi
1783 2906 1953 2974 ipsum
1991 2918 2083 2957 ce-

495 3009 591 3078 pit,
624 3017 679 3060 ut
708 3006 1017 3059 ostenderet
1055 3002 1344 3072 potentiatn
1393 3014 1574 3062 suam,
1627 2997 1766 3066 quod
1810 2998 1860 3049 in
1909 2995 2086 3051 medio

494 3104 709 3165 furore,
744 3106 1002 3153 mstuaute
1056 3096 1235 3150 animo
1256 3135 1269 3157 ,
1325 3100 1763 3163 persequutorem
1795 3090 1981 3144 vicerit
2022 3097 2079 3142 et

494 3192 784 3261 subegerit.
820 3190 1027 3244 Etenim
1056 3187 1319 3242 medicum
1340 3193 1465 3238 tunc
1495 3182 1844 3247 admiramur,
1874 3179 2087 3251 quando

496 3286 683 3340 febrim
711 3283 1121 3337 invalescentem
1166 3288 1221 3334 et
1246 3277 1539 3331 ferventem
1559 3276 1610 3330 in
1634 3290 1845 3329 summo
1878 3276 2087 3329 fervore

492 3378 833 3446 exstinguere
857 3386 908 3429 et
930 3373 1142 3444 penitus
1167 3372 1354 3426 sedare
1386 3379 1565 3439 potest
1590 3386 1603 3422 :
1636 3368 1778 3439 quod
1806 3378 1861 3423 et
1882 3373 1931 3422 in
1951 3368 2087 3422 Pan-

495 3469 550 3523 lo
592 3467 787 3521 factum
809 3475 909 3519 est.
941 3465 994 3517 In
1013 3466 1121 3534 ipsa
1151 3463 1348 3532 quippe
1375 3459 1605 3513 flamma:
1627 3458 1959 3513 vehementia
1984 3474 2086 3512 vox

498 3559 730 3623 Domini,
759 3574 855 3612 cen
883 3571 973 3611 ros
1002 3569 1234 3623 superne
1270 3568 1520 3614 manans,
1573 3552 1744 3620 ipsum
1777 3552 1963 3604 morbo
1992 3566 2087 3619 pe-

496 3655 640 3707 nitus
661 3650 924 3704 liberavit.
954 3648 1146 3702 Saulus
1176 3656 1344 3698 autent
1395 3643 1565 3697 adhuc
1588 3644 1791 3710 spirans
1836 3643 2088 3694 minarum

497 3755 544 3798 et
601 3743 753 3798 credis
801 3744 854 3795 in
906 3739 1185 3809 discipulos
1251 3737 1492 3801 Domini,
1540 3736 1739 3790 dimisit
1792 3735 2086 3789 multitudi-

499 3851 644 3899 nem,
672 3842 728 3888 et
751 3831 945 3886 deinde
990 3830 1044 3883 in
1073 3830 1340 3898 principes
1371 3828 1626 3895 impetum
1650 3825 1793 3879 fecit.
1822 3826 2090 3893 Quemad-

498 3927 713 3981 modum
742 3926 884 3979 enim
914 3922 978 3986 is,
1010 3922 1099 3991 qui
1130 3921 1376 3975 arborem
1402 3919 1513 3972 vult
1543 3920 1878 3985 exscindere,
1906 3920 2090 3973 dimis-

497 4022 572 4075 sis
600 4018 762 4072 ramis
785 4059 799 4082 ,
835 4016 1066 4069 radicem
1097 4022 1245 4068 secat
1272 4031 1283 4065 :
1310 4014 1386 4065 sic
1416 4022 1471 4066 et
1499 4012 1585 4067 ille
1609 4011 1899 4080 discipulos
1925 4012 2090 4066 ador-

499 4123 584 4168 tus
610 4120 711 4175 est,
735 4109 875 4180 quod
905 4108 1137 4163 radicem
1164 4105 1561 4175 przcdicationis
1582 4120 1825 4159 resecare
1847 4115 2085 4172 cuperet.

571 4204 824 4273 Martyres
854 4201 1085 4270 palmites
1108 4216 1169 4253 ea:
1195 4198 1395 4252 Christo
1426 4215 1515 4251 ceu
1539 4199 1710 4251 radice
1751 4199 2083 4267 pullulantes.

498 4294 847 4350 Conrersionis
885 4290 1035 4343 Pauli
1063 4291 1262 4343 modus.
1288 4319 1361 4330 —
1389 4289 1582 4344 Verum
1608 4306 1712 4342 non
1751 4301 1903 4343 erant
1929 4290 2092 4343 disci-

499 4390 604 4458 puli
632 4387 780 4440 radtx
812 4384 1233 4453 prmdicationis,
1258 4382 1351 4435 sed
1385 4381 1769 4450 discipulorum
1808 4381 2087 4437 Dominus.

497 4478 856 4545 Quamobrem
888 4476 1099 4529 dicebat
1135 4475 1224 4528 ille
1255 4491 1267 4525 :
1304 4472 1414 4543 Ego
1436 4490 1549 4526 sum
1576 4473 1721 4535 uitis,
1751 4490 1837 4527 vos
1858 4473 2089 4542 palmites

500 4570 677 4637 (Jomt.
708 4568 795 4622 15.
831 4566 909 4637 5).
947 4566 1037 4619 Illa
1068 4581 1195 4619 vero
1239 4566 1385 4618 radix
1425 4563 1847 4633 inexpugnabilis
1874 4573 1975 4618 est.
2008 4563 2089 4617 ld-

496 4664 639 4719 ('il’t't)
662 4669 862 4732 quanto
887 4658 1067 4728 plures
1093 4659 1408 4712 resecabant
1442 4657 1717 4725 palmites,
1742 4666 1886 4709 tanto
1910 4655 2088 4724 plures

496 4768 550 4809 et
583 4758 813 4823 majores
858 4754 1047 4806 iterum
1098 4750 1446 4817 pullulabant.
1501 4749 1760 4802 Exsectns
1804 4749 1981 4817 itaque
2006 4759 2089 4801 est

497 4848 838 4916 Stephanus,
892 4854 945 4898 et
997 4840 1275 4911 pullulavit
1312 4840 1525 4903 Paulus,
1572 4855 1634 4893 ac
1685 4850 1947 4909 quotquot
1994 4854 2089 4907 per

399 4995 408 5006 ,
498 4940 716 4994 Paulum
738 4938 1102 4992 crediderunt.
1136 4933 1356 4987 Factum
1384 4943 1455 4987 est
1480 4944 1648 4985 autem
1672 4975 1685 4996 ,
1719 4934 1923 5001 inquit,
1974 4950 2088 4985 cum

497 5031 921 5100 appropinquaret
949 5027 1222 5089 Damasco,
1247 5026 1408 5079 subito
1425 5024 1757 5091 circumfulsit
1779 5040 1891 5077 eum
1921 5024 2008 5076 lux
2028 5024 2090 5076 de

498 5123 621 5174 rwlo
640 5137 658 5174 :
683 5131 727 5173 et
750 5120 933 5173 cadens
961 5122 1012 5171 iu
1044 5131 1260 5179 terram,
1284 5118 1474 5169 audit-it
1492 5134 1657 5169 vocem
1680 5118 1923 5170 dicentem
1950 5116 2041 5169 sibi
2070 5132 2088 5169 :

499 5214 680 5276 Saule,
703 5212 882 5276 Saule,
902 5213 1021 5281 quid
1038 5228 1115 5263 me
1136 5212 1442 5279 persequeris
1473 5210 1607 5278 (Act.
1640 5209 1695 5263 9.
1727 5211 1779 5264 '5.
1807 5210 1889 5278 4)?
1912 5210 2089 5277 Quare

498 5320 606 5359 non
625 5319 722 5356 vox
746 5304 889 5373 prius
904 5304 1061 5357 allata
1077 5313 1176 5364 est,
1196 5303 1288 5356 St'd
1307 5307 1393 5356 lux
1412 5303 1556 5371 prius
1571 5302 1919 5355 eircumfulsit
1931 5304 2090 5355 eum?

500 5396 571 5451 Ut
591 5398 769 5466 quiete
798 5410 980 5449 vocem
1001 5394 1227 5448 audiret.
1252 5394 1515 5461 Quoniam
1544 5395 1685 5446 enim
1716 5393 1758 5445 is
1786 5394 1872 5462 qui
1909 5395 2090 5446 animo

500 5486 783 5555 furoreque
832 5484 1018 5553 plenus
1072 5484 1304 5553 aliquam
1364 5501 1474 5539 rem
1536 5484 1797 5552 perficere
1844 5495 2087 5549 conatur,

499 5579 707 5632 etiamsi
756 5577 1020 5630 innumeri
1059 5587 1285 5639 vocent,
1336 5592 1440 5629 non
1487 5592 1546 5631 se
1595 5578 1898 5641 Convertit,
1950 5587 2090 5630 totus

501 5673 648 5740 operi
678 5672 913 5724 intentus
949 5686 961 5723 :
998 5684 1067 5725 ae
1097 5668 1325 5737 idipsnm
1356 5670 1404 5721 in
1436 5669 1597 5722 Paulo
1626 5670 1923 5733 accideret,
1960 5686 2089 5723 neve

501 5761 595 5816 ille
622 5772 893 5830 gestarum
935 5776 1113 5817 rerum
1146 5760 1321 5816 furore
1350 5760 1530 5816 ebrius
1555 5775 1738 5817 vocem
1769 5777 1875 5817 non
1907 5760 2093 5817 adver-

1251 299 1311 355 S.
1349 298 1630 356 JOANNIS
1652 295 2132 356 CIIRYSOSTOMI
2171 300 2490 360 ARCHIEP.
2529 304 3067 362 CONSTANTINOP.
3679 307 3772 365 ιω

2200 427 2335 471 teret
2354 460 2369 481 ,
2402 429 2493 473 aut
2521 435 2624 474 non
2651 423 2878 486 audiret,
2906 422 3087 477 animo
3107 422 3222 493 ejus
3254 431 3364 478 toto
3393 422 3459 477 ad
3498 422 3774 478 ἀενθειιιιο

2192 509 2318 564 dum
2348 512 2550 566 intento
2583 530 2596 566 :
2622 518 2901 568 excaecatis
2928 524 3051 569 ante
3080 530 3173 584 per
3194 516 3363 570 lucem
3389 515 3560 570 oculis
3580 557 3596 580 ,
3632 514 3776 569 seda-

2195 609 2354 669 toque
2382 603 2594 666 animo,
2648 606 2907 659 exstincta
2941 607 3085 659 omni
3127 605 3319 662 mentis
3347 605 3777 677 perturbatione,

2195 692 2437 763 factaque
2482 695 2680 765 iungenti
2713 698 2873 751 animi
2903 699 3318 767 tranquillitate,
3355 713 3539 753 vocem
3565 698 3774 763 emisit,

2194 795 2248 837 ut
2278 785 2481 853 dejeeta
2515 788 2659 841 omni
2706 790 3009 858 arrogantia
3029 833 3042 851 ,
3080 790 3256 844 sobria
3303 800 3481 844 mente
3509 788 3669 843 dictis
3697 798 3775 841 at-

2196 879 2459 933 tenderct.
2519 881 2707 946 Saule,
2767 882 2962 945 Saule,
3005 882 3127 951 quid
3157 899 3235 935 me
3279 882 3591 951 persequeris
3644 883 3773 952 (Act.

2193 967 2245 1019 9.
2280 970 2335 1038 4)
2355 971 2377 1021 ?
2401 969 2572 1025 Verba
2606 988 2709 1026 non
2742 983 2845 1026 tam
2880 976 3149 1043 arguentis
3172 1016 3186 1039 ,
3218 990 3377 1045 quam
3406 990 3525 1029 sese
3550 991 3777 1045 purgan-

2193 1063 2261 1115 tis
2292 1072 2430 1117 snnt.
2466 1064 2599 1129 Quid
2631 1084 2708 1121 me
2754 1068 3102 1136 persequeris?
3155 1066 3209 1120 In
3244 1084 3350 1138 quo
3378 1079 3466 1120 aut
3497 1083 3667 1137 parVn
3693 1079 3780 1122 aut

2192 1168 2384 1222 magno
2409 1169 2661 1209 aceusare
2693 1173 2778 1212 me
2806 1164 2991 1226 potes?
3018 1159 3069 1211 in
3098 1175 3203 1229 quo
3232 1174 3261 1212 a
3295 1176 3379 1213 me
3402 1160 3561 1215 laesus
3593 1160 3778 1214 fuisti?

2190 1263 2255 1300 an
2288 1249 2430 1317 quod
2473 1261 2711 1305 tnortuos
2743 1264 2947 1306 vestros
2976 1254 3381 1307 suscitaverim?
3409 1270 3475 1307 an
3522 1256 3665 1323 quod
3702 1255 3776 1307 le-

2190 1352 2380 1408 prosos
2413 1342 2820 1396 mundaverim?
2847 1344 2989 1410 quod
3013 1344 3287 1398 daemones
3318 1344 3650 1414 fugaverim?
3676 1344 3777 1399 Sed

2192 1430 2311 1483 ideo
2337 1430 2560 1485 adorare
2604 1448 2688 1486 me
2709 1473 2724 1499 ,
2767 1448 2872 1487 non
2904 1434 3146 1503 persequi
3173 1437 3427 1504 Oportnit.
3463 1435 3528 1492 Ut
3548 1451 3677 1489 vero
3701 1435 3779 1488 di-

2190 1535 2306 1575 scas
2331 1523 2479 1585 illud,
2511 1523 2647 1589 Quid
2677 1541 2754 1578 me
2783 1526 3131 1596 persequeris?
3153 1542 3273 1581 sese
3301 1527 3577 1597 purgantis
3607 1528 3778 1595 potius

2189 1630 2309 1669 esse
2339 1632 2351 1667 :
2382 1616 2504 1670 audi
2533 1619 2801 1684 quomodo
2823 1620 2979 1674 Pater
3006 1623 3120 1689 ejus
3147 1622 3331 1675 iisdem
3365 1622 3541 1675 verbis
3564 1620 3779 1675 JUd‘J’OS

2189 1708 2507 1775 al|0quatur.
2554 1710 3014 1777 Quemadmodum
3063 1713 3206 1767 enim
3254 1711 3341 1766 hic
3368 1712 3535 1775 dicit,
3580 1712 3775 1775 Saule,

2190 1798 2370 1863 Saule,
2399 1801 2520 1865 quid
2547 1819 2623 1855 me
2646 1804 2991 1872 persequeris?
3020 1804 3097 1858 sic
3120 1815 3173 1859 et
3198 1805 3288 1859 ille
3306 1804 3505 1859 Ιιιύευίδ
3526 1805 3739 1859 dicebat
3762 1822 3774 1856 :

2190 1889 2394 1960 Popule
2417 1910 2552 1946 ineas
2574 1936 2586 1957 ,
2619 1894 2740 1963 quid
2768 1896 2867 1964 feci
2915 1897 3001 1949 tibi
3025 1913 3044 1961 ;
3068 1908 3155 1950 aut
3195 1898 3248 1950 in
3278 1914 3377 1967 quo
3414 1897 3706 1951 contristaui
3736 1906 3781 1950 te

2189 1982 2374 2052 (Miclt.
2400 1983 2452 2038 6.
2486 1984 2578 2055 3)?
2600 1985 2775 2051 Saule,
2811 1986 2990 2050 Saule,
3017 1989 3138 2058 quid
3166 2006 3242 2042 me
3270 1990 3618 2059 persequeris?
3645 1990 3779 2045 Ecce

2188 2076 2409 2143 supinus
2429 2076 2596 2145 jaces,
2638 2093 2763 2133 ecce
2805 2079 2921 2132 sine
2964 2092 3151 2135 catena
3187 2066 3545 2151 alligatuses.
3576 2082 3776 2149 Quem-

2187 2165 2472 2219 admodum
2518 2168 2674 2238 igitur
2698 2171 2740 2222 si
2777 2170 2940 2224 herus
2982 2187 3195 2225 servum
3232 2189 3374 2242 διξερε
3419 2174 3777 2243 transfugam,

2189 2258 2459 2326 multaque
2485 2270 2761 2327 operatum
2787 2261 2954 2323 mala,
2982 2263 3427 2332 comprehensum
3459 2274 3514 2319 et
3540 2267 3776 2320 vinctum

2187 2350 2265 2404 sic
2290 2351 2607 2421 alloqnatur,
2636 2352 2771 2419 Quid
2804 2354 2883 2407 vis
2906 2354 2998 2408 tibi
3031 2356 3217 2409 faciam
3240 2355 3263 2408 τ
3283 2372 3408 2411 ecce
3430 2358 3539 2424 jam
3570 2357 3639 2411 ad
3663 2373 3779 2411 ma-

2187 2457 2289 2495 nus
2310 2444 2498 2496 venisti
2530 2461 2542 2496 :
2582 2444 2652 2496 ita
2682 2455 2737 2497 et
2774 2445 3016 2499 Christus
3060 2447 3279 2501 l’aulutn
3305 2460 3615 2518 correptum
3659 2465 3780 2519 pro.

2188 2547 2541 2607 stratumque,
2585 2550 2903 2597 tretnentem
2946 2544 3132 2598 videns
3161 2560 3220 2598 ac
3251 2546 3663 2612 formidantem,
3697 2548 3779 2602 ni-

2190 2628 2368 2699 hilque
2409 2635 2583 2686 lacere
2611 2634 2897 2698 valentem,
2924 2636 3002 2689 sic
3026 2636 3315 2705 alloquitur
3342 2655 3354 2691 :
3391 2637 3571 2701 Saule,
3598 2639 3777 2701 Saule,

2188 2722 2311 2791 quid
2360 2736 2436 2775 me
2479 2725 2831 2794 persequeris?
2887 2726 3152 2793 Quorsum
3211 2729 3298 2782 ille
3344 2728 3492 2782 furor
3546 2730 3783 2783 evadet?

2188 2829 2443 2883 quorsum
2499 2816 2750 2869 insania?
2808 2832 3063 2885 quorsum
3118 2819 3264 2873 zelus
3327 2821 3783 2889 intempestivus?

2190 2920 2447 2974 quorsum
2484 2906 2691 2961 vincula
2735 2917 2788 2961 et
2828 2908 3208 2965 circuitiones?
3244 2926 3499 2981 quorsum
3528 2912 3784 2967 efferatus

2190 2995 2278 3051 ille
2304 2997 2551 3052 animus?
2573 2998 2692 3053 Jam
2725 3000 3011 3054 immobilis
3042 3004 3169 3063 eris,
3205 3018 3434 3073 eumque
3472 3020 3635 3074 quem
3668 3022 3785 3074 per-

2190 3090 2464 3160 sequeris,
2499 3106 2567 3146 ne
2593 3092 2774 3147 videre
2817 3093 3031 3163 quidem
3076 3096 3279 3165 poteris
3308 3114 3320 3149 :
3350 3098 3512 3167 etqui
3559 3097 3785 3152 festinus

2192 3182 2426 3252 undique
2452 3184 2913 3239 circumcursabas
2935 3228 2950 3249 ,
2988 3202 3129 3241 nunc
3178 3187 3403 3243 ducente
3432 3203 3567 3257 opus
3599 3189 3783 3244 habes.

2192 3272 2317 3327 ldeo
2364 3290 2591 3345 namque
2633 3291 2775 3330 nunc
2826 3276 2957 3331 dicit
3002 3278 3089 3341 ei,
3140 3278 3276 3344 Quid
3304 3296 3383 3333 me
3431 3282 3787 3351 perseqiwrisi

2192 3377 2250 3419 ut
2271 3367 2501 3421 disceret
2521 3368 2679 3421 etiam
2707 3368 3029 3438 prtecedenti
3057 3371 3429 3440 temporeipso
3456 3373 3788 3426 concedente

2192 3459 2370 3513 omnia
2400 3460 2536 3514 facta
2555 3476 2708 3527 esse;
2741 3476 2914 3532 neque
2933 3462 3019 3517 illa
3044 3462 3367 3519 infirmitatis
3392 3465 3552 3519 fuisse
3574 3506 3590 3530 ,
3618 3482 3788 3536 neque

2195 3551 2331 3615 h:ee,
2355 3569 2474 3620 qua:
2491 3553 2602 3622 jam
2632 3555 2839 3617 tierent,
2870 3555 3201 3609 crudelitatis
3248 3571 3369 3611 esse
3393 3573 3407 3620 ;
3435 3557 3534 3611 sed
3563 3559 3653 3612 illa
3684 3561 3787 3613 ele—

2194 3647 2427 3709 ιιιυιιιιςιξ,
2456 3645 2570 3700 have
2592 3646 2960 3715 providentize.
2983 3647 3117 3714 Quid
3148 3649 3305 3717 igitur
3322 3648 3536 3711 Paulus,
3566 3650 3695 3717 Quis
3718 3670 3785 3713 es,

2194 3734 2410 3789 Domine
2446 3737 2579 3805 (Act.
2614 3739 2665 3792 9.
2692 3738 2785 3807 5)?
2818 3737 2974 3792 Novit
2999 3738 3294 3794 dominium
3339 3756 3404 3795 ex
3439 3744 3791 3797 cntteessione

2194 3828 2283 3881 illa
2304 3869 2318 3891 ,
2352 3830 2599 3881 virtutem
2629 3844 2696 3883 ex
2748 3830 2989 3885 ca'citate
3020 3832 3270 3901 praesenti
3303 3850 3315 3884 :
3346 3832 3562 3885 demum
3606 3848 3791 3901 p0lt'tt—

2195 3923 2319 3973 tiam
2366 3920 2667 3975 confitetur.
2721 3920 2847 3987 Quis
2874 3939 2950 3988 es,
2989 3923 3244 3976 Domine?
3290 3922 3534 3978 Vidistin'
3584 3935 3790 3994 gratum

2194 4013 2476 4067 animum?
2514 4014 2746 4068 vidistin‘
2776 4026 3011 4070 mentem
3053 4016 3299 4071 libertate
3349 4018 3608 4087 plenam?
3652 4020 3762 4072 vidi

2195 4107 2317 4159 stin’
2342 4107 2721 4162 conscientiam
2744 4109 3047 4164 sinceram?
3071 4110 3185 4165 Non
3219 4113 3508 4169 reluctatus
3531 4123 3616 4168 est
3638 4156 3652 4179 ,
3688 4132 3791 4167 non

2194 4198 2495 4257 contendit:
2525 4198 2618 4253 sed
2649 4202 2827 4254 statim
2861 4202 3141 4255 Dominum
3172 4206 3407 4272 agnovit.
3440 4204 3555 4258 Non
3599 4222 3793 4275 quem-

2194 4290 2480 4344 admodum
2507 4291 2711 4355 Judtei,
2738 4309 2861 4347 cum
2907 4294 3152 4350 viderent
3203 4309 3445 4351 mortuos
3481 4300 3790 4365 suscitatus,

2194 4396 2365 4436 cxcos
2394 4383 2899 4453 visuturecipientes
2919 4426 2933 4451 ,
2972 4386 3215 4455 leprosos
3245 4389 3564 4457 mundatos,
3596 4391 3791 4447 nedum

2194 4474 2259 4527 ad
2287 4483 2553 4529 tantarum
2574 4492 2761 4532 rerum
2782 4478 3026 4546 opificem
3045 4492 3415 4547 occurrerent,
3439 4484 3788 4539 seductorem

2194 4569 2355 4621 etiam
2402 4568 2548 4622 illum
2596 4554 2895 4633 vocabant,
2947 4587 3215 4640 omneque
3266 4573 3579 4629 insidiarum
3628 4592 3795 4646 genus

2196 4661 2526 4729 apparabant
2557 4676 2573 4714 ι
2606 4678 2708 4716 non
2741 4663 2817 4716 sic
2842 4665 3021 4731 utique
3063 4664 3277 4727 Paulus,
3308 4668 3403 4720 sed
3430 4670 3610 4721 statim
3664 4685 3795 4722 eon-

2194 4768 2381 4806 versus
2423 4762 2524 4806 est.
2576 4755 2711 4821 Quid
2763 4756 2923 4823 igitur
2968 4756 3248 4811 Christus?
3276 4756 3387 4827 Ego
3434 4776 3545 4811 sum
3603 4759 3792 4821 Jesus,

2194 4862 2339 4912 quem
2367 4857 2418 4898 tu
2451 4849 2759 4917 persequeris
2788 4847 2999 4918 (Ibid.).
3032 4850 3140 4903 Cur
3171 4867 3276 4903 non
3307 4853 3461 4918 dixit,
3521 4854 3633 4921 Ego
3674 4872 3795 4908 sum

2194 4936 2372 5003 Jesus,
2395 4939 2485 5007 qui
2516 4943 2804 5001 resurrexi,
2836 4955 2937 5008 ego
2980 4955 3096 4993 sum
3130 4940 3425 5011 Jesus,'qni
3490 4943 3543 4996 in
3572 4945 3795 4999 dextera

2198 5028 2288 5082 Dei
2322 5028 2519 5095 sedeo,
2552 5029 2668 5090 sed,
2700 5029 2811 5101 Ego
2838 5048 2951 5084 sum
2978 5032 3153 5098 Jesus,
3190 5050 3336 5101 quem
3363 5044 3416 5087 tu
3447 5040 3801 5105 persequeris!

2197 5119 2266 5174 Ut
2294 5120 2409 5188 ejus
2442 5131 2674 5174 mentem
2730 5124 3084 5191 percelleret,
3138 5134 3194 5177 ut
3220 5124 3336 5193 ejus
3375 5126 3612 5180 animam
3653 5142 3799 5181 com-

2197 5222 2471 5283 pnngeret.
2502 5215 2638 5267 Audi
2669 5216 2846 5285 itaque
2877 5217 3096 5270 Paulum
3124 5228 3243 5285 post
3269 5219 3495 5273 multum
3516 5224 3800 5290 temporis,

2198 5314 2317 5373 post
2371 5306 2646 5359 innumera
2704 5308 2959 5376 praeclare
3008 5321 3179 5378 gesta,
3224 5312 3325 5364 hoc
3362 5310 3796 5367 lamentantem:

2198 5394 2308 5466 Ego
2329 5400 2482 5461 enim,
2512 5397 2699 5465 inquit,
2729 5415 2841 5450 sum
2883 5399 3123 5453 minimus
3153 5400 3502 5470 apostolorum
3522 5444 3541 5469 ,
3581 5406 3670 5472 qui
3701 5422 3800 5457 non

2194 5506 2308 5541 sum
2334 5490 2517 5559 dignus
2543 5492 2711 5543 vocari
2731 5493 2991 5560 apostolus
3007 5533 3023 5557 ,
3050 5494 3169 5563 quia
3199 5506 3529 5563 persequutus
3550 5513 3664 5549 sum
3699 5498 3799 5553 Ee-

2196 5580 2397 5631 rlesiam
2424 5584 2501 5647 (Ι.
2523 5581 2642 5634 (.‘or.
2664 5583 2749 5635 15.
2780 5584 2860 5649 9).
2885 5585 2941 5637 Si
2972 5600 3099 5639 vero
3119 5597 3238 5655 post
3266 5598 3521 5641 sexcenta
3547 5592 3801 5656 prarclare

2196 5682 2373 5738 gesta,
2420 5684 2539 5740 post
2573 5684 2774 5728 tantum
2824 5678 3065 5744 elapsum
3109 5688 3349 5747 tempus,
3407 5679 3511 5733 hoc
3556 5682 3797 5752 lugebat.

2201 5774 2394 5833 quanta
2422 5764 2706 5822 verisimile
2734 5776 2814 5824 est
2838 5769 3009 5838 ipsum
3032 5784 3153 5826 esse
3183 5785 3398 5840 passum
3420 5770 3801 5844 illotempore,
