3964 6342
488 216 594 275 ῒιίΙ

484 337 648 388 σύτὶν
668 332 857 389 παθεῖν
875 331 1014 386 κατά
1035 332 1126 387 τὸν
1143 333 1332 407 καιρὸν
1360 335 1585 393 ἐκεῖνον.
1608 333 1936 408 κατόρθωμα
1963 335 2063 406 μὲν

485 420 697 475 οὐδέπω
719 417 872 470 οὐδὲν
897 417 1110 487 ἔχοντα,
1130 415 1228 488 τὴν
1256 417 1312 470 δὲ
1344 417 1526 481 δίωξιν
1554 415 1732 488 ἐαυτῷ
1760 417 2064 483 συνειδότα,

486 504 584 558 καὶ
607 501 704 573 τῆς
732 503 915 572 φωνῆς
942 500 1154 570 ἐκείνης
1187 499 1484 564 άκούοντα;

558 585 621 639 ε’.
651 583 787 637 Ἀλλ’
810 581 1130 653 ἐπιφύονται
1149 584 1281 654 ἡμῖν
1300 582 1552 636 ἐνταῦθα·
1577 583 1735 653 ὑμεῖς
1755 583 1812 637 δέ
1829 583 1904 656 μὴ
1929 584 2067 638 ἀποο

487 669 724 739 κάμητε,
757 667 864 720 κᾶν
893 665 1100 739 ἑσπέρα
1132 665 1425 718 καταλάϐοι
1443 681 1456 696 ⁸
1505 665 1647 738 ὑπὲρ
1675 669 1784 737 γάρ
1809 667 1903 720 τοῦ
1928 667 2069 720 Παύ-

487 753 580 806 λου
600 752 709 816 πᾶς
737 753 870 822 ἡμῖν
898 751 928 804 6
957 749 1114 818 λόγος
1136 789 1150 812 ,
1197 748 1411 802 Παύλου
1455 748 1547 802 τοῦ
1604 751 1845 820 τριετίαν
1896 750 2067 805 νύκτα

487 835 583 888 καὶ
617 834 831 906 ἡμέραν
867 832 995 896 τοὺς
1035 831 1280 902 μαθητὰς
1312 831 1672 896 διδάσκοντος.
1717 833 2068 903 Ἐπιφύονται

487 918 667 970 τοίνυν
695 916 839 977 τινὲς
863 915 1113 982 ἐνταῦθα,
1147 917 1240 970 καὶ
1269 917 1484 984 λέγουσι
1507 932 1523 948 ⁸
1563 919 1673 971 Καὶ
1700 917 1753 970 τί
1787 919 1953 989 μέγα,
1986 920 2068 974 ὅτι

489 1001 698 1064 Παῦλος
728 999 1034 1072 προσῆλθες
1077 1001 1170 1054 καὶ
1196 999 1306 1072 γάρ
1337 1002 1619 1072 μονονουχὶ
1642 1002 1830 1074 ὥσπερ
1861 1007 2068 1075 σχοῖνον

489 1082 798 1156 περιϐαλὼν
844 1083 1008 1136 αὐτοῦ
1057 1083 1136 1152 τῷ
1183 1084 1438 1156 τραχήλῳ
1480 1087 1508 1139 6
1557 1085 1688 1148 Θεὸς
1731 1085 1830 1157 τὴν
1882 1087 2067 1158 φωνὴν

489 1167 738 1238 ἐκείνην,
786 1165 958 1230 οὑτως
999 1167 1162 1220 αὑτὸν
1211 1167 1425 1221 εἵλκυσε
1465 1169 1601 1240 πρὸς
1634 1169 1845 1224 ἑαυτόν.
1893 1169 2068 1242 Προσ-

487 1251 638 1321 ἔχετε
670 1251 805 1322 μετά
851 1249 1154 1322 ἀκριϐείας.
1216 1252 1326 1304 Καὶ
1368 1252 1476 1322 γάρ
1508 1252 1604 1306 καὶ⁹
1635 1251 1772 1324 πρὸς
1799 1252 2067 1324 Ἕλληνας

486 1333 666 1397 κοινὸς
714 1335 846 1404 ἡμῖν
871 1329 1025 1398 οῦτος
1053 1335 1080 1386 6
1111 1333 1298 1402 λόγος,
1346 1336 1440 1387 καί
1473 1334 1610 1406 πρὸς
1649 1336 1964 1400 Ἰουδαίους,
2015 1336 2065 1388 οἳ

487 1419 586 1490 τῆς
619 1418 821 1481 οἰκείας
867 1418 1126 1482 ἀπιστίας
1167 1419 1537 1490 προκάλυμμα
1575 1419 1886 1491 νομίζουσιν
1927 1417 2065 1474 εἶναι

485 1502 546 1554 τὸ
587 1501 685 1558 τοῦ
721 1501 930 1555 δικαίου
969 1506 1325 1576 κατηγορεῖν,
1369 1505 1470 1557 οὐκ
1498 1504 1698 1568 εἰδότες
1739 1505 1822 1558 ὅτι
1871 1504 2065 1575 διπλῆν

485 1585 889 1657 ἁμαρτάνουσιν
918 1586 1218 1657 ἁμαρτίαν,
1264 1588 1364 1658 τήν
1408 1604 1467 1640 τε
1501 1587 1705 1640 οἰκείαν
1737 1589 1836 1641 οὐκ
1875 1588 2063 1641 ἀποτιο

484 1669 701 1740 θέμενοι
757 1669 985 1741 πλάνην,
1024 1671 1117 1724 καὶ
1160 1671 1251 1725 τὸν
1287 1671 1444 1741 ἀγιον
1497 1671 1590 1725 τοῦ
1617 1671 1750 1728 Θεοῦ
1788 1671 2065 1736 τοιαύταις

482 1751 683 1816 αἰτίαις
715 1752 1036 1806 ὑποϐάλλειν
1063 1754 1488 1826 ἐπιχειροῦντες.
1542 1755 1680 1808 Ἀλλ’
1725 1757 1890 1828 ἡμεῖς
1923 1755 2063 1828 ὑπὲρ

482 1834 646 1890 αὐτοῦ
696 1836 796 1907 τὴν
833 1836 1130 1905 ἀπολογίαν
1176 1840 1242 1908 τῇ
1293 1839 1387 1891 τοῦ
1431 1837 1566 1892 Θεοῦ
1615 1840 1796 1911 χάριτι
1848 1840 2065 1910 ποιησό-

484 1919 643 1988 μεθα.
697 1920 795 1984 Τίς
833 1916 926 1974 οῦν
963 1922 1111 1974 ἐστιν
1139 1922 1172 1982 ἠ
1200 1923 1532 1994 κατηγορία;
1581 1923 1840 1996 Ἀνάγκη,
1875 1921 2060 1993 φησὶν,

481 2003 644 2089 αὐτὸν
672 2005 1020 2089 ἐπεσπάσατο
1050 2007 1078 2058 6
1112 2005 1267 2089 θεός.
1320 2007 1456 2076 Ποία
1493 2007 1729 2089 ἀνάγκη,
1777 2006 2061 2078 ἀνθρωπες

495 2085 781 2145 Ἐκάλεσεν
806 2087 968 2140 αὑτὸν
991 2087 1216 2142 ἀνωθεν.
1249 2088 1422 2153 Ὅλως
1446 2085 1738 2154 πιστεύεις,
1775 2090 1854 2143 ὅτι
1877 2089 2066 2144 ἐκάλε-

485 2187 577 2223 σεν
615 2171 778 2225 αὐτὸν
809 2171 1054 2240 άνωθεν;
1094 2171 1303 2226 Οὐκοῦν
1331 2172 1427 2225 κα)⁵
1457 2172 1516 2225 σὲ
1554 2171 1708 2226 καλεί
1731 2173 1970 2243 τήμερον
1996 2171 2062 2224 δι’

481 2253 698 2328 ἐκείνης
737 2255 836 2327 τῆς
873 2257 1087 2324 φωνῆς,
1132 2255 1245 2310 ἀλλ’
1277 2257 1376 2327 οὐχ
1416 2257 1730 2322 ὑπακούεις.
1778 2257 1940 2329 Ὁρᾷς
1981 2257 2062 2311 ὅτι

481 2338 603 2410 οὐχὶ
630 2337 874 2410 ἀνάγκης
892 2335 961 2410 ῆν
993 2339 1053 2392 16
1081 2341 1344 2410 πρᾶγμας
1372 2341 1435 2392 Εἰ
1471 2340 1579 2411 γάρ
1605 2340 1816 2412 ἀνάγκη
1855 2335 1946 2411 ἦν,
1969 2335 2065 2394 καὶ

484 2419 546 2474 σέ
583 2421 692 2475 ἔδει
725 2422 1021 2475 ὑπακούειν
1045 2439 1060 2453 ⁸
1111 2424 1160 2474 εί
1191 2423 1247 2475 δὲ
1276 2423 1341 2476 σὺ
1367 2423 1465 2492 οὐχ
1491 2423 1806 2490 ὐπακούεις,
1843 2424 2063 2494 εὑδηλον

475 2504 562 2557 ὅτι
585 2505 835 2568 κάκεῖνος
867 2507 932 2558 ἐκ
958 2505 1331 2577 προαιρέσεως
1360 2507 1658 2578 ὑπήκουσε.
1694 2503 1806 2562 Καὶ
1838 2508 1923 2562 ἵνα
1960 2511 2065 2578 μά-

480 2584 612 2658 θητε
633 2588 715 2642 ὅτι
745 2587 879 2642 πολὺ
905 2587 1005 2658 μὲν
1037 2589 1117 2650 είς
1133 2589 1232 2659 τὴν
1255 2589 1467 2644 Παύλου
1492 2590 1763 2662 σωτηρίαν
1781 2593 1814 2660 ή
1845 2590 2060 2662 κλῆσις,

481 2671 732 2744 καθάπερ
761 2671 856 2727 καὶ
893 2673 972 2735 εἰς
1003 2670 1098 2745 τὴν
1125 2671 1234 2726 τῷν
1261 2671 1435 2728 ἄλλων
1460 2673 1715 2728 ἁπάντων
1739 2673 2060 2746 ἀνθρώπων,
2095 2707 2108 2722 ο

477 2755 542 2808 οὐ
594 2756 703 2827 μὴν
765 2756 968 2829 ἔρημον
1019 2755 1183 2811 αὐτὸν
1247 2757 1460 2828 ἀφῆκεν
1507 2753 1647 2812 εἶναι
1695 2758 1802 2812 τῶν
1847 2758 2064 2812 οἰκείων

480 2838 920 2910 κατορθωμάτων
968 2839 1064 2893 καὶ
1097 2839 1204 2894 τῶν
1242 2839 1330 2895 διὰ
1368 2840 1468 2912 τὴν
1519 2839 1772 2912 βούλησιν
1805 2839 2062 2904 ἐπαίνων,

452 2921 598 2974 οὐδὲ
642 2920 948 2994 ἐλυμήνατο
987 2923 1152 2978 αὐτοῦ
1199 2923 1262 2977 16
1317 2923 1696 2991 αὐτεξούσιον,
1760 2923 1874 2979 ἀλλ’
1923 2924 2064 2978 ἑκὼν

473 3004 782 3082 προσῆλθεν
810 3002 962 3070 οὑτος
1006 3008 1100 3060 καὶ
1153 3007 1212 3074 ἐξ
1237 3007 1443 3070 οἰκείας
1525 3007 1977 3078 εὐγνωμοσύνης,
2005 3008 2062 3075 ἐξ

480 3085 666 3159 ἐτέρου
691 3088 1132 3162 παραδείγματος
1151 3090 1308 3144 τοῦτο
1336 3092 1548 3163 ποιήσω
1576 3091 1830 3163 φανερόν.
1857 3092 2063 3144 Ἤκου-

478 3187 579 3225 σαν
617 3173 666 3224 οί
703 3167 941 3226 Ἰουδαῖοι
977 3175 1161 3245 φωνῆς
1203 3173 1409 3230 ἀνωθεν
1455 3174 1784 3246 φερομένης,
1819 3174 1938 3245 οὐχὶ
1966 3174 2060 3228 τοῦ

478 3253 642 3319 Υίοῦ,
669 3255 806 3309 ἀλλά
833 3255 925 3309 τοῦ
959 3257 1175 3328 Πατρὸς
1195 3296 1210 3321 ,
1251 3257 1380 3328 περὶ
1410 3256 1504 3310 τοῦ
1535 3257 1771 3327 Χριστοῦ
1799 3257 2064 3328 λεγούσης

477 3338 740 3409 περὶτῶν
775 3339 1076 3413 Ἰορδανίων
1107 3341 1340 3413 ῥείθρων
1363 3353 1412 3407 ι,
1451 3337 1639 3407 Οὗτός
1669 3341 1841 3395 ἐστιν
1861 3344 1895 3396 ό
1929 3344 2063 3408 Υἱός

473 3440 592 3491 μου
625 3425 659 3476 ὀ
681 3424 1006 3492 ἀγαπητὸς,
1039 3425 1134 3479 καὶ⁵
1160 3424 1411 3494 λέγουσιν
1441 3426 1658 3480 ἐκεῖνοι·
1684 3422 1874 3493 Οὗτός
1892 3426 2064 3481 ἐστιν

477 3509 510 3559 ό
543 3505 794 3572 πλάνος.
829 3500 982 3572 Εἶδες
1012 3507 1244 3578 φανερὸν
1275 3507 1543 3578 πόλεμον;
1589 3504 1726 3572 εἶδες
1752 3509 1918 3580 δήλην
1959 3510 2062 3581 μάι-

476 3606 619 3660 χην;
661 3585 800 3654 εἶδες
838 3589 920 3644 ὅτι
969 3591 1245 3662 πανταχοῦ
1293 3589 1713 3663 εὐγνωμοσύνης
1741 3593 1918 3664 χρεία,
1967 3596 2062 3648 καὶ

475 3673 653 3743 ψυχῆς
681 3672 1002 3738 ἀδεκάστου,
1054 3675 1148 3728 καὶ
1179 3674 1253 3744 μὴ
1278 3673 1830 3746 προκατειλημμένης
1858 3677 2057 3743 πάθει;

489 3755 623 3807 Ἰδοὺ
654 3755 748 3808 καὶ
777 3756 893 3809 ἐκεῖ
915 3755 1088 3828 φωνὴ,
1115 3757 1346 3810 ἐνταῦθα
1379 3757 1529 3828 φωνή
1549 3772 1564 3787 ⁸
1599 3757 1712 3810 ἀλλ’
1735 3760 1764 3811 6
1792 3758 1892 3830 μὲν
1911 3760 2062 3813 ἐπεί-

477 3840 634 3898 θετο.
671 3839 720 3891 οἰ
765 3838 822 3892 δὲ
854 3840 1158 3910 ἀντέλεγον.
1211 3841 1320 3894 Καὶ
1347 3841 1467 3911 οὐχὶ
1505 3841 1658 3912 φωνὴ
1692 3842 1880 3912 μόνον,
1924 3844 2060 3898 άλλά

477 3927 572 3980 καὶ
618 3926 680 3980 16
727 3924 948 3995 Πνεῦμα
997 3925 1055 3979 ἐν
1107 3925 1239 3979 εἴδει
1281 3929 1628 3998 περιστερᾶς.
1685 3927 1902 4000 Ἐπειδὴ
1950 3929 2059 4001 γὰρ

475 4010 734 4076 ἐϐάπτιζε
785 4009 882 4082 μὲν
925 4008 1197 4079 Ἰωάννης,
1252 4008 1574 4074 ἐϐαπτίζετο
1617 4011 1672 4064 δὲ
1723 4011 1752 4064 6
1800 4012 2052 4083 Χριστὸς,

477 4095 562 4148 ἵνα
591 4094 664 4165 μὴ
693 4092 770 4164 τῷ
801 4091 1127 4163 ἀνθρωπίνῳ
1152 4093 1392 4162 σχήματι
1428 4093 1809 4167 προσέχοντες,
1839 4094 1930 4148 τὸν
1961 4094 2058 4165 βα-

475 4177 736 4242 πτίζοντα
767 4176 987 4247 μείζονα
1018 4179 1112 4228 τοῦ
1140 4175 1535 4248 βαπτιζομένου
1571 4175 1709 4231 εἶναι
1739 4177 2052 4248 νομίσωσιν,

472 4257 635 4332 ἦλθεν
654 4261 688 4330 ἠ
717 4259 870 4330 φωνὴ
894 4258 1082 4312 τοῦτον
1103 4259 1197 4312 ἀπ’
1220 4260 1428 4313 ἐκείνου
1448 4260 1748 4331 διαιροῦσα.
1778 4261 1887 4313 Kal
1911 4261 2056 4314 ἐπει-

472 4344 540 4414 δὴ
567 4341 762 4414 ἄδηλον
786 4337 856 4413 ἦν
884 4341 1014 4412 περὶ
1040 4341 1184 4404 τίνος
1221 4342 1406 4411 ἔλεγεν
1432 4345 1462 4414 ἡ
1499 4343 1650 4414 φωνὴ
1674 4343 1810 4413 ὅπερ
1845 4342 2050 4412 ἔλεγεν,

471 4422 603 4499 ἦλθε
632 4428 726 4481 καὶ
746 4426 806 4480 16
829 4425 1053 4497 Πνεῦμα
1073 4425 1135 4479 16
1163 4425 1316 4496 ἀγιον
1344 4428 1402 4479 ἐν
1430 4427 1560 4480 εἴδει
1584 4427 1930 4496 περιστερᾶς,
1954 4427 2054 4497 τὴν

473 4513 658 4584 φωνὴν
707 4511 801 4565 ἐπὶ
845 4512 944 4583 τὴν
991 4511 1232 4582 κεφαλὴν
1279 4510 1434 4564 ἕλκον
1469 4508 1562 4564 τοῦ
1608 4509 1865 4582 Χριστοῦ.
1911 4511 2052 4564 Ἀλλ’

471 4599 622 4667 ὅμως
661 4597 754 4650 καὶ
801 4594 891 4649 διὰ
935 4594 1118 4665 φωνῆς
1164 4593 1325 4648 αὐτὸν
1359 4591 1627 4663 ἐκήρυξε,
1687 4593 1780 4647 καί¹
1823 4592 1913 4647 διὰ
1955 4594 2049 4649 τοῦ

469 4681 790 4754 Πνεύματος
819 4678 1007 4746 ἔδειξε,
1032 4678 1126 4732 καὶ
1157 4677 1296 4749 μετά
1320 4677 1476 4731 τοῦτο
1499 4677 1590 4730 καὶ
1615 4677 1867 4748 Ἰωάννης
1896 4677 2046 4742 ἐϐόα,

470 4771 552 4822 ὅτι
583 4769 704 4822 Οὐκ
730 4765 848 4836 είμί
881 4762 1090 4829 ἱκανὸς
1133 4762 1318 4816 αὑτοῦ
1349 4762 1536 4816 λῦσαι
1565 4761 1671 4814 τὸν
1703 4761 1916 4832 ἱμάντα
1943 4763 2049 4817 τοῦ

469 4851 885 4920 ὑποδήματος·
927 4847 1023 4902 καλ⁸
1078 4845 1246 4917 μυρία
1294 4845 1457 4917 ’ἑτερα
1505 4845 1598 4898 καὶ
1635 4845 1722 4898 διὰ
1767 4846 2047 4917 ῥημάτων,

470 4935 566 4988 καί⁵
585 4934 673 4986 διὰ
697 4931 1036 5003 πραγμάτων
1061 4929 1337 5000 μαρτύρια
1352 4927 1586 4996 ἐγένετο,
1607 4927 1701 4981 καὶ
1724 4928 1860 4998 πρὸς
1879 4929 2053 4983 ἅπαν-

469 5035 538 5069 τα
589 5015 1055 5085 ἀπετυφλώθησαν
1088 5032 1100 5045 ⁸
1163 5012 1362 5084 μᾶλλον
1404 5011 1461 5063 δὲ
1504 5010 1684 5064 πάντα.
1737 5010 1890 5085 [126]
1951 5013 2050 5084 μὲν

471 5098 780 5171 συνεώρων,
812 5099 985 5151 οὐδενὶ
1023 5098 1079 5150 δὲ
1105 5097 1213 5149 τῶν
1233 5094 1558 5164 λεγομένων,
1595 5094 1716 5148 οὐδὲ
1745 5095 1853 5148 τῶν
1883 5112 2052 5167 πρατ-

469 5183 712 5254 τομένων
739 5182 1044 5248 ἐπείθοντο,
1088 5183 1157 5252 τῇ
1195 5181 1359 5252 μανίᾳ
1391 5179 1490 5250 τῆς
1523 5179 1673 5252 παρά
1698 5181 1806 5233 τῶν
1840 5180 2048 5234 πολλῶν

469 5266 628 5337 δόξης
659 5263 1191 5336 προκατειλημμένοι
1214 5264 1312 5333 τὴν
1332 5263 1591 5317 διάνοιαν.
1637 5265 1813 5334 Ὅπερ
1837 5259 1931 5317 οῦν
1957 5266 2050 5318 καὶ

471 5353 500 5405 6
531 5347 920 5418 εὐαγγελιστής
949 5363 1133 5416 φησιν,
1157 5347 1238 5400 ὅτι
1270 5344 1456 5399 πολλοὶ
1479 5345 1587 5399 τῶν
1632 5346 1902 5400 Ἰουδαίων
1933 5349 2049 5401 ἐπί-

471 5449 701 5488 στευταν
733 5433 813 5494 εἰς
836 5429 1016 5496 αὐτὸν,
1044 5428 1133 5482 διὰ
1175 5428 1232 5482 δὲ
1255 5429 1381 5492 τούς
1407 5428 1674 5500 ἄρχοντας
1701 5428 1800 5500 οὐχ
1842 5429 2048 5500 ώμολό.

535 5639 562 5670 ⁸
589 5639 752 5690 Placet
773 5644 1050 5701 ροιηθειυτε
1077 5637 1245 5687 Savilii
1272 5657 1284 5685 -.
1309 5637 1413 5701 περὶ
1440 5638 1499 5687 τὰ
1513 5637 1740 5702 Ἰορὸάνια
1767 5638 2041 5703 gem-«.150.

1176 230 1256 289 'S.
1292 227 1580 288 IDANNIS
1617 226 2060 286 CHRYSOSTOB

2163 223 2476 282 ARCIIIEP.
2520 218 3077 280 CONSTANTINOP.

3652 213 3750 270 ηε

2171 351 2322 404 γουν,
2353 333 2442 386 ἵνα
2473 331 2548 403 μὴ
2572 330 3287 401 ἀποσυνάγωγοιγένωνται,
3315 333 3427 386 Καὶ
3459 332 3623 398 αὐτὸς
3652 335 3750 388 δὲό

2169 416 2402 488 Χριστὸς
2417 415 2591 484 ἔλεγε,
2612 413 2745 482 Πῶς
2759 415 3026 470 δύνασθε
3046 416 3373 482 πιστεύειν,
3396 416 3588 482 δόξαν
3599 423 3756 488 παρὰ

2170 500 2461 566 ἀλλήλων
2477 489 2915 567 λαμϐάνοντες,
2949 497 3045 550 καί
3077 497 3194 566 τὴν
3231 498 3421 563 δόξαν
3447 500 3566 569 τὴν
3597 503 3755 569 παρὰ

2169 583 2276 638 τοῦ
2303 583 2498 653 μόνου
2531 581 2679 636 Θεοῦ
2711 583 2783 636 οὐ
2811 581 3158 650 ζητοῦντες;
3209 583 3346 635 Ἀλλ’
3371 583 3471 654 οὐχ
3498 586 3526 638 ὁ
3546 583 3757 656 Παῦλος

2167 665 2362 730 οὕτως,
2390 663 2526 718 άλλά
2554 666 2684 735 μιᾶς
2733 663 2901 735 μόνης
2943 664 3180 728 ἀκούσας
3229 668 3414 737 φωνῆς
3453 659 3620 719 αὐτοῦ
3665 667 3755 720 τοῦ

2167 750 2522 822 διωκομένου,
2551 748 2756 811 εὐθέως
2792 749 3192 822 προσέδραμεν,
3222 751 3426 814 εὐθέως
3454 752 3754 820 ὑπήκουσε,

2168 834 2264 888 καὶ
2298 832 2497 904 πολλὴν
2525 831 2838 897 ἐπεδείξατο
2871 833 2972 904 τήν
3001 832 3328 905 μεταϐολήν.
3364 834 3504 888 Εἰδὲ
3540 835 3618 906 μὴ
3649 834 3754 888 ἀπ-

2169 919 2410 988 εκάμετε
2437 917 2516 989 τῷ
2552 918 2717 988 μήκει
2752 917 2859 971 τῶν
2892 917 3217 989 εἰρημένων,
3245 917 3324 971 ἔτι
3349 920 3428 982 εἰς
3456 918 3754 990 ἐγγύτερον

2169 1002 2522 1074 παράδειγμα
2555 1001 2676 1068 ἄγω
2723 1001 2814 1054 τὸν
2851 1000 3026 1069 λόγον.
3055 1000 3164 1054 Kal
3207 999 3317 1072 γάρ
3359 1002 3454 1056 καὶ
3488 1001 3587 1056 τοῦ
3622 1001 3754 1055 Υἰοῦ

2168 1085 2432 1156 ἥκουσαν,
2467 1083 2562 1139 καὶ
2589 1083 2768 1148 οὕτως
2794 1085 3034 1156 ἤκουσαν
3060 1083 3137 1146 ὡς
3170 1083 3382 1149 Παῦλος
3411 1086 3634 1155 ᾖκουσε,
3664 1081 3758 1139 καὶ

2167 1171 2226 1222 ἐν
2257 1168 2434 1240 καιρῷ
2461 1169 2692 1239 τοιούτῳ
2733 1168 2993 1239 ἥκουσαν,
3048 1167 3145 1239 οἴῳ
3171 1164 3382 1231 Παῦλος
3413 1169 3637 1239 ἤκουσε,
3665 1169 3761 1222 καὶ

2166 1251 2287 1305 οὐδὲ
2316 1251 2490 1314 οὑτως
2536 1251 2882 1305 ἐπίστευσαν.
2935 1251 3201 1321 Καθάπερ
3253 1251 3363 1322 γάρ
3408 1251 3622 1316 Παῦλος
3669 1253 3759 1305 ὅτε

2165 1335 2437 1406 ἐμαίνετο,
2455 1336 2546 1389 ὅτε
2577 1335 2910 1406 ῆγριαίνετο,
2933 1335 3021 1387 ὅτε
3045 1334 3300 1406 ἐπολέμει
3323 1337 3436 1399 τοῖς
3463 1335 3758 1408 μαθηταῖς,

2165 1422 2367 1491 ῆκουσε
2397 1422 2497 1492 τῆς
2545 1421 2762 1491 φωνῆς,
2806 1420 2952 1474 οὑτω
3002 1420 3097 1474 καλ⁸
3138 1421 3403 1474 Ἰουδαῖοι.
3467 1422 3616 1485 Ποῦ,
3663 1415 3763 1476 καὶ

2168 1505 2296 1558 πότε
2323 1522 2337 1569 ;
2382 1504 2635 1582 Ἐξῆλθον
2668 1507 2726 1559 ἐν
2755 1507 2820 1577 τῇ
2858 1505 3015 1558 νυκτὶ
3046 1504 3186 1574 μετὰ
3212 1505 3394 1574 φανῶν
3416 1506 3510 1558 καὶ
3538 1505 3760 1576 λαμπά-

2165 1589 2268 1642 δων
2296 1591 2375 1654 εἰς
2408 1589 2507 1660 τὴν
2536 1587 2798 1659 σύλληψιν
2831 1587 2996 1641 αὐτοῦ
3018 1602 3033 1618 ⁸
3075 1588 3323 1660 ἐνόμιζον
3355 1589 3464 1659 γάρ
3485 1589 3762 1660 ἀνθρώπῳ

2163 1671 2302 1742 ψιλῷ
2335 1668 2690 1725 ἐπιτίθεσθαι.
2729 1663 3066 1742 Βουλόμενος
3102 1661 3284 1724 τοίνυν
3318 1673 3515 1735 αὐτοὺς
3547 1671 3760 1737 διδάξαι

2163 1755 2260 1826 τὴν
2281 1754 2507 1826 δύναμιν
2536 1753 2639 1826 τὴν
2671 1747 2892 1817 ἐαυτοῦ,
2936 1755 3032 1808 καὶ
3055 1754 3136 1807 ὅτι
3166 1754 3300 1818 Θεός
3327 1755 3466 1817 ἐστι,
3498 1755 3595 1807 καὶ
3619 1755 3759 1826 πρὸς

2163 1840 2363 1910 κέντρα
2379 1829 2722 1903 λακτίζουσι,
2750 1837 2898 1905 λέγει
2931 1838 3136 1901 αὐτοῖς.
3164 1837 3304 1891 Τίνα
3333 1836 3552 1904 ζητεῖτε
3575 1855 3595 1903 ;
3619 1839 3760 1906 Ἔμ-

2164 1916 2398 1993 προσθεν
2442 1920 2606 1977 αὐτοῦ
2655 1922 2748 1975 καὶ
2801 1920 3029 1992 πλησίον
3075 1921 3453 1992 εἱστήκεισαν,
3502 1921 3598 1975 καὶ
3646 1923 3750 1991 οὐχ

2163 1997 2349 2075 ἐώρων
2383 2006 2572 2060 αὐτόν·
2610 2005 2724 2058 ἀλλ’
2749 1994 2910 2068 αὐτὸς
2939 2006 2966 2058 ὀ
2991 2003 3320 2074 ζητούμενος
3352 2004 3550 2067 αὐτοὺς
3581 2005 3756 2076 ἐχειρο

2163 2089 2369 2158 αγώγει
2401 2080 2536 2161 πρὸς
2571 2089 2670 2158 τὴν
2700 2087 2915 2160 εῦρεσιν
2949 2087 3047 2158 τὴν
3090 2077 3314 2152 ἐαυτοῦ,
3349 2088 3436 2142 ἴνα
3489 2087 3758 2159 μάθωσιν,

2163 2172 2246 2225 ὃτι
2274 2173 2374 2226 οὐκ
2401 2173 2550 2227 ἄκων
2581 2171 2674 2224 ἐπὶ
2707 2171 2768 2224 16
2803 2171 2974 2234 πάθος
3005 2171 3244 2242 ἔρχεται,
3280 2171 3384 2235 ὅτι,
3416 2171 3466 2223 εἰ
3493 2172 3569 2242 μὴ
3601 2170 3761 2224 ἐϐούο

2165 2255 2286 2308 λετο
2316 2255 2694 2326 συγχωρῆσαι,
2729 2255 2828 2308 οὐκ
2860 2253 2926 2308 ἂν
2958 2254 3356 2326 περιεγένοντο.
3389 2255 3515 2318 Πῶς
3541 2255 3679 2326 γὰρ,
3710 2256 3759 2308 οἱ

2168 2337 2302 2408 μηδὲ
2330 2329 2510 2408 εὑρεῖν
2539 2336 2703 2390 αὐτὸν
2728 2327 3049 2408 δυνηθέντες
3074 2353 3092 2401 ;
3147 2337 3213 2389 Τί
3247 2337 3411 2406 λέγω,
3451 2338 3634 2406 εὑρεῖν
3663 2339 3760 2391 a6-

2164 2421 2255 2474 τὸν
2284 2419 2358 2492 μὴ
2387 2419 2745 2489 δυνηθέντες;
2805 2420 2947 2472 Ἀλλ’
2991 2420 3114 2474 οὐτε
3151 2418 3280 2473 ἰδεῖν
3323 2420 3485 2474 αὐτὸν
3515 2421 3762 2491 παρόντα

2167 2503 2395 2574 ἴσχυσαν
2414 2521 2427 2535 ⁸
2447 2504 2506 2556 οὐ
2541 2503 2700 2574 μόνον
2719 2503 2774 2557 δὲ
2806 2497 3050 2575 παρόντα
3076 2499 3176 2557 οὐκ
3200 2502 3424 2572 ἴσχυσαν
3456 2503 3607 2565 ἰδεῖν,
3629 2502 3762 2556 ἀλλὰ

2165 2588 2256 2640 καὶ
2281 2586 2556 2657 ἐρωτῶντι
2585 2586 3028 2657 ἀποκρινόμενοι,
3059 2576 3178 2638 οὐδὲ
3199 2580 3371 2648 οὑτως
3393 2580 3594 2656 ᾔδεσαν
3615 2587 3762 2650 ὅστις

2164 2668 2294 2721 ποτὲ
2322 2665 2388 2740 ἦν
2416 2671 2444 2722 6
2476 2668 2668 2740 παρών
2687 2686 2701 2699 ⁸
2734 2659 2877 2722 οὑτω
2915 2668 3032 2738 μεθ’
3058 2663 3367 2739 ὑπερϐολῆς
3390 2668 3616 2736 ἀπάσης
3650 2671 3760 2722 ἀπ-

2162 2750 2472 2821 ετύφλωσεν
2493 2752 2673 2806 αὐτῶν
2700 2753 2826 2815 τοὺς
2854 2751 3188 2822 ὀφθαλμούς.
3219 2753 3328 2806 Kal
3372 2753 3433 2805 οὐ
3467 2752 3634 2806 τοῦτο
3669 2753 3764 2823 μό-

2163 2851 2269 2900 νον,
2299 2835 2436 2888 άλλά
2465 2836 2561 2889 καὶ
2606 2834 2830 2898 ὑπτίους
2859 2835 3080 2906 ἔρριψεν
3125 2835 3324 2898 αὐτοὺς
3346 2837 3414 2906 τῇ
3450 2838 3610 2906 φωνῇ
3631 2853 3647 2867 ⁸
3690 2838 3766 2888 εί-

2164 2917 2354 2982 πόντος
2386 2917 2494 2988 γάρ
2513 2959 2530 2984 ,
2585 2918 2720 2971 Τίνα
2745 2917 3004 2991 ζητεῖτεξ
3051 2917 3291 2989 ἀπῆλθον
3323 2917 3529 2981 πάντες
3585 2920 3670 2983 εἰς
3697 2919 3766 2972 τά

2161 3001 2338 3058 ὀπίσω
2367 3004 2476 3058 ἀπὸ
2500 3003 2599 3074 τῆς
2625 3004 2809 3075 φωνῆς
2835 3003 3060 3076 ταύτης.
3111 3005 3324 3075 Ὠσπερ
3354 3003 3466 3076 γάρ
3490 3004 3586 3057 τὸν
3619 3005 3767 3058 Παῦε-

2161 3089 2252 3144 λον
2284 3092 2319 3162 ἡ
2353 3088 2505 3160 φωνὴ
2547 3089 2838 3155 κατέϐαλε,
2875 3090 2970 3143 καὶ
3005 3089 3192 3162 πρηνῆ
3233 3089 3448 3143 κεῖσθαι
3475 3090 3761 3161 ἐποίησεν.

2161 3173 2304 3227 οὑτω
2345 3172 2437 3225 καὶ
2469 3170 2691 3235 τούτους
2727 3173 2760 3244 ή
2794 3171 2944 3244 φωνὴ
2990 3174 3198 3236 πάντας
3231 3173 3455 3245 ἔρριψεν
3485 3174 3748 3238 ὑπτίους⁸

2162 3259 2258 3312 καὶ
2304 3257 2494 3328 ὥσπερ
2527 3249 2684 3319 οὗτος
2744 3257 2844 3310 οὐκ
2891 3257 3086 3310 ἔϐλεπε
3138 3257 3229 3311 τὸν
3277 3257 3618 3328 διωκόμενον
3671 3254 3757 3312 ὑπ’

2163 3338 2352 3408 αὐτοῦ,
2377 3341 2548 3405 οὓτως
2575 3343 2773 3394 ἐκεῖνοι
2803 3341 2904 3394 οὐκ
2927 3340 3155 3394 ἔϐλεπον
3181 3335 3270 3394 16v
3298 3340 3636 3411 ζητούμενον
3672 3341 3761 3396 ὑπ’

2162 3420 2370 3481 αὐτῶν·
2397 3424 2586 3496 ὥσπερ
2613 3416 2768 3488 οὗτος
2797 3425 2854 3476 ἐν
2885 3423 2961 3492 τῷ
2990 3423 3170 3494 καιρῷ
3209 3424 3309 3492 τῆς
3335 3423 3534 3493 μανίας
3563 3425 3762 3478 ἀπετυ-

2162 3509 2347 3580 φλώθη
2373 3548 2388 3571 ,
2439 3507 2679 3562 κάκεῖνοι
2705 3508 2762 3560 ἐν
2795 3507 2946 3576 αὐτῷ
2974 3506 3052 3578 τῷ
3078 3507 3253 3577 καιρῷ
3281 3510 3380 3578 τῆς
3413 3509 3614 3578 μανίας
3651 3511 3758 3563 ἀπο

2161 3591 2564 3662 ετυφλώθησαν.
2599 3591 2709 3644 Καὶ
2732 3589 2840 3662 γὰρ
2879 3592 3105 3653 ἐκεῖνος,
3139 3589 3227 3642 ὅτε
3257 3589 3553 3660 ἐπορεύετο
3589 3592 3752 3662 δῆσαι

2159 3677 2287 3740 τοὺς
2318 3675 2589 3746 μαθητὰς,
2618 3673 2711 3726 καὶ
2731 3666 2902 3740 οῦτοι,
2942 3673 3031 3726 ὅτε
3065 3670 3286 3744 ἐξῆλθον
3312 3673 3474 3743 δῆσαι
3502 3673 3598 3728 16v
3623 3677 3756 3746 Χρι-

2164 3760 2310 3826 στὸν,
2345 3760 2518 3814 ταὺτά
2543 3759 2764 3812 ἔπαθον.
2790 3759 2900 3811 Καὶ
2931 3761 3048 3812 ἐκεῖ
3067 3758 3260 3828 δεσμὰ,
3292 3759 3388 3811 καὶ
3412 3759 3652 3814 ἐνταῦθα
3676 3761 3757 3817 δε-

2161 3844 2301 3916 σμά·
2348 3843 2444 3896 καὶ
2481 3844 2598 3896 ἐκεῖ
2620 3841 2823 3906 δίωξις,
2853 3841 2946 3894 καὶ
2987 3839 3220 3894 ἐνταῦθα
3245 3841 3426 3906 δίωξις
3446 3859 3462 3872 ⁸
3511 3843 3611 3895 καὶ
3639 3844 3757 3896 ἐκεῖ

2159 3930 2428 4000 πήρωσις,
2464 3928 2558 3980 καὶ
2582 3926 2812 3980 ἐνταῦθα
2847 3928 3126 3999 πήρωσις·
3175 3927 3272 3980 καὶ
3302 3928 3419 3980 ἐκεῖ
3443 3929 3626 3998 φωνὴ,
3657 3929 3751 3982 καὶ

2161 4010 2394 4066 ἐνταῦθα
2422 4011 2572 4081 φωνή
2593 4024 2608 4039 ⁸
2639 4010 2733 4062 καὶ
2754 4010 2918 4080 ὁμοία
2944 4010 3044 4080 τῆς
3074 4009 3166 4064 τοῦ
3197 4010 3434 4080 Χριστοῦ
3465 4011 3753 4081 δυνάμεως

2159 4098 2194 4167 ἡ
2225 4094 2466 4162 ἔνδειξις,
2494 4095 2655 4164 ὃμοια
2676 4093 2744 4146 τὰ
2775 4093 3065 4164 φάρμακα,
3087 4093 3200 4146 ἀλλ’
3227 4094 3326 4163 οὐχ
3357 4094 3524 4164 ὁμοία
3548 4096 3583 4166 ὴ
3615 4095 3753 4166 διόρ-

2159 4181 2356 4244 θωσις·
2411 4181 2460 4232 οί
2503 4179 2610 4249 γάρ
2664 4177 2962 4248 κάμνοντες
3013 4177 3214 4248 πολλὴν
3260 4174 3404 4246 εἶχον
3461 4177 3750 4249 διαφοράν.

2156 4265 2222 4318 Τί
2254 4264 2364 4336 γάρ
2394 4261 2874 4332 άναισθητότερον,
2922 4262 2974 4314 τί
3001 4261 3058 4313 δὲ
3091 4260 3574 4331 ἀγνωμονέστερον
3609 4263 3750 4314 ἐκείο

2156 4367 2264 4404 νων
2286 4365 2300 4414 ;
2333 4350 2566 4402 Ἐπεσον
2587 4343 2781 4408 ὀπίσω,
2805 4346 2898 4398 καὶ
2925 4345 3088 4398 πάλιν
3110 4344 3436 4415 ἀνέστησαν,
3465 4345 3566 4396 καὶ
3592 4345 3754 4398 πάλιν

2155 4432 2430 4486 ἐπέθεντο.
2455 4427 2603 4502 Ἀρα
2642 4429 2750 4482 τῶν
2784 4429 2945 4482 λίθων
2979 4430 3079 4481 οὐκ
3104 4424 3242 4498 ἦσαν
3268 4427 3751 4499 ἀναισθητότεροις

2155 4516 2266 4569 Kal
2285 4515 2372 4568 ἵνα
2391 4513 2655 4583 μάθωσιν,
2675 4514 2757 4566 ὅτι
2780 4506 2932 4574 οὗτός
2961 4513 3108 4563 ἐστιν
3136 4512 3164 4564 6
3188 4510 3357 4564 εἰπὼν
3373 4511 3584 4576 αὐτοῖς,
3618 4514 3754 4565 Τίνα

2155 4595 2513 4668 ζητεῖτε;καὶ
2541 4596 2704 4668 ῥίψας
2729 4595 2903 4648 ὀπίσω
2932 4594 3150 4657 αὐτοὺς,
3175 4594 3320 4661 λέγει
3353 4595 3542 4656 αὐτοῖς
3565 4593 3750 4660 πάλιν,

2157 4680 2305 4754 [127]
2328 4681 2417 4734 ὅτε
2433 4681 2757 4750 ἀνέστησαν,
2782 4680 2920 4732 Τίνα
2946 4676 3165 4746 ᾥῖτεῖτε
3182 4693 3201 4739 ;
3219 4679 3309 4730 καὶ
3332 4676 3588 4743 λέγουσιν
3604 4715 3621 4741 ,
3653 4677 3753 4745 Ἰη-

2153 4766 2311 4820 σοῦν
2325 4783 2338 4794 ⁸
2355 4765 2504 4834 λέγει
2525 4765 2728 4829 αὐτοῖς,
2753 4758 2945 4817 Εἶπον
2963 4761 3123 4831 ὑμῖν,
3143 4761 3176 4812 ὅ
3183 4779 3231 4812 τι
3248 4759 3360 4830 ἐγώ
3381 4762 3501 4828 εἰμι
3516 4778 3531 4791 ⁸
3559 4777 3746 4830 μονον-

2153 4851 2275 4920 ουχὶ
2297 4848 2726 4918 λέγων.Μάθετε
2754 4848 2834 4901 δτι
2867 4848 2959 4900 καὶ
2985 4848 3013 4899 6
3040 4845 3146 4916 πρὸ
3167 4844 3355 4897 τούτου
3388 4843 3584 4909 εἰπὼν,
3614 4847 3750 4899 Τίνα

2155 4932 2412 5000 ζητεῖτε;
2442 4932 2534 4985 καὶ
2555 4931 2713 5002 ῥίψας
2748 4931 2913 5000 ὑμᾶς,
2943 4928 3054 4997 ἐγώ
3081 4929 3216 4998 εἰμι.
3249 4927 3389 4980 Ἀλλ’
3406 4927 3562 4981 οὐδὲν
3589 4927 3750 4982 πλέον

2155 5019 2218 5069 ἐκ
2233 5017 2425 5070 τούτου
2455 5015 2692 5084 ἐγένετο,
2716 5014 2830 5066 ἀλλ’
2852 5014 3074 5084 ἔμειναν
3102 5013 3192 5063 ἐπὶ
3222 5011 3322 5078 τῆς
3344 5010 3528 5063 αὐτῶν

2156 5099 2481 5164 σεως.Ταῦτ’
2495 5095 2587 5152 οὖν
2603 5097 2819 5151 ἅπαντα
2831 5099 2894 5150 ἐκ
2912 5095 3256 5167 παραλλήλου
3276 5093 3474 5165 συγκρί
3489 5113 3608 5158 νων,
3627 5095 3748 5163 μάν-

2155 5181 2279 5235 θανε
2307 5181 2569 5252 ἀκριϐῶς,
2602 5179 2896 5254 ὅτιούκινέξ
2923 5179 3169 5248 ἀνάγκης
3201 5177 3472 5249 προσῆλθε
3511 5176 3744 5240 Παῦλος,

2153 5265 2268 5319 ἀλλ’
2305 5266 2416 5320 ἀπὸ
2448 5265 2626 5335 ψυχῆς
2658 5261 3000 5335 εὐγνώμονος
3033 5262 3128 5316 καὶ
3155 5262 3454 5316 ἀδεκάστου
3499 5260 3741 5314 συνειδόο

2153 5364 2263 5410 10;.
3380 5378 3389 5387 -

2224 5459 2300 5525 ς’.
2334 5460 2396 5511 Εἰ
2425 5459 2480 5512 δὲ
2503 5460 2819 5530 καρτερεῖτε
2849 5459 2942 5511 καὶ
2970 5458 3294 5528 ὑπομένετε,
3319 5457 3512 5528 ἕτερον
3528 5459 3744 5528 ἐγγύτε-

2157 5566 2247 5618 ρον
2269 5547 2460 5601 τούτου
2487 5547 2632 5615 λέγω
2665 5547 2846 5611 πάλιν,
2893 5547 3287 5618 ἀναντίρρητον
3312 5546 3436 5616 ἕχον
3465 5544 3738 5610 ἀπόδειξιν

2153 5633 2246 5688 τοῦ
2278 5633 2356 5705 μὴ
2382 5633 2502 5687 κατ’
2529 5633 2776 5704 ἀνάγκην
2810 5633 2899 5686 τὸν
2928 5631 3140 5686 Παῦλον
3176 5629 3638 5702 προσεληλυθέναι
3664 5623 3737 5696 τῷ
