3964 6342
114 380 192 436 ill
777 375 867 431 DE
906 344 1246 432 scamnis
1282 370 1695 432 REPREHENS

110 510 211 549 cum
234 492 439 547 nullum
463 504 599 561 opus
630 491 828 546 bonum
875 504 1039 560 penes
1067 505 1127 545 se
1157 488 1414 556 haberet,
1442 494 1498 542 et
1526 486 1685 541 illane

114 585 521 656 persequutionis
549 583 651 639 sibi
673 583 919 639 conscius
954 591 1131 649 esset,
1163 581 1289 636 dum
1321 581 1466 635 illam
1502 594 1687 634 vocem

108 676 331 732 audiret?

165 768 212 824 5.
254 765 516 821 Probatur
556 765 785 820 Paulum
824 766 976 820 libere
1000 765 1289 832 accessisse,
1321 781 1423 819 non
1468 768 1689 819 necessi-

108 870 305 914 tate—
336 855 533 913 Verum
580 858 861 928 insurgunt
891 867 1077 912 contra
1125 872 1222 913 nos
1264 855 1481 927 quidam
1530 874 1546 912 :
1592 872 1689 912 vos

107 960 260 1005 autem
293 966 361 1004 ne
389 946 776 1020 defatigcmini,
802 957 1090 1019 appetente
1119 948 1242 1003 licet
1267 962 1490 1019 vespera
1520 964 1534 1003 :
1565 963 1688 1002 nam

110 1055 189 1109 pro
224 1038 394 1095 Paulo
437 1035 727 1110 loquimur,
769 1055 867 1109 pro
897 1040 1094 1104 Paulo,
1131 1040 1220 1111 qui
1260 1056 1356 1110 per
1401 1039 1690 1094 triennium

110 1143 249 1186 nocte
275 1131 472 1201 dieque
500 1131 790 1202 discipulos
811 1132 1023 1193 docuit.,
1046 1128 1330 1203 lnsurgunt
1376 1132 1554 1201 itaque
1579 1133 1689 1203 jam

110 1222 375 1277 adversum
405 1237 505 1278 nos
544 1223 744 1293 aliqui,
791 1233 847 1278 et
874 1223 1063 1278 dicunt
1111 1241 1125 1277 :
1165 1224 1367 1295 Ecquid
1408 1225 1601 1279 mirum
1644 1224 1688 1278 si

111 1313 281 1368 Paulus
311 1312 638 1369 accesserit?
663 1330 783 1370 cum
832 1315 975 1370 Deus
1003 1331 1188 1371 vocem
1218 1316 1363 1370 illam
1411 1317 1564 1386 quasi
1604 1315 1687 1371 fu-

111 1422 216 1460 nom
240 1404 306 1460 ad
328 1406 529 1461 collum
557 1406 675 1477 ejus
696 1408 968 1478 injecerit,
1002 1419 1056 1462 et
1101 1408 1179 1463 sic
1204 1404 1353 1462 illum
1382 1408 1447 1462 ad
1474 1422 1534 1462 se
1579 1417 1689 1462 tra-

110 1498 249 1551 xerit.
280 1497 537 1552 Animum
567 1496 851 1569 diligenter
887 1498 1158 1554 adhibete.
1200 1498 1411 1554 Etenim
1442 1499 1558 1554 haec
1606 1514 1696 1554 ar-

110 1589 291 1659 gutatio
314 1590 474 1646 nobis
491 1591 794 1646 communis
819 1603 899 1647 est
918 1608 1042 1647 cum
1068 1592 1351 1663 gentilibus
1376 1600 1432 1647 et
1457 1607 1578 1648 cum
1599 1591 1694 1648 Ju-

107 1683 242 1751 dzcis,
281 1684 375 1754 qui
407 1683 796 1739 incredulitatis
819 1698 931 1739 sua:
959 1694 1323 1756 tegumentum
1352 1685 1404 1740 id
1438 1701 1559 1742 esse
1586 1701 1689 1757 pu-

110 1787 242 1843 tant,
275 1779 321 1833 si
350 1777 527 1833 virum
548 1777 753 1849 justum
786 1779 1063 1844 incusent,
1099 1778 1266 1849 ignari
1308 1793 1366 1833 se
1409 1777 1693 1849 dupliciter

108 1886 335 1941 peccare,
359 1881 417 1926 et
434 1872 577 1942 quod
595 1886 836 1927 errorem
855 1887 1006 1926 suum
1031 1886 1136 1925 non
1156 1870 1448 1942 deponant,
1470 1880 1523 1927 et
1550 1870 1692 1942 quod

106 1975 333 2018 sanctum
349 1965 443 2020 Dei
457 1964 718 2034 ejusmodi
733 1964 1193 2020 criminationibus
1210 1964 1693 2034 impetant.Verum

105 2071 194 2111 nos
208 2057 298 2111 Dei
315 2057 488 2127 gratia
511 2057 645 2121 fulti,
660 2057 776 2127 ejus
790 2057 1156 2114 defensionem
1175 2059 1546 2129 suscipiemus.
1567 2060 1696 2125 Qua:

107 2150 254 2218 igitur
272 2150 547 2205 accusatio
573 2151 696 2205 est?
728 2149 811 2217 \‘i,
832 2150 1097 2220 inquiunt,
1122 2150 1266 2204 illum
1288 2150 1508 2205 attraxit
1528 2151 1691 2206 Deus.

104 2242 207 2307 Qua
235 2244 327 2311 vi,
349 2244 425 2297 mi
455 2242 652 2297 homo?
673 2242 921 2312 Superne
950 2242 1163 2298 vocavit
1192 2257 1335 2297 eum.
1363 2242 1553 2297 Credis
1575 2257 1695 2297 om-

107 2335 223 2387 nino
267 2332 415 2403 quod
444 2350 568 2388 eum
600 2349 831 2404 superne
859 2333 1172 2389 vocaverit?
1216 2334 1374 2404 Atqui
1408 2344 1459 2388 te
1485 2349 1697 2404 quoque

108 2426 259 2481 hodie
283 2437 446 2481 vocat
471 2442 567 2496 per
595 2426 737 2481 illam
780 2442 1001 2490 vocem,
1044 2436 1099 2482 et
1127 2436 1182 2481 tu
1225 2442 1333 2481 non
1362 2425 1697 2496 obsequeris.

110 2517 287 2572 \‘iilen’
310 2533 418 2572 non
460 2517 628 2572 fuisse
655 2517 781 2572 illud
811 2517 1189 2573 necessitatis?
1217 2517 1350 2571 Nam
1378 2517 1422 2571 si
1464 2515 1702 2571 necessi-

110 2610 220 2663 tatis
248 2608 476 2676 fuisset,
506 2625 643 2679 opus
691 2619 807 2665 erat
837 2620 897 2664 ut
918 2618 973 2665 et
1006 2620 1062 2664 tu
1089 2609 1358 2665 obcdires.
1386 2609 1537 2678 Quod
1567 2610 1609 2663 si
1643 2619 1697 2664 tu

109 2716 204 2752 non
230 2701 456 2756 obedias
474 2742 490 2767 ,
517 2701 693 2771 palam
718 2712 800 2757 est
821 2717 944 2757 eum
971 2717 1035 2757 ex
1066 2702 1344 2757 voluntate
1375 2702 1696 2757 obedivissc.

109 2790 170 2844 lit
197 2802 253 2845 ut
281 2790 506 2847 discatis
531 2791 870 2848 vocationem
909 2793 1132 2847 multum
1176 2792 1243 2847 ad
1283 2792 1433 2847 Pauli
1471 2792 1698 2848 salutem

105 2883 431 2949 contulisse,
490 2882 940 2953 quemadmodum
980 2893 1035 2938 et
1062 2883 1129 2938 ad
1172 2884 1402 2938 aliorum
1455 2883 1694 2937 omnium

107 2974 379 3029 hominum
400 3016 416 3041 ,
439 2990 543 3030 nec
568 2987 745 3031 tamen
771 2976 917 3030 illum
949 2976 1104 3030 bonis
1129 2976 1381 3046 Operibns
1400 3019 1415 3044 ,
1443 2985 1497 3030 et
1527 2975 1697 3030 laudi-

101 3066 217 3131 bus,
250 3083 374 3135 qua:
409 3068 601 3123 merito
628 3068 919 3123 voluntatis
953 3069 1320 3138 acquiruntur,
1356 3084 1583 3125 vacuum
1611 3085 1700 3125 rc-

104 3158 352 3228 liquisse,
381 3176 559 3231 neque
589 3161 815 3216 liberum
857 3160 976 3230 ejus
1004 3160 1285 3216 arbitrium
1316 3161 1698 3228 labefactasse,

101 3250 191 3305 sed
217 3250 481 3306 libentem
511 3267 630 3307 eum
664 3252 878 3321 proprio
904 3252 1060 3307 bonae
1103 3253 1391 3307 voluntatis
1432 3261 1578 3307 motu
1612 3268 1704 3307 ac-

100 3343 333 3399 cessisse
367 3362 382 3397 :
414 3345 521 3399 alio
549 3346 798 3414 exemplo
825 3345 876 3399 id
904 3346 1121 3415 planum
1157 3344 1371 3400 faciam.
1402 3346 1704 3401 Audierunt

97 3435 267 3491 ,ιυόωί
296 3452 489 3491 vocem
519 3451 750 3507 superne
780 3436 1086 3507 loquentem
1108 3477 1123 3503 ,
1156 3453 1262 3491 non
1293 3437 1411 3491 Filii
1437 3480 1451 3503 ,
1481 3438 1574 3493 sed
1604 3437 1704 3492 Pa-

100 3527 196 3581 tris
222 3528 291 3582 de
322 3528 544 3582 Christo
565 3528 835 3599 loquentis
856 3528 921 3582 ad
958 3527 1205 3582 Jordanis
1232 3528 1429 3583 fluenta
1456 3569 1469 3595 ,
1503 3527 1602 3581 llic
1631 3537 1704 3582 cst

107 3616 703 3685 Filiusmeusdilectus;
739 3620 892 3672 atilli
946 3619 1160 3687 dicunt,
1215 3619 1314 3673 llic
1356 3630 1429 3674 est
1470 3620 1704 3674 seductor

98 3710 185 3762 ille
209 3710 438 3781 (Matth.
461 3712 514 3765 5.
558 3712 647 3765 l7.
680 3722 726 3765 et
750 3710 841 3764 ‘27.
872 3713 985 3780 b5).
1012 3712 1197 3768 Viden’
1226 3713 1570 3767 manifestum
1598 3712 1706 3766 bel-

98 3802 251 3857 lum?
281 3804 464 3858 vidcn‘
500 3815 740 3874 apertam
792 3806 1065 3876 pugnam?
1099 3806 1275 3861 vidcn'
1306 3807 1500 3877 ubique
1548 3817 1706 3878 grato

98 3904 150 3948 et
202 3895 482 3951 benevolo
533 3896 713 3952 animo
755 3913 876 3953 esse
923 3899 1407 3969 Opits,animaque
1450 3901 1702 3967 sincera,

96 4001 278 4057 neque
306 3987 505 4043 affectu
547 3990 951 4059 prmoccupata?
976 3991 1115 4045 Ecce
1140 3999 1195 4045 et
1220 3991 1327 4046 illic
1358 4009 1458 4046 vox
1481 4033 1495 4057 ,
1538 4003 1592 4047 et
1621 3993 1707 4048 hic

96 4095 197 4133 vox
238 4098 253 4134 :
300 4079 402 4135 sed
444 4080 533 4135 ille
562 4081 985 4152 obtemperabat,
1020 4084 1073 4137 hi
1102 4072 1489 4155 repugnabant.
1522 4086 1706 4157 Neque

96 4183 313 4228 tantum
354 4189 461 4228 vox
487 4176 720 4240 auditur,
752 4176 847 4229 sed
880 4177 1110 4245 Spiritus
1158 4177 1209 4231 in
1237 4179 1500 4234 columba:
1526 4181 1707 4250 specie

97 4265 334 4319 videtur.
368 4266 503 4320 Cum
536 4266 677 4320 enim
707 4266 938 4323 Joannes
960 4269 1286 4339 baptizarct,
1315 4269 1560 4325 Christus
1581 4286 1708 4325 vero

96 4358 493 4428 baptizaretur,
526 4375 596 4414 ne
622 4361 907 4415 humanam
934 4362 1152 4431 figuram
1177 4371 1501 4431 spectantes,
1536 4364 1708 4433 bapti-

96 4460 317 4506 zantem
363 4451 636 4520 baptizato
665 4454 1089 4522 praestantiorem
1127 4454 1530 4522 existimarent,
1564 4457 1709 4510 venit

94 4557 197 4595 vox
236 4558 365 4612 quae
387 4540 535 4595 hunc
570 4542 756 4597 abillo
785 4544 1158 4615 distingueret.
1193 4545 1259 4599 Et
1286 4547 1412 4615 quia
1442 4548 1705 4601 incertum

93 4648 216 4688 esse
232 4632 525 4688 videbatur
539 4633 609 4688 de
621 4649 850 4704 quonam
867 4649 967 4689 vox
986 4635 1072 4690 illa
1090 4637 1571 4706 loqueretur,venit
1586 4640 1707 4708 Spi-

95 4727 234 4779 ritus
268 4733 497 4780 sanctus
521 4725 574 4779 in
597 4726 776 4795 specie
802 4726 1066 4781 columba:
1085 4769 1101 4794 ,
1125 4729 1213 4798 qui
1241 4744 1425 4783 vocem
1450 4731 1500 4783 in
1547 4739 1708 4800 caput

90 4816 303 4870 Christi
346 4815 597 4872 duceret.
639 4818 888 4873 Attamen
934 4827 990 4874 et
1016 4835 1112 4889 per
1141 4836 1325 4876 vocem
1359 4823 1705 4891 praedicavit,

92 4918 145 4960 et
176 4922 285 4977 per
310 4908 572 4977 Spiritum
613 4910 884 4974 ostendit,
914 4911 1257 4983 Joanncsque
1300 4925 1483 4983 postea
1511 4917 1709 4970 clama-

89 5000 213 5063 bat,
274 4998 405 5052 Non
449 5016 563 5052 sum
587 4999 773 5070 dignus
794 5043 808 5064 ,
835 5004 922 5072 qui
958 5005 1229 5075 corrigiam
1256 5005 1448 5059 solvam
1503 5009 1705 5061 calcea-

93 5094 261 5147 menti
288 5093 405 5163 ejus
432 5093 587 5164 (Luc.
617 5096 669 5150 5.
701 5096 795 5167 16)
822 5114 834 5149 :
864 5097 1027 5152 multa
1069 5115 1283 5170 quoque
1324 5103 1423 5155 alia
1455 5113 1561 5157 tam
1591 5120 1711 5158 vcr-

86 5188 328 5251 bornm,
362 5202 525 5256 quam
554 5202 775 5257 operum
809 5191 1110 5246 teStimonia
1152 5206 1527 5261 accesserunt,
1560 5206 1614 5250 et
1639 5196 1707 5250 ad

86 5282 286 5333 omnia
304 5282 357 5334 in
381 5281 624 5335 caecitate
640 5295 986 5349 manserunt;
1010 5286 1115 5339 imo
1133 5286 1376 5341 viderunt
1395 5289 1594 5351 omnia,
1614 5290 1707 5343 sed

83 5387 284 5444 neque
300 5373 462 5428 dictis
484 5389 658 5444 neque
686 5374 837 5430 factis
862 5378 1158 5442 credidere,
1184 5379 1540 5449 prmjudicauc
1568 5381 1707 5451 vulgi

84 5465 381 5534 opinionis
424 5466 630 5521 insania
660 5468 897 5537 ipsorum
929 5481 1163 5526 mentem
1190 5484 1507 5541 occupante.
1555 5472 1709 5541 Quod

81 5559 264 5609 etiam
290 5556 623 5626 evangelista
652 5558 782 5613 dicit
810 5578 823 5612 :
866 5560 1064 5615 multos
1106 5578 1298 5632 nempe
1319 5562 1623 5618 .ludmorum
1656 5565 1707 5618 in

82 5652 253 5703 illum
286 5648 618 5717 credidisse;
650 5652 742 5707 sed
767 5662 913 5709 metu
944 5655 1241 5726 principum
1266 5658 1439 5727 ipsum
1463 5657 1709 5713 confiteri

80 5760 199 5796 mm
223 5762 256 5794 ιι
267 5757 398 5796 usos
411 5758 551 5809 esse,
571 5760 638 5799 ne
649 5760 676 5798 a
692 5760 961 5817 synagoga
977 5746 1296 5817 ejicerentur
1313 5748 1681 5821 (Joan.l2.42)
1693 5789 1709 5806 .

84 5834 217 5902 ipse
271 5848 407 5888 vero
451 5833 696 5893 Christus
739 5837 948 5893 diccbat
983 5857 994 5894 :
1044 5837 1310 5903 Quomodo
1346 5842 1552 5912 potestis
1596 5858 1707 5897 crc-

1704 412 1715 424 .
1760 369 1849 426 ET
1890 371 1979 428 DE
2007 373 2264 432 MUTAT.
2304 377 2637 435 NOMINUM.
2674 377 2762 433 111.

3277 378 3378 432 H2

1794 487 1942 552 dere,
1968 488 2055 558 qui
2078 488 2385 559 gloriam-ab
2409 491 2622 546 invicem
2646 491 2872 562 accipitis
2892 532 2907 558 ,
2940 502 2983 543 et
3011 490 3248 561 gloriam,
3273 505 3386 561 qua!

1792 594 1824 631 a
1852 579 1961 634 solo
1986 580 2095 635 Deo
2117 591 2210 648 est,
2238 598 2337 635 non
2358 582 2582 652 quan-itis
2610 581 2787 654 (Joan.
2816 582 2869 637 5.
2895 579 3025 653 44)?
3057 581 3250 636 Verum
3273 595 3380 634 non

1793 671 1864 725 ita
1906 671 2137 739 Paulus;
2185 671 2279 727 sed
2302 687 2405 727 una
2438 673 2611 727 solum
2636 672 2814 727 audita
2864 686 2995 727 voce
3023 671 3170 742 ejus,
3220 686 3381 740 quem

1795 764 1884 819 ille
1914 765 2351 835 persequebatur,
2393 767 2571 821 statim
2615 765 2866 832 accurrit,
2910 766 3089 821 statim
3118 764 3379 831 obedivit,

1796 864 1851 911 et
1896 872 2138 927 magnam
2173 868 2279 925 pra:
2306 872 2364 912 se
2392 857 2512 912 tulit
2540 858 2965 912 conversionem.
3004 856 3156 923 Quod
3198 856 3244 910 si
3295 854 3382 910 di-

1794 958 2003 1002 ctorum
2046 948 2347 1017 prolixitate
2395 964 2501 1004 non
2525 947 2922 1019 defatigemini,
2963 948 3031 1002 ad
3078 945 3220 1001 aliud
3257 962 3385 1018 pro-

1796 1042 2048 1112 pinquius
2084 1042 2390 1113 exemplum
2419 1056 2670 1113 propero.
2718 1040 2929 1097 Etenim
2974 1048 3028 1096 et
3070 1039 3262 1095 Filium
3296 1054 3385 1092 an-

1796 1136 2008 1192 dierunt
2027 1174 2045 1203 ,
2094 1145 2255 1206 atque
2284 1137 2355 1191 ita
2380 1135 2682 1202 audierunt,
2711 1144 2770 1189 ut
2794 1134 2993 1190 Paulus
3018 1133 3293 1199 audierat,
3331 1141 3387 1187 et

1796 1228 1954 1282 simili
1982 1227 2269 1282 audierunt
2296 1236 2555 1297 tempore,
2580 1235 2741 1297 atque
2774 1225 2992 1291 Paulus,
3016 1238 3188 1295 neque
3205 1231 3385 1278 tamen

1795 1322 1872 1375 sic
1894 1321 2256 1376 crediderunt.
2296 1320 2428 1375 Nam
2458 1320 2599 1374 sicut
2628 1318 2826 1374 Paulus
2848 1332 2970 1372 cum
2998 1316 3234 1382 fureret,
3262 1329 3384 1370 cum

1797 1413 2026 1470 ferocior
2052 1422 2223 1481 esset,
2266 1428 2386 1467 cum
2435 1412 2725 1482 discipulos
2778 1411 3146 1481 impugnaret,
3200 1422 3387 1462 vocem

1801 1506 2040 1573 audivit,
2085 1505 2156 1559 ita
2182 1512 2235 1559 et
2279 1502 2471 1559 Judrei.
2503 1502 2729 1559 Ubinam
2750 1543 2765 1567 ,
2797 1510 2852 1556 et
2880 1499 3131 1572 quando?
3178 1497 3390 1568 Egressi

1800 1607 1925 1653 sunt
1945 1606 2105 1652 noctu
2126 1612 2245 1651 cum
2273 1596 2476 1652 facibus
2501 1605 2556 1651 et
2581 1594 2917 1666 lampadibus
2942 1593 3008 1649 ad
3030 1591 3391 1663 comprehen-

1800 1690 2033 1746 dendum
2085 1690 2272 1756 illum;
2304 1689 2562 1761 putabant
2597 1689 2739 1744 enim
2769 1702 2830 1743 se
2875 1701 3082 1741 merum
3116 1684 3390 1739 hominem

1800 1783 2022 1839 adoriri.
2052 1783 2185 1838 Cum
2211 1782 2370 1852 igitur
2396 1795 2493 1836 eos
2516 1794 2669 1835 suam
2697 1779 2860 1833 vellet
2885 1778 3081 1833 docere
3111 1776 3390 1842 virtutem,

1800 1892 1965 1948 seque
1978 1876 2144 1931 Deum
2162 1889 2302 1942 esse,
2319 1875 2569 1944 ipsosque
2588 1882 2774 1928 contra
2801 1868 3071 1925 stimulum
3088 1868 3391 1933 calcitrare,

1801 1971 1932 2027 dicit
1949 1970 2051 2025 illis
2066 1969 2248 2036 ,Quent
2261 1968 2486 2039 quwritis
2505 1966 2683 2038 (Joan.
2700 1966 2784 2021 18.
2805 1964 2890 2035 4)?
2908 1962 3099 2019 Coram
3118 1976 3184 2017 eo
3200 1969 3255 2016 et
3269 1975 3395 2031 pro-

1800 2064 1943 2119 xime
1969 2062 2212 2129 stabant,
2242 2074 2415 2130 neque
2440 2059 2587 2115 illum
2619 2056 2906 2121 videbant;
2952 2068 3140 2110 verum
3172 2054 3216 2108 is
3236 2051 3351 2122 ipse
3374 2090 3392 2115 ,

1800 2157 1889 2228 qui
1918 2156 2275 2227 quaerebatur,
2321 2155 2466 2224 ipsos
2497 2168 2660 2209 manu
2688 2150 2962 2217 ducebat,
3005 2158 3063 2203 ut
3088 2163 3149 2203 se
3186 2144 3395 2201 inveni-

1803 2256 1922 2303 rent
1946 2289 1961 2315 ,
1992 2256 2051 2302 ut
2072 2246 2377 2301 ediscerent
2406 2245 2581 2314 ipsum
2608 2258 2714 2297 non
2739 2240 2962 2297 invitum
2992 2238 3059 2294 ad
3086 2235 3392 2308 patiendum

1804 2340 2016 2403 venire,
2046 2349 2133 2405 et,
2175 2339 2220 2392 si
2248 2339 2362 2407 ipse
2390 2351 2499 2391 non
2536 2335 2931 2397 concessisset,
2959 2344 3246 2399 numquam
3274 2327 3395 2382 illos

1805 2449 1919 2488 rem
1943 2431 2279 2502 perfecturos
2307 2429 2492 2483 fuisse.
2522 2426 2804 2495 Quomodo
2829 2425 2972 2480 enim
2993 2464 3008 2487 ,
3030 2437 3151 2477 cum
3180 2435 3281 2476 nec
3317 2420 3398 2473 in-

1806 2528 1990 2583 venire
2038 2526 2185 2581 illum
2244 2530 2499 2592 possent,
2552 2520 2660 2575 imo
2695 2533 2764 2573 ne
2792 2517 2977 2572 videre
3003 2512 3219 2586 quidem
3257 2526 3399 2582 pra:-

1805 2629 2011 2675 sentem
2032 2620 2054 2672 ?
2073 2617 2189 2673 Non
2214 2616 2373 2671 modo
2402 2624 2579 2669 autem
2608 2618 2928 2682 pra-sentem
2959 2606 3141 2662 videre
3168 2620 3276 2659 non
3296 2618 3397 2674 po-

1806 2720 2053 2777 tuerunt,
2105 2708 2201 2765 sed
2226 2722 2349 2763 cum
2398 2703 2690 2761 sciscitanti
2736 2699 3160 2772 responderent,
3197 2712 3266 2751 ne
3320 2693 3399 2750 sic

1804 2804 2015 2875 quidem
2035 2801 2275 2857 sciebant
2292 2841 2306 2865 ,
2337 2798 2582 2869 quisnam
2610 2806 2735 2849 tunc
2761 2806 2999 2863 pricsens
3024 2798 3167 2845 esset
3192 2806 3206 2843 :
3230 2802 3400 2856 usque

1806 2896 1941 2951 adeo
1968 2894 2151 2949 oculos
2190 2906 2373 2947 eorum
2400 2894 2784 2945 excrccaverat.
2827 2884 2937 2939 lmo
2966 2898 3035 2938 ne
3080 2881 3131 2935 id
3182 2878 3400 2950 quidem

1807 2996 2011 3041 tantum
2030 3027 2045 3052 ,
2068 2984 2162 3040 sed
2187 2984 2350 3038 etiam
2374 2996 2505 3036 voce
2528 2980 2647 3035 illos
2666 2978 2886 3048 supinos
2916 2974 3204 3046 prostravit
3234 2989 3247 3026 :
3274 2985 3398 3025 nam

1809 3091 1866 3134 ut
1899 3078 2073 3145 dixit,
2107 3077 2265 3143 Quem
2295 3072 2562 3144 quwritis?
2592 3071 2839 3125 abierunt
2890 3080 3079 3122 omnes
3104 3073 3400 3120 retrorsum

1807 3174 1875 3229 ab
1904 3174 2005 3227 hac
2032 3187 2161 3227 voce
2193 3169 2351 3240 pulsi.
2379 3163 2842 3235 Quemadmodum
2869 3160 3013 3216 enim
3038 3172 3141 3213 vox
3177 3155 3400 3211 Paulum

1808 3266 2007 3336 dejecit
2038 3273 2094 3319 et
2120 3262 2474 3332 resupinavit,
2501 3260 2578 3313 sic
2605 3268 2657 3312 et
2682 3271 2785 3310 vox
2812 3254 2933 3309 illos
2955 3266 3142 3308 omnes
3163 3256 3406 3320 prostra-

1808 3362 1884 3416 vit
1913 3360 2132 3430 supinos
2156 3374 2170 3423 ;
2203 3364 2259 3412 et
2285 3350 2737 3426 quemadmodum
2767 3348 2857 3403 ille
2883 3363 2988 3401 non
3017 3344 3232 3399 videbat
3254 3356 3402 3406 cum,

1809 3466 1968 3520 quem
2010 3447 2457 3520 persequebatur,
2488 3445 2559 3499 ita
2598 3451 2653 3499 et
2699 3442 2773 3496 illi
2814 3455 2919 3495 non
2946 3437 3200 3492 videbant
3240 3449 3403 3500 cum,

1809 3558 1969 3613 quem
2019 3540 2332 3612 quaerebant
2377 3555 2393 3605 ;
2447 3535 2585 3591 sicut
2633 3534 2724 3588 ille
2786 3542 3029 3600 tempore
3084 3526 3279 3583 furoris
3322 3525 3407 3580 sui

1810 3642 2109 3690 cxcaacatus
2148 3639 2267 3698 est,
2308 3630 2379 3684 ita
2419 3636 2474 3682 et
2511 3627 2586 3680 illi
2626 3635 2868 3694 tempore
2906 3619 3106 3675 furoris
3163 3618 3243 3672 sui
3282 3626 3411 3670 sunt

1812 3723 2086 3780 exetccati.
2120 3720 2332 3777 Etenim
2363 3720 2453 3773 ille
2479 3733 2602 3783 cum
2652 3716 2754 3769 iret
2798 3713 3033 3767 vinctum
3080 3708 3407 3778 discipulos,

1813 3827 1867 3871 et
1896 3815 1954 3870 hi
1976 3830 2098 3869 cum
2126 3813 2336 3867 exirent
2379 3810 2650 3879 alligatum
2701 3804 2972 3861 Christum
2998 3843 3013 3868 ,
3046 3800 3233 3856 eadem
3265 3797 3429 3868 passi

1813 3920 1958 3965 sunt.
1989 3908 2100 3964 Illic
2124 3906 2336 3962 vincula
2358 3947 2373 3973 ,
2417 3913 2471 3960 et
2498 3902 2585 3957 hic
2630 3914 2843 3971 quoque
2871 3896 3117 3959 vincula;
3153 3894 3260 3948 illic
3287 3908 3408 3962 pcr-

1813 4001 2057 4075 sequutio
2077 4044 2091 4068 ,
2120 3999 2209 4054 hic
2237 3999 2405 4070 etiam.
2456 3993 2832 4064 persequutio,
2892 3991 3000 4044 illic
3027 3988 3239 4043 caecitas
3259 4028 3275 4052 ,
3320 3984 3407 4039 hic

1815 4098 1942 4153 item
1970 4094 2214 4158 cmcitas;
2247 4090 2357 4145 illic
2386 4104 2510 4150 vox,
2536 4086 2621 4140 hic
2641 4099 2853 4155 quoque
2879 4098 2982 4137 vox
3017 4098 3030 4137 ε
3055 4079 3245 4134 similis
3268 4087 3413 4131 utro-

1814 4187 1973 4258 bique
2000 4185 2195 4241 Christi
2229 4181 2480 4252 potentia:
2524 4176 2946 4239 demonstratio,
2987 4173 3181 4229 similia
3224 4185 3407 4226 reme-

1814 4281 1948 4335 dia:
2006 4288 2064 4332 at
2102 4292 2207 4330 non
2259 4274 2449 4329 similis
2499 4270 2845 4333 emendatio;
2903 4268 3045 4322 inter
3085 4272 3409 4335 argrotantcs

1814 4372 1956 4427 enim
1984 4384 2233 4439 magnum
2267 4366 2575 4421 discrimen.
2608 4362 2744 4429 Quid
2772 4361 2913 4415 enim
2944 4358 3239 4429 stupidius,
3280 4355 3407 4426 quid

1815 4465 2074 4536 ingratius
2109 4461 2247 4515 illis?
2274 4458 2599 4514 Ceciderunt
2633 4464 2927 4511 retrorsum
2951 4494 2965 4519 ,
2997 4463 3052 4508 et
3081 4466 3264 4506 rursus
3289 4448 3411 4505 sur-

1814 4566 2102 4621 rexerunt,
2149 4569 2335 4609 rursus
2378 4553 2713 4606 invaserunt.
2743 4551 2934 4604 Annon
2978 4546 3108 4616 ipsis
3146 4544 3409 4613 lapidibus

1817 4646 2239 4704 insensibiliores
2269 4643 2462 4698 erant?
2492 4642 2560 4697 Ut
2583 4656 2713 4695 vero
2737 4640 3006 4694 discerent
3052 4636 3191 4690 hunc
3234 4635 3408 4704 ipsum

1816 4758 1966 4809 esse,
2010 4741 2100 4812 qui
2130 4740 2340 4795 dixerat
2367 4738 2504 4804 illis,
2548 4734 2711 4801 Quem
2737 4732 2997 4805 quarritis?
3041 4729 3267 4798 illosque
3318 4741 3408 4780 re-

1818 4847 2051 4893 trorsum
2078 4842 2439 4905 prostraverat
2464 4850 2476 4886 :
2497 4845 2615 4885 cum
2639 4828 3031 4891 surrexissent,
3063 4823 3255 4877 iterum
3280 4818 3409 4871 dicit

1818 4931 1923 4984 illis
1946 4971 1960 4996 ,
1993 4927 2153 4994 Quem
2186 4922 2456 4995 quwritis?
2511 4917 2854 4990 Respondent
2879 4917 2983 4979 illi,
3032 4913 3230 4968 Iesum.
3271 4910 3409 4965 Tum

1819 5022 1909 5076 ille
1941 5040 1952 5072 :
1982 5018 2105 5073 Dixi
2126 5018 2262 5071 vobis
2282 5059 2295 5081 ,
2324 5019 2440 5085 quia
2461 5030 2554 5084 ego
2584 5029 2692 5066 sum
2718 5010 2897 5081 (Joan.
2924 5007 3011 5063 l8.
3044 5005 3098 5078 G)
3121 5023 3135 5072 ;
3159 5020 3222 5059 ac
3252 5003 3295 5058 si
3324 5002 3408 5055 di-

1817 5119 1964 5169 ceret
1996 5130 2009 5166 :
2059 5110 2256 5165 Discite
2285 5124 2371 5162 me
2420 5123 2540 5161 eum
2576 5105 2748 5173 ipsum
2781 5117 2900 5157 esse
2922 5142 2935 5163 ,
2966 5099 3055 5170 qui
3100 5107 3255 5152 antea
3302 5094 3411 5149 dixi

1818 5202 2000 5268 vobis,
2041 5199 2203 5265 Quem
2232 5197 2497 5267 quwritis?
2540 5208 2742 5264 vosque
2769 5190 3054 5262 prostravi.
3096 5187 3295 5242 Verum
3327 5186 3412 5238 ni-

1821 5294 1894 5348 hil
1927 5293 2028 5347 hoc
2079 5290 2310 5361 profuit,
2362 5288 2455 5343 sed
2512 5287 2564 5341 in
2610 5286 2850 5341 excitate
2897 5287 3226 5335 manserunt.
3286 5275 3414 5330 llzec

1819 5388 1997 5440 omnia
2047 5384 2206 5438 simul
2254 5392 2307 5437 et
2344 5392 2593 5436 accurate
2642 5376 2955 5439 conferens,
2998 5372 3144 5427 disce
3188 5367 3409 5424 Paulum

1821 5494 1926 5531 non
1966 5492 2031 5531 ex
2086 5475 2403 5530 necessitate
2441 5471 2768 5535 accessisse,
2813 5466 2910 5522 sed
2939 5482 3003 5521 ex
3047 5465 3190 5519 bono
3230 5462 3411 5515 animo

1821 5572 2138 5639 sinceraque
2164 5566 2515 5622 conscientia.

1893 5663 1947 5715 6.
1999 5661 2113 5714 Alio
2161 5663 2389 5730 exemplo
2438 5655 2678 5726 probatur
2706 5652 2929 5707 Paulum
2970 5650 3121 5703 libere
3147 5646 3214 5699 ad
3259 5643 3412 5711 ﬁdem

1819 5755 2107 5807 accessisse.
2139 5751 2275 5805 Deus
2305 5766 2403 5803 non
2431 5749 2529 5802 vim
2556 5747 2708 5817 infert
2746 5744 3046 5804 uolentibus,
3081 5737 3170 5793 sed
3197 5736 3411 5790 colentes

1822 5845 1994 5901 trahit.
2023 5874 2091 5885 ι-
2120 5842 2269 5911 Quod
2300 5843 2344 5899 si
2391 5842 2442 5898 id
2490 5840 2670 5898 feratis
2718 5828 3083 5910 patienter-que
3132 5829 3370 5888 toleratis
3393 5869 3409 5894 ,
