3964 6342
535 417 635 470 M3

527 527 671 583 aliud
717 526 873 598 longe
913 525 1266 597 opportunius
1311 525 1508 589 dicam,
1553 541 1662 596 quo
1711 525 2121 582 ineluctabiliter

530 621 929 678 demonstratur
947 621 1167 676 Paulum
1196 636 1301 676 non
1323 637 1388 675 ex
1412 623 1730 676 necessitate
1749 620 1814 675 ad
1837 621 2119 676 Dominum

530 711 842 767 accessisse.
888 710 1049 765 Venit
1091 719 1276 780 postea
1317 710 1514 766 Paulus
1556 711 1880 766 Salaminem
1919 710 2080 782 Cypri
2104 751 2120 775 ,

535 802 713 871 ibique
759 801 961 857 invenit
1007 817 1220 872 magum
1263 801 1547 872 quemdam
1613 800 1715 856 sibi
1771 802 2122 856 obsistentem

533 897 677 966 apud
720 896 1097 968 proconsulem
1147 896 1414 966 Sergium.
1466 896 1662 952 Paulus
1717 911 1847 951 vero
1891 899 2126 967 repletus

535 989 734 1060 Spiritu
761 997 947 1044 sancto
975 989 1116 1043 dixit
1155 989 1227 1043 illi
1264 1007 1278 1045 :
1306 987 1352 1043 0
1383 989 1528 1059 plene
1555 989 1692 1043 omni
1733 989 1878 1055 dolo,
1903 998 1950 1044 et
1991 989 2132 1043 omni

541 1083 776 1144 versutia,
805 1082 883 1151 ﬁli
902 1081 1112 1149 diaboli,
1136 1098 1238 1136 non
1273 1081 1470 1137 desines
1491 1092 1768 1152 pervertere
1791 1082 1897 1136 uias
1922 1080 2131 1136 Domini

542 1184 704 1228 rectas
735 1173 872 1241 (Act.
904 1175 990 1230 15.
1026 1173 1160 1244 10)?
1190 1173 1314 1228 Haac
1353 1175 1752 1244 persequutoris
1780 1174 1942 1228 verba
1985 1183 2130 1228 sunt.

543 1266 778 1322 Gloriam
812 1266 1038 1321 Domino
1062 1267 1374 1330 referamus,
1398 1268 1486 1338 qui
1518 1268 1688 1338 ipsum
1707 1267 1989 1322 convertit.
2018 1269 2132 1322 An-

549 1368 630 1411 tea
677 1359 994 1422 audiebatis,
1043 1359 1184 1429 quod
1227 1358 1532 1414 devastaret
1579 1358 1911 1426 Ecclesiam,
1942 1357 1995 1413 in
2039 1358 2138 1413 do-

550 1465 669 1504 mos
699 1451 1020 1520 ingrediens,
1051 1452 1373 1522 trahensque
1398 1452 1540 1506 viros
1561 1466 1625 1506 ac
1651 1452 1900 1508 mulieres
1926 1452 2139 1522 abripe-

551 1555 632 1599 ret
658 1544 710 1598 in
742 1557 1033 1598 carcerem.
1067 1543 1254 1598 Videte
1279 1554 1472 1613 quanta
1502 1559 1624 1599 cum
1657 1543 1844 1598 liducia
1873 1558 2013 1599 nunc
2044 1558 2139 1612 pro

554 1635 932 1703 pra-dicatione
975 1634 1221 1705 loquatur
1249 1651 1262 1687 :
1294 1633 1414 1689 Non
1461 1635 1675 1700 desines,
1709 1636 1905 1705 inqttit,
1936 1651 2139 1706 perver-

555 1737 657 1780 tere
684 1727 790 1780 uias
816 1725 1026 1780 Domini
1051 1728 1259 1782 rectas?
1306 1727 1372 1782 Et
1411 1744 1544 1782 nunc
1581 1744 1692 1781 ecce
1730 1744 1909 1782 manus
1936 1727 2143 1782 Domini

553 1834 705 1881 super
729 1827 776 1871 te
801 1835 820 1872 :
849 1827 894 1871 et
918 1818 1016 1873 crit
1041 1835 1225 1885 ca'cus,
1251 1829 1298 1873 et
1326 1837 1426 1874 non
1455 1820 1627 1874 uidens
1653 1835 1808 1887 usque
1833 1819 1902 1872 ad
1925 1829 2140 1888 tempus.

555 1908 698 1964 Idem
726 1909 1018 1966 remedium
1048 1926 1204 1979 mago
1247 1911 1519 1980 imposuit,
1549 1910 1688 1980 quod
1713 1909 1813 1964 sibi
1845 1910 1943 1980 ipsi
1972 1911 2144 1965 visum

557 2002 903 2068 restituerat;
937 2003 1032 2058 sed
1077 2002 1168 2058 ille
1216 2004 1408 2057 mansit
1456 2003 1506 2056 in
1554 2002 1794 2057 crreitate
1825 2019 1838 2056 :
1872 2010 1932 2056 ut
1973 2001 2148 2057 discas

559 2109 665 2148 non
693 2095 1028 2150 vocationem
1067 2093 1228 2149 modo
1256 2093 1479 2149 Paulum
1525 2093 1832 2157 adduxisse,
1864 2093 1958 2148 sed
1987 2095 2145 2148 ctiam

560 2185 678 2255 ejus
728 2185 1056 2256 propositum
1107 2186 1412 2240 voluntatis.
1459 2184 1591 2240 Nam
1638 2186 1681 2239 si
1707 2185 1918 2240 caecitas
1955 2187 2066 2240 sola
2096 2186 2148 2240 id

561 2277 849 2342 ell'ecisset,
875 2277 926 2330 in
946 2291 1100 2346 mago
1121 2278 1280 2332 etiam
1304 2275 1373 2330 idi
1383 2292 1532 2346 psum
1554 2276 1772 2331 evenire
1792 2277 2146 2347 oportuisset:

563 2368 657 2422 sed
687 2384 790 2422 non
820 2370 887 2422 ita
917 2367 1112 2424 factum
1141 2379 1244 2425 est.
1279 2369 1474 2423 Verum
1500 2369 1587 2423 ille
1616 2369 1828 2440 quidem
1854 2379 2152 2425 excaecatus

565 2470 666 2523 est,
700 2459 988 2530 proconsul
1028 2469 1206 2515 autem
1250 2460 1438 2515 videns
1466 2459 1540 2527 id,
1585 2459 1725 2530 quod
1759 2459 1953 2516 factum
1997 2470 2150 2529 erat,

565 2551 810 2608 credidit.
844 2553 990 2606 Alius
1020 2552 1313 2607 remedium
1353 2552 1580 2622 accepit,
1608 2562 1664 2608 et
1695 2552 1832 2606 alius
1856 2553 2028 2606 visum
2071 2569 2156 2606 re-

565 2644 857 2714 cuperavit.
889 2643 1076 2699 Videte
1119 2653 1372 2714 quantum
1419 2643 1616 2699 bonum
1657 2643 1723 2697 sit
1767 2642 1965 2712 probus
1992 2642 2154 2696 animi

567 2736 820 2800 affectus;
843 2744 1098 2806 quantum
1122 2750 1251 2790 vero
1267 2736 1464 2790 malum
1487 2735 1886 2806 inobsequentia
1907 2743 1962 2790 et
1980 2733 2158 2790 cordis

569 2828 813 2883 durities.
860 2827 1172 2882 Exczecatus
1201 2838 1283 2882 est
1311 2843 1493 2898 magus
1526 2845 1539 2880 :
1568 2836 1623 2882 et
1649 2827 1738 2882 ille
1763 2827 1894 2881 nihil
1926 2827 2160 2881 lucratus

571 2930 674 2987 est,
705 2919 846 2990 quod
877 2919 1237 2991 inobsequens
1282 2918 1480 2986 fuerit;
1527 2919 1809 2990 proconsul
1853 2933 1981 2973 vero
2009 2918 2161 2972 Chri-

573 3021 712 3066 stum
757 3014 1026 3082 cognovit.
1056 3012 1208 3080 Quod
1254 3012 1413 3080 igitur
1442 3021 1634 3080 sponte
1680 3019 1736 3066 et
1779 3027 1846 3066 ex
1888 3010 2163 3080 proposito

573 3104 864 3158 voluntatis
895 3105 1184 3159 accesserit
1211 3104 1426 3170 Paulus,
1460 3104 1510 3158 id
1538 3104 1667 3158 satis
1688 3103 1796 3172 jam
1825 3101 2163 3157 demonstra-

576 3204 688 3250 tum
717 3205 819 3252 est.
852 3194 908 3250 ld
928 3210 1058 3250 vero
1091 3196 1201 3263 jam
1228 3197 1369 3258 volo,
1397 3209 1491 3249 vos
1516 3193 1567 3249 id
1599 3193 1761 3264 probe
1786 3207 1963 3254 nosse,
1998 3192 2164 3246 Deum

578 3305 774 3360 nempe
800 3307 904 3344 non
935 3289 1042 3344 vim
1071 3288 1266 3344 inferre
1297 3289 1618 3351 nolentibus,
1661 3286 1754 3342 sed
1785 3285 2026 3340 volentes
2057 3293 2167 3338 tra-

581 3381 730 3434 here.
779 3379 902 3435 Ideo
958 3395 1185 3449 namque
1228 3379 1398 3433 dicit:
1433 3379 1598 3433 Nemo
1648 3377 1778 3432 venit
1821 3376 1889 3430 ad
1931 3392 2038 3440 me,
2072 3375 2168 3430 nisi

581 3475 740 3530 Pater
760 3493 898 3530 meus
915 3477 1122 3530 traxerit
1145 3491 1260 3530 eum
1285 3472 1462 3546 (Joan.
1489 3471 1543 3526 6.
1569 3469 1677 3540 Η).
1709 3469 1809 3537 Qui
1837 3483 1965 3524 vero
1986 3467 2168 3533 trahit,

584 3569 853 3624 volentem
881 3568 1062 3635 trahit,
1094 3567 1345 3638 humique
1363 3566 1648 3636 jacentcm,
1673 3578 1735 3617 ac
1758 3577 1971 3617 manum
1998 3560 2172 3631 porri-

583 3669 820 3731 gentem.
855 3662 917 3716 Et
944 3669 1001 3716 ut
1036 3660 1254 3716 discatis
1297 3661 1467 3728 ipsum
1497 3657 1694 3712 nemini
1724 3655 1829 3708 vim
1861 3653 2022 3716 ferre,
2052 3661 2100 3706 et
2128 3651 2174 3705 si

587 3755 706 3824 ipso
737 3755 950 3809 volente
990 3766 1088 3807 nos
1132 3751 1385 3814 nolimus,
1414 3765 1532 3819 qua:
1561 3747 1628 3802 ad
1671 3747 1896 3801 salutem
1938 3753 2174 3799 nostram

588 3853 833 3916 spectant
860 3859 1073 3914 pessum
1099 3844 1215 3908 ire;
1245 3856 1353 3896 non
1383 3839 1522 3910 quod
1549 3843 1666 3907 ejus
1696 3838 1939 3892 voluntas
1966 3834 2178 3890 inﬁrma

591 3939 681 4003 sit,
711 3937 806 3994 sed
836 3936 981 4008 quod
1008 3936 1206 3992 nemini
1230 3935 1358 3989 velit
1384 3935 1752 3988 necessitatem
1780 3929 2016 3984 inferre:
2044 3926 2181 3982 hanc

593 4045 706 4086 rem
729 4029 1027 4100 disquirere
1065 4041 1287 4084 necesse
1333 4035 1433 4091 est,
1465 4024 1714 4095 quoniam
1759 4021 1908 4076 multi
1956 4033 2097 4087 saepe
2128 4017 2180 4071 in

595 4118 840 4191 segnitiei
866 4132 976 4174 suze
1003 4117 1280 4172 obtentum
1309 4115 1407 4170 hac
1436 4113 1569 4168 futili
1600 4119 1820 4166 utuntur
1839 4107 2180 4163 defensione:

597 4226 849 4284 saepeque
878 4211 1064 4266 moniti
1102 4219 1159 4264 ut
1185 4207 1624 4264 illuminationem
1656 4219 1751 4258 seu
1783 4201 2039 4271 baptisma
2065 4213 2184 4252 sus-

597 4306 817 4375 cipiant,
850 4305 972 4359 vita:
1003 4304 1298 4358 institutum
1345 4301 1396 4356 in
1436 4299 1625 4354 melius
1663 4301 2010 4357 commutent,
2055 4290 2190 4344 alia-

599 4412 706 4466 que
731 4396 922 4450 similia
953 4395 1089 4449 bona
1133 4408 1295 4463 opera
1339 4399 1714 4459 exsequantur,
1749 4397 1878 4441 tunc
1917 4384 1991 4438 illi
2024 4381 2188 4452 pigri-

1783 4475 2045 4485 __————

1833 4509 2655 4604 REPREHENSIO

610 4691 855 4745 EOBUM,
886 4688 995 4742 QUI
1040 4684 1334 4730 ΔΒΕΒΔΝΤ
1376 4683 1456 4726 ΑΒ
1500 4678 1821 4732 ECCLESIA,
1869 4675 1948 4717 ΕΤ
1992 4666 2396 4716 (ΞΟΗΟΒΤΔΤΙΟ
2439 4665 2522 4708 ΔΙ)
2565 4656 2964 4710 Ριυεεεκτεε,

985 4789 1066 4830 ET
1109 4786 1174 4829 IN
1219 4780 1591 4826 PROOEMIUM
1636 4773 1954 4820 EPISTOLE
1983 4773 2066 4816 an
2097 4765 2500 4819 CORINTHIOS,
2533 4761 2776 4806 muws
2819 4753 3102 4802 vocamus
3150 4734 3241 4814 (ι.
3289 4730 3430 4792 Cor.
3478 4746 3523 4788 ι.
3555 4745 3577 4786 ι
3607 4725 3654 4806 ),
3691 4742 3772 4784 ετ
3816 4737 3890 4780 ns

692 4789 873 4834 Τιιυιιί
920 4791 935 4830 2

693 4891 1115 4936 HUMILITATE.

1237 413 1295 469 S.
1333 411 1612 470 JOANNIS
1647 411 2121 470 CHRYSOSTOMI
2162 412 2484 469 AllClllEP.
2524 361 3059 470 CONS'l'ANTINOP.

3705 405 3801 458 ιιι

2229 536 2401 584 tantes
2417 537 2470 584 et
2495 526 2818 600 refugientes
2842 528 2912 582 ita
2936 524 3263 597 respondent
3290 542 3302 577 :
3326 522 3383 579 Si
3407 521 3547 578 Deus
3566 520 3804 577 voluerit.

2230 623 2570 696 persuadebit
2609 623 2740 678 mihi
2783 629 2840 678 et
2883 629 3182 678 convertar.
3227 619 3368 674 Sane
3413 632 3516 672 non
3563 616 3807 670 criminor

2231 717 2373 782 illos,
2423 715 2517 770 sed
2562 713 2852 769 admodum
2900 712 3161 783 approbo,
3193 709 3334 781 quod
3383 708 3450 764 ad
3491 707 3806 762 voluntatem

2234 810 2326 865 Dei
2357 807 2692 878 confugiant;
2727 806 2822 862 sed
2848 806 2970 860 volo
2995 815 3155 871 utea,
3178 819 3297 874 qua:
3321 817 3486 872 penes
3510 802 3657 872 ipsos
3675 811 3810 865 sunt,

2234 903 2480 968 afferant,
2510 912 2566 958 et
2607 903 2684 957 sic
2711 901 2909 966 dicant,
2941 900 2997 955 Si
3046 901 3184 954 Deus
3230 897 3479 951 voluerit.
3509 895 3643 950 Nam
3682 893 3728 948 si
3768 903 3814 948 te

2236 1013 2426 1053 somno
2468 1012 2533 1052 ac
2559 995 2804 1067 segnitiei
2852 993 3077 1058 dedens,
3125 1007 3230 1046 non
3259 989 3470 1045 coneris
3496 989 3637 1044 bona
3665 985 3816 1041 edem

2238 1106 2422 1161 opera,
2467 1089 2562 1145 sed
2611 1089 2704 1144 Dei
2749 1096 2952 1142 tantum
3001 1086 3322 1142 voluntatem
3367 1081 3652 1152 objeceris,
3695 1079 3817 1132 nihil

2240 1199 2446 1248 eorum,
2476 1183 2669 1254 quibus
2692 1195 2828 1251 opus
2850 1179 3037 1245 habes,
3055 1175 3367 1246 adipisceris
3382 1188 3655 1244 umquam.
3672 1171 3817 1234 Nam,

2241 1285 2299 1330 ut
2325 1275 2592 1340 dicebam,
2625 1273 2944 1328 necessitate
2971 1286 3034 1324 ac
3060 1270 3110 1323 vi
3141 1268 3408 1323 neminem
3438 1280 3688 1331 umquam
3714 1263 3820 1318 adiq

2242 1371 2320 1440 git
2345 1369 2486 1424 Deus
2513 1385 2526 1420 :
2556 1366 2649 1421 sed
2677 1369 2790 1420 vult
2813 1363 3027 1434 quidem
3055 1375 3242 1416 omnes
3269 1359 3444 1413 salvos
3475 1357 3612 1418 ﬁeri,
3638 1355 3822 1409 nemini

2246 1476 2374 1516 vero
2404 1460 2778 1515 necessitatem
2806 1455 3026 1519 inducit,
3056 1449 3503 1524 quemadmodum
3543 1457 3600 1502 et
3641 1446 3824 1501 Paulus

2247 1551 2376 1606 dicit
2408 1569 2422 1605 :
2457 1551 2555 1618 Qui
2580 1549 2682 1604 vult
2707 1564 2878 1603 omnes
2905 1545 3132 1600 homines
3159 1542 3324 1598 salvos
3353 1541 3483 1610 ﬁeri,
3513 1549 3559 1593 et
3588 1538 3658 1591 ad
3688 1538 3827 1604 agni-

2249 1646 2436 1698 tionem
2472 1643 2695 1697 oeritatis
2718 1641 2885 1694 venire
2914 1639 2991 1708 (Ι.
3020 1636 3156 1691 Tim.
3183 1634 3236 1690 2.
3267 1634 3345 1705 4).
3373 1629 3655 1700 Quomodo
3683 1630 3830 1699 igitur

2250 1752 2356 1791 non
2383 1750 2570 1791 omnes
2611 1733 2741 1789 salvi
2789 1732 2954 1794 (lunt,
2985 1730 3029 1784 si
3068 1729 3176 1783 vult
3221 1740 3406 1781 omnes
3452 1724 3631 1778 salvos
3675 1721 3825 1775 fieri?

2251 1830 2385 1898 Quia
2416 1846 2521 1884 non
2549 1829 2784 1882 omnium
2808 1825 3052 1879 voluntas
3083 1823 3200 1890 ejus
3231 1819 3554 1875 voluntatem
3583 1815 3831 1884 sequitur;

2253 1925 2342 1978 ille
2370 1938 2499 1977 vero
2528 1920 2726 1976 nemini
2772 1919 2878 1973 vim
2924 1916 3102 1971 infert.
3150 1914 3237 1969 Sic
3263 1921 3317 1966 et
3340 1911 3406 1966 ad
3433 1907 3729 1964 Jerusalem
3757 1905 3832 1959 di-

2254 2016 2325 2071 cit
2369 2033 2382 2070 :
2426 2012 2734 2077 Jerusalem,
2775 2006 3098 2071 Jerusalem,
3131 2004 3323 2074 quoties
3367 2000 3502 2054 volui
3538 2011 3837 2067 congregare

2258 2109 2391 2178 ﬁlios
2431 2117 2561 2170 tuos,
2607 2116 2656 2158 et
2703 2102 2936 2156 noluistis
2983 2098 3132 2168 (Luc.
3166 2098 3253 2151 15.
3300 2093 3434 2164 3i)?
3463 2089 3602 2159 Quid
3645 2087 3839 2158 igitur?

2259 2197 2394 2252 Ecce
2435 2198 2742 2264 relinquetur
2787 2197 2966 2245 domus
3010 2199 3170 2243 vestra
3217 2187 3411 2239 deserta
3452 2181 3576 2252 (Ib.
3621 2197 3669 2234 υ.
3717 2180 3836 2247 55).

2259 2289 2446 2345 Viden’
2473 2286 2614 2358 quod
2657 2286 2757 2341 etsi
2789 2285 2927 2338 Deus
2967 2281 3095 2336 velit
3134 2293 3229 2332 nos
3275 2276 3455 2331 saltvos
3505 2271 3685 2328 facere
3709 2312 3725 2336 ,
3753 2283 3842 2323 nos

2258 2392 2434 2438 autem
2503 2378 2759 2434 accedere
2811 2377 3074 2438 nolimus,
3122 2373 3173 2426 in
3232 2369 3442 2424 interitu
3497 2362 3843 2419 maneamus?

2260 2474 2373 2530 Non
2397 2474 2538 2529 enim
2569 2473 2810 2534 invitum,
2832 2484 2938 2522 non
2961 2467 3252 2522 nolentem,
3278 2471 3338 2516 ut
3358 2474 3499 2528 smpe
3526 2466 3734 2526 repeto,
3759 2453 3843 2508 sed

2261 2567 2514 2622 libentem
2545 2572 2598 2618 et
2626 2562 2892 2615 volentem
2917 2557 3184 2612 hominem
3205 2564 3260 2606 ut
3288 2552 3491 2606 salvum
3517 2547 3674 2603 faciat
3716 2545 3844 2599 Deus

2264 2669 2480 2732 paratus
2509 2665 2609 2712 est.
2639 2655 2893 2710 llomines
2918 2649 3131 2722 quidem
3177 2644 3389 2702 famulis
3424 2640 3730 2696 volentibus
3757 2652 3845 2691 no-

2265 2729 2495 2806 lentibus
2523 2745 2786 2802 dominari
2817 2752 2871 2797 et
2913 2743 3177 2810 imperare
3203 2736 3416 2800 volunt,
3445 2747 3550 2787 non
3580 2729 3649 2784 ad
3675 2742 3846 2784 servo-

2266 2861 2384 2900 rum
2418 2843 2718 2904 utilitatem,
2750 2837 2844 2892 sed
2873 2835 2938 2890 ad
2965 2849 3117 2888 suam
3147 2829 3496 2899 respicientes
3529 2823 3708 2878 :Deus
3734 2835 3850 2874 vero

2268 2937 2357 3009 qui
2402 2937 2613 2990 nemine
2661 2931 2882 3000 indiget,
2912 2943 3030 2982 cum
3079 2923 3175 2978 tibi
3222 2922 3592 2978 demonstrare
3633 2913 3762 2969 velit
3798 2926 3850 2964 se

2271 3030 2413 3085 nulla
2456 3043 2633 3083 rerum
2683 3035 2984 3079 nostrarum
3032 3017 3388 3084 indigentem,
3419 3011 3730 3065 servitutem
3761 3020 3852 3059 no-

2273 3133 2437 3177 stram
2489 3126 2762 3188 expetere,
2819 3112 2913 3168 sed
2947 3109 3011 3164 ad
3065 3108 3341 3162 utilitatem
3396 3102 3569 3156 solum
3626 3107 3852 3154 nostram

2275 3214 2541 3281 resliicere
2565 3228 2580 3274 ;
2613 3224 2674 3264 ac
2704 3223 2808 3260 non
2844 3203 2908 3258 ad
2937 3217 3090 3256 usum
3118 3213 3294 3262 suum,
3324 3194 3415 3250 sed
3442 3192 3510 3247 ad
3535 3190 3858 3245 emolumen-

2277 3280 2387 3360 tum
2418 3312 2656 3358 nostrum
2685 3314 2744 3354 se
2773 3297 2950 3351 omnia
2979 3293 3154 3348 facere
3183 3310 3196 3344 :
3227 3287 3329 3344 nisi
3369 3294 3560 3356 sponte
3590 3296 3655 3336 ac
3681 3280 3856 3334 volen-

2278 3407 2359 3451 tes
2388 3395 2714 3463 gratiamque
2759 3386 3029 3444 servitutis
3059 3383 3156 3454 ipsi
3187 3380 3470 3436 reddentes
3509 3373 3822 3430 accedamus
3841 3411 3855 3432 ,

2280 3491 2476 3546 invitos
2501 3503 2562 3541 ac
2587 3485 2890 3541 resilientes
2933 3491 3222 3547 numquam
3260 3473 3401 3542 cogit
3429 3485 3530 3524 nec
3568 3468 3619 3522 vi
3666 3465 3856 3533 adigit;

2283 3591 2342 3637 ut
2370 3579 2638 3642 ostendat,
2667 3590 2772 3630 non
2805 3589 2862 3627 se
2889 3571 3044 3626 nobis
3068 3567 3291 3639 gratiam
3331 3561 3622 3624 servitutis,
3655 3557 3748 3613 sed
3772 3569 3860 3610 nos

2285 3674 2384 3743 ipsi
2412 3671 2632 3743 gratiam
2664 3667 2940 3721 habituros
2965 3677 3086 3717 esse
3117 3657 3358 3713 dominii.
3394 3655 3518 3708 lla-c
3548 3652 3724 3720 itaque
3750 3661 3858 3701 cum

2286 3740 2538 3827 sciamus,
2583 3758 2792 3814 Domini
2822 3753 3160 3811 clementiam
3201 3745 3627 3806 considerantes,
3656 3740 3860 3808 dignum

2287 3857 2404 3928 ejus
2433 3851 2780 3922 benignitate,
2811 3855 3066 3918 quantum
3099 3841 3320 3896 facultas
3363 3837 3485 3900 erit,
3515 3837 3639 3886 vitze
3665 3829 3865 3885 institu-

2291 3960 2401 4003 tum
2433 3945 2798 4004 cxhibcamus,
2829 3947 2887 3992 ut
2936 3945 2990 3990 et
3038 3947 3260 4003 regnum
3305 3928 3555 3984 cmlorum
3587 3933 3866 3989 Consequao

2292 4057 2412 4096 mur
2441 4057 2453 4093 :
2482 4053 2588 4109 quo
2637 4049 2735 4089 nos
2777 4039 3052 4087 consortes
3103 4026 3213 4080 fieri
3262 4021 3566 4089 contingat,
3614 4015 3781 4083 gratia
3823 4018 3871 4064 ct

2293 4104 2622 4186 humanitate
2667 4122 2878 4180 Domini
2909 4118 3076 4174 nostri
3101 4115 3226 4170 Jesu
3275 4111 3494 4174 Christi,
3523 4108 3608 4162 cui
3635 4104 3798 4175 gloria
3824 4111 3871 4153 et

2297 4222 2600 4294 imperium,
2634 4233 2737 4271 una
2764 4231 2884 4270 cum
2930 4213 3088 4268 Patre
3111 4217 3166 4262 et
3203 4214 3388 4260 sancto
3413 4202 3637 4270 Spiritu,
3665 4210 3805 4251 nunc
3830 4204 3877 4246 et

2299 4328 2530 4382 semper,
2563 4318 2618 4365 et
2648 4309 2699 4364 in
2725 4305 2917 4361 saecula
2949 4301 3286 4356 surculorum.
3316 4296 3507 4348 Amen.

2543 4434 3876 4472 ___________________________

3033 4653 3118 4695 UT
3161 4648 3379 4692 CUBAM
3422 4643 3678 4688 GERANT
3726 4640 3888 4682 ΠΑ-

2184 4933 2596 4988 3532K—

690 5051 743 5103 1.
789 5048 866 5102 De
913 5047 1168 5118 paucitate
1199 5042 1490 5096 auditorum
1528 5037 1786 5106 loquitur;
1814 5051 1959 5088 umor
2001 5033 2209 5103 propria

623 5144 744 5214 facit
785 5155 897 5210 quae
931 5136 1241 5193 communia.
1291 5129 1642 5188 Tabernacula
1691 5137 2010 5200 peccatorum
2034 5126 2212 5179 domus

625 5235 854 5304 privata.
881 5262 952 5274 —
975 5229 1110 5287 Cum
1137 5229 1204 5284 ad
1235 5236 1472 5283 vestram
1502 5223 1822 5295 paucitatem
1851 5219 2038 5276 oculos
2067 5230 2216 5272 meos

627 5334 906 5388 converto,
958 5331 1013 5379 et
1054 5321 1294 5378 collectis
1342 5320 1397 5374 in
1450 5316 1671 5387 singulis
1708 5328 1925 5385 gregem
1978 5321 2218 5366 nostrum

632 5415 896 5472 minorem
923 5413 1037 5468 ﬁeri
1067 5428 1252 5478 cerno,
1301 5424 1507 5466 maereo
1541 5407 1698 5463 simul
1725 5415 1777 5461 et
1805 5404 2011 5475 gaudeo
2044 5420 2057 5456 :
2089 5417 2220 5472 gau-

633 5512 738 5566 deo
766 5507 978 5579 quidem
1023 5517 1240 5577 propter
1267 5519 1397 5571 vos,
1425 5503 1517 5573 qui
1563 5492 1765 5556 adestis
1798 5516 1812 5553 :
1850 5511 2052 5552 mcereo
2097 5509 2224 5550 vero

638 5612 857 5674 propter
885 5601 1023 5665 illos,
1055 5600 1147 5670 qui
1188 5599 1401 5654 absunt.
1446 5596 1578 5651 Nam
1608 5609 1706 5649 vos
1742 5591 1956 5662 quidem
1983 5587 2228 5644 laudibus

638 5695 789 5765 digni
819 5693 970 5760 estis,
1001 5692 1142 5761 quod
1170 5706 1271 5747 nec
1297 5690 1410 5759 ipsa
1436 5686 1676 5759 paucitas
1701 5682 2113 5754 negligentiores
2133 5694 2232 5734 vos

643 5783 976 5842 reddiderit:
1003 5783 1078 5839 illi
1125 5797 1252 5838 vero
1290 5778 1602 5836 criminibus
1642 5783 1768 5830 sunt
1803 5771 2054 5836 obnoxii,
2098 5784 2234 5840 quos

647 5896 819 5952 neque
839 5878 1071 5936 studium
1097 5885 1331 5935 vestrum
1359 5871 1425 5928 ad
1447 5870 1702 5942 majorem
1728 5865 1889 5924 animi
1918 5863 2234 5938 promptitu-
2285 5942 2290 5946 ν

2319 5028 2498 5081 dinem
2547 5017 2813 5076 excitarit.
2845 5015 3132 5081 Pr0pterea
3176 5007 3360 5062 beatos
3404 5017 3500 5057 vos
3549 4997 3811 5070 prmdico,
3849 5001 3895 5044 et

2320 5116 2658 5175 aemulatione
2701 5110 2892 5181 dignos
2933 5117 3148 5168 censeo,
3177 5099 3319 5171 quod
3349 5095 3478 5150 nihil
3521 5092 3675 5147 vobis
3698 5089 3895 5181 illorum

2323 5209 2569 5267 nocuerit
2614 5178 2936 5274 negligentia
2968 5216 2981 5252 :
3014 5197 3240 5251 miseros
3286 5197 3463 5244 autem
3494 5186 3617 5241 illos
3645 5178 3898 5255 praedico.

2324 5312 2379 5358 et
2407 5297 2657 5370 lacrymis
2676 5305 2989 5364 prosequor,
3010 5285 3151 5358 quod
3169 5282 3417 5342 nihil,eos
3434 5277 3668 5333 studium
3685 5279 3900 5370 vestrum

2327 5363 2563 5466 patuerit
2606 5363 2877 5456 adjuvare.
2920 5382 3041 5438 Non
3087 5377 3230 5432 enim
3280 5363 3905 5466 praphetam-audierunt

2330 5460 2596 5543 dicentem
2631 5499 2646 5536 :
2678 5478 2828 5549 Elegi
2871 5477 3095 5546 abjectus
3138 5486 3244 5524 esse
3287 5469 3340 5521 in
3387 5465 3540 5519 domo
3583 5460 3682 5514 Dei
3722 5460 3905 5549 magis:

2332 5541 2485 5652 quam
2530 5574 2756 5630 habitare
2778 5541 2837 5625 in
2890 5541 3226 5622 tabernaculis
3269 5565 3587 5652 peccatorum
3619 5547 3785 5652 (Prol.
3829 5541 3908 5652 83:

2337 5643 2398 5730 it
2410 5681 2450 5743 ›.
2478 5669 2595 5725 Non
2621 5665 2775 5728 dixit,
2795 5661 2940 5731 Elegi
2966 5657 3210 5713 habitare
3229 5654 3282 5708 in
3301 5651 3467 5743 domo
3487 5645 3579 5702 Dei
3607 5643 3732 5708 mei,
3752 5648 3914 5743 neque

2340 5732 2562 5830 versari,
2590 5773 2765 5830 neque
2790 5753 2996 5826 ingredi
3027 5768 3042 5806 :
3071 5747 3188 5814 sed,
3215 5743 3364 5815 Elegi
3386 5741 3610 5812 objecta:
3638 5749 3758 5791 esse.
3782 5732 3918 5786 Licet

2349 5859 2488 5914 inter
2515 5854 2732 5910 ultimos
2761 5859 3034 5913 numerer,
3064 5839 3192 5899 boni
3221 5835 3462 5904 consulo,
3495 5832 3596 5888 hac
3625 5844 3684 5886 re
3713 5835 3917 5884 conten-
