3964 6342
140 380 238 437 1ίῦ

131 491 329 564 Κυρίῳ.
365 484 571 544 ’Ἦλθεν
611 491 692 554 εἰς
724 490 822 561 τὴν
851 490 1128 562 Σαλαμῖνα
1170 490 1267 560 τῆς
1313 489 1539 562 Κύπρου
1571 493 1706 564 μετά

128 577 292 630 ταῦτα
321 577 350 628 6
373 573 607 636 Παῦλος,
633 573 728 627 καὶ
757 567 916 645 εῦρεν
960 576 1078 626 ἐκεῖ
1112 573 1282 644 μάγον
1311 573 1432 626 τινὰ
1459 575 1710 631 ἀνθιστά-

131 675 282 729 μενον
322 657 406 728 τῷ
448 656 642 725 ὑπάτῳ
691 656 922 727 Σεργίῳ.
985 657 1045 710 '0
1087 657 1144 709 δέ
1189 655 1401 720 Παῦλος
1450 657 1710 728 πλησθεὶς

129 741 439 812 Πνεύματος
486 739 643 808 ἀγίου
672 737 791 792 εἷπε
817 741 953 811 πρὸς
982 739 1165 803 αὐτὸν,
1197 736 1266 793 Ὦ
1294 739 1535 808 πλήρης
1562 755 1710 796 παν-

129 827 218 892 τὸς
250 824 445 878 δόλου
470 824 569 877 καί
604 822 811 892 πάσης
824 823 1233 892 ῥᾳδιουργίας,
1272 825 1367 878 υίὲ
1400 825 1708 890 διαϐόλου,

127 913 188 964 οὐ
225 910 443 976 παύσῃ
472 905 850 975 διαστρέφων
891 907 998 972 τὰς
1028 906 1208 971 ὀδοὺς
1234 908 1456 976 Κυρίου
1486 909 1589 975 τὰς
1613 913 1710 965 εὐ-

129 995 325 1057 θείας;
361 991 550 1045 Ταῦτα
582 993 610 1043 ὁ
643 989 899 1061 διώκτης.
935 991 1260 1062 Δοξάσωμεν
1289 993 1470 1046 τοίνυν
1497 992 1589 1048 τὸν
1615 1013 1710 1066 με-

125 1075 428 1130 ταϐαλόντα
454 1073 635 1128 αὐτόν.
669 1074 784 1143 Πρὸ
813 1073 1004 1126 τούτου
1027 1073 1256 1143 ἠκούετε
1279 1075 1362 1129 ὅτι
1393 1075 1710 1146 ἐλυμαίνετο

125 1162 215 1231 τὴν
265 1160 622 1231 Ἐκκλησίαν,
653 1159 798 1212 κατά
841 1159 972 1222 τοὺς
1005 1160 1187 1223 οἴκους
1237 1161 1708 1233 εἰσπορευόμενος,

127 1244 301 1316 σύρων
329 1261 392 1296 τε
425 1243 627 1314 ἀνδρας
668 1243 762 1296 καὶ
794 1246 1081 1309 γυναῖκας,
1113 1243 1401 1314 παρεδίδου
1432 1246 1514 1309 είς
1542 1247 1712 1314 φυλα-

126 1329 240 1396 κήν.
305 1327 509 1397 Ὁρᾶτε
547 1326 666 1389 πῶς
695 1326 1138 1398 παρρησιάζεται
1187 1327 1282 1380 νῦν
1313 1328 1454 1400 ὑπὲρ
1495 1329 1585 1383 τοῦ
1611 1347 1712 1401 κη-

129 1411 425 1481 ρύγματος.
457 1412 540 1464 Οὐ
567 1411 774 1477 παύσῃ
801 1409 1196 1479 διαστρέφων,
1222 1411 1376 1482 φησὶ,
1406 1413 1512 1479 τὰς
1533 1414 1712 1482 ὀδοὺς

126 1497 341 1562 Κυρίου
395 1494 506 1558 τὰς
537 1494 810 1558 εὐθείας;
856 1493 964 1546 Καὶ
997 1494 1116 1548 νῦν
1149 1494 1278 1548 ἰδοὺ
1317 1495 1447 1564 χείρ
1490 1500 1711 1566 Kvplov

126 1579 211 1630 ἐπὶ
243 1577 346 1639 σὲ,
390 1576 490 1629 καὶ
533 1574 652 1644 ἔσῃ
686 1576 920 1644 τυφλὸς
941 1577 1028 1646 μὴ
1053 1578 1307 1642 βλέπων
1340 1579 1451 1646 ἕως
1479 1582 1708 1650 καιροῦ.

125 1663 190 1713 Τὸ
241 1661 545 1731 φάρμακον
597 1660 660 1713 τὸ
702 1661 937 1731 ποιῆσαν
975 1662 1138 1716 αὐτὸν
1189 1663 1510 1733 ἀναϐλέψαι,
1554 1667 1715 1721 τοῦτο

127 1745 367 1814 ἐπέθηκε
404 1744 499 1797 καὶ
540 1743 617 1814 τῷ
663 1745 844 1814 μάγῳ,
879 1744 992 1797 ἀλλ’
1029 1745 1242 1816 ἔμεινεν
1277 1748 1368 1800 ἐπὶ
1396 1749 1495 1818 τῆς
1526 1751 1718 1822 πηρὼ-

131 1846 264 1892 σεως
289 1832 507 1890 ἐκεῖνος
526 1843 539 1854 ·
567 1829 653 1880 ἵνα
682 1828 860 1898 μάθῃς
882 1830 962 1882 ὅτι
979 1829 1079 1899 οὐχ
1109 1831 1142 1901 ἡ
1163 1830 1357 1900 κλῆσις
1381 1832 1539 1902 μόνον
1561 1853 1721 1906 προσ-

125 1912 292 1980 ήγαγε
341 1913 438 1964 τὸν
485 1911 716 1975 Παῦλον,
750 1911 885 1964 ἀλλὰ
917 1913 1010 1964 καὶ
1055 1914 1088 1982 ἡ
1123 1913 1288 1966 αὐτοῦ
1327 1915 1536 1969 ἐκείνου
1585 1936 1722 1990 προ-

125 1998 356 2067 αίρεσις.
403 1997 469 2048 Εἰ
510 1995 619 2066 γὰρ
665 1999 697 2067 ἡ
736 1997 984 2066 πήρωσις
1038 1997 1172 2068 μόνη
1223 1997 1380 2051 τοῦτο
1438 2001 1716 2072 ἐποίησεν,

125 2082 287 2152 ἐχρῆν
316 2081 416 2132 καὶ
444 2080 537 2131 ἐπὶ
563 2077 656 2132 τοῦ
689 2079 864 2148 μάγου
904 2079 967 2131 τὸ
994 2080 1128 2133 αὐτὸ
1164 2081 1448 2148 γενέσθαι·
1477 2083 1590 2137 ἀλλ’
1620 2087 1722 2138 οὐκ

124 2164 360 2231 ἐγένετο.
409 2161 550 2214 Ἀλλ’
591 2164 797 2224 ἐκεῖνος
828 2161 927 2231 μὲν
961 2163 1254 2233 ὲπηροῦτο,
1278 2166 1305 2217 ὀ
1330 2165 1388 2218 δέ
1414 2167 1720 2232 ἀνθύπατος

127 2247 244 2300 ἰδὼν
272 2248 334 2298 τὸ
382 2245 752 2316 γεγενημένον
794 2245 1138 2299 ἐπίστευσεν.
1176 2247 1369 2313 Ἀλλος
1412 2251 1628 2318 ἐδέξατο
1661 2253 1722 2306 τὸ

125 2332 441 2401 φάρμακον.
474 2329 570 2380 καὶ
618 2328 778 2390 ἄλλος
811 2328 1128 2398 ἀνέϐλεψεν.
1159 2330 1346 2384 Εἵδετε
1376 2332 1543 2386 πόσον
1573 2336 1722 2387 ἐστὶν

123 2413 520 2484 εὐγνωμοσύνη
543 2412 801 2476 διανοίας,
821 2413 985 2466 πόσον
1007 2413 1155 2466 ἐστὶν
1171 2415 1424 2468 ἀπείθεια
1446 2417 1540 2470 καὶ
1566 2417 1724 2488 σκλη-

129 2497 413 2569 ροκαρδία.
458 2495 712 2564 Ἐγένετο
762 2498 936 2568 πηρὸς
989 2499 1018 2550 6
1066 2497 1279 2568 μάγος·
1328 2501 1580 2563 κάκεῖνος
1625 2501 1723 2571 μὲν

127 2581 272 2634 οὐδὲν
296 2580 585 2643 ἀπώνατο,
613 2578 845 2650 ἀπειθὴς
875 2580 984 2648 γὰρ
1005 2577 1094 2649 ἦν,
1120 2581 1262 2648 ἔγνω
1290 2582 1347 2635 δὲ
1375 2583 1466 2635 τὸν
1490 2583 1724 2654 Χριστὸν

126 2664 460 2726 ἀνθύπατος.
519 2662 658 2716 Ἀλλ’
689 2664 770 2715 ὅτι
802 2664 899 2733 μὲν
937 2663 1078 2717 έκὼν
1118 2665 1210 2717 καὶ
1251 2665 1316 2716 ἐκ
1348 2667 1725 2737 προαιρέσεως

129 2748 441 2819 προσ-ἦλθεν
475 2749 505 2800 6
543 2745 779 2813 Παῦλος,
836 2747 1037 2810 ἱκανῶς
1083 2748 1478 2808 ἀποδέδεικται.
1529 2750 1724 2802 Βούλο-

127 2849 226 2901 μαι
267 2831 326 2883 δέ
367 2830 563 2883 τοῦτον
597 2831 742 2900 ὑμᾶς
788 2830 1034 2901 ἀκριϐῶς
1066 2831 1264 2884 εἰδέναι
1297 2832 1391 2884 τὸν
1436 2833 1614 2900 λόγον,
1644 2835 1725 2887 ὃτι

129 2917 204 2985 μὴ
249 2914 620 2986 βουλομένους
667 2914 726 2965 οὐ
767 2913 1012 2982 βιάζεται
1039 2916 1068 2966 ὁ
1095 2914 1248 2977 Θεὸς,
1283 2914 1418 2968 ἀλλὰ
1467 2916 1727 2987 βουλομέ-

126 3015 251 3060 νους
297 2997 476 3050 ἕλκει.
527 2997 625 3049 Διά
660 2997 819 3049 τοῦτο
855 2996 965 3067 γάρ
999 3013 1191 3067 φησιν·
1223 2997 1435 3064 Οὐδεὶς
1482 2999 1720 3068 ἔρχεται

125 3081 279 3146 πρός
313 3097 416 3148 με,
453 3079 530 3133 ἂν
556 3079 642 3149 μὴ
667 3083 699 3133 ό
731 3077 934 3147 Πατήρ
956 3096 1077 3147 μου
1132 3079 1367 3150 ἐλκύσῃ
1401 3084 1608 3136 αὐτόν.
1663 3083 1718 3136 '0

124 3163 182 3216 δέ
214 3165 421 3220 ἕλκων,
457 3161 547 3214 τὸν
592 3162 914 3231 βουλόμενον
960 3162 1128 3227 ἕλκει,
1163 3164 1254 3217 τὸν
1286 3165 1441 3236 κάτω
1467 3166 1719 3235 κείμενον

124 3249 221 3301 καὶ
249 3249 422 3317 χεῖρα
450 3247 734 3316 ὀρέγοντα.
764 3247 874 3298 Καὶ
904 3246 992 3299 ἵνα
1029 3247 1238 3318 μάθητε
1264 3249 1344 3301 ὅτι
1375 3248 1562 3303 οὐδένα
1605 3251 1722 3322 βιά-

125 3329 308 3393 ζεται,
349 3329 469 3382 ἀλλ’
515 3330 609 3382 ἐὰν
641 3330 803 3393 αὐτὸς
858 3329 1008 3402 θέλῃ,
1046 3334 1207 3402 ἡμεῖς
1234 3333 1292 3386 δὲ
1345 3335 1419 3405 μὴ
1459 3334 1720 3404 θέλωμεν,

121 3413 420 3465 διαπίπτει
442 3411 510 3464 τὰ
544 3413 641 3482 τῆς
677 3415 952 3484 σωτηρίας
985 3416 1164 3485 ἡμῶν,
1194 3418 1294 3470 οὐκ
1339 3417 1526 3489 ἐπειδὴ
1561 3418 1724 3471 ἀσθε-

123 3499 215 3561 νὲς
247 3496 430 3551 αὐτοῦ
452 3496 514 3548 τὸ
549 3496 711 3568 βούλῃ
723 3515 822 3567 μα,
851 3498 964 3550 ἀλλ’
993 3499 1179 3571 ἐπειδὴ
1203 3503 1512 3570 ἀναγκάσαι
1538 3501 1729 3555 οὐδένα

124 3581 302 3645 θέλει,
355 3583 656 3648 ἀναγκαῖον
684 3581 873 3634 τοῦτον
916 3581 1166 3647 ἐξετάσαι
1193 3584 1284 3636 τὸν
1332 3585 1509 3654 λόγον,
1541 3585 1728 3656 ἐπειδὴ

125 3665 327 3718 πολλοὶ
358 3663 621 3727 πολλάκις
661 3665 935 3734 προφάσει
969 3667 1261 3738 ῥᾳθυμίας,
1291 3669 1464 3738 τούτῳ
1496 3669 1729 3740 κέχρην-

123 3767 216 3803 ται
237 3748 325 3818 τῷ
359 3750 719 3818 προσχήματι
756 3750 858 3819 τῆς
887 3751 1203 3818 ἀπολογίας,
1246 3755 1338 3805 καὶ
1378 3752 1728 3824 παρακαλούσ-

127 3849 293 3900 μενοι
325 3831 590 3894 πολλάκις
633 3833 726 3884 ἐπὶ
758 3832 1037 3903 φώτισμα,
1068 3836 1160 3886 επὶ
1197 3835 1470 3899 πολιτείας
1495 3835 1726 3906 ἀρίστης

127 3913 475 3984 μεταϐολὴν,
532 3916 617 3983 ἐφ’
657 3915 820 3986 ἕτερα
868 3917 1097 3970 τοιαῦτα
1138 3918 1560 3989 κατορθώματα,
1609 3917 1726 3973 εἶτα

123 4001 223 4051 καὶ
256 3999 338 4062 ὡς
363 3999 653 4062 ὀκνοῦντες
681 4001 777 4053 καὶ
816 4001 1169 4070 ἀναδυόμενοι
1201 4003 1360 4056 τοῦτο
1399 4005 1725 4075 ἀποκρίνον-

123 4099 241 4145 ται,
274 4083 362 4134 ὅτι
384 4078 516 4132 Ἐάν
533 4082 661 4152 θέλῃ
687 4083 714 4133 6
759 4083 912 4146 Θεὸς,
961 4085 1138 4137 πείσει
1178 4103 1266 4156 με,
1303 4087 1397 4139 καὶ
1425 4088 1726 4157 μεταθήσο-

125 4183 256 4234 μαι.
300 4166 415 4218 Καὶ
442 4166 543 4218 οὐκ
587 4166 804 4233 ἐγκαλῶ
845 4169 946 4237 μὲν
990 4168 1195 4232 αὐτοῖς,
1226 4169 1364 4222 ἀλλά
1397 4171 1492 4223 καὶ
1522 4171 1725 4241 σφόδρα

677 386 750 440 -ΙΝ
792 384 1022 447 ILLUD,
1058 381 1339 439 PAULUS
1388 379 1730 437 VOCATUS.
1772 379 1862 438 ET
1903 384 1990 441 DE
2031 385 2292 444 MUTAT.
2325 386 2671 445 NOMINUM.
2713 389 2800 445 IV.

3277 376 3378 432 ιιι

1810 495 2165 566 ἀποδέχομαι,
2199 499 2282 552 ὅτι
2329 496 2770 569 καταφεύγουσιν
2812 495 2906 548 ἐπὶ
2944 493 3046 565 τὴν
3072 490 3222 564 [128}
3271 490 3384 561 βου-

1809 578 1908 648 λὴν
1931 579 2026 632 τοῦ
2050 581 2186 634 Θεοῦ
2211 600 2222 612 ·
2253 583 2514 655 βούλομαι
2535 582 2591 634 δὲ
2613 579 2706 634 καί⁵
2733 577 2802 631 τὰ
2828 578 2957 647 παρ’
2986 574 3195 628 ἑαυτῶν
3219 572 3391 642 εἰσφέο

1813 677 1951 730 ρειν,
2001 663 2096 716 καὶ
2127 662 2270 718 οὕτω
2325 665 2527 734 λέγειν,
2566 661 2691 715 Ἐὰν
2721 659 2850 733 θέλῃ
2895 661 2924 714 6
2969 659 3122 722 Θεός.
3159 658 3256 711 Ἂν
3284 656 3393 726 γὰρ

1813 744 2009 800 σαυτὸν
2041 745 2194 817 ὕπνῳ
2233 749 2328 803 καί¹
2379 747 2623 821 ῥαθυμίᾳ
2670 743 2967 815 παραδοὺς,
3014 742 3090 813 μὴ
3137 741 3393 812 ἐγχειρῇς

1814 830 1912 900 μὲν
1941 832 2063 893 ταῖς
2112 831 2345 899 ἀγαθαῖς
2375 831 2628 904 πράξεσι,
2667 829 2725 883 τὸ
2764 829 2821 881 δὲ
2866 827 2961 880 τοῦ
2999 825 3133 879 Θεοῦ
3183 825 3394 894 θέλημα

1815 913 2097 986 προϐάλλῃ
2135 915 2317 986 μόνον,
2353 916 2612 969 οὐδέποτέ
2645 931 2727 967 σοι
2764 913 2914 966 οὐδὲν
2944 911 3094 964 ἕσται
3124 909 3232 962 τῶν
3257 908 3396 962 δεόν-

1809 1013 1942 1051 των.
1973 998 2150 1068 Ὅπερ
2178 997 2287 1070 γὰρ
2321 999 2479 1070 ἔφην,
2510 999 2724 1068 ἀνάγκῃ
2764 997 2859 1049 καὶ⁸
2886 995 2975 1065 βίᾳ
3020 992 3209 1046 οὐδένα
3236 1007 3394 1061 προσ-

1810 1079 2006 1147 άγεταί
2028 1097 2158 1133 ποτε
2179 1084 2208 1134 6
2227 1082 2360 1143 Θεός
2378 1098 2392 1113 ·
2415 1082 2550 1135 ἀλλά
2577 1081 2718 1134 θέλει
2738 1081 2836 1150 μὲν
2862 1079 3108 1138 ἅπαντας
3133 1074 3392 1144 σωθῆναι,

1809 1163 1913 1216 οὐκ
1947 1164 2251 1231 ἀναγκάζει
2281 1166 2338 1218 δέ
2369 1165 2560 1220 οὐδένα
2579 1181 2591 1195 ⁸
2634 1163 2816 1227 καθὼς
2848 1163 2940 1215 καὶ
2970 1159 3182 1222 Παῦλός
3205 1175 3392 1230 φησιν,

1823 1246 1886 1298 '0
1935 1244 2127 1300 θέλων
2170 1247 2402 1313 πάντας
2449 1248 2802 1317 ἀνθρώπους
2853 1241 3122 1311 σωθῆναι
3173 1239 3275 1294 καί
3308 1241 3397 1305 εις

1811 1329 2140 1397 ἐπίγνωσιν
2159 1331 2444 1398 ἀληθείας
2487 1331 2704 1386 ἐλθεῖν.
2736 1329 2862 1392 Πῶς
2895 1324 2990 1382 οῦν
3021 1327 3122 1396 οὐχ
3160 1325 3398 1386 ἅπαντας

1816 1412 2104 1477 σώζονται,
2149 1416 2198 1468 εἰ
2245 1415 2389 1468 θέλει
2441 1416 2649 1477 πάντας
2699 1413 2976 1483 σωθῆναι;
3033 1407 3254 1477 Ἐπειδὴ
3300 1407 3398 1475 οὐκ

1813 1497 2068 1550 ἁπάντων
2100 1497 2162 1550 τὸ
2195 1498 2408 1569 θέλημα
2435 1497 2514 1568 τῷ
2544 1498 2808 1568 θελήματι
2853 1497 3020 1550 αὐτοῦ
3050 1493 3264 1555 ἕπεται,
3307 1490 3401 1542 αὐ-

1812 1579 1903 1642 τὸς
1941 1580 1998 1632 δέ
2034 1581 2224 1634 οὐδένα
2269 1581 2535 1651 βιάζεται.
2571 1582 2727 1635 Οὕτω
2767 1579 2864 1634 καὶ
2899 1578 3036 1648 πρὸς
3068 1575 3166 1647 τὴν
3200 1576 3398 1645 Ἰερουι

1817 1664 1998 1731 σαλήμ
2035 1680 2200 1733 φησιν
2223 1681 2238 1694 ·
2277 1663 2686 1732 Ἰερουσαλὴμ,
2729 1658 3159 1730 Ἰερουσαλὴμ,
3205 1652 3397 1710 ποσά-

1820 1761 1912 1809 κις
1937 1744 2208 1813 ἠθέλησα
2226 1747 2692 1817 ἐπισυναγαγεῖν
2708 1746 2778 1798 τὰ
2805 1744 2982 1798 τέχνα
3004 1758 3144 1804 σου,
3167 1741 3260 1792 καί
3285 1741 3396 1790 οὐκ

1817 1829 2201 1895 ἠθελήσατε;
2241 1830 2306 1882 Τί
2344 1826 2472 1894 οῦν;
2525 1830 2669 1884 Ἰδοὺ
2707 1830 2944 1898 ἀφίεται
2978 1830 3010 1882 ὁ
3048 1823 3211 1888 οἶκος
3240 1821 3398 1890 ὑμῶν

1818 1909 2057 1978 ἕρημος.
2099 1912 2260 1983 Ὁρᾷς
2309 1913 2410 1976 ὅτι,
2446 1912 2550 1968 κᾶν
2583 1912 2714 1984 θέλῃ
2757 1914 2786 1964 ὁ
2832 1911 2966 1974 Θεὸς
3015 1909 3205 1969 σῶσαι,
3240 1905 3398 1974 ἡμεῖς

1817 1992 1876 2045 δέ
1905 1994 2134 2057 ἑαυτοὺς
2161 1994 2236 2065 μὴ
2263 1995 2557 2066 ἐπιδῶμεν,
2593 1996 2823 2066 μένομεν
2853 1995 2945 2048 ἐπὶ
2970 1993 3066 2061 τῆς
3088 1987 3393 2049 ἀπωλείαςς

1820 2077 1893 2128 Οὐ
1919 2076 2028 2147 γὰρ
2057 2077 2279 2142 ἄκοντα,
2311 2078 2432 2132 οὐδέ
2466 2079 2539 2151 μὴ
2573 2078 2918 2150 βουλόμενον,
2941 2077 3079 2146 ὅπερ
3103 2073 3246 2141 λέγω
3273 2068 3400 2123 πολ-

1819 2159 1997 2224 λάκις,
2021 2160 2136 2213 ἀλλ’
2161 2162 2357 2214 ἑκόντα
2377 2165 2472 2216 καὶ
2492 2162 2925 2232 προαιρούμενον
2956 2155 3400 2229 παρεσκεύασται

1821 2243 2015 2308 σώζειν
2055 2248 2083 2298 6
2130 2247 2261 2310 Θεὸς
2312 2248 2404 2300 τὸν
2457 2247 2762 2318 ἄνθρωπον.
2802 2244 3111 2314 ’Ἄνθρωποι
3161 2240 3256 2310 μὲν
3292 2236 3402 2307 γὰρ

1821 2329 1914 2381 καὶ
1961 2328 2197 2382 ἑκόντων
2230 2330 2324 2382 καὶ
2358 2330 2599 2383 ἀκόντων
2633 2328 2742 2381 τῶν
2779 2326 3008 2382 οἰκετῶν
3061 2323 3338 2394 βούλονται
3373 2332 3399 2360 ι

1821 2407 1959 2464 εἶναι
1991 2413 2085 2464 καὶ
2109 2412 2412 2476 δεσπόζειν·
2445 2414 2506 2465 οὐ
2541 2414 2678 2484 πρὸς
2704 2413 2767 2464 τὸ
2793 2415 2903 2474 τοῖς
2926 2410 3164 2470 οἰκέταις
3194 2404 3402 2475 συμφέο

1826 2514 1938 2565 ρον,
1969 2496 2106 2549 ἀλλά
2147 2497 2284 2568 πρὸς
2332 2497 2428 2566 τὴν
2461 2498 2668 2550 οἰκείαν
2710 2497 2900 2567 χρείαν
2941 2493 3176 2564 ὁρῶντες
3225 2487 3402 2542 αὐτῶν

1821 2578 2203 2642 δεσπόζουσιν·
2238 2581 2266 2632 6
2291 2579 2346 2632 δέ
2383 2580 2514 2642 Θεὸς
2544 2580 2796 2650 ἀνενδεὴς
2829 2577 2926 2645 ὢν,
2958 2576 3052 2629 κα)⁹
3088 2570 3403 2645 βουλόμενός

1826 2678 1904 2713 σοι
1937 2659 2127 2724 δεῖξαι,
2160 2663 2242 2714 ὅτι
2282 2662 2495 2726 οὐδενὸς
2528 2661 2637 2716 τῶν
2668 2662 2953 2734 ἡμετέρων
2995 2659 3268 2728 δεόμενος,
3301 2653 3403 2722 τῆς

1821 2745 2064 2809 δουλείας
2096 2746 2255 2816 ἡμῶν
2281 2747 2514 2816 ἐφίεται,
2548 2749 2664 2803 ἀλλ’
2696 2750 2774 2811 εἰς
2805 2748 2861 2800 ἓν
2895 2747 3054 2817 μόνον
3089 2741 3305 2796 σκοπῶν
3343 2739 3403 2791 τὸ

1825 2829 2102 2899 συμφέρον
2125 2832 2280 2898 ἡμῖν,
2307 2832 2402 2882 καὶ
2433 2832 2492 2883 οὐ
2518 2832 2616 2902 τῆς
2637 2831 2802 2884 αὐτοῦ
2830 2830 3016 2901 χρείας
3038 2827 3244 2888 ἕνεκεν,
3268 2821 3402 2876 ἀλλὰ

1823 2912 1923 2980 τῆς
1948 2910 2224 2983 ἡμετέρας
2243 2913 2511 2981 ὡφελείας
2535 2914 2750 2968 ἅπαντα
2777 2913 3028 2984 πράττει,
3050 2908 3116 2963 ἀν
3145 2907 3240 2978 μέν
3262 2905 3406 2957 ἐκόν-

1824 3011 1916 3057 τες
1943 2995 2037 3047 καὶ
2071 2993 2380 3064 βουλόμενοι
2406 2995 2498 3049 καὶ
2526 2997 2685 3068 χάριν
2726 2995 2876 3064 αὐτῷ
2912 2995 3010 3063 τῆς
3042 2989 3286 3051 δουλείας
3321 2989 3400 3039 εῖο

1827 3077 1978 3140 δότες
2009 3077 2395 3148 προσέλθωμεν
2418 3094 2430 3107 ·
2463 3078 2694 3142 ἄκοντας
2740 3079 2834 3132 καὶ
2866 3073 3263 3146 ἀποπηδῶντας
3302 3071 3404 3123 οὐκ

1829 3162 2149 3230 ἀναγκάζει,
2191 3161 2309 3214 οὐδὲ
2359 3162 2624 3232 βιάζεται,
2663 3162 2795 3215 αὐτὸ
2844 3160 2999 3214 τοῦτο
3049 3157 3282 3218 δεικνὺς,
3322 3157 3404 3208 ὅτι

1827 3245 1929 3296 οὐκ
1957 3245 2119 3308 αὐτὸς
2149 3246 2282 3315 ἡμῖν
2309 3246 2469 3317 χάριν
2507 3247 2606 3317 τῆς
2629 3246 2896 3310 δουλείας,
2931 3243 3045 3298 ἀλλ’
3067 3244 3228 3312 ἡμεῖς
3255 3238 3404 3309 αὐτῷ

1829 3326 1989 3395 Χάριν
2016 3327 2116 3395 τῆς
2146 3327 2644 3398 δεσποτείαςέχειν
2681 3329 2987 3399 ὀφείλομεν.
3021 3326 3182 3378 Ταῦτ’
3208 3320 3300 3377 οὖν
3332 3325 3407 3374 εἰ-

1830 3408 2001 3472 δότες.
2035 3409 2129 3462 καὶ
2159 3409 2256 3480 τὴν
2282 3411 2376 3463 τοῦ
2406 3413 2676 3465 Δεσπότου
2713 3410 3120 3482 φιλανθρωπίαν
3167 3405 3408 3460 ἐννοοῦν-

1822 3509 1936 3556 τες,
1969 3491 2126 3556 ἀξίαν
2163 3495 2329 3548 αὐτοῦ
2371 3496 2472 3565 τῆς
2502 3496 2836 3567 ἀγαθότητος
2879 3494 3020 3549 κατά
3049 3493 3275 3562 δύναμιν
3307 3491 3406 3561 τὴν

1824 3577 2100 3648 ἡμετέραν
2125 3579 2404 3632 πολιτείαν
2433 3579 2847 3650 ἐπιδειξώμεθα,
2885 3580 2971 3632 ἵνα
3009 3578 3102 3630 καὶ
3129 3578 3226 3646 τῆς
3255 3576 3408 3645 βασι-

1824 3659 1972 3724 λείας
2005 3661 2113 3714 τῶν
2143 3663 2390 3734 οὐρανῶν
2435 3663 2781 3734 ἐπιτύχωμεν
2801 3681 2813 3693 ·
2856 3658 2923 3735 ἦς
2957 3663 3168 3732 γένοιτο
3201 3662 3407 3725 πάντας

1828 3744 1977 3813 ἡμᾶς
2003 3746 2298 3814 ἐπιτυχεῖν,
2331 3747 2513 3818 χάριτι
2547 3750 2642 3800 καὶ
2675 3747 3055 3818 φιλανθρωπίᾳ
3083 3745 3175 3798 τοῦ
3201 3744 3407 3814 Κυρίου

1831 3826 1989 3896 ἡμῶν
2033 3828 2208 3898 Ἰησοῦ
2235 3831 2495 3900 Χριστοῦ,
2535 3824 2579 3897 ᾦ
2604 3836 2637 3902 ἡ
2676 3832 2804 3897 δόξα
2838 3830 3016 3885 καὶτὸ
3042 3830 3262 3902 κράτος.
3291 3828 3408 3897 ἅμα

1830 3910 1910 3980 τῷ
1936 3911 2111 3982 Πατρὶ
2142 3913 2237 3965 καὶ
2268 3913 2346 3983 τῷ
2387 3915 2529 3983 ἁγίῳ
2569 3915 2868 3986 Πνεύματι,
2898 3913 2993 3968 νῦν
3035 3916 3130 3969 καὶ
3175 3915 3280 3979 ἀεὶ,
3314 3913 3407 3966 καὶ

1837 3993 1916 4055 εἰς
1949 3994 2076 4056 τοὺς
2107 3995 2310 4060 αἰῶνας
2339 3997 2448 4050 τῶν
2478 3997 2708 4052 αἰώνων.
2751 4000 2939 4070 Ἀμήν.

1895 4180 1921 4208 ⁸
1947 4180 2035 4229 Hic
2056 4181 2238 4244 aliquid
2255 4181 2525 4233 desiderari
2548 4184 2761 4245 videtur,
2791 4197 2836 4232 ν.
2861 4198 2910 4247 ε.
2938 4186 3102 4249 κύριοι.

1429 4498 2083 4587 ΕΠΙΤΙΜΗΣΙΣ

125 4673 308 4729 Κατὰ
336 4675 460 4729 τῶν
486 4678 994 4748 ἀπολειφθέντων,
1037 4682 1389 4748 παραίνεσις
1412 4681 1562 4748 πρὸς
1594 4681 1737 4747 τοὺς
1772 4684 2095 4751 παρόντας,
2124 4688 2210 4750 εὶς
2270 4686 2332 4740 τὸ
2369 4687 2656 4753 κήδεσθαι
2681 4689 2799 4743 τῶν
2861 4689 3158 4762 ἀδελφῶν,
3191 4693 3288 4747 καί
3319 4699 3405 4759 είς

240 4765 320 4818 τὸ
352 4770 667 4838 προοιζιιιον
697 4769 805 4838 τῆς
833 4771 975 4838 πρὸς
1017 4773 1368 4840 Κορινθίους
1395 4772 1750 4841 ἐπιστολῆς,
1783 4794 1802 4826 ι
1837 4773 2080 4841 Παῦλος
2105 4779 2349 4845 κλητὸς,
2373 4799 2390 4831 ι
2419 4781 2517 4835 καί
2546 4785 2678 4853 περὶ
2717 4786 3294 4852 ταπεινοφροσύνης.

208 5111 295 5156 α’.
337 5105 618 5167 ’Ὀτανείς
642 5103 738 5175 τὴν
766 5104 1054 5177 ὀλιγότητα
1088 5109 1266 5162 ἀπίδω
1296 5108 1394 5180 τὴν
1434 5109 1718 5182 ὑμετέραν¹

122 5192 235 5243 καὶ
252 5186 321 5239 τὸ
340 5185 598 5256 ποίμνιον
621 5186 904 5258 θεάσωμαι
930 5189 1052 5241 καθ’
1076 5191 1314 5262 ἑκάστην
1338 5192 1558 5258 σύναξιν
1575 5193 1732 5246 ἐλατ-

123 5271 438 5341 τούμενον,
467 5269 562 5321 καὶ
583 5268 795 5339 ἀθυμῶ,
822 5271 915 5323 καὶ
938 5271 1113 5343 χαίρω
1133 5290 1147 5303 ·
1178 5279 1350 5346 χαίρω
1380 5276 1476 5346 μὲν
1497 5277 1564 5329 δι’
1589 5278 1732 5346 ὑμᾶς

118 5356 268 5417 τοὺς
297 5351 605 5423 παρόντας,
633 5352 828 5423 ἀθυμῶ
869 5353 925 5406 δέ
953 5354 1018 5407 δι’
1046 5355 1284 5421 ἐκείνους
1317 5360 1440 5421 τοὺς
1471 5359 1728 5421 ἀπόντας.

130 5437 350 5506 ’Υμεῖς
403 5433 504 5503 μὲν
530 5433 639 5505 γὰρ
675 5436 912 5489 ἐπαίνων
940 5437 1096 5502 ἄξιοι,
1130 5435 1248 5492 οὐδὲ
1292 5443 1399 5495 ἀπὸ
1426 5443 1526 5511 τῆς
1549 5442 1730 5509 ὀλιγό-

114 5536 304 5590 τητος
350 5517 717 5588 ρᾳθυμότεροι
765 5521 1302 5590 γενόμενοι·ἐκεῖνοι
1336 5525 1392 5577 δὲ
1441 5525 1732 5578 ὑπεύθυνοι

116 5600 534 5670 ἐγκλημάτων,
567 5600 689 5654 οὐδὲ
729 5602 835 5654 ἀπὸ
871 5604 968 5673 τῆς
1002 5605 1273 5676 ὑμετέρας
1307 5606 1454 5678 [129]
1495 5608 1731 5675 σπουδῆς

114 5687 210 5747 εἰς
273 5682 596 5755 προθυμίαν
634 5683 1046 5756 διεγειρόμενοι.
1094 5689 1196 5742 Διά
1245 5689 1403 5744 τοῦτο
1454 5691 1599 5760 ὑμᾶς
1631 5691 1730 5760 μὲν

114 5764 442 5837 μακαρίζω
481 5767 573 5820 καὶ
622 5765 894 5838 ζηλωτοὺς
922 5764 1060 5825 εἷναί
1095 5787 1254 5842 φημι,
1289 5773 1369 5826 ὃτι
1408 5774 1559 5827 οὐδὲν
1586 5774 1729 5844 ὑμᾶς

1835 5113 2184 5184 παρέϐλαψεν
2215 5113 2248 5182 ἡ
2284 5113 2509 5166 ἐκείνων
2553 5114 2812 5184 ὀλιγωρία
2833 5133 2847 5148 ·
2877 5116 3120 5180 ἐκείνους
3152 5117 3207 5170 δὲ
3243 5119 3408 5172 ταλα-

1834 5195 1967 5260 νίξω
1985 5196 2079 5248 καὶ
2107 5196 2348 5268 δακρύω.
2375 5198 2458 5250 ὅτι
2489 5197 2641 5250 οὐδὲν
2674 5199 2870 5260 αὐτοὺς
2905 5199 3186 5271 ὠφέλησεν
3211 5204 3242 5272 ἡ
3275 5203 3408 5273 ὐμε-

1834 5278 1969 5349 τέρα
1994 5278 2217 5348 σπουδή.
2252 5280 2366 5332 Οὐκ
2393 5281 2630 5350 ἥκουσαν
2657 5280 2763 5350 γὰρ
2789 5282 2884 5334 τοῦ
2913 5285 3192 5354 προφήτου
3224 5286 3408 5354 λέγον-

1833 5375 1957 5423 τος·
2000 5361 2408 5432 Ἑξελεξάμην
2457 5364 2983 5432 παραρριπτεῖσθαι
3028 5367 3098 5419 ἐν
3141 5367 3221 5433 τῷ
3267 5371 3409 5436 οἴκῳ

1834 5443 1940 5497 τοῦ
1967 5443 2134 5508 Θεοῦ,
2159 5443 2199 5513 ἣ
2223 5446 2405 5499 οἰκεῖν
2423 5464 2498 5516 με
2518 5449 2588 5500 ἐν
2607 5447 3005 5516 σκηνώμασιν
3023 5450 3405 5520 ἁμαρτωλῶν.

1840 5526 1952 5579 Οὐκ
1967 5523 2138 5592 εἷπεν,
2167 5526 2526 5602 Ἐξελεξάμην
2548 5536 2818 5586 κατοικεῖν
2842 5536 2899 5586 ἐν
2921 5533 2998 5604 τῷ
3014 5535 3147 5606 οἴκῳ
3161 5535 3252 5588 τοῦ
3270 5535 3404 5588 Θεοῦ

1839 5626 1966 5677 μου,
2001 5611 2142 5676 οὐδὲ,
2182 5611 2497 5682 διατρίϐειν,
2533 5615 2672 5676 οὐδὲ,
2705 5616 2960 5671 εἰσιέναι·
2996 5618 3132 5684 ἀλλ’,
3175 5619 3407 5683 Ἐξελθ-

1838 5692 1874 5756 ξ
1877 5692 2037 5762 ἀμην
2057 5696 2606 5763 παραρῤιπτεῖσθαι.
2649 5699 2955 5770 Ἀγαπητόν
2982 5719 3070 5772 μοι
3095 5701 3188 5755 καὶ
3213 5702 3270 5754 ἐν
3293 5705 3406 5765 τοῖς

1839 5778 2085 5848 ἐσχάτοις
2119 5779 2402 5848 τετάχθαι·
2437 5780 2646 5852 στέργω
2679 5783 2737 5836 ἐν
2773 5783 2968 5855 τούτῳ,
2999 5784 3101 5840 κᾶν
3139 5784 3248 5839 τῶν
3276 5799 3411 5859 προ..
