3964 6342
207 358 309 412 ι’ιὸ

205 484 293 533 tus
322 490 468 543 sum,
496 478 542 533 si
587 479 671 533 vel
704 481 902 537 intrare
931 484 1255 540 vestibulum
1282 488 1411 543 mihi
1439 490 1763 547 concedatur
1783 534 1800 560 ,

208 568 381 635 Inquit
407 584 427 631 ;
455 571 631 638 magni
660 570 904 627 beneficii
934 573 1051 629 loco
1076 575 1234 641 duco,
1263 579 1305 631 si
1337 579 1417 633 vel
1444 580 1495 634 in
1520 596 1801 637 numerum

201 656 416 713 referar
461 668 855 729 postremorum
897 664 950 718 in
977 665 1138 721 domo
1169 669 1262 723 Dei
1293 669 1420 724 mei.
1451 668 1801 727 Communem

200 752 495 806 Dominum
543 768 699 809 amor
724 765 783 810 ut
810 758 1083 826 proprium
1110 760 1209 815 sibi
1239 761 1470 817 vindicat
1498 781 1511 817 :
1540 779 1602 819 ea
1631 766 1801 836 siqui-

203 843 330 897 dem
362 844 445 900 vis
486 855 571 901 est
599 848 857 903 caritatis.
899 848 965 904 In
1006 853 1156 906 domo
1195 853 1291 908 Dei
1334 856 1450 910 mei.
1483 838 1583 924 Qui
1620 867 1797 925 amat,

198 950 309 989 non
340 951 465 991 eum
519 944 723 993 tantum
775 940 956 997 videre
997 942 1267 1000 desiderat
1294 962 1453 1016 quem
1484 958 1648 1017 amat,
1700 952 1794 1006 sed

194 1030 284 1084 vel
334 1031 505 1085 solam
552 1031 671 1101 ejus
713 1032 953 1100 domum,
1003 1037 1099 1092 sed
1142 1046 1197 1092 et
1227 1039 1583 1108 vestibulum;
1627 1059 1799 1113 neque

195 1122 524 1176 vestibulum
567 1133 769 1178 tantum
812 1125 1032 1193 aedium,
1082 1128 1175 1183 sed
1228 1131 1309 1186 vel
1335 1133 1670 1201 angiportum
1716 1135 1799 1190 vel

193 1214 405 1278 vicum,
447 1223 501 1268 et
544 1215 590 1269 si
638 1215 721 1269 vel
750 1226 975 1283 vestem,
1024 1220 1108 1274 vel
1147 1220 1566 1278 calceameutum
1606 1224 1801 1281 viderit

193 1303 315 1377 ejus
365 1320 526 1375 quem
574 1316 736 1372 amat,
767 1307 941 1376 ipsum
970 1324 1028 1364 se
1074 1310 1259 1366 videre
1297 1312 1587 1368 arbitratur
1637 1330 1796 1385 quem

193 1406 364 1450 amat.
396 1397 488 1452 Sic
515 1397 691 1452 allecti
735 1399 951 1455 fuerunt
991 1402 1261 1472 propheta:
1291 1422 1306 1458 :
1336 1406 1586 1474 quoniam
1629 1407 1797 1463 Deum

194 1492 575 1560 incorporeum
618 1508 723 1546 non
753 1494 1023 1561 videbant,
1054 1495 1271 1549 domum
1315 1496 1588 1565 videbant,
1620 1506 1674 1554 et
1700 1514 1798 1569 per

193 1581 421 1641 domum
470 1590 794 1652 pra:sentem
847 1584 995 1638 illum
1046 1600 1269 1642 cernere
1310 1587 1410 1642 sibi
1460 1588 1794 1646 videbantur.

196 1672 344 1745 Elegi
374 1674 601 1745 abjectus
628 1691 736 1729 esse
760 1677 809 1729 in
841 1676 992 1730 domo
1021 1674 1118 1730 Dei
1145 1679 1241 1732 mei
1276 1679 1453 1749 magis,
1480 1696 1629 1748 quam
1654 1680 1797 1734 habi-

193 1766 378 1820 tareiu
421 1765 758 1820 tabernaculis
788 1778 1125 1836 peccatorum.
1157 1770 1339 1837 Quivis
1379 1772 1545 1837 locus,
1572 1772 1795 1843 quodvis

193 1859 429 1928 spatium
458 1874 582 1914 eum
610 1859 771 1914 domo
792 1861 884 1916 Dei
907 1872 1271 1931 conqaratum
1295 1864 1691 1921 tabernaculum
1714 1878 1796 1924 est

191 1964 564 2023 peceatorum,
606 1956 720 2011 sive
759 1956 931 2012 forum
979 1959 1201 2028 dixeris,
1251 1960 1364 2017 sive
1413 1963 1638 2030 curiam,
1683 1963 1796 2021 sive

189 2048 416 2102 domum
443 2049 798 2119 singulorum.
823 2050 970 2106 Licet
990 2053 1131 2107 enim
1160 2069 1346 2123 preces
1370 2055 1478 2111 illic
1503 2055 1651 2122 ﬁant,
1670 2056 1793 2113 licet

189 2141 640 2215 supplicatipnes,
675 2154 853 2200 tamen
885 2146 995 2201 illic
1020 2149 1394 2205 contentiones
1422 2159 1476 2206 et
1510 2167 1715 2223 pugnas
1739 2162 1794 2209 et

189 2236 477 2301 convicia,
528 2246 932 2308 conventusque
979 2239 1092 2295 ﬁeri
1150 2240 1218 2297 de
1264 2243 1607 2301 saecularibus
1650 2248 1794 2303 curis

192 2341 422 2384 necesse
448 2336 532 2381 est
555 2345 568 2381 :
591 2337 645 2381 at
672 2328 759 2383 hic
778 2328 928 2384 locus
942 2329 1009 2384 ab
1037 2331 1118 2385 his
1140 2333 1388 2389 omnibus
1408 2344 1490 2389 est
1509 2335 1789 2405 immunis;

193 2428 482 2488 propterea
512 2427 857 2491 peccatorum
887 2421 1100 2492 quidem
1130 2424 1218 2478 illa
1244 2436 1369 2481 sunt
1410 2426 1747 2484 tabernacula
1774 2472 1791 2501 ,

190 2509 311 2569 brec
338 2525 470 2565 vero
499 2511 692 2565 domus
719 2519 799 2566 est
829 2512 922 2568 Dei
954 2530 968 2567 :
995 2523 1050 2568 et
1077 2516 1524 2584 quemadmodum
1556 2528 1738 2589 portus
1760 2534 1793 2578 τι

188 2605 370 2659 ventis
400 2613 453 2659 et
478 2604 727 2661 fluctibus
764 2605 901 2660 liber
937 2606 1158 2663 multam
1189 2608 1487 2666 navibusin
1517 2627 1586 2667 eo
1609 2614 1793 2668 statio-

189 2711 317 2749 nem
345 2695 670 2764 eligcntibus
714 2696 917 2767 praebet
944 2699 1305 2766 securitatem,
1332 2706 1411 2758 ste
1455 2703 1704 2758 nimirum
1736 2715 1792 2761 et

192 2785 291 2841 Dei
318 2784 516 2840 domus
541 2795 809 2856 tamquam
835 2788 903 2843 ab
929 2798 1274 2846 externorum
1300 2793 1634 2862 negotiorum
1660 2804 1792 2849 tem-

187 2887 406 2947 pestate
443 2877 694 2947 abreptos
720 2894 836 2947 eos,
863 2881 955 2949 qui
1000 2880 1334 2950 intraverint,
1363 2884 1416 2938 in
1446 2884 1613 2941 multa
1642 2894 1790 2941 tran-

184 2970 457 3039 quillitate
481 2971 712 3025 collocat
738 2981 792 3027 et
815 2973 1123 3041 securitate,
1146 2989 1525 3046 sacrorumque
1544 2978 1789 3051 eloquio-

185 3079 310 3117 rum
359 3064 648 3119 auditionis
691 3066 975 3137 participes
1018 3066 1199 3122 efficit.
1250 3068 1349 3124 llic
1391 3071 1540 3126 locus
1577 3072 1791 3129 virtutis

183 3164 274 3210 est
306 3155 544 3223 occasio,
591 3156 942 3227 philosophize
969 3159 1152 3215 schola
1183 3178 1195 3214 :
1230 3177 1337 3216 non
1365 3162 1415 3217 in
1442 3164 1666 3220 collecta
1697 3182 1789 3221 so-

187 3248 328 3313 lum,
359 3249 488 3302 dum
533 3248 823 3319 Scripturae
866 3266 1035 3306 sacra:
1088 3253 1398 3321 recitantur,
1450 3264 1505 3310 et
1547 3255 1789 3312 doctrina

186 3328 488 3409 spiritua‘lis
512 3341 817 3413 porrigitur,
845 3358 909 3398 ac
937 3345 1365 3403 venerandorum
1395 3356 1603 3418 patrum
1628 3364 1788 3405 sena-

189 3444 281 3486 tus
305 3432 485 3487 adstat
516 3450 529 3486 :
562 3433 658 3489 sed
685 3435 873 3504 quovis
896 3435 1057 3491 etiam
1097 3438 1303 3508 reliquo
1331 3448 1593 3512 tempore,
1620 3445 1786 3499 vcsti-

186 3523 316 3579 bula
348 3534 554 3578 tantum
585 3526 885 3596 ingredere,
920 3537 1029 3584 tum
1060 3537 1115 3583 tu
1142 3531 1318 3586 subito
1358 3534 1641 3590 sceculares
1666 3550 1785 3591 om-

187 3632 287 3671 nes
324 3631 484 3671 curas
514 3616 773 3688 depones.
814 3618 955 3674 Intra
983 3621 1035 3675 in
1064 3622 1402 3690 vestibulum,
1435 3634 1490 3680 et
1518 3635 1786 3697 tamquam

185 3724 318 3769 aura
350 3710 596 3778 quaadam
635 3712 927 3781 spiritualis
955 3715 1187 3771 animam
1224 3726 1368 3772 tuam
1396 3718 1616 3774 afflabit.
1661 3721 1787 3777 Haec

187 3802 553 3871 tranquillitas
581 3806 861 3860 horrorem
891 3807 1098 3874 incutit,
1121 3817 1175 3864 et
1196 3809 1506 3881 philosopha
1518 3813 1559 3865 ri
1591 3812 1781 3869 docet:

188 3905 427 3951 ιιιεηιειιι
465 3896 642 3966 erigit,
676 3912 850 3968 neque
892 3899 1019 3954 sinit
1063 3903 1404 3970 praesentium
1433 3904 1724 3970 recordari,
1753 3923 1783 3961 a

186 3997 332 4041 terra
361 3987 418 4040 in
457 3988 648 4041 caelum
677 3997 729 4044 te
772 3990 1040 4045 transfert.
1071 3992 1223 4059 Quod
1249 3993 1294 4046 si
1333 3994 1533 4064 absque
1562 3996 1783 4053 collecta

186 4089 395 4132 tantum
435 4091 697 4150 qua-stum
743 4080 891 4146 facis,
941 4083 1084 4153 quod
1129 4084 1216 4139 hic
1259 4086 1523 4152 verseris,
1571 4090 1784 4159 quando

187 4171 423 4241 undique
454 4172 728 4241 prophetae
769 4175 1022 4242 clamant,
1054 4175 1268 4244 quando
1291 4179 1518 4247 apostoli
1557 4196 1784 4251 evange-

184 4264 311 4316 lium
332 4265 648 4333 praedicant,
667 4266 878 4337 quando
894 4277 1005 4323 stat
1019 4269 1263 4326 Christus
1280 4270 1330 4325 in
1349 4272 1548 4340 medio,
1570 4275 1782 4344 quando

166 4371 303 4424 qua:
334 4356 470 4410 fiunt
498 4357 721 4427 suscipit
751 4358 928 4426 Pater,
960 4361 1174 4430 quando
1216 4361 1452 4417 ltetitiam
1486 4378 1637 4418 suam
1663 4365 1782 4436 Spi-

182 4448 317 4501 ritus
344 4458 564 4502 sanctus
592 4449 845 4519 impertit,
877 4460 1073 4521 quanta
1099 4453 1189 4522 qui
1214 4452 1407 4509 adsunt
1431 4455 1656 4511 utilitate
1683 4472 1780 4510 cu-

180 4539 366 4594 mutati
387 4541 865 4612 recedunt,quanto
885 4542 1080 4599 damno
1099 4545 1403 4601 afficiuntur
1426 4548 1515 4618 qui
1542 4549 1778 4605 absunt?

251 4633 354 4688 Dei
396 4633 562 4688 cultus
606 4637 834 4691 omnibus
880 4637 1026 4692 rebus
1070 4639 1433 4708 prceferendus.
1476 4670 1549 4682 -—
1576 4642 1777 4698 Vellem

177 4726 321 4782 scire
344 4727 563 4783 ubinam
594 4737 892 4797 versentur,
922 4731 1013 4802 qui
1042 4733 1279 4787 collecta:
1311 4733 1571 4790 interesse
1595 4737 1780 4807 negle-

178 4828 405 4885 xerunt,
450 4819 579 4889 quid
604 4836 698 4876 eos
741 4821 1050 4888 detinuerit,
1095 4832 1149 4878 et
1178 4824 1247 4880 ab
1286 4824 1386 4880 hac
1411 4841 1563 4881 sacra
1593 4843 1777 4883 mensa

178 4912 470 4978 revocarit,
502 4912 570 4967 de
600 4914 793 4984 quibus
820 4914 961 4971 inter
988 4932 1046 4970 se
1071 4916 1464 4989 colloquantur.
1507 4919 1619 4975 lino
1648 4936 1777 4976 vero

169 5002 284 5071 jam
318 5004 491 5073 probe
533 5004 695 5073 novi;
727 5016 818 5061 aut
860 5007 1004 5062 enim
1031 5008 1099 5063 de
1145 5009 1391 5065 absurdis
1434 5026 1497 5067 ac
1538 5011 1776 5069 ridiculis

177 5095 342 5150 rebus
369 5095 768 5167 colloquuntur,
795 5110 886 5156 aut
914 5102 1262 5158 saecularibus
1286 5104 1430 5159 curis
1456 5105 1598 5159 affixi
1620 5115 1772 5162 sunt:

174 5196 408 5257 utraque
436 5203 597 5258 porro
638 5190 790 5245 venia
820 5192 979 5263 digna
1009 5209 1115 5249 non
1142 5204 1225 5250 est
1252 5198 1530 5265 occupatio
1549 5238 1563 5261 ,
1586 5206 1641 5252 et
1674 5213 1773 5254 ex-

175 5289 355 5365 trem_o
397 5280 660 5351 supplicio
700 5294 782 5338 est
826 5286 1078 5340 obnoxia.
1130 5287 1207 5342 Ac
1252 5287 1320 5344 de
1348 5290 1513 5363 priori
1558 5291 1771 5361 quidem

173 5384 356 5440 neque
402 5372 566 5426 verba
597 5372 774 5431 facere
814 5392 949 5447 opus
995 5388 1097 5443 est,
1144 5379 1224 5435 vel
1262 5379 1771 5438 demonstrationem

174 5462 379 5518 afferre
410 5480 426 5524 ;
457 5480 552 5521 eos
578 5482 707 5523 vero
735 5469 825 5539 qui
853 5485 941 5525 res
969 5470 1292 5529 domesticas
1312 5474 1465 5529 nobis
1489 5474 1768 5545 objiciunt,

167 5563 227 5607 et
256 5553 386 5610 inde
402 5569 465 5611 se
487 5557 813 5638 intolerabili
830 5564 1003 5633 urgeri
1030 5566 1348 5620 necessitate
1373 5575 1679 5632 causantur,
1703 5582 1771 5623 ne

171 5646 308 5700 istos
336 5647 554 5717 quidem
603 5654 812 5707 veniam
856 5655 1098 5712 obtinere
1147 5671 1324 5726 posse,
1356 5672 1478 5712 cum
1520 5657 1685 5713 semel
1716 5659 1768 5713 in

168 5738 512 5802 bebdomada
542 5744 645 5801 huc
672 5758 950 5815 vocentur,
979 5765 1042 5805 ac
1070 5765 1136 5804 ne
1163 5760 1273 5805 tum
1301 5749 1516 5820 quidem
1542 5764 1631 5805 res
1656 5751 1769 5833 Spi-

165 5831 396 5892 ritualcs
438 5839 664 5898 terrenis
709 5842 973 5902 anteferre
1022 5842 1327 5914 dignentur,
1373 5859 1439 5900 ex
1480 5832 1763 5916 evangeliis

815 365 881 420 IN
922 368 1147 438 ILLUD,
1191 372 1464 431 PAULUS
1504 374 1839 436 VOCATUS.
1882 379 1972 436 ET
2011 382 2103 448 DE
2139 385 2394 451 MUTAT;
2436 391 2762 451 NOMINUM.
2806 398 2892 459 IV.
3389 409 3488 463 “6

1911 506 2140 587 constat.
2168 499 2300 556 Nam
2323 511 2378 558 et
2406 505 2480 559 illi
2510 508 2598 577 qui
2627 509 2693 564 ad
2718 512 3018 580 spirituales
3048 519 3254 587 nuptias
3281 518 3491 578 fuerant

1911 586 2137 658 invitati,
2161 591 2422 663 ejusmodi
2444 601 2810 658 excusationes
2836 586 3213 673 obtendebant,
3237 612 3376 680 quod
3402 612 3489 668 hic

1908 682 2122 754 quidem
2145 685 2329 757 jngum
2358 690 2595 760 emisset,
2641 694 2733 750 ille
2761 712 2888 752 vero
2919 698 3172 769 prmdium
3211 703 3309 759 sibi
3340 720 3490 760 com-

1907 788 2168 846 parasset,
2200 780 2288 835 ille
2312 795 2559 851 sponsam
2585 785 2824 844 duxisset
2847 789 2998 861 (Luc.
3030 793 3115 849 14.
3145 795 3366 867 18-20);
3391 798 3485 853 sed

1908 868 2077 939 puniti
2122 881 2248 927 sunt
2299 882 2495 932 tamen.
2552 876 2879 937 Necessariae
2940 885 3156 951 quidem
3208 896 3333 943 sunt
3382 889 3486 945 ill:e

1906 975 2081 1016 causa:
2105 979 2120 1030 ;
2152 965 2246 1019 sed
2273 980 2394 1021 cum
2425 969 2564 1025 Deus
2593 969 2801 1039 invitat,
2833 975 2981 1029 nulla
3007 980 3347 1036 excusatione
3362 991 3489 1036 sunt

1905 1051 2080 1124 dignte
2111 1071 2126 1112 :
2157 1056 2270 1111 Deo
2313 1074 2544 1130 namque
2591 1064 2744 1118 nobis
2787 1074 2911 1120 sunt
2956 1069 3131 1123 omnia
3181 1071 3483 1127 necessaria

1904 1145 2290 1213 postbabenda.
2323 1149 2422 1206 Ubi
2452 1152 2567 1221 ejus
2594 1152 2784 1211 honori
2809 1156 2967 1214 fuerit
2995 1160 3340 1229 satisfactum,
3372 1171 3481 1218 tum

1903 1235 1956 1290 in
1986 1237 2088 1292 alia
2118 1240 2350 1296 studium
2395 1243 2752 1314 impendatur.
2792 1248 2923 1317 Quis
2965 1251 3140 1316 enim,
3170 1268 3373 1323 qureso,
3404 1253 3486 1309 fa-

1903 1329 2100 1397 mulus,
2116 1339 2400 1405 antequam
2419 1335 2638 1395 domino
2657 1337 2894 1397 debitum
2914 1343 3206 1413 expleverit
3236 1345 3483 1401 ministe-

1901 1423 2062 1488 rium,
2088 1422 2269 1478 domui
2292 1441 2402 1482 suae
2438 1444 2687 1499 umquam
2726 1433 3065 1504 providebit?
3088 1441 3170 1490 An
3194 1451 3298 1491 non
3324 1436 3483 1507 igitur

1901 1512 2191 1569 absurdum
2222 1525 2305 1571 est
2347 1517 2487 1574 inter
2513 1520 2775 1589 homines,
2808 1524 2897 1579 ubi
2936 1525 3133 1581 nudum
3180 1542 3372 1581 nomen
3400 1537 3485 1582 est

1901 1602 2224 1674 dominatus,
2254 1616 2455 1664 tantam
2490 1611 2637 1668 beris
2664 1617 3014 1670 reverentiam
3042 1616 3294 1673 exhibere
3321 1629 3483 1689 atque

1900 1694 2256 1754 obedientiam
2290 1716 2306 1759 :
2337 1718 2522 1757 verum
2551 1715 2728 1761 autem
2758 1707 3062 1776 Dominum,
3104 1724 3213 1765 non
3239 1719 3480 1767 nostrum

1899 1789 2112 1858 solum,
2156 1791 2249 1846 sed
2306 1808 2657 1863 supernarum
2705 1799 2864 1853 etiam
2928 1800 3213 1866 virtutum,
3262 1817 3332 1857 ne
3382 1820 3480 1856 eo-

1898 1880 2021 1935 dem
2068 1884 2306 1952 quidem,
2350 1903 2456 1956 quo
2501 1903 2791 1945 conservos
2838 1902 3074 1959 nostros,
3112 1893 3259 1948 cultu
3288 1901 3345 1948 et
3384 1893 3478 1947 ho-

1899 1988 2032 2029 nore
2057 1974 2306 2046 dignari?
2334 1980 2507 2048 Atque
2526 1980 2726 2035 utinam
2745 1980 2857 2037 fieri
2886 1992 3083 2053 posset,
3112 1995 3168 2038 ut
3191 1985 3243 2038 in
3266 1984 3476 2039 illorum

1897 2067 2282 2123 Conscientiam
2313 2073 2678 2139 penetraretis,
2712 2081 2823 2128 tum
2854 2090 2983 2130 vero
3023 2075 3187 2146 probe
3211 2074 3476 2147 intellige-

1899 2160 2048 2226 rctis,
2098 2169 2230 2228 quot
2269 2162 2574 2219 vulneribus
2602 2175 2889 2235 scaterent,
2921 2178 3050 2237 quot
3089 2168 3269 2238 spinas
3313 2167 3477 2224 babe-

1901 2262 2039 2308 rent.
2076 2254 2141 2311 Ut
2181 2256 2323 2311 enim
2369 2266 2530 2325 terra,
2562 2275 2681 2330 quas
2729 2258 2974 2316 manibus
3015 2262 3362 2332 agricolarum
3385 2277 3478 2316 ex-

1895 2349 2033 2404 eulta
2082 2365 2185 2405 non
2227 2360 2330 2417 est,
2377 2352 2586 2407 deserta
2632 2354 2690 2407 fit
2734 2364 2788 2409 et
2825 2354 3076 2424 sylvescit
3110 2371 3123 2410 :
3155 2353 3293 2409 baud
3321 2368 3478 2409 secus

1896 2442 2093 2509 anima,
2121 2459 2239 2513 qua:
2280 2444 2541 2514 Spirituali
2572 2444 2812 2500 deelrina
2859 2461 2962 2501 non
2995 2446 3267 2512 imbuitur,
3298 2446 3478 2516 spinas

1896 2540 1950 2586 et
1975 2531 2200 2588 tribulos
2222 2533 2484 2603 producit.
2513 2534 2568 2590 Si
2586 2534 2727 2590 enim
2754 2549 2853 2589 nos
2874 2535 2962 2605 qui
2984 2535 3219 2605 quotidie
3246 2536 3477 2591 lectione

1897 2624 2275 2695 prophetarum
2310 2625 2533 2680 fruimur
2576 2634 2630 2681 et
2658 2627 3042 2697 apostolorum,
3088 2626 3174 2681 vix
3222 2627 3476 2697 impetum

1895 2716 2057 2770 animi
2079 2716 2414 2783 cohibemus,
2442 2719 2530 2771 vix
2547 2718 2678 2772 iram
2709 2716 3002 2782 frenamus,
3025 2718 3113 2772 vix
3136 2719 3476 2787 cupiditatem

1895 2807 2253 2877 reprimimus,
2284 2810 2373 2863 vix
2409 2808 2621 2863 invidia:
2665 2809 2837 2865 tabem
2880 2808 3209 2879 repellimus,
3240 2808 3366 2864 licet
3392 2824 3479 2864 as-

1893 2899 2043 2954 sidua
2070 2900 2306 2955 carmina
2333 2916 2397 2955 ex
2425 2900 2714 2969 Scripturis
2744 2901 2908 2955 sacris
2942 2900 3256 2970 deprompta
3281 2899 3479 2954 nostris

1897 2992 2383 3061 perturbationibus
2433 2994 2772 3057 occinamus,
2827 2994 2914 3047 vix
2964 2992 3297 3062 impudentes
3348 2991 3478 3045 istas

1894 3085 2100 3141 belluas
2128 3085 2443 3140 cohibemus
2472 3103 2486 3140 :
2515 3085 2621 3140 illis
2664 3086 2857 3155 quibus
2884 3099 3172 3155 numquam
3215 3082 3476 3155 ejusmodi

1893 3185 1978 3231 est
2000 3176 2239 3231 adhibita
2267 3177 2553 3243 medicina,
2604 3191 2777 3246 neque
2820 3176 3053 3231 divinam
3082 3174 3476 3246 philosophiam

1891 3268 2232 3335 audiverunt,
2282 3286 2399 3339 quae
2443 3268 2649 3332 salutis,
2698 3283 2901 3338 quaeso,
2945 3282 3067 3339 spes
3104 3276 3187 3322 est
3227 3266 3477 3336 reliqua?

1895 3360 2098 3417 Vellera
2146 3361 2276 3416 mihi
2320 3362 2502 3417 liceret
2542 3362 2775 3415 animam
2819 3360 3026 3415 illorum
3070 3358 3241 3414 oculis
3285 3357 3477 3413 vestris

1892 3453 2177 3522 subjicere,
2208 3462 2317 3507 tum
2344 3452 2485 3507 illam
2511 3463 2562 3507 et
2592 3451 2861 3506 sordidam
2887 3460 2942 3507 et
2968 3450 3323 3521 squalentem,
3349 3465 3477 3504 con~

1892 3544 2063 3599 fusam
2110 3553 2163 3599 et
2202 3544 2461 3612 ahjectam
2508 3558 2571 3597 ac
2612 3542 2815 3613 pudore
2859 3541 3111 3597 sulfusam
3159 3540 3474 3597 cerneretis.

1890 3634 2024 3691 Nam
2048 3634 2497 3705 quemadmodum
2515 3651 2634 3705 quae
2661 3633 2863 3689 balneis
2886 3648 2990 3688 non
3014 3639 3232 3687 utuntur
3250 3646 3474 3702 corpora

1891 3726 2138 3796 squalore
2180 3742 2243 3781 ac
2267 3726 2515 3781 sordibus
2559 3724 2737 3780 multis
2787 3731 2994 3780 scatent
3024 3741 3038 3778 :
3070 3725 3139 3777 ita
3170 3738 3288 3792 quae
3315 3721 3471 3791 spiri-

1895 3818 2022 3872 tuali
2049 3817 2289 3873 doctrina
2314 3817 2523 3871 exculta
2554 3831 2658 3871 non
2684 3824 2767 3871 est
2793 3816 2988 3880 anima,
3020 3813 3199 3867 rnultis
3227 3811 3476 3867 sordibus

1892 3918 2227 3980 peccatorum
2261 3919 2345 3965 est
2371 3908 2563 3964 obsita.
2597 3908 2733 3963 Sunt
2760 3908 2901 3963 enim
2932 3906 3178 3962 balneum
3208 3904 3473 3976 quoddam

1889 4000 2164 4073 spirituale
2191 4016 2311 4070 qua:
2337 3999 2424 4055 hic
2452 3999 2604 4065 fiunt,
2635 3998 2776 4069 quod
2816 3997 2995 4052 calore
3033 3997 3260 4067 Spiritus
3285 3995 3475 4051 sordes

1888 4107 2077 4148 omnes
2098 4092 2355 4163 abstergit
2376 4109 2390 4157 ;
2415 4092 2522 4146 imo
2549 4105 2675 4146 vero
2696 4105 2800 4144 non
2816 4089 3004 4145 sordes
3027 4097 3228 4143 tantum
3246 4087 3475 4159 Spiritus

1889 4184 2024 4255 ignis
2052 4183 2327 4257 abstergit,
2358 4182 2453 4237 sed
2478 4178 2639 4237 etiam
2692 4180 2949 4236 colorem.
2980 4180 3041 4236 Si
3066 4180 3197 4233 enim
3240 4181 3466 4251 fuerint,

1889 4275 2078 4347 inquit,
2111 4282 2315 4346 peccata
2338 4283 2499 4329 ucstra
2522 4275 2651 4328 sicut
2680 4274 3014 4345 phoeniceum,
3036 4272 3164 4326 sicut
3196 4273 3358 4325 nivem
3386 4271 3474 4323 dc-

1886 4370 2064 4424 albabo
2085 4367 2239 4439 (Isai.
2259 4369 2309 4424 1.
2331 4367 2419 4437 18)
2439 4383 2456 4435 ;
2480 4367 2719 4438 quamvis
2746 4383 2850 4420 non
2867 4366 3040 4421 minus
3060 4366 3317 4421 tenaciter
3346 4378 3471 4433 pec-

1884 4476 2124 4517 catorum
2136 4461 2323 4517 sordes
2334 4460 2523 4514 animm
2538 4467 2739 4514 natur;e
2750 4459 3164 4523 adliccserint,ae
3175 4458 3219 4511 si
3235 4456 3469 4512 colorem

1884 4570 1949 4609 cx
1992 4554 2219 4608 tinctura
2248 4551 2574 4607 immobilem
2601 4550 2993 4605 contraxisset:
3024 4549 3093 4603 ita
3123 4562 3339 4617 possum
3373 4561 3473 4615 ego

1884 4646 2206 4701 contrariam
2236 4645 2290 4698 in
2314 4658 2432 4699 eam
2452 4643 2760 4713 qualitatem
2784 4640 3036 4695 inducere
3064 4657 3077 4689 τ
3105 4638 3302 4693 sullicit
3325 4637 3470 4692 enim

1883 4738 2032 4793 solus
2056 4745 2216 4791 nutus
2232 4750 2403 4800 meus,
2428 4742 2486 4789 ut
2513 4734 2690 4788 omnia
2710 4742 2925 4803 peccata
2954 4731 3252 4786 deleantur.

1951 4829 2006 4883 2.
2038 4828 2117 4885 De
2144 4828 2386 4901 fratribus
2409 4826 2614 4882 solliciti
2640 4842 2747 4880 esse
2774 4825 2951 4879 debent
2984 4825 3146 4895 ipsius
3187 4824 3462 4877 auditores.

1885 4923 2007 4978 Non
2032 4938 2200 4976 rerum
2228 4923 2435 4989 exitum,
2456 4918 2544 4975 sed
2562 4920 2718 4972 animi
2739 4918 3049 4989 propositum
3076 4915 3214 4969 Deus
3242 4924 3467 4985 spectat;

1883 5016 2187 5089 Exemplum
2209 5017 2372 5077 uiduae
2386 5014 2598 5069 orantis.
2621 5043 2693 5055 -—
2713 5012 2836 5066 llaec
2856 5025 2885 5064 a
2912 5025 3001 5065 me
3029 5024 3134 5063 non
3163 5024 3232 5063 eo
3253 5011 3357 5063 line
3383 5007 3468 5061 di-

1880 5120 2091 5175 cuntur,
2125 5116 2188 5163 ut
2210 5124 2304 5163 vos
2324 5105 2548 5161 audiatis
2572 5121 2585 5158 :
2619 5118 2791 5181 neque
2820 5102 2963 5157 enim
2988 5100 3071 5155 vel
3100 5100 3465 5155 medicamen-

1883 5204 1949 5259 tis
1980 5202 2225 5274 indigetis
2245 5243 2260 5268 ,
2290 5202 2359 5255 ob
2389 5201 2481 5254 Dei
2516 5197 2896 5268 benignitatem
2920 5201 2975 5249 et
3004 5194 3261 5264 gratiam;
3294 5192 3389 5247 sed
3412 5201 3468 5246 ut

1879 5298 1955 5353 illi
1978 5313 2074 5367 per
2099 5311 2193 5350 vos
2222 5294 2534 5364 intelligant.
2564 5289 2716 5359 Quod
2742 5289 2787 5345 si
2826 5290 2941 5345 loca
2968 5288 3105 5343 scire
3131 5286 3420 5357 potuissem
3446 5327 3463 5349 ,

1878 5389 1930 5444 in
1972 5389 2165 5459 quibus
2191 5395 2600 5457 congregantur,
2628 5395 2959 5452 nequaquam
2987 5379 3283 5434 molestiam
3322 5378 3464 5433 cari-

1881 5481 1974 5535 tati
2007 5489 2199 5535 vestra:
2226 5478 2586 5534 exhibuisscm
2618 5489 2633 5528 :
2680 5472 2775 5529 sed
2798 5471 3048 5544 quoniam
3089 5470 3203 5524 fieri
3240 5468 3461 5539 nequit,

1879 5585 1934 5627 ut
1953 5588 2053 5643 ego
2076 5572 2164 5642 qui
2188 5586 2324 5625 unus
2348 5584 2489 5632 sum,
2513 5576 2619 5629 tam
2642 5577 2982 5621 numerosum
3005 5561 3259 5632 populum
3290 5572 3460 5613 nove-

1878 5664 1999 5730 rim,
2030 5673 2220 5719 vestrae
2246 5661 2365 5716 fidei
2388 5659 2610 5715 fratrum
2632 5668 2932 5714 vestrorum
2960 5653 3289 5709 curationem
3311 5666 3462 5706 cont-

1877 5754 2032 5808 mitto
2060 5761 2271 5808 :estote
2294 5753 2361 5807 de
2390 5750 2645 5819 fratribus
2666 5748 2863 5809 .vesuis
2894 5741 3111 5802 solliciti
3131 5783 3149 5812 ,
3183 5741 3461 5799 conciliate

1878 5842 2028 5902 vobis
2056 5843 2195 5915 illos,
2235 5841 2621 5901 invitatc.Scio
2665 5855 2755 5898 vos
2791 5835 2931 5896 istud
2950 5850 3212 5914 vpcrszepc
3237 5832 3458 5899 fecisse.
