3964 6342
521 341 621 396 H7

518 455 612 510 sed
645 451 772 508 nihil
795 462 873 508 est
906 454 1006 506 hoc
1035 465 1273 520 persaepe
1304 449 1513 515 fecisse,
1535 450 1632 504 nisi
1655 465 1720 504 eo
1747 464 1912 518 usque
1939 446 2103 528 facia-

519 549 588 602 tis
611 588 627 614 ,
659 546 829 616 quoad
864 544 1232 614 persuaseritis
1276 553 1330 596 et
1367 542 1677 596 allexeritis.
1714 537 1837 595 Scio
1879 556 1976 595 vos
2003 540 2104 593 im-

523 650 779 710 portunus
803 637 983 701 fuisse,
1004 639 1114 692 scio
1134 637 1387 690 molestos
1412 651 1779 704 sa-penumero
1800 637 1943 689 visos
1965 650 2104 701 esse,

519 721 660 806 quod
691 751 796 788 non
831 732 1199 803 persuaseritis
1229 749 1241 783 :
1287 731 1512 799 ideoque
1542 730 1953 800 negligentiorcs
1985 728 2110 782 red-

521 829 611 881 Iliti
636 828 764 882 estis
790 843 804 891 ;
846 826 938 879 ενι]
966 826 1272 878 consoletur
1299 838 1393 876 vos
1425 822 1638 887 Paulus,
1671 822 1761 892 qui
1791 821 1934 884 dicit,
1966 820 2111 874 Cari-

525 930 595 976 lus
617 919 786 974 omnia
816 928 1002 985 sperat,
1035 919 1202 970 omnia
1219 917 1400 982 credit,
1425 917 1606 968 caritas
1628 931 1899 982 numquam
1926 915 2110 968 excidit

517 1014 596 1084 μ.
629 1011 747 1067 Cor.
784 1011 868 1064 13.
893 1012 969 1080 7).
1011 1010 1092 1063 Tu
1117 1009 1254 1079 quod
1285 1009 1357 1062 tui
1387 1009 1625 1062 muneris
1651 1017 1732 1062 est
1769 1021 2062 1076 exsequere
2091 1024 2104 1059 :

521 1106 764 1176 quamvis
791 1106 1118 1158 curationem
1147 1105 1232 1158 ille
1265 1119 1368 1156 non
1399 1103 1667 1169 admittat,
1697 1112 1750 1156 tu
1780 1101 1917 1171 apud
1942 1102 2107 1156 Deum

522 1199 820 1253 mercedem
846 1198 1028 1252 habes.
1055 1197 1184 1252 Nam
1211 1197 1262 1250 in
1286 1207 1479 1251 terram
1507 1196 1719 1266 quidem
1753 1199 1796 1250 si
1828 1213 2010 1252 semen
2031 1198 2111 1268 je-

521 1290 678 1358 ceris,
704 1305 875 1358 neque
896 1290 1070 1358 spicas
1094 1287 1424 1358 produxerit,
1449 1288 1629 1342 vacuis
1657 1304 1875 1343 necesse
1896 1300 1977 1344 est
2005 1305 2110 1344 ma-

524 1385 679 1438 nibus
708 1382 827 1436 inde
853 1382 1096 1437 discedas
1131 1399 1145 1434 :
1189 1394 1243 1434 at
1269 1383 1320 1435 in
1349 1383 1522 1436 anima
1553 1398 1656 1436 non
1696 1384 1764 1436 ita
1797 1384 1852 1438 fit
1886 1401 1897 1435 :
1930 1385 2023 1438 sed
2053 1395 2108 1438 tu

520 1478 732 1549 quidem
769 1494 959 1546 sparge
988 1476 1285 1531 doctrinam
1308 1519 1321 1541 ,
1355 1485 1406 1530 et
1435 1477 1558 1531 licet
1591 1477 1677 1530 illa
1709 1477 1864 1530 dictis
1889 1479 1992 1531 tuis
2019 1495 2108 1532 re-

522 1571 746 1637 stiterit,
779 1571 1034 1640 integram
1078 1569 1421 1624 nihilominus
1458 1569 1759 1624 mercedem
1791 1568 1976 1635 habes,
2008 1585 2110 1624 nec

520 1663 781 1717 minorem
806 1678 960 1730 quam
987 1661 1030 1715 si
1061 1660 1248 1714 fuisset
1275 1676 1523 1730 persuasa
1549 1675 1562 1714 :
1595 1676 1699 1714 non
1732 1662 1872 1715 enim
1905 1661 2108 1730 simpli-

521 1757 654 1808 citer
680 1769 856 1808 rerum
880 1754 1098 1814 exitum,
1132 1749 1226 1805 sed
1255 1751 1416 1804 animi
1447 1753 1773 1820 propositum
1814 1767 1996 1805 eorum
2018 1751 2107 1821 qui

520 1845 779 1907 laborant,
808 1843 1032 1897 attendit
1057 1845 1216 1903 Deus,
1245 1843 1370 1897 dum
1396 1843 1613 1914 pra-mia
1633 1843 1769 1897 snlet
1797 1844 2102 1899 decernere.

523 1937 630 1993 Vos
656 1936 812 2006 igitur
843 1935 1048 2002 hortor,
1083 1945 1138 1990 ut
1171 1936 1311 2006 quod
1343 1936 1575 2002 faciunt,
1606 1938 1694 2006 qui
1722 1937 1912 1990 studiis
1953 1936 2106 1989 thea-

518 2038 720 2083 trorum
751 2029 1056 2095 insaniunt,
1085 2037 1140 2082 et
1179 2028 1229 2081 in
1258 2043 1516 2098 equorum
1547 2029 1961 2091 certaminibus,
2007 2027 2108 2083 hoc

520 2140 615 2177 vos
642 2138 852 2194 queque
883 2122 1107 2176 faciatis.
1136 2121 1273 2188 Quid
1312 2122 1386 2174 illi
1428 2137 1587 2191 porro
1628 2121 1864 2176 faciunt?
1898 2121 2013 2175 Jam
2041 2121 2107 2174 ab

521 2217 634 2284 ipsa
677 2231 896 2284 vespera
926 2222 1152 2278 coeunt,
1194 2221 1250 2266 et.
1291 2213 1614 2267 conveniunt
1648 2213 1786 2266 inter
1829 2228 1920 2277 se,
1963 2222 2016 2266 et
2041 2212 2104 2265 ad

520 2311 746 2362 aliorum
775 2308 960 2362 domos
989 2308 1206 2362 veniunt
1231 2307 1329 2361 sub
1349 2322 1616 2372 auroram,
1642 2307 1848 2377 aliaque
1872 2309 1981 2359 loca
2005 2308 2104 2361 sibi

519 2400 827 2470 designant,
868 2410 926 2452 ut
952 2399 1107 2452 simul
1143 2398 1447 2468 congregati
1479 2399 1663 2468 majori
1691 2414 1810 2453 cmn
1838 2400 2106 2466 voluptate

519 2491 584 2544 ad
614 2492 908 2546 satanicum
933 2492 1295 2560 spectaculum
1317 2489 1444 2545 illud
1473 2489 1817 2545 adscendant.
1843 2490 2105 2558 Quemad-

519 2585 734 2638 modum
779 2585 849 2637 illi
901 2585 973 2637 rei
1014 2583 1168 2637 saluti
1209 2585 1399 2636 anima.-
1447 2598 1557 2637 sum
1589 2581 1760 2636 noxia:
1801 2583 2104 2653 diligentem

518 2691 734 2745 operam
761 2687 966 2740 navant,
995 2691 1157 2745 seque
1189 2685 1368 2729 mutuo
1399 2675 1668 2729 deducunt
1708 2693 1721 2730 :
1762 2676 1831 2729 ita
1864 2691 1958 2727 vos
1987 2676 2104 2728 ani-

517 2783 621 2821 ma:
658 2779 848 2822 vestrae
892 2784 1072 2821 curam
1119 2767 1287 2837 gerite
1310 2809 1323 2832 ,
1358 2783 1555 2837 vosque
1600 2769 1823 2821 invicem
1856 2777 2103 2822 servate:

516 2876 743 2930 eumque
772 2861 938 2912 futura
963 2861 1062 2914 erit
1087 2861 1330 2922 collecta,
1351 2861 1416 2914 ad
1439 2861 1583 2914 :cdes
1613 2877 1771 2929 perge
1802 2863 1873 2914 tui
1906 2862 2103 2924 fratris,

517 2967 744 3021 eumque
777 2951 902 3004 furis
932 2967 1026 3020 pro
1056 2952 1319 3005 vestibulo
1342 2962 1614 3021 exspecta,
1642 2963 1802 3021 atque
1828 2953 2107 3022 egredien-

517 3051 623 3096 tem
646 3042 817 3096 retine
850 3061 863 3096 :
895 3042 1016 3097 ilCCl
1053 3044 1120 3097 ab
1155 3044 1447 3098 innumeris
1477 3044 1884 3098 necessitatibus
1914 3059 2104 3112 urgea-

516 3143 620 3198 tur,
653 3151 718 3188 ne
745 3136 1041 3204 permittas,
1071 3151 1203 3191 neve
1230 3138 1373 3190 sinas
1400 3137 1657 3191 sarculare
1683 3137 1898 3206 aliquod
1937 3153 2103 3205 nego-

517 3225 650 3278 tium
681 3226 914 3295 aggredi,
950 3229 1256 3297 priusquam
1290 3229 1353 3280 ad
1382 3229 1661 3281 ecclesiam
1692 3229 1840 3282 illum
1866 3228 2102 3282 adduxe-

514 3320 610 3383 ris,
639 3329 691 3373 et
721 3319 938 3391 integrae
965 3322 1202 3376 collectae
1231 3324 1556 3390 persuaseris
1587 3323 1880 3377 interesse:
1913 3338 2101 3392 quam-

514 3412 597 3467 vis
616 3413 920 3477 contendat,
951 3417 1194 3482 quamvis
1219 3415 1567 3479 contradicat,
1595 3415 1836 3480 quamvis
1860 3415 2102 3468 innume-

515 3517 606 3557 ras
629 3505 998 3557 excusationes
1025 3505 1298 3568 obtendat,
1333 3522 1398 3558 ne
1421 3505 1493 3558 illi
1517 3505 1724 3566 eredas,
1759 3521 1857 3559 nec
1883 3505 2100 3574 acquie-

513 3609 654 3660 scas,
687 3595 780 3650 sed
819 3595 1002 3650 dicens
1049 3612 1112 3651 ac
1153 3597 1350 3652 docens
1381 3597 1492 3651 fore
1519 3639 1531 3660 ,
1568 3608 1622 3650 ut
1652 3607 1760 3651 tmn
1794 3599 1871 3651 illi
1907 3608 2100 3653 cattera

514 3687 684 3754 magis
735 3687 904 3740 facilia
961 3698 1015 3741 et
1065 3689 1308 3756 expedita
1340 3687 1649 3754 reddantur,
1685 3705 1806 3742 eum
1858 3690 2100 3744 absoluta

516 3776 765 3839 collecta,
797 3788 1072 3846 postquam
1105 3779 1368 3846 particeps
1399 3795 1612 3846 precum
1651 3779 1837 3843 fuerit,
1866 3791 2101 3850 patrum-

513 3881 619 3935 que
639 3867 1033 3922 bencdictioncs
1056 3871 1340 3936 acceperit.
1363 3869 1615 3937 deinceps
1638 3875 1699 3922 ad
1731 3871 1815 3924 illa
1847 3887 2100 3942 pr0peras

515 3959 618 4024 rit;
651 3968 808 4028 atque
836 3960 918 4013 his
945 3976 1008 4014 ac
1035 3962 1270 4030 pluribus
1297 3962 1412 4014 aliis
1440 3963 1615 4017 verbis
1644 3979 1763 4016 cum
1808 3966 1976 4031 ipsum
2007 3964 2098 4017 de-

511 4053 778 4118 vinxeris,
811 4053 876 4106 ad
907 4069 1110 4108 sacram
1142 4055 1293 4108 istam
1336 4072 1573 4109 mensam
1601 4056 1880 4120 deducito,
1914 4066 1973 4110 ut
2001 4057 2099 4110 du-

511 4145 702 4215 plicem
734 4147 1034 4202 mercedem
1075 4148 1353 4211 obtineas,
1386 4166 1504 4203 eum
1557 4151 1627 4202 ob
1669 4159 1835 4212 tuum,
1890 4159 1998 4203 tum
2031 4150 2100 4205 ob

509 4236 654 4291 illius
687 4237 991 4290 adventum.
1025 4237 1256 4292 Omnino
1283 4239 1324 4292 si
1367 4249 1570 4293 tantum
1602 4241 1760 4294 studii
1789 4250 2098 4311 tantumque

507 4329 793 4395 diiigClllilL'
824 4329 888 4381 ad
918 4329 1033 4383 illos
1061 4330 1330 4384 venandos
1359 4341 1412 4384 et
1453 4331 1784 4397 alliciendos,
1814 4332 1903 4402 qui
1935 4335 2101 4401 negli-

507 4422 778 4490 gentiores
813 4431 957 4487 sunt,
990 4422 1419 4489 adhibuerimus,
1451 4424 1684 4492 salutem
1727 4440 2095 4495 assequemur.

507 4512 854 4579 Quantumvis
894 4517 1040 4569 enim
1074 4516 1403 4584 negligentes
1440 4517 1582 4582 sint,
1633 4526 1688 4572 et
1727 4518 2092 4588 impudentes,

503 4613 563 4658 et
589 4606 907 4668 truculenti,
961 4605 1325 4662 assiduitatem
1370 4609 1626 4678 propositi
1655 4609 1818 4664 vestri
1845 4612 2090 4676 reverili,

506 4695 720 4750 tandem
749 4714 777 4749 a
803 4697 1117 4766 negligentia
1147 4697 1423 4764 desistent.
1453 4699 1635 4768 Neque
1660 4701 1802 4755 enim
1831 4701 1924 4754 illo
1952 4701 2097 4770 judi-

503 4801 567 4843 ce
593 4787 681 4856 qui
723 4786 889 4842 Deum
921 4805 1026 4842 non
1053 4798 1294 4853 noverat,
1323 4806 1498 4860 neque
1528 4791 1771 4846 homines
1811 4792 2091 4847 revereba-

503 4887 610 4942 tnr,
639 4879 938 4948 asperiores
957 4889 1099 4942 sunt,
1129 4881 1468 4949 quantumvis
1493 4881 1599 4937 sint
1619 4882 1738 4938 duri
1763 4898 1827 4939 ac
1855 4886 2052 4955 stupidi
2075 4903 2088 4939 :

503 4979 735 5024 attamen
768 4971 913 5024 illum
944 4973 1234 5038 crudelem,
1284 4990 1502 5039 saevum,
1544 4977 1802 5045 ferreum,
1833 4977 2092 5034 adaman-

504 5071 612 5114 tem
660 5061 807 5115 illum
851 5064 1008 5119 unius
1045 5065 1286 5120 mulieris
1316 5067 1490 5122 vidua:
1525 5081 1777 5124 constans
1806 5069 2090 5124 assiduitas

501 5151 742 5204 exoravit
767 5152 927 5220 (Luc.
962 5157 1048 5210 18.
1093 5156 1267 5227 ‘2-5).
1301 5156 1540 5225 Quanam
1572 5159 1732 5230 igitur
1758 5162 1916 5214 venia
1944 5162 2088 5232 digni

501 5245 724 5311 erimus,
754 5246 820 5313 si,
843 5262 962 5302 eum
994 5251 1179 5305 mulier
1208 5251 1364 5305 vidua
1393 5253 1666 5308 crudelem
1703 5254 1936 5323 judicem
1957 5298 1969 5318 ,
1996 5256 2086 5323 qui

498 5352 672 5405 neque
693 5337 856 5390 Deum
883 5339 1121 5405 timebat,
1147 5357 1243 5397 nec
1265 5343 1509 5398 homines
1536 5346 1906 5411 reverebatur,
1937 5347 2086 5401 infle-

498 5438 644 5484 ctere
670 5428 918 5498 potuerit,
950 5442 1002 5485 et
1029 5434 1094 5486 ad
1129 5435 1440 5490 beneficium
1479 5437 1860 5492 conferendum
1893 5440 2083 5508 impel-

498 5517 630 5578 lere.
662 5534 759 5573 nos
787 5519 980 5575 fratres
1002 5533 1211 5578 nostros
1233 5527 1398 5580 multo
1423 5527 1514 5581 illo
1539 5529 1922 5583 tolerabiliores
1947 5532 2085 5584 mul-

496 5621 656 5680 toque
682 5611 1031 5670 modestiores
1069 5617 1283 5672 allicere
1320 5636 1422 5672 non
1459 5623 1820 5689 potuerimus,
1853 5624 1976 5676 dum
2015 5625 2080 5677 ad

496 5703 707 5765 pronria
744 5703 863 5758 illos
887 5707 1166 5762 commoda
1191 5712 1513 5777 capessenda
1547 5713 1925 5769 cohortamur?
1954 5716 2079 5771 Ila'c

497 5800 632 5859 saepe
661 5791 794 5860 dixi,
827 5810 1000 5860 neque
1025 5795 1204 5857 dicere
1230 5803 1472 5872 cessabo,
1496 5803 1665 5862 donec
1691 5821 1782 5862 eos
1811 5821 1969 5863 sanos
1991 5808 2072 5864 vi-

1242 334 1298 389 S.
1339 333 1616 391 JOANNIS
1653 329 2126 390 CllRYSOSTOMI
2164 330 2484 392 ARClilEP.
2521 338 3058 399 CONSTANTINOP.
3691 351 3778 406 MS

2219 447 2368 516 dcro,
2405 451 2492 521 qui
2518 463 2795 523 aegrotant.
2827 456 3058 525 Singulis
3085 456 3270 512 diebus
3305 457 3427 512 illos
3463 474 3669 528 qua-ro,
3697 464 3780 517 do-

2215 554 2311 593 nec
2339 555 2496 608 opera
2529 553 2703 598 vestra
2737 546 2852 600 illos
2883 548 3164 601 inveniam.
3194 553 3237 602 A
3267 550 3419 606 vobis
3456 551 3614 606 etiam
3653 570 3781 607 sum.

2215 647 2432 700 nmpere
2467 638 2759 702 contendo,
2809 649 2865 692 ut
2893 640 3077 693 eodetn
3100 641 3409 714 cum_animi
3438 641 3643 709 dolore,
3673 661 3782 700 cum

2215 739 2320 791 quo
2352 723 2465 778 hinc
2492 743 2520 779 a
2548 744 2632 781 me
2665 745 2804 782 nunc
2835 731 3104 797 dicuntur,
3132 747 3251 784 cum
3278 731 3466 786 eodem
3499 733 3677 789 labore
3706 753 3784 789 ne-

2214 815 2555 884 gligentioses
2596 819 2922 889 disquiratis.
2953 823 3066 875 Non
3098 823 3238 877 enim
3272 824 3399 876 mihi
3433 833 3632 878 tantum
3658 868 3670 890 ,
3703 830 3783 879 sed

2214 918 2264 958 et
2297 908 2444 962 vobis
2469 908 2667 964 Paulus
2705 915 2986 984 prmccmt,
3017 926 3072 968 ut
3101 917 3462 969 membrorum
3503 926 3782 971 vestrorum

2214 1013 2394 1052 curam
2426 1003 2646 1070 geratis.
2680 1003 3021 1059 Conso/amitti
3060 1009 3197 1060 enim
3221 1050 3235 1073 ,
3281 1008 3484 1077 inquit,
3515 1009 3715 1062 invicem
3741 1029 3784 1062 in

2215 1090 2374 1144 verbis
2395 1091 2521 1157 istis,
2551 1095 2678 1147 sicut
2704 1106 2749 1148 et
2779 1098 2986 1164 facitis:
3016 1109 3070 1152 et
3100 1116 3304 1166 rursus,
3344 1098 3626 1168 Ediﬁcate
3643 1103 3787 1154 alter-

2214 1194 2383 1238 utrum
2406 1187 2451 1256 (1
2486 1187 2633 1242 Thes.
2665 1191 2718 1244 5.
2751 1191 2862 1262 11).
2892 1191 3075 1261 Magna
3107 1193 3302 1262 quippe
3332 1208 3536 1248 merces
3565 1209 3658 1247 eos
3690 1212 3786 1247 ma-

2216 1286 2325 1340 net,
2351 1278 2440 1347 qui
2468 1277 2535 1332 de
2559 1279 2812 1336 fratribus
2840 1294 2962 1336 sunt
2993 1283 3227 1348 solliciti,
3259 1285 3655 1356 maximumque
3676 1303 3788 1354 rup-

2215 1368 2432 1439 plicium
2455 1370 2557 1424 illis
2579 1373 2839 1440 imminet,
2868 1375 2957 1444 qui
2989 1376 3210 1428 salutem
3244 1375 3451 1428 illorum
3471 1377 3688 1432 minime
3708 1393 3788 1431 cu-

2215 1471 2338 1517 rant
2366 1471 2420 1518 et
2445 1464 2735 1534 negligant.

2284 1555 2335 1610 5.
2380 1556 2584 1609 Auditio
2623 1569 2710 1610 aut
2753 1557 2896 1612 lectio
2928 1559 3247 1629 Scriptura,
3279 1561 3385 1614 sine
3410 1563 3684 1624 intellectu,
3727 1563 3791 1616 nil

2215 1657 2466 1717 prosunt;
2507 1652 2919 1721 commonefactio
2947 1653 3195 1705 dictorum
3229 1655 3478 1724 superius.
3511 1686 3582 1694 —
3610 1655 3793 1723 Quam-

2213 1740 2399 1794 obrem
2445 1741 2601 1796 valde
2630 1743 2842 1797 confido
2880 1745 3150 1816 credoque
3177 1761 3275 1801 VOS
3309 1763 3371 1801 ea
3415 1763 3537 1818 qua:
3575 1748 3790 1802 diximus

2214 1847 2406 1903 magna
2454 1848 2574 1888 cum
2623 1836 2784 1889 animi
2813 1837 3086 1894 alacritate
3131 1840 3461 1906 prazstituros
3493 1859 3506 1894 :
3535 1856 3693 1909 quam
3731 1841 3793 1893 ob

2213 1940 2427 1980 causam
2458 1926 2542 1981 hic
2572 1928 2890 1983 adhortandi
2919 1930 3080 1984 finem
3117 1930 3319 1985 faciens
3340 1973 3354 1995 ,
3389 1932 3454 1985 ad
3487 1933 3628 1986 Pauli
3653 1950 3793 1986 men-

2213 2033 2326 2072 sam
2354 2020 2620 2076 deduccrc
2663 2038 2758 2076 vos
2797 2024 3053 2076 conabor.
3097 2022 3295 2078 Paulus
3319 2036 3522 2078 vocatus
3547 2029 3792 2096 apostolus

2217 2114 2294 2184 (l.
2333 2114 2451 2167 Cor.
2477 2116 2527 2169 1.
2558 2116 2631 2184 1).
2661 2115 2784 2169 11ωο
2809 2130 3178 2186 saepenumero
3206 2128 3260 2172 et
3288 2134 3316 2170 a
3344 2119 3496 2172 vobis
3523 2119 3722 2185 audita,
3746 2128 3792 2172 et

2213 2223 2239 2258 a
2259 2206 2411 2262 nobis
2429 2217 2552 2261 sunt
2573 2208 2706 2263 lecta
2728 2226 2742 2265 :
2763 2209 2856 2263 sed
2875 2226 2979 2264 non
2997 2210 3172 2279 legere
3192 2218 3416 2275 tantum,
3435 2214 3618 2264 varam
3639 2212 3789 2265 etiam

2213 2298 2509 2368 intelligere
2529 2316 2648 2369 quae
2677 2300 2925 2354 dicuntur
2950 2310 3160 2370 oportet
3192 2319 3204 2354 :
3234 2303 3427 2370 alioqui
3464 2302 3666 2354 nullum
3711 2317 3794 2355 no-

2213 2393 2294 2447 bis
2320 2393 2527 2448 lucrum
2549 2410 2613 2449 ex
2645 2395 2874 2451 lectione
2894 2397 3178 2451 constabit.
3203 2396 3474 2466 Siquidem
3501 2395 3790 2458 thesaurus,

2211 2487 2254 2539 si
2283 2502 2512 2556 superne
2550 2488 2806 2555 calcetur,
2837 2489 3048 2543 divitias
3079 2505 3185 2542 non
3227 2488 3497 2553 ostendit;
3541 2488 3634 2542 sed
3677 2487 3793 2541 etfu-

2211 2577 2436 2632 diendus
2475 2588 2558 2632 est
2588 2581 2768 2648 prius,
2810 2588 2864 2635 et
2906 2591 3183 2650 postquam
3238 2581 3372 2635 infra
3413 2581 3786 2643 descenderis,

2211 2685 2424 2724 onmem
2455 2669 2649 2725 deinde
2675 2682 2932 2742 quaestum
2976 2673 3218 2727 invenies
3252 2692 3265 2726 :
3299 2675 3367 2726 ita
3410 2689 3623 2743 quoque
3665 2674 3721 2726 fit
3748 2674 3792 2726 in

2211 2764 2535 2834 Scripturis;
2567 2783 2671 2820 non
2699 2769 2809 2822 sola
2837 2767 3036 2822 Sufficit
3074 2768 3230 2822 lectio
3255 2768 3318 2822 ad
3361 2768 3667 2822 recoiiditos
3706 2768 3791 2821 bo-

2212 2874 2400 2912 norum
2433 2858 2714 2915 thesauros
2744 2861 3053 2915 iudicandos
3074 2905 3089 2929 ,
3115 2862 3214 2915 nisi
3242 2861 3560 2930 profundum
3598 2873 3792 2916 scrute-

2211 2948 2305 3002 ris.
2325 2948 2380 3004 Si
2401 2950 2556 3004 lectio
2573 2952 2860 3014 sufficeret,
2879 2969 2981 3006 non
2999 2954 3217 3007 dixisset
3235 2954 3478 3008 eunucho
3497 2954 3789 3023 Philippus:

2213 3038 2442 3096 Putasne
2468 3043 2707 3114 intelligis
2731 3061 2845 3113 qua:
2867 3046 2986 3114 legis
3012 3045 3147 3109 (Act.
3179 3047 3230 3100 8.
3255 3047 3387 3113 50)?
3413 3045 3468 3100 Si
3499 3047 3659 3100 lectio
3688 3045 3792 3098 suf-

2210 3132 2424 3198 ficeret,
2468 3134 2666 3190 Judmis
2709 3137 2950 3191 Christus
2998 3156 3106 3192 non
3151 3139 3373 3193 dixisset
3420 3159 3432 3192 ε
3492 3139 3791 3194 Scrutamini

2211 3224 2506 3296 Scripturas
2532 3227 2710 3298 (Joan.
2739 3229 2792 3284 5.
2826 3229 2916 3299 59)
2948 3246 2962 3283 :
2993 3240 3045 3282 at
3072 3231 3114 3282 is
3142 3231 3228 3300 qui
3257 3241 3546 3295 scrutatur,
3583 3248 3687 3285 non
3715 3248 3792 3285 su-

2211 3317 2426 3385 perficie
2447 3327 2602 3372 tenus
2617 3319 2875 3386 subsistit,
2893 3322 2982 3375 sed
3007 3321 3072 3375 ad
3099 3323 3413 3390 profundum
3440 3323 3613 3392 ipsum
3638 3339 3790 3391 usque

2207 3407 2502 3463 descendit.
2532 3409 2744 3466 Etenim
2773 3412 2822 3464 in
2865 3412 2980 3480 ipso
3016 3413 3236 3467 exordio
3281 3416 3505 3469 multum
3547 3431 3788 3471 sensuum

2208 3499 2428 3572 pelagus
2452 3517 2636 3557 cerno.
2671 3506 2842 3574 Atque
2872 3505 2921 3558 in
2952 3505 3298 3560 saecularibus
3318 3507 3530 3577 quidem
3562 3507 3790 3578 epistolis

2207 3591 2554 3646 salutationes
2583 3608 2797 3663 quoquo
2824 3595 2982 3649 modo
3010 3596 3160 3659 fiunt,
3191 3597 3363 3650 solum
3393 3596 3655 3653 honorem
3682 3599 3786 3652 cul-

2208 3692 2426 3753 tumque
2455 3682 2758 3757 defcrentes
2783 3703 2794 3737 :
2823 3685 2908 3740 hic
2936 3703 3063 3742 vero
3089 3703 3194 3740 non
3217 3687 3303 3753 ita,
3333 3688 3424 3742 sed
3449 3689 3614 3743 multa
3639 3703 3784 3744 exor-

2205 3773 2351 3827 dium
2383 3776 2640 3844 sapientia
2672 3777 2955 3832 redundat.
3007 3778 3122 3832 Non
3163 3780 3306 3833 enim
3354 3780 3546 3834 Paulus
3585 3789 3665 3834 est
3707 3780 3785 3849 qni

2205 3865 2464 3935 loquitur,
2496 3867 2587 3921 sed
2615 3868 2702 3936 qui
2730 3868 2960 3923 animam
2988 3870 3105 3938 ejus
3147 3880 3325 3925 movet
3353 3871 3620 3926 Christus.
3650 3871 3784 3925 Pau-

2204 3959 2284 4011 lus
2310 3969 2532 4013 vocatus.
2567 3960 2679 4014 Hoc
2727 3976 2947 4030 nomen,
2985 3963 3198 4027 Paulus,
3243 3981 3405 4018 unum
3454 3965 3666 4035 quidem
3715 3974 3787 4018 est

2205 4051 2508 4122 nudumque
2539 4069 2732 4108 nomen
2766 4071 2780 4108 :
2814 4055 2912 4111 sed
2959 4064 3164 4110 tantum
3205 4073 3458 4112 sensuum
3492 4057 3783 4112 thesaurum

2205 4142 2364 4197 habet
2389 4144 2748 4211 reconditum,
2788 4155 3046 4217 quantum
3076 4148 3404 4216 experientia
3435 4150 3782 4218 comperistis.

2202 4234 2334 4287 Nam
2368 4237 2409 4287 si
2442 4237 2818 4302 recordamini,
2853 4247 2963 4293 tres
2994 4240 3227 4309 integros
3271 4240 3389 4294 dies
3425 4240 3494 4295 de
3541 4243 3654 4294 solo
3693 4239 3787 4294 hoc

2204 4328 2417 4381 nomine
2445 4327 2764 4384 disseruisse
2790 4346 2876 4384 me
2905 4331 3052 4384 scitis
3073 4373 3088 4396 ,
3120 4331 3247 4384 dum
3272 4346 3464 4386 causas
3508 4331 3748 4386 afferrent
3767 4371 3781 4395 ,

2200 4421 2270 4472 ob
2297 4436 2428 4488 quas
2453 4437 2574 4475 cum
2615 4422 2810 4476 Saulus
2846 4433 3000 4478 antea
3031 4433 3332 4490 vocaretur,
3365 4424 3563 4478 Paulus
3607 4424 3785 4478 deinde

2199 4519 2418 4565 vocatus
2444 4522 2545 4578 est,
2570 4523 2624 4566 et
2644 4529 2748 4582 qua
2775 4512 2843 4568 de
2863 4529 3022 4568 causa
3052 4529 3157 4567 non
3181 4515 3358 4567 statim
3387 4514 3454 4567 ad
3480 4515 3637 4569 fidem
3663 4530 3782 4570 con-

2199 4617 2386 4656 versus
2415 4602 2551 4658 hanc
2591 4604 3002 4674 appellationem
3049 4606 3294 4674 accepit,
3337 4605 3432 4658 sed
3472 4606 3538 4659 ad
3571 4607 3780 4660 multum

2200 4705 2408 4764 tempus
2435 4711 2628 4750 nomen
2659 4697 2898 4762 retinuit,
2929 4697 3069 4767 quod
3102 4697 3175 4751 illi
3203 4712 3232 4750 a
3262 4698 3522 4766 principio
3547 4708 3781 4767 parentes

2198 4785 2606 4855 imposuerant:
2651 4787 2977 4856 multamque
3021 4787 3115 4842 Dei
3159 4789 3474 4856 sapientiam
3522 4799 3578 4843 et
3620 4788 3782 4859 provi-

2198 4877 2430 4930 dentiam
2471 4893 2538 4932 ex
2577 4894 2642 4932 eo
2685 4879 3166 4933 demonstravimus
3209 4895 3330 4934 cum
3373 4896 3500 4951 erga
3534 4897 3651 4945 nos,
3681 4890 3780 4933 tum

2197 4983 2322 5039 erga
2349 4979 2561 5023 sanctos
2603 4970 2721 5023 illos
2751 4969 3064 5025 exhibitam.
3108 4970 3239 5025 Nam
3271 4973 3316 5026 si
3345 4971 3530 5026 liberis
3555 4974 3666 5028 suis
3690 4973 3778 5024 ho-

2196 5061 2369 5115 mines
2390 5076 2493 5115 non
2525 5071 2727 5116 temere
2758 5079 2952 5117 nomen
2983 5065 3293 5133 imponunt,
3322 5064 3418 5119 sed
3446 5066 3527 5120 vel
3557 5081 3589 5119 a
3619 5075 3777 5135 patre,

2197 5153 2281 5208 vel
2304 5154 2371 5208 ab
2395 5170 2494 5208 avo
2515 5197 2530 5220 ,
2560 5155 2640 5208 vel
2666 5171 2696 5208 a
2724 5155 3014 5224 majoribus
3040 5157 3249 5210 czeteris
3291 5157 3507 5210 nomina
3542 5168 3778 5212 mutuan-

2193 5257 2281 5301 tur
2312 5265 2324 5299 :
2359 5247 2524 5301 multo
2564 5249 2734 5319 magis
2769 5250 2912 5302 Dens
2951 5251 3120 5304 servis
3156 5252 3268 5304 suis
3294 5267 3400 5304 non
3451 5252 3571 5307 sine
3597 5266 3775 5315 eausa,

2193 5357 2292 5395 nec
2318 5342 2433 5396 sine
2467 5343 2672 5396 ratione
2718 5343 2892 5413 aliqua
2938 5344 3325 5414 appellationes
3370 5345 3647 5414 imposuit,
3691 5344 3771 5398 sed

2191 5433 2379 5502 majori
2406 5451 2524 5487 cmn
2543 5434 2746 5503 judicio
2769 5452 2829 5490 ac
2851 5437 3135 5505 sapientia.
3160 5436 3434 5504 Siquidem
3462 5437 3702 5491 homines
3726 5438 3770 5487 in

2193 5524 2448 5580 honorem
2477 5527 2846 5582 defunctorum
2875 5571 2890 5594 ,
2941 5530 3026 5581 vel
3074 5527 3140 5582 ad
3172 5543 3323 5582 suam
3367 5530 3772 5582 consolationem

2189 5635 2559 5689 saepenumero
2589 5622 2895 5674 nominibus
2920 5631 3254 5675 mortuorum
3287 5619 3424 5674 filios
3453 5635 3583 5675 suos
3608 5617 3776 5688 appel-

2189 5710 2320 5777 lant,
2363 5728 2533 5780 eoque
2569 5721 2723 5781 pacto
2752 5728 2846 5782 per
2884 5713 3296 5782 appellationem
3327 5712 3621 5767 liberorum
3649 5708 3778 5764 sola-

2191 5805 2322 5864 tium
2351 5803 2446 5860 sibi
2475 5803 2672 5861 doloris
2706 5804 3025 5876 excogitant,
3059 5819 3220 5876 quell
3245 5820 3309 5861 ex
3334 5803 3483 5861 obitu
3508 5803 3775 5863 defuncto-
