3964 6342
307 300 410 360 ιιι

306 423 405 477 οὑκ
433 419 723 475 ὲπείσατεο
759 417 854 470 καὶ
882 416 1044 471 τοῦτο
1081 419 1226 488 ὑμᾶς
1258 417 1651 489 ὀκνηροτέρους
1696 416 1886 486 ἐποίη-

308 522 429 560 σεν·
475 502 616 557 ἀλλά
666 501 1097 574 παραμυθείσθω
1143 503 1288 571 ὑμᾶς
1333 505 1361 555 6
1412 501 1622 564 Παῦλος
1672 500 1885 567 λέγων’

316 590 374 642 Ἠ
411 585 618 655 ἀγάπη
645 585 842 639 πάντα
871 582 1113 646 ἐλπίζει,
1148 584 1345 638 ,πάντα
1368 585 1655 644 πιστεύει,
1686 582 1887 651 ἀγάπη

307 672 594 728 οὐδέποτε
613 670 904 724 ἐκπίπτει.
922 668 993 720 Σὺ
1010 669 1071 720 τὸ
1094 668 1289 721 σαυτοῦ
1320 670 1545 738 ποίησον
1572 687 1585 700 ο
1620 672 1724 722 κᾶν
1753 672 1889 722 ἐκεῖ·

306 775 393 820 νος
429 756 507 827 μὴ
546 754 769 824 δέξηται
800 751 898 822 τὴν
933 751 1251 821 θεραπείαν,
1292 754 1354 806 σὺ
1385 752 1477 806 τὸν
1514 752 1705 823 μισθὸν
1743 752 1887 822 ἔχεις

305 840 457 914 παρά
480 839 563 909 τῷ
590 836 730 908 θεῷ·
778 835 902 889 Ἐπί·
936 836 1034 907 μὲν
1061 836 1169 906 γὰρ
1207 836 1307 906 τῆς
1339 837 1442 905 γῆς
1476 836 1540 890 ἂν
1573 836 1885 907 καταϐάλῃς

304 925 371 979 τά
404 923 723 992 σπέρματα,
760 919 854 973 καὶ
892 919 966 989 μὴ
999 918 1259 990 ἐξενέγκῃ
1292 921 1416 981 τοὺς
1460 920 1757 990 ἀστάχυας,
1791 936 1883 972 κε-

304 1010 420 1069 ναῖς
452 1007 670 1075 ἀνάγκη
701 1002 889 1073 χερσὶν
930 1001 1211 1054 ἀπελθεῖψ
1245 1003 1338 1054 ἐπί
1372 1002 1428 1054 δὲ
1454 1005 1553 1072 τῆς
1580 1002 1757 1072 ψυχῆς
1785 1003 1884 1072 οὑχ

302 1092 510 1155 οὕτως’
572 1089 709 1143 ἀλλά
766 1087 833 1139 σὺ
891 1087 989 1156 μὲν
1036 1084 1307 1140 κατάὸαλε
1358 1086 1458 1158 τὴν
1510 1087 1880 1150 διδασκαλίαν,

302 1184 485 1255 ἐκείνη
518 1182 577 1235 δέ
622 1179 725 1234 κᾶν
767 1178 841 1249 μὴ
887 1177 1081 1248 πεισθῇ
1119 1180 1232 1240 τοῖς
1280 1177 1615 1247 λεγομένοις,
1642 1180 1879 1249 ἀπηρτι-

302 1278 504 1349 σμένον
546 1275 690 1345 ἔχεις
741 1271 831 1324 τὸν
879 1270 1090 1340 μισθὸν,
1120 1272 1214 1324 καὶ
1258 1270 1530 1335 τοσοῦτον,
1575 1272 1699 1324 ὅσον
1732 1271 1798 1325 ἂν
1831 1273 1880 1324 εί

301 1369 561 1438 amice-ty
602 1368 663 1421 οὑ
694 1364 803 1435 γὰρ
847 1364 924 1435 τῷ
964 1365 1110 1417 τέλει
1151 1364 1261 1417 τῶν
1293 1363 1635 1434 πραγμάτων
1670 1363 1876 1427 ἁπλῶς,

300 1454 435 1507 ἀλλά
478 1454 548 1523 τῇ
597 1449 792 1523 γνώμῃ
840 1450 950 1504 τῶν
994 1446 1298 1501 πονούντων
1347 1446 1628 1517 προσέχων
1654 1449 1682 1500 6
1722 1446 1876 1510 Θεὸς,

297 1543 439 1597 οὕτω
454 1543 557 1603 τὰς
582 1541 813 1612 ἀμοιϐὰς
834 1541 1038 1613 ὁρίζειν
1067 1538 1244 1591 εἴωθε.
1268 1536 1574 1608 Παρακαλῶ
1596 1532 1688 1591 οὖν
1709 1538 1874 1607 ὑμᾶς,
1916 1575 1921 1581 .

296 1637 433 1706 ὅπερ
480 1634 726 1687 ποιοῦσιν
783 1631 994 1700 οἱπερὶ
1046 1629 1113 1682 τὰ
1147 1628 1350 1699 θέατρα
1398 1628 1701 1700 μεμηνότες
1740 1626 1878 1698 πρὸς

295 1729 394 1790 τάς
428 1725 540 1779 τῶν
573 1726 755 1779 ἵππων
785 1724 1034 1796 ἁμίλλας,
1068 1722 1227 1775 τοῦτο
1271 1721 1365 1774 καὶ
1391 1720 1548 1791 ὑμεῖς
1588 1722 1872 1790 ποιήσατε.

296 1820 361 1872 Τί
387 1819 445 1872 δὲ
468 1820 669 1871 ἐκεῖνοι
691 1814 972 1882 ποιοῦσιν;
1005 1815 1135 1867 Ἀπὸ
1157 1810 1394 1883 ἑσπέρας
1415 1812 1677 1883 ἀλλήλους
1701 1826 1725 1853 ιι
1752 1830 1875 1864 συν-

294 1912 610 1973 τάσσονται,
640 1910 735 1963 καὶ
765 1909 847 1971 εἰς
894 1907 994 1971 τὰς
1040 1907 1218 1968 οἰκίας
1262 1904 1508 1973 ἀλλήλων
1560 1904 1873 1958 ἀπαντῶσιν

296 2003 403 2056 ὑπὸ
434 2004 533 2070 τὴν
556 2002 651 2067 Em,
682 2002 776 2054 καὶ
801 2000 998 2062 τόπους
1026 1998 1246 2069 ἐτέρους
1265 1997 1478 2060 ἑαυτοῖς
1499 1994 1870 2067 ἀφορίζουσιν,

296 2098 361 2150 ἵν’
397 2094 536 2166 ὁμοῦ
585 2092 1065 2166 συγκροτηθέντες,
1106 2090 1242 2162 μετὰ
1285 2090 1528 2152 πλείονος
1567 2089 1755 2160 ἡδονῆς
1780 2090 1872 2142 ἐπὶ

294 2186 393 2255 τὴν
428 2183 721 2254 σατανικήν
763 2182 977 2253 ἐκείνην
1013 2181 1276 2235 ἀνέλθωσι
1303 2180 1451 2237 θέαν.
1487 2181 1695 2251 Ὥσπερ
1725 2182 1869 2233 ἐκεῖ-

294 2296 374 2331 νοι
403 2277 545 2331 κατά
571 2277 671 2347 τῆς
704 2273 913 2328 ἑαυτῶν
948 2273 1307 2336 σπουδάζουσι
1335 2272 1532 2343 ψυχῆς,
1567 2274 1661 2325 καὶ
1709 2271 1870 2343 ἀλλήο

293 2368 415 2431 λους
446 2365 940 2436 συγκατασπῶσιν·
970 2362 1144 2427 οὑτως
1192 2364 1349 2434 ὑμεῖς
1391 2365 1728 2435 προνοήσατε
1769 2363 1869 2432 τῆς

291 2460 503 2514 ἑαυτῶν
533 2460 734 2530 ψυχῆς,
770 2458 864 2512 καὶ
898 2457 1159 2527 ἀλλήλους
1181 2455 1600 2521 συνδιασώσατε,
1626 2457 1721 2510 καὶ
1747 2474 1870 2508 συν-

291 2555 467 2619 άξεως
506 2551 805 2623 μελλούσης
845 2550 1112 2619 γίνεσθαι,
1144 2551 1237 2603 ἐπὶ
1276 2548 1374 2620 τὴν
1405 2549 1581 2603 οἰκίαν
1622 2550 1868 2618 ἀπάντη-

291 2663 382 2699 σον
420 2645 517 2698 τοῦ
545 2644 795 2712 ἀδελφοῦ,
830 2644 926 2696 καὶ
955 2643 1245 2712 ἀνάμεινον
1278 2641 1383 2706 ἔξω
1418 2641 1526 2694 τῶν
1557 2641 1866 2713 προθύρων,

288 2738 383 2791 καὶ
419 2736 706 2802 ἐξελθόντα
735 2736 1008 2806 κάτασχε·
1043 2734 1148 2789 κᾶν
1185 2734 1376 2805 μυρίαι
1428 2733 1664 2787 καλῶσιν
1698 2734 1867 2803 ἀνάγ-

286 2848 404 2894 και,
446 2831 522 2901 μή
557 2828 940 2899 συγχωρήσῃς,
971 2827 1107 2898 μηδὲ
1137 2826 1438 2898 ἐπιτρέψῃς
1461 2825 1699 2897 ἅψασθαί
1724 2841 1868 2889 τινος

284 2920 394 2975 τῶν
414 2920 708 2991 βιωτικῶν,
728 2920 856 2990 πρὶν
872 2919 951 2978 εἰς
966 2917 1065 2989 τὴν
1082 2917 1378 2986 ἐκκλησίαν
1392 2917 1618 2984 ἀγαγεῖν
1635 2916 1729 2968 καὶ
1745 2918 1866 2967 πεῖ-

286 3032 375 3068 σαι
406 3016 507 3083 τῆς
531 3011 802 3075 συνάξεως
832 3012 1121 3080 μετασχεῖν
1143 3008 1361 3079 ἀπάσης
1385 3025 1397 3037 ·
1426 3006 1529 3061 κᾶν
1562 3006 1861 3078 φιλονεικῇ,

282 3111 388 3163 κᾶν
410 3108 687 3178 ἀντιλέγῃ,
714 3106 817 3160 κᾶν
846 3107 1045 3177 μυρίας
1072 3104 1413 3176 προϐάληται
1443 3104 1768 3175 προφάσεις,
1789 3101 1863 3173 μὴ

282 3202 534 3269 πεισθῇς,
594 3200 727 3270 μηδέ
766 3200 997 3272 ἀνάσχῃ,
1038 3199 1153 3252 ἀλλ’
1187 3198 1356 3251 εἰπὼν
1396 3197 1491 3251 καὶ
1534 3197 1753 3263 διδάξας
1781 3199 1865 3251 ὅτι

279 3293 376 3346 καὶ
407 3292 475 3345 τά
516 3292 652 3346 ἄλλα
699 3292 847 3362 αὑτῷ
890 3300 1013 3344 τότε
1063 3294 1261 3362 μᾶλλον
1313 3291 1858 3363 ἐξευμαρισθήσεται,

278 3385 410 3438 ὅταν
435 3383 536 3455 τήν
583 3383 803 3451 σύναξιν
851 3384 1201 3447 ἐπιτελέσας,
1246 3387 1344 3438 καὶ
1394 3386 1731 3455 κοινωνήσας
1773 3386 1864 3438 εὑ-

281 3476 416 3547 χῶν,
448 3476 545 3529 καὶ
578 3474 839 3543 εὑλογιῶν
870 3475 1134 3546 Πατέρων
1182 3473 1519 3538 ἀπολαύσας,
1554 3474 1696 3528 οὑτω
1725 3476 1861 3546 πρὶς

278 3568 467 3620 ἐκεῖνα
495 3564 649 3638 [152]
683 3565 909 3637 βαδίζει,
939 3567 1034 3619 καὶ
1055 3565 1266 3629 τούτοις
1296 3565 1392 3618 καὶ
1420 3565 1628 3620 πλείοσι
1657 3566 1862 3620 τούτων

279 3658 490 3729 ἑτέροις
525 3657 704 3726 λόγοις
729 3657 1039 3729 καταδήσας
1058 3658 1239 3721 αὑτὸν,
1271 3657 1444 3723 οὑτως
1475 3660 1574 3728 ἄγε
1604 3660 1739 3731 πρὸς
1762 3661 1860 3732 τὴν

279 3749 434 3815 ἱεράν
457 3747 663 3818 ταύτην
689 3747 989 3818 τράπεζαν.
1017 3749 1104 3804 ἵνα
1133 3748 1353 3805 διπλοῦν
1378 3750 1508 3823 ἔχῃς
1527 3752 1618 3805 τὸν
1647 3752 1857 3822 μισθὸν,

276 3840 375 3895 καὶ
407 3841 551 3913 ὑπὲρ
583 3842 683 3912 τῆς
715 3839 933 3902 ἑαυτοῦ,
967 3842 1061 3895 καὶ
1092 3842 1231 3912 ὑπὲρ
1267 3843 1366 3915 τῆς
1406 3844 1613 3898 ἐκείνου
1653 3861 1860 3918 παρου-

278 3931 423 3996 σίας.
461 3932 704 3996 Πάντως,
735 3932 799 3987 ἂν
828 3932 1065 4008 τοσαύτῃ
1093 3934 1187 3988 καὶ
1215 3935 1416 4008 σπουδῇ
1450 3937 1545 3992 καὶ
1582 3938 1859 4010 προθυμία

275 4024 408 4093 περὶ
438 4022 537 4095 τὴν
564 4025 740 4096 ἄγραν
777 4025 886 4078 τῶν
926 4026 1315 4098 ρᾳθυμοτέρων
1350 4027 1704 4100 χρησώμεθα,
1741 4031 1859 4084 ἐπι-

272 4112 578 4185 τευξόμεθα
589 4115 685 4185 τῆς
704 4116 995 4187 σωτηρίας.
1011 4117 1131 4171 Κᾶν
1152 4117 1262 4189 γὰρ
1288 4120 1546 4190 μυριάκις
1561 4114 1692 4175 ὦσιν
1717 4122 1860 4190 ὀλίγ-

273 4221 409 4276 ωροι
444 4204 539 4258 καὶ
589 4206 931 4278 ἀναίσχυντοι
961 4210 1056 4263 καὶ
1099 4212 1329 4280 φονικοὶ,
1369 4211 1431 4265 τὸ
1460 4214 1679 4284 συνεχὲς
1703 4215 1856 4285 ὑμῶν

273 4295 377 4364 τῆς
409 4297 779 4368 προαιρέσεως
818 4298 1263 4370 ἐρυθριάσαντες,
1301 4303 1697 4374 ἀποστήσονταί
1724 4324 1855 4360 ποτε

272 4383 377 4453 τῆς
411 4384 703 4456 ῥᾳθυμίας.
750 4388 830 4441 Οὐ
874 4388 982 4460 γάρ
1023 4392 1159 4443 είσιν
1203 4392 1415 4446 ἐκείνου
1466 4394 1560 4448 τοῦ
1602 4395 1852 4451 δικαστοῦ

271 4472 371 4526 τοῦ
409 4474 502 4527 τὸν
537 4475 667 4531 Θεὸν
700 4476 800 4531 οὑκ
820 4478 1019 4543 εἰδότος
1041 4480 1162 4533 οὐδὲ
1187 4482 1507 4555 ἀνθρώπους
1531 4488 1855 4559 αἰσχυνομέ-

274 4582 373 4618 νου
434 4566 837 4641 χαλεπώτεροι,
886 4570 987 4624 κᾶν
1029 4574 1287 4644 μυριάκις
1326 4574 1458 4631 ῶσιν
1502 4580 1849 4652 ἀναίσθητον

267 4657 389 4711 ἀλλ’
423 4660 574 4728 ὅμως
623 4662 828 4715 ἐκεῖνον
858 4663 950 4716 τὸν
992 4664 1165 4736 ὠμὸν,
1195 4666 1289 4720 τὸν
1334 4669 1545 4742 ἄγριον,
1578 4674 1668 4728 τὸν
1707 4676 1854 4746 σιδη-

270 4749 424 4819 ροῦν,
453 4751 546 4804 τὸν
576 4751 861 4823 ἀδάμαντα
893 4757 1022 4826 μιᾶς
1049 4761 1304 4826 γυναικὸς
1331 4764 1507 4834 χήρας
1528 4768 1852 4840 προσεδρεία

270 4840 504 4911 συνεχὴς
538 4842 874 4915 ἐδυσώπησε.
909 4847 1073 4911 Ποίας
1106 4846 1198 4904 οὖν
1232 4851 1333 4905 κᾶν
1376 4854 1570 4926 εἴημεν
1611 4859 1854 4928 συγγνώ-

271 4949 382 5002 μης
426 4932 590 4998 ἄξιοι,
627 4936 677 4989 εί
726 4937 982 5005 γυναικὸς
1023 4940 1197 5010 χήρας
1240 4941 1501 5015 δικαστὴν
1547 4948 1717 5018 ὠμὸν,
1754 4951 1851 5004 καὶ

270 5023 412 5089 μήτε
447 5021 539 5074 τὸν
566 5022 700 5077 Θεὸν
737 5025 1093 5098 φοϐούμενον,
1128 5033 1265 5102 μήτε
1299 5034 1621 5105 ἀνθρώπους
1667 5042 1850 5108 ἐντρε-

267 5110 528 5181 πόμενον,
550 5114 869 5187 δυνηθείσης
891 5120 1200 5192 ἐπικάμψαι
1222 5127 1317 5179 καὶ
1339 5130 1522 5182 πεῖσαι
1545 5129 1725 5184 δοῦναι
1748 5133 1847 5205 τὴν

266 5202 450 5273 χάριν,
479 5206 645 5275 ήμεῖς
674 5208 800 5271 τοὺς
840 5209 1102 5280 ἀδελφοὺς
1132 5216 1259 5280 τοὺς
1288 5219 1674 5292 ἀνεκτοτέρους
1701 5202 1846 5277 ἐκεί-

265 5311 355 5347 νου
388 5295 589 5366 πολλῷ.
615 5298 710 5351 καὶ
744 5302 1140 5374 μετριωτέρους
1176 5308 1405 5374 ἐκείνου,
1446 5311 1521 5383 μὴ
1562 5313 1841 5387 δυνηθείηο

269 5403 366 5455 μεν
392 5388 815 5455 ἐφελκύσασθαι,
851 5393 989 5464 ὑπὲρ
1023 5396 1131 5449 τῶν
1181 5400 1394 5456 οίκείων
1427 5406 1624 5469 αὑτοὺς
1666 5425 1844 5480 παρα-

266 5478 559 5542 καλοῦντες
580 5481 827 5550 ἀγαθῶν;
863 5485 1046 5539 Ταῦτα
1067 5489 1325 5557 πολλάκις
1349 5491 1521 5578 εἷπον,
1546 5501 1641 5553 καὶ⁵
1668 5500 1842 5570 λέγων

264 5567 323 5624 οὑ
350 5571 656 5643 παύσομαι,
690 5573 795 5638 ἕως
814 5574 881 5629 ἂν
901 5576 993 5631 ἴδω
1014 5582 1138 5645 τοὺς
1163 5567 1451 5652 νοσῶ-κτείς
1477 5590 1836 5659 ὑγιαίνοντας.

324 5701 351 5733 ⁸
371 5703 527 5754 Savil.
553 5702 604 5756 in
624 5720 777 5771 marg.
804 5711 1002 5773 conjicit
1027 5714 1263 5774 ἀλλήλοις.

882 312 950 367 IN
990 312 1219 375 ILLUD,
1261 309 1537 369 PAL'LUS
1574 310 1917 367 VOCATUS.
1961 309 2052 364 ΕΤ
2088 310 2177 367 DE
2214 310 2476 367 MUTA'I‘.
2517 306 2864 367 NOMiNUM.
2903 308 2993 365 IV.

3464 318 3568 377 “8

1992 418 2128 471 Καθ’
2160 420 2395 493 ἑκάστην
2427 424 2624 488 αὐτοὺς
2666 425 2908 498 ἐπιζητῶ
2952 428 3050 499 τὴν
3086 430 3325 503 ἡμέραν,
3364 429 3469 496 ἕως
3500 435 3567 488 ἂν

1998 510 2211 581 δυνηθῶ
2231 513 2430 583 διάτῆς
2447 517 2717 589 ὑμετέρας
2735 521 2971 590 σπουδῆς
3000 523 3196 586 αὑτοὺς
3217 524 3419 592 εὑρεῖν.
3447 525 3569 578 Δέο-

1993 620 2092 673 μαι
2128 605 2183 658 δέ
2216 607 2309 658 καὶ
2342 607 2516 679 ὑμῶν,
2548 609 2687 679 μετά
2732 615 2832 683 τῆς
2854 613 3024 682 αὑτῆς
3068 613 3282 686 ὀδύνης,
3321 615 3440 686 μεθ’
3497 613 3566 689 ἧς

1991 697 2161 749 ταῦτα
2182 698 2326 766 λέγω
2365 699 2480 762 νῦν,
2523 702 2659 771 μετά
2689 703 2783 756 τοῦ
2823 704 2987 759 αὑτοῦ
3018 705 3182 758 πόνου
3210 706 3308 777 τὴν
3342 707 3567 777 ἔρευναν

1992 787 2262 843 ποιεῖσθαι
2298 790 2409 844 τῶν
2447 793 2855 865 ρᾳθυμοτέρων.
2890 797 3001 850 Καὶ
3032 796 3140 869 γάρ
3172 799 3273 851 οὑκ
3302 801 3425 871 ἐμοὶ
3470 800 3567 870 μό-

1988 895 2096 941 νον,
2120 879 2254 933 ἀλλά
2277 883 2370 935 καὶ
2389 883 2515 954 ὑμῖν
2540 885 2752 951 Παῦλος
2775 888 3005 953 ἐπέταξε
3027 888 3134 942 τῶν
3163 891 3380 945 οἰκείων
3410 910 3568 964 φρονο

1986 971 2155 1035 τίζειν
2185 972 2380 1043 μελῶν.
2410 979 2816 1045 Παρακαλεῖτε
2843 981 2973 1051 γάρ,
2996 982 3182 1051 φησὶν,
3211 979 3299 1049 εἷς
3329 983 3433 1037 τὸν
3459 984 3567 1038 ἕνα

1985 1062 2055 1114 ἐν
2075 1063 2199 1130 τοῖς
2226 1067 2432 1135 λόγοις
2450 1068 2704 1133 τούτοις,
2728 1070 2923 1135 καθὼς
2944 1071 3041 1123 καὶ
3070 1072 3287 1126 ποιεῖτε
3304 1089 3317 1103 ο
3349 1074 3442 1127 καὶ
3463 1075 3567 1128 πά-

1985 1153 2089 1206 λιν·
2113 1157 2486 1227 οίκοδομεῖτε
2500 1159 2836 1226 ἀλλήλους.
2863 1162 2973 1215 Καὶ
3001 1162 3110 1234 γάρ
3130 1164 3158 1215 6
3180 1162 3369 1233 μισθὸς
3394 1164 3566 1233 μέγας

1984 1246 2097 1308 τοῖς
2133 1245 2243 1299 τῶν
2279 1247 2524 1317 ἀδελφῶν
2552 1250 2899 1321 κηδομένοις,
2926 1252 3024 1306 καὶ
3051 1253 3291 1323 τιμωρία
3330 1252 3566 1324 μεγίστη

1983 1336 2095 1397 τοῖς
2111 1335 2375 1405 ἀμελοῦσι
2399 1340 2494 1392 καὶ
2522 1340 2920 1413 καταφρονοῦσι
2942 1342 3041 1412 τῆς
3062 1343 3338 1413 σωτηρίας
3362 1342 3562 1400 αὐτῶν.

2051 1449 2118 1511 γ’.
2152 1443 2312 1498 Ὅθεν
2363 1446 2563 1518 σφόδρα
2596 1446 2783 1520 θαρρῶ
2809 1449 2903 1502 καὶ
2936 1449 3292 1515 πεπίστευκα,
3322 1452 3406 1504 δτι
3431 1449 3566 1522 μετά

1980 1534 2179 1606 πολλῆς
2210 1536 2311 1607 τῆς
2331 1539 2640 1610 προθυμίας
2667 1542 2922 1612 ποιήσετε
2940 1543 3009 1597 τά
3031 1542 3296 1615 εἰρημένα
3312 1559 3325 1572 ·
3360 1543 3457 1597 καὶ
3476 1543 3564 1597 διὰ

1976 1624 2136 1680 τοῦτο
2166 1629 2400 1683 ἐνταῦθα
2449 1632 2651 1702 ταύτην
2687 1633 2787 1702 τὴν
2842 1633 3166 1703 παραίνεσιν
3220 1636 3445 1706 στήσας,
3470 1635 3564 1688 ἐπὶ

1976 1716 2077 1790 τὴν
2118 1720 2330 1774 Παύλου
2381 1723 2660 1793 τράπεζαν
2727 1727 2872 1796 ὑμᾶς
2919 1728 3149 1795 ἀγαγεῖν
3210 1727 3562 1798 πειράσομαι.

1976 1811 2218 1879 Παῦλος
2265 1814 2486 1882 κλητὸς
2530 1816 2893 1884 ἀπόστολος.
2948 1816 3133 1871 Ταῦτα
3188 1817 3448 1882 πολλάκις
3471 1819 3569 1873 καὶ

1976 1902 2133 1975 ὑμεῖς
2156 1904 2449 1973 ⁴ίικούσατε,
2474 1908 2569 1961 καὶ
2598 1909 2759 1979 ἡμεῖς
2785 1910 3123 1981 ἀνέγνωμενο
3157 1910 3271 1964 ἀλλ’
3305 1912 3406 1965 οὑκ
3431 1912 3564 1965 ἀνα-

1975 1994 2261 2065 γινώσκειν
2294 1998 2476 2067 μόνον,
2510 1996 2646 2054 ἀλλά
2667 2002 2760 2055 καὶ
2788 2001 3170 2071 ἐπιγινώσκειν
3191 2002 3296 2074 χρὴ
3320 2001 3390 2056 τά
3404 2002 3564 2071 λεγό-

1978 2101 2141 2156 μεναο
2164 2088 2286 2140 ἐπεὶ
2323 2088 2512 2159 κέρδος
2538 2090 2689 2144 οὐδὲν
2716 2092 2845 2161 ἡμῖν
2876 2091 3027 2145 ἔσται
3053 2092 3153 2162 τῆς
3175 2092 3561 2161 ἀναγνώσεως.

1975 2178 2084 2231 Καὶ
2107 2177 2216 2249 γάρ
2244 2179 2512 2251 θησαυρὸς
2536 2181 2739 2235 ἀνωθεν
2762 2182 3099 2254 πατούμενος
3111 2184 3210 2237 οὐκ
3232 2183 3564 2238 ἐνδείκνυται

1972 2268 2063 2321 τὸν
2081 2270 2331 2333 πλοῦτον,
2364 2273 2499 2327 ἀλλά
2550 2273 2654 2345 χρὴ
2701 2274 2941 2347 διορύξαι
2985 2275 3202 2346 πρῶτον
3237 2276 3418 2340 αὑτὸν,
3467 2276 3563 2329 καὶ

1972 2360 2274 2432 καταϐῆναι
2331 2364 2501 2428 κάτω,
2542 2366 2636 2419 καὶ
2684 2365 2855 2431 οὕτως
2894 2367 3113 2422 ἃπασαν
3160 2368 3259 2439 τὴν
3300 2366 3565 2438 εὐπορίαν

1970 2452 2150 2524 εὑρεῖν
2169 2471 2181 2483 ·
2215 2453 2357 2509 οὑτω
2389 2458 2483 2510 καὶ
2518 2460 2611 2512 ἐπὶ
2636 2459 2745 2513 τῶν
2773 2460 3008 2532 Γραφῶν
3031 2477 3045 2489 ·
3078 2462 3179 2515 οὑκ
3216 2463 3377 2531 ἀρκεῖ
3402 2460 3562 2531 μόνον

1972 2544 2005 2614 ἡ
2055 2544 2360 2612 ἀνάγνωσις
2406 2548 2577 2613 δεῖξαι
2609 2551 2701 2604 τὸν
2758 2552 2867 2605 τῶν
2910 2553 3290 2622 ἀποκειμένων
3339 2551 3562 2621 ἀγαθῶν

1972 2633 2263 2708 θησαυρὸν,
2286 2638 2354 2692 ἂν
2384 2639 2458 2710 μὴ
2486 2640 2839 2714 διερευνήσῃς
2856 2643 2918 2696 τὸ
2942 2643 3124 2714 βάθος.
3156 2646 3217 2697 EE
3253 2644 3563 2716 ήρκειάνά-

1970 2741 2190 2793 γνωσις,
2223 2730 2325 2783 οὑκ
2374 2730 2440 2783 ἂν
2472 2726 2624 2785 εἶπεν
2666 2735 2695 2786 6
2722 2735 2989 2798 Φίλιππος
3014 2736 3093 2805 τῷ
3120 2736 3380 2808 εὐνούχῳ,
3416 2733 3562 2806 Ἆρά

1969 2835 2036 2889 τε
2057 2818 2369 2888 γινώσκεις
2397 2821 2436 2876 d
2462 2824 2933 2893 ἀνατινώσκεις;
2975 2827 3025 2879 εί
3062 2828 3221 2899 ήρκει
3251 2830 3283 2898 ή
3314 2829 3561 2898 ἀνάγνω-

1971 2912 2196 2975 σις,”ούκ
2244 2911 2310 2966 ἂν
2363 2909 2515 2967 εἶπεν
2546 2917 2574 2968 6
2599 2917 2832 2987 Χριστὸς
2863 2921 2975 2982 τοῖς
3025 2920 3321 2988 Ἰουδαίοις,
3362 2923 3561 2990 Ἐρευ-

1965 3000 2110 3057 νᾶτε
2166 3004 2272 3072 τὰς
2302 2994 2577 3074 Γραφάς·
2609 3009 2638 3060 6
2668 3007 2725 3061 δὲ
2755 3008 2990 3079 ἐρευνῶν
3020 3011 3080 3062 οὑ
3114 3010 3273 3082 μέχρι
3311 3012 3411 3081 τῆς
3440 3006 3570 3067 ἐπι-’

1969 3094 2192 3163 φανείας
2213 3096 2449 3160 ἵσταται,
2484 3098 2623 3152 ἀλλά
2645 3100 2779 3171 1:96;
2795 3101 2855 3155 1:6
2874 3101 3034 3172 βάθος
3064 3104 3195 3156 αὑτὸ
3214 3104 3555 3161 καταϐαίνει.

1966 3187 2076 3239 Καὶ
2104 3188 2214 3258 γὰρ
2244 3188 2377 3241 πολὺ
2420 3190 2655 3260 πέλαγος
2698 3192 2986 3264 νοημάτων
3020 3196 3077 3247 ἐν
3108 3198 3218 3258 τοῖς
3252 3197 3559 3268 προοιμίοις

1964 3276 2097 3349 ὁρῶ.
2140 3278 2229 3330 Ἐν
2263 3280 2359 3350 μὲν
2380 3281 2488 3353 γὰρ
2509 3284 2630 3345 ταῖς
2655 3282 2935 3353 βιωτικαῖς
2960 3287 3271 3351 ἐπιστολαῖς
3300 3291 3355 3341 αί
3386 3305 3556 3359 προσ-

1968 3371 2155 3439 ρήσεις
2179 3371 2363 3435 ἁπλῶς
2382 3373 2645 3441 γίνονται,
2663 3375 2962 3446 θεραπείαν
2989 3380 3352 3450 ἐμφαίνουσαι
3374 3381 3553 3451 μόνον’

1965 3460 2201 3516 ἐνταῦθα
2230 3463 2286 3516 δὲ
2314 3465 2413 3535 οὑχ
2441 3464 2633 3529 οὑτως,
2670 3466 2807 3521 ἀλλά
2841 3468 3043 3541 πολλῆς
3077 3471 3269 3540 σοφίας
3312 3474 3471 3543 γέμει
3493 3473 3557 3526 τὸ

1965 3553 2268 3624 προοίμιον.
2302 3555 2377 3609 Οὑ
2405 3556 2515 3628 γὰρ
2544 3557 2754 3622 Παῦλός
2779 3561 2925 3613 ἐστιν
2967 3562 2996 3613 6
3022 3561 3415 3633 φθεγγόμενος.
3442 3565 3557 3618 ἀλλ’

1962 3643 1991 3693 6
2022 3641 2186 3695 κινῶν
2230 3643 2326 3713 τὴν
2380 3646 2588 3699 ἐκείνου
2628 3646 2806 3720 ψυχὴν
2845 3651 3099 3723 Χριστός.
3125 3652 3274 3726 [155]
3312 3656 3556 3724 Παῦλος

1963 3735 2205 3801 κλητός.
2239 3735 2316 3788 Τὸ
2353 3736 2596 3803 Παῦλος
2623 3739 2805 3805 τοῦτο,
2831 3741 3002 3813 ὄνομα
3031 3742 3128 3814 μέν
3168 3746 3315 3798 ἐστιν
3343 3747 3422 3811 ἓν,
3457 3750 3552 3801 καὶ

1960 3823 2114 3892 ψιλὸν
2138 3824 2308 3894 δνομα
2327 3844 2341 3857 ·
2371 3827 2625 3881 τοσοῦτον
2655 3830 2713 3883 δὲ
2768 3831 2880 3901 ἔχει
2928 3836 3215 3904 νοημάτων
3279 3816 3552 3907 θησαυρὸν

1961 3914 2342 3985 ἀποκείμενον,
2368 3918 2491 3971 ὅσον
2518 3920 2604 3973 διὰ
2628 3921 2727 3991 τῆς
2764 3922 2956 3992 πείρας
2990 3923 3211 3993 ἔγνωτε.
3261 3929 3322 3981 El
3357 3928 3464 4001 γάρ
3486 3929 3551 4003 δὴ

1963 4003 2263 4074 μέμνησθε,
2317 4005 2431 4059 ἴστε
2487 4008 2571 4061 ὅτι
2619 4012 2769 4077 τρεῖς
2808 4012 3022 4083 ἡμέρας
3055 4013 3387 4085 ὁλοκλήρους
3410 4017 3551 4088 ὑπὲρ

1959 4094 2052 4148 τοῦ
2079 4096 2343 4167 ὀνόματος
2370 4098 2560 4152 τούτου
2595 4100 2873 4172 διελέχθην
2908 4102 3092 4173 μόνον,
3132 4103 3232 4167 τὰς
3262 4104 3442 4170 αίτίας
3470 4106 3552 4160 λέ-

1958 4201 2091 4252 γων,
2141 4185 2208 4238 δι’
2236 4185 2301 4249 ἃς
2356 4187 2464 4257 1:96
2502 4190 2695 4243 τούτου
2742 4189 2947 4255 Σαῦλος
3006 4191 3361 4264 καλούμενος,
3409 4195 3548 4265 μετά

1958 4273 2129 4329 ταῦτα
2154 4276 2360 4348 ἐκλήθη
2408 4278 2639 4343 Παῦλος,
2676 4282 2771 4334 καὶ
2803 4281 2952 4347 τίνος
2992 4283 3180 4339 ἕνεκεν
3210 4286 3311 4339 οὑκ
3344 4285 3548 4351 εὐθέως

1961 4365 2233 4435 μεταστάς
2259 4368 2394 4437 πρὸς
2416 4368 2515 4439 τήν
2548 4370 2749 4433 πίστιν,
2775 4372 2994 4437 ἐδέξατο
3025 4375 3128 4445 τὴν
3148 4378 3544 4449 προσηγορίαν.

1958 4456 2094 4510 ἀλλά
2148 4460 2307 4529 μέχρι
2336 4460 2531 4514 πολλοῦ
2577 4462 2845 4534 διέμεινεν
2880 4465 3020 4536 ἔχων
3069 4468 3131 4521 τὸ
3168 4469 3360 4540 ὄνομα,
3406 4472 3545 4543 ὅπερ

1956 4546 2192 4618 ἐξαρχῆς
2223 4548 2407 4603 ἔθεντο
2436 4553 2486 4605 οἱ
2515 4557 2691 4622 γονεῖς
2710 4572 2725 4587 ·
2754 4555 2849 4609 καὶ⁵
2871 4558 3072 4629 πολλὴν
3097 4560 3205 4613 ἀπὸ
3225 4561 3416 4615 τούτου
3448 4563 3544 4617 τοῦ

1954 4637 2091 4691 Θεοῦ
2120 4640 2313 4707 σοφίαν
2345 4643 2440 4696 καὶ
2462 4645 2786 4716 κηδεμονίαν
2836 4648 3242 4724 ἀνεδείκνυμεν,
3285 4656 3379 4708 καὶ
3417 4658 3545 4727 περὶ

1955 4729 2121 4797 ἡμᾶς,
2152 4735 2250 4783 καί
2277 4734 2405 4803 περὶ
2422 4735 2549 4797 τοὺς
2582 4736 2770 4804 ἁγίους
2787 4738 3029 4805 ἐκείνους
3058 4746 3450 4818 γεγενημένην.
3483 4750 3544 4803 Εἰ

1952 4820 2063 4889 γὰρ
2093 4819 2370 4891 ἅνθρωποι
2395 4826 2509 4888 τοῖς
2549 4827 2732 4880 αὐτῶν
2772 4829 3004 4895 παιδίοις
3034 4834 3132 4903 οὑχ
3159 4835 3345 4900 ἁπλῶς
3370 4840 3543 4891 ἐπιτι-

1953 4908 2107 4963 θέασι
2137 4910 2208 4964 τά
2229 4912 2489 4984 ὀνόματα,
2517 4916 2718 4971 ἀλλὸτὸ
2744 4919 2843 4989 μὲν
2875 4922 2984 4974 ἀπὸ
3011 4923 3104 4976 τοῦ
3138 4927 3363 4997 πατρὸς,
3398 4929 3458 4982 τὸ
3486 4930 3543 4983 δὲ

1950 5000 2063 5055 ἀπὸ
2083 5000 2177 5055 τοῦ
2195 5003 2442 5071 πάππου,
2460 5009 2522 5060 τὸ
2535 5007 2590 5061 δὲ
2603 5010 2693 5079 ἀφ’
2711 5011 2798 5062 ἑτέ
2808 5028 2915 5081 ρων
2931 5015 3212 5084 ’προγόνων
3226 5018 3539 5085 καλοῦντες·

1952 5090 2134 5163 πολλῷ
2161 5095 2362 5164 μᾶλλον
2381 5101 2411 5152 6
2437 5098 2570 5163 Θεὸς
2599 5104 2713 5165 τοῖς
2742 5104 2935 5158 ἑαυτοῦ
2972 5106 3179 5173 δούλοις
3211 5110 3310 5181 οὑχ
3330 5113 3536 5180 ἁπλῶς,

1949 5181 2074 5274 οὑδὲ,
2092 5183 2219 5237 ἀνευ
2238 5186 2398 5255 λόγου
2418 5190 2566 5254 τινὸς
2585 5192 2681 5256 τὰς
2697 5197 3068 5267 προσηγορίας
3089 5200 3380 5274 ἐπέθηκεν,
3402 5205 3538 5260 ἀλλά

1954 5272 2092 5365 μετά
2153 5274 2398 5341 πλείονος
2457 5281 2670 5350 σοφίας.
2722 5284 3035 5358 ’Ἄνθρωποι
3084 5290 3182 5359 μὲν
3228 5272 3336 5365 γάρ
3370 5297 3449 5359 είς
3476 5314 3535 5354 τε

1945 5364 2111 5433 τιμὴν
2140 5365 2246 5418 τῶν
2293 5369 2658 5440 ἀπελθόντων,
2715 5376 2795 5441 εἷς
2819 5395 2880 5431 τε
2926 5381 3136 5435 ἑαυτῶν
3179 5387 3536 5458 παραμυθίαν

1946 5454 2206 5519 πολλάκις
2230 5463 2344 5524 τοῖς
2368 5462 2476 5516 τῶν
2504 5466 2972 5540 τετελευτηκότων
2999 5473 3227 5547 όνόμασι
3255 5454 3379 5541 τοῦς
3401 5481 3532 5534 ἐαυ-

1944 5543 2054 5597 τῶν
2084 5548 2233 5611 υἱοὺς
2257 5551 2501 5618 καλοῦσι,
2543 5560 2898 5627 παραμυθίαν
2924 5565 3047 5618 τινὰ
3079 5566 3178 5636 τῆς
3209 5567 3317 5621 τῶν
3352 5587 3536 5624 κατοι-

1944 5635 2185 5702 χομένων
2231 5639 2486 5714 τελευτῆς
2510 5644 2597 5699 διὰ
2632 5647 2732 5718 τῆς
2778 5649 2888 5705 τῶν
2918 5635 3141 5708 παίδων
3164 5654 3532 5727 προσηγορίαι.

1944 5727 2283 5795 ἐπινοοῦντες
2300 5749 2316 5763 ³
2346 5735 2374 5786 6
2399 5734 2453 5788 δὲ
2478 5736 2611 5800 Θεὸς
2630 5739 2826 5813 ἀρετῆς
2844 5744 3148 5819 ὑπόμνησιν
3173 5748 3266 5803 καὶ
3283 5749 3529 5807 διδασκα-
