3964 6342
415 287 515 344 “9

409 409 547 470 λίαν,
583 404 768 475 ὥσπερ
811 405 870 457 ἐν
913 404 1078 474 στήλη
1122 404 1316 474 χαλκῇ,
1371 406 1437 474 τῇ
1486 403 1820 474 προσηγορίᾳ
1875 399 1982 454 τῶν

409 492 580 560 ἁγίων
617 487 1014 540 ἐναποτίθεται.

479 586 581 638 Τὸν
612 585 742 653 γοῦν
787 583 991 652 Πέτρον
1022 583 1130 635 ἀπὸ
1175 583 1274 652 τῆς
1304 582 1504 653 ἀρετῆς
1549 582 1724 646 οὕτως
1739 581 1984 647 ἐκάλεσε,

407 672 505 744 τὴν
535 671 802 735 ἀπόδειξιν
828 671 927 740 τῆς
961 671 1086 741 περ).
1099 670 1194 741 τὴν
1219 671 1398 724 πίστιν
1430 671 1988 742 στεῤῥότητοςέναπο-

408 759 685 828 τιθέμενος
711 758 872 810 αὐτοῦ
911 756 986 827 τῷ
1018 757 1261 827 ὀνόματι,
1294 757 1380 810 ἵνα
1407 756 1505 830 ἔχῃ
1537 757 1852 811 διδάσκαλον
1903 756 1986 808 δι-

410 847 601 916 ηνεκῆ,
630 845 726 917 τήν
755 843 1143 915 προσηγορίαν,
1185 844 1285 914 τῆς
1312 846 1564 913 τοιαύτης
1613 843 1983 914 στερρότητος.

410 931 581 986 Τοῦτο
618 932 828 984 καὶτὸν
873 931 1123 1002 Ἰωάννην
1157 933 1251 984 καὶ
1286 931 1377 984 τὸν
1422 931 1674 984 Ἰάκωϐον
1711 929 1984 994 ἐκάλεσεν,

409 1020 518 1072 ἀπο
546 1019 646 1088 τῆς
684 1018 826 1072 κατά
852 1018 913 1071 τὸ
971 1020 1230 1088 κήρυγμα
1268 1017 1700 1088 μεγαλοφωνίας.
1739 1017 1876 1069 Ἀλλ’
1904 1017 1990 1068 ἵνα

414 1107 488 1178 μὴ
530 1107 692 1160 πάλιν
737 1105 806 1158 τὰ
842 1105 980 1158 αὐτά
1031 1105 1204 1174 λέγων
1255 1104 1529 1175 διενοχλῶ,
1573 1104 1746 1158 ταῦτα
1807 1103 1986 1173 ἀφεὶς,

409 1196 586 1246 ἐκεῖνο
644 1193 773 1264 ἐρῶ,
821 1195 903 1246 ὅτι
961 1193 1054 1246 καὶ
1081 1192 1220 1246 αὐτά
1266 1192 1388 1245 καθ’
1419 1192 1586 1245 ἐαυτά
1621 1191 1889 1261 λεγόμενα
1921 1190 1990 1243 τά

407 1281 648 1351 ὀνόματα
670 1280 776 1332 τῶν
796 1279 985 1349 ἁγίων,
1014 1281 1106 1332 καὶ
1138 1282 1249 1342 τοῖς
1271 1279 1534 1348 φιλοθέοις
1559 1281 1695 1333 είσὶν
1715 1279 1882 1332 αἰδέσι
1891 1297 1985 1348 μα,

408 1367 506 1419 καὶ
549 1367 663 1428 τοῖς
695 1367 1069 1436 ἁμαρτάνουσι
1100 1366 1324 1436 φοϐερά.
1381 1365 1483 1419 Τὸν
1532 1368 1662 1434 γοῦν
1705 1367 1988 1437 Ὀνήσιμον

407 1453 679 1524 δραπέτην
698 1454 789 1505 καὶ
821 1453 1056 1522 κλέπτην
1072 1453 1381 1522 γενόμενον,
1416 1453 1509 1505 καὶ
1533 1453 1639 1505 τῶν
1656 1453 1988 1506 δεσποτικῶν

410 1539 739 1609 ὑφελόμενον
767 1557 817 1592 τι
844 1541 1162 1609 χρημάτων,
1196 1539 1590 1611 ὑποδεξάμενος
1617 1540 1866 1603 ὀΠαῦλος
1897 1541 1990 1593 καὶ

411 1627 749 1697 μεταϐαλὼν,
781 1629 874 1680 καὶ
902 1627 1042 1678 οῦτω
1072 1627 1206 1698 πρὸς
1241 1629 1339 1699 τὴν
1372 1628 1521 1698 ἱερὰν
1574 1628 1989 1698 Χειρατωτήσαῖ

411 1715 825 1783 μυσταγωγίαν·
881 1711 996 1767 εἶτα
1041 1713 1249 1782 μέλλων
1292 1715 1597 1768 ἀποδιδόναι
1638 1713 1714 1785 τῷ
1755 1713 1990 1784 δεσπότῃ

409 1803 591 1866 πάλιν,
619 1802 774 1856 τοῦτο
820 1803 952 1872 πρὸς
998 1803 1156 1854 αὐτὸν
1200 1803 1437 1873 ἔγραφε·
1487 1802 1584 1857 Διὸ
1623 1803 1866 1870 πολλὴν
1920 1803 1990 1854 ἑν

407 1888 636 1958 Χριστῷ
669 1890 1012 1958 παρρησίαν
1050 1888 1208 1958 ἔχων
1245 1888 1603 1942 ἐπιτάσσειν
1630 1905 1729 1942 σοι
1760 1890 1827 1943 τὸ
1883 1889 1988 1943 ἁν-

407 1978 556 2040 ἧκογ
575 1977 670 2030 διὰ
697 1978 809 2045 τὴν
823 1977 1080 2046 ἀγάπην,
1104 1977 1344 2045 μᾶλλον
1359 1977 1701 2046 παρακαλῶ,
1721 1977 1989 2043 τοιοῦτος

405 2063 490 2118 ὢν
521 2065 601 2129 ὡς
634 2065 871 2130 Παῦλος
911 2065 1270 2131 πρεσϐύτης,
1319 2065 1455 2116 νυνὶ
1485 2063 1553 2116 δὲ
1605 2067 1701 2118 καὶ
1745 2064 1990 2132 δέσμιος

404 2154 477 2206 ἐν
514 2149 744 2220 Χριστῷ
765 2151 984 2217 Ἰησοῦ.
1020 2152 1179 2221 Ὁρᾷς
1201 2153 1282 2203 ὅτι
1311 2151 1704 2221 τρίαέπέθηκε,
1730 2151 1991 2220 τάδεσμά

405 2239 474 2292 τὰ
509 2239 595 2292 διά
621 2240 711 2292 τὸν
738 2237 991 2308 Χριστὸν,
1037 2240 1134 2307 τήν
1190 2238 1461 2291 πολιτείαν
1490 2238 1586 2308 τὴν
1622 2237 1729 2290 ἀπὸ
1758 2237 1855 2304 τῆς
1875 2237 1991 2309 ἡλι-

408 2327 554 2389 κίας.
587 2325 688 2396 τὴν
719 2325 849 2378 αἰδῶ
877 2326 974 2396 τὴν
1027 2326 1136 2378 ἀπὸ
1181 2325 1279 2394 τῆς
1327 2324 1730 2395 προσηγορίας;
1774 2323 1988 2396 Ἐπειδὴ

406 2415 516 2486 γάρ
540 2408 621 2478 εἷς
647 2409 712 2484 ἦν
746 2415 772 2466 ὁ
793 2411 1144 2483 παρακαλῶν,
1170 2413 1428 2484 τριπλοῦν
1450 2413 1818 2482 ἐφιλονείκησε
1838 2413 1991 2482 ποιῆ-

408 2519 498 2555 σαι
547 2500 636 2553 τὸν
675 2499 815 2570 ὑπὲρ
851 2499 1138 2570 Ὀνησίμου
1167 2499 1441 2570 δεόμενον,
1482 2501 1572 2552 τὸν
1607 2503 1916 2571 πρεσϐύτην
1939 2513 1986 2556 ιι.

417 2589 578 2660 ὐρᾷς
607 2588 687 2641 ὅτι
717 2587 810 2640 καὶ
838 2587 976 2640 αὐτὰ
1007 2588 1074 2640 τά
1103 2587 1342 2654 ὀνόματα
1367 2587 1620 2657 αίδέσιμα
1643 2589 1753 2650 τοῖς
1781 2590 1990 2650 πιστοῖς

405 2677 522 2730 ἐστι
549 2676 643 2730 καὶ
668 2675 926 2745 φιλόθεα;
969 2677 1032 2728 Ei
1067 2677 1176 2747 γὰρ
1227 2675 1438 2729 παιδίου
1471 2676 1791 2746 φιλουμένου
1821 2692 1991 2746 προσ-

407 2764 605 2835 ηγορία
633 2764 994 2835 ὀνομασθεῖσα
1028 2764 1288 2828 πολλάκις
1331 2765 1424 2817 καὶ
1455 2763 1530 2836 μὴ
1561 2763 1880 2834 βουλόμενον
1900 2763 1991 2819 τὸν

407 2854 619 2926 πατέρα
639 2853 822 2906 ἔπεισε
845 2853 1025 2908 δοῦναι
1055 2853 1152 2924 τὴν
1181 2855 1341 2923 χάριν
1368 2853 1456 2906 διά
1482 2854 1543 2906 τὸ
1570 2853 1706 2923 πρὸς
1731 2853 1792 2906 τὸ
1819 2853 1992 2924 ὄνομα

408 2942 653 3011 φίλτρον,
706 2941 886 3012 πολλῷ
949 2941 1148 3014 μᾶλλον
1182 2943 1274 2995 ἐπὶ
1321 2940 1431 2994 τῶν
1459 2940 1991 3013 ἁγίων-συμϐαίνειν

405 3028 564 3081 τοῦτο
592 3030 736 3093 εἰκὸς
761 3025 850 3101 ἦν.
883 3030 1004 3082 Ὅτι
1028 3029 1083 3082 δὲ
1118 3029 1212 3082 καὶ
1238 3031 1349 3094 τοῖς
1385 3028 1753 3099 ἁμαρτάνουσι
1787 3028 1990 3098 φοϐερά

405 3112 495 3188 ἦν,
524 3117 774 3188 καθάπερ
824 3117 1060 3181 παιδίοις
1094 3117 1394 3189 ῥᾳθυμοῦσι
1422 3117 1490 3170 τά
1527 3117 1632 3169 τῶν
1659 3115 1991 3169 διδασκάλων

409 3202 562 3277 [154]
608 3205 870 3274 ὀνόματα,
922 3205 1152 3258 ἄκουσον
1200 3204 1316 3267 πῶς
1359 3203 1625 3267 Γαλάταις
1665 3203 1992 3257 ἐπιστέλλων

408 3292 542 3344 αὐτὸ
567 3292 724 3345 τοῦτο
741 3292 980 3363 ᾐνίξατο.
999 3292 1220 3363 Ἐπειδὴ
1249 3291 1357 3362 γάρ
1375 3292 1452 3353 είς
1469 3290 1751 3344 ἀσθένειαν
1766 3290 1992 3344 ἀπέκλι-

408 3397 507 3434 ναν
545 3380 862 3451 Ίουδαῖκήν,
902 3384 995 3433 καὶ
1041 3383 1166 3450 περ).
1224 3381 1322 3450 τὴν
1358 3378 1538 3432 πίστιν
1583 3378 1749 3448 αὐτὴν
1789 3379 1995 3432 ἐκινδύ-

410 3485 583 3535 νευον,
621 3469 940 3539 βουλόμενος
973 3469 1168 3531 αὐτοὺς
1201 3468 1500 3538 ἀναστῆσαι
1534 3469 1628 3520 καὶ
1664 3470 1849 3519 πεῖσαι
1889 3485 1996 3537 μη-

410 3555 497 3608 δὲν
537 3555 820 3608 Ἰουδαϊκὸν
845 3555 1156 3624 ἐπεισάγειν
1186 3558 1250 3625 τῇ
1271 3553 1365 3606 τοῦ
1397 3555 1728 3622 Εὐαγγελίου
1751 3555 1998 3608 διδασκα-

410 3643 520 3712 λία,
558 3642 730 3706 οὓτως
776 3641 1012 3713 ἔγραφεν
1036 3659 1050 3672 ·
1093 3642 1196 3695 Ἰὃὲ
1224 3640 1338 3710 ἐγὼ
1377 3641 1616 3707 Παῦλος
1654 3641 1809 3710 λέγω
1834 3641 1998 3721 ὑμῖν⁹

413 3730 502 3783 ὅτι
530 3729 637 3782 ἐὰν
685 3728 1136 3799 περιτέμνησθε,
1185 3727 1438 3796 Χριστὸς
1472 3726 1626 3796 ὑμᾶς
1655 3728 1838 3782 οὐδὲν
1859 3730 2000 3798 ὠφε-

413 3820 612 3887 λήσει.
681 3815 868 3882 Εἷπες,
915 3817 1094 3888 Ἐγώο
1152 3818 1295 3881 τίνος
1346 3817 1530 3871 ἕνεκεν
1581 3818 1889 3888 προστιθεὶς
1940 3820 2000 3872 τὸ

413 3906 617 3975 ὃνομα;
677 3905 737 3958 τὸ
779 3905 908 3976 γὰρ,
947 3903 1107 3974 Ἐγὼ,
1162 3905 1261 3958 οὐκ
1303 3900 1370 3974 ἦν
1419 3904 1600 3958 ἱκανὸν
1635 3905 1869 3977 δηλῶσαι
1909 3905 2000 3959 τὸν

415 3995 726 4063 γράφοντας
779 3991 918 4044 Ἀλλ’
969 3992 1054 4045 ἵνα
1085 3992 1262 4062 μάθῃς
1311 3993 1392 4045 ὅτι
1421 3993 1515 4045 καὶ
1545 3993 1682 4063 αὐτὴ
1709 3994 1742 4061 ἡ
1765 3991 1858 4044 τοῦ
1885 3993 2000 4044 ὀνό-

419 4097 586 4150 ματος
619 4079 936 4150 παρενθήκη
965 4079 1123 4149 ἱκανὴ
1146 4080 1254 4131 τῶν
1295 4077 1600 4131 ἀκουόντων
1632 4077 1998 4147 καθάψασθαι,

415 4168 504 4220 διά
532 4166 690 4219 τοῦτο
721 4165 1046 4237 προστίθησι
1067 4165 1166 4237 τὴν
1212 4165 1602 4237 προσηγορίαν,
1637 4165 1716 4226 είς
1755 4165 2000 4235 ὑπόμνη-

419 4271 500 4307 σιν
553 4254 748 4317 αὐτοὺς
799 4254 945 4320 ἄγων
993 4252 1087 4306 τοῦ
1119 4253 1458 4307 διδασκάλου.
1508 4253 1618 4305 Καὶ
1657 4253 1818 4323 ἡμεῖς
1847 4252 1904 4305 δέ
1939 4253 2001 4305 τὸ

416 4341 550 4395 αὐτὸ
581 4339 740 4393 τοῦτο
767 4340 1046 4411 πάσχομεν
1071 4358 1085 4371 ·
1117 4341 1242 4394 ὅταν
1281 4339 1390 4413 γάρ
1423 4340 1858 4411 ἀναμνησθῶμεν
1890 4338 1999 4392 τῶν

417 4429 610 4498 ἁγίων,
661 4429 764 4482 κᾶν
807 4430 864 4483 ἐν
898 4429 1139 4500 ῥαθυμίᾳ
1181 4423 1352 4500 ὦμεν,
1379 4428 1790 4499 διανιστάμεθα,
1815 4427 1916 4482 κᾶν
1941 4429 2000 4482 ἐν

417 4517 847 4588 καταφρονήσει,
884 4515 1216 4586 φοϐούμεθα.
1249 4515 1457 4569 Παῦλον
1483 4515 1613 4584 γοῦν
1645 4515 1737 4568 τὸν
1769 4515 1999 4568 ἀπόστο-

418 4603 508 4658 λον
553 4606 683 4658 ὅταν
735 4602 953 4658 ἀκούσω
992 4603 1125 4672 ἐγὼ,
1158 4603 1322 4657 ἐννοῶ
1343 4603 1432 4656 τὸν
1465 4605 1523 4655 ἐν
1565 4601 1903 4671 θλίψεσι,τὸν
1942 4603 2000 4656 ἐν

419 4694 821 4765 στενοχωρίαις,
869 4693 963 4747 τδν
1007 4695 1065 4746 ἐν
1095 4692 1351 4763 πληγαῖς,
1381 4692 1470 4744 τὸν
1502 4692 1560 4744 ἐν
1601 4690 1886 4760 φυλακαῖς,
1907 4689 2001 4744 τὸν

419 4783 478 4835 ἐν
512 4782 588 4853 τῷ
643 4781 788 4852 βυθῷ
835 4781 1174 4852 νυχθήμερον
1221 4779 1533 4848 γενόμενον,
1568 4777 1657 4830 τὸν
1690 4779 1771 4841 εἰς
1820 4777 2000 4849 τρίτον

421 4870 735 4941 ἁρπαγέντα
759 4871 1011 4941 οὐρανὸν,
1043 4870 1132 4923 τὸν
1165 4870 1221 4922 ἐν
1245 4868 1322 4939 τῷ
1348 4867 1663 4938 παραδείσῳ
1689 4866 1756 4920 τὰ
1787 4867 2000 4938 ἄρρητα

423 4959 643 5028 ῥήματα
673 4957 998 5021 ἀκούσαντα,
1023 4957 1082 5010 τὸ
1110 4956 1300 5018 σκεῦος
1334 4955 1432 5025 τῆς
1472 4953 1719 5022 ἐκλογῆς,
1760 4953 1850 5006 τὸν
1872 4970 2002 5023 νυμ-

423 5044 676 5112 φαγωγὸν
696 5044 789 5097 τοῦ
820 5044 1077 5115 Χριστοῦ,
1125 5043 1216 5096 τὸν
1251 5040 1545 5112 εὐξάμενον
1589 5039 1837 5110 ἀνάθεμα
1863 5035 2000 5093 εἶναι

421 5131 530 5185 ἀπὸ
551 5130 645 5183 τοῦ
669 5131 903 5201 Χριστοῦ
951 5131 1090 5202 ὐπέρ
1135 5128 1244 5183 τῶν
1276 5127 1542 5198 ἀδελφῶν.
1590 5129 1701 5182 Καὶ
1751 5127 2000 5195 καθάπερ

427 5218 583 5289 σειρά
632 5236 715 5281 τις
776 5219 982 5289 χρυσῆ,
1033 5219 1141 5271 τῶν
1189 5217 1624 5289 κατορθωμάτων
1679 5219 1708 5269 ὁ
1765 5216 2000 5288 ὁρμαθὸς

425 5308 566 5380 μετά
592 5308 689 5378 τῆς
715 5307 808 5360 τοῦ
849 5308 1112 5377 ὀνόματος
1147 5309 1366 5378 μνήμης
1396 5309 1508 5370 τοῖς
1557 5305 1694 5376 μετά
1716 5305 2000 5374 ἀκριϐείας

425 5396 781 5466 προσέχουσιν
821 5396 1232 5466 ἐπεισέρχεται·
1270 5395 1365 5449 καὶ
1409 5395 1470 5448 οὐ
1514 5394 1708 5464 μικρὸν
1742 5395 1871 5464 ἡμῖν
1893 5395 2000 5447 ἀπὸ

422 5483 609 5536 τούτου
632 5483 834 5552 γίνεται
861 5482 1067 5554 κέρδος.

488 5642 514 5670 ⁸
544 5641 636 5690 llic
668 5642 934 5704 legendum
964 5641 1159 5704 videlqu
1189 5641 1269 5688 τὸν
1293 5643 1560 5703 δεσμώτην,
1587 5641 1668 5690 τὸν
1710 5640 1995 5704 πρεσϐύτην,

427 5703 506 5752 τὸν
528 5703 735 5763 Παῦλον,
761 5710 814 5754 ιιι
835 5717 1012 5754 sensus
1033 5703 1258 5766 quadret.

1124 299 1182 354 S.
1224 298 1512 355 JOANNIS
1549 294 2046 355 CHRYSOSTOMI
2088 298 2410 356 ARCHIEI‘.
2451 301 2998 359 CONSTAN'HNOP'.

3560 281 3678 336 1ου

2159 397 2222 454 δ’.
2239 398 2394 469 Ἐνῆν
2420 399 2512 452 καὶ
2535 399 2748 453 πλείονα
2768 398 2966 452 τούτων
2982 399 3058 460 εἰς
3078 395 3174 467 τὴν
3203 397 3571 469 προσηγορίαν
3591 400 3671 450 εἰ·
3735 395 3738 398 ’

2089 490 2239 540 πεῖν·
2272 487 2385 540 ἀλλ’
2438 487 2524 540 ἵνα
2555 491 2651 542 καὶ
2701 489 2799 558 τῆς
2837 488 3092 557 δευτέρας
3137 486 3401 557 ἁψώμεθα
3441 486 3668 554 λέξεως.

2087 575 2320 628 ἐνταῦθα
2344 576 2445 648 τὴν
2479 577 2606 646 περὶ
2637 574 2730 628 τοῦ
2753 576 3012 644 ὀνόματος
3055 575 3256 644 στήσας
3289 573 3545 644 θεωρίαν,
3580 575 3670 628 ἐπ’

2087 663 2299 734 ἐκείνην
2353 664 2636 735 βαδιοῦμεν
2680 665 2883 718 λοιπόν.
2919 664 3127 734 Ὥσπερ
3160 663 3268 734 γὰρ
3317 663 3379 716 τὸ
3421 665 3690 730 Παῦλος,

2087 752 2256 823 ὄνομα
2287 751 2485 821 πολλὴν
2532 751 2805 822 παρέσχεν
2844 752 2973 821 ἡμῖν
3010 751 3294 820 εὐπορίαν,
3317 749 3461 804 οὕτω
3493 753 3672 805 καὶτὸ

2088 840 2340 907 Κλητὸς,
2366 841 2414 892 εί
2446 839 2836 910 βουληθείημεν
2868 839 2998 892 αὐτὸ
3029 839 3365 909 καταμαθεῖν
3387 842 3526 910 μετὰ
3569 843 3672 910 τῆς

2089 929 2474 999 προσηκούσης
2525 928 2780 998 σπουδῆς,
2805 927 2904 996 τῆς
2952 927 3072 998 ίσης
3110 927 3143 998 ἢ
3173 929 3267 981 καὶ
3297 927 3540 990 πλείονος
3571 930 3672 997 ἐμ.

2089 1016 2310 1086 πλήσειε
2346 1017 2576 1087 θεωρίας
2608 1018 2772 1086 ἡμᾶς.
2805 1018 2915 1070 Καὶ
2945 1016 3192 1088 καθάπερ
3219 1017 3327 1070 ἀπὸ
3370 1016 3601 1086 κόσμου,
3634 1017 3672 1085 ἡ

2089 1103 2414 1174 διαδήματος
2469 1101 2746 1174 βασιλικοῦ
2801 1102 2946 1156 λίθον
2978 1103 3072 1155 ἕνα
3111 1120 3192 1166 τις
3231 1103 3446 1170 ἐξελὼν,
3479 1105 3580 1156 καὶ
3601 1106 3676 1156 οί-

2089 1190 2212 1252 κίας
2259 1190 2515 1260 λαμπράς
2560 1191 2653 1243 καὶ
2691 1189 2998 1252 πολυτελεῖς
3042 1190 3262 1261 ἀγροὺς,
3306 1191 3399 1244 καὶ
3438 1191 3674 1244 οἰκετῶν

2090 1277 2308 1344 ἀγέλας,
2352 1278 2444 1330 καὶ
2478 1278 2639 1348 ἕτερα
2679 1276 2859 1346 πολλῷ
2904 1276 3122 1329 πλείονα
3151 1279 3355 1331 τούτων
3402 1279 3673 1350 πρίασθαι

2088 1363 2288 1416 δύναιτ’
2339 1364 2422 1427 ἂν,
2481 1364 2572 1416 τὸν
2648 1365 2992 1435 μαργαρίτην
3035 1364 3364 1435 ἀποδόμενος
3419 1367 3670 1418 ἐκεῖνον’

2089 1450 2228 1504 οὕτω
2256 1450 2318 1520 δὴ
2347 1452 2439 1504 καὶ
2476 1451 2568 1503 ἐπὶ
2597 1450 2702 1503 τῶν
2725 1450 2883 1503 θείων
2908 1451 3190 1523 ῥημάτων,
3221 1453 3285 1504 ἀν
3303 1453 3431 1522 μιᾶς
3458 1456 3675 1525 ρήσεως

2089 1538 2294 1591 ἔννοιαν
2315 1537 2614 1603 ἀναπτύξαι
2643 1536 2892 1611 θελήσῃς,
2925 1537 3123 1609 πολλήν
3146 1556 3228 1592 σοι
3257 1541 3483 1612 παρέξει
3508 1558 3675 1594 πνευ-

2093 1627 2327 1697 ματικῆς
2354 1628 2616 1694 εὐπορίας
2640 1627 2915 1691 ὑπόθεσιν,
2953 1629 3054 1682 οὐκ
3091 1630 3288 1693 οἰκίας,
3316 1631 3435 1682 οὐδέ
3465 1631 3672 1703 ἄνδράς

2091 1717 2246 1780 ποδα,
2273 1717 2393 1770 οὐδὲ
2439 1717 2647 1788 πλέθρα
2677 1717 2781 1787 γῆς
2819 1717 3140 1788 κομίζουσα,
3174 1719 3308 1772 ἀλλά
3357 1720 3672 1786 θεοσεϐείας

2089 1802 2181 1854 καὶ
2213 1803 2532 1872 φιλοσοφίας
2570 1803 2824 1874 ἀφορμὰς
2854 1806 3058 1858 ἐνιείσα
3085 1808 3204 1869 ταῖς
3229 1807 3336 1859 τῶν
3366 1809 3674 1879 προσεχόν⁹

2087 1905 2194 1942 των
2218 1890 2434 1958 ψυχαῖς.
2471 1890 2666 1942 Σκόπει
2711 1887 2801 1944 οὖν
2849 1892 2978 1945 αὐτὸ
3000 1891 3158 1945 τοῦτο
3190 1894 3250 1946 τὸ
3288 1895 3555 1962 κλητὸς,
3592 1898 3674 1960 είς

2089 1977 2219 2048 ὅσην
2245 1979 2390 2048 ἡμᾶς
2415 1981 2747 2050 χειραγωγεῖ
2778 1979 3121 2052 πραγμάτων
3162 1983 3399 2052 ἱστορίαν
3422 2001 3553 2036 πνευ
3563 2002 3672 2054 μα-

2089 2063 2276 2118 τικῶν.
2309 2067 2400 2117 Δεῖ
2419 2065 2474 2117 δέ
2499 2065 2763 2136 πρότερον
2797 2067 3009 2136 μαθεῖν,
3041 2067 3094 2120 τί
3118 2070 3244 2120 ποτέ
3269 2072 3413 2123 ἐστιν
3448 2073 3586 2124 αὐτὸ
3615 2074 3676 2125 τὸ

2089 2155 2351 2220 κλυτός·
2381 2154 2473 2206 καὶ
2503 2153 2754 2224 δεύτερον
2788 2153 3060 2218 ἐξετάσαι,
3089 2157 3232 2218 τίνος
3267 2155 3450 2209 ἕνεκεν
3475 2160 3676 2228 Κοριν-

2091 2241 2225 2304 θίοις
2254 2241 2581 2294 ἐπιστέλλων
2637 2242 2796 2311 μόνον
2843 2242 2936 2294 καὶ
2980 2243 3266 2312 Ῥωμαίοις
3300 2243 3469 2308 οὕτως
3509 2245 3678 2317 ἐγρα-

2089 2329 2208 2398 ψεν,
2239 2329 2380 2400 ἄλλῳ
2405 2329 2460 2382 δέ
2484 2329 2678 2384 οὐδενί.
2731 2331 2803 2383 Οὐ
2835 2331 2944 2402 γάρ
2969 2331 3174 2396 ἁπλῶς,
3207 2332 3323 2385 οὐδέ
3356 2337 3480 2404 εἰκῆ
3513 2333 3677 2388 τοῦτο

2093 2421 2252 2471 ποιεῖ.
2293 2420 2354 2471 Εἰ
2385 2419 2490 2490 γὰρ
2541 2421 2700 2488 ἡμεῖς
2732 2419 2839 2472 τῶν
2873 2419 3168 2474 ἐπιστολῶν
3201 2421 3299 2482 τὰς
3337 2424 3680 2493 προρρήσεις

2090 2508 2188 2576 οὐχ
2219 2505 2405 2570 ἁπλῶς
2462 2505 2787 2576 ποιούμεθα,
2841 2506 2955 2558 ἀλλ’
2990 2508 3392 2578 ὑποδεεστέροις
3427 2509 3527 2579 μὲν
3562 2513 3681 2562 ἐπ.-

2092 2593 2420 2657 στέλλοντες,
2453 2592 2512 2646 Ὀ
2535 2593 2684 2646 δεῖνα
2705 2592 2782 2662 τῷ
2809 2593 2959 2652 δεῖνι,
2986 2595 3286 2664 γράφομεν,
3319 2595 3444 2648 ὅταν
3469 2595 3526 2648 δέ
3547 2599 3678 2666 δμο-

2089 2685 2287 2754 τίμοις,
2323 2684 2416 2737 καὶ
2444 2684 2709 2754 δεσπότην
2740 2685 2797 2736 ἐν
2826 2686 2891 2753 τῇ
2940 2685 3239 2754 προρρήσει
3280 2684 3551 2756 καλοῦμεν
3587 2686 3687 2745 τὸν,

2087 2774 2378 2844 δεχόμενον
2439 2773 2536 2843 τὴν
2591 2773 2914 2843 ἐπιστολήν·
2951 2773 3082 2826 ὅταν
3115 2773 3172 2826 δὲ
3212 2773 3345 2827 πολύ
3392 2775 3494 2846 τὴν
3519 2775 3680 2840 ἀξίαν

2092 2861 2398 2932 ὑπερέχωσι
2431 2861 2529 2932 τὴν
2554 2860 2851 2931 ἡμετέραν,
2877 2861 2971 2912 καὶ
3009 2859 3174 2929 ’ἑτερα
3202 2861 3420 2914 πλείονα
3450 2863 3678 2934 προστί-

2092 2949 2256 3020 θεμεν
2288 2947 2436 3020 [135]
2473 2949 2736 3017 ὀνόματα,
2776 2947 2994 3018 μείζονα
3023 2946 3213 3016 ἔχοντα
3234 2949 3328 3018 τὴν
3356 2949 3688 3020 θεραπεία-μ

2091 3041 2139 3092 εί
2200 3033 2293 3090 οὐν
2342 3039 2503 3106 ἡμεῖς
2536 3034 2769 3106 τοσαύτῃ
2823 3034 3046 3106 προνοία
3077 3036 3414 3106 κεχρήμεθα,
3459 3039 3554 3091 καὶ
3579 3041 3681 3112 οὐχ

2092 3125 2172 3178 ἐνὶ
2199 3125 2384 3196 τρόπῳ
2404 3125 2537 3176 πᾶσι
2569 3122 2869 3194 γράφομεν,
2895 3121 3030 3175 ἀλλά
3055 3125 3117 3194 τῇ
3153 3123 3378 3194 διαφορᾷ
3399 3125 3508 3177 τῶν
3527 3126 3681 3197 δεχο-

2097 3218 2271 3288 μένων
2303 3214 2610 3286 προσώπων
2663 3213 3032 3283 καταλλήλους
3061 3213 3360 3285 ποιούμεθα
3383 3216 3483 3280 τὰς
3507 3235 3678 3288 προσ-

2094 3308 2318 3378 ηγορίας
2341 3324 2356 3337 ·
2410 3305 2586 3376 πολλῷ
2619 3305 2818 3376 μᾶλλον
2857 3308 2885 3358 ὁ
2929 3305 3158 3371 Παῦλος,
3186 3308 3282 3376 οὐχ
3313 3306 3524 3373 ἁπλῶς,
3556 3309 3681 3370 οὐδέ

2095 3401 2220 3471 είκῆ
2258 3401 2465 3465 τούτοις
2497 3401 2594 3471 μὲν
2621 3399 2813 3464 οὕτως,
2853 3400 3080 3464 ἐκείνοις
3105 3401 3162 3454 δέ
3193 3402 3392 3473 ἑτέρως
3419 3403 3679 3456 ἐπέστελ-

2095 3492 2206 3556 λεν,
2237 3491 2370 3544 ἀλλά
2402 3493 2539 3561 μετά
2590 3508 2733 3555 τινος
2775 3492 2966 3554 σοφίας
2998 3494 3392 3564 πνευματικῆς.
3425 3497 3549 3549 Ὀτι
3581 3497 3680 3567 μὲν

2097 3584 2271 3636 οὐδενὶ
2291 3583 2398 3636 τῶν
2420 3583 2595 3636 ἄλλων
2634 3582 2982 3645 ἐπιστέλλων,
3040 3584 3267 3651 κλητὸν
3295 3587 3488 3640 ἐαυτὸν
3515 3590 3574 3640 ἐν
3601 3589 3678 3658 τῷ

2100 3675 2370 3746 προοιμίῳ
2383 3675 2480 3744 τῆς
2499 3671 2815 3742 Ἐπιστολῆς
2837 3673 3112 3736 ἐκάλεσεν,
3134 3673 3338 3740 ἔξεστιν
3356 3678 3487 3746 ἡμῖν
3508 3679 3677 3742 αὐτάς

2099 3766 2206 3819 τῶν
2247 3765 2572 3818 Ἐπιστολῶν
2609 3765 2709 3830 τὰς
2751 3767 2926 3836 ἀρχάς
2954 3765 3236 3819 ἐπελθοῦσι
3265 3767 3423 3820 τοῦτο
3464 3769 3671 3838 μαθεῖν.

2101 3857 2256 3920 Τίνος
2282 3856 2337 3908 δέ
2375 3856 2558 3909 ἕνεκεν
2587 3855 2744 3908 τοῦτο
2767 3855 2960 3915 ἐποίει,
2993 3854 3261 3926 ἡμέτερον
3287 3857 3354 3912 ἂν
3381 3857 3468 3927 εἴη
3495 3857 3676 3912 λοιπὸν

2100 3951 2292 4014 εἰπεῖν,
2317 3947 2532 4001 ἐπειδάν
2554 3946 2814 4017 δείξωμεν
2832 3947 3092 4018 πρότερον
3115 3947 3168 3999 τί
3199 3949 3345 4000 ἐστιν
3373 3951 3407 4002 d
3431 3951 3674 4018 κλητὸς,

2100 4042 2195 4094 καὶ
2222 4041 2274 4092 τί
2307 4040 2395 4092 διὰ
2426 4039 2525 4108 τῆς
2575 4039 2786 4107 ρἡεως
2817 4039 2962 4107 ἡμᾶς
3011 4037 3218 4102 διδάξαι
3245 4039 3275 4090 ὁ
3312 4039 3522 4103 Παῦλος
3553 4040 3680 4110 ήθέὲ

2099 4132 2231 4202 λησε
2279 4131 2500 4200 ταύτης.
2531 4128 2597 4182 Τί
2626 4130 2744 4182 ποτ’
2769 4125 2862 4182 οῦν
2901 4131 3046 4200 ἡμᾶς
3076 4129 3320 4198 βούλεται
3357 4131 3564 4195 διδάξαι
3592 4132 3678 4186 διά

2099 4220 2193 4298 τοῦ
2223 4221 2450 4289 φιλητὸν
2485 4219 2675 4273 ἐαυτὸν
2705 4218 2926 4272 καλέσαι
2951 4236 2966 4284 ;
3003 4220 3124 4272 Ὀτι
3149 4221 3247 4273 οὐκ
3273 4221 3435 4286 αὐτὸς
3475 4221 3551 4292 τῷ
3583 4225 3651 4274 Δε
3670 4251 3682 4259 -

2103 4314 2275 4384 σποτῃ
2332 4311 2601 4384 προσῆλθε
2634 4310 2868 4382 πρῶτος,
2910 4311 3047 4366 ἀλλά
3076 4312 3292 4383 κληθεὶς
3325 4315 3636 4384 ὑπήκουσεν
3659 4332 3676 4347 ο

2099 4406 2199 4459 οὐκ
2219 4405 2379 4468 αὐτὸς
2409 4403 2639 4474 ἐζήτησε
2689 4404 2781 4456 καὶ
2813 4396 2993 4473 εὗρεν,
3029 4403 3142 4456 ἀλλ’
3166 4404 3364 4476 εὐρέθη
3400 4405 3684 4477 πλανώμεο

2100 4513 2216 4560 νοςο
2251 4497 2350 4548 οὐκ
2378 4495 2537 4557 αὐτὸς
2563 4494 2698 4565 πρὸς
2732 4494 2792 4546 τὸ
2823 4494 2939 4563 φῶς
2977 4493 3233 4564 ἀνέϐλεψε
3266 4495 3507 4566 πρῶτος,
3546 4496 3682 4550 ἁλλὰ

2097 4588 2159 4642 τὸ
2184 4587 2299 4658 φῶς
2318 4585 2417 4650 τάς
2445 4586 2646 4648 οἰκείας
2663 4585 2886 4648 ἀκτῖνας
2912 4584 3048 4655 πρὸς
3080 4583 3179 4646 τὰς
3205 4584 3356 4653 ὄψεις
3377 4586 3556 4656 ἀφῆκε
3584 4586 3683 4650 τὰς

2099 4677 2331 4739 ἐκείνου,
2394 4675 2488 4728 καὶ
2536 4675 2662 4738 τούς
2719 4673 2822 4738 ἔξω
2866 4674 3130 4744 πηρώσας
3167 4673 3501 4744 ὀφθαλμοὺς,
3536 4675 3684 4729 οὓτω

2098 4769 2223 4834 τούς
2253 4767 2460 4822 ἔνδοθεν
2491 4768 2687 4838 ἤνοιξε.
2726 4766 3054 4836 Βουλόμενος
3089 4760 3182 4820 οὖν
3205 4768 3354 4838 ἡμᾶς
3395 4767 3684 4822 παιδεῦσαι

2099 4862 2181 4914 ὅτι
2221 4858 2328 4912 τῶν
2384 4857 2820 4928 κατορθωμάτων
2861 4856 3027 4910 αὐτοῦ
3079 4857 3294 4910 πάντων
3314 4858 3470 4913 οὐδὲν
3502 4860 3686 4930 ἐαυτῷ

2100 4952 2388 5020 λογίζεται,
2425 4950 2561 5002 ἀλλά
2598 4949 2675 5020 τῷ
2726 4948 3016 5016 κεκληκότι
3045 4949 3185 5019 Θεῷ,
3221 4951 3448 5014 φιλητὸν
3487 4953 3685 5007 ἑαυτὸν

2099 5045 2274 5098 καλεῖ.
2318 5044 2372 5095 Ὀ
2403 5043 2510 5113 γάρ
2535 5041 2632 5104 τὰς
2659 5040 2830 5103 πύλας
2858 5057 2947 5111 μοι
2966 5040 3058 5093 τοῦ
3085 5041 3407 5112 σκάμματος
3440 5043 3682 5108 ἀνοίξας,

2101 5138 2252 5206 φησὶ,
2290 5137 2382 5189 καὶ
2408 5137 2468 5188 τὺ
2500 5137 2730 5198 στάδιον,
2760 5129 2915 5199 οὗτος
2945 5136 3038 5187 καὶ
3062 5136 3169 5188 τῶν
3197 5135 3474 5204 στεφάνων
3509 5135 3683 5199 αἴτιος

2100 5229 2305 5297 γίνεται
2325 5243 2338 5256 ⁸
2373 5230 2400 5281 ὁ
2425 5227 2520 5298 τὴν
2553 5228 2724 5299 ἀρχὴν
2754 5226 3052 5298 παρασχὼν
3079 5229 3172 5281 καὶ
3197 5228 3296 5298 τὴν
3320 5226 3477 5298 ῥίζαν
3511 5245 3684 5280 κατα-

2101 5319 2444 5389 ϐαλλόμενος,
2507 5313 2662 5382 οὗτος
2700 5320 2795 5372 καὶ
2826 5319 2931 5372 τῶν
2959 5319 3376 5390 βλαστησάντων
3419 5336 3511 5389 μοι
3541 5321 3680 5389 μετά

2099 5411 2269 5465 ταῦτα
2299 5411 2526 5482 καρπῶν
2568 5412 2805 5485 παρέσχε
2838 5429 2925 5482 μοι
2957 5411 3055 5474 τάς
3086 5411 3357 5482 ἀφορμάς.
3395 5410 3495 5463 Διά
3525 5410 3681 5463 τοῦτο

2101 5501 2195 5553 καὶ
2237 5500 2472 5572 ἀλλαχοῦ
2527 5501 2687 5556 πάλιν
2722 5500 2911 5565 εἰπὼν,
2971 5502 3229 5554 Πλείονα
3258 5499 3505 5561 πάντων
3545 5501 3677 5561 ἑκο-

2101 5593 2309 5657 πίασα.
2344 5595 2640 5664 ἐπήγαγεν,
2673 5597 2793 5649 Οὐκ
2953 5594 3039 5658 δὲ,
3067 5595 3206 5649 ἀλλ’
3228 5595 3266 5662 ἠ
3305 5593 3478 5662 χάρις
3502 5595 3538 5660 ἡ
3562 5593 3680 5646 σὺν

2102 5691 2249 5762 ἐμοί.
2299 5689 2371 5742 Τὸ
2397 5685 2488 5744 οῦν
2537 5689 2772 5760 [murac
2828 5689 2996 5759 ὄνομα
3025 5686 3238 5751 οὐδενός
3269 5689 3413 5740 ἐστιν
3463 5685 3682 5749 ἔνδειξις
