3964 6342
311 368 417 422 149

312 503 433 543 rum
458 485 823 549 conceperant
850 493 863 528 :
896 474 1036 528 Deus
1062 475 1238 525 autem
1270 459 1582 518 memoriam
1610 449 1819 506 virtutis
1849 459 1912 500 ac

311 579 611 636 doctrinam
646 582 914 639 tamquam
945 565 997 619 in
1025 576 1165 616 terea
1192 556 1438 613 columna
1475 552 1526 604 in
1558 542 1913 617 appellatione

300 680 623 729 sanctorum
650 661 915 720 recondit.

391 762 532 818 Petri
558 772 740 814 nomen
761 751 886 826 quid
909 749 1157 819 designet.
1201 741 1583 809 Prwceptorum
1600 728 1805 785 nemina
1826 739 1915 778 ve-

309 853 567 910 neranda.
594 879 666 891 —
694 847 917 903 Petrum
944 838 1157 912 quidem
1185 841 1331 890 certe
1355 845 1382 883 a
1413 829 1609 883 virtute
1648 820 1727 876 sie
1754 831 1918 873 voca-

313 950 408 1011 vit,
441 954 497 1001 et
524 945 578 998 in
608 942 725 1012 ejus
750 936 968 993 nomine
1008 927 1274 986 ﬁrmitatis
1308 921 1431 977 ﬁdei
1465 922 1833 988 argumentum
1861 916 1916 963 et

316 1038 577 1093 indicium
626 1029 944 1091 collocavit,
989 1032 1047 1079 ut
1084 1016 1438 1091 appellatione
1480 1025 1612 1074 sua,
1660 1012 1915 1076 perpetua

315 1143 589 1202 tamquam
618 1126 870 1195 magistra
900 1117 1129 1190 quadam
1158 1107 1421 1182 ejusmodi
1452 1100 1715 1159 [inuitatis
1738 1140 1753 1164 ,
1796 1102 1911 1149 uta-

316 1232 402 1280 tur
429 1192 643 1294 (llllattli.
676 1192 902 1285 16.18).
935 1210 1193 1266 Joannem
1234 1213 1448 1273 quoque
1483 1211 1546 1251 ac
1575 1192 1840 1294 dacobum
1881 1201 1912 1240 a

318 1285 688 1385 magnitudine
718 1308 867 1363 vocis
891 1305 942 1358 in
972 1297 1250 1369 evangelio
1287 1285 1627 1363 praedicando
1654 1290 1779 1337 nota
1815 1293 1912 1332 vo-

316 1372 479 1464 cavit.
522 1403 631 1460 Sed
673 1418 739 1457 ne
776 1398 963 1455 eadem
994 1406 1178 1449 rursus
1219 1380 1567 1443 memorando
1613 1372 1914 1431 molestiam

319 1501 491 1570 pariat
511 1496 684 1551 oratio
711 1501 913 1554 nostra,
939 1487 1020 1541 his
1042 1482 1256 1539 omissis
1282 1476 1412 1534 illud
1433 1475 1629 1538 dicam,
1655 1471 1771 1539 ipsa
1791 1480 1915 1518 san-

317 1604 526 1649 ctorum
560 1588 776 1643 nomina
804 1580 1031 1638 scorsim
1057 1590 1269 1645 semper
1292 1569 1554 1641 religiosis
1584 1575 1637 1621 et
1665 1564 1763 1633 piis
1786 1559 1913 1615 viris

317 1683 665 1741 veneratione
705 1678 875 1747 digna
895 1689 1035 1737 esse,
1068 1685 1130 1725 ac
1161 1664 1527 1739 peccatoribus
1556 1653 1911 1714 formidanda.

317 1776 628 1833 Onesimum
656 1770 873 1841 quidem
913 1776 1081 1831 certe,
1113 1761 1201 1832 qui
1234 1757 1481 1828 fugitivus
1507 1762 1561 1808 et
1588 1753 1670 1805 fur
1695 1748 1915 1804 exstite-

318 1878 421 1935 rat,
442 1876 497 1922 ct
526 1842 593 1919 de
622 1861 850 1933 pecunia
881 1856 1036 1913 herili
1066 1851 1335 1926 quidpiam
1366 1850 1760 1907 interverterat,
1790 1853 1913 1894 cum

317 1934 640 2028 suscepisset
663 1955 877 2014 Paulus,
906 1963 1134 2018 eumque
1161 1946 1515 2003 immutassct,
1541 1947 1699 2005 atque
1726 1934 1794 1987 ita
1825 1945 1915 1986 sa-

317 2054 423 2109 cris
463 2050 734 2123 mysteriis
775 2045 1063 2108 initiasset;
1106 2054 1226 2093 cum
1263 2035 1514 2101 deinceps
1542 2044 1665 2084 cum
1696 2024 1914 2080 domino

318 2161 415 2200 suo
442 2143 747 2198 redditurus
782 2148 946 2203 esset,
978 2135 1092 2187 haec
1120 2130 1185 2184 ad
1217 2129 1363 2183 illum
1407 2121 1613 2191 scripsit
1650 2135 1663 2171 :
1698 2116 1917 2185 Propter

316 2236 456 2305 quod
483 2233 695 2287 multam
723 2229 965 2301 ﬁduciam
992 2225 1178 2279 habens
1206 2222 1257 2274 in
1284 2216 1484 2274 Christo
1512 2208 1798 2281 imperandi
1825 2205 1913 2258 tibi

319 2332 453 2402 quod
481 2328 548 2382 ad
574 2343 680 2381 rem
714 2324 926 2397 pertinet
962 2326 1167 2391 propter
1196 2313 1478 2375 caritatem,
1502 2305 1662 2375 magis
1687 2301 1910 2364 obsecro,

319 2440 432 2476 cum
453 2422 550 2475 sim
572 2419 707 2480 talis,
734 2427 788 2469 ut
817 2414 1012 2468 Paulus
1037 2423 1208 2471 senex,
1237 2421 1369 2459 nunc
1396 2410 1563 2455 autem
1585 2409 1631 2450 et
1648 2396 1840 2448 vinctus
1861 2390 1915 2443 in

317 2514 519 2569 Christo
543 2510 671 2565 Iesu
696 2507 868 2581 (Phil.
888 2523 936 2561 υ.
964 2504 1016 2559 8.
1044 2500 1120 2574 9).
1150 2499 1310 2552 Vides
1331 2495 1476 2549 illum
1499 2487 1765 2544 addidisse
1794 2483 1911 2549 tria,

317 2603 530 2659 vincula
561 2579 778 2671 propter
793 2595 1087 2658 Christum,
1108 2586 1568 2645 conversationem
1590 2579 1659 2633 ob
1680 2585 1910 2638 aetatem,

317 2705 372 2752 ct
397 2692 633 2749 nominis
658 2684 1051 2745 reverentiam?
1077 2682 1207 2737 Nam
1229 2694 1348 2734 cum
1377 2688 1516 2730 unus
1535 2678 1677 2725 esset
1706 2665 1795 2738 qui
1821 2664 1917 2719 ob-

319 2784 570 2841 secrabat
591 2825 607 2849 ,
640 2781 901 2850 triplicem
932 2790 1052 2831 eum
1083 2770 1376 2829 conabatur
1418 2764 1665 2825 efficere,
1698 2757 1787 2829 qui
1821 2770 1915 2825 pro

318 2848 599 2934 Onesimo
620 2848 976 2943 supplicabat,
1011 2865 1276 2925 vinctum,
1309 2874 1515 2922 senem,
1547 2852 1793 2909 Paulum.
1829 2848 1917 2903 \‘i-

318 2971 415 3026 des
443 2971 558 3039 ipsa
602 2964 826 3021 seorsim
859 2960 1072 3015 nomina
1105 2951 1405 3011 veneranda
1431 2964 1551 3004 esse
1579 2943 1821 3000 ﬁdelibus
1854 2955 1917 2994 ac

317 3059 610 3134 religiosa?
635 3059 691 3113 Si
719 3057 861 3113 enim
884 3052 1063 3108 dilecti
1092 3047 1240 3104 filioli
1265 3058 1459 3100 nomen
1484 3046 1791 3109 usurpatum
1817 3048 1919 3089 sa:-

321 3172 388 3227 pe
415 3128 503 3210 vel
533 3153 755 3208 invitum
786 3155 1060 3219 parentem
1092 3141 1159 3197 ad
1187 3134 1570 3196 conferendum
1602 3128 1917 3187 beneﬁcium

323 3249 533 3305 inflexit
566 3246 635 3301 ob
661 3241 895 3299 nominis
920 3251 1158 3293 amorem
1179 3275 1194 3300 ,
1240 3232 1409 3288 multo
1440 3226 1608 3297 magis
1637 3225 1688 3280 in
1722 3219 1920 3276 sanctis

320 3346 373 3403 id
406 3346 607 3399 habere
635 3342 813 3395 locum
853 3336 1096 3393 decebat.
1130 3333 1296 3387 Porro
1331 3322 1683 3383 formidabilia
1710 3331 1922 3391 quoque

324 3435 695 3507 peccatoribus
724 3447 863 3496 esse,
897 3423 1346 3499 quemadmodum
1378 3419 1536 3490 pigris
1560 3412 1797 3487 puerulis
1825 3424 1922 3463 no-

324 3528 468 3584 mina
486 3526 885 3597 magistrorum,
918 3520 1040 3575 audi
1066 3532 1172 3589 quo
1192 3524 1346 3587 pacto
1368 3511 1561 3567 Paulus
1588 3505 1827 3563 scribens
1853 3501 1919 3555 ad

324 3621 544 3677 Galatas
570 3616 939 3675 subindicarit.
962 3612 1095 3668 Nam
1115 3609 1366 3681 quoniam
1389 3605 1454 3660 ad
1474 3601 1748 3659 Judaicam
1774 3598 1923 3653 inﬁr-

325 3715 568 3769 mitatem
599 3711 961 3775 declinarant,
991 3705 1137 3761 etde
1164 3704 1275 3773 ipsa
1319 3699 1422 3755 ﬁde
1463 3694 1919 3768 periclitabantur,

324 3822 447 3863 cum
474 3806 595 3861 illos
616 3804 776 3859 vellet
800 3802 1005 3872 erigere
1030 3814 1092 3854 ac
1114 3797 1218 3853 illis
1240 3791 1580 3866 persuadere,
1604 3788 1732 3843 utin
1762 3800 1926 3841 cvan-

326 3898 554 3968 gelicam
580 3896 878 3951 doctrinam
907 3892 1038 3947 nihil
1078 3889 1357 3946 Iudaicum
1384 3882 1818 3942 introducerent,
1853 3877 1925 3931 ita

329 3987 543 4058 scripsit
576 4004 589 4041 :
623 3983 759 4039 Ecce
788 4001 879 4056 ego
924 3982 1121 4038 Paulus
1156 3980 1269 4033 dico
1311 3977 1469 4042 vobis,
1496 3974 1734 4044 quoniam
1758 3972 1802 4025 si
1826 3970 1927 4024 εὸτι

330 4078 714 4145 cumcidamini,
745 4076 975 4133 Christus
1010 4073 1148 4128 vobis
1177 4071 1304 4125 nihil
1335 4067 1559 4140 proderit
1583 4064 1723 4137 (Gal.
1754 4064 1808 4119 5.
1842 4060 1924 4130 9.).

333 4171 544 4238 Dixisti,
578 4170 691 4241 Ego
723 4184 741 4223 :
771 4184 867 4225 cur
891 4165 1141 4222 addidisti
1171 4161 1407 4218 nomen?
1435 4159 1570 4215 Num
1601 4157 1745 4213 enim
1774 4153 1925 4219 illud,

332 4264 466 4336 Ego,
490 4261 791 4318 sufﬁciebat
813 4259 881 4314 ad
905 4273 1026 4313 eum
1056 4253 1394 4312 indicandum
1417 4250 1507 4322 qui
1533 4247 1836 4306 scribebat?
1859 4245 1928 4301 Ut

332 4358 590 4413 nimirum
640 4354 815 4409 discas
870 4353 1041 4422 ipsum
1107 4347 1339 4404 nominis
1388 4345 1807 4400 additamentum
1861 4337 1928 4392 ad

333 4445 758 4505 commovendos
784 4444 1087 4499 auditorum
1132 4440 1340 4495 animos
1365 4435 1660 4498 suffecisse,
1690 4442 1931 4503 propter-

335 4556 396 4597 ea
422 4554 619 4595 nomen
645 4537 809 4601 addit,
843 4544 901 4591 ut
942 4535 1021 4590 eis
1050 4531 1363 4588 memoriam
1389 4529 1606 4604 refricct
1634 4533 1930 4596 praicepto-

333 4633 427 4689 ris.
468 4631 617 4686 Idem
659 4644 873 4700 quoque
901 4626 1055 4681 nobis
1084 4624 1275 4679 accidit
1305 4640 1318 4677 :
1352 4637 1475 4677 cum
1505 4619 1647 4675 enim
1678 4617 1830 4672 nobis
1875 4615 1929 4670 in

333 4722 652 4780 memoriam
681 4720 849 4775 sancti
888 4727 1226 4782 revocantur,
1258 4713 1470 4770 tametsi
1507 4711 1707 4767 desidia
1749 4719 1931 4778 torpe-

333 4818 574 4883 scimus,
630 4813 959 4877 excitamur;
1014 4810 1140 4864 licet
1183 4814 1608 4865 contemnamus,
1644 4812 1930 4857 terremur.

335 4910 560 4966 Paulum
599 4907 814 4978 quidem
851 4913 997 4960 certe
1030 4902 1329 4973 apostolum
1378 4914 1499 4954 cum
1530 4897 1708 4960 audio,
1753 4895 1934 4949 animo

334 5002 551 5063 intueor
588 5000 771 5065 illum,
816 4997 906 5068 qui
944 4997 996 5051 in
1045 4993 1473 5050 tribulationibus
1513 4990 1846 5053 versabatur,
1880 4987 1933 5042 in

333 5093 619 5165 angustiis,
650 5092 703 5145 in
735 5091 925 5161 plagis,
956 5090 1008 5143 in
1036 5087 1357 5151 carceribus,
1389 5085 1479 5156 qui
1522 5085 1677 5138 unius
1703 5082 1808 5137 diei
1840 5098 1936 5136 no-

335 5187 547 5253 ctisque
572 5183 747 5252 Spatio
774 5181 827 5235 in
863 5179 1127 5250 profundo
1154 5180 1316 5233 maris
1344 5176 1461 5241 fuit,
1482 5176 1571 5246 qui
1598 5175 1814 5229 tertium
1843 5189 1934 5229 ra-

338 5288 460 5347 ptus
487 5276 541 5330 in
582 5275 775 5330 caelum
802 5273 919 5339 fuit,
952 5274 1042 5342 qui
1074 5273 1123 5326 in
1156 5270 1404 5342 paradiso
1433 5268 1593 5324 verba
1623 5268 1828 5322 audivit
1851 5283 1938 5321 ar-

337 5384 508 5436 cana,
546 5382 642 5421 vas
679 5363 1219 5431 electionis,Christi
1264 5360 1724 5433 paranymphum,
1769 5359 1859 5430 qui
1905 5374 1936 5413 a

341 5461 558 5516 Christo
597 5459 879 5513 anathema
907 5472 1027 5512 esse
1068 5472 1163 5525 pro
1192 5455 1444 5510 fratribus
1488 5453 1710 5523 Optavit.
1758 5450 1939 5520 itaque

343 5564 615 5623 tamquam
644 5567 804 5606 aurea
834 5549 1075 5620 quaedam
1105 5558 1292 5603 eatena
1322 5556 1466 5603 recte
1495 5546 1755 5601 factorum
1784 5544 1936 5599 turba

342 5663 463 5702 cum
487 5645 721 5701 nominis
761 5644 1017 5698 memoria
1058 5659 1176 5697 sese
1214 5641 1408 5712 ingerit
1436 5638 1625 5709 iis,qui
1656 5637 1940 5709 diligenter

346 5740 669 5803 attenderint
698 5756 711 5791 :
744 5754 917 5808 neque
946 5736 1213 5791 mediocre
1243 5736 1366 5790 inde
1392 5735 1595 5789 lucrum
1610 5734 1936 5803 decerpitur.

416 5834 470 5892 4.
514 5831 590 5888 De
626 5830 862 5897 dictione,
902 5828 1148 5897 Vocatus,
1183 5828 1323 5899 agit;
1364 5828 1689 5885 salutationes
1713 5827 1938 5901 puemit-

893 357 962 415 IN
1000 351 1225 419 ILLUD,
1267 342 1544 406 PAULUS
1580 330 1921 394 VOCATUS.
1966 324 2055 382 ET
2096 322 2185 378 DE
2225 320 2486 379 MUTAT.
2526 319 2861 378 NOMINUM.
2902 320 2993 376 IV.

3506 322 3605 378 too

2022 449 2195 493 tantur
2219 437 2464 509 epistolis.
2491 439 2955 495 —Potuissemus
2999 438 3084 495 his
3131 439 3290 495 etiam
3336 440 3488 511 plura
3538 444 3606 497 de

2020 531 2238 587 nomine
2259 531 2481 587 dicere:
2510 530 2602 586 sal
2634 541 2691 586 ut
2728 531 3017 587 secundam
3064 547 3277 601 quoque
3315 533 3605 589 dictionem

2018 624 2340 694 attingamus
2368 665 2383 691 ,
2433 622 2523 679 hic
2558 623 2703 678 ﬁnita
2745 622 2813 678 de
2859 619 3075 679 nomine
3119 626 3605 696 contemplatione,

2018 721 2272 792 deinceps
2298 720 2519 792 gradum
2547 721 2613 776 ad
2637 722 2778 776 illam
2811 722 3084 778 faciemus.
3110 724 3178 781 Ut
3206 726 3349 781 enim
3386 742 3606 791 nomen,

2020 812 2241 880 Paulus,
2277 814 2502 869 multrm
2529 814 2684 869 nobis
2722 814 2858 869 lucri
2884 818 3233 886 comparavit,
3281 822 3352 873 ita
3383 829 3436 874 et
3478 820 3608 875 illud

2026 906 2266 972 Vocatus,
2292 906 2335 961 si
2366 907 2703 961 convenienti
2720 908 2898 962 studio
2924 910 3152 966 velimus
3174 911 3301 965 illud
3321 912 3571 981 indagare
3592 953 3607 977 ,

2019 1014 2126 1053 non
2173 998 2365 1054 minori
2419 998 2504 1053 vel
2552 998 2713 1054 etiam
2760 1000 2945 1070 majori
3001 1017 3101 1055 nos
3153 1004 3611 1074 contemplatione

2018 1090 2326 1159 complebit.
2360 1091 2425 1144 Et
2443 1090 2893 1161 quemadmodum
2912 1092 2956 1147 si
2978 1094 3098 1163 quis
3127 1109 3192 1149 ex
3216 1095 3415 1149 mundo
3442 1110 3610 1151 aureo

2019 1184 2104 1240 vel
2131 1185 2278 1255 regio
2299 1185 2600 1241 diademate
2629 1186 2869 1256 lapillum
2905 1203 3066 1242 unum
3098 1188 3318 1254 eximat,
3345 1188 3609 1245 cttlomos

2019 1276 2348 1345 Splendidas,
2380 1288 2435 1332 et
2463 1293 2622 1348 agros
2643 1278 2820 1347 magni
2843 1280 3022 1348 pretii,
3052 1293 3115 1334 ac
3143 1280 3457 1338 famulorum
3486 1295 3610 1350 gre-

2016 1386 2111 1442 ges
2154 1369 2369 1441 aliaque
2406 1371 2573 1425 multo
2603 1370 2685 1425 his
2732 1372 2934 1442 majora
2974 1386 3222 1426 coemere
3250 1372 3475 1440 poterit,
3518 1372 3610 1427 illa

2017 1464 2306 1533 margarita
2331 1462 2606 1518 divendita
2637 1482 2649 1518 :
2680 1464 2750 1518 ita
2779 1479 2990 1535 quoque
3013 1463 3105 1520 ﬁet
3130 1463 3183 1519 in
3208 1464 3387 1519 verbis
3409 1463 3607 1521 sacris:

2017 1556 2063 1611 si
2090 1556 2247 1610 unius
2272 1555 2520 1611 dictionis
2542 1571 2761 1611 sensum
2788 1557 2920 1611 velis
2949 1557 3220 1623 evolvere,
3250 1556 3471 1611 multam
3502 1558 3611 1625 spi-

2018 1648 2222 1703 ritualis
2252 1649 2344 1703 tibi
2391 1658 2626 1718 quiestus
2665 1649 2942 1703 materiam
2996 1647 3288 1719 praebebit;
3332 1663 3439 1702 non
3466 1646 3611 1717 quod

2018 1739 2207 1795 domos
2232 1746 2324 1793 aut
2349 1739 2614 1809 mancipia
2648 1740 2732 1794 vel
2764 1748 2919 1793 terrae
2939 1739 3128 1809 jugera
3174 1739 3267 1793 tibi
3312 1747 3608 1808 comparet,

2017 1832 2111 1889 sed
2134 1832 2277 1903 quod
2318 1832 2530 1901 pietatis
2577 1846 2641 1886 ac
2685 1830 3041 1901 philosophiae
3074 1830 3387 1886 occasiones
3424 1830 3614 1884 afferat

2018 1939 2205 1981 eorum
2236 1925 2534 1992 animabus,
2557 1926 2647 1996 qui
2674 1925 2861 1980 attenti
2888 1941 2950 1981 ac
2975 1925 3144 1980 seduli
3179 1924 3397 1980 fuerint.
3434 1924 3610 1992 Ipsum

2020 2018 2180 2088 igitur
2210 2017 2358 2081 illud,
2403 2016 2643 2082 Vocatus,
2666 2016 2946 2071 considera
2977 2016 3049 2071 ad
3077 2024 3329 2085 quantam
3356 2015 3610 2085 spiritua-

2021 2108 2147 2162 lium
2181 2122 2358 2162 rerum
2388 2106 2663 2161 historiam
2689 2121 2787 2161 nos
2811 2106 3062 2160 deducat.
3092 2106 3248 2161 Prius
3273 2115 3451 2161 autem
3482 2104 3611 2160 illud

2018 2199 2330 2255 discendum
2380 2208 2482 2266 est,
2527 2199 2654 2271 quid
2700 2200 2769 2254 sit
2820 2199 2951 2254 illud
2995 2200 3193 2269 ipsum,
3253 2197 3488 2265 Vocatus,
3547 2214 3613 2253 ac

2019 2293 2213 2349 deinde
2233 2293 2599 2358 scrutandum,
2626 2308 2785 2363 quam
2816 2293 3030 2349 tandem
3056 2293 3127 2347 ob
3176 2306 3392 2347 causam
3419 2292 3484 2345 ad
3514 2292 3616 2347 Co-

2028 2388 2265 2445 rinthios
2297 2389 2477 2445 solum
2510 2398 2564 2444 et
2593 2389 2658 2443 ad
2694 2388 2976 2445 Romanos
3003 2387 3181 2459 (Rom.
3218 2390 3270 2443 1.
3298 2389 3371 2459 1),
3400 2405 3511 2443 non
3547 2390 3612 2442 αι’

2030 2481 2204 2536 ullum
2223 2482 2388 2534 alium
2404 2481 2592 2536 literas
2610 2481 2830 2535 mittens
2850 2480 2924 2533 ita
2945 2479 3454 2551 scripserit.Nequc
3467 2483 3613 2536 enim

2021 2573 2140 2628 sine
2169 2586 2331 2626 causa
2360 2572 2443 2626 vel
2476 2581 2675 2625 temere
2719 2570 2771 2624 id
2822 2570 2969 2624 facit.
2998 2569 3130 2623 Nam
3162 2569 3206 2623 si
3252 2584 3351 2623 nos
3377 2566 3619 2639 epistolis

2021 2678 2127 2717 non
2159 2673 2360 2720 temere
2391 2662 2768 2731 inscriptiones
2791 2660 3137 2731 przeﬁgimus,
3161 2659 3256 2715 sed
3300 2659 3347 2713 si
3382 2660 3448 2712 ad
3480 2659 3617 2712 infc-

2022 2755 2195 2811 riores
2239 2757 2422 2811 literas
2453 2755 2749 2822 mittamus,
2782 2752 2928 2807 Talis
2971 2752 3097 2817 tali,
3138 2752 3463 2815 scribimus;
3495 2766 3617 2805 cum

2022 2855 2201 2900 autem
2251 2846 2318 2901 ad
2349 2845 2605 2916 aequales,
2647 2845 2809 2900 etiam
2845 2844 3121 2901 dominum
3168 2842 3223 2897 in
3272 2841 3620 2911 inscriptione

2023 2953 2276 2993 vocamus
2306 2953 2451 3005 eum,
2476 2939 2564 3008 qui
2605 2938 2890 3007 epistolam
2930 2936 3151 3007 recipit;
3193 2950 3315 2991 cum
3356 2952 3485 2990 vero
3519 2949 3617 2988 no.

2024 3030 2524 3099 stramdignitatetn
2568 3030 2724 3100 longe
2751 3028 3052 3095 excedunt,
3096 3029 3198 3082 alia
3221 3044 3436 3099 quoque
3468 3027 3618 3097 plura

2023 3124 2305 3193 adjicimus
2335 3124 2571 3191 nomina,
2603 3140 2724 3194 qua:
2756 3110 3014 3194 majorem
3037 3123 3241 3178 cultum
3278 3132 3334 3177 et
3356 3121 3618 3177 honorem

2025 3234 2136 3289 pra:
2162 3233 2221 3272 se
2253 3217 2446 3271 ferant.
2476 3216 2627 3283 Quod
2650 3216 2696 3271 si
2723 3231 2821 3271 nos
2848 3224 3046 3271 tantam
3073 3232 3257 3271 curam
3278 3215 3615 3279 adhibemus,

2026 3326 2199 3383 neque
2253 3310 2444 3366 eodem
2477 3310 2639 3365 modo
2687 3310 2755 3365 ad
2798 3325 2987 3365 omnes
3034 3310 3340 3376 scribimus,
3387 3308 3481 3363 sed
3523 3321 3622 3379 pro

2024 3405 2285 3459 varietate
2330 3417 2678 3472 personarum
2696 3417 2829 3472 oqute
2856 3401 3040 3457 literas
3088 3402 3385 3472 recipiunt.
3417 3415 3620 3456 conve-

2026 3499 2237 3554 nientes
2259 3496 2645 3566 appellationes
2667 3495 3074 3566 praemittimus:
3109 3495 3276 3549 multo
3293 3494 3462 3563 magis
3482 3493 3623 3547 Pau—

2027 3594 2111 3648 lus
2138 3607 2247 3647 non
2294 3601 2517 3653 temere,
2548 3601 2639 3645 aut
2666 3591 2781 3645 sine
2801 3604 2961 3645 causa
2997 3588 3097 3645 hoc
3140 3588 3300 3643 modo
3319 3586 3386 3641 ad
3412 3586 3531 3655 hos,
3555 3585 3624 3641 ad

2028 3686 2147 3741 illos
2175 3685 2281 3740 alio
2317 3684 2476 3738 modo
2506 3682 2796 3748 scribebat,
2820 3681 2933 3737 sed
2982 3696 3103 3736 cum
3150 3680 3330 3750 aliqua
3359 3677 3623 3750 spirituali

2028 3776 2311 3847 sapientia.
2339 3778 2417 3831 Ac
2448 3775 2582 3830 nulli
2613 3774 2829 3845 quidem
2880 3772 3034 3827 alteri
3089 3771 3392 3826 mittentem
3441 3771 3625 3825 literas

2027 3878 2261 3924 vocatum
2292 3884 2413 3923 eum
2447 3868 2499 3921 in
2531 3866 2754 3922 exordio
2774 3865 3014 3935 epistola:
3037 3865 3275 3934 scipsum
3297 3861 3618 3934 appellasse,

2028 3951 2273 4018 decursis
2300 3961 2427 4031 ipsis
2456 3960 2805 4030 epistolarum
2857 3959 3022 4012 initiis
3065 3956 3275 4012 discere
3318 3967 3622 4025 possumus.

2030 4055 2138 4110 Cur
2190 4062 2371 4107 autem
2402 4052 2455 4106 id
2505 4062 2707 4122 ageret,
2759 4051 2872 4121 jam
2928 4058 3172 4104 nostrum
3218 4055 3301 4102 est
3331 4046 3532 4113 dicere,
3578 4044 3625 4100 si

2030 4148 2177 4219 prius
2208 4146 2333 4217 quid
2360 4147 2449 4211 sit,
2491 4154 2696 4198 vocatus
2721 4185 2736 4210 ,
2764 4141 3315 4197 demonstraverimus
3338 4179 3354 4203 ,
3389 4136 3627 4209 quidque

2031 4254 2131 4294 nos
2159 4253 2255 4308 per
2280 4237 2417 4292 hanc
2444 4235 2731 4290 dictionem
2761 4233 2956 4289 docere
2985 4232 3182 4288 Paulus
3202 4229 3450 4285 voluerit.
3483 4226 3620 4295 Quid

2031 4346 2160 4401 ergo
2189 4329 2385 4384 docere
2430 4343 2530 4382 nos
2554 4326 2667 4380 vult
2706 4325 2924 4388 Paulus,
2970 4339 3093 4378 cum
3131 4323 3366 4392 scipsum
3393 4329 3626 4373 vocatum

2031 4421 2304 4493 appellat?
2332 4420 2403 4476 Se
2430 4419 2683 4474 nimirum
2715 4418 2947 4488 priorem
2970 4416 3037 4470 ad
3064 4415 3348 4469 Dominum
3400 4427 3507 4467 non
3540 4424 3631 4464 ac-

2032 4518 2300 4581 cessisse,
2361 4530 2548 4571 verum
2600 4522 2850 4569 vocatum
2899 4509 3251 4570 obedivisse:
3296 4522 3403 4561 non
3454 4505 3628 4575 ipsum

2033 4609 2539 4681 quaesivisseatque
2568 4605 2863 4669 invenisse,
2892 4602 2988 4659 sed
3033 4617 3155 4657 cum
3194 4601 3519 4663 aberrasset,
3549 4597 3633 4650 in-

2034 4714 2251 4761 ventum
2268 4718 2389 4759 esse
2416 4719 2428 4756 :
2448 4717 2555 4756 non
2572 4701 2747 4770 ipsum
2771 4700 2838 4753 ad
2860 4698 3034 4751 lucem
3052 4694 3360 4764 respexisse
3377 4691 3629 4761 primum,

2036 4799 2131 4855 sed
2162 4800 2335 4854 lucem
2362 4795 2543 4851 radios
2564 4810 2692 4849 suos
2740 4793 2794 4847 in
2832 4790 2949 4861 ejus
2976 4788 3255 4859 palpebras
3285 4786 3549 4850 vibrasse,
3578 4792 3634 4838 et

2038 4890 2397 4950 exterioribus
2437 4889 2607 4944 oculis
2661 4887 2880 4952 orbato,
2931 4882 3214 4938 interiores
3273 4877 3468 4934 deinde
3513 4890 3635 4931 esse

2040 4995 2333 5042 rcseratos.
2364 4982 2498 5037 Cum
2531 4981 2691 5051 igitur
2729 4978 2925 5033 docere
2967 4989 3066 5028 nos
3109 4974 3302 5039 vellet,
3336 4988 3395 5026 se
3428 4970 3633 5024 nullum

2041 5096 2107 5134 ex
2137 5079 2250 5135 suis
2278 5087 2423 5132 recte
2473 5074 2630 5131 factis
2669 5070 2918 5127 omnibus
2972 5067 3183 5137 sibiipsi
3234 5067 3490 5129 tribuere,
3538 5062 3631 5117 sed

2042 5175 2153 5229 Deo
2178 5172 2267 5243 qui
2290 5170 2519 5235 vocavit,
2552 5167 2786 5237 scipsum
2834 5172 3064 5217 vocatum
3101 5160 3352 5231 appellat.
3386 5157 3516 5212 Nam
3545 5153 3637 5224 qui

2042 5263 2201 5321 stadii
2230 5262 2359 5317 mihi
2381 5261 2525 5316 fores
2570 5258 2802 5328 aperuit,
2849 5254 3044 5325 inquit,
3072 5262 3128 5308 et
3175 5250 3503 5313 scammatis,
3548 5247 3636 5300 ille

2042 5370 2363 5413 coronarum
2386 5353 2548 5408 etiam
2587 5358 2670 5405 est
2696 5357 2919 5403 auctor:
2948 5346 3038 5415 qui
3070 5341 3301 5415 przebuit
3344 5339 3552 5395 initium
3581 5345 3637 5390 et

2042 5452 2279 5508 radicem
2333 5443 2611 5517 plantavit,
2663 5442 2750 5497 hic
2797 5439 2928 5495 mihi
2969 5439 3256 5502 fructuum,
3307 5433 3397 5505 qui
3442 5428 3637 5485 deinde

2043 5541 2413 5613 germinarunt
2441 5578 2457 5603 ,
2499 5533 2813 5590 occasiones
2852 5528 3230 5601 suppeditavit.
3296 5525 3635 5592 Quapmpter

2043 5612 2168 5688 alibi
2196 5645 2409 5703 quoque
2438 5642 2626 5683 rursus
2653 5640 2774 5681 cum
2801 5623 3047 5689 dixisset,
3080 5620 3208 5674 Plus
3225 5617 3452 5672 omnibus
3484 5612 3627 5667 labo-

2044 5730 2173 5795 ravi,
2204 5724 2499 5796 subjunxit,
2518 5721 2637 5775 Non
2660 5736 2750 5792 ego
2774 5728 2964 5784 autem,
2990 5715 3079 5770 sed
3103 5713 3289 5786 gratia,
3308 5723 3419 5780 qua:
3437 5720 3630 5760 mecum

2044 5833 2114 5881 est
2143 5821 2363 5895 (l._Cor.
2408 5816 2639 5891 15.10).
2694 5814 2877 5884 itaque
2930 5824 3125 5868 nomzn
3176 5804 3322 5874 illud,
3378 5802 3634 5867 Vocatus,
