3964 6342
343 313 438 370 151
1066 319 1123 372 S.
1164 316 1444 374 JOANNIS
1480 317 1967 376 CHRYSOSTOMI
1999 316 2311 374 ARClIiEP.
2350 319 2887 378 CONSTANTINOP.

347 426 492 482 aliud
525 426 653 482 nihil
687 427 906 495 indicat,
939 429 1040 484 nisi
1088 431 1308 485 Paulum
1357 431 1489 485 nihil
1518 446 1586 486 ex
1632 431 1744 487 suis
1787 440 1935 486 recte

344 517 496 574 lactis
521 519 620 573 sibi
645 521 914 590 proprium
945 521 1216 588 arbitrari,
1248 523 1342 578 sed
1365 523 1544 578 Omnia
1567 524 1794 578 Domino
1825 523 1935 578 Deo

347 610 603 664 tribuere.
634 610 783 676 Quod
816 612 1001 682 utique
1029 611 1272 668 Christus
1301 614 1590 685 discipulos
1619 630 1746 670 suos
1774 615 1934 670 doce-

349 699 436 754 bat
461 700 662 761 dicens,
686 701 802 754 Non
821 719 907 756 vos
930 703 1254 775 meelegistis,
1282 706 1370 760 sed
1386 723 1475 777 ego
1500 707 1625 777 elegi
1650 724 1734 761 vos
1752 706 1934 776 (Joan.

347 790 434 846 15.
470 792 591 863 16);
623 804 782 862 atque
803 795 1074 864 apostolus
1104 797 1242 851 istud
1271 798 1440 868 ipsum
1464 814 1648 853 rursus
1675 799 1726 852 in
1748 797 1932 854 eadem

347 881 523 938 innuit
566 885 809 954 epistola,
862 902 980 941 cum
1012 888 1126 942 ait:
1161 887 1305 942 Tunc
1359 907 1678 961 cognoscam,
1737 890 1864 944 sicut
1889 899 1934 942 et

347 977 576 1046 cognitus
605 995 717 1032 sum
743 980 818 1049 (1.
840 978 955 1034 Cor.
983 982 1070 1035 13.
1107 980 1195 1052 12)
1221 1001 1234 1036 :
1268 999 1410 1037 nunc
1435 984 1597 1049 enim,
1619 985 1806 1054 inquit,
1829 1001 1934 1038 non

349 1083 448 1138 rgo
478 1071 622 1137 prior
641 1071 886 1138 cognovi,
919 1072 1012 1127 sed
1037 1073 1182 1142 prior
1206 1091 1322 1128 sum
1348 1076 1610 1144 cognitus.
1642 1076 1775 1130 Dum
1791 1076 1934 1130 enim

348 1173 759 1230 persequeretur
803 1174 857 1217 et
901 1166 1245 1233 popularetur
1303 1169 1597 1223 Ecclesiam
1631 1211 1643 1235 ,
1693 1169 1936 1224 Christus

349 1265 472 1306 eum
501 1253 707 1306 vocavit
738 1253 943 1320 dicens,
969 1256 1147 1322 Suule,
1186 1259 1363 1326 Suule,
1387 1260 1508 1330 quid
1529 1278 1606 1314 me
1626 1262 1936 1330 persequeris

347 1341 484 1408 (Act.
528 1342 582 1398 9.
635 1344 730 1414 4)?
785 1358 1069 1417 propterea
1124 1362 1353 1404 vocatum
1401 1353 1634 1422 seipsum
1681 1354 1934 1424 appellat.

347 1432 518 1499 Quam
543 1435 612 1489 ob
638 1451 851 1491 causam
883 1438 949 1492 ad
979 1437 1284 1494 Corinthios
1315 1441 1386 1496 ita
1419 1444 1937 1499 scribebat?Corin-

348 1523 474 1578 thus
493 1526 605 1580 haec
636 1529 948 1598 metropolis
973 1541 1054 1585 est
1085 1533 1320 1598 Achaiie,
1354 1550 1416 1588 ac
1444 1536 1807 1604 Spiritualibus
1843 1537 1940 1591 do-

347 1615 430 1668 nis
455 1615 774 1684 abundabat,
806 1630 858 1674 et
886 1623 1076 1676 merito
1112 1639 1242 1678 sane
1271 1642 1283 1676 :
1309 1627 1570 1695 siquidem
1589 1628 1759 1698 prima
1789 1628 1940 1685 Pauli

348 1706 514 1774 potita
562 1715 645 1761 est
683 1708 894 1780 lingua;
932 1720 987 1766 et
1030 1714 1481 1783 quemadmodum
1531 1718 1653 1772 vitis
1705 1735 1823 1788 qua:
1871 1720 1938 1774 ab

347 1797 551 1865 optimo
576 1814 638 1852 ac
664 1799 902 1872 diligenti
931 1805 1163 1873 agricola
1186 1807 1470 1876 excolitur,
1499 1810 1679 1864 multis
1705 1811 1939 1867 luxuriat

346 1887 508 1955 foliis,
543 1891 724 1946 multis
747 1894 1007 1951 fructibus
1031 1913 1246 1968 semper
1269 1910 1524 1956 oneratur
1555 1920 1569 1957 :
1597 1902 1667 1956 ita
1685 1903 1937 1958 nimirum

347 1989 402 2033 et
432 1981 558 2035 urbs
583 1984 668 2037 illa
701 2000 822 2040 cum
847 1995 1118 2059 tamquam
1147 1992 1408 2061 optimum
1451 1995 1742 2064 agricolam
1791 1995 1936 2052 Pauli

345 2070 647 2128 doctrinam
703 2076 873 2145 prima
931 2089 1078 2134 esset
1120 2093 1360 2151 experta,
1416 2085 1640 2155 ejusque
1677 2087 1954 2156 sapientia,

347 2161 508 2233 longe
536 2173 780 2241 tempore
807 2185 865 2224 se
895 2171 1236 2240 oblectasset,
1262 2175 1415 2230 bonis
1427 2179 1675 2234 omnibus
1693 2171 1952 2247 ﬂorebat;

346 2269 522 2325 neque
543 2273 670 2312 vero
697 2261 1061 2328 spiritualibus
1084 2275 1286 2320 tantum
1313 2266 1469 2324 donis
1499 2269 1817 2336 abundabat,
1843 2271 1935 2328 sed

346 2355 402 2398 et
429 2350 712 2404 commoda
741 2354 1015 2407 saecularia
1037 2355 1112 2410 illi
1144 2356 1344 2412 all‘atim
1385 2361 1760 2430 suppetebant.
1803 2363 1934 2418 Nam

346 2445 402 2489 et
433 2437 667 2506 profana:
694 2442 1010 2498 eruditionis
1033 2447 1314 2515 sapientia,
1342 2457 1396 2503 et
1415 2449 1639 2519 divitiis,
1661 2463 1715 2508 et
1742 2463 1938 2524 poten-

349 2528 419 2579 tia
447 2531 659 2584 cazteris
685 2533 904 2588 urbibus
930 2538 1305 2593 antecellebat.
1340 2543 1515 2610 Atque
1560 2543 1643 2598 his
1673 2547 1760 2600 illa
1788 2547 1940 2602 inﬂa-

352 2621 528 2686 batur,
560 2634 610 2676 et
641 2625 693 2677 in
723 2628 1026 2695 superbiam
1054 2629 1396 2699 efferebatur,
1427 2643 1483 2689 et
1511 2653 1603 2705 per
1633 2639 1936 2708 superbiam

348 2714 404 2767 in
431 2717 604 2770 varias
630 2728 807 2786 partes
834 2720 1002 2776 divisa
1031 2735 1135 2778 est.

419 2809 724 2879 Arrogantia
752 2812 886 2866 mala
903 2830 923 2879 ,°
954 2813 1205 2869 Corinthii
1233 2819 1386 2889 primi
1413 2819 1571 2875 Pauli
1598 2823 1829 2878 doctrina
1851 2842 1940 2880 ea:-

351 2901 494 2954 culti.
525 2901 757 2972 Profano
779 2909 1026 2977 sapientia
1049 2927 1150 2964 non
1175 2913 1369 2982 confert
1388 2915 1457 2968 ad
1481 2917 1740 2983 pietatem.
1763 2950 1835 2961 —
1861 2921 1938 2976 Ea

350 2991 550 3062 quippe
597 3005 785 3050 natura
845 3007 930 3054 est
987 3005 1309 3073 arrogantiae
1370 3023 1382 3059 :
1439 3010 1678 3065 caritatis
1727 3014 1940 3069 vincula

349 3083 634 3154 disrumpit
667 3097 724 3142 et
761 3093 1061 3159 proximum
1110 3096 1313 3164 avellit,
1345 3108 1399 3153 et
1425 3099 1588 3156 efﬁcit
1617 3114 1675 3157 ut
1713 3107 1940 3161 seorsim

348 3177 486 3246 apud
505 3194 563 3234 se
587 3179 746 3251 degat
775 3183 840 3248 is,
871 3186 962 3255 qui
986 3187 1054 3242 ab
1079 3188 1165 3243 illa
1181 3203 1458 3261 correptus
1499 3195 1678 3252 fuerit.
1710 3199 1773 3254 Et
1803 3202 1941 3258 sicut

351 3271 547 3339 paries,
576 3275 666 3344 qui
700 3277 1029 3345 intumuerit,
1061 3283 1344 3339 aedilicium
1363 3287 1588 3344 destruit
1621 3294 1733 3346 :sic
1763 3297 1940 3350 anima

350 3361 532 3416 inﬂata
557 3365 694 3420 ferre
717 3382 821 3421 non
845 3380 1021 3438 potest
1047 3386 1106 3427 se
1129 3389 1252 3428 cum
1283 3377 1451 3432 altero
1475 3382 1716 3449 copulari
1751 3402 1764 3437 :
1798 3386 1940 3454 quod

349 3463 405 3506 et
426 3455 681 3511 Corintho
706 3466 816 3513 tum
852 3463 1032 3516 evenit
1068 3481 1081 3516 :
1127 3465 1268 3521 inter
1296 3483 1356 3523 se
1406 3470 1752 3541 dissidebant,
1801 3487 1854 3531 et
1889 3479 1940 3534 in

350 3548 550 3604 multas
578 3559 755 3620 partes
777 3552 1069 3610 Ecclesiam
1097 3557 1409 3616 dividebant
1447 3581 1460 3616 :
1490 3573 1652 3636 atque
1696 3569 1942 3625 innume-

351 3657 442 3695 ros
468 3643 567 3696 sibi
597 3645 730 3698 alios
757 3645 1006 3702 doctores
1031 3666 1151 3702 cum
1183 3654 1574 3722 prmfecissent,
1605 3659 1657 3712 in
1689 3662 1865 3716 curias
1887 3672 1942 3718 et

352 3734 555 3787 classes
577 3735 842 3789 distributi
871 3737 1183 3808 dignitatem
1213 3743 1469 3800 Ecclesia:
1497 3751 1936 3816 pessumdabant.

353 3822 594 3893 Dignilas
619 3826 760 3879 enim
790 3837 872 3881 est
919 3829 1208 3898 Ecclesiae,
1237 3849 1356 3889 cum
1389 3835 1464 3890 illi
1505 3838 1594 3907 qui
1636 3846 1940 3913 congregati

351 3923 492 3981 sunt,
530 3917 731 3986 optime
758 3919 897 3975 inter
916 3935 975 3975 se
1014 3924 1356 3979 concordiam
1386 3941 1680 4000 pacemque
1723 3947 1944 3989 conser-

350 4019 497 4064 vant.
1450 4075 1458 4084 _

425 4102 478 4158 5.
521 4102 648 4158 Haec
667 4115 844 4160 autem
874 4108 1052 4162 omnia
1086 4109 1232 4164 vobis
1248 4110 1666 4169 demonstranda
1705 4127 1850 4184 sunt,
1889 4129 1942 4174 et

353 4192 662 4250 Corinthios
681 4197 825 4251 Pauli
853 4199 1093 4252 doctrina
1117 4209 1226 4255 tum
1257 4205 1498 4260 excultos
1529 4206 1690 4262 fuisse
1717 4211 1936 4279 primos,

353 4301 449 4340 eos
473 4287 628 4341 donis
678 4290 1041 4358 Spiritualibus
1087 4292 1280 4348 divites
1331 4294 1516 4364 fuisse,
1549 4307 1604 4352 et
1645 4302 1942 4358 commodis

351 4378 699 4433 szccnlaribus
718 4384 1108 4452 antecelluissc,
1135 4397 1294 4457 atque
1323 4388 1522 4444 idcirco
1554 4389 1608 4444 in
1633 4392 1938 4462 superbiam

350 4471 521 4525 elatos
550 4486 579 4524 a
598 4488 655 4526 se
688 4473 911 4528 invicem
942 4490 1061 4530 esse
1083 4476 1339 4545 divulsos,
1369 4490 1422 4534 et
1449 4479 1548 4534 hos
1579 4481 1794 4552 quidem
1836 4483 1938 4552 his,

353 4561 473 4616 illos
495 4572 673 4618 autem
717 4565 821 4618 illis
863 4581 983 4621 sese
1038 4567 1327 4624 addixisse.
1361 4570 1427 4625 Ut
1473 4572 1632 4648 igitur
1676 4574 1940 4644 intelligas

355 4655 557 4724 primos
585 4671 678 4710 eos
705 4657 944 4713 doctrina
975 4660 1122 4714 Pauli
1166 4663 1409 4718 excultos
1451 4663 1616 4720 fuisse
1636 4707 1650 4732 ,
1681 4666 1802 4720 audi
1834 4682 1941 4736 quo

359 4755 510 4817 pacto
536 4747 763 4817 idipsum
788 4751 987 4806 indicet
1018 4752 1247 4807 Paulus:
1276 4753 1414 4806 Nam
1445 4756 1485 4808 si
1512 4757 1715 4822 multos,
1746 4757 1936 4827 inquit,

356 4839 659 4910 pwdagogos
688 4841 912 4897 habeatis
932 4844 985 4898 in
1007 4844 1225 4910 Christo,
1258 4849 1348 4900 sed
1392 4865 1493 4902 non
1537 4849 1722 4905 multos
1751 4859 1937 4920 patres.

358 4929 498 4983 Nam
525 4933 579 4984 in
599 4929 796 4986 Christo
821 4933 947 4990 Iesu
968 4953 1058 5006 per
1091 4938 1402 5010 evangelium
1423 4957 1512 5009 ego
1537 4957 1623 4996 vos
1653 4944 1804 5012 genui
1835 4943 1854 5012 (
1886 4945 1938 4998 1.

352 5020 471 5077 Cor.
495 5023 550 5078 4.
580 5024 668 5093 15)
697 5043 710 5078 :
742 5028 885 5096 atqui
909 5027 953 5082 is
977 5029 1065 5100 qui
1094 5030 1277 5099 gignit,
1307 5033 1510 5101 primus
1533 5033 1582 5086 iu
1611 5034 1782 5089 lucem
1814 5049 1942 5104 pro-

356 5117 504 5170 ducit
545 5117 688 5186 quod
740 5121 976 5189 genitum
1021 5132 1124 5178 est.
1158 5125 1221 5178 Et
1270 5140 1494 5191 rursus,
1533 5125 1645 5197 Ego
1691 5127 1936 5196 plantavi,

356 5208 542 5280 Apollo
569 5210 749 5280 rigavit
777 5213 850 5284 (1.
879 5214 995 5268 Cor.
1023 5216 1075 5270 5.
1105 5215 1158 5288 6)
1194 5235 1206 5270 :
1237 5219 1523 5272 ostendens
1550 5234 1579 5271 a
1615 5235 1673 5274 se
1710 5220 1940 5289 primum

349 5316 591 5371 sparsam
614 5315 734 5357 esse
760 5302 1075 5360 doctrinam.
1095 5307 1260 5362 Porro
1285 5308 1437 5363 donis
1462 5325 1555 5364 eos
1579 5311 1944 5380 spiritualibus

355 5394 688 5452 redundasse
714 5396 838 5452 inde
865 5409 1072 5454 constat
1103 5417 1116 5453 ε
1153 5399 1354 5454 Gratias
1379 5418 1476 5473 ago
1507 5402 1613 5458 Dee
1639 5405 1701 5458 ob
1725 5407 1942 5475 gratiam

351 5486 470 5554 Dei,
501 5503 612 5556 qua!
641 5488 762 5541 data
787 5498 858 5542 est
886 5491 1022 5544 vobis
1048 5492 1100 5544 in
1121 5490 1320 5546 Christo
1346 5491 1491 5553 Iesu.
1512 5494 1648 5564 quod
1682 5496 1736 5548 in
1763 5497 1934 5549 omni-

357 5582 450 5632 bus
477 5579 652 5634 divites
680 5582 802 5651 facti
833 5582 950 5635 estis
995 5583 1047 5636 in
1069 5584 1178 5647 illo,
1222 5587 1294 5637 ita
1324 5593 1376 5638 ut
1406 5587 1534 5640 nihil
1570 5586 1707 5641 vobis
1733 5588 1859 5642 desit
1887 5589 1940 5642 in

355 5671 466 5724 ulla
488 5675 652 5744 gratia
685 5673 760 5745 (1.
793 5673 910 5730 Cor.
942 5675 994 5730 1.
1025 5676 1079 5730 4.
1111 5676 1185 5748 5).
1215 5677 1427 5734 Etvero
1445 5679 1680 5749 profana:
1709 5681 1827 5736 illos
1852 5697 1940 5734 sa-

361 5764 574 5839 pientia:
603 5764 765 5824 fuisse
785 5768 1087 5840 participes,
1115 5767 1242 5826 satis
1267 5770 1417 5828 nobis
1439 5771 1731 5830 declaravit
1759 5774 1940 5831 multis

3527 329 3631 384 152

2046 430 2149 485 illis
2179 430 2455 502 longisque
2484 435 2841 500 sermonibus,
2866 435 3057 506 quibus
3085 437 3137 490 in
3158 437 3468 508 sapientiam
3489 441 3628 496 illam

2043 521 2336 577 invehitur.
2365 522 2498 578 Cum
2527 526 2670 580 enim
2698 527 2799 580 alia
2857 528 2910 581 in
2961 528 3184 596 epistola
3231 545 3336 583 non
3382 530 3540 586 facile
3579 534 3626 588 id

2045 613 2357 681 prmstitisse
2397 617 2716 685 reperiatur,
2746 619 2831 672 hic
2885 621 3087 687 prolixa
3131 621 3250 676 illos
3293 626 3629 681 accusatione

2043 704 2335 759 insectatur
2364 722 2378 760 :
2411 721 2473 762 ac
2496 710 2689 763 merito
2711 725 2858 763 sane.
2879 709 3009 765 Nam
3045 712 3296 781 quoniam
3316 713 3632 771 hinctumor

2041 807 2094 850 et
2115 801 2282 852 fastus
2307 809 2526 855 exortus
2551 810 2652 865 est,
2699 803 2805 856 iliic
2849 805 3009 857 etiam
3061 807 3352 861 sectionem
3397 808 3631 862 admovit

2043 887 2119 939 sic
2147 886 2328 942 dicens
2358 906 2370 942 :
2403 887 2525 944 Non
2553 891 2686 944 enim
2716 893 2851 945 misit
2882 910 2958 946 me
2990 892 3222 948 Christus
3247 896 3520 965 baptizare,
3547 914 3630 951 sea

2042 978 2388 1048 evangelizare
2417 996 2435 1034 :
2466 998 2566 1034 non
2596 982 2648 1034 in
2670 985 2920 1052 sapientia
2947 987 3101 1052 verbi,
3146 997 3197 1038 ut
3227 1003 3327 1040 non
3365 1000 3632 1042 eaacuetur

2041 1083 2168 1121 crux
2193 1069 2377 1124 Christi
2409 1073 2502 1142 (1.
2528 1071 2645 1127 Cor.
2678 1075 2728 1128 1.
2759 1075 2886 1145 17).
2920 1075 3053 1132 Vide
3083 1095 3238 1148 quam
3280 1081 3476 1134 acriter
3508 1097 3627 1150 pro-

2044 1158 2218 1214 fanam
2247 1162 2568 1232 sapientiam
2610 1176 2844 1233 accuset,
2897 1167 3036 1238 quod
3067 1185 3169 1224 non
3198 1171 3357 1224 modo
3395 1171 3527 1226 nihil
3567 1172 3632 1224 ad

2043 1250 2296 1316 pietatem
2320 1253 2566 1310 conferre
2591 1256 2848 1322 videatur,
2881 1259 2974 1312 sed
3001 1260 3158 1314 etiam
3191 1261 3632 1331 impedimentum

2041 1353 2092 1396 et
2123 1344 2452 1401 obstaculum
2479 1347 2589 1402 ﬁat.
2614 1348 2685 1406 Ut
2712 1352 2854 1405 enim
2880 1353 3131 1422 praeclara
3157 1370 3405 1425 corpora,
3435 1367 3490 1411 et
3515 1356 3633 1411 for-

2043 1435 2179 1489 mosi
2213 1437 2522 1530 pulchrique
2552 1442 2751 1509 vultus,
2782 1443 2822 1497 si
2853 1445 2992 1512 quod
3021 1458 3237 1499 ornatus
3280 1449 3515 1502 exterius
3540 1449 3636 1502 ad-

2044 1528 2393 1584 ditamentum
2441 1532 2743 1600 admittant,
2796 1551 2906 1589 suae
2955 1537 3364 1606 pulchritudinis
3408 1539 3633 1616 gloriam

2045 1621 2310 1687 minuunt,
2343 1622 2484 1693 quod
2515 1622 2622 1678 fuci
2644 1633 2698 1680 et
2730 1627 3018 1696 pigmenta,
3056 1639 3110 1690 et
3139 1629 3338 1699 reliqua
3367 1629 3635 1698 ejusmodi

2045 1709 2308 1766 lenocinia
2353 1723 2408 1768 et
2450 1714 2673 1770 artiﬁcia
2715 1716 2901 1772 forma:
2947 1717 3156 1774 laudem
3195 1719 3420 1774 divisam
3463 1720 3531 1775 ad
3573 1736 3635 1776 se

2047 1803 2259 1858 trahant
2286 1822 2298 1856 :
2327 1805 2469 1875 quod
2495 1807 2540 1860 si
2568 1807 2701 1862 nihil
2729 1808 2808 1863 eis
2850 1809 3142 1876 addideris,
3183 1811 3636 1880 pulchritudinem

2043 1910 2228 1950 eorum
2255 1900 2422 1967 magis
2446 1899 2668 1970 detegis,
2693 1901 2820 1956 dum
2852 1903 2964 1956 sola
2994 1903 3159 1956 forma
3185 1903 3445 1968 decertat,
3475 1912 3529 1957 et
3551 1905 3639 1956 iu-

2045 1995 2192 2056 tegra
2241 1989 2396 2046 laude
2425 2000 2480 2046 et
2507 1994 2975 2048 commendatione
3007 1995 3294 2063 perfruitur
3324 2013 3337 2048 :
3367 1997 3436 2049 ita
3479 1996 3537 2049 lit
3578 1996 3636 2050 iu

2007 2155 2012 2160 λ
2045 2081 2325 2151 religione,
2359 2094 2412 2139 et
2438 2085 2700 2154 spirituali
2731 2100 2926 2156 sponsa
2960 2104 2974 2140 :
3007 2087 3051 2140 si
3075 2087 3200 2156 quid
3237 2099 3517 2141 externum
3559 2088 3636 2140 illi

2044 2173 2318 2244 adjuugas,
2355 2176 2467 2231 sive
2497 2177 2726 2243 divitias,
2755 2179 2867 2232 sive
2889 2179 3202 2248 potentiam,
3230 2179 3343 2234 sive
3378 2179 3619 2234 eruditio

2045 2267 2127 2319 nis
2151 2267 2277 2334 vim,
2312 2269 2536 2338 gloriam
2563 2269 2679 2341 ejus
2697 2270 2896 2341 perdis,
2921 2286 3020 2326 nec
3042 2273 3172 2326 sinis
3203 2283 3257 2326 ut
3284 2274 3488 2342 integra
3517 2273 3638 2326 laus

2045 2356 2162 2424 ejus
2187 2368 2465 2428 appareat,
2494 2361 2587 2415 sed
2621 2363 2672 2416 in
2699 2364 2891 2416 multas
2919 2375 3095 2432 partes
3141 2363 3256 2433 ejus
3298 2364 3524 2433 gloriam
3553 2365 3637 2419 di-

2040 2449 2179 2505 Vidis
2204 2468 2216 2504 :
2245 2451 2325 2505 sin
2351 2467 2468 2506 eam
2496 2453 2664 2508 solam
2694 2453 2836 2508 siuas
2860 2455 3157 2524 simplicem
3185 2454 3485 2525 nudamque
3509 2471 3640 2510 cer-

2045 2547 2180 2604 tare,
2209 2545 2402 2596 amotis
2429 2545 2675 2598 omnibus
2725 2545 2883 2600 rebus
2934 2545 3211 2610 humanis,
3247 2557 3372 2600 tunc
3402 2549 3639 2603 maxime

2046 2632 2383 2700 pulchritudo
2405 2635 2522 2703 ejus
2546 2636 2720 2690 omnis
2761 2639 3058 2706 apparebit,
3085 2648 3209 2692 tunc
3239 2638 3437 2694 invicta
3468 2640 3639 2694 virtus

2045 2721 2161 2791 ejus
2185 2724 2433 2790 elucebit,
2467 2741 2590 2781 cum
2618 2743 2792 2798 neque
2820 2728 3018 2784 divitiis
3040 2729 3306 2800 indigens,
3336 2746 3512 2801 neque
3551 2748 3639 2786 sa-

2049 2813 2267 2881 pientia,
2293 2831 2463 2886 neque
2491 2819 2751 2886 potentia,
2775 2835 2947 2890 neque
2986 2820 3285 2886 nobilitate,
3317 2837 3492 2892 neque
3518 2824 3639 2878 aliis

2047 2907 2170 2960 ullis
2199 2907 2362 2962 rebus
2393 2912 2655 2974 humanis,
2680 2912 2859 2964 omnia
2884 2927 3133 2981 superare
3157 2913 3389 2982 potuerit
3414 2923 3469 2968 et
3501 2916 3633 2968 sub-

2049 3001 2212 3070 igere,
2237 3001 2365 3056 dum
2394 3018 2487 3072 per
2517 3003 2760 3058 homines
2787 3005 2941 3070 viles,
2976 3005 3233 3074 ahjectos,
3255 3020 3475 3076 egenos,
3508 3023 3638 3074 pau-

2049 3109 2226 3163 peres,
2260 3093 2470 3160 idiotas,
2502 3096 2676 3164 impiis
2701 3097 3026 3161 oratoribus,
3064 3096 3411 3166 philosophis,
3447 3108 3639 3169 tyran-

2048 3187 2150 3251 nis,
2175 3197 2230 3243 et
2255 3190 2505 3243 universo
2535 3197 2796 3242 terrarum
2826 3189 2956 3243 orbe
2985 3191 3229 3258 superior
3253 3189 3450 3244 evadit.

2122 3278 2363 3332 Humana
2389 3280 2638 3348 sapientia
2666 3281 3012 3352 confunditur.
3039 3308 3108 3319 η-
3129 3280 3416 3350 Propterea
3439 3282 3638 3338 Paulus

2048 3385 2257 3440 quoque
2285 3371 2496 3424 dicebat
2527 3387 2540 3423 :
2575 3369 2696 3424 Non
2725 3371 2835 3424 veni
2875 3388 2962 3440 per
2989 3370 3346 3424 sublimitatem
3390 3375 3637 3428 sermonis

2048 3462 2354 3516 annuntians
2384 3463 2520 3516 vobis
2538 3463 2878 3517 testimonium
2913 3461 3008 3516 Dei
3030 3461 3049 3535 (
3078 3464 3129 3515 1.
3156 3461 3274 3516 Cor.
3305 3464 3358 3517 2.
3391 3465 3416 3518 1
3452 3465 3472 3534 )
3502 3481 3514 3516 :
3543 3477 3596 3519 et
3615 3507 3628 3530 ,

2052 3552 2177 3618 Qua:
2199 3553 2354 3606 stulta
2383 3563 2499 3606 sunt
2529 3554 2706 3606 mundi
2745 3554 2892 3624 elegit
2933 3551 3096 3618 Deus,
3143 3563 3198 3606 ut
3242 3555 3526 3626 confundat
3551 3573 3634 3610 sa-

2049 3648 2239 3715 pientes
2283 3649 2299 3717 (
2332 3647 2379 3701 1.
2407 3646 2524 3701 Cor.
2557 3648 2606 3701 1.
2639 3647 2707 3700 27
2737 3645 2781 3718 ).
2815 3647 2930 3702 Non
2971 3647 3285 3717 simpliciter
3327 3648 3481 3712 dixit,
3505 3649 3634 3716 Quae

2048 3739 2206 3792 stulta
2229 3749 2372 3804 sunt,
2393 3739 2510 3803 sed,
2538 3738 2664 3804 Qua:
2679 3739 2831 3792 stulta
2848 3749 2964 3792 sunt
2987 3738 3196 3802 mundi;
3223 3754 3396 3809 neque
3413 3742 3635 3794 etnnino

2047 3829 2212 3900 quod,
2246 3829 2372 3897 Qua:
2400 3831 2555 3883 stulta
2579 3839 2696 3883 sunt
2725 3830 2939 3896 mundi,
2973 3831 3078 3884 sint
3104 3831 3263 3883 etiam
3303 3831 3466 3884 stulta
3496 3832 3634 3902 apud

2050 3923 2217 3977 Deum
2252 3923 2384 3977 :Sed
2415 3923 2566 3978 multi
2607 3938 2676 3977 ex
2721 3923 2828 3977 illis
2857 3923 2947 3993 qui
2980 3923 3227 3978 videmur
3247 3923 3334 3978 hic
3359 3939 3481 3980 esse
3508 3926 3633 3979 insi-

2049 4016 2276 4084 pientes,
2309 4014 2448 4082 apud
2479 4015 2645 4068 Deum
2677 4023 2801 4068 sunt
2829 4014 3077 4068 omnibus
3096 4013 3214 4068 aliis
3242 4015 3592 4084 sapientiores
3618 4035 3632 4070 :

2047 4106 2495 4175 quemadmodum
2520 4106 2768 4160 nimirum
2800 4105 2951 4159 multi
2989 4107 3078 4176 qui
3123 4117 3358 4177 egestate
3397 4109 3482 4162 hic
3515 4125 3631 4178 pre-

2048 4206 2301 4263 muntur,
2355 4198 2603 4252 omnibus
2642 4197 2783 4267 apud
2836 4199 3002 4252 Deum
3066 4209 3192 4253 sunt
3243 4201 3630 4269 epulentiores.

2046 4290 2486 4360 Quandoquidem
2509 4289 2744 4345 Lazarus
2786 4293 2947 4346 etiam
2971 4291 3056 4346 ille
3081 4306 3202 4345 cum
3243 4292 3483 4346 omnium
3508 4309 3632 4362 pau-

2051 4385 2311 4452 perrimus
2337 4392 2481 4437 esset
2506 4384 2556 4436 iu
2585 4382 2805 4447 mundo,
2835 4382 3129 4436 ditissimus
3159 4382 3398 4435 omnium
3438 4392 3552 4436 erat
3581 4384 3631 4435 iu

2045 4476 2191 4530 ch-lis
2218 4473 2367 4547 (Luc.
2395 4475 2482 4530 16.
2513 4474 2602 4529 20.
2632 4475 2790 4546 sqq.).
2825 4473 3113 4530 Stultitiam
3141 4473 3300 4542 igitur
3328 4473 3511 4527 mundi
3537 4489 3633 4543 ap-

2047 4567 2208 4639 pellat
2230 4581 2348 4631 eos,
2374 4567 2568 4636 quibus
2597 4567 2772 4636 lingua
2795 4580 2899 4619 non
2928 4574 3009 4618 est
3033 4565 3254 4631 diserta,
3282 4565 3371 4634 qui
3415 4563 3631 4634 profana

2047 4658 2305 4728 sapientia
2333 4673 2437 4712 non
2465 4665 2588 4712 sunt
2611 4655 2821 4721 imbuti,
2848 4655 2936 4726 qui
2953 4656 3256 4725 eloquentia
3279 4656 3499 4710 minime
3520 4657 3636 4726 pol-

2047 4751 2174 4806 lent.
2197 4752 2260 4804 Et
2281 4750 2378 4804 hos
2399 4749 2584 4820 Elegit,
2606 4749 2794 4819 inquit,
2810 4747 2967 4812 Deus,
2987 4758 3042 4801 ut
3061 4749 3311 4816 sapientes
3331 4749 3629 4819 confundat.

2046 4847 2162 4912 Quo
2189 4860 2317 4900 vero
2343 4853 2497 4914 pacto
2517 4884 2532 4910 ,
2564 4858 2746 4914 quaeso
2771 4885 2786 4910 ,
2820 4858 2915 4912 per
2941 4841 3039 4896 bos
3078 4842 3154 4896 illi
3200 4841 3633 4898 confunduntur?

2048 4939 2334 5009 Peripsam
2365 4953 2542 4991 rerum
2573 4935 2977 5005 experientiam.
3019 4933 3149 4989 Cum
3188 4935 3336 4988 enim
3373 4934 3503 4988 loris
3542 4949 3631 4988 se-

2047 5033 2261 5087 dentem
2306 5046 2370 5084 ac
2409 5028 2802 5083 mendicantem
2862 5027 3100 5093 viduam,
3153 5041 3218 5081 ac
3261 5040 3635 5095 smpenumero

2045 5123 2287 5192 corporis
2313 5119 2569 5176 membris
2593 5120 2887 5188 mutilatam
2914 5117 2981 5173 de
3019 5118 3417 5172 immortalitate
3441 5120 3634 5170 auium:

2048 5213 2478 5284 interrogaveris,
2521 5211 2589 5265 de
2640 5211 3035 5265 resurrectione
3073 5223 3379 5278 corporum,
3412 5207 3478 5262 de
3508 5223 3634 5276 pro,

2046 5306 2280 5360 videntia
2313 5305 2430 5370 Dei,
2459 5303 2528 5358 de
2553 5303 2904 5358 retributione
2933 5317 3029 5371 pro
3067 5301 3292 5366 meritis,
3325 5301 3393 5354 de
3423 5300 3636 5354 ratione

2046 5399 2157 5454 illic
2185 5395 2476 5461 reddenda,
2503 5395 2570 5450 de
2597 5393 2874 5449 tremendo
2895 5392 3116 5463 judicio,
3145 5391 3213 5446 de
3242 5391 3491 5473 repositis
3521 5392 3597 5445 eis
3616 5431 3632 5456 ,

2047 5492 2134 5563 qui
2163 5499 2308 5545 recte
2337 5504 2394 5546 se
2423 5488 2706 5558 gesserint,
2739 5486 2915 5552 bonis,
2940 5485 3008 5541 de
3032 5485 3306 5555 suppliciis
3337 5500 3458 5553 quae
3509 5497 3632 5553 pec-

2047 5581 2318 5637 catoribus
2355 5581 2492 5635 Deus
2542 5578 2898 5633 comminatus
2933 5585 3036 5641 est,
3079 5576 3146 5630 de
3181 5575 3302 5630 aliis
3341 5574 3630 5628 omnibus:

2049 5689 2277 5744 cumque
2300 5674 2386 5728 illa
2420 5670 2570 5724 valde
2601 5679 2849 5724 accurate
2875 5683 3062 5737 magna
3093 5682 3214 5722 cum
3237 5666 3427 5720 ﬁducia
3464 5674 3520 5720 et
3545 5682 3635 5721 se-

2053 5768 2278 5826 curitate
2301 5763 2672 5836 responderit;
2701 5759 3052 5832 philosophus
3089 5769 3266 5814 autem
3311 5767 3364 5814 et
3390 5756 3481 5827 qui
3514 5756 3635 5828 plu-
