3964 6342
311 321 404 376 451

305 440 516 510 ἐτέρου,
550 438 584 510 ἢ
625 438 684 492 τὸ
717 438 883 510 μηδὲν
915 440 1112 492 οἰκεῖον
1129 436 1368 508 νομίζειν
1393 434 1530 493 εἶναι
1557 434 1770 491 Παῦλον
1795 437 1904 491 τῶν

305 531 526 584 οίκείων
583 530 1048 602 κατορθωμάτων,
1104 528 1239 582 ἀλλά
1285 529 1464 583 πάντα
1493 527 1802 582 ἀνατιθέναι
1827 529 1906 600 τῷ

305 621 557 690 Δεσπότῃ
581 619 721 691 Θεῷ.
757 621 936 690 Ὅπερ
970 615 1064 674 οῦν
1114 619 1207 672 καὶ
1234 619 1263 671 6
1305 619 1542 688 Χριστὸς
1569 619 1696 682 τοὺς
1731 618 1906 690 μαθη-

308 709 404 770 ti;
426 707 676 761 ἐδίδασκε
698 706 893 776 λέγων,
932 709 1055 775 Οὐχ
1079 705 1250 775 ὑμεῖς
1268 724 1346 774 με
1358 705 1743 770 ἐξελέξασθε,
1767 706 1903 760 ἀλλ’

308 796 421 864 ἐγὼ
459 793 835 864 ἐξελεξάμην
867 794 1050 864 ὑμᾶς·
1109 796 1203 847 καὶ
1236 796 1264 846 6
1305 793 1624 856 Ἀπόστολος
1667 793 1727 847 τὸ
1773 794 1905 848 αὐτό

305 884 466 937 τοῦτο
500 884 662 938 πάλιν
691 884 785 937 ἐπὶ
822 883 920 951 τῆς
943 881 1112 952 αὐτῆς
1145 880 1464 951 Ἐπιστολῆς
1494 881 1790 936 αἰνίττεται
1816 883 1904 935 λέ-

305 989 420 1043 γων
434 991 448 1005 ·
473 974 614 1036 Τότε
632 972 700 1026 δὲ
713 971 1138 1041 ἐπιγνώσομαι,
1151 972 1345 1036 καθὼς
1360 971 1456 1024 καὶ
1479 970 1870 1040 ἐπεγνώσθην
1887 990 1900 1002 ο

307 1063 408 1116 νῦν
446 1062 576 1132 γάρ,
617 1062 801 1132 φησὶν,
833 1061 934 1114 οὐκ
968 1059 1078 1128 ἐγὼ
1114 1059 1332 1130 πρῶτος
1365 1060 1632 1127 ἐπέγνων,
1666 1059 1780 1112 ἀλλ’
1808 1060 1899 1112 αὐο

303 1151 400 1209 τὸς
449 1148 803 1219 ἐπεγνώσθην
861 1147 1095 1219 πρῶτος.
1148 1147 1424 1200 Διώκοντα
1469 1147 1580 1219 γάρ
1617 1148 1779 1201 αὐτὸν
1810 1148 1905 1201 καὶ

311 1238 618 1309 πορθοῦντα
632 1238 731 1308 τὴν
759 1236 1087 1307 Ἐκκλησίαν
1115 1237 1144 1288 6
1171 1236 1407 1306 Χριστὸς
1432 1236 1679 1300 ἐκάλεσε,
1712 1236 1901 1304 λέγων·

309 1328 529 1390 Σαῦνίε,
575 1326 790 1389 Σαῦλε,
829 1325 887 1378 τί
929 1341 1008 1393 με
1035 1323 1296 1389 διώκεις;
1344 1324 1444 1376 Διά
1483 1325 1642 1376 τοῦτο
1679 1324 1907 1390 κλητὸν

310 1415 502 1469 ἑαυτὸν
551 1413 726 1467 καλεῖ.
777 1411 932 1474 Τίνος
990 1411 1178 1464 ἕνεκεν
1227 1411 1543 1482 Κορινθίοις
1602 1409 1776 1472 οὕτως
1810 1413 1908 1462 ἐπ-

313 1502 596 1567 ἐστελλεν;
637 1501 701 1554 Ἦ
735 1498 998 1570 Κόρινθος
1025 1497 1164 1568 αῦτη
1195 1499 1294 1569 τῆς
1333 1499 1553 1568 Ἀχαΐας
1579 1497 1907 1568 μητρόπολίς

310 1593 452 1651 ἐστι,
478 1591 572 1642 καὶ
630 1589 1024 1656 πνευματικοῖς
1055 1586 1234 1656 ἐκόμα
1271 1587 1606 1657 χαρίσμασι.·
1643 1585 1736 1638 καί
1762 1585 1908 1654 μάλα

317 1680 574 1739 εἰκότως·
602 1675 703 1745 τῆς
735 1675 846 1745 γὰρ
875 1673 1090 1726 Παύλου
1110 1671 1359 1744 γλώττης
1382 1671 1572 1744 πρώτη
1601 1673 1905 1742 ἀπήλαυσε,

314 1770 410 1822 καί
445 1767 695 1837 καθάπερ
722 1763 986 1833 ἄμπελος,
1033 1763 1258 1833 ἀρίστου
1287 1763 1434 1826 τινὸς
1479 1764 1574 1816 καί
1615 1763 1909 1833 ἐπιμελοῦς

314 1855 663 1910 ἀπολαύουσα
684 1853 956 1922 γεωργοῦ,
976 1851 1188 1914 πολλοῖς
1221 1851 1320 1921 μὲν
1348 1852 1494 1921 κομᾷ
1528 1852 1641 1914 τοῖς
1663 1849 1906 1920 φύλλοις,

314 1943 495 2012 πολλῷ
521 1942 578 1995 δὲ
607 1939 686 2010 τῷ
737 1937 937 2008 καρπῷ
961 1937 1136 2010 βρίθει
1169 1938 1434 2008 διηνεκῶς
1458 1957 1470 1970 ·
1499 1938 1641 1992 οὐτω
1665 1938 1728 2009 δὴ
1763 1939 1856 1991 καὶ
1877 1941 1910 2008 ή

316 2034 478 2090 πόλις
543 2030 751 2100 ἐκείνη,
804 2029 994 2095 ὥσπερ
1038 2028 1182 2090 τινὸς
1221 2027 1445 2098 ἀρίστου
1495 2027 1766 2097 γεωργοῦ,
1811 2027 1912 2096 τῆς

316 2119 531 2176 Παύλου
561 2116 913 2179 διδασκαλίας
964 2115 1312 2186 μετασχοῦσα
1334 2115 1548 2186 πρώτη,
1579 2115 1674 2168 καὶ
1698 2115 1790 2167 ἐπὶ
1812 2131 1911 2167 πο-

315 2211 410 2263 λὺν
435 2206 825 2276 ἐντρυφήσασα
844 2203 1034 2274 χρόνον
1063 2204 1130 2273 τῇ
1161 2201 1352 2255 τούτου
1391 2201 1572 2273 σοφίᾳ,
1610 2203 1774 2254 πᾶσιν
1797 2203 1913 2254 ἐτε-

316 2296 468 2364 θήλει
487 2297 599 2356 τοῖς
626 2292 854 2360 ἀγαθοῖς
879 2307 892 2321 ·
925 2290 987 2342 οὐ
1028 2289 1413 2360 πνευματικῶν
1437 2289 1494 2342 δὲ
1529 2287 1667 2359 αὕτη
1693 2300 1718 2328 α
1754 2305 1913 2360 χαρι-

317 2384 542 2454 σμάτων
571 2379 860 2450 περιουσία
890 2378 1028 2448 μόνη
1061 2373 1150 2447 ἦν,
1181 2377 1318 2430 ἀλλά
1340 2377 1433 2429 καὶ
1463 2375 1733 2446 βιωτικῶν
1757 2375 1916 2428 πλεο-

317 2489 482 2541 νεκτη
492 2471 677 2541 μάτων
699 2465 900 2536 πολλὴν
929 2461 1044 2536 εἶχε
1073 2464 1170 2534 τὴν
1201 2463 1607 2532 ἁφθονίαν.Κα“ι
1623 2463 1730 2532 γὰρ
1754 2463 1916 2533 σοφίᾳ

315 2560 492 2628 λόγων
543 2556 650 2609 τῶν
707 2553 926 2620 ἔξωθεν,
968 2552 1062 2605 καὶ
1113 2550 1330 2620 πλούτῳ
1372 2551 1468 2602 καὶ
1493 2550 1781 2620 δυναστείᾳ
1806 2550 1915 2602 τῶν

315 2648 493 2701 ἄλλων
541 2643 766 2711 ἐκράτει
823 2641 1053 2694 πόλεων.
1105 2639 1216 2692 Kal
1248 2636 1424 2691 ταῦτα
1464 2636 1632 2708 αὐτὴν
1673 2636 1915 2705 ἐφύσησε

316 2732 565 2804 καὶπρὸς
590 2730 849 2785 ἀπόνοιαν
870 2724 996 2799 ἦρε,
1020 2726 1114 2780 καὶ
1133 2725 1219 2778 διὰ
1240 2726 1339 2796 τῆς
1357 2725 1616 2788 ἀπονοίας
1641 2725 1720 2788 εἰς
1746 2723 1918 2776 πολλά

314 2821 569 2891 τιέστησε
606 2817 770 2890 μέρη.

387 2910 628 2979 Τοιαύτη
676 2908 787 2979 γὰρ
833 2905 931 2976 τῆς
983 2902 1363 2974 ὑπερηφανίας
1407 2903 1440 2973 ἡ
1478 2901 1673 2971 φύσις·
1705 2901 1796 2954 τὸν
1818 2903 1919 2973 τῆς

318 3001 545 3070 ἀγάπης
595 2998 956 3069 διαρῤήγνυσι
1012 2992 1342 3063 σύνδεσμον,
1399 2993 1492 3044 καὶ
1542 2993 1634 3048 τὸν
1695 2992 1919 3064 πλησίον

318 3087 630 3158 ἀποσχίζει,
659 3083 813 3157 [156]
848 3084 942 3136 καὶ
965 3081 1088 3134 καθ’
1123 3082 1316 3140 ἑαυτὸν
1348 3080 1581 3134 ἕκαστον
1617 3077 1755 3134 εἶναι
1780 3083 1923 3134 ποιεῖ

317 3180 409 3231 τὸν
435 3175 774 3246 κεκτημένον
801 3173 998 3242 αὐτήν.
1025 3172 1138 3223 Καὶ
1165 3170 1417 3242 καθάπερ
1446 3171 1623 3240 τοῖχος
1659 3170 1921 3241 φυσηθεὶς

318 3265 533 3319 διαλύει
565 3265 665 3332 τὴν
696 3258 1008 3330 οἰκοδομὴν,
1037 3257 1181 3312 οῦτω
1211 3257 1274 3328 δὴ
1306 3259 1402 3311 καὶ
1439 3258 1584 3328 ψυχὴ
1618 3257 1923 3328 φυσηθεῖσα

320 3356 417 3425 τῆς
451 3352 589 3424 πρὸς
644 3349 833 3421 ἕτερον
899 3345 1194 3415 συναφείας
1232 3345 1332 3398 οὐκ
1377 3343 1650 3414 ἀνέχεται,
1678 3343 1706 3396 6
1737 3345 1802 3415 δὴ
1831 3346 1925 3398 καὶ

318 3446 352 3513 ή
382 3437 650 3514 Κόρινθος
704 3435 874 3488 ἔπαθε
906 3433 1028 3486 τότε
1053 3449 1067 3462 ·
1105 3434 1200 3486 καὶ
1235 3432 1372 3503 πρὸς
1415 3432 1676 3502 ἀλλήλους
1702 3431 1925 3485 διεστα-

323 3526 539 3592 σίαζον,
585 3526 682 3578 καί
709 3525 790 3587 εἰς
829 3521 1000 3575 πολλὰ
1035 3520 1175 3592 μέρη
1213 3518 1314 3589 τὴν
1352 3518 1684 3590 Ἐκκλησίαν
1713 3521 1930 3573 κατέτε-

323 3635 449 3688 μον,
487 3615 583 3668 καὶ
610 3611 840 3685 μυρίους
870 3611 1086 3672 ἑαυτοῖς
1109 3607 1329 3678 ἐτέρους
1349 3607 1656 3678 ἐπέστησαν
1677 3607 1930 3662 διδασκά-

321 3705 466 3766 λους,
501 3701 598 3754 καὶ
630 3697 774 3753 κατά
830 3696 1106 3768 φρατρίας
1150 3697 1248 3749 καὶ
1293 3695 1603 3765 συμμορίας
1648 3695 1930 3766 γενόμενοι

320 3791 662 3862 ἐλυμήναντο
689 3785 753 3840 τὺ
783 3785 883 3857 τῆς
923 3783 1252 3854 Ἐκκλησίας
1307 3782 1546 3853 ἀξίωμα.
1601 3783 1931 3855 Ἐκκλησίας

323 3882 434 3952 γὰρ
458 3879 697 3948 ἀξίωμα,
719 3876 847 3930 ὅταν
879 3873 1130 3945 σώματος
1169 3872 1491 3928 ἀκολουθίαν
1531 3871 1668 3944 πρὸς
1703 3877 1932 3935 ἑαυτοὺς

323 3971 374 4023 οί
401 3965 787 4035 συλλεγόμενοι
814 3963 972 4032 διατη
983 3961 1138 4032 ρῶσι.

396 4059 459 4106 ε’.
497 4053 588 4104 Δεῖ
619 4051 677 4103 δὲ
699 4048 875 4104 ταῦτα
897 4048 1179 4112 ἀποδεῖξαι
1203 4048 1332 4119 ύμῖν
1359 4046 1562 4114 πάντα,
1597 4049 1680 4104 ὃτι
1721 4050 1931 4122 πρῶτοι

329 4137 545 4190 Παύλου
573 4135 673 4205 τῆς
721 4132 1063 4196 διδασκαλίας
1097 4133 1374 4204 Κορίνθιοι
1413 4135 1533 4187 τότε
1583 4135 1929 4206 ἀπήλαυσαν,

326 4223 410 4274 ὅτι
466 4217 827 4290 χαρισμάτων
861 4213 1002 4287 ἦσαν
1039 4217 1430 4285 πνευματικῶν
1483 4218 1930 4290 πεπληρωμένοι,

330 4307 412 4357 δτι
446 4303 541 4356 καὶ
576 4302 846 4372 βιωτικοῖς
875 4299 1347 4371 πλεονεκτήμασιν
1407 4302 1696 4372 ἐκράτουν,
1725 4304 1807 4356 ὃτι
1843 4302 1933 4356 διά

332 4389 507 4442 ταῦτα
565 4384 960 4455 ἀπονοηθέντες
1009 4383 1258 4454 ἀλλήλοις
1298 4387 1716 4458 ἀπερράγησαν,
1753 4389 1848 4440 καί⁵
1881 4390 1932 4440 οἰ

337 4475 434 4544 μὲν
463 4470 700 4533 τούτοις,
737 4471 786 4521 οἱ
816 4469 872 4521 δὲ
907 4468 1138 4532 ἐκείνοις
1177 4469 1514 4539 προσένεμον
1541 4470 1788 4534 ἑαυτούς.
1813 4472 1932 4525 Ὀτι

337 4557 432 4626 μὲν
458 4550 552 4608 οῦν
587 4552 794 4622 πρῶτοι
819 4550 918 4621 τῆς
951 4551 1164 4604 Παύλου
1206 4551 1552 4616 διδασκαλίας
1585 4553 1930 4624 ἀπήλαυσαν,

333 4639 566 4693 ἄκουσον
620 4636 737 4699 πῶς
785 4635 917 4688 αὐτὸ
969 4635 1126 4687 τοῦτο
1171 4635 1198 4686 ό
1230 4634 1442 4698 Παῦλος
1499 4636 1754 4706 ᾐνίξατο·
1799 4638 1935 4691 Ἐὰν

334 4724 462 4791 γὰρ,
503 4720 657 4791 φησί,
677 4718 949 4783 πολλοὺς
971 4718 1384 4788 παιδαγωγοὺς
1406 4720 1584 4789 ἔχητε
1609 4721 1678 4774 ἐν
1702 4721 1936 4789 Χριστῷ

349 4803 566 4872 Ἰησοῦ,
597 4803 730 4856 ἀλλ’
753 4804 825 4855 οὐ
850 4800 1123 4866 πολλοὺς
1140 4801 1417 4870 πατέρας.
1460 4805 1564 4858 Ἐν
1579 4805 1688 4874 γὰρ
1703 4805 1936 4874 Χριστῷ

347 4888 545 4956 Ἰησοῦ
579 4886 676 4940 διὰ
699 4885 808 4940 τοῦ
833 4887 1203 4954 Εὑαγγελίου
1232 4885 1346 4954 ἐγὼ
1366 4884 1522 4956 ὑμᾶς
1549 4887 1877 4957 ἐγέννησα·
1908 4891 1937 4942 6

334 4972 392 5025 δὲ
414 4971 688 5041 γεννήσας
723 4968 938 5038 πρῶτος
967 4970 1047 5031 εἰς
1077 4967 1193 5036 φῶς
1219 4969 1417 5036 ἀγειτὺ
1445 4970 1657 5042 τεχθέν.
1690 4973 1799 5024 Kal
1831 4973 1936 5025 πά-

339 5055 444 5118 λιν,
489 5052 635 5122 Ἐγὼ
685 5054 1018 5122 ἐφύτευσα,
1053 5051 1360 5118 Ἀπολλὼς
1396 5053 1668 5108 ἐπότισε·
1723 5055 1938 5117 δεικνὺς

341 5141 423 5192 ὅτι
468 5139 690 5211 πρῶτος
740 5139 840 5209 τὴν
896 5137 1249 5191 διδασκαλίαν
1297 5139 1682 5194 κατεϐάλλετο.
1730 5141 1852 5194 Ὅτι
1879 5140 1938 5193 δὲ

342 5223 678 5294 χαρίσμασιν
721 5221 940 5292 ἐκόμων
1005 5225 1418 5290 πνευματικοῖς,
1471 5223 1682 5276 ἐκεῖθεν
1743 5222 1934 5291 δῆλον·

345 5305 700 5375 Εὐχαριστῶ
723 5304 805 5371 τῷ
827 5305 950 5370 Θεῷ
971 5322 1091 5374 μου
1129 5305 1228 5360 ἐπὶ
1267 5305 1343 5374 τῇ
1373 5305 1570 5376 χάριτι
1603 5305 1710 5360 τοῦ
1761 5304 1934 5369 Θεοῦ,

347 5388 420 5457 τῇ
451 5389 698 5457 δοθείσῃ
745 5387 888 5457 ὑμῖν
922 5388 994 5442 ὲν
1033 5387 1266 5456 Χριστῷ
1299 5389 1514 5457 Ἰησοῦ,
1549 5387 1639 5442 ὅτι
1660 5388 1730 5442 ἐν
1754 5389 1936 5443 παντὶ

347 5472 784 5538 ἐπλουτίσθητε
809 5471 880 5526 ἐν
897 5470 1077 5538 αὐτῷ,
1107 5470 1263 5526 ὥστε
1274 5471 1432 5543 ὑμᾶς
1449 5471 1534 5543 μὴ
1557 5471 1936 5541 ὑστερεῖσθαι

348 5554 416 5608 ἐν
431 5553 650 5625 μηδενί
687 5555 1030 5626 χαρίσματι.
1069 5555 1176 5609 Kal
1213 5556 1320 5628 μὴν
1351 5556 1434 5610 ὅτι
1466 5556 1656 5626 σοφίας
1688 5558 1935 5626 μετεῖχον

413 5777 440 5807 ⁸
464 5776 637 5828 Ρῒεεει
659 5785 773 5833 nou
793 5781 1078 5844 marginalia
1098 5781 1268 5834 Savilii
1285 5781 1594 5846 conﬁcientis
1619 5784 1761 5846 αὐτῇ.
1784 5785 1929 5838 Εοιτ.

908 326 974 392 ΙΝ
1014 337 1244 401 ILLUD,
1281 333 1560 393 PAULUS
1601 331 1946 390 VOCATUS.
1987 331 2075 388 ET
2109 334 2194 388 DE
2234 335 2494 394 MUTAT.
2538 341 2879 398 NOMINUM.
2921 340 3012 396 IV.

3493 332 3597 388 152

2009 439 2108 509 τῆς
2127 438 2345 506 ἔξωθεν,
2367 441 2427 506 ἐξ
2458 436 2532 495 ὧν
2562 445 2788 509 πολλοὺς
2816 447 2908 499 καὶ
2933 447 3177 518 μακροὺς
3207 445 3346 502 κατά
3371 447 3469 519 τῆς
3495 466 3596 502 σο-

2010 522 2139 591 φίας
2169 523 2442 578 ἀποτείνει
2475 527 2685 596 λόγους,
2712 529 2868 600 δῆλον
2893 531 3024 600 ἡμῖν
3053 531 3326 603 ἐποίησεν.
3346 532 3598 601 Οὐδαμοῦ

2005 607 2115 678 γὰρ
2137 608 2269 661 αὐτὸ
2281 611 2488 680 ταχέως
2503 613 2560 665 ἐν
2581 613 2745 685 ἑτέρᾳ
2772 616 3003 686 ποιήσας
3033 614 3339 687 Ἐπιστολῇ,
3369 617 3602 671 ἐνταῦθα

2008 689 2101 742 καὶ
2127 690 2293 762 πολλῇ
2317 692 2580 764 κέχρηται
2608 697 2674 764 τῇ
2703 698 3038 769 κατηγορίᾳ·
3072 699 3164 752 καί
3191 699 3333 769 μάλα
3352 700 3597 763 εἰκότως,

2020 771 2239 844 Ἐπειδὴ
2272 774 2380 846 γὰρ
2411 777 2661 832 ἐντεῦθεν
2699 782 2731 848 ή
2767 781 3046 852 φλεγμονὴ
3089 784 3333 850 γέγονεν,
3365 784 3483 836 ἐκεῖ
3505 781 3603 836 καὶ

2005 854 2106 925 τήν
2133 857 2306 928 τομὴν
2334 861 2634 928 ἐπήγαγεν,
2654 861 2795 916 οὕτω
2807 863 2982 932 λέγων
3003 881 3015 894 ·
3040 868 3123 918 Οὐ
3153 869 3262 936 γὰρ
3278 865 3604 920 ἀπέστειλέ

2009 957 2078 1003 με
2106 940 2360 1008 Χριστὸς
2401 943 2732 1009 βαπτίζειν,
2773 947 2913 1001 ἀλλ’
2952 947 3450 1018 εὐαγγελίζεσθαι,
3489 950 3602 1003 οὐκ

2005 1022 2074 1074 ἐν
2117 1025 2304 1093 σοφίᾳ
2341 1027 2554 1095 λόγου,
2588 1029 2689 1081 ἵνα
2727 1028 2813 1098 μὴ
2861 1030 3092 1097 κενωθῇ
3135 1035 3167 1084 ό
3194 1031 3456 1100 σταιιρός
3495 1031 3604 1084 τοῦ

2009 1108 2290 1174 Χριστοῦ.
2327 1111 2468 1181 Ὅρα
2499 1112 2638 1184 πόση
2679 1115 2986 1186 κατηγορία
3022 1115 3120 1182 τῆς
3155 1115 3352 1180 ἔξωθεν
3387 1115 3602 1183 σοφίας,

2007 1191 2088 1243 ὅτι
2125 1193 2199 1263 μὴ
2231 1193 2389 1263 μόνον
2445 1197 2610 1266 μηδὲν
2661 1199 2910 1266 φαίνεται
2970 1197 3296 1252 συντελοῦσα
3327 1199 3463 1269 πρὸς
3504 1199 3604 1270 τὴν

2009 1276 2313 1340 εὐσέϐειαν,
2355 1278 2490 1331 ἀλλά
2517 1280 2610 1332 καὶ
2643 1281 2957 1351 ἐμπόδισμα
2987 1284 3080 1334 καὶ
3108 1281 3338 1350 κώλυμα
3366 1281 3598 1349 γίνεται.

2007 1359 2277 1431 Καθάπερ
2295 1360 2402 1432 γάρ
2425 1363 2492 1414 τά
2515 1363 2743 1436 λαμπρά
2758 1366 2866 1418 τῶν
2891 1367 3180 1436 σωμάτων,
3201 1366 3416 1419 καὶτῶν
3431 1365 3606 1434 ὄψεων

2008 1443 2232 1506 εὐειδεῖς
2265 1446 2359 1497 καὶ
2389 1447 2574 1505 καλαὶ.
2621 1447 2687 1500 ἂν
2715 1448 2814 1518 μέν
2857 1466 2979 1500 τινα
3006 1449 3401 1519 καλλωπισμοῦ
3435 1465 3606 1518 προσ-

2011 1524 2184 1595 θήκην
2220 1525 2417 1592 ἔξωθεν
2443 1528 2700 1592 λάϐωσιν,
2731 1532 2808 1592 εἰς
2831 1531 2928 1600 τὴν
2949 1531 3049 1600 τῆς
3070 1533 3275 1594 οἰκείας
3303 1531 3608 1600 εὐμορφίας

2013 1608 2344 1676 βλάπτονται
2376 1610 2555 1676 δόξαν,
2593 1613 2699 1664 τῶν
2729 1614 3181 1686 ὑπογραμμάτων
3217 1615 3309 1668 καί
3342 1615 3448 1667 τῶν
3479 1615 3609 1666 ὐπο-

2010 1693 2241 1763 γραφῶν
2291 1695 2384 1746 καί
2431 1695 2534 1764 τῆς
2584 1691 2758 1766 ’ἄλλης
2791 1699 3192 1768 ἐπιτεχνήσεως
3236 1697 3609 1768 μεριζομένων

2011 1778 2148 1848 πρὸς
2173 1779 2368 1840 eam;
2413 1779 2504 1831 τὸν
2541 1781 2631 1833 τοῦ
2683 1782 2911 1844 κάλλους
2936 1783 3155 1835 ἔπαινον
3179 1801 3193 1816 ο
3235 1781 3301 1836 ἂν
3338 1781 3394 1834 δὲ
3442 1780 3609 1851 μηδὲν

2013 1862 2298 1934 ἐπαγάγῃς
2321 1862 2530 1925 αὐταῖς,
2560 1863 2756 1932 μᾶλλον
2790 1864 2969 1918 αὐτῶν
2995 1865 3272 1934 ἐκφαίνεις
3294 1863 3392 1934 τὴν
3409 1867 3610 1936 εὐμορ-

2021 1947 2168 2016 φίαν,
2198 1947 2412 2016 γυμνῆς
2464 1947 2585 2000 καθ’
2614 1949 2813 2020 ἑαυτὴν
2860 1949 2954 2020 τῆς
2986 1948 3136 2017 ῶρας
3171 1948 3604 2018 ἀγωνιζομένης,

2013 2032 2108 2086 καὶ
2151 2031 2444 2102 ὁλόκληρον
2497 2034 2884 2103 καρπουμένης
2935 2034 2995 2085 τὸ
3053 2033 3238 2102 θαῦμα
3268 2051 3282 2064 ·
3322 2032 3466 2086 οῦτω
3515 2024 3611 2084 καὶ

2013 2116 2106 2168 ἐπὶ
2131 2114 2230 2176 τῆς
2264 2113 2546 2176 εὐσεϐείας
2578 2116 2671 2168 καὶ
2701 2119 2797 2185 τῆς
2828 2115 3047 2185 νύμφης
3085 2115 3185 2182 τῆς
3216 2117 3610 2186 πνευματικῆς,

2016 2198 2083 2251 ἂν
2120 2197 2218 2267 μέν
2244 2215 2297 2250 τι
2320 2197 2428 2250 τῶν
2462 2198 2662 2262 ἔξωθεν
2705 2199 3080 2269 ἐπεισαγάγης
3102 2199 3260 2268 αὐτῇ,
3293 2197 3326 2268 ἢ
3358 2197 3611 2260 πλοῦτον,

2015 2281 2050 2352 ἢ
2072 2281 2410 2344 δυναστείαν,
2440 2282 2472 2352 ἢ
2500 2281 2672 2348 λόγων
2705 2282 2877 2351 ἰσχὺν,
2911 2282 3185 2344 ἐκένωσας
3214 2281 3312 2352 τὴν
3334 2280 3492 2345 δόξαν
3515 2281 3615 2334 αὐο

2014 2365 2134 2435 τῆς,
2170 2365 2270 2417 οὐκ
2315 2365 2471 2433 ἀφεὶς
2525 2364 2817 2434 ὁλόκληρον
2853 2364 3022 2433 αὐτῆς
3056 2364 3292 2434 φανῆναι
3315 2364 3376 2416 τὸ
3403 2363 3614 2432 θαῦμα,

2018 2449 2132 2502 ἀλλ’
2163 2451 2244 2510 εἰς
2294 2449 2464 2502 πολλά
2505 2449 2884 2519 καταμερίσας
2917 2449 3085 2518 αὐτῆς
3140 2448 3236 2518 τὴν
3274 2447 3460 2514 δόξαν·
3515 2447 3613 2501 ἐὰν

2017 2531 2073 2585 δὲ
2117 2532 2260 2602 ἀφῇς
2322 2530 2536 2600 γυμνὴν
2591 2531 2712 2583 καθ’
2774 2532 2973 2600 ἑαυτὴν
3025 2531 3406 2598 ἀγωνίζεσθαι,
3440 2529 3618 2583 πάντα

2018 2617 2336 2685 ἀποστήσας
2365 2616 2434 2669 τὰ
2457 2614 2796 2686 ἀνθρώπινα,
2819 2614 2941 2666 τότε
2971 2615 3213 2684 ἀκριϐῶς
3240 2614 3408 2682 αὐτῆς
3431 2616 3618 2683 φανεῖ-

2019 2717 2106 2751 ται
2133 2699 2190 2750 τὸ
2219 2697 2411 2762 κάλλος
2455 2697 2622 2763 ἅπαν,
2651 2699 2773 2750 τότε
2822 2696 3092 2766 ἐκλάμψει
3122 2696 3311 2764 σαφῶς
3349 2698 3382 2766 ή
3409 2698 3622 2766 ἄμαχος

2023 2783 2194 2850 ἰσχὺς,
2226 2781 2353 2834 ὅταν
2384 2781 2518 2852 μήτε
2567 2779 2822 2842 πλούτου,
2852 2781 2988 2850 μήτε
3035 2779 3250 2848 σοφίας,
3281 2779 3418 2849 μήτε
3455 2779 3621 2831 δυνα-

2023 2863 2224 2926 στείας,
2245 2866 2380 2934 μήτε
2415 2864 2708 2928 εὐγενείας,
2743 2865 2878 2934 μήτε
2898 2862 3060 2915 ἄλλου
3085 2860 3383 2932 [15ητινὸς
3406 2860 3513 2914 τῶν
3529 2861 3623 2914 ἀν-

2022 2947 2313 3017 θρωπίνων
2326 2946 2602 3018 δεηθεῖσα,
2631 2947 2847 2999 πάντων
2865 2944 3087 3015 δύνηται
3114 2947 3336 3016 κρατεῖν
3354 2945 3446 2996 καὶ
3468 2961 3624 3014 περι-

2021 3029 2287 3098 γίνεσθαι,
2338 3030 2405 3082 δι’
2455 3029 2757 3099 ἀνθρώπων
2791 3028 3021 3081 εὐτελῶν
3078 3029 3174 3080 καὶ
3228 3025 3496 3080 ταπεινῶν
3528 3028 3624 3079 καὶ

2021 3113 2386 3184 ἠπορημένων
2443 3113 2536 3166 καὶ
2590 3116 2838 3182 πενήτων
2873 3110 2968 3164 καὶ
3003 3109 3249 3173 ἰδιωτῶν,
3284 3110 3378 3162 καὶ
3411 3108 3623 3162 ἀσεϐῶν

2027 3201 2274 3271 ρητόρων
2301 3199 2396 3251 καὶ
2417 3196 2722 3266 φιλοσόφων
2749 3199 2844 3250 καὶ
2872 3197 3172 3269 τυράννων,
3203 3195 3299 3248 καί
3322 3195 3422 3265 τῆς
3444 3195 3625 3247 οἰκου-

2030 3285 2199 3355 μένης
2227 3282 2504 3352 κρατοῦσα
2536 3281 2775 3350 ἁπάσης.

2098 3367 2190 3420 Διὸ
2217 3367 2308 3419 καὶ
2349 3364 2560 3427 Παῦλος
2614 3364 2833 3433 ἔλεγεν·
2871 3365 2992 3417 Οὐκ
3033 3361 3227 3432 ἦλθον
3266 3364 3395 3417 καθ’
3445 3363 3627 3430 ὑπερ-

2029 3449 2407 3521 οχὴνλόγου,
2426 3449 2740 3516 κηρύττων
2754 3447 2979 3516 ὐμῒντὸ
2991 3449 3308 3515 μαρτύριον
3332 3446 3438 3500 τοῦ
3457 3445 3627 3500 Θεοῦ·

2030 3537 2146 3601 καὶ,
2188 3534 2266 3588 Τὰ
2308 3533 2474 3602 μωρὰ
2505 3531 2613 3585 τοῦ
2647 3532 2879 3600 κόσμου
2911 3531 3231 3595 ἐξελέξατο
3268 3534 3301 3584 ό
3335 3531 3495 3595 Θεὸς,
3528 3530 3630 3582 ἵνα

2032 3617 2419 3686 καταισχύνῃ
2472 3615 2612 3680 τοὺς
2671 3615 2922 3683 σοφούς.
2979 3615 3091 3684 Οὐχ
3141 3612 3328 3676 ἁπλῶς
3368 3609 3512 3679 εἶπε,
3559 3613 3628 3666 τά

2035 3700 2216 3773 μωρά,
2280 3699 2437 3761 ἀλλά,
2493 3698 2570 3752 Τὰ
2618 3698 2726 3750 τοῦ
2775 3695 3259 3766 κόσμου’μωρά·
3304 3696 3365 3749 οὐ
3412 3695 3628 3758 πάντως

2031 3786 2110 3846 δὲ,
2149 3785 2232 3837 δτι
2289 3783 2363 3835 τὰ
2411 3781 2518 3835 τοῦ
2570 3782 2803 3848 κόσμου
2841 3780 3027 3849 μωρὰ,
3078 3779 3173 3832 καὶ
3220 3779 3370 3849 παρά
3401 3777 3478 3849 τῷ
3509 3777 3631 3848 Θεῷ

2037 3867 2230 3939 μωρά·
2265 3864 2401 3920 ἀλλά
2464 3863 2652 3917 πολλοὶ
2721 3863 2830 3916 τῶν
2881 3863 3118 3917 ἐνταῦθα
3148 3862 3450 3916 δοκούντων
3489 3857 3631 3917 εἶναι

2034 3953 2278 4023 ἀνοήτων
2305 3990 2320 4014 ,
2384 3949 2537 4020 παρὰ
2607 3947 2686 4019 τῷ
2748 3947 2867 4018 Θεῷ
2943 3947 3160 4001 πάντων
3222 3945 3329 3998 εἰσί
3372 3944 3481 3998 τῶν
3536 3945 3632 3999 ἄλ-

2034 4037 2142 4089 λων
2202 4032 2528 4103 σοφώτεροι·
2601 4031 2791 4104 ῶσπερ
2866 4025 2960 4084 οῦν
3014 4030 3108 4084 καί
3174 4029 3359 4082 πολλοὶ
3414 4028 3520 4082 τῶν
3570 4029 3630 4080 ἐν

2036 4119 2198 4188 πενίᾳ
2247 4115 2465 4181 ζώντων
2521 4114 2798 4177 ἐνταῦθα,
2856 4116 3073 4168 πάντων
3127 4114 3265 4167 εἰσὶν
3319 4112 3628 4185 εὐπορώτε-

2040 4220 2121 4275 ροι
2171 4200 2325 4270 ποιρά
2387 4197 2466 4268 τῷ
2516 4197 2656 4268 Θεῷ.
2723 4197 2876 4251 Ἐπεὶ
2941 4199 3036 4251 καί
3088 4199 3120 4261 ό,
3173 4195 3425 4268 Λάζαρος
3489 4197 3631 4250 ἐκεῖ-

2035 4303 2124 4349 νος
2145 4286 2361 4338 πάντων
2390 4283 2736 4352 πτωχότερος
2769 4280 2845 4334 ῶν
2880 4284 2937 4334 ἐν
2966 4281 3044 4354 τῷ
3075 4282 3285 4353 κόσμῳ,
3323 4281 3541 4335 πάντων
3563 4277 3630 4352 ἦν

2036 4367 2413 4438 εὐπορώτερος
2461 4367 2519 4420 ἐν
2569 4369 2681 4429 τοῖς
2730 4366 2996 4436 οὐρανοῖς.
3050 4366 3279 4437 Μωρίαν
3316 4365 3497 4419 τοίνυν
3531 4366 3627 4417 τοῦ

2037 4457 2244 4525 κόσμου
2306 4453 2459 4506 καλεῖ
2496 4453 2621 4515 τοὺς
2658 4453 2757 4505 οὐκ
2808 4451 3031 4522 ἔχοντας
3074 4452 3320 4520 γλῶτταν
3358 4453 3633 4522 ἠκονημέ-

2037 4560 2155 4613 νην,
2186 4543 2311 4604 τοὺς
2343 4541 2442 4610 τῆς
2471 4539 2669 4606 ἔξωθεν
2709 4540 2768 4591 οὐ
2809 4540 3214 4608 μετεσχηκότας
3257 4539 3467 4607 σοφίας,
3503 4539 3629 4601 τοῦς

2038 4631 2366 4699 εὐγλωττίας
2381 4629 2880 4698 ἀπεστερημένους.
2896 4627 3005 4682 Καὶ
3021 4629 3272 4692 τούτους
3287 4626 3626 4692 ἐξελέξατο,

2039 4720 2224 4792 φησὶν,
2253 4723 2284 4774 ό
2309 4720 2476 4785 Θεὸς,
2509 4719 2611 4771 ἵνα
2634 4719 3010 4785 καταισχύνῃ
3044 4717 3187 4782 τοὺς
3217 4717 3469 4785 σοφούς.
3522 4717 3632 4770 Καὶ

2041 4810 2178 4872 πῶς,
2217 4807 2337 4862 εἰπέ
2383 4825 2494 4877 μοι,
2532 4805 2621 4860 διά
2652 4807 2854 4859 τούτων
2899 4809 3093 4860 ἐκεῖνοι
3144 4804 3626 4876 καταισχύνονται;

2039 4897 2137 4950 Διά
2163 4896 2265 4964 τῆς
2292 4894 2400 4947 τῶν
2437 4895 2776 4967 πραγμάτων
2807 4895 3021 4966 πείρας.
3059 4895 3225 4946 Ὅταν
3259 4893 3367 4963 γὰρ
3398 4892 3493 4963 τὴν
3526 4893 3627 4963 χή-

2043 5001 2143 5054 ραν
2178 4983 2278 5054 τὴν
2312 4981 2416 5046 ἔξω
2443 4982 2758 5053 καθημένην
2792 4983 2886 5035 καὶ
2911 4979 3332 5052 προσαιτοῦσαν,
3369 4980 3629 5042 πολλάκις

2039 5071 2097 5124 δέ
2121 5071 2214 5124 καὶ
2240 5070 2300 5122 τὸ
2327 5071 2485 5141 σῶμα
2506 5070 2787 5141 ἀνάπηρον
2809 5065 2972 5123 οὖσαν
3000 5067 3260 5142 ἐξετάσης
3283 5069 3410 5140 περί
3429 5067 3629 5120 ἀθανα-

2042 5159 2164 5222 σίας
2201 5157 2400 5228 ψυχῆς,
2441 5159 2568 5228 περί
2607 5158 2874 5228 σωμάτων
2912 5156 3284 5219 ἀναστάσεως,
3323 5157 3452 5226 περὶ
3491 5172 3626 5226 προ-

2039 5247 2186 5308 νοίας
2239 5245 2396 5307 Θεοῦ,
2436 5246 2563 5316 περί
2598 5246 2697 5314 τῆς
2739 5244 2859 5298 κατ’
2892 5243 3048 5311 ἀξίαν
3100 5243 3440 5306 ἀντιδόσεως,
3497 5242 3628 5311 περὶ

2046 5334 2147 5388 τῶν
2189 5332 2429 5386 εὐθυνῶν
2475 5332 2581 5385 τῶν
2625 5333 2762 5393 ἐκεῖ,
2797 5331 3049 5403 περὶτοῦ
3099 5331 3330 5402 φοϐεροῦ
3373 5331 3628 5398 δικαστη-

2044 5425 2181 5494 ρίου,
2219 5423 2347 5495 περί
2381 5422 2491 5476 τῶν
2538 5422 2917 5493 ἀποκειμένων
2953 5425 3064 5485 τοῖς
3103 5420 3454 5495 κατορθοῦσιν
3484 5420 3627 5487 ἀγα-

2040 5513 2169 5576 θῶν,
2206 5513 2334 5584 περί
2384 5513 2492 5566 τῶν
2541 5511 2920 5582 ἠπειλημένων
2963 5515 3075 5576 τοῖς
3123 5512 3492 5582 ἁμαρτάνουσι
3540 5526 3625 5561 τι-

2041 5601 2286 5674 μωριῶν,
2352 5601 2479 5673 περί
2537 5601 2644 5654 τῶν
2703 5599 2877 5654 ἀλλων
2939 5601 3193 5655 ἀπάντων
3227 5617 3241 5630 ·
3306 5595 3424 5652 εἶτα
3488 5595 3626 5668 μετά

2039 5688 2321 5760 ἀκριϐείας
2365 5689 2721 5759 ἀποκρίνεται
2767 5688 2861 5742 καί
2913 5687 3280 5759 πληροφορίας
3321 5685 3562 5755 πολλῆς·
3595 5685 3625 5734 6

2022 5776 2092 5854 ﬁt
2151 5777 2439 5847 φιλόσοφος
2499 5777 2590 5832 καί
2649 5777 2791 5846 μέγα
2851 5777 2943 5830 ἐπὶ
2998 5777 3142 5848 κόμῃ
3197 5776 3289 5830 καί
3352 5773 3623 5846 βακτηρίᾳ
