3964 6342
389 315 495 374 155

385 433 618 505 φρονῶν,
652 437 790 507 μετὰ
823 442 946 505 τοὺς
987 442 1212 505 πολλοὺς
1246 445 1340 497 καὶ
1373 446 1618 515 μακροὺς
1653 445 1760 498 τῶν
1794 446 1966 514 λόγων

382 519 648 588 διαύλους,
688 525 827 596 μετά
854 529 949 592 τὰς
979 529 1179 593 πολλάς
1212 530 1308 583 καὶ
1343 532 1604 602 ἀκαίρους
1629 533 1962 603 ἀδολεσχίας,

385 609 520 680 μηδὲ
549 612 704 681 χᾶναι
733 613 978 680 δύναται,
1019 616 1150 687 μηδὲ
1179 617 1358 689 διᾶραι
1393 620 1566 688 στόμα
1603 621 1732 690 περί
1761 621 1964 674 τούτων

382 697 492 767 ἔχει
516 715 529 729 ο
560 699 681 753 τότε
715 700 898 774 γνώσῃ
929 703 1127 769 καλῶς,
1161 705 1278 769 πῶς
1320 706 1668 772 Ἐξελέξατο
1700 707 1773 761 τὰ
1798 708 1964 778 μωρὰ

380 785 488 839 τοῦ
511 788 742 858 κόσμου
768 793 802 844 ό
827 791 989 856 Θεὸς,
1015 793 1114 845 ἵνα
1139 795 1513 863 καταισχύνῃ
1540 794 1683 862 τοὺς
1709 797 1958 866 σοφούς.

382 870 560 944 Ἀπερ
589 874 697 945 γὰρ
727 877 923 930 ἐκεῖνοι
953 880 1018 930 δι’
1046 879 1304 932 ἀπόνοιαν
1335 881 1427 933 καὶ
1461 881 1836 952 ὑπερηφανίαν
1863 885 1963 936 οὐκ

380 959 728 1032 ἠδυνήθησαν
760 965 959 1034 εὑρεῖν,
996 966 1093 1036 τῆς
1139 967 1238 1038 μὲν
1263 968 1357 1021 τοῦ
1387 970 1698 1040 Πνεύματος
1739 969 1962 1036 ἑαυτοὺς

377 1046 784 1120 ἀποστήσαντες
813 1052 1181 1120 διδασκαλίας,
1211 1058 1322 1119 τοῖς
1351 1056 1409 1109 δέ
1437 1057 1657 1121 οἰκείοις
1682 1059 1961 1131 λογισμοῖς

377 1134 438 1186 τὸ
472 1138 579 1189 πᾶν
608 1141 1016 1212 ἐπιρρίψαντες,
1051 1141 1224 1195 ταῦτα
1255 1145 1303 1196 οἰ
1334 1146 1540 1216 πτωχοί
1571 1147 1665 1200 καὶ
1687 1146 1962 1220 ἀπερριμ-

381 1225 552 1294 μένοι,
601 1229 694 1281 καὶ
733 1229 836 1300 τῆς
877 1231 1074 1297 ἔξωθεν
1130 1233 1563 1305 ἀπεστερημένοι
1607 1237 1956 1301 παιδεύσεως,

379 1313 518 1383 μετά
545 1316 828 1386 ἀκριϐείας
867 1318 1068 1389 ἔμαθον
1098 1321 1331 1383 ἅπαντα.
1360 1323 1459 1393 τῆς
1494 1325 1556 1376 ἐκ
1587 1324 1694 1377 τῶν
1717 1325 1960 1396 οὐρανῶν

377 1401 771 1472 ἐξαρτήσαντες
806 1405 1030 1470 ἑαυτοὺς
1063 1407 1428 1472 διδασκαλίας.
1476 1411 1590 1464 Οὐκ
1627 1411 1860 1467 ἐνταῦθα
1902 1410 1960 1466 δὲ

379 1489 537 1557 μόνον
580 1491 788 1544 ἵσταται
820 1495 1138 1566 κατηγορῶν
1171 1499 1269 1567 τῆς
1323 1496 1524 1562 ἔξωθεν
1563 1500 1773 1569 σοφίας,
1824 1499 1961 1554 ἀλλὰ

374 1577 468 1629 καὶ
527 1577 687 1650 ἕτερα
736 1580 940 1636 τούτων
996 1583 1214 1637 πλείονα
1272 1585 1595 1656 προστίθησι
1633 1588 1806 1656 λέγων
1834 1605 1848 1618 ⁸
1893 1590 1961 1644 Ἠ

372 1666 559 1732 σοφιά
588 1665 693 1718 τοῦ
731 1667 962 1737 κόσμου
1000 1672 1214 1726 τούτου
1239 1673 1432 1741 μωρία
1463 1676 1626 1744 παρὰ
1672 1674 1752 1740 τῷ
1792 1675 1913 1741 Θεῷ
1941 1693 1954 1706 ·

374 1753 468 1804 καὶ
537 1753 814 1824 παραινῶν
872 1759 981 1819 τοῖς
1037 1758 1288 1814 ἀκούουσι
1350 1760 1512 1816 πάλιν
1577 1762 1716 1834 μετὰ
1777 1765 1957 1834 πάσης

371 1840 552 1902 αὐτοῖς
606 1842 826 1912 ἀτιμίας
877 1843 970 1896 καὶ
1029 1846 1386 1918 σφοδρότητος
1438 1849 1663 1919 ἔλεγενο
1715 1853 1785 1906 Εἰ
1844 1852 1956 1920 γάρ

368 1945 460 1994 τις
505 1928 686 1993 δοκεῖ,
737 1932 919 2003 φησὶν,
978 1933 1048 1986 ἐν
1103 1934 1246 2003 ὑμῖν
1296 1937 1489 2006 σοφὸς
1539 1935 1692 1992 εἶναι,
1751 1939 1822 1992 ἐν
1874 1939 1955 2005 τῷ

367 2015 534 2069 αἰῶνι
558 2019 763 2082 τούτῳ,
791 2019 987 2088 μωρὸς
1011 2020 1290 2089 γενέσθω,
1320 2024 1419 2076 ἵνα
1446 2023 1688 2093 γένηται
1721 2028 1915 2094 σοφός
1935 2043 1948 2054 ·

368 2105 463 2157 καὶ
502 2105 661 2158 πάλιν
692 2123 705 2136 ·
742 2107 1096 2176 Γέγραπται,
1139 2109 1360 2164 Ἀπολῶ
1407 2112 1522 2180 τὴν
1569 2115 1794 2181 σοφίαν
1835 2112 1955 2166 τῶν

365 2192 594 2261 σοφῶν,
625 2195 724 2248 καὶ
754 2195 868 2263 τὴν
895 2198 1152 2250 σύνεσιν
1177 2197 1296 2251 τῶν
1331 2199 1604 2253 συνετῶν
1631 2200 1904 2268 ἀθετήσω
1935 2219 1948 2232 ⁸

367 2282 460 2333 καὶ
484 2281 662 2348 πάλιν,
685 2284 897 2350 Κύριος
919 2283 1195 2352 γινώσκει
1224 2285 1364 2352 τοὺς
1385 2286 1812 2359 διαλογισμοὺς
1833 2288 1952 2344 τῶν

363 2368 708 2436 ἀνθρώπων,
739 2370 830 2425 ὅτι
851 2371 971 2426 εἰσί
1002 2371 1261 2442 μάταιοι.

426 2498 501 2555 ς’.
547 2500 688 2554 Ἀλλ’
720 2501 799 2556 ὃτι
834 2502 934 2573 μὲν
955 2504 1148 2573 σοφίας
1164 2509 1408 2576 μετεῖχον
1422 2508 1949 2582 οἱΚορίνθιοι,δῆλον

362 2591 426 2642 ἐκ
448 2591 649 2644 τούτων
669 2607 682 2622 ο
709 2591 790 2644 ὅτι
812 2592 867 2645 δὲ
893 2592 1035 2662 μέγα
1061 2595 1320 2664 ἐφρόνουν
1342 2597 1434 2649 καὶ
1461 2598 1758 2666 ἐφυσῶντο,
1787 2600 1948 2654 πάλιν

359 2676 421 2741 ἐξ
450 2677 617 2748 αὐτῆς
632 2678 732 2748 τῆς
777 2679 1095 2748 Ἐπιστολῆς
1130 2683 1244 2734 ἐστι
1267 2685 1516 2755 φανερόν.
1551 2687 1947 2759 Κατηγορήσας

360 2765 469 2833 γάρ
507 2782 608 2817 που
643 2765 737 2817 τοῦ
784 2769 1235 2836 πεπορνευκότος,
1265 2770 1510 2842 ἐπήγαγε
1545 2772 1717 2842 λέγων
1747 2793 1761 2806 ο
1795 2775 1942 2848 [1581

359 2851 471 2905 Καὶ
503 2852 672 2922 ὑμεῖς
710 2853 776 2906 δὲ
813 2855 1252 2925 πεφυσιωμένοι
1303 2858 1461 2912 ἐστέ.
1507 2860 1628 2914 ’Ὀτι
1667 2861 1722 2914 δέ
1754 2863 1817 2916 ἐκ
1846 2866 1946 2935 τῆς

359 2940 616 3004 ἀπονοίας
647 2941 781 3012 πρὸς
818 2941 1081 3013 ἀλλήλους
1109 2941 1316 3014 ἤριζον,
1347 2947 1440 2999 καὶ
1469 2947 1600 3000 αὐτὸ
1635 2948 1792 3002 τοῦτο
1827 2950 1944 3022 ἐδή-

357 3027 498 3081 λωσε
537 3030 696 3082 πάλιν
745 3030 914 3085 εἰπών
938 3049 952 3062 ·
983 3033 1176 3089 ’Ὅπου
1219 3034 1328 3103 γὰρ
1369 3035 1439 3087 ἐν
1484 3036 1625 3105 ὑμῖν
1667 3038 1794 3105 ἔρις
1845 3039 1944 3092 καί

359 3113 539 3183 ζῆλος
581 3118 678 3171 καί
715 3117 1117 3186 διχοστασίαι,
1153 3121 1288 3190 οὐχί
1323 3125 1601 3190 σαρκικοί
1637 3124 1798 3188 ἐστε,
1842 3128 1939 3181 καί

357 3204 509 3257 κατὰ
532 3203 846 3272 ἄνθρωπον
869 3207 1239 3276 περιπατεῖτε
1267 3225 1286 3272 ;
1327 3211 1438 3264 Καὶ
1462 3212 1546 3274 τίς
1572 3214 1600 3265 ό
1625 3213 1728 3283 τῆς
1767 3213 1942 3284 ἔριδος

356 3292 584 3362 τρόπος;
609 3295 704 3359 Εἰς
726 3294 952 3359 πολλοὺς
972 3297 1235 3366 ἄρχοντας
1257 3299 1447 3352 κατέτε
1457 3317 1555 3370 μον
1578 3302 1822 3368 ἑαυτοὺς,
1845 3303 1941 3356 καὶ

355 3379 446 3434 διά
475 3379 630 3432 τοῦτό
657 3397 790 3451 φησι
815 3397 828 3410 ·
853 3380 1016 3450 Λέγω
1053 3383 1121 3436 δὲ
1143 3385 1337 3449 τοῦτο,
1373 3385 1461 3439 ὅτι
1489 3387 1748 3454 ἕκαστος
1774 3389 1940 3458 ὑμῶν

354 3481 575 3536 φησιν·
613 3467 754 3536 Ἐγὼ
787 3468 904 3537 μέν
927 3473 1043 3538 εἰμι
1070 3473 1337 3535 Παύλου,
1380 3473 1496 3542 ἐγὼ
1533 3474 1602 3528 δὲ
1650 3476 1935 3541 Ἀπολλῶ,

352 3553 468 3623 ἐγὼ
513 3553 582 3606 δὲ
633 3554 824 3623 Κηφᾶ.
879 3555 1063 3609 Ταῦτα
1115 3557 1320 3626 ἔλεγεν,
1365 3560 1465 3612 οὐκ
1506 3562 1692 3635 ἐπειδὴ
1741 3565 1938 3637 Παύλῳ

354 3640 450 3694 καὶ
503 3641 668 3710 Κηφᾷ
710 3639 806 3693 καὶ
845 3641 1085 3713 Ἀπολλῷ
1136 3645 1470 3717 προσένεμον
1508 3649 1754 3716 ἑαυτοὺς,
1803 3653 1940 3707 ἀλλά

353 3728 466 3788 τοῖς
509 3726 734 3796 ὀνόμασι
781 3727 988 3792 τούτοις
1041 3731 1352 3801 ἀποκρύψαι
1399 3734 1644 3803 βούλεται
1675 3741 1802 3803 τοὺς
1837 3742 1938 3812 τῆς

355 3814 596 3877 στάσεως
640 3814 844 3878 αἰτίους
885 3818 1303 3888 γεγενημένους,
1349 3821 1489 3875 ὥστε
1545 3823 1620 3895 μὴ
1669 3829 1936 3899 φανεροὺς

352 3903 721 3973 καταστήσας,
745 3903 1201 3978 φιλονεικοτέρους
1228 3908 1468 3978 ποιῆσαι,
1494 3911 1586 3964 καὶ
1612 3915 1689 3976 εἰς
1714 3915 1936 3984 μείζονα

352 3989 731 4060 ἀναισχυντίαν
754 3991 1000 4060 ἀγαγεῖν.
1028 3993 1146 4046 ’Ότι
1175 3996 1283 4066 γάρ
1312 3997 1372 4049 οὐ
1403 3998 1598 4069 Παύλῳ
1622 4001 1716 4053 καὶ
1745 4003 1935 4075 Πέτρῳ

353 4081 446 4133 καὶ
486 4081 727 4151 ’Δπολλῷ
765 4082 1096 4154 προσένεμον
1131 4086 1376 4152 ἑαυτοὺς,
1421 4089 1536 4142 ἀλλ’
1568 4091 1774 4162 ἑτέροις
1804 4095 1930 4162 τισὶ,

353 4171 448 4224 καὶ
473 4170 632 4224 τοῦτο
659 4173 724 4225 ἐκ
752 4173 859 4228 τῶν
887 4172 1014 4245 ἐξῆς
1041 4174 1216 4247 δῆλον.
1261 4178 1590 4246 Ἐγκαλέσας
1615 4181 1723 4253 γάρ
1753 4184 1936 4248 αὐτοῖς

352 4260 447 4312 ἐπὶ
497 4263 562 4332 τῇ
619 4260 895 4316 διαστάσει
952 4264 1144 4337 ταύτῃ,
1195 4267 1359 4322 πάλιν
1415 4271 1664 4342 ἐπήγαγε
1720 4273 1930 4342 λέγων’

356 4348 550 4403 Ταῦτα
577 4347 664 4415 δὲ,
711 4350 984 4420 ἀδελφοὶ,
1012 4355 1504 4423 μετεσχημάτισα
1544 4363 1632 4425 εἰς
1671 4360 1934 4428 ἐμαυτὸν

349 4435 448 4489 καὶ
483 4435 744 4490 Ἀπολλὼ
772 4436 845 4490 δι’
882 4437 1050 4508 ὑμᾶς.
1089 4441 1188 4493 ἵνα
1221 4443 1292 4496 ἐν
1327 4445 1468 4513 ὑμῖν
1491 4445 1720 4516 μάθητε
1754 4449 1820 4502 τὸ
1844 4449 1930 4518 μὴ

347 4521 501 4590 ὑπὲρ
540 4522 571 4575 ὃ
604 4521 924 4594 γέγραπται
956 4528 1223 4596 φρονεῖν,
1257 4530 1358 4584 ἵνα
1397 4532 1483 4601 μὴ
1522 4529 1610 4601 εἷς
1644 4537 1794 4603 ὑπὲρ
1824 4538 1931 4592 τοῦ

346 4612 486 4679 ἐνὸς
523 4615 609 4683 μὴ
641 4615 981 4684 φυσιοῦσθε
1010 4619 1160 4672 κατὰ
1192 4619 1298 4673 τοῦ
1329 4621 1552 4689 ἐτέρου.
1593 4623 1784 4678 Πολλοί
1823 4629 1930 4698 γάρ

345 4700 456 4754 τῶν
488 4703 710 4759 ἰδιωτῶν
738 4705 836 4758 οὐκ
869 4705 1081 4775 ἔχοντες
1107 4707 1315 4762 οἴκοθεν
1337 4708 1633 4782 ἐπαίρεσιν,
1661 4712 1780 4766 οὐδὲ
1805 4716 1932 4774 τοὺς

348 4789 574 4860 πλησίον
597 4791 831 4859 δάκνειν,
861 4795 1296 4865 προστησάμενοί
1324 4815 1475 4862 τινας
1501 4799 1708 4854 ἑαυτῶν
1739 4801 1931 4872 ἄρχον-

346 4893 467 4939 τας,
516 4880 628 4943 τοῖς
682 4881 907 4935 ἐκείνων
966 4879 1430 4955 πλεονεκτήμασιν
1485 4889 1566 4950 εἰς
1633 4888 1732 4960 τὴν
1806 4889 1928 4942 καθ’

347 4967 549 5039 ἐτέρων
578 4969 953 5040 ὑπερηφανίαν
981 4973 1296 5044 ἐκέχρηντοο
1326 4978 1420 5030 καὶ
1448 4978 1480 5048 ἡ
1511 4979 1622 5032 τῶν
1647 4978 1927 5034 διδασκόν-

346 5071 456 5107 των
484 5055 679 5120 αὐτοὺς
716 5059 877 5126 σοφία
913 5061 1012 5131 τῆς
1049 5062 1250 5130 ἐτέρων
1293 5064 1476 5128 αὐτοῖς
1515 5066 1771 5131 ἀπονοίας
1809 5068 1929 5136 ἐγέ-

348 5157 470 5195 νετο
495 5141 761 5212 πρόφασις
787 5160 802 5176 ο
832 5145 969 5218 ὅπερ
997 5149 1232 5218 ἐσχάτης
1258 5149 1577 5220 δοξομανίας
1604 5149 1690 5222 ῆν,
1718 5153 1926 5207 οἴκοθεν

347 5229 449 5281 οὐκ
485 5227 705 5297 ἔχοντας
748 5231 1153 5302 ἐναϐρύνεσθαι,
1197 5238 1319 5298 ταῖς
1374 5237 1576 5308 ἐτέρων
1631 5240 1927 5313 ὑπεροχαῖς

347 5315 692 5395 ἀποχρῆσθαι
733 5319 813 5381 εἰς
851 5319 950 5390 τὴν
993 5323 1134 5376 κατά
1171 5324 1281 5378 τῶν
1323 5325 1566 5394 ἀδελφῶν
1604 5328 1922 5400 ὑπεροψίαν.

362 5389 514 5456 Ἐπεὶ
533 5399 625 5457 οὖν
645 5405 738 5457 καὶ
764 5407 842 5470 εἰς
868 5389 1124 5465 ἀπόνοιαν
1148 5412 1394 5485 ήρθησαν
1419 5389 1512 5470 καὶ
1531 5389 1922 5484 διεστασίαζον,

349 5492 444 5542 καὶ
475 5493 555 5554 εἰς
596 5491 767 5545 πολλά
812 5495 1138 5567 κατέτεμνον
1173 5500 1315 5573 μέρη
1350 5503 1596 5568 ἑαυτοὺς,
1642 5505 1737 5561 καὶ
1779 5505 1924 5576 μέγα

349 5577 609 5647 ἐφρόνουν
664 5580 757 5633 ἐπὶ
812 5584 877 5652 τῇ
929 5583 1266 5658 διδασκαλίᾳ,
1321 5589 1398 5653 ὼς
1453 5591 1663 5645 οἴκοθέν
1719 5610 1777 5645 τε
1830 5595 1924 5647 καὶ

349 5666 478 5735 παρ’
508 5665 711 5720 ἑαυτῶν
741 5669 1010 5738 εὑρόντες,
1044 5673 1158 5726 ἀλλ’
1185 5677 1282 5746 οὐχ
1310 5677 1386 5741 ὡς
1413 5679 1617 5733 ἄνωθεν
1644 5680 1924 5751 δεξάμενοι

354 5751 447 5805 καὶ
498 5755 710 5840 ἐκ-τῆς
766 5756 858 5810 τοῦ
914 5757 1047 5813 Θεοῦ
1109 5761 1326 5834 χάριτος
1377 5761 1454 5819 ’τά
1515 5767 1613 5839 τῆς
1670 5768 1924 5840 ἀληθείας

1100 332 1164 387 -S.
1201 333 1488 396 JOANNIS
1522 336 2012 395 CllRYSOST'OM!
2052 343 2370 402 ARCHIEP.
2417 345 2966 415 CONSTANTINOP.

2075 449 2343 522 δόγματα,
2376 457 2696 530 βουλόμενος
2737 461 2916 516 αὐτῶν
2945 461 3290 515 καταστεῖλαι
3323 463 3382 516 τὸ
3411 464 3659 536 φύσημα,

2071 539 2276 605 εὐθέως
2308 545 2416 598 ἀπὸ
2460 547 2570 600 τῶν
2608 547 2909 618 προοιμίων
2953 549 3182 617 κλητὸν
3215 551 3378 604 αὐτὸν
3405 552 3657 618 ἐκάλεσε,

2075 632 2356 701 μονονουχὶ
2387 633 2559 702 λέγων
2583 650 2597 665 σ
2631 636 2693 687 Εἰ
2729 634 2838 703 ἐγὼ
2873 637 2902 688 ό
2934 635 3247 700 διδάσκαλος
3268 637 3420 692 οὐδὲν
3451 640 3662 694 οἴκοθεν

2070 710 2261 786 εὗρον,
2310 717 2438 773 οὔτε
2494 722 2760 792 πρότερον
2811 722 2972 785 αὐτὸς
3017 722 3096 793 τῷ
3146 723 3266 793 Θεῷ
3318 725 3657 796 προσῆλθον,

2069 803 2205 857 ἀλλά
2235 807 2454 877 κληθεὶς
2480 811 2599 863 τότε
2631 811 2935 880 ὑπήκουσα,
2976 811 3092 874 πῶς
3126 812 3285 882 ὑμεῖς
3311 813 3363 866 οἱ
3393 814 3657 885 μαθηταὶ,

2071 891 2164 944 καὶ
2190 893 2320 963 παρ’
2349 895 2484 964 ἐμοῦ
2523 896 2593 949 τά
2635 896 2879 967 δόγματα
2905 897 3209 968 δεξάμενοι,
3243 899 3476 953 δύνασθε
3511 902 3662 972 μέγα

2071 983 2306 1048 φρονεῖν,
2355 982 2432 1046 ὡς
2480 985 2634 1037 αὐτοὶ
2675 985 2882 1039 τούτων
2932 986 3150 1056 εὑρέται
3199 989 3516 1058 γενόμενοις
3563 991 3661 1045 Διά

2067 1067 2225 1122 τοῦτο
2253 1070 2348 1124 καὶ
2376 1072 2579 1143 προῖὼν
2610 1073 2793 1138 ἔλεγεν
2825 1074 3006 1138 αὐτοῖς
3028 1093 3041 1106 ·
3075 1075 3170 1141 Τίς
3199 1076 3309 1146 γάρ
3334 1093 3409 1130 σε
3438 1078 3662 1148 διακρί-

2067 1171 2155 1208 νει
2174 1195 2188 1218 ,
2228 1158 2286 1211 τί
2318 1157 2390 1211 δὲ
2417 1160 2578 1229 ἔχεις
2605 1159 2636 1214 ὃ
2669 1163 2781 1214 οὐκ
2822 1162 3072 1230 ἕλαϐες;
3102 1165 3155 1217 εἰ
3186 1163 3255 1217 δὲ
3286 1167 3384 1219 καί
3417 1167 3655 1234 ἔλαϐες,

2068 1247 2124 1298 τί
2157 1249 2460 1316 καυχᾶσαι
2496 1251 2578 1317 ὡς
2603 1250 2690 1320 μὴ
2721 1250 2958 1318 λαϐὠν;

2138 1374 2304 1432 Οὐδέν
2348 1375 2442 1435 οὖν
2491 1381 2620 1435 ἄλλο
2670 1384 2788 1438 ἐστί
2831 1383 2892 1437 τὸ
2935 1387 3170 1454 Κλητὸς
3217 1387 3406 1454 τοῦτο,
3455 1388 3574 1445 ἀλλ’
3623 1391 3658 1464 ἢ

2066 1473 2564 1545 ταπεινοφροσύνης
2600 1475 2938 1541 διδασκαλία,
2981 1478 3075 1531 καὶ
3113 1479 3282 1549 τύφου
3311 1482 3657 1553 καθαίρεσις,

2067 1560 2160 1614 καί⁵
2196 1562 2376 1646 πάσης
2416 1565 2733 1632 ἀλαζονείας
2767 1569 3068 1638 καταστολή
3093 1587 3107 1600 ·
3137 1571 3288 1624 οὐδὲν
3328 1573 3437 1646 γάρ
3482 1575 3657 1639 ἐστιν,

2064 1653 2218 1707 οὐδὲν
2245 1635 2416 1720 οὖτῶς
2450 1659 2479 1713 ὃ
2510 1662 2837 1730 συγκρατεῖν
2870 1662 2964 1714 καὶ
2991 1661 3236 1732 συνέχειν
3269 1666 3417 1735 ἡμᾶς
3450 1664 3660 1719 δύναιτ’

2065 1744 2152 1804 ἂν,
2183 1744 2257 1809 ὼς
2281 1751 2773 1822 ταπεινοφροσύνη,
2805 1752 2898 1804 καὶ
2929 1753 3262 1824 μετριάζειν,
3292 1756 3470 1810 καὶτὸ
3521 1775 3664 1810 κατα

2062 1836 2319 1891 εστάλθαι
2347 1839 2443 1892 καὶ
2469 1841 2634 1912 μηδέν
2659 1842 2927 1914 μηδέποτε
2945 1845 3074 1916 περὶ
3105 1846 3310 1900 ἑαυτῶν
3345 1848 3490 1918 μέγα
3518 1868 3663 1918 φανο

2060 1926 2339 1990 τάξεσθαι.
2388 1930 2564 2001 Ὅπερ
2608 1932 2703 1984 καὶ
2743 1933 2772 1985 ό
2822 1933 3057 2004 Χριστὸς
3103 1935 3376 2001 συνειδὼς,
3415 1939 3512 1992 καὶ
3553 1940 3662 2010 τῆς

2061 2021 2438 2091 πνευματικῆς
2489 2022 2706 2093 ἐκείνης
2759 2022 3103 2090 διδασκαλίας
3163 2027 3484 2098 ἀρχόμενος,
3543 2031 3663 2084 ἀπὸ

2059 2110 2555 2182 ταπεινοφροσύνης
2597 2113 2812 2184 πρῶτον
2850 2115 2949 2184 τῆς
2994 2118 3375 2187 παραινέσεως
3422 2121 3659 2191 ἧρξατο,

2059 2200 2153 2253 καὶ
2193 2201 2252 2254 τὸ
2287 2203 2461 2274 στόμα
2489 2203 2729 2270 ἀνοίξας,
2764 2205 2952 2260 τοῦτον
2985 2209 3200 2280 πρῶτον
3242 2211 3529 2281 εἰσήνεγκε
3561 2213 3663 2266 τὸν

2059 2292 2240 2362 νόμον,
2295 2293 2468 2358 οὓτως
2534 2295 2703 2349 εἰπών
2738 2313 2752 2328 ο
2814 2297 3107 2368 Μακάριοι
3161 2304 3217 2355 οἰ
3278 2304 3502 2372 πτωχοὶ
3571 2303 3658 2371 τῷ

2057 2385 2371 2454 πνεύματι.
2429 2388 2696 2460 Καθάπερ
2755 2391 2864 2462 γάρ
2908 2409 2993 2455 τις
3048 2394 3226 2447 οἰκίαν
3276 2395 3518 2466 μεγάλην
3561 2397 3658 2449 καὶ

2057 2479 2314 2551 λαμπρὰν
2349 2483 2748 2554 οἰκοδομεῖσθαι
2781 2485 2930 2559 [159]
2969 2488 3199 2559 μέλλων,
3247 2490 3510 2559 ἀνάλογον
3542 2508 3653 2544 κα·

2054 2570 2379 2624 ταὸάλλεται
2423 2572 2514 2626 τὸν
2560 2572 2830 2644 θεμέλιον,
2877 2575 3016 2631 ὥστε
3063 2579 3355 2650 δυνηθῆναι
3399 2581 3463 2635 τὸ
3506 2583 3652 2653 μετά

2054 2657 2229 2712 ταῦτα
2271 2660 2642 2732 ἐπιτιθέμενον
2684 2666 2928 2733 ἐνεγκεῖν
2969 2667 3170 2738 βάροςο
3202 2669 3344 2722 οὕτω
3381 2669 3446 2741 δὴ
3488 2672 3587 2725 καὶ
3622 2673 3650 2726 ό

2054 2752 2310 2820 Χριστὸς,
2338 2754 2438 2826 τὴν
2467 2755 2713 2829 μεγάλην
2741 2758 2956 2830 ἐκείνην
2987 2762 3275 2834 οἰκοδομὴν
3297 2761 3394 2834 τῆς
3425 2763 3646 2833 φιλοσο-

2054 2841 2181 2911 φίας
2209 2845 2268 2897 ἐν
2296 2848 2415 2908 ταῖς
2442 2846 2640 2917 ψυχαῖς
2673 2849 2856 2903 αὐτῶν
2884 2851 3136 2922 ἐγείρων,
3175 2852 3364 2925 ὥσπερ
3395 2856 3519 2909 τινά
3553 2855 3646 2908 θε-

2055 2935 2237 3004 μέλιον
2278 2937 2371 2990 καὶ
2399 2937 2592 3008 τρόπιν
2636 2940 2853 3011 ἀσφαλῆ
2891 2943 2984 2995 καὶ
3017 2945 3257 3015 κρηπῖδα
3289 2944 3514 3015 βεϐαίαν
3549 2946 3646 3000 καὶ

2051 3028 2327 3100 ἀκίνητον,
2355 3031 2454 3102 τὴν
2476 3032 2578 3103 τῆς
2605 3037 3101 3108 ταπεινοφροσύνης
3129 3039 3641 3110 προκαταϐάλλεται

2051 3117 2390 3188 παραίνεσιν,
2432 3120 2588 3186 εἰδὼς
2629 3123 2710 3176 ὅτι
2747 3127 2952 3197 ταύτης
2995 3127 3374 3201 ἐρριζωμένης
3417 3131 3477 3184 ἐν
3520 3134 3640 3196 ταῖς

2048 3207 2306 3274 διανοίαις
2352 3211 2460 3264 τῶν
2502 3215 2832 3280 ἀκουόντων,
2879 3218 3094 3271 ἅπαντα
3129 3219 3263 3274 ἄλλα
3300 3222 3400 3293 τῆς
3431 3224 3638 3296 ἀρετῆς

2051 3298 2190 3370 μέρη
2217 3300 2355 3369 μετά
2385 3302 2687 3371 ἀσφαλείας
2718 3306 3117 3378 οἰκοδομεῖσθαι
3148 3309 3390 3364 δύναται.
3425 3312 3640 3386 ’Ὠσπερ

2047 3384 2139 3442 οὖν
2183 3390 2383 3463 ταύτης
2426 3394 2692 3468 ἀπούσης,
2744 3397 2847 3452 κᾶν
2897 3399 3117 3454 ἅπασάν
3170 3420 3254 3467 τις
3299 3403 3399 3475 τὴν
3445 3404 3639 3478 λοιπὴν

2047 3481 2249 3554 ἀρετὴν
2295 3485 2636 3559 κατορθώσῃ,
2673 3489 2796 3561 εἰκῆ
2846 3491 2940 3544 καὶ
2989 3493 3166 3562 μάτην
3219 3495 3314 3547 καὶ
3357 3497 3437 3561 εἰς
3487 3497 3638 3552 οὐδὲν

2045 3572 2163 3626 δέον
2192 3575 2310 3628 ἐστί
2345 3578 2690 3650 πεπονηκὼς,
2724 3584 2842 3636 κατ’
2871 3585 3076 3638 ἐκεῖνον
3102 3586 3194 3640 τὸν
3223 3588 3315 3640 ἐπὶ
3347 3592 3448 3660 τῆς
3481 3590 3636 3661 ψάμ-

2049 3680 2152 3733 μου
2194 3666 2294 3736 τὴν
2341 3667 2518 3722 οἰκίαν
2563 3670 3016 3742 οἰκοδομήσαντα,
3065 3675 3126 3739 ὃς
3176 3677 3268 3730 τὸν
3323 3678 3423 3748 μὲν
3476 3681 3638 3734 πόνον

2047 3755 2327 3826 ὑπέμεινε,
2383 3759 2476 3813 τοῦ
2537 3761 2592 3814 δέ
2650 3763 2875 3834 κέρδους
2939 3767 3038 3820 οὐκ
3106 3768 3381 3835 ἀπώνατο,
3448 3772 3640 3844 ἐπειδὴ

2046 3847 2291 3918 θεμέλιον
2328 3850 2388 3902 οὐ
2428 3851 2727 3907 κατέϐαλεν
2769 3857 2982 3929 ἀσφαλῆ
3009 3875 3024 3889 ⁸
3060 3858 3234 3924 οὕτως
3277 3865 3304 3915 ό
3337 3863 3508 3934 χωρίς
3549 3881 3640 3916 τα-

2046 3941 2472 4012 πεινοφροσύνης
2532 3945 2715 4004 ὁτιοῦν,
2777 3948 2979 4018 μετιὼν
3045 3951 3290 4020 ἀγαθὸν,
3352 3953 3636 4007 ἀπώλεσεν

2043 4031 2254 4086 ἅπαντα
2303 4034 2398 4087 καὶ
2433 4035 2726 4109 διέφθειρε.
2769 4041 3283 4116 Ταπεινοφροσύνην
3311 4047 3401 4110 δὲ,
3432 4047 3494 4100 οὐ
3534 4049 3636 4118 τὴν

2043 4123 2101 4175 ἐν
2135 4124 2343 4194 ῥήμασι
2385 4125 2547 4198 λέγω,
2599 4130 2718 4184 οὐδὲ
2759 4132 2858 4203 τὴν
2906 4135 2999 4187 ἐπὶ
3041 4135 3144 4206 τῆς
3194 4136 3463 4206 γλώττης,
3497 4139 3634 4194 ἀλλά

2041 4214 2139 4286 τὴν
2173 4217 2230 4268 ἐν
2259 4220 2322 4287 τῇ
2353 4218 2580 4292 διανοίᾳ,
2611 4221 2709 4293 τήν
2744 4223 2853 4278 ἀπὸ
2884 4225 2982 4297 τῆς
3015 4226 3214 4298 ψυχῆς,
3240 4228 3342 4301 τὴν
3370 4231 3428 4283 ἐν
3459 4247 3636 4284 συνει-

2040 4305 2170 4368 δότι,
2210 4306 2276 4376 ἣν
2321 4310 2349 4360 ό
2397 4309 2527 4372 Θεὸς
2573 4310 2793 4366 δύναται
2845 4314 3004 4384 μόνος
3041 4318 3196 4389 όρᾷν.
3235 4319 3423 4389 Ἀρκεῖ
3473 4322 3634 4374 τοῦτο

2039 4397 2099 4449 τὸ
2132 4397 2530 4472 πλεονέκτημα,
2560 4406 2651 4456 καὶ
2697 4405 2820 4458 καθ’
2865 4408 3024 4461 ἐαυτδ
3070 4410 3332 4474 πολλάκις
3371 4414 3633 4484 φαινόμε-

2039 4505 2148 4550 νον,
2202 4489 2328 4543 ἵλεω
2362 4494 2583 4563 ποιῆσαι
2633 4495 2724 4549 τὸν
2768 4497 2920 4552 Θεόν.
2963 4501 3072 4553 Καὶ
3111 4501 3267 4554 τοῦτο
3309 4504 3338 4555 ό
3391 4503 3633 4587 τελὼες

2039 4579 2338 4650 ἐδήλωσεν·
2373 4583 2523 4636 οὐδὲν
2563 4585 2673 4657 γάρ
2701 4587 2839 4657 ἔχων
2869 4590 3247 4658 ἀγαθὸν,-οὐδὲ
3276 4593 3385 4647 ἀπὸ
3427 4579 3624 4666 κατορ-

2039 4671 2306 4744 θωμάτων
2361 4679 2595 4748 φανῆναι
2650 4680 2965 4751 δυνάμενος,
3025 4683 3194 4738 εἰπὼν
3241 4686 3432 4756 μόνον,
3484 4687 3631 4742 Ἰλά-

2037 4764 2215 4830 σθητί
2238 4783 2341 4833 μοι
2369 4765 2449 4832 τῷ
2481 4769 2827 4837 ἁμαρτωλῷ,
2862 4773 3133 4844 κατῆλθεν
3166 4777 3308 4848 ὑπὲρ
3342 4777 3432 4830 τὸν
3462 4781 3630 4850 Φαρισ

2039 4854 2187 4906 σαῖον
2231 4853 2578 4921 δικαιωθείς·
2621 4859 2798 4913 καίτοι
2849 4879 2911 4930 γε
2958 4864 3079 4916 οὐδὲ
3124 4868 3628 4940 ταπεινοφροσύνης

2034 4939 2175 5014 ἦσαν
2219 4946 2403 5001 ἐκεῖνα
2429 4948 2498 5002 τά
2538 4952 2780 5023 ῥήματα,
2827 4955 2942 5007 ἀλλ’
2975 4958 3399 5030 εὐγνωμοσύνης
3441 4962 3625 5032 μόνον.

2036 5037 2544 5111 Ταπεινοφροσύνης
2601 5043 2701 5112 μὲν
2751 5046 2861 5116 γάρ
2912 5048 3058 5102 ἐστιν
3114 5049 3242 5103 ὅταν
3293 5051 3507 5120 μεγάλα
3539 5071 3628 5117 τις

2034 5128 2212 5198 ἐαυτῷ
2266 5131 2538 5198 συνειδὼς,
2591 5136 2758 5206 μηδὲν
2814 5138 2956 5208 μέγα
3012 5142 3141 5211 περὶ
3192 5143 3360 5197 αὑτοῦ
3418 5147 3625 5214 φαντά-

2034 5219 2192 5292 ζηται
2216 5240 2230 5253 ’
2261 5224 2646 5298 εὐγνωμοσύνη
2687 5228 2764 5294 δὲ,
2799 5231 2948 5294 ὅταν,
2993 5233 3318 5306 ἁμαρτωλὸς
3359 5238 3455 5303 ὢν,
3491 5240 3625 5294 αὐτὸ

2031 5312 2190 5365 τοῦτο
2251 5315 2505 5386 ὁμολογῇ.
2571 5318 2634 5370 Εἰ
2692 5319 2747 5371 δέ
2805 5322 2834 5373 ὀ
2901 5323 3066 5393 μηδὲν
3123 5325 3300 5396 ἐαυτῷ
3361 5329 3624 5394 συνειδὼς

2031 5403 2257 5472 ἀγαθὸν.
2293 5407 2480 5478 ἐπειδὴ
2521 5409 2696 5478 τοῦτο,
2743 5413 2879 5486 ὅπερ
2929 5410 3017 5486 ἦν,
3064 5416 3432 5490 ὡμολόγησεν,
3476 5422 3622 5477 οὕτω

2031 5496 2120 5549 τὸν
2172 5497 2304 5550 Θεὸν
2350 5502 2429 5564 εἰς
2475 5502 2688 5559 εὔνοιαν
2749 5505 3116 5577 ἐπεσπάσατο,
3167 5513 3338 5583 πόσης
3379 5513 3621 5569 ἀπολαύ-

2033 5603 2212 5640 σονται
2246 5591 2554 5661 παρρησίας
2583 5595 2632 5646 οἰ
2673 5595 2842 5649 πολλὰ
2875 5597 2972 5666 μὲν
2995 5597 3207 5669 ἔχοντες
3245 5603 3453 5656 ἑαυτῶν
3484 5623 3618 5658 κατ-

2030 5678 2322 5750 ορθώματα
2370 5685 2561 5749 εἰπεῖν,
2615 5688 2830 5740 πάντων
2872 5688 2927 5742 δὲ
2997 5691 3221 5747 ἐκείνων
3263 5695 3620 5752 ἐπιλανθανό-

2033 5787 2202 5841 μενοι,
2239 5774 2331 5826 καί
2370 5777 2445 5839 εἰς
2493 5776 2615 5847 τούς
2654 5778 2913 5849 ἐσχάτους
2953 5782 3179 5849 ἐαυτούς
3220 5781 3575 5855 ἀριθμοῦντες
3597 5803 3613 5851 ἱ
