3964 6342
246 296 275 349 4
282 281 353 353 3'3

248 414 624 470 rimunrcoma
646 424 701 471 et
724 415 915 473 baculo
947 418 1225 490 gloriatur,
1248 430 1368 491 post
1398 423 1564 480 multa
1585 426 1847 498 longaque

245 509 417 577 spatia
441 514 779 583 sermormm,
809 521 928 582 post
952 514 1310 585 importunam
1342 519 1675 593 multamque
1713 539 1841 594 gar-

243 602 518 685 rulitatem
545 618 616 658 ne
640 602 852 660 hiscere
883 605 1100 676 quidem
1133 610 1389 678 potuerit,
1420 628 1596 685 neque
1631 614 1699 669 de
1730 615 1846 672 istis

243 693 413 749 verba
434 682 680 750 facturus
709 697 935 753 valuerit
960 714 1022 754 os
1047 698 1302 757 diducere
1325 717 1340 757 :
1361 713 1471 759 tum
1496 682 1660 774 probe
1685 706 1844 762 intel-

240 784 398 852 liges,
424 799 534 854 quo
557 795 714 855 pacto
742 778 881 842 Deus
908 790 1112 860 elegerit
1147 791 1304 846 stulta
1334 796 1529 860 mundi,
1558 804 1611 848 ut
1637 796 1842 866 sapien»

240 883 313 927 tes
328 876 690 946 confunderet.
721 872 856 934 Nam
881 886 1000 950 qua:
1015 896 1123 951 prce
1140 883 1301 940 nimia
1325 887 1570 957 superbia
1598 888 1843 960 fastuque

238 966 486 1034 reperire
516 968 591 1022 illi
620 969 841 1025 minime
885 978 1192 1043 potuerunt,
1236 985 1347 1032 tum
1393 979 1535 1049 quod
1576 980 1782 1051 seipsos
1811 996 1841 1036 a

236 1056 527 1128 disciplina
550 1060 780 1131 Spiritus
800 1063 1183 1139 sejun‘xissent,
1212 1078 1320 1125 tum
1346 1071 1487 1142 quod
1510 1072 1687 1127 omnia
1712 1088 1841 1143 pro-

227 1150 372 1218 ‘priis
423 1151 841 1222 cogitat'mnibus
888 1161 1310 1225 commisissent,
1345 1162 1461 1219 hare
1509 1164 1740 1219 mendici
1787 1175 1842 1220 et

237 1240 434 1311 ahjecti
465 1250 530 1297 ac
552 1243 793 1313 profana:
820 1238 1140 1307 eruditionis
1168 1260 1416 1322 expertes
1445 1254 1623 1309 omnia
1650 1265 1839 1310 exacte

235 1333 567 1401 didicerunt,
590 1351 712 1392 cum
738 1352 767 1393 a
794 1340 996 1396 cmlesti
1022 1342 1298 1414 disciplina
1314 1344 1629 1415 penderent.
1654 1345 1840 1416 Neque

228 1429 367 1482 'vero
396 1436 688 1484 cantemus
709 1440 792 1486 est
821 1431 1192 1489 horum'tenus
1217 1436 1493 1506 profanam
1521 1437 1836 1508 sapientiam

236 1518 512 1587 incusare,
541 1521 636 1576 sed
681 1531 734 1577 et
771 1523 876 1577 alia
914 1524 1072 1594 plura
1118 1519 1427 1598 subjungit,
1476 1529 1660 1585 dicens
1694 1548 1707 1585 :
1737 1529 1839 1585 Sa-

232 1611 429 1683 pientia
458 1615 611 1686 hujus
630 1618 805 1670 mundi
833 1610 1047 1672 stultitia
1071 1630 1146 1674 est
1172 1615 1313 1691 apud
1334 1618 1503 1677 Deum
1526 1623 1605 1696 (Ι.
1630 1623 1750 1682 Cor.
1778 1627 1833 1681 '5.

240 1704 352 1776 l9);
378 1715 434 1760 et
454 1707 731 1763 auditores
761 1724 948 1765 rursus
970 1706 1261 1767 adhortans
1286 1729 1407 1768 enm
1435 1724 1748 1787 contemptu
1773 1733 1836 1773 ac

223 1797 579 1853 'vehementia
606 1798 817 1856 dicebat
841 1819 854 1857 :
880 1803 942 1857 Si
964 1804 1074 1873 quis
1098 1805 1233 1858 enim
1250 1806 1469 1874 videtur,
1497 1808 1686 1878 inquit,
1706 1810 1838 1864 inter

228 1898 320 1943 vos
346 1890 553 1960 sapiens
583 1893 759 1947 essein
784 1893 880 1948 hoc
919 1896 1127 1963 seculo,
1165 1892 1349 1952 stultus
1385 1899 1507 1967 ﬁat,
1546 1909 1603 1952 ut
1646 1901 1709 1954 sit
1751 1917 1838 1954 sa-

236 1981 383 2049 piens
408 1980 521 2051 (Ib.
547 2000 592 2037 v.
627 1982 747 2056 18);
771 1993 825 2039 et
854 2001 1062 2054 rursus,
1094 1988 1356 2059 Scriptum
1385 2000 1478 2055 est,
1505 1989 1728 2045 Perdant
1752 2010 1836 2046 sa-

235 2072 488 2139 pientiam
514 2076 823 2146 sapientum,
853 2088 901 2133 et
948 2080 1273 2151 prudentiam
1318 2084 1622 2154 prudentum
1653 2102 1831 2155 repro-

235 2164 364 2218 babo
400 2165 483 2236 (l.
507 2166 627 2223 Cor.
652 2168 849 2240 1.19);
878 2180 932 2225 et
963 2186 1168 2239 rursus,
1199 2172 1451 2229 Dominus
1479 2176 1616 2229 nouit
1644 2177 1836 2248 cogita-

236 2256 399 2310 tiones
425 2258 707 2325 hominum,
731 2262 969 2333 quoniam
997 2279 1140 2319 vana:
1157 2275 1273 2319 sunt
1302 2265 1378 2337 (1.
1408 2265 1525 2321 Cor.
1554 2267 1608 2322 5.
1639 2266 1757 2340 20).

307 2348 362 2403 6.
406 2351 486 2404 Ac
513 2351 772 2421 sapientia
799 2353 1012 2423 quidem
1041 2355 1293 2425 praeditos
1327 2355 1491 2413 fuisse
1521 2358 1828 2415 Corinthios

234 2454 303 2493 ex
346 2439 431 2495 his
467 2440 667 2511 liquet;
714 2457 808 2498 eos
836 2453 1014 2500 autem
1045 2447 1305 2516 superbos
1344 2449 1503 2503 fuisse
1530 2459 1690 2520 atque
1718 2452 1835 2504 ani-

236 2533 341 2586 mis
368 2532 584 2587 inﬁatos
611 2548 679 2589 ex
720 2534 911 2591 eadem
946 2538 1171 2606 epistola
1200 2539 1539 2594 manifestum
1569 2550 1669 2595 est.
1698 2541 1832 2596 Cum

226 2623 380 2678 enim
404 2624 611 2693 uSpiam
633 2640 755 2680 eum
777 2626 866 2696 qui
897 2626 1190 2683 fornicatus
1213 2640 1348 2696 erat,
1377 2631 1831 2702 reprehendisset,

233 2713 437 2783 adjecit
490 2713 675 2770 dicens
706 2733 721 2771 :
749 2715 818 2770 Et
865 2734 954 2771 vos
1008 2718 1178 2789 inﬂati
1226 2721 1344 2775 estis
1394 2722 1470 2792 (1.
1513 2721 1635 2778 Cor.
1663 2724 1717 2779 5.
1748 2723 1829 2794 ‘2).

228 2804 405 2860 Porro
427 2820 547 2875 pra:
573 2802 733 2862 nimia
761 2811 1066 2879 arrogantia
1097 2811 1235 2866 inter
1257 2826 1316 2866 se
1340 2812 1461 2868 illos
1489 2814 1832 2871 contendisse

232 2910 297 2950 ac
319 2896 567 2967 jurgatos
613 2912 733 2953 esse
778 2914 966 2955 rursus
1015 2901 1286 2969 indicavit,
1328 2919 1449 2959 cum
1494 2904 1832 2962 dixittCum

230 2988 366 3040 enim
393 2992 459 3042 sit
487 2988 618 3042 inter
633 3004 720 3044 vos
745 2993 1016 3059 contentio,
1044 3003 1091 3046 et
1114 2995 1273 3061 zelus,
1306 3005 1352 3049 et
1390 2996 1630 3063 dissidia,
1668 3015 1833 3054 nonne

229 3081 466 3135 carnales
485 3082 624 3148 estis,
640 3091 686 3137 et
704 3084 982 3137 secundum
999 3085 1255 3141 hominem
1265 3088 1533 3143 ambulatis
1549 3090 1627 3160 (1.
1641 3089 1759 3145 Cor.
1774 3092 1828 3145 5.

230 3171 330 3239 5)?
357 3171 615 3238 Quisnam
644 3182 821 3229 autem
849 3174 950 3230 fuit
991 3178 1349 3233 contentionis
1376 3178 1465 3235 ille
1509 3180 1742 3236 modus?
1774 3181 1828 3236 In

228 3262 413 3317 varios
443 3277 504 3318 se
539 3272 780 3321 rectores
821 3281 886 3320 ac
917 3267 1183 3338 principes
1208 3267 1535 3335 dividebant,
1564 3280 1725 3342 atque
1752 3272 1832 3327 id-

228 3354 381 3408 circo
418 3353 593 3410 dicit:
624 3353 737 3410 Hoc
783 3367 951 3411 autem
993 3359 1126 3425 dico,
1176 3361 1312 3430 quod
1358 3362 1697 3434 unusquisque
1742 3368 1829 3418 've—

228 3455 397 3501 strum
425 3445 570 3515 dicit,
615 3447 729 3519 Ego
780 3466 892 3505 sum
941 3449 1119 3520 Pauli,
1171 3470 1262 3523 ego
1300 3464 1467 3508 autem
1493 3455 1699 3525 Apollo,
1736 3472 1829 3527 ego

228 3553 349 3592 vero
377 3537 565 3609 Cepha:
593 3540 669 3611 (1.
704 3539 825 3594 Cor.
856 3543 908 3596 1.
954 3542 1067 3613 12).
1102 3543 1230 3599 ΙΙωο
1267 3553 1443 3599 autem
1485 3545 1693 3601 dicebat
1720 3561 1828 3601 non

229 3630 376 3699 quod
417 3630 582 3685 Paulo
618 3642 672 3687 et
698 3632 897 3703 Cepha:
925 3641 979 3689 et
1021 3636 1213 3705 Apollo
1251 3652 1309 3691 se
1337 3638 1708 3707 attribuerent,
1733 3640 1826 3695 sed

227 3719 316 3774 his
347 3721 656 3776 nominibus
682 3723 934 3794 obtegere
961 3724 1133 3780 voluit
1166 3740 1282 3794 eos,
1306 3729 1395 3796 qui
1421 3728 1701 3783 seditionis
1728 3744 1823 3784 au-

224 3822 410 3867 ctores
430 3812 663 3881 fuerant,
694 3830 763 3869 ne
787 3816 830 3869 si
861 3830 955 3870 eos
976 3816 1357 3884 manifestaret,
1383 3820 1827 3876 contentiosiorcs

221 3914 393 3975 atque
430 3906 569 3960 adeo
594 3907 1017 3978 impudentiores
1040 3910 1309 3966 redderet.
1340 3912 1457 3967 Non
1484 3914 1625 3968 enim
1661 3914 1827 3970 Paulo

226 4008 283 4051 et
313 3996 478 4051 Petro
517 4007 575 4053 et
602 4000 793 4069 Apollo
817 4002 1023 4072 seipsos
1060 4003 1180 4058 illos
1210 4004 1538 4072 attribuisse,
1585 4006 1676 4061 sed
1706 4006 1824 4062 aliis

226 4088 576 4157 quibusdam,
621 4106 687 4146 ex
714 4092 799 4147 his
825 4110 945 4163 qua:
973 4106 1270 4165 sequuntur
1298 4097 1482 4168 liquet.
1522 4098 1653 4153 Cum
1681 4101 1822 4155 enim

225 4179 378 4251 ipsos
422 4192 643 4250 propter
681 4183 780 4238 hoc
814 4184 1093 4240 dissidium
1132 4188 1463 4258 castigasset,
1506 4205 1691 4246 rursus
1727 4192 1824 4246 ad-

219 4272 403 4341 junxit
427 4272 612 4328 dicens
637 4273 799 4329 :Htec
827 4286 1011 4343 autem,
1044 4282 1247 4345 fratres,
1282 4281 1644 4351 trans/iguran
1669 4284 1720 4337 in
1747 4301 1825 4338 me

225 4374 277 4418 et
304 4365 494 4436 Apollo
537 4378 746 4437 prapter
784 4385 890 4436 vos,
944 4380 998 4425 ut
1037 4372 1092 4426 in
1133 4373 1270 4426 vobis
1297 4373 1524 4441 dissatis,
1570 4392 1633 4430 ne
1667 4393 1825 4447 supra

222 4474 383 4526 quam
416 4460 663 4531 scriptum
687 4470 760 4516 est
798 4465 1030 4533 sapiatis,
1064 4482 1128 4519 ne
1165 4482 1297 4521 unus
1336 4466 1578 4522 adversus
1607 4469 1824 4524 alterum

221 4553 437 4621 inﬂetur
467 4569 559 4622 pro
588 4554 691 4609 alio
722 4555 797 4626 (Ι.
830 4556 947 4612 Cor.
979 4558 1034 4614 4.
1065 4560 1141 4629 6).
1185 4560 1334 4615 Multi
1362 4562 1505 4617 enim
1551 4577 1614 4618 ex
1649 4563 1821 4635 impe-

221 4645 344 4699 ritis
376 4660 497 4699 cum
529 4662 637 4701 non
667 4660 886 4718 possent
915 4667 982 4706 ex
1025 4651 1336 4709 domesticis
1372 4655 1578 4711 meritis
1618 4657 1818 4723 efferri,

218 4751 403 4805 neque
428 4737 703 4806 proximos
723 4738 970 4795 insectari
997 4756 1061 4797 ac
1082 4743 1347 4811 mordere,
1377 4760 1499 4800 cum
1530 4746 1630 4802 sibi
1656 4762 1821 4818 quos-

217 4828 347 4882 dam
387 4829 659 4899 principes
687 4845 751 4885 ac
779 4841 1017 4888 rectores
1048 4834 1432 4904 praefecissem,
1465 4838 1678 4893 illorum
1708 4856 1823 4896 me-

220 4920 345 4973 ritis
384 4934 451 4973 ac
473 4920 757 4977 virtutibus
783 4922 850 4976 ad
882 4922 1075 4979 fastum
1103 4935 1157 4981 et
1194 4926 1532 4983 insolentiam
1561 4929 1821 4986 adversus

214 5011 357 5064 alios
393 5011 700 5079 utebantur,
724 5023 779 5069 et
799 5031 862 5070 ex
886 5031 1094 5084 eorum,
1119 5034 1147 5072 a
1168 5019 1361 5089 quibus
1384 5020 1559 5076 edocti
1586 5021 1816 5091 fuerant,

216 5100 491 5171 sapientia
542 5105 881 5161 occasionem
931 5111 1249 5180 arrogantiae
1286 5112 1545 5168 adversus
1593 5122 1819 5171 cmteros

216 5195 558 5263 arripiebant
582 5214 595 5250 :
618 5197 758 5267 quod
780 5200 973 5254 summi
995 5209 1050 5256 et
1075 5202 1246 5255 insani
1266 5203 1449 5273 gloria:
1470 5205 1670 5260 amoris
1697 5207 1815 5274 fuit,

218 5301 344 5340 cum
380 5288 414 5341 ii
443 5289 535 5357 qui
563 5291 789 5360 propriis
814 5293 1021 5348 meritis
1044 5294 1259 5364 gloriari
1288 5311 1392 5351 non
1415 5306 1652 5366 possent,
1687 5299 1822 5356 alio-

220 5394 343 5433 rum
385 5382 705 5438 excellentia
746 5383 812 5438 ad
841 5386 1175 5455 insolentiam
1200 5398 1673 5461 contemptumque
1711 5392 1818 5447 fra-

220 5481 366 5526 trum
407 5472 777 5531 abuterentur.
821 5477 1083 5546 Quoniam
1123 5481 1282 5551 igitur
1321 5491 1374 5536 et
1418 5483 1471 5537 in
1513 5484 1817 5552 superbiam

220 5566 346 5619 elati
372 5578 548 5634 erant,
572 5578 623 5623 et
644 5578 782 5625 mter
804 5587 862 5625 se
882 5571 1230 5639 dissidebant,
1255 5586 1412 5645 atque
1433 5577 1485 5630 in
1507 5577 1678 5631 varias
1696 5592 1819 5646 par-

223 5671 307 5715 tes
336 5664 543 5731 seipsos
586 5662 901 5729 diviserant,
939 5674 994 5721 et
1040 5677 1257 5737 prOpter
1283 5668 1579 5724 doctrinam
1618 5668 1815 5739 gloria-

221 5750 444 5822 bantur,
476 5763 743 5827 tamquam
773 5756 987 5829 pr0pria
1009 5758 1149 5815 illam
1179 5759 1435 5817 industria
1468 5760 1567 5818 sibi
1595 5776 1811 5826 compa-

862 302 929 359 ΙΝ
968 303 1190 375 HJLUD,
1232 300 1501 367 PAULUS
1540 307 1874 371 VOCATUS.
1919 314 2008 372 ET
2038 316 2133 372 DE
2174 317 2433 376 MUTAT.
2472 320 2802 379 NOMINUM.
2846 323 2934 379 IV.

3438 328 3547 386 15}

1959 438 2190 496 rassent,
2220 445 2395 501 neque
2431 432 2645 487 coalitus
2688 448 2752 488 ac
2786 433 2962 489 divina
3010 449 3077 490 ex
3107 434 3276 504 gratia
3308 436 3547 491 veritatis

1956 518 2203 590 dogmata
2243 524 2588 593 recepissent,
2625 525 2809 587 volens
2847 541 3032 581 eorum
3065 534 3327 581 tumorem
3365 542 3429 582 ac
3461 527 3544 582 fa-

1956 621 2099 665 stum
2139 611 2457 680 reprimere,
2492 616 2669 669 statim
2698 630 2727 668 a
2756 616 3019 686 principio
3048 617 3281 687 seipsmn
3312 628 3543 673 vocatum

1952 702 2261 771 appellavit,
2294 702 2396 759 hoc
2418 706 2804 774 propemodum
2828 708 3013 762 dicens
3038 727 3051 763 :
3075 707 3129 762 Si
3159 723 3259 779 ego
3289 711 3544 781 magister

1953 793 2084 848 nihil
2136 811 2254 850 mea
2313 796 2572 852 industria
2616 798 2886 864 adinveni,
2920 815 3095 870 neque
3135 800 3283 871 prior
3322 801 3435 870 ipse
3476 791 3545 856 ad

1955 884 2120 940 Deum
2147 888 2374 955 accessi,
2411 888 2505 943 sed
2532 903 2654 944 cum
2684 899 2907 945 vocatus
2944 904 3140 957 essem,
3172 899 3284 946 tum
3323 892 3540 948 demum

1952 974 2095 1031 dicto
2133 979 2357 1035 audiens
2398 980 2491 1045 fni,
2523 980 2791 1051 quomodo
2817 997 2913 1036 vos
2954 982 3221 1052 discipuli,
3264 983 3461 1054 quique
3510 1001 3538 1035 a

1950 1084 2038 1125 me
2070 1069 2319 1141 dogmata
2363 1071 2665 1142 accepistis,
2710 1073 2990 1144 superbire
3034 1076 3277 1145 potestis,
3317 1075 3541 1145 perinde

1949 1162 2099 1231 quasi
2125 1162 2407 1218 adinventa
2436 1164 2552 1219 hcce
2576 1180 2604 1218 a
2629 1165 2780 1219 vobis
2810 1166 3072 1221 fuissent?
3098 1166 3361 1233 Quocirca
3390 1168 3535 1236 prius

1946 1254 2107 1308 etiam
2135 1254 2345 1309 diccbat
2367 1250 2468 1311 illis
2496 1275 2510 1310 :
2539 1256 2665 1323 Quis
2693 1257 2824 1311 enim
2849 1267 2895 1311 te
2923 1258 3203 1312 discernit?
3224 1259 3347 1329 quid
3372 1271 3541 1312 autem

1949 1346 2119 1410 habes,
2164 1347 2302 1416 quod
2346 1364 2448 1401 non
2494 1349 2770 1419 accepisti?
2818 1348 2878 1403 Si
2915 1360 3085 1403 autem
3123 1350 3378 1420 accepisti,
3414 1350 3536 1421 quid

1947 1436 2204 1507 gloriaris,
2228 1438 2372 1507 quasi
2403 1454 2502 1491 non
2530 1439 2784 1508 acceperis
2816 1439 2893 1507 (l.
2919 1437 3037 1494 Cor.
3068 1441 3121 1494 4.
3154 1439 3249 1511 7)?

2018 1526 2197 1581 Prima
2227 1531 2309 1583 lea:
2337 1528 2654 1585 humilitatis.
2674 1560 2747 1570 —
2765 1530 2909 1585 Nihil
2932 1532 3089 1601 igitur
3115 1533 3256 1586 aliud
3287 1542 3368 1588 cst
3398 1532 3535 1588 istud

1946 1619 2259 1675 vocabulum
2297 1619 2536 1687 Vocatus,
2570 1621 2669 1677 nisi
2700 1622 2982 1692 disciplina
3022 1623 3338 1678 humilitatis
3369 1634 3424 1679 et
3451 1624 3533 1678 fa-

1944 1722 2059 1763 SlltS
2097 1709 2374 1781 depressio
2408 1722 2462 1767 et
2486 1703 2665 1767 omnis
2693 1716 3014 1784 arrogantiae
3058 1717 3328 1786 repressio
3361 1735 3373 1770 :
3402 1716 3531 1771 nihil

1943 1799 2087 1853 enim
2121 1809 2210 1855 ‘est
2247 1800 2387 1871 quod
2416 1817 2515 1858 nos
2545 1805 2617 1857 ita
2644 1802 2924 1859 continere
2966 1819 3030 1859 ac
3058 1806 3314 1861 cohibere
3343 1808 3529 1875 possit,

1945 1900 2002 1944 ut
2031 1890 2322 1957 humilitas,
2350 1902 2404 1948 et
2434 1892 2712 1949 moderate
2752 1909 2931 1965 agere,
2962 1911 3024 1950 ac
3056 1896 3356 1950 modestum
3388 1912 3532 1957 esse.

1942 1980 2177 2052 nihilque
2205 1983 2274 2039 de
2301 1999 2361 2039 se
2384 2000 2633 2055 magnum
2655 1986 2834 2040 animo
2866 1986 3085 2056 ﬁngere.
3113 1986 3265 2053 Quod
3295 1996 3348 2042 et
3375 1987 3532 2042 Chri-

1942 2081 2056 2127 stus
2073 2071 2372 2146 intelligens
2397 2090 2459 2130 ac
2484 2076 2813 2146 spiritualem
2839 2077 2981 2131 illam
2999 2076 3294 2131 doctrinam
3320 2077 3531 2132 tradere

1942 2163 2224 2235 incipiens,
2262 2180 2293 2220 a
2332 2165 2702 2221 cohortatione
2751 2166 2815 2219 ad
2863 2166 3216 2221 humilitatem
3253 2168 3397 2221 illam
3444 2169 3528 2221 in-

1941 2253 2180 2321 choavit,
2209 2264 2370 2327 atque
2395 2271 2457 2311 os
2496 2258 2744 2328 aperiens
2775 2258 3004 2328 primum
3045 2259 3165 2313 tulit
3191 2258 3327 2313 hanc
3354 2259 3527 2328 legem

1942 2348 2013 2402 ita
2048 2347 2233 2403 dicens
2262 2368 2275 2401 :
2302 2349 2447 2404 Beati
2472 2367 2717 2421 pauperes
2744 2352 2925 2422 spiritu
2950 2348 3165 2422 (Matth.
3197 2351 3249 2406 5.
3284 2352 3363 2421 '5).
3395 2350 3527 2407 Nam

1939 2440 2385 2509 quemadmodum
2434 2442 2478 2495 is
2522 2443 2613 2512 qui
2668 2458 2887 2512 magnas
2929 2451 2983 2496 et
3026 2442 3334 2512 magnificas
3383 2441 3528 2497 mdes

1940 2531 2100 2586 fuerit
2123 2532 2503 2599 aediﬁcaturus,
2526 2533 2849 2589 conveniens
2864 2533 2997 2603 jacit
3021 2532 3446 2597 fundamentum,
3470 2543 3529 2588 nt

1938 2638 2078 2690 eam,
2110 2639 2228 2694 quae
2258 2634 2446 2694 postea
2474 2624 2802 2695 imponetur,
2828 2625 3025 2680 molem
3055 2626 3195 2680 ferre
3224 2625 3393 2696 possit
3417 2642 3430 2678 :
3455 2626 3525 2681 ita

1940 2718 2190 2772 nimirum
2219 2717 2379 2773 etiam
2413 2717 2680 2786 Christus,
2713 2733 2835 2772 cum
2868 2719 3054 2788 ingens
3083 2717 3216 2772 illud
3240 2717 3523 2772 aediﬁcium

1940 2806 2292 2878 philosophia:
2323 2808 2374 2862 in
2420 2808 2632 2863 illorum
2663 2807 2942 2862 animabus
2972 2808 3223 2877 erigeret,
3252 2816 3524 2878 tamquam

1938 2897 2364 2965 fundamentum,
2391 2908 2446 2954 et
2474 2899 2708 2955 carinam
2739 2909 2794 2954 et
2819 2899 2987 2953 basim
3020 2898 3227 2953 firmam
3255 2907 3309 2954 et
3334 2899 3529 2953 immo-

1936 2989 2121 3057 bilem,
2155 2990 2583 3046 cohortationem
2636 2991 2949 3045 humilitatis
2988 2990 3139 3060 ponit
3177 2991 3359 3061 prius;
3402 3007 3523 3045 cum

1938 3082 2104 3152 probe
2125 3084 2353 3149 noverit,
2382 3092 2662 3153 postquam
2686 3082 2804 3137 hanc
2828 3082 2881 3137 in
2917 3082 3219 3137 auditorum
3254 3083 3527 3137 mentibus

1937 3174 2143 3230 radices
2180 3175 2372 3245 egerit,
2406 3173 2610 3244 reliqua
2646 3174 2826 3229 omnia
2853 3172 3107 3228 virtutum
3130 3188 3326 3244 genera
3353 3173 3524 3228 ardiﬁ-
3613 3235 3619 3242 _

1935 3269 2045 3323 cari
2077 3276 2191 3323 tuto
2227 3283 2407 3339 posse.
2439 3268 2507 3324 Ut
2552 3268 2710 3335 igitur
2739 3268 2784 3323 si
2824 3267 2941 3322 lucc
2969 3268 3218 3334 defuerit,
3249 3267 3376 3322 licet
3403 3267 3528 3322 reli-

1935 3374 2070 3429 quas
2097 3374 2285 3414 omnes
2310 3360 2535 3414 virtutes
2561 3360 2680 3429 quis
2700 3373 2863 3429 opere
2892 3358 3008 3428 ipso
3034 3358 3304 3425 exhibeat,
3329 3358 3525 3413 frustra

1935 3459 1990 3506 ct
2015 3451 2282 3505 incassum
2308 3466 2373 3507 ac
2419 3451 2537 3506 sine
2565 3451 2675 3505 ullo
2706 3450 2879 3505 fructu
2919 3451 3129 3505 labores
3157 3451 3414 3520 suscepit,
3448 3450 3523 3504 illi

1936 3542 2249 3612 persimilis,
2303 3541 2393 3613 qui
2440 3542 2659 3596 domum
2709 3556 2859 3595 suam
2911 3555 3075 3611 super
3120 3555 3338 3595 arenam
3390 3556 3524 3595 con-

1934 3636 2148 3704 struxit,
2180 3637 2269 3707 qui
2303 3635 2541 3690 laborcm
2572 3635 2786 3706 quidem
2811 3634 3120 3700 exantlavit,
3151 3642 3410 3703 quaastum
3430 3648 3527 3686 au-

1933 3739 2044 3784 tem
2070 3730 2270 3784 nnlhnn
2298 3728 2443 3794 fecit,
2473 3738 2753 3798 propterea
2788 3726 2929 3796 quod
2961 3726 3171 3780 ﬁrmmn
3200 3725 3520 3781 fundamen-

1936 3830 2046 3875 tum
2094 3821 2314 3875 minime
2346 3820 2478 3889 jecit
2519 3817 2733 3890 (Matth.
2784 3818 2838 3871 7.
2887 3817 2977 3871 26.
3010 3818 3102 3889 27)
3131 3834 3144 3871 :
3177 3818 3249 3872 ita
3287 3818 3526 3888 quisquis

1933 3914 2136 3983 absque
2165 3912 2466 3967 humilitate
2496 3910 2708 3981 quidvis
2736 3911 2860 3965 boni
2889 3911 3111 3981 peragit,
3144 3913 3323 3966 omnia
3352 3910 3526 3981 perdit

1931 4022 1995 4062 ac
2017 4005 2259 4061 destruit.
2292 4004 2657 4059 Humilitatem
2687 4013 2863 4059 autem
2885 4003 3025 4070 dico,
3056 4020 3160 4058 non
3187 4019 3304 4059 eam
3326 4019 3444 4074 quae
3467 4005 3517 4058 in

1930 4096 2128 4162 verbis,
2158 4110 2331 4165 neque
2355 4109 2475 4165 qua:
2516 4094 2567 4148 in
2616 4093 2813 4163 lingua,
2839 4093 2935 4149 sed
2969 4109 3089 4163 quae
3132 4094 3183 4147 in
3230 4102 3431 4160 mente,
3465 4094 3516 4147 in

1931 4187 2130 4253 anima,
2174 4186 2229 4240 in
2271 4185 2597 4241 conscientia
2627 4185 2727 4240 sita
2762 4194 2865 4249 est,
2914 4200 3073 4254 quam
3118 4184 3263 4238 solus
3295 4197 3519 4239 cernere

1931 4281 2073 4336 Deus
2104 4287 2296 4349 potest.
2327 4277 2535 4334 Sufficit
2559 4292 2721 4332 unum
2748 4275 2887 4331 istud
2918 4276 3138 4347 bonum,
3169 4276 3214 4330 si
3237 4276 3317 4330 vel
3346 4276 3516 4330 solum

1932 4387 2302 4444 saepenumero
2349 4380 2625 4441 appareat,
2669 4378 2725 4424 ut
2764 4370 3051 4440 propitium
3095 4370 3264 4423 Deum
3310 4368 3517 4423 reddat.

1930 4468 2107 4537 Atque
2146 4465 2250 4520 hoc
2277 4463 2589 4534 publicanus
2607 4461 2882 4517 ostendit:
2912 4462 3001 4533 qui
3043 4477 3165 4516 cum
3197 4462 3320 4517 boni
3352 4461 3514 4517 habe-

1930 4568 2012 4614 ret
2051 4556 2201 4621 nihil,
2242 4570 2416 4626 neque
2463 4566 2610 4609 recte
2651 4554 2803 4609 lactis
2847 4553 3068 4624 insignis
3109 4562 3290 4622 posset
3323 4552 3513 4618 videri,

1928 4665 2049 4705 cum
2080 4646 2419 4703 solummodo
2460 4646 2709 4712 dixisset,
2745 4644 3011 4713 PrOpitius
3038 4656 3141 4699 esto
3181 4644 3306 4697 mihi
3335 4661 3503 4714 pecca-

1930 4742 2027 4796 tori
2058 4739 2207 4814 (Luc.
2236 4739 2323 4795 18.
2354 4739 2468 4810 15),
2501 4738 2677 4807 potius
2697 4752 2856 4807 quam
2879 4735 3514 4806 Pharismusjustiﬁcatns

1928 4832 2225 4897 descendit,
2260 4830 2471 4885 tametsi
2512 4844 2619 4884 non
2660 4828 2975 4884 humilitatis
3014 4836 3169 4883 erant
3212 4828 3300 4881 illa
3326 4828 3513 4895 verba,

1928 4925 2021 4982 sed
2051 4924 2325 4980 modestia:
2359 4931 2412 4978 ct
2442 4921 2708 4992 aequitatis
2738 4929 2963 4975 tantum.
2991 4918 3263 4988 Siquidem
3294 4918 3512 4973 humili-

1929 5018 2054 5072 tatis
2083 5023 2188 5079 est,
2219 5030 2338 5068 cum
2370 5013 2488 5083 quis
2533 5026 2843 5081 magnarum
2875 5025 2905 5063 a
2950 5025 3010 5065 se
3036 5018 3304 5079 gestarum
3332 5026 3511 5064 rerum

1926 5112 2176 5169 conscius
2220 5109 2350 5163 nihil
2378 5108 2447 5163 de
2491 5122 2551 5163 se
2582 5104 2920 5176 magniﬁcum
2964 5104 3145 5157 animo
3172 5103 3323 5174 ﬁngit
3351 5117 3509 5160 :mo-

1925 5204 2095 5261 destia
2125 5217 2253 5256 vero
2281 5209 2336 5256 et
2354 5200 2596 5269 aequitas,
2624 5212 2746 5252 cum
2770 5196 2833 5260 is,
2857 5195 2946 5264 qui
2973 5202 3219 5265 peccator
3239 5202 3341 5259 est,
3369 5193 3511 5248 istud

1926 5299 2099 5369 ipsum
2122 5293 2337 5349 fatetur.
2363 5291 2514 5360 Quod
2544 5291 2587 5344 si
2619 5290 2685 5354 is,
2717 5289 2806 5359 qui
2838 5287 2968 5342 nihil
2995 5302 3025 5341 a
3054 5302 3114 5342 se
3142 5287 3267 5342 boni
3292 5296 3501 5357 gestum

1927 5397 2168 5452 noverat,
2195 5386 2447 5457 quoniam
2480 5383 2532 5438 id
2560 5381 2701 5453 quod
2729 5390 2846 5436 erat
2884 5377 3159 5435 confessus
3183 5388 3281 5443 est,
3308 5380 3379 5432 ita
3405 5379 3506 5433 sibi

1927 5482 2020 5537 Dei
2062 5478 2484 5535 benevolentiam
2523 5472 2863 5530 conciliavit:
2894 5481 3145 5541 quantam
3198 5470 3339 5540 apud
3377 5486 3500 5525 eum

1924 5573 2168 5629 ﬁduciam
2219 5568 2537 5625 obtinebunt
2577 5565 2633 5633 ii,
2666 5563 2903 5633 quicum
2944 5560 3107 5616 multa
3145 5575 3241 5614 sua
3286 5570 3506 5629 possent

1923 5676 2345 5721 commemorare
2394 5657 2648 5730 praeclara
2698 5656 2953 5719 facinora,
2997 5651 3210 5706 illorum
3263 5651 3500 5704 omnium

1929 5757 2077 5813 obliti
2133 5769 2250 5811 sese
2309 5754 2359 5808 in
2417 5762 2695 5806 numerum
2735 5744 3015 5817 rejccerint
3071 5745 3502 5815 postremormn?
