3964 6342
452 318 558 373 15.“;

454 457 608 529 Quod
637 457 818 526 utique
853 451 1047 508 Paulus
1092 463 1305 519 quoque
1345 445 1468 500 fecit
1502 461 1515 498 :
1543 458 1666 498 cum
1695 443 1840 497 enim
1869 443 2044 507 justo-

455 565 572 604 rum
601 547 839 602 omnium
869 545 1070 613 primus
1100 551 1263 598 esset.
1304 533 1531 606 primhm
1578 550 1638 590 se
1675 549 1796 588 esse
1835 534 2048 587 dicebat

458 647 796 712 peccatorum
841 635 916 708 (1.
955 633 1088 688 Tim.
1117 634 1169 687 1.
1201 630 1327 699 15);
1375 642 1549 698 neque
1595 625 1806 680 dicebat
1851 624 2047 685 Solum,

457 732 551 786 sed
596 740 651 784 et
676 728 948 792 credebat,
981 740 1101 780 cum
1131 740 1157 776 a
1209 730 1543 790 praeceptore
1574 719 1870 780 didicisset,
1904 727 2052 788 pnsl-

459 840 616 892 quam
640 820 818 876 omnia
845 817 1144 878 fecerimus,
1171 813 1368 868 debere
1390 827 1489 866 nos
1511 825 1695 865 servos
1717 810 1928 863 inutiles
1955 823 2051 860 nos

461 931 654 970 vocare
683 912 833 985 (Luc.
867 911 952 965 17.
991 911 1100 978 10).
1133 908 1274 961 Istud
1307 915 1390 959 est
1417 904 1708 968 humilitas,
1739 903 1896 956 istum
1929 902 2045 954 imi-

463 1006 647 1062 temini
696 1006 787 1074 qui
837 1013 980 1059 recte
1031 1001 1184 1055 factis
1233 999 1468 1067 insignes
1514 997 1664 1061 estis,
1707 994 2048 1066 publicanum

459 1117 588 1155 vero
615 1115 710 1155 vos
739 1099 829 1168 qui
876 1105 1212 1167 peceatorqu
1253 1092 1393 1162 pleni
1424 1090 1587 1144 estis:
1612 1096 1665 1141 et
1699 1087 2054 1141 confiteantur

458 1194 602 1262 quod
656 1208 861 1252 sumus,
903 1188 1263 1259 percutiamus
1294 1193 1498 1253 pectus,
1535 1190 1589 1236 et
1637 1179 1800 1234 menti
1855 1187 2054 1232 nostra:

462 1285 900 1354 persuadeamus,
937 1289 997 1334 ut
1033 1277 1163 1333 nihil
1207 1290 1457 1345 magnum
1495 1274 1561 1328 de
1601 1289 1658 1327 se
1687 1270 1969 1339 concipiat.
1998 1268 2052 1323 Si

461 1380 604 1431 enim
645 1379 716 1430 ita
744 1375 1002 1429 fuerimus
1028 1371 1226 1435 affecti,
1257 1367 1453 1422 sufficit
1485 1367 1585 1419 hoc
1618 1364 1770 1418 nobis
1809 1361 1874 1416 ad
1904 1361 2053 1415 obla-

461 1472 660 1526 tionem
680 1479 732 1524 et
758 1467 1076 1522 sacrificium
1103 1480 1118 1518 :
1149 1465 1286 1519 sicut
1314 1471 1371 1517 et
1396 1459 1559 1516 David
1592 1458 1801 1513 dicebat
1831 1474 1843 1510 :
1877 1455 2055 1511 Sacri-

455 1561 634 1624 ﬁcium
663 1561 766 1615 Deo
793 1561 1000 1630 spiritus
1029 1556 1440 1616 contribulatus;
1465 1569 1551 1604 cor
1578 1550 1851 1604 contritum
1878 1557 1925 1602 et
1962 1549 2058 1601 hu-

461 1658 712 1711 miliatum
740 1654 878 1708 Deus
907 1671 1007 1706 non
1035 1650 1274 1722 despiciet
1311 1646 1483 1720 (Psal.
1515 1646 1603 1701 50.
1637 1643 1746 1712 19).
1783 1642 1897 1696 Non
1926 1642 2056 1696 sitn-

463 1751 673 1822 pliciter
711 1749 848 1803 dixit
891 1748 1213 1801 humiliatum
1242 1787 1256 1810 ,
1304 1742 1398 1797 sed
1452 1752 1507 1796 et
1561 1743 1868 1802 contritum;
1910 1737 2053 1807 quod

465 1843 609 1898 enim
661 1852 744 1896 est
789 1842 1099 1904 contritum,
1153 1835 1485 1892 ceitfractum
1533 1841 1656 1887 est:
1695 1845 1868 1899 neque
1915 1828 2058 1882 enim

464 1943 661 2005 potest,
709 1932 1054 2002 quantumvis
1093 1931 1293 1998 cupiat,
1343 1928 1540 1983 efferri.
1585 1925 1657 1980 Ita
1704 1940 1800 1977 nos
1847 1937 2062 1992 quoque

470 2043 574 2081 non
597 2027 938 2082 humilicmns
969 2036 1171 2080 tantum
1204 2025 1435 2078 animam
1469 2030 1728 2084 nostram,
1753 2017 1848 2073 sed
1877 2029 2061 2072 conte-

512 2238 540 2245 -
593 2237 616 2240 ——
673 2229 790 2245 -ε-ῖσ-

1179 312 1238 366 8.
1280 305 1558 365 JOANNIS
1595 302 2074 363 CIIRYSOSTOMI
2117 303 2439 358 ARCHIEP.
2479 303 3021 360 CONSTANTINOP.

1761 2235 2141 2246 ..-.——-.__.__—

3654 306 3744 360 1ἷὶξῖ

2155 454 2336 492 ramus
2381 438 2540 492 etiam
2585 446 2640 492 ct
2689 451 3111 506 eompungamus
3145 452 3157 489 :
3189 436 3488 490 conteritur
3536 446 3744 502 autem,

2157 533 2282 586 dum
2312 546 2529 585 suorum
2561 540 2818 600 perpetuo
2851 539 3194 600 peccatorum
3229 529 3566 584 recordatur.
3598 527 3652 582 Si
3687 531 3746 585 ita

2158 625 2300 679 illam
2337 622 2814 687 Immiliavcrimus,
2852 637 2918 676 ne
2964 621 3006 674 si
3035 621 3162 674 velit
3207 620 3421 689 quidem
3475 621 3526 672 in
3562 635 3741 688 supcr-

2159 719 2297 771 biam
2324 718 2452 788 erigi
2487 717 2701 786 poterit,
2731 716 2858 770 dum
2885 733 2913 768 a
2945 715 3269 770 conscientia
3304 724 3573 785 tamquam
3603 713 3749 769 freno

2157 809 2388 880 quodam
2435 821 2702 876 correpta,
2751 821 2819 861 ne
2858 823 2916 861 se
2964 807 3153 876 erigat,
3201 806 3542 877 reprimetur,
3590 815 3640 861 ct
3687 807 3747 861 ad

2160 903 2477 958 modestiam
2522 902 2838 957 servandam
2884 901 2936 954 in
2982 901 3228 954 omnibus
3258 900 3634 969 compclletur.
3679 899 3747 954 ita

2160 998 2454 1068 poterimus
2491 1005 2544 1050 et
2587 995 2726 1064 apud
2778 995 2944 1048 Demn
2982 994 3204 1063 gratiam
3238 992 3519 1046 invenire:
3554 992 3752 1058 Quanto

2160 1091 2300 1145 enim
2340 1092 2506 1162 major
2541 1106 2614 1153 cs,
2649 1089 2838 1158 inquit,
2886 1097 3024 1140 tanto
3068 1088 3228 1156 magis
3257 1087 3471 1156 teipsum
3519 1085 3747 1150 hinnitia,

2160 1193 2206 1236 ει
2234 1183 2452 1236 invenies
2489 1181 2705 1252 gratiam
2747 1179 2890 1250 apud
2929 1177 3093 1232 Deum
3122 1179 3307 1250 (Eccli.
3347 1180 3400 1233 5.
3434 1176 3550 1250 20).
3587 1179 3747 1233 Ροιτο

2162 1279 2248 1346 qui
2278 1277 2496 1346 gratiam
2527 1274 2666 1344 apud
2698 1274 2860 1328 Deum
2893 1273 3180 1336 invenerit,
3233 1272 3364 1326 nihil
3406 1273 3602 1328 sentiet
3640 1289 3750 1326 mo-

2164 1370 2353 1433 lestirc,
2389 1367 2479 1422 sed
2513 1379 2566 1421 et
2597 1368 2648 1420 in
2681 1366 2780 1419 hac
2807 1366 2912 1418 vita
2940 1365 3137 1434 poterit
3165 1381 3286 1418 eum
3318 1365 3407 1418 Dei
3431 1365 3600 1432 gratia
3627 1379 3752 1418 cun-

2164 1471 2247 1514 cta
2285 1460 2372 1513 illa
2421 1459 2645 1512 adversa
2696 1457 2852 1512 faciie
2891 1457 3240 1526 pertransirc,
3287 1471 3347 1508 ac
3397 1456 3660 1524 repositas
3703 1456 3753 1509 in

2164 1552 2328 1605 altera
2361 1551 2465 1604 vita
2500 1550 2869 1619 peccatoribus
2910 1563 3098 1618 poenas
3139 1547 3396 1615 effugere,
3429 1547 3758 1616 praecedente

2167 1645 2360 1712 ubique
2403 1643 2570 1714 gratia
2602 1643 2715 1706 Dei,
2759 1651 2814 1696 et
2859 1641 3038 1694 omnia
3086 1641 3158 1693 illi
3187 1640 3415 1710 propitia
3459 1648 3512 1694 et
3552 1640 3753 1708 placida

2168 1738 2426 1793 reddente
2460 1755 2473 1790 :
2501 1752 2659 1806 quam
2689 1735 2890 1788 utinam
2922 1748 3110 1787 omnes
3136 1733 3382 1788 obtinere
3414 1733 3678 1801 possimus
3707 1732 3758 1786 in

2167 1831 2380 1885 Christo
2406 1827 2535 1884 Jesu
2569 1827 2793 1881 Domino
2844 1833 3052 1888 nostro,
3099 1840 3195 1893 per
3223 1839 3377 1892 quem
3406 1832 3463 1877 et
3501 1837 3621 1875 cum
3649 1838 3755 1892 quo

2135 1970 2149 1986 ,
2173 1921 2314 1976 l’atri
2344 1921 2536 1990 gloria,
2569 1935 2671 1973 una
2716 1934 2836 1973 eum
2867 1928 3052 1971 sancto
3087 1916 3308 1986 Spiritu,
3344 1931 3484 1970 nunc
3511 1923 3570 1970 et
3610 1929 3756 1971 scm-

2173 2030 2288 2084 per,
2317 2013 2446 2068 etin
2477 2012 2674 2066 s:ccula
2702 2009 3044 2064 satculorum.
3076 2009 3270 2062 Amen.

1931 2431 2294 2502 MONITUM

585 2630 796 2691 Nullam
832 2635 947 2689 hmc
987 2634 1174 2690 concio
1209 2650 1318 2704 prie
1352 2648 1408 2686 se
1445 2630 1546 2685 fert
1581 2630 1838 2700 temporis
1876 2634 2082 2690 notam,
2113 2638 2218 2693 qua
2257 2621 2339 2675 vel
2367 2633 2542 2673 annus
2563 2613 2894 2685 deprehendi
2924 2611 3004 2665 vel
3034 2604 3330 2662 internosci
3356 2602 3538 2656 valeat
3563 2594 3745 2651 Antio-

515 2755 743 2818 chitene,
784 2769 851 2806 an
885 2751 1357 2820 CeustantinOpoli
1389 2749 1569 2803 habita
1605 2747 1786 2802 fuerit.
1817 2746 2082 2799 Cancrum
2111 2755 2301 2794 omnes
2331 2738 2456 2808 styli
2487 2744 2627 2791 notae
2664 2734 2752 2788 hic
2791 2731 3245 2800 Chrysostomum
3286 2729 3564 2776 auctorem
3615 2715 3755 2770 desi-

518 2872 719 2934 gnant;
755 2872 814 2917 ut
853 2864 1050 2917 mirum
1083 2863 1154 2917 sit
1187 2863 1364 2915 virum
1397 2861 1616 2914 doctum
1645 2869 1697 2912 et
1731 2867 2047 2912 accuratum
2084 2851 2460 2907 Hermantium
2503 2864 2622 2904 eam
2668 2846 2723 2900 in
2763 2842 2974 2905 νοθείας
3010 2838 3379 2912 suspicionem
3418 2844 3623 2888 vocare
3652 2843 3758 2882 non

520 2972 882 3041 dubitavisse,
915 2988 1075 3044 quem
1111 2973 1232 3027 ideo
1254 2971 1379 3042 jure
1409 2969 1604 3024 refellit
1628 2966 2031 3032 Tiliemontius,
2062 2972 2116 3019 et
2143 2962 2266 3031 styli
2286 2960 2613 3032 proprietate
2643 2963 2924 3024 permotus
2950 2961 3003 3006 et
3029 2948 3275 3018 Catalogi
3302 2942 3607 3016 Augustani
3642 2955 3762 3012 pcr-

484 3197 536 3204 -μ
559 3201 700 3210 --.η
726 3199 812 3206 ____.
841 3196 1506 3204 —_-_—————.__———————-—
1541 3196 1572 3200 _.
1609 3190 1809 3199 __..—.————

1083 3196 1444 3204 .__.———————

481 3287 543 3333 ΙΝ
590 3292 831 3334 DICTUM
862 3291 1050 3332 ILLUD
1077 3287 1400 3340 APOSTOLI,
1447 3285 1569 3327 NON
1601 3283 1805 3326 SOLUM
1837 3279 2077 3326 AUTEM.
2124 3275 2242 3318 SED
2286 3275 2367 3317 ET
2407 3272 2780 3317 GLORIAMUR
2825 3271 2890 3312 IN
2919 3267 3517 3322 TRIBULA'I‘IONIBCS,
3567 3266 3787 3310 δαεῖε-

815 3391 926 3432 'rcs
954 3391 1124 3443 quon
1167 3386 1552 3431 TRIBULATIO
1596 3381 1986 3426 PATIENTIAM
2029 3351 2367 3420 essanun
2405 3355 2422 3435 (
2457 3357 2634 3416 Rom.
2681 3354 2741 3414 5.
2773 3354 2890 3434 3),
2938 3373 3019 3414 ΕΤ
3063 3371 3338 3423 RELIQUA
3370 3351 3482 3431 (α).

1925 3503 2342 3558 eamme»

566 3644 616 3697 1.
660 3641 880 3695 Labores
911 3658 1002 3710 pro
1031 3640 1214 3693 virtute
1235 3636 1500 3692 subeundi.
1532 3665 1604 3676 —
1629 3632 1976 3689 Laboriosum
2002 3637 2084 3683 est

495 3735 708 3805 quidem
751 3733 1000 3802 agricolae
1039 3732 1203 3785 boves
1238 3733 1486 3799 jungere,
1526 3740 1800 3782 vomerem
1845 3723 2081 3784 trahere,

493 3827 702 3879 sulcum
728 3825 943 3886 ducere,
976 3824 1177 3878 semina
1218 3836 1492 3894 spargere,
1526 3819 1773 3891 hyemem
1789 3815 1948 3880 ferre,
1993 3815 2085 3869 fri-

495 3935 594 3990 gus
619 3918 867 3983 tolerare,
903 3917 1097 3972 fossam
1122 3915 1543 3978 circumducere,
1569 3913 1901 3981 ingruentem
1923 3923 2086 3978 aqua-

499 4028 616 4066 rum
651 4010 862 4081 copiam
891 4025 920 4064 a
970 4012 1100 4064 satis
1128 4023 1334 4074 arcere,
1372 4007 1650 4062 fluminum
1683 4007 1824 4074 ripas
1867 4004 2087 4058 altiores

496 4102 742 4183 reddere,
793 4117 856 4158 ac
885 4118 980 4171 per
1005 4101 1237 4157 medium
1269 4115 1453 4171 agrum
1497 4098 1872 4171 profundiores
1913 4095 2090 4150 sulcos

499 4197 695 4252 ducere
724 4214 737 4250 :
772 4195 866 4250 sed
907 4197 1020 4249 haec
1064 4209 1308 4264 operosa,
1337 4207 1562 4264 qumque
1602 4191 1770 4246 multo
1800 4191 1982 4245 labore
2021 4188 2090 4242 il-

501 4291 609 4344 lum
634 4289 874 4359 fatigant,
904 4287 1038 4342 levia
1065 4287 1197 4341 fiunt
1239 4301 1302 4341 ac
1339 4285 1534 4351 facilia,
1566 4284 1694 4338 dum
1736 4297 1830 4353 spe
1859 4280 2092 4351 concipit

502 4392 737 4453 segetem
784 4389 1098 4436 vernantem
1145 4381 1399 4451 agricola,
1448 4380 1637 4434 falcem
1683 4384 1983 4442 cxaeutam,
2027 4390 2091 4430 ac

503 4477 759 4546 repletam
811 4473 1098 4544 manipulis
1138 4487 1317 4528 aream
1354 4481 1408 4526 et
1450 4471 1625 4542 fruges
1669 4478 1926 4532 maturas,
1974 4482 2093 4537 quae

507 4568 670 4621 multa
702 4580 824 4624 cum
872 4565 1052 4620 laatitia
1078 4564 1295 4620 domum
1323 4563 1654 4618 deferuntur.
1683 4561 1775 4617 Sic
1816 4569 1870 4616 et
1894 4559 2092 4631 guber-

506 4670 660 4714 nator
686 4659 843 4713 saevis
871 4656 1124 4712 audacter
1169 4671 1228 4710 se
1271 4653 1520 4710 ﬂuctibus
1545 4653 1848 4718 committit,
1892 4661 2096 4721 tempe-

501 4764 691 4808 statem
739 4760 794 4808 et
822 4751 1007 4807 furens
1038 4750 1252 4820 pelagus
1276 4763 1420 4817 smpe
1447 4745 1762 4811 contemnit,
1801 4755 1988 4799 ventos
2016 4743 2098 4797 in-

503 4848 745 4913 stabiles,
774 4847 1010 4900 marinas
1037 4844 1321 4915 procellas,
1353 4850 1408 4896 et
1429 4843 1610 4910 longas
1639 4839 2096 4910 peregrinationes

505 4941 644 4993 ferre
669 4939 835 5003 novit,
868 4955 988 4992 cum
1017 4937 1255 4992 sarcinas
1293 4936 1548 4990 mercium
1577 4949 1760 4989 secum
1806 4941 2015 5002 reputat
2043 4941 2097 4985 et

512 5032 882 5101 negotiationis
910 5039 1116 5101 portus,
1148 5038 1203 5084 et
1233 5028 1522 5083 immensas
1562 5039 1692 5096 epes
1722 5025 1845 5080 inde
1878 5039 2097 5092 compa-

507 5124 703 5179 randas
726 5125 981 5178 intuetur.
1010 5123 1119 5177 Nec
1139 5123 1294 5175 aliter
1322 5120 1475 5174 miles
1503 5118 1606 5174 fert
1634 5119 1871 5182 vulnera,
1896 5118 2100 5186 jaculo—

508 5230 628 5269 rum
655 5215 848 5269 nubem
865 5216 1079 5284 excipit,
1110 5216 1302 5268 famem
1335 5213 1546 5278 tolerat,
1576 5212 1759 5282 frigus,
1789 5212 1975 5281 longas
2006 5209 2101 5281 pe-'

511 5307 918 5380 regrinationes,
973 5317 1027 5362 et
1076 5309 1128 5362 in
1178 5309 1293 5362 acie
1343 5304 1619 5361 subeunda
1674 5304 1929 5374 pericula,
1973 5303 2099 5357 dum

514 5413 737 5473 tropaea,
779 5399 1052 5464 victorias,
1107 5409 1162 5455 et
1207 5413 1436 5455 coronas
1473 5412 1656 5452 secum
1706 5404 1937 5465 reputat,
1979 5409 2101 5464 qua:

510 5497 635 5551 inde
666 5497 961 5566 pariuntur.
995 5494 1075 5549 Ad
1121 5494 1250 5564 quid
1296 5503 1474 5549 autem
1509 5492 1626 5556 hanc
1654 5490 2100 5548 commemoravi-

513 5606 651 5658 mus,
686 5600 778 5647 aut
811 5591 936 5661 quid
967 5590 1080 5645 htec
1115 5590 1356 5660 exempla
1385 5588 1486 5644 sibi
1517 5587 1739 5643 volunt?
1781 5586 1918 5640 llinc
1947 5583 2102 5638 nimi-

514 5698 635 5738 rum
662 5684 999 5739 occasionem
1042 5683 1282 5751 arripere
1313 5679 1512 5750 placuit
1549 5693 1645 5734 vos
1673 5676 1739 5732 ad
1781 5675 2100 5751 audiendum

573 5776 649 5838 (α)
671 5776 842 5828 Collata
859 5788 968 5826 cum
989 5782 1092 5828 Mss.
1118 5775 1264 5835 Regio
1285 5774 1429 5835 2515,
1455 5776 1508 5823 et
1521 5769 1795 5822 Colbertioo
1815 5769 1890 5820 i9.

2192 3620 2531 3683 cohortandi,
2562 3630 2723 3688 atque
2765 3620 2833 3672 ad
2876 3618 3090 3673 labores
3129 3633 3226 3688 pro
3252 3618 3448 3672 virtute
3487 3615 3786 3671 subeundos

2199 3715 2475 3771 incitandi.
2509 3713 2641 3768 Nam
2683 3714 2726 3767 si
2760 3724 2980 3782 propter
3015 3707 3165 3780 spem
3194 3709 3518 3774 futurorum,
3544 3711 3704 3779 idque
3733 3721 3787 3762 ut

2193 3824 2380 3862 eorum
2407 3807 2601 3878 aliquis
2629 3821 2694 3861 ca
2723 3805 2862 3860 bona
2893 3803 3149 3872 consequi
3174 3803 3360 3873 possit,
3395 3819 3516 3872 qua:
3538 3818 3656 3857 cum
3691 3801 3787 3855 hac

2194 3901 2300 3954 vita
2342 3900 2616 3963 finiuntur,
2666 3897 2782 3952 haec
2828 3896 2900 3950 illi
2948 3896 3231 3959 sustinent,
3280 3895 3450 3949 multo
3490 3895 3655 3963 magis
3697 3907 3790 3946 vos

2195 4001 2405 4061 Oportet
2455 3992 2508 4044 in
2562 3989 2828 4044 audiendo
2866 4003 3234 4059 perseverare,
3295 3998 3352 4041 ut
3401 3987 3660 4056 Spirituali
3697 3985 3791 4040 do-

2196 4083 2365 4137 ctrina
2412 4081 2744 4147 imbuamini,
2787 4095 2849 4134 ac
2876 4094 2971 4150 pro
2997 4080 3102 4134 vita
3128 4089 3326 4133 teterna
3371 4094 3600 4147 pugnam
3631 4092 3792 4147 gene-

2198 4190 2320 4228 rose
2365 4173 2694 4243 sudoresque
2744 4172 2994 4226 tolerare.
3035 4170 3168 4224 Nam
3202 4170 3418 4223 illorum
3458 4169 3671 4239 quidem
3707 4169 3791 4221 in-

2197 4277 2344 4322 certa
2375 4282 2496 4336 spes
2541 4273 2624 4320 est
2650 4279 2715 4319 ac
2743 4264 3086 4334 temporaria,
3119 4274 3172 4318 et
3213 4277 3356 4334 saepe
3383 4262 3510 4316 dum
3553 4262 3665 4315 sola
3696 4277 3792 4315 ex-

2200 4359 2532 4429 Spectatione
2560 4357 2846 4424 laetantur,
2889 4357 3051 4410 vitam
3098 4355 3307 4419 finiunt,
3354 4369 3450 4423 spe
3479 4353 3696 4424 quidem
3740 4367 3794 4406 se

2199 4451 2551 4514 obiectantes,
2575 4447 2669 4503 sed
2695 4447 2854 4503 rebus
2877 4447 3006 4516 ipsis
3029 4445 3254 4501 necdum
3277 4446 3792 4515 appropinquantes,

2203 4544 2412 4598 tametsi
2446 4557 2637 4613 graves
2662 4542 2783 4596 illas
2808 4541 3150 4596 difficultates
3171 4537 3518 4594 exantlarint.
3549 4536 3795 4605 Exempli

2199 4652 2379 4700 causa,
2411 4645 2532 4706 post
2569 4635 2766 4689 multos
2793 4633 2914 4687 illos
2945 4633 3156 4686 labores
3203 4645 3266 4684 ac
3307 4628 3534 4684 sudores
3557 4628 3795 4697 agricola

2203 4742 2623 4794 nonnumquam,
2657 4725 2782 4779 dum
2807 4724 2992 4778 falcem
3025 4723 3253 4785 exacuit,
3285 4733 3340 4776 et
3366 4721 3432 4775 ad
3476 4735 3711 4775 messem
3742 4734 3796 4773 se

2202 4827 2500 4888 comparat,
2529 4818 2611 4872 vel
2638 4818 2876 4871 immissa
2908 4816 3159 4884 mrugine,
3191 4813 3271 4868 vel
3304 4814 3630 4868 locustarum
3659 4812 3798 4865 mul-
3831 4801 3838 4826 ²

2207 4915 2452 4978 titudine,
2480 4913 2564 4967 vel
2594 4911 2875 4966 immodica
2906 4911 3080 4979 pluvia
3111 4908 3399 4971 incidente,
3430 4909 3517 4963 vel
3535 4908 3635 4960 alia
3656 4923 3792 4976 qua-

2205 5010 2346 5078 piam
2372 5008 2652 5076 importata
2674 5005 2977 5059 calamitate
3003 5018 3066 5058 ex
3091 5005 3230 5056 aeris
3258 5002 3598 5071 intemperie,
3622 5002 3802 5054 vacuis

2207 5101 2681 5156 manibusdomum
2710 5097 3014 5159 revertitur,
3045 5106 3325 5164 postquam
3349 5094 3562 5148 labores
3591 5093 3801 5163 quidem

2207 5196 2481 5261 sustinuit,
2514 5194 2606 5248 sed
2636 5192 2874 5263 speratis
2913 5189 3153 5261 frugibus
3183 5187 3399 5244 excidit.
3432 5186 3557 5242 Pari
3600 5187 3804 5241 ratione

2207 5291 2534 5361 gubernator
2585 5285 2712 5340 dum
2754 5283 3011 5338 mercium
3058 5282 3212 5352 cOpia
3260 5280 3494 5344 laetatur,
3553 5278 3801 5348 expansis

2209 5397 2400 5453 magna
2440 5396 2560 5436 cum
2588 5379 2859 5448 voluptate
2895 5377 3028 5431 velis
3055 5389 3176 5430 cum
3223 5373 3388 5428 multa
3433 5371 3607 5426 maria
3650 5371 3804 5423 fuerit

2207 5489 2480 5538 emensus,
2513 5473 2563 5524 in
2597 5472 2710 5540 ipso
2742 5483 2981 5539 persaepe
3009 5477 3191 5537 portus
3226 5467 3471 5536 ingressu
3500 5463 3586 5517 vel
3616 5478 3797 5517 occur-

2206 5577 2360 5624 rente
2376 5582 2508 5638 rupe
2538 5567 2620 5620 vel
2641 5567 2706 5620 ad
2726 5579 2914 5620 saxum
2945 5565 2996 5616 in
3025 5562 3160 5616 mari
3193 5562 3366 5615 latens
3392 5568 3488 5612 aut
3513 5556 3582 5611 ad
3613 5571 3808 5626 scopu—

2210 5663 2319 5716 lum
2348 5662 2578 5732 aliquem
2607 5659 2759 5713 allisa
2797 5657 2940 5724 navi,
2970 5671 3031 5710 ac
3072 5654 3346 5724 in0pinato
3375 5650 3646 5721 ejusmodi
3677 5664 3808 5704 casu

2213 5757 2510 5829 perculsus,
2540 5754 2743 5812 cunctis
2772 5750 3037 5808 mercibus
3058 5748 3294 5816 amissis,
3331 5753 3454 5818 post
3481 5743 3693 5800 inﬁnita
3727 5743 3808 5798 ili:
