3964 6342
327 316 431 376 157

328 429 567 502 pericula
597 426 685 484 vix
712 426 863 483 salvo
890 442 1119 500 corpore
1146 427 1320 484 nudus
1346 429 1543 486 evadit.
1569 429 1656 486 Sic
1684 438 1738 487 et
1771 430 1925 486 miles

325 531 609 594 postquam
637 520 935 575 innumeris
962 534 1106 590 saepe
1127 521 1382 591 pugnavit
1410 521 1463 575 in
1488 522 1705 592 praeliis,
1738 521 1924 577 adver-

324 615 497 669 sarios
524 613 740 684 repulit,
767 611 1056 683 hostesque
1094 612 1309 676 devicit,
1336 613 1463 668 dum
1495 614 1548 669 in
1596 615 1711 684 ipsa
1750 616 1925 669 victo-

323 709 418 762 riae
447 704 846 774 exspectatione
873 712 1137 770 versatur,
1184 704 1345 759 nullis
1383 706 1594 775 penitus
1621 706 1923 761 commodis

322 814 389 853 ex
422 797 697 852 laboribus
724 796 1087 868 periculisque
1132 796 1420 866 reportatis
1458 811 1490 851 e
1538 797 1643 851 vita
1673 796 1920 851 discedit.

323 893 392 947 At
418 889 685 960 ejusmodi
712 904 819 944 non
860 898 985 944 sunt
1008 904 1095 944 res
1137 898 1335 944 nostra:
1368 904 1532 960 :spes
1583 890 1727 946 enim
1769 900 1927 945 aeter-

326 999 443 1049 nas,
471 983 744 1046 immotas,
770 990 826 1037 et
852 981 1030 1037 ﬁrmas
1060 981 1277 1045 habent,
1301 997 1527 1052 qumque
1548 997 1669 1038 cum
1698 982 1800 1038 hac
1819 982 1924 1036 vita

325 1076 551 1131 minime
583 1075 959 1141 terminantur,
1004 1073 1097 1129 sed
1127 1073 1194 1128 ad
1226 1074 1581 1130 immortalem
1609 1074 1926 1144 beatamque

327 1172 487 1225 vitam
516 1171 661 1227 illam
708 1185 772 1227 ac
800 1179 1058 1242 perpetuo
1086 1169 1396 1225 duraturam
1438 1177 1703 1241 spectant,
1734 1177 1788 1224 et
1816 1183 1924 1225 non

324 1262 487 1318 modo
518 1262 679 1317 nullis
704 1277 771 1318 ex
800 1263 943 1318 aeris
970 1262 1288 1332 intemperie
1314 1261 1398 1317 vel
1430 1261 1705 1331 inepinato
1740 1276 1922 1317 rerum

321 1363 519 1410 eventu
545 1364 730 1425 patent
755 1354 1079 1420 incursibus,
1107 1354 1202 1410 sed
1228 1369 1329 1410 nec
1353 1354 1421 1409 ab
1447 1354 1562 1424 ipsa
1597 1364 1770 1410 morte
1796 1368 1924 1425 pos-

323 1460 452 1506 sunt
475 1449 665 1506 deleri.
697 1449 834 1518 Quin
863 1450 1024 1504 etiam
1065 1448 1193 1504 dum
1228 1449 1348 1504 sola
1388 1464 1485 1519 spe
1511 1448 1773 1515 fovemur,
1806 1448 1924 1518 ejus

325 1544 379 1598 in
406 1542 600 1615 quovis
623 1542 785 1596 etiam
819 1558 851 1597 e
878 1541 1038 1612 vulgo
1068 1539 1272 1595 fructus
1308 1539 1503 1606 elucet,
1536 1547 1591 1595 et
1612 1548 1808 1610 quanta
1840 1540 1920 1595 illi

323 1648 535 1690 merces
554 1633 834 1689 debeatur.
866 1633 1155 1703 Pmpterea
1186 1632 1373 1688 beatus
1398 1631 1559 1687 etiam
1594 1632 1788 1687 Paulus
1810 1633 1923 1688 cla-

322 1725 506 1781 mabat
531 1725 715 1780 dicens
744 1742 759 1780 :
790 1724 910 1778 Non
952 1725 1119 1779 solum
1145 1733 1333 1790 autem,
1370 1724 1460 1778 sed
1491 1731 1537 1778 et
1565 1724 1845 1795 gloriamur
1870 1724 1925 1777 in

321 1816 733 1871 tribulationibus
756 1816 932 1885 (Rom.
952 1816 1005 1871 5.
1023 1816 1104 1888 5).
1133 1814 1230 1882 Ne,
1254 1830 1459 1886 qumso,
1483 1815 1672 1871 leviter
1699 1828 1921 1886 praeter-

322 1924 535 1976 eamus,
567 1923 688 1978 quae
715 1906 855 1961 dicta
881 1916 1009 1963 sunt
1030 1925 1045 1962 :
1068 1906 1163 1963 sed
1185 1908 1417 1978 quando,
1445 1907 1627 1963 nescio
1651 1922 1921 1978 quocasu,

321 2016 505 2056 sermo
560 2016 661 2056 nos
714 2017 900 2057 rursus
949 2001 1015 2055 ad
1069 2001 1313 2071 praeclari
1358 2000 1733 2073 gubernatoris
1774 2001 1924 2056 Pauli

320 2104 538 2163 portum
566 2092 792 2163 appulit,
824 2092 880 2147 in
909 2092 1064 2164 hujus
1079 2092 1208 2148 dicti
1232 2092 1665 2149 consideratione
1692 2093 1925 2149 libenter

321 2186 697 2251 immoremnr,
736 2185 914 2241 brevis
950 2185 1165 2256 quidem
1203 2184 1366 2251 illius,
1415 2185 1510 2240 sed
1551 2200 1580 2240 a
1610 2200 1716 2256 quo
1760 2185 1922 2240 multa

320 2278 662 2349 philosophia
711 2279 1010 2334 erudimur.
1058 2277 1197 2346 Quid
1241 2278 1458 2332 tandem
1503 2287 1585 2333 est
1626 2292 1755 2348 ergo
1782 2277 1924 2348 quod

318 2373 475 2439 dicit,
505 2372 705 2442 etquid
729 2371 813 2426 his
839 2370 992 2427 nobis
1021 2371 1220 2426 indicat
1250 2371 1452 2434 verbis,
1486 2369 1609 2425 Non
1638 2371 1803 2424 solum
1828 2387 1926 2424 au-

319 2474 445 2528 tem,
477 2462 566 2516 sed
586 2470 639 2519 et
662 2461 942 2532 gloriamur
982 2461 1038 2515 in
1082 2460 1526 2515 tribulationibus?
1551 2461 1715 2517 Paulo
1744 2461 1919 2529 altius,

317 2556 370 2611 si
404 2556 600 2626 placet,
631 2555 890 2610 doctrinte
919 2567 1227 2609 sermonem
1266 2552 1561 2619 ordiamur,
1610 2562 1666 2608 et
1696 2552 1920 2607 multam

321 2649 451 2703 inde
477 2648 635 2703 nobis
666 2647 1097 2717 perspicuitatem
1129 2644 1428 2699 videbimus
1470 2659 1535 2699 ac
1570 2644 1676 2698 vim
1709 2653 1926 2699 senten-

321 2742 525 2796 tiarum
549 2755 849 2812 emergere.
892 2738 999 2795 Sed
1030 2738 1300 2794 neminem
1331 2752 1528 2808 corpus
1555 2737 1608 2791 in
1639 2737 1923 2793 mollitiem

315 2849 387 2889 ac
434 2833 707 2905 pigritiam
756 2832 991 2888 resolvat
1034 2848 1048 2885 :
1088 2830 1215 2900 quin
1266 2830 1444 2900 potius
1491 2839 1759 2899 tamquam
1802 2843 1924 2884 rore

317 2926 559 2997 quodam
606 2924 898 2997 Spiritualis
961 2922 1220 2978 doctrinae
1281 2920 1573 2991 cupiditate
1626 2930 1920 2975 recreetur.

316 3019 538 3074 Etenim
568 3017 638 3073 de
665 3016 1011 3073 tribulatione
1039 3014 1203 3071 verba
1250 3012 1496 3078 facimus,
1527 3012 1596 3068 de
1624 3012 1923 3081 cupiditate

318 3111 593 3166 bonorum
629 3120 975 3175 aeternorum,
1019 3107 1087 3163 de
1115 3107 1390 3178 patientia,
1436 3106 1609 3176 deque
1652 3105 1917 3170 mercede,

318 3218 487 3274 quam
522 3203 598 3258 illi
621 3203 883 3266 obtinent,
916 3201 1007 3271 qui
1051 3200 1272 3255 minime
1312 3198 1491 3271 supini
1531 3207 1656 3253 sunt
1683 3213 1747 3252 ac
1774 3197 1918 3253 desi-

316 3297 440 3350 des.
473 3294 610 3361 Quid
634 3294 791 3365 igitur
813 3292 913 3347 sibi
941 3292 1055 3347 vult
1081 3291 1235 3359 illud,
1272 3290 1394 3345 Non
1417 3289 1582 3345 solum
1599 3291 1625 3345 ?
1651 3291 1751 3357 Qui
1777 3290 1921 3344 enim

318 3388 410 3442 his
439 3387 619 3443 verbis
660 3387 848 3453 utitur,
879 3385 948 3441 de
977 3384 1161 3439 multis
1189 3384 1309 3439 aliis
1352 3382 1508 3439 bonis
1538 3397 1598 3438 se
1637 3382 1918 3451 loquulum

316 3495 443 3535 esse
490 3478 709 3543 indicat,
755 3492 875 3548 quae
914 3473 1315 3547 praecesserint,
1366 3481 1421 3528 et
1460 3488 1582 3528 cum
1635 3472 1741 3527 illis
1780 3469 1923 3527 istud

315 3572 581 3642 adjicere,
634 3568 778 3640 quod
824 3584 890 3623 ex
944 3566 1289 3622 tribulatione
1338 3563 1619 3618 nascitur:
1652 3576 1812 3633 quam
1852 3560 1924 3615 ob

316 3678 541 3718 causam
574 3670 629 3717 et
651 3661 766 3731 ipse
787 3659 1020 3725 dicebat,
1056 3656 1183 3711 Non
1209 3656 1376 3710 solum
1416 3662 1605 3718 autem,
1635 3652 1724 3707 sed
1750 3661 1796 3706 et
1821 3650 1924 3722 glo-

316 3756 519 3808 riamur
558 3753 617 3807 in
648 3750 1080 3806 tribulationibus.
1125 3747 1195 3804 Ut
1231 3756 1411 3801 autem
1441 3743 1756 3801 dilucidiora
1787 3743 1920 3798 ﬁant

319 3849 441 3904 haec
478 3846 664 3910 verba,
708 3860 807 3900 nos
848 3842 917 3899 ad
966 3843 1182 3897 brevem
1230 3840 1416 3894 horam
1463 3837 1745 3901 sustinete,
1793 3835 1920 3891 dum

318 3939 603 4013 prolixiori
643 3950 894 3993 sermone
920 3934 1219 3989 doctrinam
1260 3930 1600 4002 exponimus.

400 4029 687 4086 Adversarii
730 4028 850 4098 ﬁdei
913 4024 1217 4082 Christiana:
1281 4037 1434 4092 quam
1496 4019 1677 4084 multi;
1745 4035 1920 4090 perse-

318 4125 591 4195 quutiones
618 4121 771 4174 variae
809 4118 953 4173 initio
993 4114 1387 4188 prwdicationis.
1427 4111 1696 4167 Inducitur
1729 4110 1923 4166 Paulus

320 4219 394 4270 de
420 4213 604 4287 futuris
639 4213 909 4265 disseram.
954 4209 1056 4263 Cur
1088 4206 1387 4279 ingemiscat
1410 4215 1664 4260 creatura.
1690 4231 1762 4243 —
1788 4203 1921 4259 Cum

319 4312 473 4365 enim
505 4306 840 4379 promulgata
882 4304 1069 4359 luisset
1106 4302 1175 4357 ab
1202 4301 1463 4372 apostolis
1489 4302 1800 4373 praedicatio
1837 4300 1920 4356 di-

321 4407 474 4469 vina,
504 4416 559 4461 et
584 4417 771 4457 omnes
812 4399 959 4455 orbis
995 4406 1262 4452 terrarum
1302 4397 1486 4467 plagas
1515 4396 1789 4466 religionis
1816 4410 1923 4451 ser-

323 4512 545 4553 monem
588 4495 664 4550 illi
706 4501 948 4549 serentes
986 4489 1217 4557 obirent,
1258 4503 1497 4545 errorem
1538 4488 1796 4544 radicitus
1825 4504 1919 4542 ex-

323 4593 641 4661 stirparent,
681 4586 884 4657 patrias
922 4583 1205 4654 impiorum
1232 4582 1378 4653 leges
1404 4581 1790 4647 rescinderent,
1824 4579 1924 4633 ini-

322 4685 589 4754 quitatem
612 4694 827 4735 omnem
853 4677 1295 4743 exterminarent,
1323 4683 1520 4729 terram
1537 4682 1919 4745 expurgarent,

326 4787 490 4846 atque
515 4774 584 4829 ab
626 4771 785 4827 idolis
810 4769 1051 4837 quidem,
1094 4783 1124 4820 a
1155 4766 1312 4832 fanis,
1357 4765 1639 4833 altaribus,
1685 4764 1834 4819 feriis
1861 4780 1924 4819 ac

323 4864 653 4924 ceremoniis
682 4863 807 4918 inde
844 4858 1190 4916 nascentibus
1220 4857 1426 4913 resilire
1443 4855 1724 4927 juberent;
1758 4871 1921 4910 unum

323 4970 532 5027 autem,
560 4968 615 5014 et
642 4958 815 5012 solum
840 4954 1215 5009 universorum
1249 4951 1415 5005 Deum
1448 4964 1761 5021 agnoscere,
1797 4964 1922 5019 spes

326 5054 539 5107 futuras
595 5056 939 5118 exspectare;
976 5044 1151 5114 deque
1180 5042 1360 5107 Patre,
1406 5040 1566 5103 Filio,
1610 5055 1675 5095 ac
1717 5039 1923 5110 Spiritu

327 5154 519 5201 sancto
551 5143 906 5202 dissererent,
938 5137 1005 5192 de
1048 5134 1446 5191 resurrectione
1472 5133 1919 5204 philosopharen-

328 5247 441 5302 tur,
468 5252 531 5291 ac
560 5234 631 5290 de
681 5247 852 5303 regno
902 5229 1159 5284 czelcrum
1200 5228 1362 5281 verba
1410 5225 1651 5281 facerent
1681 5243 1695 5279 :
1723 5225 1923 5280 idcirco

332 5331 530 5387 bellum
548 5327 751 5385 exarsit
779 5339 963 5397 grave,
986 5323 1334 5391 omniumque
1351 5320 1726 5382 suavissimum,
1746 5319 1923 5372 omnia

329 5422 588 5488 tumultu,
640 5417 1063 5491 perturbatione,
1112 5428 1176 5467 ac
1227 5411 1492 5467 seditione
1530 5409 1921 5478 redundabant,

331 5516 495 5573 urbes
521 5526 733 5574 omnes.
765 5508 949 5581 populi
997 5522 1061 5562 ac
1088 5505 1281 5562 domus
1310 5517 1523 5571 omnes,
1555 5502 1735 5558 omnis
1775 5502 1926 5573 regio

332 5612 447 5666 sive
473 5606 674 5665 inculta
701 5611 867 5670 esset,
894 5601 1009 5657 sive
1043 5598 1261 5679 degerta
1286 5615 1299 5652 :
1328 5595 1470 5667 quod
1499 5596 1750 5651 nimirum
1782 5594 1924 5648 anti-

334 5720 454 5775 quae
491 5697 907 5758 consuetudines
951 5691 1423 5754 labefactarentur,
1473 5695 1528 5745 et
1562 5704 1684 5759 quze
1723 5686 1923 5742 tamdiu

332 5796 661 5863 obtinuerat,
685 5789 974 5861 anticipata
995 5784 1176 5857 opinio
1199 5782 1613 5851 convelleretur,
1635 5794 1755 5837 cum
1785 5793 1919 5835 nova

1397 315 1485 375 DE
1511 313 1765 373 GLORIA
1805 313 1874 369 ΙΝ
1911 314 2554 379 TRIBULATIONIBUS.

3516 336 3622 394 {58

2045 429 2298 503 dogmata
2330 434 2729 507 inveherentur,
2775 457 2896 512 quae
2932 458 3091 500 nemo
3117 460 3366 518 umquam
3405 451 3622 511 audive-

2035 530 2119 577 rat
2157 539 2172 578 :
2215 525 2471 583 adversus
2508 529 2609 585 ista
2653 534 2945 589 szeviebant
2987 552 3161 608 reges,
3213 540 3622 611 indignabantur

2036 615 2401 685 magistratus,
2434 620 2626 691 privati
2668 626 3150 696 tuniultnabantur,
3182 630 3295 687 fora
3343 638 3620 704 perturba.

2035 705 2246 775 bantur,
2287 711 2569 767 tribunalia
2613 716 3039 785 concitabantur,
3083 722 3482 794 stringebantur
3519 743 3620 782 en-

2034 812 2141 862 ses,
2175 813 2322 854 amta
2369 804 2717 871 parabantur,
2763 817 2817 862 ct
2859 809 3004 879 leges
3046 816 3456 873 suceensebant.
3490 819 3619 877 Inde

2033 890 2320 960 supplicia,
2356 908 2548 962 ptenm,
2582 897 2868 968 militeque,
2894 917 2957 955 ac
2984 915 3174 959 cuncta
3199 910 3619 965 commoveban-

2034 988 2139 1048 tur,
2171 998 2290 1052 quae
2324 987 2462 1041 inter
2502 986 2746 1043 homines
2771 994 2956 1060 gravia
3000 1005 3307 1052 censentur.
3353 999 3623 1071 Quemad-

2033 1072 2248 1127 modum
2278 1089 2400 1130 cum
2434 1077 2625 1133 iratum
2654 1089 2737 1134 est
2777 1097 2943 1147 mare,
2986 1096 3146 1155 atque
3178 1086 3366 1143 infesta
3405 1092 3620 1147 naufra-

2030 1166 2113 1236 gia
2143 1169 2387 1237 parturit,
2421 1171 2590 1227 nihilo
2627 1172 2835 1228 meliori
2862 1184 2979 1231 erat
3018 1177 3069 1232 in
3096 1188 3239 1235 statu
3267 1182 3412 1238 orbis
3443 1194 3621 1241 terra-

2033 1274 2173 1325 rum,
2196 1276 2317 1316 cum
2351 1263 2621 1335 religionis
2646 1281 2803 1322 causa
2830 1277 2940 1324 tum
2969 1270 3134 1326 ﬁlium
3160 1282 3310 1343 pater
3326 1276 3619 1349 abdicaret,

2032 1366 2061 1404 a
2101 1366 2259 1406 socru
2308 1369 2472 1408 nurus
2526 1355 2829 1424 dissideret,
2871 1357 3065 1416 fratres
3098 1361 3485 1433 dividerentur,
3528 1368 3622 1425 do-

2031 1444 2161 1498 mini
2194 1444 2245 1499 in
2273 1445 2500 1502 famulos
2530 1447 2956 1520 indignarentur,
2999 1462 3186 1509 natura
3227 1457 3623 1527 quodammodo

2032 1535 2084 1591 in
2112 1538 2344 1610 seipsam
2385 1540 2649 1597 seditione
2676 1553 2944 1599 commota
2974 1545 3296 1617 insurgeret,
3338 1566 3439 1607 nec
3465 1553 3623 1610 civile

2033 1637 2260 1699 tantum,
2304 1631 2398 1687 sed
2436 1633 2635 1702 gentile
2664 1636 2930 1706 quoddam
2980 1638 3177 1694 bellum
3206 1640 3396 1698 domos
3435 1659 3623 1702 omnes

2032 1720 2368 1790 pervaderet.
2422 1723 2653 1780 Verbum
2696 1727 2840 1781 enim
2892 1728 3053 1799 gladii
3096 1731 3147 1784 in
3196 1747 3403 1789 morem
3454 1751 3623 1805 pene-

2034 1821 2199 1879 trans,
2233 1823 2290 1869 et
2313 1815 2456 1885 quod
2486 1817 2789 1873 morbidum
2817 1829 2935 1875 erat
2969 1836 2998 1874 a
3044 1836 3176 1877 sano
3202 1838 3470 1891 resecans,
3504 1843 3621 1882 ma—

2031 1920 2189 1975 gnam
2215 1906 2411 1978 ubique
2450 1907 2767 1965 seditionem
2811 1919 2865 1965 et
2892 1914 3288 1969 contentionem
3329 1919 3619 1985 excitabat,

2030 2004 2086 2051 et
2111 1996 2401 2064 efﬁciebat,
2451 2008 2509 2054 ut
2537 2000 2833 2058 innumerze
2876 2002 3111 2075 undique
3152 2006 3408 2063 adversus
3437 2010 3619 2068 ﬁdeles

2031 2087 2323 2145 inimicitia:
2347 2106 2645 2163 pugnaeque
2686 2094 3047 2165 insnrgerent.
3081 2097 3213 2154 Hinc
3245 2100 3426 2168 ﬁebat,
3459 2113 3518 2159 ut
3562 2105 3616 2160 in

2030 2193 2303 2236 carcerem
2331 2182 2420 2236 alii
2443 2182 2880 2253 detruderentur,
2912 2187 3003 2242 alii
3030 2188 3097 2243 ad
3123 2189 3323 2259 judicia
3355 2207 3615 2263 raperen-

2033 2278 2136 2337 tur,
2165 2281 2219 2328 et
2240 2273 2306 2329 ad
2332 2275 2472 2329 viam
2493 2291 2613 2346 qua:
2641 2277 2811 2332 tendit
2835 2278 2902 2333 ad
2933 2291 3163 2336 mortem
3198 2300 3211 2336 :
3241 2292 3401 2356 atque
3429 2286 3617 2342 horum

2029 2364 2244 2436 quidem
2292 2368 2430 2424 bona
2478 2370 2908 2440 publicabantur,
2952 2372 3028 2428 illi
3057 2390 3185 2431 vero
3236 2385 3290 2432 et
3336 2380 3527 2448 patria,
3566 2391 3622 2436 et

2032 2460 2142 2515 vita
2170 2461 2283 2532 ipsa
2310 2477 2549 2534 persaipe
2579 2464 2943 2534 privabantur,
2975 2477 3029 2522 et
3056 2469 3202 2523 omni
3230 2485 3293 2525 ex
3324 2482 3475 2541 parte
3503 2490 3624 2529 cre-

2029 2551 2180 2607 brius
2207 2568 2367 2623 quam
2410 2554 2499 2608 nix
2529 2554 2763 2622 decidat,
2815 2556 2971 2612 malis
3010 2558 3396 2616 obsidebantur
3433 2581 3445 2617 :
3480 2564 3622 2621 intus

2032 2657 2244 2713 pugnae,
2275 2642 2406 2698 foris
2435 2646 2675 2710 timores,
2706 2644 2775 2700 ab
2805 2648 3013 2713 amicis,
3046 2648 3114 2703 ab
3139 2648 3349 2718 alienis,
3381 2652 3450 2709 ab
3489 2654 3619 2725 ipsis

2030 2735 2120 2806 qui
2163 2744 2370 2791 naturae
2398 2736 2797 2794 necessitudine
2825 2740 3096 2808 conjuncti
3125 2750 3300 2797 erant.

2099 2827 2155 2881 9...
2187 2827 2313 2883 llaec
2340 2828 2499 2899 igitur
2518 2843 2639 2883 cum
2666 2839 2911 2885 cerneret
2938 2830 3126 2887 beatus
3151 2832 3365 2897 Paulus,
3395 2836 3485 2892 ille
3512 2846 3621 2893 tcr-

2028 2933 2208 2974 rarum
2236 2919 2381 2975 orbis
2408 2929 2735 2990 praeceptor,
2771 2930 2825 2976 et
2864 2923 3158 2979 cwlcstium
3185 2924 3490 2995 dogmatum
3519 2928 3621 2985 do-

2029 3016 2167 3075 ctor,
2195 3024 2317 3064 eum
2347 3024 2435 3065 res
2462 3010 2673 3081 quidem
2703 3011 2941 3068 adversa:
2973 3014 3024 3068 in
3053 3016 3298 3071 manibus
3319 3027 3501 3074 essent
3523 3061 3538 3085 ,
3565 3030 3622 3076 et

2029 3108 2153 3154 ante
2181 3100 2365 3156 oculos
2393 3110 2752 3169 versarentur,
2780 3118 2867 3158 res
2904 3112 3082 3158 autem
3123 3120 3393 3177 prosperae
3432 3108 3487 3163 in
3524 3124 3621 3181 spe

2031 3200 2235 3246 tantum
2257 3202 2311 3247 et
2338 3193 2708 3262 promissione,
2737 3210 2983 3266 regnum,
3010 3196 3248 3268 inquam,
3273 3200 3544 3269 crelorum,
3566 3213 3623 3259 et

2029 3286 2369 3353 resurrectio,
2397 3301 2461 3341 ac
2486 3286 2747 3342 bonorum
2776 3289 2986 3345 illorum
3014 3292 3246 3362 adoptio,
3279 3312 3397 3364 qum
3424 3298 3624 3369 cogita-

2030 3377 2228 3432 tionem
2257 3392 2470 3433 omnem
2495 3394 2558 3435 ac
2581 3395 2886 3437 sermonem
2912 3384 3219 3440 excedunt:
3249 3386 3492 3445 fornaces
3521 3406 3620 3446 au-

2027 3478 2136 3526 tem
2158 3511 2173 3535 ,
2206 3472 2502 3541 sartagines
2525 3513 2541 3538 ,
2579 3471 2738 3543 gladii
2763 3512 2780 3540 ,
2811 3475 3065 3545 supplicia
3091 3517 3107 3543 ,
3150 3486 3537 3536 tormentorum
3567 3492 3623 3539 et

2028 3563 2279 3619 mortium
2299 3579 2495 3635 genera
2523 3566 2703 3621 onmia
2731 3580 2836 3622 non
2865 3582 2994 3637 spe,
3022 3569 3117 3625 sed
3143 3572 3467 3641 experientia
3498 3590 3621 3645 pcr-

2028 3656 2334 3725 ciperentur
2364 3674 2377 3710 :
2406 3657 2497 3727 qui
2536 3672 2663 3713 vero
2703 3659 2960 3717 adversus
3000 3662 3116 3718 haec
3152 3666 3330 3719 omnia
3370 3670 3621 3724 certaturi

2028 3757 2202 3813 erant,
2226 3764 2330 3804 non
2355 3748 2423 3802 ita
2446 3748 2650 3818 pridem
2671 3749 2740 3805 ah
2756 3751 3030 3817 altaribus,
3052 3754 3122 3810 ab
3142 3754 3314 3821 idolis,
3339 3773 3369 3812 a
3391 3758 3619 3827 deliciis,

2027 3856 2058 3896 a
2086 3839 2291 3897 luxuria
2320 3850 2375 3896 et
2400 3840 2659 3898 ebrietate
2686 3842 2752 3897 ad
2784 3843 2941 3900 ﬁdem
2974 3846 3197 3902 traducti
3229 3848 3493 3915 fuissent,
3526 3867 3622 3907 ne-

2027 3949 2133 4005 que
2150 3932 2277 3989 dum
2303 3933 2368 3988 ad
2394 3933 2621 3991 sublime
2640 3935 2924 4008 quidquam
2950 3938 3018 3993 de
3042 3941 3146 3995 vita
3176 3951 3374 3997 :eterna
3400 3960 3621 4000 versan-

2028 4025 2156 4081 dum
2186 4025 2366 4080 animo
2392 4025 2674 4083 assuefacti
2700 4070 2715 4094 ,
2752 4029 2847 4084 sed
2878 4030 3037 4086 rebus
3066 4034 3415 4102 prmsentibus
3444 4037 3621 4106 potius

2029 4119 2351 4174 inluererent
2378 4135 2391 4172 :
2421 4128 2475 4173 et
2500 4121 2789 4176 verisimile
2814 4134 2957 4180 esset
2987 4122 3101 4180 fore
3121 4166 3137 4191 ,
3170 4134 3227 4179 ut
3257 4126 3408 4181 multi
3434 4143 3619 4183 eorum

2029 4210 2371 4279 fatiscerent,
2400 4214 2743 4270 conciderent
2784 4215 2977 4270 animis
3001 4256 3016 4281 ,
3044 4231 3107 4272 ac
3133 4217 3424 4274 deﬁcerent
3451 4262 3466 4287 ,
3497 4237 3618 4275 cum

2028 4298 2249 4370 singulis
2268 4298 2456 4355 diebus
2478 4299 2887 4355 obsiderentur:
2911 4301 3030 4355 vide
3054 4302 3179 4372 quid
3212 4303 3301 4358 ille
3330 4303 3506 4367 faciat,
3530 4306 3621 4375 qui

2028 4406 2342 4446 arcanorum
2373 4392 2640 4462 particeps
2666 4392 2957 4447 caelestium
2986 4393 3196 4463 fuerat,
3225 4404 3279 4450 ct
3303 4397 3619 4467 sapientiam

2030 4482 2177 4539 Pauli
2201 4482 2504 4539 considera.
2530 4484 2606 4539 De
2636 4484 2826 4539 futuris
2848 4485 3062 4541 assidue
3081 4487 3295 4543 disserit
3316 4489 3455 4559 apud
3481 4490 3622 4557 illos,

2030 4578 2181 4648 ponit
2200 4577 2269 4633 ob
2293 4578 2477 4633 oculos
2502 4579 2742 4647 praemia.
2770 4592 2996 4633 coronas
3018 4581 3268 4643 ostendit.
3299 4583 3481 4637 incitat
3504 4599 3622 4650 eos,

2028 4679 2083 4724 et
2111 4683 2207 4740 Spe
2249 4669 2508 4724 honorum
2549 4679 2868 4723 mternorum
2904 4672 3230 4726 consolatur.
3271 4673 3406 4740 Quid
3444 4683 3623 4730 autem

2029 4763 2199 4819 dicit?
2230 4762 2590 4818 Existintamus
2619 4764 2752 4817 enim
2775 4764 2913 4834 quod
2942 4782 3041 4819 non
3071 4776 3186 4819 sunt
3215 4770 3481 4839 condigna:
3505 4787 3624 4841 pas-

2028 4858 2195 4911 siones
2226 4856 2383 4926 hujus
2412 4857 2648 4925 temporis
2670 4856 2736 4908 ad
2762 4856 2985 4924 futuram
3016 4857 3232 4927 gloriam
3254 4901 3269 4923 ,
3294 4876 3409 4923 qua:
3430 4862 3627 4916 revela-

2029 4948 2164 5001 bitur
2192 4948 2245 5000 in
2271 4946 2412 5001 nobis
2441 4946 2630 5017 (Rom.
2655 4947 2708 5001 8.
2735 4947 2801 5001 l8
2891 4946 3025 5015 Quid
3053 4948 3195 5003 enim
3227 4950 3354 5003 mihi
3378 4953 3622 5017 vulnera,

2031 5038 2201 5108 inquit
2221 5080 2235 5102 ,
2264 5038 2453 5106 obiicis
2472 5079 2486 5103 ,
2509 5038 2691 5093 altaria
2718 5080 2731 5102 ,
2764 5040 3064 5106 carniliccs,
3092 5040 3372 5108 supplicia,
3406 5041 3623 5108 liamem,

2031 5133 2480 5204 proscriptiones,
2523 5140 2885 5204 paupertatem
2912 5172 2928 5199 ,
2962 5132 3167 5188 vincula
3209 5142 3262 5188 et
3299 5135 3630 5205 compedes?

2030 5240 2381 5295 quaecumque
2400 5223 2635 5278 volueris
2657 5239 2913 5293 propone,
2938 5240 3057 5294 qu:e
3086 5225 3155 5279 ab
3183 5224 3488 5281 hominibus
3507 5243 3631 5299 grao

2031 5321 2113 5373 via
2144 5328 2467 5383 censentur;
2500 5317 2629 5372 nihil
2658 5326 2832 5372 tamen
2862 5318 3096 5387 pranuiis
3123 5318 3259 5383 illis,
3289 5320 3500 5374 coronis
3520 5359 3536 5384 ,
3566 5334 3631 5374 ac

2033 5408 2469 5465 retriliutionibus
2496 5406 2713 5478 dignum
2744 5422 3153 5463 commemoras.
3188 5408 3319 5463 Nam
3363 5409 3462 5464 is1a
3505 5410 3628 5479 qni-

2031 5502 2153 5556 dem
2184 5514 2292 5555 una
2318 5514 2438 5554 cum
2470 5497 2570 5553 hac
2594 5500 2704 5553 vita
2746 5497 3020 5563 ﬁniuntur.
3053 5499 3142 5554 illa
3172 5513 3303 5555 vero
3328 5499 3381 5554 in
3423 5499 3632 5555 inﬁnito

2032 5594 2123 5649 illo
2149 5608 2264 5648 aevo
2288 5591 2448 5647 ﬁnem
2478 5606 2585 5647 non
2618 5592 2814 5646 habent
2838 5609 2851 5646 :
2880 5592 2995 5646 inec
3016 5578 3337 5660 temporaria
3358 5607 3476 5646 cum
3501 5592 3627 5658 sint,

2035 5694 2358 5756 praatereunt
2391 5702 2404 5738 :
2437 5682 2523 5737 illa
2554 5696 2673 5738 cum
2707 5680 2815 5737 sint
2845 5683 3186 5747 immortalia,
3220 5693 3477 5751 perpetuo
3506 5697 3632 5752 per-

2033 5784 2271 5833 manent.
2296 5774 2449 5844 Quod
2472 5775 2646 5847 ipsum
2667 5782 2723 5831 et
2754 5774 2861 5831 alio
2887 5774 3006 5831 loco
3025 5772 3366 5830 subindicans
3388 5774 3631 5828 diccbat:
