3964 6342
279 361 373 420 iii

277 475 461 550 paucis
487 472 665 530 verbis
693 467 870 523 omnia
896 462 1244 525 declarasset,
1278 469 1463 511 rursus
1490 458 1880 506 commemora-

278 573 427 627 tione
453 566 569 632 spei
598 575 903 618 sermonem
936 554 1128 610 finivit.
1159 551 1293 606 Cum
1321 545 1466 603 enim
1491 539 1717 599 dixisset
1737 578 1751 599 ,
1776 534 1878 588 Ju-

278 625 665 728 utilitati-igitur
690 667 755 707 ea:
781 651 882 720 ﬁde
910 662 1085 717 pacem
1111 641 1348 697 habemus
1374 636 1443 690 ad
1472 633 1635 687 Deum
1663 644 1750 700 per
1775 625 1883 680 Do-

280 754 475 805 mintsm
502 758 729 802 nostrum
746 742 923 797 Iesum
949 737 1227 798 Christum,
1253 748 1341 802 per
1365 742 1515 800 quem
1540 733 1587 778 et
1617 720 1885 777 habuimus

282 855 546 897 accessum
576 854 665 907 per
694 836 849 905 ﬁdem
874 833 927 885 in
952 829 1189 901 gratiam,
1220 825 1275 878 in
1301 836 1401 892 qua
1425 827 1639 879 stamus,
1667 809 1883 882 adjecit,

286 936 354 991 Et
373 934 658 1007 gloriamur
671 930 723 984 in
739 944 829 996 spe
843 925 1019 997 gloria:
1035 920 1132 975 Dei
1147 917 1324 987 (Rom.
1347 914 1400 969 5.
1424 912 1450 966 l
1464 950 1476 963 .
1497 910 1577 979 2).
1602 907 1888 975 Postquam

287 1002 449 1099 igitur
462 1023 596 1081 dixit
614 1021 805 1093 partim
823 1033 939 1086 quae
953 1016 1060 1084 jam
1075 1014 1383 1069 evenerant,
1396 1002 1588 1075 partim
1604 1015 1723 1068 quae
1739 1011 1894 1051 even-

288 1086 406 1175 tura
426 1125 585 1173 erant
648 1126 773 1168 nam
798 1106 943 1181 quod
961 1101 1231 1176 justilicati
1247 1097 1460 1170 quidem
1480 1107 1665 1149 sumus
1680 1130 1697 1156 ,
1718 1086 1891 1159 quod-

286 1226 395 1283 que
422 1224 522 1279 pro
547 1206 703 1261 nobis
726 1213 779 1258 et
796 1200 1101 1256 immolatus
1123 1206 1202 1250 est
1219 1192 1406 1257 Filius,
1431 1198 1485 1244 et
1500 1184 1642 1258 quod
1665 1198 1758 1254 per
1772 1195 1895 1236 cum

289 1314 569 1358 accessum
597 1296 665 1352 ad
696 1296 906 1350 Patrem
934 1287 1280 1347 obtinuimus,
1303 1279 1447 1352 quod
1472 1276 1698 1351 gratiam
1727 1280 1782 1328 et
1802 1270 1900 1327 do-

292 1408 421 1451 num
438 1389 621 1461 adepti
641 1399 847 1449 sumus,
862 1381 1003 1454 quod
1021 1396 1050 1435 a
1065 1377 1296 1449 peccatis
1312 1372 1522 1430 liberati
1535 1380 1741 1426 sumus.
1757 1361 1900 1435 quod

292 1486 359 1541 ad
389 1457 560 1541 Deum
585 1494 771 1552 pacem
797 1476 1076 1538 habemus,
1104 1480 1156 1526 et
1177 1467 1405 1538 Spiritus
1429 1461 1599 1520 sancti
1616 1457 1902 1531 participes

294 1578 514 1643 luimus,
541 1576 655 1629 haec
676 1587 743 1628 ex
763 1570 829 1625 iis
845 1576 970 1623 sunt
991 1581 1110 1635 quze
1124 1563 1234 1633 jam
1262 1564 1558 1616 evenerunt
1584 1571 1599 1609 :
1628 1566 1749 1624 qua:
1774 1563 1904 1604 vero

297 1682 421 1729 sunt
444 1642 723 1733 eventura,
743 1664 911 1737 gloria
934 1660 1183 1715 nimirum
1207 1663 1292 1711 est
1312 1653 1405 1709 illa
1426 1647 1732 1711 inelfabilis,
1763 1642 1906 1716 quod

299 1771 475 1837 ipsum
500 1764 661 1817 etiam
687 1756 882 1828 adjecit
907 1753 1092 1808 dicens
1123 1768 1135 1803 :
1164 1747 1232 1802 In
1258 1763 1360 1809 qua
1387 1754 1600 1806 stamus,
1627 1749 1677 1794 et
1706 1737 1903 1810 gloria-

300 1834 416 1913 mur
457 1857 510 1909 in
548 1870 639 1918 spe
676 1849 858 1923 glorise
896 1846 994 1900 Dei
1026 1841 1218 1916 (Rom.
1250 1840 1306 1895 5.
1329 1836 1399 1907 2)
1426 1853 1440 1891 :
1472 1847 1635 1905 porro
1660 1844 1818 1899 spes,
1851 1834 1910 1880 ut

302 1959 430 2005 ante
461 1946 604 2008 dixi,
637 1921 705 1997 ad
738 1936 1130 2012 pusillanimem
1172 1929 1474 1985 auditorem
1514 1921 1827 1991 erigendum
1856 1926 1911 1972 et

304 2037 643 2096 excitandum
674 2008 781 2087 non
809 2026 1097 2083 admodum
1117 2030 1202 2078 est
1232 2020 1421 2076 idonea
1447 2014 1605 2071 :vide
1630 2008 1757 2082 quid
1785 2022 1911 2064 rur-

306 2148 401 2186 sus
447 2128 640 2192 faciat,
683 2132 737 2178 et
776 2116 1132 2176 constantiam
1162 2110 1312 2168 Pauli
1341 2105 1620 2164 considera
1650 2116 1712 2156 ac
1740 2097 1916 2170 philo-

307 2222 585 2295 wphicam
615 2224 874 2272 mentem.
905 2211 983 2266 Ex
1011 2208 1117 2263 illis
1142 2206 1284 2262 enim
1314 2202 1467 2272 ipsis,
1496 2213 1614 2270 qua:
1645 2193 1914 2250 tristitiam

309 2326 402 2370 aut
430 2308 887 2383 perturbationem
928 2302 1125 2357 afferre
1150 2296 1467 2352 videbantur
1488 2333 1503 2359 ,
1531 2300 1587 2347 et
1613 2288 1913 2344 auditorem

313 2407 535 2463 turbare
556 2444 571 2467 ,
613 2418 680 2457 ex
724 2400 806 2454 his
838 2391 1223 2452 consolationis
1248 2398 1301 2443 et
1330 2381 1663 2457 gloriationis
1687 2391 1917 2434 coronas

314 2499 577 2557 contexit.
610 2495 706 2550 llis
734 2492 876 2547 enim
909 2486 1159 2542 omnibus
1183 2476 1515 2537 enumeratis
1542 2473 1796 2541 deinceps
1824 2467 1919 2522 ad-

312 2594 428 2668 jicit
451 2590 641 2646 dicens
675 2604 688 2639 :
733 2583 849 2639 Non
891 2580 1064 2635 solum
1105 2577 1221 2630 lucc
1259 2572 1344 2626 aio
1368 2612 1383 2637 ,
1424 2582 1545 2639 quae
1585 2578 1725 2619 nunc
1768 2559 1919 2626 dixi,

313 2650 456 2756 quod
499 2681 750 2737 nimirum
791 2669 1106 2730 sanetilicati
1146 2679 1332 2721 sumus
1356 2702 1370 2727 ,
1415 2657 1559 2730 quod
1599 2650 1874 2727 justiﬁcati
1905 2691 1920 2717 ,

316 2740 459 2846 quod
494 2788 589 2843 per
610 2766 986 2839 Unigeuitnm,
1011 2759 1152 2833 quod
1179 2756 1348 2827 gratia
1371 2752 1519 2822 potiti
1549 2760 1753 2810 sumus,
1782 2740 1926 2813 quod

321 2883 473 2940 pace,
501 2863 646 2935 quod
676 2862 841 2924 dono,
873 2855 1015 2926 quod
1046 2848 1362 2907 remissione
1389 2849 1755 2914 peccatorum,
1777 2831 1921 2905 quod

320 2953 812 3015 communicatione
850 2923 1081 3017 spiritus
1120 2942 1286 2995 sant-ti
1309 2977 1324 3002 ,
1354 2932 1495 3005 quod
1525 2929 1671 2984 omni
1698 2942 1818 2981 cum
1851 2923 1930 2978 fa-

322 3014 526 3107 cilitate
547 3087 562 3109 ,
598 3041 741 3113 quod
781 3014 982 3108 absque
1024 3034 1207 3088 labore
1231 3071 1246 3097 ,
1286 3028 1487 3095 absque
1525 3020 1720 3077 sudore
1741 3058 1757 3085 ,
1784 3014 1927 3086 quod

324 3142 440 3198 sola
471 3137 577 3193 fide
596 3108 783 3204 ,-quod
814 3130 1005 3184 Filium
1035 3124 1179 3179 misit
1204 3112 1572 3190 unigenitum,
1600 3108 1741 3182 quod
1767 3121 1932 3163 unum

326 3233 547 3305 quidem
580 3228 802 3298 largitus
828 3232 910 3277 est
931 3263 947 3288 ,
972 3221 1202 3274 alterum
1226 3228 1356 3268 vero
1384 3206 1662 3280 promisit,
1692 3200 1934 3258 incfl'abio

330 3327 436 3382 lem
462 3323 712 3394 gloriam,
739 3311 1221 3374 immortalitatem,
1256 3300 1711 3360 resurrectionem
1737 3308 1934 3362 corpo-

332 3435 454 3476 rum
479 3460 495 3485 ,
524 3412 890 3472 conditionem
916 3415 973 3462 et
1000 3413 1198 3459 sortem
1231 3396 1528 3468 angelicam
1551 3433 1567 3457 ,
1593 3384 1940 3445 consuetudi-

337 3529 463 3569 nem
490 3525 616 3566 cum
643 3505 859 3561 Christo
881 3541 898 3568 ,
927 3496 1312 3553 habitationem
1344 3490 1396 3544 in
1426 3486 1572 3541 caelis
1602 3499 1615 3535 :
1651 3481 1767 3535 hmo
1794 3476 1939 3532 enim

337 3606 522 3661 omnia
548 3600 727 3657 verbis
751 3595 855 3651 illis
876 3590 1187 3661 complexus
1208 3593 1312 3651 est,
1333 3580 1625 3637 Gloriamur
1643 3575 1696 3630 in
1721 3589 1810 3645 spe
1829 3571 1941 3643 glo-

338 3701 435 3754 ria:
464 3696 561 3751 Dei
593 3692 611 3766 (
639 3693 787 3747 liam.
813 3688 867 3743 5.
899 3684 937 3739 2

417 3788 558 3860 [pste
576 3754 865 3857 titillationes
886 3754 1005 3831 sunt
1032 3772 1222 3828 ltetitite
1251 3767 1556 3823 occasiones.
1588 3788 1661 3799 —
1682 3756 1800 3813 Non
1821 3754 1939 3808 haec

346 3846 507 3957 igititr
534 3846 709 3936 solum
736 3874 879 3937 dicit,
911 3884 1031 3941 quae
1067 3864 1428 3933 contigerunt,
1453 3865 1506 3910 et
1534 3869 1656 3925 quae
1699 3857 1823 3906 sunt
1859 3846 1947 3900 fu-

351 3990 470 4032 tura
497 3992 514 4029 :
541 3971 637 4028 sed
666 3984 728 4025 ea
756 3977 968 4037 quoque
993 3961 1128 4030 ipsa,
1151 3970 1271 4027 quae
1291 3954 1429 4007 inter
1446 3947 1691 4003 homines
1716 3940 1938 3996 molesta

352 4074 659 4131 censentur;
705 4056 989 4115 tribunalia
1035 4050 1320 4111 nimirum,
1371 4054 1657 4104 carceres,
1702 4041 1941 4098 mortes,

354 4160 549 4221 minas,
570 4153 789 4216 famem,
813 4153 1099 4210 tormenta,
1115 4137 1432 4209 sartagines,
1457 4136 1721 4191 fornaccs,
1743 4124 1951 4192 deprat-

349 4217 651 4311 dationem,
700 4244 863 4309 bella,
904 4233 1350 4308 oppugnationes,
1381 4237 1602 4297 pugnas,
1629 4217 1955 4280 seditiones,

352 4342 755 4404 mulentiones,
783 4336 899 4389 haec
938 4307 1151 4400 quoque
1189 4321 1356 4378 refert
1384 4321 1436 4373 in
1467 4326 1747 4370 numerum
1790 4307 1959 4362 dono-

359 4452 482 4493 rum
510 4448 575 4487 ac
603 4438 748 4486 recte
772 4426 1055 4480 factorum.
1085 4415 1202 4472 Non
1238 4412 1379 4468 enim
1410 4408 1478 4461 ob
1501 4405 1588 4459 illa
1615 4402 1810 4465 solum,
1840 4410 1961 4466 qute

357 4530 503 4585 dicta
549 4528 697 4589 sunt,
740 4514 1028 4573 laatandum
1073 4519 1156 4565 est
1190 4516 1348 4574 atque
1390 4494 1750 4570 gaudendum,
1781 4488 1876 4544 sed
1906 4486 1963 4540 in

361 4623 450 4677 his
495 4618 659 4673 etiam
696 4607 1059 4683 gloriandum,
1104 4610 1165 4655 ut
1203 4613 1324 4654 cum
1366 4595 1460 4653 ait.
1497 4589 1651 4643 Nunc
1692 4582 1886 4657 gaudeo
1911 4582 1964 4635 in

365 4679 858 4790 passionibus'meis
892 4718 983 4771 pro
1026 4696 1183 4762 vobis,
1206 4702 1252 4746 et
1279 4688 1534 4758 adimpleo
1553 4700 1614 4737 ea
1637 4695 1750 4746 qua:
1787 4679 1967 4731 desunt

367 4768 666 4881 passionum
692 4796 876 4855 Christi
893 4768 951 4847 in
977 4806 1128 4846 carne
1148 4802 1259 4840 mea
1286 4781 1421 4854 (Col.
1450 4781 1498 4833 Ι.
1520 4775 1636 4847 24).
1664 4772 1822 4829 Vides
1850 4768 1969 4823 ani-

370 4914 517 4956 mam
542 4896 760 4957 fortem,
790 4897 1024 4944 mentem
1053 4880 1362 4940 sublimem,
1392 4871 1639 4941 spiritum
1688 4864 1968 4926 invictum,

371 4990 465 5063 qui
506 5003 615 5044 non
645 4985 716 5040 ob
744 4992 976 5037 coronas
1016 4982 1222 5028 tantum
1269 4966 1548 5039 gloriatur,
1582 4958 1680 5017 sed
1713 4967 1768 5014 et
1797 4962 1973 5011 certa-

375 5050 613 5139 minibus
640 5078 771 5149 ipsis
796 5068 1131 5130 oblectatur?
1156 5080 1262 5120 non
1290 5060 1462 5117 solum
1490 5056 1560 5112 ob
1591 5050 1809 5125 praemia
1846 5061 1977 5119 gau-

375 5176 488 5237 det,
524 5171 619 5227 sed
644 5142 697 5225 in
724 5166 880 5221 luetis
908 5164 1068 5218 etiam
1096 5152 1369 5212 exsultat?
1400 5164 1505 5204 non
1552 5142 1713 5200 modo
1756 5147 1975 5211 propter

378 5266 763 5326 retributiones
784 5261 1012 5319 laetatur,
1030 5251 1125 5308 sed
1150 5257 1206 5304 et
1231 5248 1348 5317 ipso
1377 5238 1652 5314 pancratio
1677 5227 1980 5305 gloriatur?

381 5361 460 5417 Ne
482 5357 613 5413 mihi
650 5353 793 5410 enim
840 5361 1062 5419 regnum
1104 5340 1358 5396 caelorum
1395 5338 1780 5389 commemora,
1810 5334 1984 5389 neque

383 5466 610 5510 coronas
626 5447 743 5503 illas
759 5445 917 5498 imma
925 5432 1360 5495 rcescibiles,nec
1377 5415 1718 5495 pr:emia,sed
1736 5427 1823 5469 res
1845 5413 1987 5483 ipsas

387 5551 701 5616 praesentes,
720 5538 773 5590 in
789 5532 982 5605 quibus
999 5527 1164 5582 multa
1180 5524 1317 5577 inest
1334 5514 1573 5577 afﬂictio,
1588 5509 1738 5563 labor
1760 5547 1775 5570 ,
1795 5512 1851 5559 et
1880 5516 1990 5556 mo-

1160 5614 1166 5616 .
1329 5607 1364 5616 ..
1557 5610 1568 5616 _
1613 5594 1969 5616 Ληλωη

387 5594 787 5704 lesﬁaplttrima
837 5623 953 5679 haec
970 5617 1146 5689 profer
1158 5614 1210 5668 iu
1224 5607 1487 5671 taedium,
1518 5610 1576 5657 et
1600 5594 1885 5654 ostendere
1903 5605 1989 5661 po-

388 5742 506 5786 tcro
524 5682 747 5798 ptr'opter
765 5720 866 5774 ista
895 5713 1063 5770 multo
1096 5705 1323 5777 amplius
1349 5712 1469 5755 esse
1489 5682 1990 5767 gloriandum.Nam

390 5826 439 5880 in
460 5774 694 5894 pririfanis
709 5810 924 5884 quidem
940 5801 1197 5877 agonibus
1210 5795 1444 5853 laborem
1463 5785 1657 5844 habent
1674 5774 1989 5842 certamina,

1350 339 1439 395 DE
1477 331 1733 393 GLORIA
1775 328 1838 384 IN
1878 319 2517 383 TRlliULA'l‘lONIllUS.

3475 307 3577 363 «ω

1987 452 2200 494 coronae
2216 445 2418 500 autem,
2445 434 2767 503 voluptatem
2797 448 2808 484 :
2829 428 2917 483 hic
2939 442 3066 482 vero
3092 440 3196 480 non
3221 424 3288 479 ita
3307 441 3321 492 ;
3343 423 3437 478 sed
3456 435 3585 478 ante

1986 546 2215 587 coronas
2242 529 2355 599 ipsa
2390 526 2678 581 certamina
2717 522 2938 577 multam
2978 520 3317 575 occasionem
3353 516 3584 571 afferunt

1988 620 2269 696 gloriandi.
2294 620 2468 689 Atque
2484 627 2541 671 ut
2562 617 2673 669 haec
2697 615 2764 669 ita
2783 629 2840 669 se
2853 611 3049 667 habere
3066 610 3585 680 intelligatis,unum-

1990 732 2257 788 quemque
2282 723 2586 768 sanctorum
2618 723 2710 778 per
2739 706 2977 778 singulas
3009 703 3385 774 generationes
3408 701 3585 756 consi-

1992 810 2195 873 derate,
2215 818 2273 861 ut
2293 805 2465 875 inquit
2485 803 2593 868 ille,
2629 800 2929 870 Exemplum
2950 798 3184 866 accipite,
3214 796 3417 865 fratres,
3445 795 3589 849 labo-

1993 901 2065 954 ris
2085 909 2129 954 et
2152 897 2424 969 patientiae,
2457 893 2749 965 praphetas,
2778 890 2864 960 qui
2902 888 3097 958 loquuti
3139 895 3255 940 sunt
3300 884 3503 939 verbum
3530 884 3584 936 in

1995 991 2200 1046 nomine
2238 987 2445 1042 Domini
2477 984 2615 1054 (Jac.
2648 982 2839 1051 5.10).
2884 978 3186 1049 Quinetiam
3228 977 3312 1032 hic
3349 977 3463 1047 ipse
3498 977 3591 1045 qui

1998 1083 2154 1138 nobis
2175 1081 2278 1136 hoc
2300 1090 2573 1135 certamen
2598 1074 2891 1146 proposuit,
2922 1082 2977 1129 et
3006 1072 3108 1127 hoc
3136 1070 3411 1142 Spirituale
3440 1069 3593 1123 thea-

1970 1252 1973 1255 _
2000 1186 2139 1231 trum
2163 1173 2496 1235 convocavit,
2527 1170 2744 1235 Paulus,
2770 1168 3007 1237 inquam,
3040 1176 3318 1235 postquam
3345 1165 3592 1217 innume-

2001 1281 2088 1321 ras
2117 1264 2448 1336 singulorum
2470 1270 2776 1316 sanctorum
2805 1256 3122 1312 afflictiones
3150 1254 3434 1317 recensuit,
3463 1268 3597 1322 quas

2004 1376 2177 1430 neque
2203 1372 2346 1413 nunc
2380 1354 2627 1426 persequi
2659 1348 2993 1407 numerando
3020 1348 3175 1402 facile
3205 1346 3384 1410 fuerit,
3410 1345 3597 1415 adjun-

2004 1453 2081 1521 git
2104 1450 2290 1505 dicens
2314 1466 2327 1502 :
2351 1446 2671 1502 Circuierunt
2694 1444 2748 1497 in
2772 1440 2989 1504 melotis,
3017 1441 3071 1493 in
3098 1438 3313 1509 pellibus
3349 1438 3594 1507 caprinis,

2006 1551 2238 1615 egentes,
2282 1537 2555 1610 angustiati
2580 1579 2594 1602 ,
2634 1534 2802 1607 amicti
2841 1548 2859 1587 :
2894 1531 3073 1602 quibus
3109 1530 3295 1601 dignus
3345 1546 3447 1583 non
3488 1539 3595 1582 erat

2009 1631 2230 1686 mundus
2251 1632 2267 1662 ¹
2297 1628 2486 1698 (Hebr.
2517 1628 2605 1682 ll.
2634 1627 2726 1681 57.
2750 1624 2863 1695 58),
2899 1632 2954 1676 et
2994 1630 3173 1675 tamen
3225 1627 3443 1690 propter
3491 1618 3605 1672 hinc

2010 1724 2190 1780 omnia
2226 1722 2562 1777 laetabantur.
2593 1719 2706 1774 lloc
2751 1730 2881 1772 vero
2918 1728 3140 1770 cernere
3186 1713 3360 1783 quivis
3408 1720 3603 1780 potest,

2011 1816 2224 1890 quando
2261 1824 2380 1886 past
2404 1828 2698 1877 carcerem,
2725 1818 2781 1865 et
2810 1807 3001 1879 probra
3023 1805 3149 1860 czesi
3175 1803 3491 1859 verberibus
3510 1801 3608 1870 eji-

2013 1912 2290 1969 ciebantur
2322 1926 2337 1964 :
2366 1906 2492 1978 quid
2529 1905 2633 1959 ait?
2686 1902 2749 1956 Et
2787 1901 2867 1956 illi
2908 1900 3112 1971 quidem
3151 1897 3292 1950 ibant
3333 1895 3609 1966 gaudentes

2014 2022 2046 2059 α
2067 2012 2336 2073 conspectu
2377 1998 2593 2060 consilii,
2624 1995 2863 2066 quoniam
2904 1992 3046 2063 digni
3069 1989 3226 2043 habiti
3246 1997 3360 2041 sunt
3389 2002 3480 2058 pro
3510 2001 3606 2039 no-

2017 2099 2152 2151 mine
2170 2094 2207 2148 1
2211 2111 2297 2148 esu
2326 2090 2682 2147 contumeliam
2709 2089 2815 2158 pati
2860 2085 2995 2152 (Act.
3027 2084 3082 2138 5.
3108 2083 3219 2151 M).

2089 2192 2143 2245 4.
2174 2186 2462 2256 Martyrum
2504 2180 2703 2253 egregia
2744 2176 3038 2232 certamina.
3069 2172 3268 2227 Paulus
3301 2167 3614 2224 daemonibus

2019 2281 2255 2337 terribilis
2280 2278 2335 2332 in
2359 2273 2786 2347 aﬂlictionibus.-—
2808 2268 3005 2324 Verum
3033 2266 3179 2321 enim
3220 2277 3347 2317 vero
3388 2263 3501 2315 haec
3522 2277 3620 2314 no-

2020 2385 2132 2433 stra
2161 2373 2321 2429 etiam
2344 2378 2500 2424 astate
2528 2366 2895 2434 contigerunt;
2922 2374 2985 2414 ac
3006 2358 3052 2413 si
3071 2356 3217 2420 velit,
3237 2352 3617 2424 cogitetquivis

2022 2482 2085 2523 ea
2106 2480 2225 2536 qua:
2262 2461 2404 2527 dico,
2433 2457 2607 2530 qualia
2631 2466 2870 2524 tempore
2904 2447 3376 2520 persequutionum
3412 2441 3621 2497 accide-

2024 2560 2151 2614 rint.
2187 2552 2584 2626 lugrediebatur
2609 2550 2758 2617 virgo
2784 2555 2965 2601 tenera
2995 2553 3051 2597 et
3080 2541 3319 2609 innupta,
3341 2551 3460 2591 cera
3485 2551 3621 2604 qua-

2027 2652 2108 2707 vis
2134 2649 2347 2705 mollius
2392 2644 2594 2699 habens
2635 2654 2850 2707 corpus,
2884 2646 2993 2690 tum
3023 2632 3179 2687 afﬁxa
3210 2629 3439 2699 cquuleo
3468 2626 3623 2681 dera-

2027 2745 2103 2798 sis
2132 2740 2387 2797 lateribus
2432 2732 2849 2807 perfodicbatur,
2878 2736 2932 2781 et
2957 2724 3216 2794 sanguine
3248 2730 3355 2774 tota
3408 2716 3617 2788 perfusa

2029 2844 2177 2900 erat;
2205 2842 2262 2888 at
2284 2830 2509 2903 perinde
2547 2824 2699 2895 quasi
2722 2835 2921 2893 sponsa
2950 2826 3095 2874 esset
3125 2816 3320 2885 potius,
3348 2822 3401 2866 et
3429 2812 3480 2863 in
3506 2810 3625 2862 tha-

2034 2928 2176 2983 lamo
2204 2923 2440 2987 sederet,
2471 2920 2541 2973 ita
2571 2917 2799 2972 libenter
2825 2927 2888 2968 ea
2919 2924 3038 2981 quae
3085 2907 3284 2962 fiebant
3312 2903 3381 2958 ob
3405 2915 3629 2971 regnum

2033 3021 2286 3077 caelorum
2334 3011 2654 3085 perferebat,
2680 3008 2732 3062 in
2780 3004 2909 3075 ipsis
2953 2997 3333 3057 certaminibus
3374 3008 3631 3049 coronam

2036 3114 2358 3188 percipiens.
2384 3107 2570 3177 Cogita
2600 3104 2757 3174 quale
2784 3097 3146 3170 Spectaculum
3178 3103 3321 3149 esset
3347 3101 3633 3161 tyrannum

2035 3219 2261 3264 cernere
2297 3216 2420 3258 cum
2445 3198 2557 3254 suis
2594 3191 2939 3254 exercitibus,
2966 3202 3087 3244 cum
3126 3181 3443 3240 acuminatis
3484 3178 3634 3233 ensi-

2040 3301 2163 3363 bus,
2194 3310 2317 3353 cum
2345 3301 2424 3348 tot
2450 3289 2637 3356 armis,
2669 3302 2789 3356 qua:
2815 3283 2884 3337 ab
2911 3296 3016 3336 una
3044 3278 3217 3350 puella
3260 3274 3634 3329 vincebantur.

2040 3391 2204 3447 Vides
2246 3392 2415 3459 ipsam
2452 3381 2615 3438 etiam
2661 3376 3004 3432 alllictiouem
3026 3362 3146 3426 cum
3176 3367 3404 3422 maxima
3438 3362 3638 3432 gloria-

2044 3487 2189 3541 tione
2214 3496 2337 3538 esse
2366 3471 2745 3546 conjunctam?
2771 3468 2879 3525 Vos
2903 3481 3035 3522 vero
3063 3462 3219 3518 nobis
3246 3470 3412 3514 testes
3450 3469 3640 3512 eorum

2044 3581 2176 3637 estis
2201 3591 2322 3650 quae
2346 3573 2600 3630 diximus.
2633 3568 2764 3622 Cum
2787 3563 2929 3619 enim
2969 3557 3204 3614 nondum
3240 3550 3514 3608 mercedes
3541 3563 3639 3633 ne:

2045 3622 2176 3637 ......-
2202 3622 2322 3650 Ἰ-..
2349 3622 2597 3630 --ηηη

2045 3689 2150 3744 que
2178 3669 2394 3742 praemia
2415 3661 2717 3734 receperint
2746 3665 3030 3726 martyres,
3058 3666 3160 3707 nec
3184 3661 3432 3710 coronas,
3462 3644 3559 3699 sed
3588 3622 3642 3696 in

2050 3765 2325 3837 pulverem
2355 3773 2419 3814 ac
2439 3757 2676 3813 cinerem
2725 3749 2971 3813 abierint,
3004 3758 3217 3800 summo
3256 3739 3432 3794 studio
3460 3736 3526 3791 ad
3547 3750 3646 3789 eo-

2049 3871 2168 3912 rum
2224 3853 2457 3907 honores
2502 3842 2873 3902 concurrimus
2897 3880 2914 3905 ,
2952 3852 3015 3891 ac
3055 3835 3325 3889 theatrum
3367 3826 3651 3900 Spirituale

2052 3955 2431 4009 convocamus,
2459 3938 2692 3993 victores
2720 3948 2814 3987 eos
2844 3928 3232 3989 renuntiamus,
3255 3933 3309 3978 et
3331 3934 3655 3977 coronamus

2054 4047 2275 4112 propter
2300 4035 2540 4098 vulnera,
2589 4026 2923 4097 sanguinem,
2957 4027 3244 4083 tormenta,
3284 4016 3489 4086 plagas,
3518 4011 3657 4066 aflli-

2056 4105 2262 4191 otio—nes
2279 4129 2398 4185 illas
2412 4136 2467 4182 et
2484 4122 2757 4194 angustias
2788 4136 2802 4174 :
2833 4118 2911 4171 sic
2943 4115 3005 4169 ﬁt
3031 4122 3089 4168 ut
3113 4120 3169 4167 et
3194 4111 3323 4181 ipsa:
3341 4105 3659 4162 afflictiones

2058 4225 2433 4299 gloriationem
2458 4232 2611 4274 suam
2656 4214 2890 4269 habeant
2928 4207 3015 4264 vel
3055 4214 3180 4261 ante
3221 4199 3655 4258 retributionem.

2061 4290 2244 4388 Dogita
2270 4320 2503 4386 quantus
2529 4308 2610 4362 vir
2651 4312 2792 4360 esset
2840 4310 2950 4357 tum
2992 4295 3249 4367 temporis
3289 4290 3660 4356 Paulus,ctuu

2062 4387 2311 4468 carceres
2334 4403 2622 4467 habitaret,
2650 4406 2705 4453 et
2725 4394 2791 4450 ad
2818 4390 3102 4448 tribunalia
3143 4387 3465 4448 traheretur,
3504 4394 3667 4449 quam

2065 4502 2387 4571 conspicuus
2410 4536 2425 4562 ,
2464 4506 2623 4564 quam
2679 4485 2909 4543 celebris
2950 4491 3005 4538 et
3041 4477 3263 4535 illustris
3298 4471 3435 4544 apud
3473 4483 3667 4524 omnes

2067 4565 2369 4667 appareret,
2398 4586 2665 4659 praecipue
2707 4595 2835 4634 vero
2872 4573 3015 4646 apud
3061 4586 3176 4636 eos,
3209 4583 3239 4622 a
3264 4565 3456 4637 quibus
3488 4574 3660 4630 Oppu-

2068 4656 2329 4760 gnabatur
2439 4676 2646 4733 insidiis
2692 4667 3062 4742 appetebatur.
3087 4660 3192 4717 Sed
3222 4656 3348 4729 quid
3392 4668 3493 4724 ego
3535 4665 3663 4706 coo-

2072 4745 2314 4851 ;picuum
2345 4769 2651 4828 hominibus
2675 4779 2797 4819 eum
2833 4760 2995 4815 fuisse
3018 4756 3162 4817 dico,
3192 4748 3405 4822 quando
3428 4745 3514 4800 vel
3541 4746 3674 4813 ipsis.

2075 4838 2407 4929 daemonibus
2434 4874 2545 4919 tum
2577 4858 2745 4930 magis
2793 4854 2894 4909 fuit
2932 4844 3307 4911 formidabilis,
3337 4854 3461 4896 cum
3508 4838 3670 4907 virgis

2077 4960 2410 5022 caederetur?
2433 4957 2565 5013 Cum
2592 4964 2721 5007 vero
2745 4954 2890 5003 esset
2910 4944 2965 4998 in
2985 4939 3237 5003 vinculis,
3280 4948 3402 4990 cum
3451 4928 3671 4985 naufra-

2080 5057 2164 5129 gia
2208 5057 2516 5125 pateretur,
2558 5055 2669 5099 tum
2718 5037 2951 5095 maxima
2990 5031 3183 5089 edebat
3225 5023 3513 5088 miracula,
3563 5030 3678 5075 tum

2083 5114 2253 5220 inagis
2298 5139 2635 5200 adversarias
2677 5141 2970 5205 potestates
2998 5122 3304 5195 superabat.
3331 5118 3465 5173 Cum
3512 5114 3671 5184 igitur

2086 5243 2252 5313 probe
2290 5245 2493 5300 nosset,
2542 5238 2799 5301 quantum
2825 5238 2892 5278 ex
2942 5220 3029 5274 his
3066 5210 3445 5270 afflictionibus
3487 5206 3679 5260 animae

2087 5306 2294 5389 lucrum
2342 5322 2640 5384 obveniret,
2682 5315 2892 5372 dicebat
2923 5326 2939 5370 :
2966 5308 3093 5365 Cum
3133 5306 3391 5373 iuﬁrmor,
3430 5308 3547 5352 tunc
3592 5312 3687 5364 po—

2227 5437 2339 5477 sum
2368 5434 2386 5472 :
2413 5413 2607 5472 deinde
2637 5409 2784 5464 addit
2814 5423 2827 5459 :
2868 5403 3084 5473 PrOpter
3102 5396 3237 5468 quod
3278 5394 3450 5463 placeo
3476 5386 3605 5441 mihi
3630 5389 3701 5442 in,

2090 5510 2489 5587 inﬁrmitatibus,
2533 5505 2589 5559 in
2631 5495 2966 5561 contumeliis,
2996 5493 3049 5546 in
3076 5482 3473 5547 necessitatibus,
3498 5480 3556 5535 in
3571 5492 3703 5548 pera.

2159 5649 2177 5680 ί
2202 5652 2307 5694 Mss.
2335 5648 2459 5705 post,
2485 5632 2717 5707 caprinis,
2740 5629 2941 5697 addunt,
2964 5624 3017 5675 in
3039 5616 3370 5707 solitudinibus
3386 5616 3628 5707 εξωξξὶῂ
3641 5614 3690 5707 ft

2730 5701 2739 5707 -
2938 5694 3083 5707 .-κ-η.
3120 5696 3183 5707 ....
3208 5692 3245 5707 ..
3286 5688 3402 5707 Mm,
3451 5687 3472 5707 ,ρ
3628 5685 3640 5707 ,

2160 5665 2177 5680 ⁸
2205 5665 2307 5694 MSS.
2337 5665 2459 5705 μυθι,
2485 5665 2591 5700 Lup:
2605 5665 2717 5692 ωηο,
2741 5665 2941 5687 uua-un,
2967 5665 3017 5675 ,η
3039 5665 3228 5674 νηπνῄ,
3253 5665 3276 5667 η

2097 5707 2350 5762 montibus,
2369 5712 2413 5753 et
2438 5698 2671 5753 cavernis,
2686 5701 2741 5762 et
2758 5688 2911 5742 antris
2936 5694 3102 5747 terrw,
3120 5678 3263 5739 pulsi,
3285 5680 3491 5741 egentes,
3511 5665 3684 5736 qtubus

2107 5756 2282 5836 dignus
2304 5756 2399 5818 non
2419 5768 2523 5814 erat
2546 5756 2772 5810 mundus.
