3964 6342
376 241 479 301 ωδ

366 355 764 428 sequutionibus,
804 355 856 407 in
895 354 1187 424 angustiis,
1228 364 1282 407 ut
1322 353 1566 408 inhabitet
1609 355 1661 408 in
1689 370 1767 408 me
1809 356 1965 408 virtus

367 449 556 504 Christi
583 446 795 518 (2;Cor.
819 445 903 501 19..
932 446 1018 520 ll).
1053 444 1130 516 9).
1156 445 1359 500 ldcirco
1379 445 1539 500 etiam
1570 462 1690 502 cum
1711 446 1776 501 ad
1800 463 1961 517 quos-

363 543 487 594 «iam
532 539 793 595 scriberet
828 536 1068 594 Corinthi
1112 537 1388 609 degentes,
1438 547 1494 594 et
1523 537 1575 593 in
1607 554 1699 594 eos
1739 538 1960 593 invehec

367 644 532 699 retur,
555 632 643 705 qui
667 631 734 686 de
763 647 822 686 se
839 630 1119 701 magnifice
1144 629 1466 696 sentiebant,
1493 629 1626 685 alios
1657 645 1783 685 vero
1809 630 1959 684 dam-

365 725 583 788 nabant,
613 722 857 793 epistolae
903 722 1130 778 formam
1177 723 1486 792 exprimens
1530 721 1708 789 nobis,
1737 732 1956 777 coactus

365 825 449 870 est
464 831 682 870 suorum
704 823 850 870 recte
871 812 1132 868 factorum
1157 813 1441 883 imaginem
1463 813 1774 885 depingere,
1798 815 1961 885 idque

367 923 471 963 non
499 923 564 961 ex
592 907 775 978 signis,
807 921 915 960 non
957 920 1027 961 ex
1063 905 1355 972 miraculis,
1374 920 1480 958 non
1505 921 1570 960 ex
1602 905 1828 972 honore,
1854 923 1961 961 non

364 1017 428 1055 ex
463 999 693 1066 deliciis,
740 998 836 1054 sed
876 1013 943 1054 ex
987 997 1315 1063 carceribus,
1345 1013 1411 1052 ex
1432 997 1671 1068 judiciis,
1695 1014 1759 1054 ex
1792 998 1955 1067 fame,

362 1106 427 1146 ex
456 1091 649 1161 frigore
669 1131 685 1156 ,
707 1105 771 1145 ex
815 1089 990 1154 bellis,
1020 1104 1086 1144 ex
1112 1089 1340 1157 insidiis,
1371 1089 1633 1159 ejusmodi
1659 1091 1838 1147 verbis
1867 1107 1961 1148 eos

363 1184 644 1254 alloquens
688 1201 702 1237 :
745 1181 973 1237 Ministri
1027 1180 1215 1238 Christi
1259 1193 1410 1250 sunt,
1452 1193 1507 1236 ut
1542 1184 1711 1238 minus
1758 1186 1959 1255 sapiens

367 1277 502 1343 dico,
533 1276 648 1347 plus
665 1293 778 1350 ego,
809 1286 866 1332 et
893 1276 1135 1332 indicans
1170 1277 1297 1333 illud
1342 1277 1493 1344 Plus,
1525 1288 1580 1334 et
1620 1279 1672 1334 in
1702 1295 1809 1350 quo
1829 1281 1962 1334 emi-

367 1379 542 1435 neret,
562 1369 757 1439 inquit,
789 1367 856 1422 In
883 1369 1136 1424 laboribus
1152 1370 1393 1440 amplius,
1411 1371 1466 1425 in
1502 1371 1784 1425 carceribus
1799 1373 1962 1426 abun-

367 1462 592 1524 dantius,
625 1463 678 1516 in
705 1463 872 1534 plagis
898 1479 1056 1533 supra
1079 1463 1305 1529 modum,
1333 1465 1387 1519 in
1420 1466 1660 1520 mortibus
1676 1470 1962 1538 frequenter

369 1554 454 1625 (Ξ.
471 1555 587 1610 Cor.
610 1557 699 1612 11.
720 1556 844 1626 9.3),
864 1565 918 1612 et
936 1573 1056 1628 quae
1077 1569 1372 1629 sequuntur
1397 1576 1410 1612 :
1444 1557 1503 1614 Si
1518 1559 1728 1630 gloriari
1742 1569 1956 1631 oportet,

370 1649 425 1700 in
445 1647 506 1702 iis
531 1663 642 1714 qua:
657 1647 966 1716 inﬁrmitatis
984 1665 1106 1704 mea:
1125 1658 1241 1704 sunt
1254 1650 1590 1723 gloriabor(2.
1603 1650 1720 1707 Cora
1738 1653 1824 1708 ll.
1842 1651 1959 1722 30).

435 1739 614 1795 Gloria
640 1741 950 1808 voluptatem
975 1740 1146 1809 affert.
1192 1740 1474 1796 Prazmium
1491 1745 1748 1814 justorum
1784 1749 1838 1798 in
1865 1745 1962 1799 hac

367 1832 489 1884 vita.
519 1829 777 1886 —Vides
804 1847 929 1886 eum
959 1831 1015 1888 in
1065 1831 1150 1888 his
1206 1834 1375 1888 multo
1419 1835 1652 1903 amplius
1703 1836 1958 1906 gloriari,

364 1937 524 1993 quam
547 1923 617 1978 ob
654 1923 960 1993 splendidas
987 1939 1220 1980 coronas
1261 1925 1359 1980 sibi
1391 1927 1604 1996 placere
1625 1969 1640 1991 ,
1691 1937 1852 1999 atque
1878 1929 1959 1985 id-

363 2017 508 2070 eirco
536 2015 714 2070 dicere
733 2055 747 2080 ,
800 2014 925 2069 Non
967 2017 1136 2070 solum
1161 2026 1352 2084 autem,
1392 2018 1481 2072 sed
1509 2029 1554 2072 et
1581 2019 1862 2091 gloriamur
1906 2023 1960 2076 in

361 2107 820 2164 tribulatiOnibus?
840 2107 978 2175 Quid
1008 2117 1091 2164 est
1113 2119 1291 2165 autem
1345 2110 1472 2164 illud
1499 2151 1514 2177 ,
1572 2110 1696 2166 Non
1741 2115 1906 2168 solum
1936 2116 1962 2168 Ρ

367 2205 483 2259 Non
505 2201 699 2266 solum,
732 2200 924 2272 inquit,
957 2217 1062 2256 non
1084 2203 1319 2258 animum
1337 2203 1731 2274 despondemus
1752 2206 1960 2278 afflicti,

365 2292 623 2354 mumnis
665 2294 931 2364 oppressi,
960 2293 1056 2350 sed
1084 2303 1354 2366 tamquam
1395 2296 1656 2366 majorem
1683 2297 1752 2352 ad
1784 2299 1955 2353 hono-

365 2401 478 2441 rem
504 2386 839 2457 gloriamque
866 2388 1122 2458 provecti,
1151 2389 1447 2459 gloriamur
1462 2391 1636 2459 potius
1656 2391 1725 2445 ob
1737 2407 1822 2458 ca,
1841 2407 1961 2463 quin

372 2479 530 2534 nobis
554 2479 892 2550 contingunt,
922 2480 1284 2536 incommoda.
1332 2481 1535 2538 Deinde
1563 2485 1813 2554 quoniam
1846 2501 1962 2540 ma-

368 2576 564 2627 ximam
591 2574 718 2628 oriri
740 2573 984 2644 gloriam,
1017 2574 1231 2630 laudem
1257 2585 1312 2630 et
1326 2575 1668 2645 jactationem
1698 2593 1766 2634 ex
1795 2579 1963 2634 tribu-

367 2665 651 2721 |:nionibus
675 2665 832 2732 dixit,
861 2666 1088 2737 gloriam
1117 2683 1246 2724 vero
1283 2679 1489 2723 certum
1519 2679 1603 2724 est
1633 2670 1956 2740 voluptatem

361 2760 586 2818 aﬂ’erre:
615 2761 702 2815 ubi
723 2761 866 2816 enim
895 2761 1139 2834 voluptas
1167 2772 1271 2830 est,
1302 2763 1524 2817 omnino
1548 2773 1632 2819 est
1659 2764 1820 2819 etiam
1837 2765 1957 2835 glo-

364 2853 440 2905 ria
466 2868 479 2904 :
515 2851 608 2907 ubi
635 2866 761 2905 vero
787 2851 912 2905 taﬂs
934 2852 1125 2922 gloria,
1152 2852 1221 2906 ibi
1247 2853 1468 2908 omnino
1492 2861 1578 2908 est
1607 2854 1770 2909 etiam
1801 2857 1957 2910 volu—

369 2952 522 3010 ptas:
558 2951 838 3012 postquam
863 2941 1022 3012 igitur
1051 2942 1213 3013 affligi
1237 2943 1575 3013 Splendidum
1603 2943 1732 3014 quid
1752 2955 1808 3000 et
1831 2945 1958 3001 illu-

366 3041 477 3087 stre
503 3047 624 3087 esse
671 3033 1096 3100 demonstravit,
1143 3043 1200 3089 et
1241 3035 1574 3103 gloriationis
1619 3051 1957 3094 occasnonem

357 3123 578 3192 .aﬂ'erre,
603 3125 767 3179 alium
786 3126 904 3196 ejus
921 3125 1173 3181 effectum
1195 3127 1488 3182 maximum
1505 3138 1684 3183 narrat
1709 3127 1962 3184 fructum-

367 3232 471 3289 que
501 3231 770 3272 summum
796 3233 859 3272 ac
882 3218 1224 3286 stupendum.
1259 3219 1492 3285 Quisille
1509 3235 1669 3288 porro
1686 3221 1758 3277 sit
1774 3223 1957 3278 videa-

361 3324 499 3361 mus.
530 3308 760 3362 Scientes
785 3309 961 3379 igitur,
991 3310 1184 3379 inquit,
1209 3310 1346 3380 quod
1374 3311 1634 3367 tribulatio
1664 3316 1959 3385 patientiam

360 3407 619 3466 operatur,
667 3400 910 3469 patientia
959 3409 1126 3452 autem
1181 3399 1544 3470 probationem,
1574 3404 1801 3473 probatio
1843 3423 1958 3462 vero

357 3505 498 3557 spem
520 3529 539 3555 ,
587 3506 700 3559 spes
742 3501 909 3544 autem
952 3507 1053 3545 non
1091 3493 1357 3563 confundit
1409 3495 1606 3566 (Rom.
1639 3498 1690 3553 5.
1740 3499 1775 3553 5
1805 3529 1828 3541 -
1852 3501 1886 3556 5
1915 3503 1954 3570 ).

321 3581 326 3588 '
357 3579 494 3650 Quid
522 3589 624 3645 est,
657 3579 884 3635 Scientcs
911 3582 1047 3652 quod
1082 3583 1339 3638 tribulatio
1396 3587 1693 3656 patientiam
1721 3589 1801 3659 (a)
1832 3607 1956 3661 ope-

360 3670 543 3724 ratur?
575 3671 726 3725 llunc
754 3673 1044 3728 niaximum
1071 3673 1299 3730 fructum
1322 3675 1505 3741 habet,
1523 3680 1664 3749 quod
1683 3681 1955 3738 hominem

360 3758 616 3815 atlliclum
663 3763 1018 3820 robustiorem
1077 3767 1272 3822 reddit.
1322 3767 1454 3823 Nam
1506 3772 1956 3839 quemadmodum

356 3850 598 3916 arbores,
629 3867 749 3926 quae
797 3856 849 3909 in
893 3855 1161 3912 umbrosis
1206 3874 1270 3914 ac
1316 3872 1600 3917 ventorum
1649 3867 1956 3934 expertibus

307 4003 318 4007 μ
360 3941 738 4011 locisaluntur,
767 3961 888 4001 cum
915 3958 1135 4003 externa
1155 3951 1333 4020 specie
1357 3968 1612 4028 prospere
1631 3958 1952 4027 germinent,

362 4031 548 4088 molles
567 4034 699 4090 fiunt
722 4047 883 4108 atque
907 4037 1170 4111 fungosm,
1203 4050 1257 4097 et
1293 4041 1448 4100 facile
1497 4049 1688 4115 quovis
1738 4049 1954 4106 incursu

357 4126 658 4194 laeduntur;
690 4146 809 4200 qua:
835 4147 964 4187 vero
1005 4133 1058 4188 in
1096 4136 1322 4191 excelsis
1353 4139 1615 4194 montium
1665 4143 1955 4200 verticibus

359 4222 475 4274 sitae
501 4231 630 4276 sunt
650 4264 665 4288 ,
695 4239 725 4277 a
770 4225 951 4280 multis
982 4229 1296 4298 magnisque
1320 4231 1495 4287 ventis
1519 4233 1786 4302 agitantur
1807 4275 1824 4300 ,
1875 4235 1957 4290 in-

361 4313 676 4382 temperiem
703 4317 839 4370 aeris
858 4317 1071 4373 assidue
1095 4319 1288 4386 ferunt,
1302 4325 1618 4392 gravissima
1635 4335 1955 4398 tempestate

361 4403 660 4472 pulsantur,
693 4415 747 4461 et
771 4408 936 4464 multa
969 4410 1094 4466 nive
1122 4411 1405 4481 feriuntur,
1433 4413 1578 4469 ferro
1621 4419 1810 4486 quovis
1857 4435 1948 4474 ro-

355 4496 626 4553 bustiores
652 4497 922 4554 evadunt:
954 4501 1066 4572 pari
1098 4502 1305 4559 ratione
1325 4521 1574 4576 corpora,
1603 4525 1724 4578 quae
1772 4511 1919 4565 mult'

421 4672 494 4734 (a)
532 4679 646 4736 neg.
677 4680 828 4724 totum
851 4675 1006 4728 refert
1027 4677 1153 4729 Pauli
1181 4677 1353 4730 locum.

1113 239 1169 295 S.
1209 238 1491 296 JOANNIS
1526 237 1957 296 οιιιηεοδτω

2064 240 2358 296 ιῐιεῐηιιον.
2399 240 2934 298 CONSTANTINOP.

3561 245 3670 302 164

2077 369 2140 408 ac
2172 353 2331 408 variis
2360 355 2412 408 in
2451 353 2659 410 deliciis
2688 355 3006 423 educantur,
3037 371 3156 426 quae
3201 358 3454 415 mollibus
3497 360 3668 414 vesti-

2071 446 2269 501 mentis
2299 458 2580 514 ornantur,
2613 463 2732 519 qua:
2758 448 3026 504 continuis
3051 448 3256 506 balneis
3285 460 3341 506 et
3378 451 3670 522 unguentis

2072 549 2314 606 utuntur,
2342 556 2409 595 ac
2429 540 2629 595 diversi
2681 541 2897 612 generis
2949 543 3220 598 alimentis
3269 555 3466 614 pmter
3509 560 3669 599 usum

2068 632 2430 686 necessarium
2472 631 2700 688 delicate
2731 633 3014 700 fruuntur,
3063 649 3282 704 prorsus
3328 635 3396 690 ad
3438 635 3668 691 sudores

2068 721 2387 794 laboresque
2411 739 2506 793 pro
2529 725 2787 795 religione
2812 725 3121 782 subeundos
3151 726 3356 780 inutilia
3413 727 3660 782 reddun-

2067 822 2174 879 tur,
2203 814 2544 886 maximoque
2567 816 2829 886 supplicio
2855 827 2981 872 sunt
3007 816 3272 872 obnoxia:
3300 817 3380 873 sic
3409 819 3667 873 nimirum

2065 914 2122 960 et
2144 906 2360 971 animae,
2387 922 2509 977 quae
2536 907 2872 963 miseriarum
2894 918 3172 979 expertem
3218 910 3382 964 vitam
3413 909 3625 966 ducunt
3647 951 3663 976 ,

2065 1014 2186 1070 qua:
2205 998 2420 1055 deliciis
2442 998 2688 1065 affluunt,
2721 1016 2841 1070 qute
2865 1000 3092 1056 libenter
3118 1001 3472 1072 praesentibus
3502 1003 3666 1058 rebus

2066 1102 2193 1147 sunt
2223 1090 2420 1147 dedita}
2449 1131 2466 1159 ,
2516 1106 2581 1148 ac
2624 1093 2790 1147 vitam
2817 1091 3020 1148 doloris
3045 1103 3322 1164 expertem
3369 1092 3672 1164 prmferunt

2066 1182 2444 1238 afflictionibus
2484 1199 2582 1255 pro
2631 1199 2800 1255 regno
2848 1185 3109 1240 cmlorum
3154 1200 3305 1240 more
3352 1195 3663 1241 sanctorum

2066 1275 2304 1329 omnium
2331 1275 2649 1344 subeundis,
2677 1290 2800 1330 cera
2821 1276 3008 1346 quavis
3035 1276 3310 1332 molliores
3326 1288 3380 1332 et
3414 1277 3667 1332 imbecilo

2066 1364 2227 1420 liores
2255 1365 2478 1432 effectae,
2515 1367 2624 1438 igni
2647 1367 2900 1438 pabulum
2916 1376 3253 1438 exponuntur
3277 1379 3517 1436 artemo;
3544 1385 3667 1440 qua:

2067 1473 2196 1514 vero
2220 1459 2472 1529 periculis
2497 1503 2512 1527 ,
2547 1461 2821 1516 laboribus
2848 1472 2903 1517 et
2930 1463 3185 1517 (erumnis
3210 1461 3517 1520 afﬂictionis
3567 1464 3663 1520 Dei

2065 1566 2224 1607 causa
2249 1552 2540 1608 toleranda:
2565 1563 2691 1608 sunt
2714 1556 2998 1624 expositae,
3043 1566 3206 1626 atque
3253 1557 3308 1611 in
3358 1557 3490 1628 ipsis
3528 1572 3663 1612 enu-

2067 1644 2224 1707 tritm,
2257 1642 2400 1698 ferro
2430 1645 2547 1716 ipso
2578 1645 2660 1702 vel
2687 1645 2971 1702 adamante
2999 1647 3284 1702 solidiores
3313 1648 3447 1703 fiunt
3485 1664 3552 1704 ac
3577 1664 3663 1720 ge-

2067 1736 2393 1800 nerosiores,
2425 1746 2481 1792 et
2511 1752 2578 1792 ex
2602 1754 2667 1792 eo
2695 1737 2836 1807 quod
2865 1739 3079 1794 assidue
3104 1750 3382 1805 vexentur,
3431 1740 3661 1811 inexpu-

2064 1825 2307 1896 gnabiles
2333 1828 2653 1883 adversariis
2675 1829 2994 1897 redduntur,
3021 1842 3076 1886 et
3092 1832 3349 1887 invictum
3370 1835 3660 1903 quemdam

2065 1919 2335 1989 patientiae
2355 1935 2418 1976 ac
2447 1920 2773 1977 fortitudinis
2795 1923 3032 1978 habitum
3063 1925 3364 1995 acquirunt.
3382 1926 3450 1981 Et
3473 1941 3665 1996 quem-

2064 2010 2354 2067 admodum
2381 2012 2440 2078 ii,
2475 2016 2714 2084 quicum
2763 2016 2996 2086 primum
3041 2018 3218 2071 navim
3265 2017 3660 2083 conscendunt,

2067 2112 2330 2158 nauseant
2358 2113 2411 2160 et
2436 2105 2628 2175 capitis
2663 2109 2923 2177 vertigine
2950 2107 3194 2163 laborant
3233 2108 3427 2163 turbati
3473 2124 3542 2164 ac
3584 2107 3664 2162 fa-

2065 2194 2229 2249 διωῐο
2256 2195 2486 2265 correpti
2515 2213 2528 2249 :
2559 2197 2650 2267 qui
2678 2211 2806 2253 vero
2840 2199 3003 2252 multa
3035 2199 3298 2268 longaque
3323 2200 3489 2254 maria
3535 2208 3664 2255 sunt

2061 2285 2292 2352 emensi,
2323 2287 2414 2357 qui
2437 2288 2634 2343 millies
2675 2303 2734 2344 se
2781 2290 3030 2344 ﬂuctibus
3073 2290 3326 2345 audacter
3371 2291 3664 2347 commise-

2066 2389 2210 2444 runt,
2237 2387 2290 2435 et
2311 2381 2500 2436 crebra
2521 2389 2646 2436 sunt
2671 2382 2811 2452 passi
2848 2384 3142 2452 naufragia,
3173 2383 3661 2454 peregrinationem

2064 2471 2327 2540 ejusmodi
2359 2472 2697 2528 confidenter
2747 2475 3162 2544 aggrediuntur:
3194 2476 3272 2530 sic
3300 2477 3555 2530 nimirum
3605 2485 3663 2531 et

2063 2565 2264 2632 anima,
2297 2581 2416 2636 qua:
2439 2565 2635 2621 multas
2661 2569 2917 2622 sustinuit
2947 2570 3271 2625 tentatioues
3293 2597 3328 2637 ,λ
3359 2580 3414 2624 et
3437 2584 3661 2641 magnas

2065 2658 2286 2726 pertulit
2305 2657 2644 2727 alliictiones,
2672 2659 2949 2716 laboribus
2969 2661 3222 2732 deinceps
3251 2664 3575 2730 assuefacta,
3607 2672 3662 2718 et

2064 2751 2165 2808 sibi
2195 2762 2508 2824 comparato
2535 2754 2717 2808 habitu
2744 2755 3034 2824 patientins,
3059 2771 3165 2810 non
3195 2757 3426 2826 amplius
3446 2765 3532 2811 est
3548 2772 3663 2812 me-

2066 2844 2314 2913 ticulosa,
2355 2860 2455 2900 nec
2483 2846 2779 2902 terroribus
2827 2847 3090 2914 obnoxia,
3141 2863 3243 2903 nec
3291 2849 3662 2918 ingruentibus

2063 2936 2218 2990 malis
2246 2938 2490 2992 turbatur
2514 2955 2528 2990 :
2559 2937 2652 2993 sed
2670 2937 2884 2993 assidua
2896 2954 3074 2994 rerum
3089 2955 3211 3009 quae
3229 2940 3481 2994 accidunt
3502 2955 3663 2996 exer-

2063 3027 2336 3094 citatione,
2367 3044 2431 3084 ae
2455 3028 2721 3100 frequenti
2749 3045 2970 3086 casuum
3000 3032 3350 3086 meditatione
3382 3032 3658 3099 roborata,

2063 3133 2414 3189 quaecumque
2439 3119 2724 3191 insurgunt
2749 3121 3085 3177 incommoda
3117 3123 3225 3178 fert
3245 3123 3516 3179 facillime.
3548 3124 3663 3181 Hoc

2066 3209 2248 3278 itaque
2277 3212 2478 3280 peritus
2504 3211 2593 3266 ille
2618 3212 2851 3268 caelestis
2879 3215 3305 3269 conversationis
3333 3215 3661 3272 architectus

2064 3299 2306 3356 indicans
2336 3301 2584 3357 dicebat:
2615 3301 2739 3357 Non
2765 3304 2930 3357 solum
2953 3314 3144 3370 autem,
3176 3304 3266 3360 sed
3291 3315 3340 3361 et
3368 3306 3657 3378 gloriamur

2063 3392 2115 3445 in
2136 3393 2545 3448 tribulationibus
2572 3411 2592 3450 :
2620 3397 2874 3466 quoniam
2899 3408 3025 3454 ante
3050 3399 3198 3469 regni
3226 3413 3661 3471 coronarumque

2061 3483 2358 3539 caelestium
2393 3483 2735 3556 adeptionem
2767 3490 3057 3543 maximum
3103 3490 3229 3544 hinc
3258 3493 3539 3561 prmmium
3570 3508 3660 3548 re-

2064 3585 2338 3644 portamus
2361 3619 2376 3642 ,
2428 3578 2555 3632 dum
2599 3595 2698 3650 per
2722 3580 2965 3636 assiduas
2989 3580 3308 3638 afflictiones
3339 3584 3659 3639 tolerantior

2061 3670 2236 3723 anima
2269 3680 2450 3724 nostra
2479 3671 2742 3736 redditur.
2797 3681 2852 3728 et
2879 3674 3014 3728 ratio
3043 3673 3232 3730 fortior
3281 3675 3482 3731 evadit.
3523 3675 3658 3741 Haec

2061 3761 2223 3833 igitur
2241 3765 2420 3818 omnia
2448 3780 2569 3820 cum
2595 3765 2748 3820 nobis
2771 3767 3042 3836 explorata
3087 3768 3192 3821 sint
3220 3809 3235 3834 ,
3282 3768 3614 3822 dilectissimi
3640 3811 3654 3834 ,

2057 3869 2319 3925 generose
2361 3871 2713 3927 quacumque
2755 3858 3004 3913 accidunt
3055 3859 3279 3914 adversa
3311 3861 3602 3916 toleremus
3637 3902 3653 3926 ,

2060 3944 2224 4014 quod,
2249 3960 2368 4000 cum
2393 3948 2462 4000 ita
2487 3947 2597 4003 Deo
2620 3949 2791 4003 visum
2819 3945 2997 4016 fuerit,
3026 3949 3092 4004 ad
3117 3951 3397 4006 utilitatem
3417 3963 3654 4007 nostram

2061 4036 2115 4092 id
2145 4037 2254 4103 fiat,
2289 4054 2466 4109 neque
2490 4056 2639 4110 spem
2671 4041 3006 4112 abjiciamus,
3037 4059 3138 4098 nec
3165 4045 3360 4098 animis
3401 4047 3654 4100 concida-

2059 4145 2202 4195 mus,
2227 4131 2576 4188 alﬂictionum
2601 4133 2954 4204 impressione
2987 4137 3259 4206 prostrati,
3306 4136 3402 4191 sed
3450 4137 3656 4192 fortiter

2061 4231 2268 4278 stantes
2294 4237 2394 4294 pro
2424 4224 2634 4279 collatis
2662 4225 2715 4279 in
2745 4241 2843 4280 nos
2872 4226 3148 4282 beneficiis
3174 4237 3434 4300 perpetuo
3459 4230 3654 4299 gratias

2061 4312 2172 4368 Deo
2199 4329 2441 4385 agamus,
2470 4325 2530 4372 ut
2553 4329 2608 4373 et
2631 4319 2986 4388 praesentibus
3015 4319 3258 4375 fruamur
3285 4322 3443 4376 bonis
3489 4332 3545 4378 et
3582 4322 3654 4377 fu-

2061 4412 2176 4460 tura
2206 4405 2344 4460 dona
2375 4421 2788 4480 consequamur,
2820 4413 3014 4482 gratia,
3044 4412 3406 4468 misericordia
3433 4454 3449 4478 ,
3478 4425 3533 4470 et
3561 4415 3652 4470 be-

2059 4496 2317 4566 nignitate
2345 4499 2552 4555 Domini
2585 4504 2751 4557 nostri
2780 4503 2904 4558 Jesu
2932 4503 3130 4560 Christi
3156 4546 3172 4572 ,
3199 4521 3320 4561 cum
3362 4521 3472 4577 quo
3513 4507 3651 4562 Patri

2059 4590 2227 4660 gloria
2249 4599 2306 4646 et
2327 4592 2630 4662 imperium,
2655 4596 2920 4667 simulque
2945 4607 3132 4652 sancto
3154 4613 3217 4653 ac
3248 4599 3465 4654 viviﬁco
3488 4599 3653 4670 Spiri-

2061 4681 2156 4749 tui,
2186 4697 2331 4739 nunc
2351 4693 2403 4739 et
2435 4700 2672 4756 semper,
2699 4696 2752 4743 ct
2779 4688 2829 4742 in
2862 4688 3054 4744 saecula
3087 4689 3426 4745 smculorum.
3457 4691 3649 4746 Amen.
