3964 6342
259 343 366 403 165
912 342 983 399 IN
1021 342 1252 413 ILLUD,
1294 343 1708 402 DlLlGENTIB.
1754 344 1947 405 DEUM
1983 346 2201 404 OMNIA
2236 346 2437 405 COOP.
2477 347 2545 405 ΙΝ
2584 348 2845 406 BONUM.
3403 353 3507 411 166

283 451 3475 491 gmw”

734 600 1012 663 SCIMUS
1052 602 1312 665 AUTEM
1354 604 1696 677 QUONIAM
1739 604 2270 668 DILIGENTIBUS
2307 607 2520 667 DEUM
2575 607 2846 683 OMNIA,
2889 625 3025 669 ETC.

262 747 626 817 usurpaverit.
653 745 708 801 ld
737 764 843 803 non
871 763 1097 818 prorsus
1128 751 1377 807 absimile
1404 768 1534 808 vero
1569 754 1821 821 videtur;
1854 753 1948 810 sed
1983 769 2108 810 cum
2135 753 2562 827 Chrysostomus
2594 754 2896 811 Antiochiae
2926 753 3241 827 frequenter
3268 754 3502 811 adversa

260 841 573 895 valetudine
623 841 972 906 laboraverit,
1004 854 1063 898 ut
1106 860 1172 899 ex
1215 846 1402 902 multis
1447 848 1564 917 ejus
1606 849 1847 905 homiliis
1894 850 2162 921 arguitur,
2194 859 2247 906 et
2297 850 2538 921 alioquin
2568 850 2756 905 eadem
2806 850 2861 905 in
2898 850 3032 906 urbe
3063 849 3364 906 Antiochia:
3396 863 3507 903 non

263 935 427 990 modo
462 936 750 1004 prooemia,
782 935 877 990 sed
910 937 1075 991 etiam
1115 938 1410 995 conciones
1433 940 1695 1010 integras,
1728 950 2070 1008 retractatas,
2101 951 2156 997 et
2197 956 2488 1013 parumper
2533 950 2803 1007 mutatas,
2832 942 3240 997 intercurrente
3267 940 3509 1011 quodam

260 1042 533 1082 annorum
563 1029 762 1097 spatio,
786 1038 1028 1098 repetere
1058 1029 1251 1085 solitus
1276 1031 1366 1096 sit,
1398 1040 1457 1085 ut
1484 1032 1596 1100 jam
1635 1046 1779 1101 stupe
1817 1033 2094 1089 vidimus:
2129 1032 2264 1087 nihil
2309 1031 2481 1086 ofﬁcit
2512 1034 2830 1102 quominus,
2876 1032 3022 1102 quod
3074 1047 3218 1087 anno
3257 1032 3362 1088 587
3394 1033 3509 1086 An-

260 1117 481 1173 tiochiae
511 1120 839 1188 prooemium
870 1119 1103 1187 dixerat,
1136 1121 1341 1191 aliquot
1359 1131 1546 1191 postea
1581 1123 1782 1193 elapsis
1810 1124 1989 1191 annis,
2015 1124 2207 1179 morbo
2244 1124 2431 1194 aliquo
2466 1124 2616 1194 (nam
2652 1122 2966 1192 frequenter
2997 1124 3329 1194 aegrotabat)
3359 1123 3510 1180 leva-

260 1222 371 1280 tus,
400 1212 545 1269 idem
578 1213 756 1282 ipsum
785 1214 974 1270 eadem
1000 1215 1055 1270 in
1089 1216 1223 1271 urbe
1248 1225 1539 1287 repeteret.
1565 1215 1744 1272 Potuit
1786 1217 1951 1287 igitur
1999 1217 2317 1281 Antiochiae,
2351 1218 2525 1285 potuit
2566 1224 2620 1271 et
2654 1215 3121 1288 Constantinopoli
3158 1217 3299 1272 hanc
3330 1217 3512 1273 homi-

263 1304 393 1359 liam
424 1305 627 1359 habere
656 1324 670 1360 :
710 1305 766 1359 in
792 1313 915 1361 utra
949 1315 1130 1361 autem
1163 1307 1297 1362 urbe
1330 1307 1603 1374 habuerit,
1630 1323 1739 1363 non
1771 1307 1846 1363 ita
1885 1307 2043 1363 facile
2076 1316 2160 1363 est
2187 1308 2463 1378 augurari.

331 1398 715 1471 lnterpretatio
738 1399 933 1457 Latina
957 1411 1042 1457 est
1063 1401 1355 1459 Frontonis
1388 1404 1591 1461 Dnczei.

1781 1529 2168 1542 _._——.———

240 1631 303 1673 IX
350 1630 593 1674 DICTUM
626 1630 816 1674 ILLUD
857 1630 1177 1685 APOSTOLI,
1231 1629 1451 1675 SCIMUS
1494 1628 1737 1682 AUTEM,
1765 1621 2053 1679 QUONIAM
2096 1619 2540 1663 DILIGENTIBUS
2599 1622 2774 1665 DEUM
2834 1624 3033 1668 OMNIA
3065 1627 3525 1677 COOPERANTUB

321 1734 385 1778 IN
415 1734 634 1776 BONUI
680 1716 699 1795 (
728 1717 906 1777 Rom.
937 1715 998 1778 8.
1029 1715 1108 1776 28
1131 1714 1178 1795 ),
1220 1733 1301 1775 ET
1326 1732 1408 1774 ne
1447 1724 1810 1780 PATIENTIA,
1865 1722 1945 1765 ET
1989 1720 2295 1773 QUANTUM
2325 1720 2579 1764 LUCBUM
2614 1723 2695 1764 ex
2724 1724 3293 1773 TRIBULATIONIBUS
3326 1732 3525 1777 oau—

319 1837 451 1879 m.
497 1817 606 1898 (α).

1655 1920 2100 1966 αττ-σπτπητ»

309 2076 364 2129 l.
392 2074 736 2146 Chrysoslomi
772 2092 917 2129 amor
957 2091 1076 2146 erga
1114 2090 1234 2129 suos
1273 2074 1548 2129 auditores.
1582 2070 1821 2128 Caritatis

232 2168 459 2221 debitum
479 2184 755 2238 numquam
788 2168 1017 2222 solvitur.
1044 2197 1117 2209 -—-
1144 2167 1305 2235 Quasi
1334 2166 1492 2236 longo
1518 2166 1725 2220 veniam
1754 2164 1823 2220 ad

233 2274 336 2314 vos
367 2260 662 2324 intervallo,
693 2262 770 2314 sic
795 2260 1045 2315 aﬁ‘ectum
1087 2260 1347 2316 hodierno
1375 2261 1464 2315 die
1500 2274 1588 2315 me
1625 2259 1816 2314 sentio.

229 2351 566 2423 Quamquam
608 2353 750 2407 enim
798 2353 960 2407 domo
1000 2353 1284 2407 conclusus
1327 2361 1545 2421 propter
1582 2350 1822 2419 corporis

230 2444 597 2500 inﬁrmitatem
623 2445 906 2499 manebam
936 2462 949 2498 :
980 2454 1156 2500 tamen
1196 2443 1418 2515 perinde
1443 2443 1598 2515 quasi
1625 2442 1821 2498 alicubi

230 2534 421 2603 procul
445 2550 475 2589 a
504 2545 679 2589 vestra
710 2536 932 2590 caritate
960 2535 1251 2590 translatus
1284 2534 1533 2605 degerem
1552 2576 1568 2601 ,
1593 2534 1674 2589 sic
1700 2534 1820 2589 ani-

229 2640 321 2679 mo
361 2624 657 2680 afﬁciehar.
686 2625 786 2695 Qui
818 2627 962 2682 enim
1013 2627 1222 2682 sincere
1249 2626 1471 2696 diligere
1500 2625 1672 2689 novit,
1696 2640 1821 2680 cum

226 2716 282 2771 in
331 2732 678 2788 congressum
706 2719 893 2773 venire
937 2732 1041 2773 non
1080 2718 1237 2773 datur
1282 2718 1401 2787 ejus
1435 2732 1593 2787 quem
1623 2716 1818 2786 diligit,

222 2811 471 2883 quamvis
509 2811 751 2867 eamdem
800 2812 988 2867 urbem
1021 2812 1247 2876 incolat,
1273 2826 1378 2864 non
1409 2811 1567 2866 aliter
1588 2809 1821 2866 afﬁcitur

223 2918 288 2958 ac
329 2904 375 2957 si
417 2905 471 2957 in
512 2905 684 2958 aliena
732 2905 950 2974 regione
979 2911 1303 2959 versaretur.
1342 2902 1455 2958 Hoc
1490 2910 1692 2957 norunt
1726 2901 1818 2973 qui

223 3012 356 3052 vere
402 2996 651 3068 diligunt.
696 2998 963 3069 Ignoscite
1003 2998 1161 3067 igitur
1212 2997 1401 3060 nobis,
1453 3010 1634 3068 quazso
1663 3010 1677 3049 :
1710 3010 1818 3052 non

220 3091 370 3144 enim
403 3106 470 3145 ex
512 3091 833 3161 negligentia
873 3099 1051 3147 nostra
1096 3091 1364 3159 separatio
1389 3091 1486 3145 ista
1512 3100 1689 3145 ortum
1716 3089 1817 3144 ha-

221 3181 361 3247 buit,
390 3182 486 3237 sed
520 3183 716 3236 silentii
755 3197 971 3237 causam
1012 3181 1294 3236 inﬁrmitas
1330 3182 1572 3251 corporis
1605 3181 1805 3235 attulit.

220 3276 299 3328 Ae
323 3290 418 3328 vos
442 3274 656 3344 quidem
686 3274 919 3344 gaudere
945 3288 1089 3329 nunc
1114 3288 1301 3328 omnes
1327 3273 1459 3333 scio,
1488 3272 1630 3342 quod
1655 3272 1814 3342 aegri-

219 3366 462 3421 tudinem
493 3365 901 3435 deposuerimus
937 3382 952 3418 :
984 3381 1084 3435 ego
1121 3380 1250 3419 vero
1277 3364 1484 3435 gaudeo
1522 3378 1627 3417 non
1654 3362 1813 3417 modo

217 3458 364 3527 qttml
392 3457 767 3526 aegritudinem
793 3455 1154 3525 deposuerim,
1185 3455 1277 3510 sed
1304 3454 1442 3524 quod
1465 3461 1675 3522 optatos
1698 3453 1813 3507 vul-

218 3560 305 3604 tus
332 3560 544 3604 vestros
582 3565 766 3604 rursus
808 3550 1000 3603 intueri
1048 3549 1270 3618 possim,
1304 3558 1359 3602 et
1386 3547 1608 3601 caritate
1633 3556 1807 3600 vestra

215 3642 514 3698 secundum
540 3642 703 3697 Deum
728 3641 1003 3697 oblectari.
1027 3641 1094 3694 Et
1112 3639 1561 3710 quemadmodum
1589 3638 1800 3708 plurimi

216 3732 488 3797 homines,
514 3748 635 3787 eum
666 3740 720 3789 et
762 3732 949 3787 morbo
994 3731 1195 3787 fuerint
1240 3732 1499 3792 recreati,
1524 3730 1730 3800 phialas
1754 3738 1810 3784 et

217 3824 432 3892 pocula,
461 3824 775 3894 gelidosque
806 3824 993 3878 latices
1022 3831 1270 3893 quaerunt
1301 3841 1314 3877 :
1347 3822 1417 3877 ita
1448 3822 1576 3877 mihi
1615 3823 1803 3878 laititia

213 3916 404 3985 quavis
442 3914 730 3983 jucundior
776 3914 981 3969 exstitit
1024 3927 1344 3984 congressus
1390 3923 1586 3976 vester,
1612 3922 1665 3967 et
1704 3912 1808 3969 hoc

216 4007 348 4062 mihi
378 4008 622 4062 sanitatis
649 4008 867 4061 materia
894 4006 1010 4071 fuit,
1034 4016 1087 4061 et
1108 4006 1318 4061 occasio
1342 4004 1542 4076 gaudii.
1568 4006 1681 4075 Age
1707 4005 1805 4075 igi-

218 4111 325 4171 tur,
346 4100 778 4175 quandoquidem
811 4100 904 4159 Dei
928 4098 1188 4160 beneﬁcio
1208 4114 1309 4157 nos
1330 4101 1555 4157 invicem
1580 4114 1807 4172 recupe-

217 4197 478 4258 ravimus,
501 4196 740 4250 caritatis
766 4195 919 4249 vobis
944 4193 1183 4249 debitum
1222 4193 1613 4263 persolvamus,
1642 4191 1808 4260 siqui-

216 4287 338 4342 dem
386 4286 499 4341 ullo
548 4295 788 4354 tempore
833 4286 999 4353 possit
1055 4282 1186 4338 illud
1240 4283 1489 4353 persolvi.
1524 4282 1638 4337 Hoc
1660 4281 1804 4337 enim

216 4378 391 4432 solum
423 4377 662 4432 debitum
709 4375 867 4432 ﬁnem
912 4376 1117 4440 nescit;
1148 4374 1243 4429 sed
1268 4383 1468 4443 quanto
1507 4373 1673 4443 magis
1698 4372 1810 4427 dis-

217 4470 463 4532 solvitur,
494 4478 643 4521 tanto
685 4467 852 4536 magis
898 4466 1136 4521 debitum
1175 4473 1439 4535 augetur:
1478 4474 1531 4518 et
1553 4462 1808 4533 quemad-

217 4560 436 4613 modum
497 4560 549 4612 in
602 4573 662 4613 re
700 4557 1001 4627 pecuniaria
1061 4556 1342 4611 laudamus
1391 4570 1485 4608 eos
1540 4554 1628 4623 qui
1676 4552 1805 4606 nihil

216 4651 435 4714 debent,
461 4650 532 4702 ita
567 4649 650 4704 hic
676 4664 790 4713 eos,
817 4649 907 4718 qui
948 4647 1113 4701 multa
1148 4646 1363 4712 debent,
1394 4645 1583 4700 beatos
1610 4644 1804 4713 praedi-

213 4760 423 4800 camus.
460 4743 663 4797 Idcirco
688 4742 941 4811 magister
965 4739 1109 4795 orbis
1149 4747 1409 4792 terrarum
1452 4736 1645 4791 Paulus
1668 4736 1805 4789 scri-

218 4837 349 4891 hens
378 4834 592 4888 dicebat
622 4848 637 4884 :
664 4832 871 4886 Nemini
901 4832 1175 4901 quidquam
1207 4828 1445 4892 debeatis,
1475 4828 1572 4880 nisi
1602 4836 1656 4879 ut
1678 4827 1807 4879 invi-

215 4943 323 4985 cent
368 4924 799 4997 diligatis(Rom.
832 4924 919 4977 l5.
946 4921 1023 4991 8),
1058 4920 1198 4988 quod
1243 4919 1492 4973 nimirum
1537 4916 1664 4971 velit
1710 4933 1805 4970 nos

214 5018 317 5073 hoc
362 5017 603 5075 debitum
650 5023 706 5070 et
748 5028 963 5082 semper
1006 5012 1236 5071 solvere,
1268 5020 1323 5064 et
1348 5023 1561 5077 semper
1586 5007 1800 5071 debere,

213 5130 317 5171 nec
351 5122 610 5178 umquam
660 5105 760 5160 hoc
790 5122 864 5159 aes
901 5103 1132 5156 alicnmn
1174 5101 1412 5163 solvere,
1442 5099 1613 5153 donec
1641 5099 1804 5151 vitam

214 5210 539 5272 pnesentem
577 5198 976 5257 absolverimus.
1011 5195 1081 5250 Ut
1124 5194 1282 5263 igitur
1310 5191 1565 5263 pecunias
1606 5188 1804 5243 debere

212 5309 376 5361 grave
400 5308 466 5348 ac
498 5291 777 5345 molestum
808 5299 910 5354 est,
940 5289 1008 5341 ita
1039 5287 1276 5341 debitum
1317 5285 1416 5339 hoc
1453 5300 1558 5338 non
1593 5298 1804 5352 semper

211 5386 416 5442 debere
450 5381 661 5436 crimini
703 5389 785 5435 est
824 5379 1132 5434 obnoxium.
1159 5378 1333 5447 Atque
1357 5384 1413 5429 ut
1442 5376 1543 5429 hoc
1570 5375 1639 5428 ita
1682 5388 1803 5428 esse

207 5486 532 5544 cognoscas,
553 5470 674 5525 audi
722 5469 981 5525 mirabilis
1018 5470 1170 5525 istius
1195 5468 1431 5522 doctoris
1461 5466 1798 5535 sapientiam,

213 5581 321 5632 quo
366 5572 524 5633 pacto
562 5562 983 5618 cohortationcm
1032 5559 1314 5615 induxerit.
1345 5557 1479 5613 Cum
1507 5556 1648 5611 enim
1678 5566 1802 5610 ante

214 5656 477 5719 dixisset,
524 5653 730 5708 Nemini
784 5654 1056 5722 quidquam
1100 5651 1339 5716 debeatis,
1385 5660 1496 5702 tum
1539 5647 1799 5717 adjunxit,

293 5852 366 5915 (α)
396 5852 569 5915 Collat.
606 5865 716 5906 cum
742 5852 828 5900 Ms.
854 5851 1010 5915 Regio
1040 5845 1171 5915 19η.

1944 2064 2061 2119 Nisi
2088 2074 2143 2118 ut
2174 2065 2384 2119 invicem
2407 2065 2653 2137 diligatis,
2680 2069 2830 2137 quasi
2860 2067 2960 2124 hoc
2984 2071 3129 2138 velit,
3159 2082 3215 2126 ut
3239 2089 3398 2129 omne
3424 2076 3512 2133 hic

1931 2155 2169 2211 debitum
2195 2155 2597 2227 dispungamus,
2628 2168 2683 2214 et
2707 2159 2807 2215 hoc
2831 2175 2907 2216 tes
2935 2162 3166 2218 alienum
3199 2178 3511 2236 perpetuum

1929 2263 1993 2302 ac
2032 2264 2319 2318 numquam
2363 2248 2672 2306 dissolubile
2718 2264 3040 2321 perseveret.
3086 2256 3198 2312 Hoc
3239 2262 3381 2314 enim
3429 2271 3515 2317 est

1930 2340 2196 2410 praecipue
2221 2341 2362 2412 quod
2392 2344 2552 2397 vitam
2582 2353 2820 2399 nostram
2854 2348 3126 2414 continet,
3153 2362 3208 2405 et
3249 2356 3517 2409 constrin-

1928 2433 2024 2503 git.
2054 2432 2277 2499 Quando
2302 2434 2480 2504 igitur,
2512 2448 2705 2505 quanta
2734 2452 2800 2491 ex
2831 2436 2931 2493 hoc
2954 2438 3136 2494 debito
3163 2454 3342 2498 manet
3368 2447 3514 2501 utili-

1931 2533 2031 2587 tas,
2062 2524 2282 2589 scimus,
2322 2533 2378 2579 et
2410 2525 2537 2580 dum
2584 2526 2923 2595 persolvitur,
2956 2532 3123 2599 magis
3148 2534 3277 2588 illud
3308 2540 3510 2607 augeri,

1926 2628 2046 2685 age,
2072 2631 2169 2671 nos
2189 2632 2400 2687 quoque
2426 2617 2661 2672 debitum
2686 2658 2701 2681 ,
2727 2619 2870 2689 quod
2912 2636 3016 2675 non
3061 2638 3127 2677 ex
3168 2623 3352 2679 inertia
3376 2644 3510 2697 qna-

1927 2709 2090 2778 piam,
2119 2709 2202 2764 vel
2225 2709 2565 2780 improbitate
2590 2726 2654 2766 ac
2678 2711 2862 2767 fraude
2885 2713 3083 2783 aliqua,
3110 2716 3203 2771 sed
3225 2733 3289 2771 ex
3317 2731 3508 2775 eventu

1926 2796 2101 2855 morbi
2126 2801 2509 2867 contraximus,
2536 2801 2729 2870 hodie,
2757 2814 3011 2873 quantum
3053 2806 3104 2860 in
3152 2809 3305 2863 nobis
3344 2810 3507 2869 situm

1924 2891 2045 2956 erit,
2076 2890 2305 2947 reddere
2331 2891 2661 2961 Studeamus,
2680 2903 2733 2949 et
2758 2894 2944 2965 paucis
2972 2906 3205 2952 vestram
3230 2902 3505 2957 caritatem

1922 2982 2253 3053 alloquentes
2291 2994 2665 3053 argumentum
2706 2987 2971 3041 sermonis
2993 2989 3063 3043 ab
3088 2988 3191 3044 hoc
3216 2992 3332 3059 ipso
3360 2993 3506 3049 orbis

1923 3086 2186 3133 terrarum
2219 3077 2441 3133 doctore
2466 3079 2721 3134 ducamus
2749 3097 2763 3133 :
2794 3088 2849 3136 et
2874 3097 2993 3152 qua:
3013 3082 3079 3137 ad
3113 3083 3383 3140 Romanos
3410 3086 3508 3142 ho-

1919 3171 2006 3226 die
2032 3171 2272 3225 scribcns
2299 3170 2529 3236 dicebat,
2560 3172 2675 3226 haec
2709 3173 2761 3227 in
2790 3172 3022 3229 medium
3046 3175 3271 3231 adducta
3298 3192 3502 3247 expen-

1918 3262 2125 3327 damus,
2149 3278 2212 3317 ac
2237 3262 2399 3332 longo
2421 3262 2699 3317 intervallo
2719 3264 3048 3334 spiritualem
3075 3268 3282 3321 caritati
3312 3279 3500 3324 vestrae

1919 3371 2156 3410 mensam
2185 3355 2528 3409 instruamus.
2555 3355 2685 3423 Qua:
2711 3370 2836 3411 vero
2858 3357 2993 3411 lecta
3021 3358 3147 3422 sint,
3170 3374 3349 3427 opera:
3375 3376 3499 3429 pre-

1919 3449 2048 3503 tium
2090 3448 2250 3503 fuerit
2285 3448 2546 3515 iudicare,
2577 3457 2636 3503 ut
2657 3447 2726 3504 de
2752 3450 2816 3503 iis
2844 3464 2962 3519 qua:
2991 3449 3131 3504 dicta
3158 3461 3283 3505 sunt
3315 3452 3500 3507 admoo

1916 3541 2031 3602 niti,
2061 3539 2270 3596 facilius
2290 3556 2411 3610 qua:
2435 3555 2466 3595 a
2492 3540 2646 3595 nobis
2669 3540 2936 3607 dicentur,
2960 3546 3237 3611 percipere
3254 3543 3496 3599 valeatis.

1910 3628 2140 3701 Scimus,
2171 3635 2370 3704 inquit,
2398 3634 2637 3704 quoniam
2657 3633 2977 3704 diligentibus
3008 3632 3170 3687 Deum
3200 3640 3367 3690 omnia
3407 3653 3495 3690 co-

1913 3729 2442 3799 aperanturinbonum
2458 3727 2809 3797 (Rom.8.28).
2829 3726 2963 3795 Quid
2981 3726 3081 3782 sibi
3099 3728 3209 3782 vult
3226 3727 3325 3782 hoc
3338 3746 3500 3784 exor-

1912 3820 2099 3875 dium?
2125 3819 2268 3874 Nihil
2293 3819 2436 3875 enim
2466 3827 2668 3873 temere
2714 3827 2806 3871 aut
2845 3818 3037 3871 frustra
3084 3818 3317 3888 loquitur
3343 3818 3497 3874 beata

1913 3910 2029 3966 haec
2048 3911 2245 3976 anima,
2275 3910 2369 3965 sed
2394 3909 2762 3964 convenientia
2789 3924 3002 3977 semper
3024 3909 3248 3978 objectis
3277 3913 3495 3980 (agritu-

1910 4003 2126 4058 dinibus
2154 4003 2448 4072 spiritualia
2471 4000 2860 4056 medicamenta
2880 4001 3016 4056 solet
3040 4002 3310 4057 adhibere.

1984 4093 2401 4165 Persequutioues
2429 4091 2705 4147 Christiani
2747 4093 3027 4159 patiuntur.
3059 4123 3133 4133 —
3156 4093 3290 4161 Quid
3332 4094 3493 4163 igitur

1910 4197 1992 4244 est
2014 4187 2115 4241 hoc
2154 4186 2296 4256 qttod
2330 4185 2442 4239 ait?
2462 4185 2899 4255 Quandoquidem
2924 4185 3085 4239 multa
3112 4187 3344 4256 undique
3374 4198 3492 4242 ten-

1913 4279 2140 4333 taliones
2167 4293 2262 4333 eos
2289 4276 2770 4343 circumsidebant,
2801 4290 2888 4346 qltl
2936 4286 3044 4329 tum
3077 4277 3400 4332 accedebant
3419 4279 3488 4334 ad

1911 4371 2092 4437 ﬁdem,
2120 4380 2174 4425 et
2201 4370 2504 4440 frequentes
2529 4368 2597 4423 ab
2637 4370 2789 4423 hoste
2829 4368 3088 4423 machina:
3126 4369 3487 4426 admoveban-

1912 4476 2016 4529 tur,
2045 4474 2098 4519 et
2119 4464 2384 4519 comitium
2417 4462 2772 4517 tendebantur
2808 4462 3011 4516 insidia:
3036 4502 3053 4527 ,
3095 4479 3264 4532 neque
3291 4464 3490 4533 prtedi-

1909 4558 2135 4613 cationis
2159 4556 2416 4626 evangelii
2434 4555 2726 4609 adversarii
2754 4555 3118 4623 quiescebant.
3147 4555 3243 4609 sed
3272 4556 3406 4608 alios
3435 4557 3486 4609 in

1909 4666 2178 4706 carcerem
2209 4649 2559 4719 conjiciebant
2572 4680 2587 4705 ,
2606 4647 2807 4702 aliosin
2821 4646 3073 4701 exsilium
3088 4640 3450 4710 mittebanttb)
3469 4677 3486 4703 ,

1908 4742 2042 4795 alios
2073 4741 2123 4794 in
2154 4741 2257 4794 alia
2281 4737 2566 4808 praecipitia
2586 4736 3198 4805 trahebant;propterca
3224 4736 3485 4803 quemad-

1910 4834 2124 4889 modum
2152 4832 2385 4901 Optimus
2412 4830 2721 4898 imperator,
2749 4842 2870 4881 cum
2906 4827 3113 4880 hostem
3142 4825 3286 4880 videt
3303 4840 3485 4880 acrem

1911 4926 2234 4982 iracundiam
2261 4924 2573 4993 spirantem,
2607 4919 2928 4975 circumiens
2952 4932 3079 4972 suos
3106 4918 3304 4971 excitat
3332 4918 3490 4972 undi-

1908 5034 2031 5090 que,
2063 5016 2393 5076 corroborat,
2422 5012 2656 5077 instruit,
2688 5011 2999 5065 audaciores
3025 5009 3196 5063 rcddit
3216 5049 3231 5074 ,
3254 5008 3486 5063 alacrio-

1908 5125 1996 5165 res
2025 5108 2216 5172 efficit,
2250 5116 2308 5162 ut
2350 5120 2537 5160 manus
2580 5114 2764 5159 contra
2806 5102 3171 5156 adversarium
3214 5101 3481 5166 attollant,

1908 5218 2007 5257 nec
2034 5201 2174 5256 illius
2198 5199 2531 5253 incursiones
2557 5194 2921 5260 reformident,
2948 5191 3043 5247 sed
3068 5193 3247 5246 animo
3276 5191 3400 5246 forti
3427 5206 3482 5247 so

1908 5292 1983 5347 illi
2008 5299 2298 5362 opponant,
2345 5290 2516 5357 ipsum
2563 5286 2679 5355 ejus
2709 5284 2935 5349 vultum,
2965 5284 3009 5337 si
3037 5285 3259 5352 possint,
3293 5283 3485 5337 vulne-

1907 5395 2047 5448 rent,
2080 5398 2178 5437 nec
2209 5382 2281 5435 illi
2304 5381 2558 5435 resistere
2587 5377 3003 5447 pertimescant:
3034 5390 3139 5428 non
3179 5375 3335 5428 aliter
3357 5373 3485 5428 bea-

1908 5487 1992 5532 tus
2020 5477 2140 5542 istc,
2164 5474 2279 5528 lucc
2307 5473 2483 5525 anima
2509 5469 2575 5524 ad
2620 5469 2809 5522 czelum
2855 5481 3023 5534 usque
3059 5465 3324 5530 sublimis,
3354 5463 3486 5518 ﬁde-

1906 5569 2034 5623 lium
2063 5566 2248 5621 volens
2290 5564 2496 5617 animos
2537 5559 2803 5621 excitare,
2835 5566 2890 5611 et
2936 5555 3084 5611 humi
3107 5558 3397 5623 jacentem.
3424 5563 3484 5609 ut

1907 5661 1975 5714 ita
2006 5658 2214 5721 dicam,
2257 5656 2467 5709 illorum
2500 5653 2873 5722 cogitationem
2905 5650 3110 5719 erigere
3142 5646 3381 5711 studens,
3406 5647 3477 5702 ita

1906 5751 2082 5806 dicere
2121 5747 2348 5815 occaepit
2377 5763 2389 5799 :
2423 5744 2623 5799 Scimus
2668 5754 2835 5797 autem
2873 5743 3109 5813 quoniam
3163 5736 3485 5810 diligentibus

395 5895 725 5965 Himella}
742 5895 1445 5964 secundis—cutisretractavit
1473 5903 1639 5955 Montf.
1671 5904 1791 5954 Vide
1824 5902 1970 5965 hujus
1994 5902 2110 5950 totni
2139 5900 2356 5960 Praifat.,
2383 5899 2476 5949 col.
2508 5895 2579 5947 ιι.
