3964 6342
504 390 604 447 167

494 512 656 567 Deum
673 508 841 563 omnia
863 510 1196 575 coeperantur
1220 502 1273 555 in
1300 501 1485 554 bonum
1510 497 1682 569 (Rom.
1710 496 1763 552 8.
1780 494 1893 566 28).
1921 492 2081 547 Vides

492 603 826 675 prudentiam
868 594 1254 667 apostolicam?
1281 591 1398 648 Non
1425 591 1559 646 dixit
1576 632 1594 655 ,
1615 589 1739 645 Scio
1758 628 1775 653 ,
1801 586 1897 643 sed
1919 628 1935 653 ,
1959 584 2082 642 Sci-

492 712 625 759 mus,
655 704 714 749 ut
756 693 901 762 ipsns
931 689 995 743 ad
1021 702 1299 743 assensum
1334 682 1677 756 prtebendum
1707 679 1933 734 orationi
1964 676 2080 747 pel-

492 790 700 852 liceret,
726 782 868 855 quod
897 779 1240 851 diligentibus
1282 778 1448 831 Deum
1496 774 1676 827 omnia
1716 778 2078 838 coeperentur

494 883 545 933 in
599 877 819 933 bonum.
875 871 1276 936 Animadverte,
1317 882 1479 937 quam
1537 871 1786 919 accurate
1839 862 2085 930 loquatur

492 969 786 1038 apostolus.
832 966 947 1022 Non
1000 965 1165 1028 dixit,
1198 960 1297 1030 Qui
1357 959 1523 1014 Deum
1574 956 1833 1025 diligunt,
1882 950 2086 1006 evitant

496 1064 653 1128 mala,
686 1062 1022 1115 liberantura
1046 1053 1456 1115 tcnlationibus;
1490 1049 1606 1113 sed,
1628 1047 1853 1107 Scimus,
1880 1044 2074 1115 inquit,

498 1155 602 1210 hoc
625 1163 726 1215 est,
759 1164 1072 1221 persuasum
1104 1147 1260 1201 nobis
1289 1154 1399 1206 est,
1424 1142 1685 1196 certiores
1723 1138 1845 1192 facti
1875 1150 2081 1200 sumus,

500 1253 611 1316 ipsa
641 1263 819 1302 rerum
848 1242 1174 1312 experientia
1202 1238 1375 1293 edocti
1405 1233 1896 1291 demonstrationes
1925 1244 2085 1284 acce-

496 1343 669 1410 pimus
700 1357 711 1391 :
745 1338 946 1393 Scimus
984 1334 1221 1403 quoniam
1257 1328 1577 1401 diligentibus
1604 1325 1767 1379 Deum
1789 1323 1961 1377 omnia
1994 1338 2086 1375 co-

495 1441 768 1500 operantur
793 1428 843 1480 in
870 1428 1073 1479 bonum.

564 1522 622 1575 2.
664 1519 935 1574 Verborum
967 1513 1195 1583 Apostoli
1221 1521 1409 1584 quanta
1439 1510 1532 1565 vis.
1566 1507 1871 1562 Macedones
1898 1503 2089 1575 ingrati

498 1618 551 1669 in
589 1613 865 1681 apostolos.
905 1609 1006 1665 Cur
1047 1610 1233 1679 eiectus
1277 1604 1475 1660 daemon
1519 1604 1690 1675 fuerit.
1721 1629 1794 1641 —
1822 1600 2088 1667 Quantam

499 1708 623 1761 huic
656 1706 803 1761 brevi
844 1702 1065 1758 dictioni
1094 1702 1199 1755 vim
1250 1699 1426 1753 inesse
1474 1693 1842 1751 arbitramini?
1873 1692 2084 1756 Omnia,

501 1801 687 1869 inquit,
721 1806 1058 1865 c00perantur
1101 1794 1153 1848 in
1192 1792 1397 1847 bonum.
1429 1789 1549 1845 Noli
1585 1787 1728 1843 enim
1761 1786 1891 1840 mihi
1924 1785 2086 1855 hujus

498 1896 618 1946 vitta
661 1888 938 1945 commoda
979 1897 1438 1948 commemorare,
1482 1895 1656 1950 neque
1700 1877 2091 1947 jncuuditatem

500 1995 702 2040 tantum
731 1992 822 2036 aut
847 1980 1186 2036 securitatem
1214 1978 1395 2031 animo
1420 1975 1622 2038 volvas,
1643 1972 1738 2028 sed
1766 1972 1927 2026 etiam
1954 1984 2089 2025 con-

501 2078 683 2142 traria,
707 2088 955 2130 carceres
978 2112 993 2136 ,
1026 2069 1398 2125 tribulationes
1416 2108 1430 2131 ,
1457 2063 1676 2119 insidias
1694 2105 1710 2130 ,
1752 2061 2091 2133 quotidianos

502 2172 763 2231 incursus,
790 2181 853 2219 ac
902 2172 1013 2217 tum
1053 2160 1299 2216 dictionis
1326 2158 1431 2210 vim
1484 2163 1733 2209 accurate
1769 2166 2085 2223 cognosces.

503 2266 579 2317 Ac
606 2278 673 2316 ne
707 2260 841 2313 forte
878 2256 943 2311 ad
972 2254 1131 2323 longe
1163 2249 1388 2321 petenda
1420 2247 1665 2316 exempla
1691 2244 1968 2301 caritatem
1991 2260 2091 2298 ve-

500 2366 663 2407 stram
685 2350 963 2410 abducam,
987 2344 1212 2416 paucula
1232 2340 1498 2413 quardam,
1525 2338 1567 2393 si
1599 2337 1765 2399 lubet,
1792 2351 1858 2391 ex
1884 2335 1951 2391 iis
1969 2350 2091 2406 qua:

503 2444 657 2499 beato
687 2441 771 2495 isti
795 2438 1138 2499 acciderunt,
1173 2436 1224 2487 in
1254 2430 1486 2486 medium
1519 2427 1875 2499 proferamus,
1903 2434 1957 2481 et
1983 2425 2088 2479 vim

503 2538 654 2592 istius
695 2534 841 2589 verbi
881 2529 1233 2602 cognoscetis.
1269 2526 1401 2581 Nam
1442 2541 1563 2579 cum
1602 2522 1854 2593 regiones
1899 2535 2090 2574 omnes

500 2628 841 2689 circumiens,
871 2623 1083 2694 pietatis
1126 2622 1347 2675 verbum
1395 2629 1674 2687 spargens,
1718 2616 1901 2684 spinas
1947 2612 2092 2667 evel-

503 2725 636 2787 li-ns,
660 2720 939 2773 veritatem
966 2717 1020 2769 in
1040 2712 1373 2782 singulorum
1392 2709 1583 2763 animis
1602 2708 1844 2777 plantare
1866 2714 2089 2760 conten-

500 2816 654 2879 dens,
705 2812 769 2865 ad
816 2811 1000 2864 urbem
1046 2805 1331 2877 quamdam
1387 2802 1681 2871 appulisset
1733 2797 2088 2865 Macedonite,

499 2902 945 2975 quemadmodum
972 2899 1156 2953 beatus
1186 2895 1388 2961 Lucas,
1419 2894 1465 2947 is
1489 2890 1578 2962 qui
1614 2891 1805 2944 librum
1832 2890 2087 2944 Actorum

501 2996 819 3067 CumpOSllil,
857 2993 1008 3046 nobis
1034 2987 1322 3051 enarravit,
1354 2984 1603 3039 ancillam
1625 2980 1935 3054 quamdam,
1972 2995 2091 3050 qua:

503 3090 789 3161 maligmnn
844 3083 1072 3140 habebat
1117 3080 1586 3151 spiritum,neque
1640 3083 1819 3128 tacere
1861 3076 2087 3143 poterat,

502 3184 595 3239 sed
624 3180 900 3240 circuibat.
926 3186 977 3231 et
1004 3174 1200 3244 ubique
1239 3171 1360 3225 illos
1395 3166 1657 3223 dmmonis
1699 3179 1863 3234 opera
1891 3161 2094 3235 patefa-

507 3290 631 3328 i-ere
654 3271 889 3335 volebat,
916 3266 1079 3321 multa
1123 3279 1242 3318 cum
1284 3260 1620 3322 auctoritate,
1660 3256 1778 3311 solo
1818 3255 1987 3310 verbo
2030 3266 2093 3307 ac

505 3369 652 3436 jussu
680 3376 948 3431 tamquam
979 3359 1324 3412 verberonem
1354 3352 1641 3425 quemdam
1670 3350 1914 3420 abigens,
1947 3349 2091 3402 illam

502 3478 529 3513 a
557 3474 717 3529 pravo
744 3456 989 3509 daemone
1028 3450 1310 3504 liberasset
1342 3462 1357 3498 :
1386 3460 1509 3500 cum
1540 3443 1682 3497 illius
1712 3442 1858 3495 urbis
1889 3440 2093 3495 incolas

502 3552 825 3619 oportuisset
846 3557 1114 3615 tamquam
1138 3540 1505 3595 benefactores
1530 3552 1656 3591 suos
1680 3551 1743 3589 ac
1768 3535 1954 3589 salutis
1980 3548 2091 3611 suae

503 3644 739 3698 vindices
768 3641 1023 3707 deinceps
1068 3634 1341 3705 apostolos
1370 3631 1588 3695 intueri,
1614 3638 1773 3699 atque
1808 3626 1956 3682 omni
1997 3641 2092 3682 eos

504 3735 795 3788 ofﬁciorum
843 3742 1040 3799 genere
1082 3731 1488 3796 prosequentes,
1526 3727 1731 3773 tantum
1772 3717 2089 3773 beneﬁcium

504 3822 871 3883 remunerari,
924 3819 998 3873 illi
1049 3818 1205 3886 plane
1246 3812 1511 3869 contraria
1557 3808 1878 3879 rependunt.
1917 3809 2093 3876 Atque

505 3915 630 3970 audi
658 3928 763 3981 quo
804 3919 959 3981 pacto
999 3910 1120 3963 illos
1146 3914 1581 3961 remunerentur.
1622 3902 1873 3962 Videntes,
1898 3899 2089 3970 inquit,

506 4008 697 4061 domini
723 4006 848 4076 ejus,
878 4001 998 4073 quia
1024 4000 1171 4054 exivit
1198 4014 1312 4067 spes
1340 4007 1560 4066 quastus
1586 4010 1780 4059 eorum,
1803 3994 2093 4062 apprehen-

505 4105 674 4155 dentes
700 4097 921 4152 Poulum
946 4104 992 4148 et
1023 4092 1188 4148 Silam
1217 4090 1563 4161 perduxerunt
1588 4089 1640 4140 in
1660 4090 1825 4157 forum
1848 4086 1914 4137 ad
1945 4086 2093 4154 prin-

504 4195 671 4262 cipes,
702 4200 749 4243 et
790 4186 1053 4254 offerentes
1077 4200 1161 4238 eos
1190 4180 1595 4252 magistratibus,
1633 4194 1747 4231 cum
1791 4176 1976 4230 multas
2024 4177 2095 4229 eis

510 4286 685 4355 plagas
705 4278 1079 4349 imposuissent,
1111 4275 1355 4327 miserunt
1398 4288 1482 4325 eos
1523 4271 1577 4324 in
1605 4286 1878 4334 carcerem,
1910 4270 2095 4339 prtcci-

511 4376 700 4439 pientes
741 4370 970 4434 custodi,
997 4375 1050 4419 ut
1086 4365 1353 4435 diligenter
1393 4378 1477 4416 eos
1519 4360 1791 4415 custodiret
1840 4360 1975 4433 (Act.
2003 4362 2092 4416 16.

511 4462 717 4533 19-23).
753 4459 958 4515 Videtis
1002 4470 1264 4510 summam
1307 4452 1451 4507 illius
1482 4452 1630 4506 urbis
1659 4452 1955 4505 incolarum
1998 4451 2097 4506 im-

511 4555 866 4628 probitatem?
892 4554 1086 4607 videtis
1115 4551 1476 4621 apostolorum
1520 4548 1829 4619 patientiam
1865 4562 1927 4601 ae
1955 4547 2094 4602 tole-

514 4649 780 4705 rantiam?
808 4648 1129 4715 Exspectate
1157 4642 1443 4713 pauliSper,
1474 4649 1531 4696 et
1560 4640 1652 4695 Dei
1680 4640 1928 4695 videbitis
1958 4639 2100 4694 beni-

512 4743 789 4809 gnitatem.
817 4738 949 4793 Cum
995 4737 1135 4792 enim
1187 4736 1398 4804 sapiens
1442 4734 1511 4788 sit
1557 4748 1620 4787 ac
1668 4734 1859 4799 solers,
1889 4748 1995 4787 non
2044 4732 2097 4787 in

512 4832 770 4902 principio
801 4845 899 4884 nec
928 4828 981 4883 in
1021 4826 1258 4882 exordiis
1285 4826 1425 4879 mala
1453 4826 1613 4891 tollit,
1639 4824 1733 4880 sed
1765 4840 1886 4879 cum
1923 4825 2098 4878 incre-

513 4935 748 4978 mentum
778 4922 1082 4989 acceperint
1124 4918 1551 4973 adversariorum
1596 4918 1869 4972 molimina
1888 4960 1903 4984 ,
1930 4928 1983 4972 et
2011 4933 2098 4971 re-

515 5021 613 5072 bus
647 5017 776 5087 ipsis
817 5016 1135 5069 athletarum
1180 5014 1403 5083 probata
1444 5014 1696 5085 patientia
1727 5013 1905 5080 fuerit,
1938 5024 1992 5068 et
2022 5014 2102 5067 in-

517 5112 786 5174 notuerit,
833 5117 942 5161 tum
982 5107 1279 5162 subsidium
1326 5108 1730 5178 suumpraebet
1765 5123 1876 5162 :nc
1923 5107 2102 5162 dicere

518 5204 683 5272 possit
714 5204 872 5266 ullus,
896 5203 1013 5255 illos
1040 5202 1240 5257 idcirco
1268 5211 1457 5272 sponte
1483 5202 1733 5271 periculis
1758 5216 1818 5256 se
1843 5201 2099 5271 objieere,

516 5293 659 5359 quod
696 5308 756 5348 se
812 5292 942 5346 nihil
997 5295 1279 5348 molestum
1336 5309 1589 5363 passuros
1636 5308 1757 5348 esse
1805 5292 2097 5347 conﬁdant.

520 5388 668 5441 lianc
696 5385 947 5441 nimirum
988 5386 1057 5439 ob
1085 5401 1299 5440 causam
1346 5384 1602 5455 quosdam
1648 5385 1809 5440 etiam
1850 5385 2103 5439 ineﬁ'abili

517 5480 744 5545 quadam
777 5478 1035 5547 sapientia
1068 5479 1119 5531 in
1148 5480 1301 5531 malis
1325 5478 1680 5548 derelinquit,
1713 5478 1971 5548 quosdam
2000 5479 2104 5532 eri-

523 5572 616 5637 pit,
638 5580 772 5625 nth
792 5570 1037 5623 munibus
1061 5569 1237 5623 discas
1259 5586 1518 5624 summam
1548 5571 1665 5640 ejus
1690 5571 2100 5639 benignitatem,

525 5665 806 5732 ipsmnqoe
857 5662 1055 5732 majora
1106 5662 1210 5717 illis
1252 5664 1467 5731 praemia
1516 5674 1936 5735 prarparantcm,
1970 5668 2104 5719 mala

525 5754 832 5825 frequenter
870 5755 1051 5825 augeri
1100 5756 1425 5824 permittere.
1461 5755 1535 5809 Ita
1567 5756 1666 5810 hoc
1696 5756 1854 5809 etiam
1885 5755 2003 5810 loco
2032 5756 2106 5811 le-

527 5850 617 5903 cit.
650 5850 776 5905 Post
805 5856 1007 5905 tantum
1031 5850 1343 5905 miraculum
1377 5865 1438 5905 ac
1469 5848 1803 5915 beneﬁcium,
1837 5850 1977 5920 quod
2006 5851 2103 5906 im-

1200 383 1257 439 S.
1297 379 1575 439 JOANNIS
1606 373 2080 434 CHRYSOSTOMI
2121 372 2439 429 ARCHIEP.
2480 376 3019 433 CONSTANTINOP.

3674 381 3776 439 {68

2190 492 2424 563 pudente
2462 495 2555 551 illo
2590 496 2833 553 darmone
2880 499 3054 567 ejecto
3078 497 3433 563 contulerant,
3460 497 3619 571 virgis
3656 501 3778 556 illos

2188 587 2321 643 tardi
2352 590 2613 658 permisit,
2632 600 2687 645 et
2716 592 2767 645 in
2789 605 3056 647 carcerem
3088 591 3244 646 mitti.
3278 591 3413 647 Hinc
3432 600 3573 649 enim
3597 596 3780 648 maxi-

2190 696 2278 735 me
2309 681 2404 736 Dei
2444 682 2612 736 virtus
2640 684 2799 738 etiam
2834 684 3096 739 elucebat.
3120 686 3460 754 Quapropter
3501 696 3554 741 et
3586 688 3780 743 beatus

2190 772 2279 825 hic
2317 772 2528 827 dicebat
2559 790 2572 826 :
2606 774 2954 829 Libentissime
2995 776 3251 846 gloriabor
3297 779 3351 830 in
3398 777 3779 847 infirmitatibus

2190 865 2333 931 meis,
2355 875 2407 918 ut
2429 865 2669 919 inhabitet
2682 866 2735 920 in
2751 883 2829 919 me
2847 868 3003 921 virtus
3016 866 3235 933 Christi;
3257 879 3310 922 et
3336 884 3537 934 rursus,
3558 870 3689 924 Cum
3704 872 3783 924 in-

2190 959 2387 1027 ﬁrmor,
2404 968 2523 1011 tunc
2540 970 2714 1029 potens
2724 977 2835 1014 sum
2854 961 2871 1030 (
2892 959 2946 1013 9.
2964 960 3081 1015 Cor.
3098 962 3187 1015 12.
3205 960 3397 1033 9.10),
3421 963 3779 1018 inﬁrmitatem

2189 1054 2470 1108 continuas
2496 1054 2817 1108 tentationes
2844 1054 3136 1123 appellans.
3165 1053 3274 1109 Sed
3309 1065 3515 1123 quaeret
3548 1055 3776 1110 fortasse

2190 1145 2452 1214 quispiam
2482 1144 2584 1199 hoc
2609 1146 2747 1209 loco,
2778 1146 2930 1214 cujus
2971 1147 3049 1201 rei
3088 1148 3257 1215 gratia
3286 1146 3583 1202 dmmonem
3606 1163 3781 1218 expu-

2191 1238 2349 1292 lerint
2377 1238 2507 1293 nihil
2544 1240 2672 1310 ipsis
2707 1240 3188 1301 contradicentetn,
3217 1241 3312 1295 sed
3341 1243 3515 1309 potius
3541 1242 3664 1296 illos
3691 1258 3782 1312 pa-

2190 1329 2562 1395 tefacientem;
2594 1332 2768 1401 spatio
2792 1332 2989 1401 quippe
3025 1333 3314 1387 multorum
3342 1332 3550 1387 dierum
3581 1334 3780 1389 clama-

2191 1420 2489 1475 batdicens
2520 1437 2535 1473 :
2568 1420 2664 1476 Isti
2713 1423 2938 1476 homines
2982 1424 3113 1477 servi
3162 1421 3262 1477 Dei
3304 1425 3485 1478 excelsi
3523 1436 3674 1492 sunt,
3699 1428 3785 1494 qui

2190 1514 2496 1567 annuntiant
2527 1514 2669 1568 nobis
2684 1514 2815 1567 uiam
2840 1516 3018 1569 salutis
3042 1513 3179 1587 (Act.
3204 1516 3292 1570 16.
3316 1517 3426 1587 Π).
3446 1518 3525 1576 Ne
3547 1519 3780 1584 mireris,

2190 1606 2468 1659 carissime
2496 1622 2508 1658 :
2540 1621 2662 1660 nam
2692 1616 2745 1661 et
2782 1607 2885 1662 hoc
2924 1607 3219 1676 prudentiae
3246 1606 3343 1663 fuit
3373 1612 3691 1680 apostolica:
3718 1627 3781 1666 ac

2191 1697 2434 1753 beneﬁcii
2468 1697 2701 1768 Spiritus
2739 1702 2932 1754 sancti.
2966 1699 3115 1755 Licet
3152 1701 3297 1756 enim
3324 1702 3657 1756 contrarium
3683 1702 3788 1757 illis

2192 1789 2397 1845 diceret
2438 1790 2592 1855 nihil,
2625 1806 2693 1845 ne
2729 1800 2906 1845 tamen
2951 1791 3076 1846 inde
3117 1791 3279 1845 ﬁdem
3307 1792 3411 1847 sibi
3439 1792 3654 1848 daemon
3683 1794 3787 1849 ali.

2192 1897 2351 1951 quam
2400 1882 2731 1949 conciliaret,
2767 1892 2821 1937 et
2868 1883 2919 1937 in
2977 1882 3098 1937 aliis
3151 1883 3509 1951 simpliciores
3559 1884 3788 1940 subdole

2195 1984 2375 2043 posset
2414 1973 2714 2040 attrahere,
2744 1983 3023 2044 propterea
3070 1988 3191 2029 cum
3233 1975 3307 2028 illi
3350 1989 3413 2030 os
3457 1975 3785 2043 obturasset,

2192 2066 2367 2136 ejecit,
2401 2081 2573 2135 neque
2616 2066 2739 2119 sivit
2781 2080 2844 2121 ea
2899 2066 3162 2136 proloqui,
3211 2082 3330 2136 qure
3380 2066 3703 2137 dignitatem
3734 2081 3787 2121 et

2192 2166 2408 2227 captum
2439 2157 2555 2227 ejus
2585 2157 2936 2213 excedebant.
2971 2157 3081 2212 lloc
3107 2168 3283 2213 autem
3313 2159 3579 2228 przesiitit,
3603 2167 3667 2215 ut
3691 2158 3787 2213 do-

2195 2251 2324 2303 mini
2355 2251 2437 2304 sui
2463 2251 2697 2321 vestigiis
2723 2251 2993 2305 insisteret
3031 2267 3045 2304 :
3079 2266 3199 2304 nam
3232 2251 3297 2304 ad
3327 2253 3474 2305 illum
3505 2254 3671 2306 etiam
3696 2268 3786 2307 ac-

2193 2341 2446 2396 cedentes
2475 2342 2727 2396 dicebant
2758 2361 2771 2395 :
2806 2342 3011 2397 Scimus
3054 2354 3102 2396 te
3143 2345 3254 2412 quis
3291 2342 3380 2407 sis,
3432 2354 3641 2397 sanctus
3692 2343 3787 2397 Dei

2196 2433 2346 2503 (Luc.
2380 2434 2434 2489 4.
2466 2433 2580 2505 54),
2609 2445 2663 2488 et
2694 2446 2870 2490 tamen
2898 2434 3014 2490 hiec
3042 2436 3282 2491 dicentes
3311 2451 3404 2490 eos
3429 2435 3698 2505 ejiciebat.
3731 2435 3786 2490 Id

2192 2542 2323 2581 vero
2354 2526 2507 2579 ﬁebat
2538 2528 2589 2580 in
2611 2528 3009 2580 accusationem
3036 2526 3423 2594 impudentiam
3450 2527 3782 2591 Judzeoruui,

2193 2618 2339 2686 quod
2372 2617 2444 2671 illi
2466 2616 2683 2686 quidem
2714 2618 2969 2671 miracula
2992 2618 3231 2687 quotidie
3252 2625 3533 2672 cernentes
3555 2628 3609 2671 et
3632 2619 3759 2671 inmi
3782 2652 3783 2655 η

2193 2724 2340 2765 mera
2372 2710 2608 2780 prodigia
2640 2709 2777 2775 ﬁeri,
2803 2725 2907 2764 non
2937 2708 3224 2763 crederent
3255 2725 3268 2761 :
3300 2708 3576 2764 (immanes
3601 2720 3787 2764 autem

2193 2811 2566 2873 agnoscerent,
2596 2816 2827 2871 eumque
2858 2801 2948 2855 Dei
2984 2800 3175 2855 Filium
3207 2800 3516 2855 faterentur.

2264 2894 2317 2949 3.
2379 2893 2533 2947 Pauli
2576 2903 2621 2947 et
2673 2894 2803 2949 Sila:
2839 2895 3005 2963 fervor
3036 2903 3083 2947 et
3131 2894 3378 2947 liberatio.
3442 2894 3528 2948 Vis
3570 2896 3786 2964 [lumna-

2192 3004 2311 3041 rum
2374 2997 2564 3056 quanta
2608 2987 2719 3050 sit;
2766 3001 2857 3040 cur
2900 2986 3008 3039 hazc
3066 2986 3235 3038 media
3279 2995 3421 3039 nocte
3462 2988 3664 3054 ﬁerent.
3722 3015 3787 3025 -—-

2192 3081 2300 3137 Sed
2360 3080 2427 3134 ad
2496 3080 2692 3135 seriem
2761 3079 2987 3133 instituti
3053 3081 3319 3133 sermonis
3361 3078 3669 3133 redeamus.
3721 3080 3789 3134 lit

2196 3174 2356 3244 igitur
2383 3172 2604 3227 diseatis
2630 3214 2645 3238 ,
2677 3186 2785 3240 quo
2814 3181 2970 3240 pacto
3003 3170 3347 3239 diligentibus
3398 3171 3565 3223 Deum
3610 3172 3788 3223 onmia

2194 3273 2551 3335 eoopereutur
2581 3263 2633 3317 in
2662 3262 2892 3327 bonum,
2926 3270 3094 3315 totam
3130 3262 3282 3315 vobis
3304 3262 3578 3314 historiam
3611 3278 3789 3331 opera:

2196 3360 2422 3429 pretium
2488 3355 2649 3411 fuerit
2701 3356 2953 3423 recitari,
3009 3364 3068 3409 ut
3123 3354 3245 3409 inde
3295 3359 3630 3425 cognoscatis
3685 3370 3789 3422 quo

2197 3458 2354 3518 pacto
2382 3455 2502 3517 post
2530 3446 2775 3509 verbera,
2796 3454 2919 3515 post
2948 3460 3223 3501 carcerem
3247 3486 3263 3511 ,
3296 3447 3477 3499 omnia
3504 3446 3596 3501 Dei
3620 3448 3787 3515 gratia

2196 3539 2248 3593 in
2276 3540 2475 3593 bonum
2505 3540 2743 3593 mutarit.
2768 3536 2874 3592 Sed
2901 3538 3197 3604 videamus,
3222 3553 3325 3607 qua
3355 3540 3565 3593 ratione
3599 3539 3788 3594 beatus

2198 3630 2250 3684 id
2282 3630 2455 3684 Lucas
2482 3629 2682 3684 indicet
2710 3630 2897 3684 dicens
2922 3646 2935 3684 :
2956 3628 3081 3682 Cum
3123 3640 3293 3683 autent
3345 3633 3443 3683 tale
3482 3640 3789 3701 preceptus

2198 3725 2470 3795 accepisset
2511 3723 2726 3776 carceris
2752 3731 2941 3787 custos,
2968 3721 3104 3775 misit
3123 3738 3207 3775 eos
3234 3723 3286 3774 in
3308 3722 3597 3775 interiorem
3614 3738 3784 3776 carce—

2196 3832 2321 3881 rem,
2346 3823 2392 3869 et
2410 3815 2558 3884 pedes
2577 3829 2749 3868 eorum
2779 3813 2985 3868 strinxit
3004 3813 3140 3883 ligno
3167 3814 3305 3881 (Act.
3331 3813 3416 3867 16.
3443 3812 3560 3883 28).
3604 3814 3789 3870 Anim—

2196 3906 2416 3962 adverte
2443 3920 2549 3976 quo
2589 3912 2744 3976 pacto
2787 3915 3083 3975 augeantur
3119 3904 3258 3959 mala
3282 3946 3297 3967 ,
3327 3914 3383 3957 ut
3425 3904 3790 3975 apostolorum

2195 3999 2355 4054 etiam
2396 3998 2647 4067 patientia
2683 3997 2775 4051 ﬁat
2804 3997 3063 4051 illustrior
3086 4037 3100 4061 ,
3132 4007 3185 4050 et
3216 3996 3473 4049 immensa
3502 3996 3598 4050 Dei
3622 3996 3789 4049 virtus

2196 4093 2446 4148 omnibus
2470 4090 2751 4146 manifesta
2780 4090 3056 4145 reddatur.
3089 4088 3226 4143 Audi
3266 4103 3398 4143 vero
3423 4089 3553 4157 quid
3595 4102 3789 4157 sequa-

2201 4194 2286 4239 tur
2316 4200 2329 4236 :
2371 4183 2520 4238 addit
2547 4183 2691 4237 enitn
2710 4224 2726 4247 ,
2757 4182 2931 4235 Media
2975 4191 3143 4234 autem
3186 4191 3331 4233 nocte
3358 4179 3557 4233 Paulus
3576 4189 3622 4233 et
3651 4180 3792 4234 Silus

2199 4288 2401 4333 orantes
2442 4275 2719 4331 laudabant
2754 4273 2918 4327 Deum
2951 4275 2967 4343 (
3002 4272 3084 4327 Ib.
3119 4290 3166 4326 υ.
3200 4273 3270 4327 95
3301 4275 3343 4343 ).
3374 4271 3511 4326 Vide
3553 4273 3790 4327 animum

2204 4371 2516 4434 excitatum,
2547 4369 2669 4422 vide
2694 4368 2906 4436 vigilem
2936 4376 3167 4421 mentem
3198 4382 3211 4419 :
3244 4380 3311 4419 ne
3343 4375 3545 4419 temere
3572 4374 3793 4435 praster-

2201 4478 2387 4520 eamus
2431 4478 2551 4533 quae
2578 4460 2717 4515 dicta
2749 4468 2903 4523 sunt,
2932 4457 3284 4512 dilectissimi.
3323 4457 3438 4511 Non
3493 4457 3636 4511 enim
3675 4457 3793 4511 sine

2202 4574 2359 4614 causa
2392 4568 2600 4625 tempus
2625 4556 2798 4624 ipsum
2836 4552 3133 4622 designavit
3164 4551 3379 4612 dicens,
3412 4548 3590 4604 Media
3620 4559 3791 4603 utens

2203 4660 2376 4713 nocte,
2418 4647 2512 4703 sed
2544 4646 2684 4717 quod
2712 4646 2875 4700 vellet
2902 4643 3184 4699 ostendere
3206 4684 3222 4710 ,
3255 4643 3307 4697 id
3349 4652 3558 4712 gestum
3587 4656 3705 4696 esse
3724 4656 3795 4696 eo

2205 4752 2482 4810 tempore,
2528 4754 2635 4810 quo
2672 4738 2882 4793 caeteris
2931 4738 3179 4792 omnibus
3231 4735 3404 4790 dulcis
3452 4735 3668 4789 advenit
3699 4750 3794 4789 so-

2204 4850 2381 4900 mnus,
2407 4843 2459 4887 et
2484 4832 2762 4901 palpebras
2791 4831 3069 4899 consopit,
3097 4840 3152 4885 et
3174 4844 3278 4897 quo
3305 4829 3340 4882 ii
3362 4870 3375 4891 ,
3408 4828 3679 4896 pmcipue
3702 4826 3793 4897 qui

2205 4927 2387 4980 multis
2421 4925 2696 4979 doloribus
2745 4938 2808 4977 ac
2854 4922 3115 4976 molestiis
3161 4930 3285 4974 sunt
3326 4920 3575 4985 obsessi,
3606 4935 3797 4973 somno

2206 5016 2401 5087 corripi
2447 5016 2798 5072 solent:tum
2839 5013 3020 5083 igitur,
3059 5012 3248 5081 inquit,
3276 5027 3398 5065 cum
3429 5010 3666 5079 undique
3708 5025 3796 5063 so-

2206 5113 2315 5165 mni
2363 5111 2441 5164 vis
2494 5108 2859 5163 dominaretur
2914 5116 2968 5160 et
3019 5108 3264 5175 vigeret,
3300 5114 3422 5157 tunc
3476 5103 3549 5157 illi
3583 5104 3799 5156 Orontes

2209 5202 2372 5256 Deum
2401 5200 2696 5263 laudabant,
2731 5206 2789 5253 et
2815 5198 2915 5251 hoc
2943 5212 3052 5251 suae
3078 5198 3129 5250 in
3172 5196 3319 5250 illum
3350 5195 3591 5248 caritatis
3629 5195 3799 5247 maxi-

2211 5309 2357 5349 mum
2409 5292 2662 5347 indicium
2726 5290 2976 5345 edebant.
3025 5288 3159 5344 Nam
3207 5287 3660 5357 quemadmodum
3700 5301 3801 5340 nos

2212 5388 2422 5457 quoties
2450 5387 2724 5441 doloribus
2763 5382 3002 5452 corporis
3026 5382 3356 5443 divexamur,
3380 5381 3800 5449 prepinquormn

2210 5496 2558 5552 Congressum
2601 5478 2941 5547 requirimus,
2977 5485 3035 5529 ut
3082 5473 3433 5527 intentionem
3460 5472 3663 5525 doloris
3688 5472 3805 5523 illo-

2214 5591 2332 5629 rum
2365 5574 2598 5643 alloquio
2628 5572 2930 5639 mitigemus
2961 5586 2973 5620 :
3016 5567 3093 5621 sic
3138 5566 3297 5619 etiam
3340 5564 3392 5617 hi
3425 5566 3596 5618 sancti
3622 5579 3804 5619 amore

2214 5669 2268 5721 in
2297 5667 2577 5722 Dominum
2602 5662 2932 5723 inflammati,
2963 5675 3025 5714 ac
3052 5674 3235 5714 sacros
3263 5658 3490 5727 hymnos
3519 5656 3807 5711 oﬂ'erentcs

2222 5774 2289 5812 ne
2318 5772 2532 5813 sensum
2567 5754 2781 5825 quidem
2820 5754 3027 5807 illarum
3078 5751 3441 5804 molestiarum
3482 5749 3805 5817 capiebant,

2219 5850 2310 5905 sed
2336 5850 2427 5904 toti
2457 5849 2507 5902 in
2540 5847 2833 5902 orationem
2875 5842 3289 5904 incumbebant,
3322 5851 3377 5899 et
3407 5839 3703 5895 mirabilem
3740 5838 3806 5891 il-
