3964 6342
171 388 265 446 187

172 510 239 563 δὲ
274 508 361 560 ὅτι
403 506 528 570 τοῖς
567 501 843 574 ἀγαπῶσι
889 506 997 558 τὸν
1041 507 1191 560 Θεὸν
1237 506 1434 560 πάντα
1474 506 1757 576 συνεργεῖ

170 596 255 657 εἰς
274 591 522 659 ἀγαθόν.
541 590 702 660 Ὁρᾷς
731 588 829 658 τὴν
861 589 1073 641 σύνεσιν
1100 589 1197 659 τὴν
1220 591 1614 660 ἀποστολικήν;
1641 591 1754 643 Οὑκ

172 671 340 740 εἶπεν,
364 670 678 738 οἷδά,ἀλλ’,
711 671 989 740 υίδαμεν,
1021 673 1116 726 κα)⁵
1147 675 1344 737 αὐτοὺς
1376 676 1453 738 είς
1481 675 1754 742 συγκατά-

172 761 314 813 θεσιν
342 750 709 828 ἐφελκόμενος
734 755 843 810 τῶν
869 755 1200 825 λεγομένων,
1232 758 1315 809 ὅτι
1340 760 1454 820 τοῖς
1496 757 1752 824 ἀγαπῶσι

167 843 256 897 τὸν
303 841 439 895 Θεὸν
486 841 667 894 πάντα
705 842 958 910 συνεργεῖ
983 842 1064 902 είς
1089 839 1311 908 ἀγαθόν.
1356 840 1555 892 Σκόπει
1589 839 1752 910 ἀκρί-

167 927 316 979 ϐειαν
337 924 602 996 ῥημάτων
631 923 1027 976 ἀποστολικῶν.
1060 923 1174 975 Οὐκ
1206 918 1379 984 εἶπεν,
1400 923 1466 976 Οί
1489 922 1750 989 ἀγαπῶν-

166 1026 254 1073 τες
300 1009 394 1062 τὸν
443 1008 575 1062 Θεὸν
618 1007 974 1076 διαφεύγουσι
1012 1007 1080 1060 τὰ
1116 1006 1295 1070 δεινὰ,
1339 1005 1750 1077 ἐλευθεροῦνται

165 1093 270 1146 τῶν
304 1091 630 1163 πειρασμῶν
655 1108 666 1120 ·
695 1091 833 1156 ἀλλ’,
870 1091 1146 1159 Οἴδαμεν,
1183 1091 1337 1160 φησὶ,
1369 1090 1637 1152 τουτέστι,
1657 1107 1752 1141 πε-

166 1175 456 1244 πείσμεθα,
489 1173 1046 1246 πεπληροφορήμεθα,
1071 1172 1138 1225 δι’
1161 1171 1332 1242 αὐτῆς
1360 1173 1469 1226 τῶν
1491 1176 1753 1247 πραγμά-

163 1275 269 1312 των
296 1259 396 1328 τῆς
419 1257 617 1328 πέρας
636 1260 733 1320 τὰς
759 1253 1061 1323 ἀποδείξεις
1081 1269 1108 1297 ι
1130 1256 1431 1327 είλήφαμεν
1446 1272 1461 1287 ο
1495 1259 1753 1329 Οἴδαμεν

165 1344 249 1396 ὅτι
291 1342 422 1409 τοῖς
467 1340 741 1411 ἀγαπῶσι
793 1341 901 1394 τὸν
951 1345 1099 1395 Θεὸν
1128 1341 1328 1394 πάντα
1357 1344 1644 1413 συνεργεῖ
1665 1346 1752 1408 είς

163 1428 408 1490 ἀγαθόν.

229 1509 298 1578 β’.
327 1508 512 1578 Πὸσην
525 1507 707 1561 οἴεσθε
724 1507 955 1579 δύναμιν
974 1507 1120 1578 ἐχειν
1139 1508 1238 1580 τὴν
1269 1508 1529 1579 βραχεῖαν
1546 1508 1749 1581 ταύτην

162 1595 339 1660 λέξιν;
388 1594 613 1657 Πάντα,
647 1593 801 1662 φησὶ,
829 1592 1117 1660 συνεργεῖ
1135 1595 1221 1658 εἰς
1247 1594 1473 1658 ἀγαθόν
1493 1609 1505 1622 ο
1537 1593 1612 1665 μὴ
1641 1595 1751 1666 γάρ

163 1694 252 1746 μοι
291 1677 364 1730 τὰ
406 1677 619 1747 χρηστά
663 1675 901 1729 ἐνταῦθα
929 1677 1111 1746 εἴπῃς,
1149 1676 1282 1745 μηδέ
1311 1675 1408 1748 τὴν
1442 1677 1626 1730 ἄνεσιν
1656 1679 1750 1731 καὶ

157 1762 258 1832 τὴν
291 1761 482 1814 ἄδειαν
531 1759 694 1829 μόνον
729 1759 941 1830 λογίσῃ,
970 1760 1108 1812 ἀλλὰ
1152 1762 1246 1812 καὶ
1290 1760 1358 1812 τὰ
1402 1761 1652 1825 ἐναντία,
1685 1765 1750 1816 τά

158 1845 534 1916 δεσμωτήρια,
570 1846 670 1908 τὰς
706 1844 936 1915 θλίψεις,
969 1846 1068 1906 τὰς
1109 1843 1422 1908 ἐπιϐουλὰς,
1464 1845 1562 1908 τὰς
1613 1845 1750 1898 καθ-

159 1929 429 1999 ημερινάς
461 1929 706 1997 ἐφόδους,
740 1929 833 1982 καὶ
857 1928 979 1980 τότε
1013 1927 1132 1996 ὄψει
1157 1927 1300 1998 μετά
1329 1927 1614 1998 ἀκριϐείας
1654 1929 1748 1982 τοῦ

161 2013 406 2082 ῥήματος
428 2011 530 2082 τήν
558 2011 807 2081 δύναμιν.
833 2013 944 2064 Καὶ
971 2012 1060 2064 ἵνα
1092 2015 1166 2081 μὴ
1191 2012 1407 2081 μακράν
1427 2028 1530 2063 που
1557 2011 1749 2079 ἀγάγω

156 2095 254 2165 τὴν
288 2096 564 2166 ὑμετέραν
606 2097 849 2166 ἀγάπην,
883 2097 934 2147 εἰ
971 2094 1248 2164 βούλεσθε,
1283 2095 1456 2164 μικρά
1489 2112 1609 2147 τινα
1641 2096 1746 2148 τῶν

155 2179 234 2250 et?)
264 2181 526 2251 μακαρίῳ
553 2180 728 2250 τούτῳ
763 2181 1086 2252 πμόάντων
1119 2182 1198 2243 εἰς
1229 2180 1391 2250 μέσον
1429 2181 1745 2250 ἀγάγωμεν,

157 2265 248 2315 καὶ
295 2263 495 2332 (γένεσθε
540 2262 633 2317 τοῦ
685 2265 928 2334 ῥήματος
985 2264 1084 2333 τὴν
1143 2261 1316 2332 ἰσχύν.
1379 2262 1595 2333 Ἐπειδὴ
1641 2263 1748 2334 γὰρ

157 2345 387 2418 περιιὼν
442 2347 749 2418 πανταχοῦ,
807 2349 1048 2417 σπείρων
1099 2347 1192 2400 τὸν
1251 2349 1349 2418 τῆς
1391 2347 1539 2420 [152]
1588 2350 1749 2400 εὑσε-

155 2430 309 2494 ϐείας
345 2430 542 2499 λόγον,
581 2433 680 2494 τὰς
724 2432 970 2495 ἀκάνθας
1007 2431 1297 2494 ἀνασπῶν,
1336 2435 1431 2484 καὶ
1472 2434 1571 2502 τὴν
1616 2435 1751 2505 ἀλή-

157 2514 308 2567 θειαν
344 2517 404 2567 ἐν
434 2517 501 2585 τῇ
532 2514 763 2568 ἑκάστου
811 2515 956 2586 ψυχῇ
1007 2514 1406 2583 καταφυτεύειν
1455 2517 1750 2586 ἐπειγόμε-

155 2611 272 2661 νος,
315 2596 612 2667 γενόμενος
651 2597 796 2651 κατά
839 2615 965 2652 τινα
1012 2598 1166 2652 πόλιν
1224 2599 1323 2668 τῆς
1373 2599 1748 2665 Μακεδονίας,

157 2678 340 2744 καθὼς
369 2681 399 2732 ὁ
429 2681 698 2753 μακάριος
719 2683 950 2747 Λουκᾶς,
976 2683 1004 2734 ὁ
1035 2682 1096 2735 τὸ
1121 2682 1229 2736 τῶν
1261 2684 1518 2756 Πράξεων
1547 2685 1750 2756 βιϐλίον

160 2765 394 2826 συνθεὶς,
443 2766 577 2834 ἡμῖν
624 2765 959 2835 διηγήσατο,
1007 2767 1300 2838 παιδίσκην
1364 2770 1484 2822 τινὰ
1531 2768 1752 2839 πνεῦμα

155 2846 398 2917 πονηρὸν
440 2846 698 2917 ἔχουσαν,
738 2850 833 2900 καὶ
873 2850 1032 2920 σιγᾷν
1076 2851 1176 2903 οὐκ
1209 2852 1566 2922 ἀνεχομένην,
1615 2850 1752 2906 ἀλλὰ

157 2929 481 3000 περιιοῦσαν
515 2931 608 2983 καὶ
638 2931 916 3002 πανταχοῦ
956 2933 1291 2998 καταδήλους
1323 2935 1518 2998 αὑτοὺς
1544 2935 1632 2988 διὰ
1653 2933 1750 2988 τοῦ

154 3015 416 3085 δαίμονος
447 3018 622 3068 ποιεῖν
656 3015 1009 3088 βουλομένην,
1047 3018 1186 3088 μετά
1215 3019 1422 3088 πολλῆς
1452 3021 1555 3090 τῆς
1598 3021 1753 3085 ἐξου-

158 3098 300 3162 σίας,
330 3098 482 3168 λόγῳ
516 3100 611 3152 καὶ
637 3100 998 3170 ἐπιτάγματι,
1024 3101 1277 3172 καθάπερ
1303 3103 1428 3156 τινὰ
1457 3103 1752 3173 μαστιγίαν

155 3182 465 3246 ἀπελάσας,
500 3182 879 3253 ἠλευθέρωσεν
909 3185 1126 3254 ἐκείνην
1159 3185 1252 3237 τοῦ
1285 3187 1525 3257 πονηροῦ
1563 3186 1754 3256 δαίμο-

154 3282 244 3330 νος
262 3283 278 3297 ·
305 3267 430 3319 δέον
451 3269 578 3328 τοὺς
592 3267 692 3338 τὴν
721 3268 876 3321 πόλιν
904 3269 1120 3340 ἐκείνην
1148 3269 1455 3334 οἰκοῦντας,
1485 3273 1560 3334 ὡς
1595 3273 1754 3344 εὐερ-

154 3351 325 3418 γέτας
361 3351 548 3404 λοιπὸν
579 3354 674 3405 καὶ
697 3352 952 3422 σωτῆρας
987 3352 1206 3422 βλέπειν
1239 3355 1367 3416 τοὺς
1395 3355 1751 3419 ἀποστόλους,

155 3435 254 3488 καὶ
279 3438 449 3489 παντὶ
472 3435 769 3506 θεραπείας
792 3437 980 3506 τρόπῳ
1005 3437 1134 3507 περὶ
1157 3437 1354 3502 αὑτοὺς
1373 3437 1753 3508 χρησαμένους

157 3518 506 3590 ἀμείψασθαι
550 3520 652 3588 τῆς
703 3519 975 3589 τοσαύτης
1023 3520 1371 3591 εὐεργεσίας,
1424 3522 1473 3574 οἱ
1528 3521 1586 3574 δὲ
1638 3524 1752 3584 τοῖς

157 3604 428 3666 ἐναντίοις
459 3602 800 3672 ἀμείϐονται.
834 3604 944 3656 Καὶ
971 3602 1140 3656 ἄκουε
1179 3605 1322 3657 τίσιν
1371 3605 1554 3668 αὐτοῖς
1587 3605 1751 3675 ἀμείκ

159 3687 370 3742 ϐονται.
408 3686 674 3752 Ἰδόντες,
708 3687 895 3758 φησὶν,
927 3690 979 3741 οι
1000 3688 1192 3756 κύριοι
1215 3687 1426 3758 αὐτῆς,
1458 3688 1548 3742 ὅτι
1571 3689 1753 3758 ἐξῆλ-

156 3775 269 3826 θεν
319 3773 363 3840 ἡ
394 3773 577 3838 ἐλπὶς
627 3771 739 3841 τῆς
762 3773 1052 3842 ἐργασίας
1077 3772 1300 3836 αὐτῶν,
1327 3773 1752 3841 ἐπιλαϐόμενοι

157 3855 273 3910 τὸν
296 3855 551 3910 Παῦλον
597 3856 697 3910 καὶ
743 3857 850 3909 τὸν
905 3857 1115 3922 Σίλαν,
1159 3857 1462 3911 εἵλκυσαν
1503 3858 1593 3923 είς
1638 3857 1754 3922 τὴν

159 3939 394 4010 ἀγορὰν
427 3939 526 3992 ἐπὶ
568 3937 711 4005 τοὺς
738 3938 1056 4007 ἄρχοντας,
1089 3939 1190 3992 καὶ
1216 3937 1608 4009 προσήγαγον
1640 3941 1750 3994 αὺ-

160 4024 308 4089 τοὺς
335 4021 464 4088 τοῖς
488 4023 870 4092 στρατηγοῖς,
889 4023 989 4077 καὶ
1009 4023 1249 4088 πολλὰς
1274 4023 1581 4091 ἐπιθέντες
1601 4025 1753 4078 ἐκεί-

158 4123 296 4173 νοις
317 4107 581 4175 πληγὰς.
606 4107 830 4160 ἔϐαλον
856 4109 945 4172 είς
974 4106 1282 4175 φυλακὴν,
1317 4108 1753 4176 παραγγείλαν-

156 4207 266 4257 τες
306 4187 391 4254 τῷ
440 4190 860 4259 δεσμοφύλακι
908 4189 1201 4260 ἀσφαλῶς
1241 4191 1445 4259 τηρεῖν
1506 4193 1749 4257 αὐτούς.

165 4278 354 4330 Εῖδετε
395 4275 662 4346 πονηρίας
693 4274 1000 4346 ὑπερϐολὴν
1044 4274 1153 4328 τῶν
1188 4275 1288 4345 τὴν
1338 4275 1492 4329 πόλιν
1535 4277 1752 4348 ἐκείνην

159 4356 489 4424 οἰκούντωνς
523 4358 693 4411 ετδετε
709 4358 818 4410 τῶν
834 4358 1154 4411 ἀποστόλων
1179 4358 1463 4430 ὑπομονὴν
1489 4361 1585 4414 καὶ
1615 4378 1752 4432 καρι

153 4439 386 4511 τερίανς
436 4441 653 4511 Μικρὸν
729 4441 1085 4512 ἀναμείνατε,
1130 4443 1226 4495 καὶ
1271 4442 1470 4511 ὄψεσθε
1521 4442 1619 4496 καὶ
1657 4442 1752 4496 τοῦ

157 4521 301 4576 Θεοῦ
326 4523 429 4594 τὴν
455 4521 888 4594 φιλανθρωπίαν.
916 4523 1088 4594 Σοφὸς
1125 4526 1236 4597 γὰρ
1269 4525 1344 4578 ὣν
1377 4524 1472 4578 καὶ
1503 4525 1753 4597 εὐμήχα-

158 4624 278 4670 νος,
311 4608 415 4660 οὑκ
440 4609 502 4661 ἐν
539 4609 682 4680 ἀρχῇ
714 4609 808 4661 καὶ
847 4610 905 4662 ἐν
953 4611 1258 4680 προοιμίοις
1305 4609 1420 4662 λύει
1465 4608 1534 4663 τὰ
1578 4609 1752 4674 δεινὰ,

158 4691 281 4746 ἀλλ’
304 4694 438 4744 ὅταν
475 4691 684 4763 αὐξηθῇ
717 4695 897 4747 πάντα
920 4694 989 4746 τὰ.
1019 4693 1169 4764 παρὰ
1198 4693 1308 4745 τῶν
1343 4695 1626 4758 ἐναντίων,
1651 4695 1750 4747 καὶ

161 4773 357 4846 δειχθῇ
386 4775 481 4829 διὰ
525 4775 638 4829 τῶν
681 4776 1024 4848 πραγμάτων
1056 4779 1162 4829 τῶν
1198 4777 1365 4829 αὑτοῦ
1417 4777 1670 4847 ἀθλητῶν
1719 4779 1752 4848 ή

163 4859 444 4930 ὑπομονὴ,
479 4860 603 4913 τότε
642 4862 736 4913 καὶ
760 4861 860 4931 τὴν
903 4861 1109 4914 οἰκείαν
1143 4863 1318 4932 ῥοπὴν
1351 4862 1752 4914 ἐπιδείκνυταιο

157 4943 258 4996 ἵνα
288 4944 487 5014 μηδεὶς
513 4942 618 5014 ἔχη
653 4944 856 5012 λέγειν,
881 4945 962 4998 ὃτι
994 4944 1084 5000 διὰ
1109 4944 1266 4997 τοῦτο
1301 4943 1610 5016 ἐπιπηδῶσι
1639 4947 1755 5008 τοῖς

159 5026 465 5090 κινδύνοις,
493 5025 583 5079 διὰ
608 5027 669 5079 τὸ
698 5027 923 5098 θαρρεῖν
949 5029 1033 5081 ὅτι
1064 5028 1218 5082 οὐδὲν
1246 5028 1408 5097 ἀηδὲς
1453 5030 1753 5083 πείσονται.

161 5110 271 5163 Διά
299 5126 385 5162 τοι
419 5109 582 5162 τοῦτό
625 5128 777 5174 τινας
819 5112 918 5181 μὲν
961 5112 1058 5165 καὶ
1092 5113 1348 5184 ἐναφίησι
1385 5114 1498 5174 τοῖς
1539 5113 1754 5178 δεινοῖς,

159 5193 479 5263 ἀπορρήτῳ
499 5193 608 5246 τινὶ
632 5195 793 5265 σοφίᾳ
820 5193 1124 5266 χρώμενος,
1148 5194 1300 5257 τινὰς
1317 5195 1378 5248 δὲ
1401 5197 1498 5248 καὶ
1517 5195 1758 5266 ἐξαρπάρ

159 5275 282 5340 ζει,
313 5277 405 5329 ἵνα
437 5275 531 5329 διά
561 5276 779 5331 πάντων
818 5279 1000 5350 μάθῃς
1036 5278 1200 5332 αὑτοῦ
1245 5279 1342 5349 τὴν
1388 5279 1760 5351 ὑπερϐάλλου-

163 5375 276 5411 σαν
303 5360 747 5430 φιλανθρωπίαν,
779 5364 874 5417 καὶ
896 5365 978 5416 δτι
1010 5363 1230 5434 μείζους
1260 5364 1447 5427 αὐτοῖς
1474 5364 1575 5427 τὰς
1599 5366 1759 5434 ἀμοι-

161 5440 278 5507 6ἀς
307 5445 734 5515 ταμιευόμενος,
777 5449 1048 5516 συγχωρεῖ
1094 5447 1354 5510 πολλάκις
1389 5448 1760 5501 ἐπιτείνεσθαι

155 5524 433 5582 τὰδεινά.
478 5527 668 5590 Οὕτως
697 5525 791 5583 οὖν
842 5533 937 5584 καὶ
979 5529 1213 5585 ἐνταῦθα
1245 5535 1407 5584 ποιεῖ.
1451 5532 1608 5586 Μετὰ
1651 5530 1761 5605 γὰρ

157 5611 276 5682 τὴν
325 5613 604 5686 τοσαύτην
639 5613 1090 5686 θαυματουργίαν
1139 5617 1234 5670 καὶ
1271 5615 1369 5687 τὴν
1417 5617 1759 5689 εὐεργεσίαν,

243 5820 268 5852 ⁸
290 5822 416 5888 Reg.
442 5825 608 5888 πείρας
629 5827 858 5884 πολλάκις
887 5829 969 5883 τὰς
987 5827 1125 5878 ἀποδ.

869 405 933 462 ΙΝ
975 404 1199 461 ILLUD.
1234 403 1649 460 DNJGENTIB.
1694 400 1888 460 DEUM
1931 399 2147 457 OMNIA
2189 400 2386 457 COOP.
2425 401 2490 455 ΙΝ
2533 401 2790 455 BONUM.

3331 400 3428 455 163

1859 508 1923 576 ἣν
1951 509 2298 576 ἐπεδείξαντο
2315 509 2690 572 ἀπελάσαντες
2723 509 2814 562 τὸν
2847 512 3198 580 ἀναίσχυντον
3229 515 3435 568 ἐκεῖνον

1857 590 2106 662 δαίμονα,
2127 592 2477 663 συνεχώρησε
2505 594 2600 644 καὶ
2623 593 2988 663 μαστιχθῆναι
3009 595 3101 646 καὶ
3119 597 3197 658 εἰς
3218 595 3432 666 δεσμω-

1854 675 2043 746 τήριον
2083 674 2446 745 ἐμϐληθῆναι.
2493 674 2773 727 Ἐντεῦθεν
2812 675 2919 747 γὰρ
2964 676 3198 745 μάλιστα
3245 678 3435 731 διεδείς

1856 776 2023 811 κνυτο
2054 759 2151 812 καὶ
2181 761 2214 830 ή
2245 759 2337 812 τοῦ
2365 758 2501 812 Θεοῦ
2532 759 2781 828 δύναμις.
2824 759 2915 810 Διὸ
2943 761 3037 812 καὶ
3085 762 3112 812 ὁ
3163 761 3433 832 μακάριος

1852 838 2009 906 οὗτος
2050 844 2264 912 ἐλεγενο
2312 843 2565 897 ’Ἥδιστα
2613 839 2726 897 οὖν
2772 842 3154 911 καυχήσομαι
3187 846 3258 897 ἐν
3306 846 3434 910 ταῖς

1854 925 2200 992 ἀσθενείαις
2223 945 2366 995 μου,
2400 928 2500 978 ἵνα
2533 926 2924 994 ἐπισκηνώσῃ
2958 927 3052 978 ἐπ’
3091 929 3216 995 ἐμοὶ
3251 929 3289 996 ἠ
3331 929 3432 982 δύ-

1851 1025 2030 1078 ναμις
2075 1010 2182 1064 τοῦ
2221 1009 2506 1078 Χριστοῦ.
2551 1009 2662 1062 Καὶ
2709 1009 2907 1061 πάλιν·
2953 1010 3138 1063 Ὅταν
3176 1010 3432 1075 ἀσθενῶ,

1852 1093 1988 1146 τότε
2008 1092 2271 1160 δυνατός
2285 1097 2424 1162 εἶμι,
2440 1093 2727 1146 ἀσθένειαν
2747 1094 2870 1156 τοὺς
2896 1096 3237 1165 πειρασμοῦς
3258 1095 3434 1163 λέγων

1852 1176 1977 1240 τοὺς
2027 1178 2390 1249 ἐπαλλήλους.
2439 1178 2578 1231 Ἀλλ’
2624 1179 2755 1240 ἴσως
2803 1178 2868 1231 ἄν
2918 1196 3000 1241 τις
3051 1168 3454 1250 διαπορήσειεν’

1853 1259 2108 1324 ἐνταῦθα,
2155 1262 2300 1325 τίνος
2347 1261 2534 1315 ἕνεκεν
2567 1261 2859 1327 ἀπήλασαν
2901 1262 2992 1314 τὸν
3023 1261 3254 1331 δαίμονα
3280 1262 3433 1314 οὐδὲν

1851 1342 2095 1396 ἐναντίον
2135 1346 2322 1409 αὐτοῖς
2353 1345 2602 1412 λέγοντα,
2634 1343 2774 1397 ἀλλά
2817 1343 3017 1414 μᾶλλον
3063 1345 3155 1398 καὶ
3194 1345 3432 1413 καταδή-

1851 1425 1976 1489 λους
2004 1428 2199 1492 αὑτοὺς
2233 1428 2527 1482 ποιοῦντα’
2567 1430 2662 1481 ἐπὶ
2690 1429 2889 1493 πολλὰς
2921 1430 3029 1500 γὰρ
3062 1432 3274 1501 ἡμέρας
3305 1431 3434 1482 ἐϐόα

1852 1508 2047 1577 λέγων,
2075 1512 2156 1564 ὅτι
2177 1507 2352 1566 Οὗτοι
2374 1514 2428 1564 οἱ
2457 1511 2758 1580 ἅνθρωποι
2780 1512 2989 1567 δοῦλοι
3017 1514 3119 1567 τοῦ
3148 1513 3294 1566 Θεοῦ
3325 1514 3432 1566 τοῖο

1851 1595 2117 1660 ὑψίστου
2133 1595 2310 1658 εἰσὶν,
2341 1596 2558 1660 οἵτινες
2579 1596 3101 1664 καταγγέλλουσιν
3121 1595 3264 1663 ἡμῖν
3288 1595 3357 1648 όδ
3363 1598 3434 1648 (=1-

1852 1677 2171 1743 σωτηρίας.
2202 1678 2293 1747 Μὴ
2341 1677 2613 1748 ξενισθῇς,
2657 1680 2940 1749 ἀγαπητέ·
2991 1678 3085 1731 καὶ
3134 1678 3293 1731 τοῦτο
3324 1680 3432 1748 γὰρ

1850 1758 1948 1827 τῆς
1982 1760 2250 1823 συνέσεως
2271 1757 2339 1831 ἧν
2366 1761 2467 1830 τῆς
2491 1762 2857 1832 ἀποστολικῆς
2905 1763 2998 1815 καὶ
3025 1761 3125 1830 τῆς
3141 1761 3234 1813 τοῦ
3265 1761 3433 1813 IIvst—

1854 1858 2024 1910 ματος
2075 1844 2319 1912 χάριτος.
2369 1845 2431 1897 Εἰ
2479 1845 2586 1917 γὰρ
2633 1846 2728 1899 καὶ
2775 1845 2941 1915 μηδὲν
2976 1845 3160 1907 αὑτοῖς
3191 1846 3434 1897 ἐναντίον

1853 1924 2060 1993 ἔλεγεν,
2091 1926 2205 1979 ἀλλ’
2235 1927 2322 1980 ἵνα
2362 1929 2436 1999 μὴ
2468 1928 2719 1981 ἐντεῦθεν
2744 1927 3054 1993 ἀξιόπιστος
3087 1928 3375 1998 γενόμενος
3404 1931 3434 1978 ὁ

1850 2007 2081 2078 δαίμων,
2117 2011 2212 2064 καὶ
2244 2013 2300 2063 ἐν
2329 2015 2442 2074 τοῖς
2491 2011 2672 2075 ἄλλοις
2703 2011 2998 2083 ὑποσύρειν
3037 2011 3264 2081 δύνηται
3301 2012 3430 2074 τοὺς

1850 2093 2267 2165 ἀφελεστέρους,
2305 2095 2392 2147 διὰ
2435 2094 2593 2148 τοῦτο
2622 2096 2985 2165 ἐπιστομίσας
3019 2095 3182 2147 αὑτὸν
3207 2094 3426 2164 ἀπήλα-

1852 2195 1963 2238 σεν,
1999 2179 2060 2230 οὑ
2089 2180 2454 2249 συγχωρήσας
2487 2180 2638 2245 αύτῷ
2660 2179 2726 2232 τὰ
2757 2180 2897 2250 ὑπὲρ
2931 2179 3030 2248 τὴν
3059 2179 3215 2244 ἀξίαν
3261 2178 3429 2246 φθέγο

1849 2262 2063 2330 γεσθαι.
2101 2262 2270 2314 Τοῦτο
2310 2263 2366 2315 δέ
2397 2263 2593 2328 ἐποίει,
2642 2261 2952 2316 ἀκολουθῶν
2980 2261 3059 2331 τῷ
3107 2261 3292 2332 οἰκείῳ
3331 2264 3430 2313 Δε-

1852 2345 2062 2417 σπότῃ·
2098 2345 2224 2397 ἐπεὶ
2275 2346 2371 2398 καὶ
2409 2345 2602 2415 ἐκείνῳ
2647 2345 2968 2416 προσιόντες
3014 2344 3163 2417 [153]
3223 2345 3431 2412 ἔλεγον,

1853 2427 2116 2495 Οἶδαμέν
2148 2445 2221 2481 σε
2254 2429 2346 2494 τίς
2377 2424 2452 2491 εἷ,
2493 2431 2526 2481 ό
2563 2428 2730 2496 ἅγιος
2762 2428 2869 2482 τοῦ
2925 2427 3071 2482 Θεοῦ
3092 2443 3105 2456 ·
3144 2427 3238 2480 καὶ
3285 2427 3435 2496 ὅμως

1847 2513 2022 2564 ταῦτα
2047 2511 2306 2579 λέγοντας
2333 2513 2532 2572 αὑτοὺς
2553 2512 2887 2582 ἀπήλαυνεν.
2924 2511 3166 2579 Ἐγίνετο
3191 2509 3248 2564 δὲ
3278 2509 3434 2562 τοῦτο

1849 2596 1931 2657 εἰς
1960 2595 2300 2666 κατηγορίαν
2326 2595 2435 2649 τῶν
2457 2595 2828 2665 ἀναισχύντων
2853 2595 3145 2657 Ἰουδαίων,
3181 2595 3262 2646 ὅτι
3293 2595 3433 2646 ἐκεῖ·

1849 2695 1930 2733 νοι
1965 2678 2063 2748 μὲν
2098 2679 2218 2731 καθ’
2251 2679 2488 2748 ἑκάστην
2519 2680 2734 2749 ἡμέραν
2777 2677 3036 2749 θαύματα
3066 2677 3299 2748 ὁρῶντες
3339 2676 3434 2728 καὶ

1853 2761 2023 2833 μυρία
2050 2761 2328 2834 παράδοξα
2373 2763 2654 2832 γινόμενα,
2691 2762 2978 2832 ἠπίστουν,
3009 2762 3058 2813 οἱ
3093 2761 3151 2813 δὲ
3182 2759 3436 2828 δαίμονες

1849 2843 2242 2912 ἐπεγίνωσκον,
2269 2845 2363 2897 καὶ
2393 2845 2521 2898 Υίὸν
2557 2845 2718 2898 αὑτὸν
2741 2845 2834 2896 τοῦ
2867 2844 3000 2897 Θεοῦ
3023 2843 3359 2914 ὡμολόγουν.

1919 2932 1991 2997 γ’.
2030 2927 2170 2980 Ἀλλ’
2187 2929 2280 2980 ἐπὶ
2296 2927 2395 2998 τήν
2412 2928 2734 2981 ἀκολουθίαν
2748 2927 3136 2997 ἐπανέλθωμεν
3147 2926 3240 2980 τοῦ
3251 2926 3428 2993 λόγου.

1853 3008 1975 3063 Ἵνα
1991 3011 2173 3062 τοίνυν
2188 3010 2397 3081 μάθητε
2421 3012 2569 3074 ὅπως
2600 3014 2713 3075 τοῖς
2729 3011 2986 3080 ἀγαπῶσι
3002 3012 3094 3064 τὸν
3112 3011 3243 3063 Θεὸν
3257 3011 3434 3064 πάντα

1855 3095 2114 3164 συνεργεῖ
2140 3095 2221 3156 εἰς
2240 3093 2466 3162 ἀγαθὸν,
2493 3095 2792 3162 ἀναγκαῖον
2815 3097 2998 3147 πᾶσαν
3019 3094 3149 3164 ὑμῖν
3183 3093 3434 3159 ἀναγνῶ-

1852 3194 1943 3229 ναι
1984 3177 2195 3248 ταύτην
2243 3177 2344 3246 τὴν
2391 3178 2654 3251 ἱστορίαν,
2702 3179 2790 3231 ἵνα
2833 3179 2929 3232 καὶ
2962 3177 3212 3230 ἐντεῦθεν
3237 3175 3431 3246 γνῶτε,

1853 3261 2004 3323 ὅπως
2049 3261 2190 3332 μετά
2227 3262 2326 3323 τὰς
2357 3261 2593 3332 πληγὰς,
2635 3263 2772 3330 μετά
2819 3263 2881 3315 τὸ
2915 3261 3310 3331 δεσμωτήριον,
3357 3261 3436 3322 εἰς

1852 3345 2063 3413 ἀγαθὸν
2090 3345 2311 3398 ἅπαντα
2346 3346 2531 3408 αὐτοῖς
2565 3346 2860 3416 μετέϐαλεν
2895 3347 2929 3416 ἡ
2959 3347 3052 3398 τοῦ
3084 3345 3220 3398 Θεοῦ
3250 3344 3432 3414 χάρις.

1865 3429 2006 3482 Ἀλλ’
2024 3429 2223 3498 ἴδωμεν
2251 3429 2370 3491 πῶς
2393 3428 2553 3482 τοῦτο
2577 3429 2851 3482 δείκνυσιν
2877 3431 2904 3482 ό
2929 3429 3199 3500 μακάριος
3222 3429 3435 3488 Λουκᾶς

1852 3510 2028 3581 λέγων
2047 3529 2061 3543 ·
2093 3514 2514 3582 Παραγγελίαν
2545 3511 2614 3565 δὲ
2659 3513 2948 3579 τοιαύτην
2974 3510 3236 3580 εἰληφὼς
3269 3513 3301 3564 ὀ
3337 3510 3434 3563 6‘s-

1851 3595 2183 3664 σμοερύλαξ
2223 3596 2442 3648 ἔϐαλεν
2470 3595 2693 3660 αὐτοὺς
2724 3597 2812 3661 είς
2843 3594 2958 3662 τὴν
2989 3594 3292 3662 ἐσωτέραν
3321 3610 3429 3662 φυ-

1852 3678 2074 3745 λακὴν,
2104 3678 2202 3732 καί
2225 3677 2370 3743 τοὺς
2393 3677 2586 3744 πόδας
2618 3678 2818 3732 αὐτῶν
2836 3678 3226 3746 ἠσφαλίσατο
3256 3679 3350 3743 είς
3369 3675 3437 3728 τὸ

1854 3761 2063 3824 ξύλον.
2094 3761 2298 3814 Σκόπει
2336 3760 2453 3824 πῶς
2499 3761 2829 3815 ἐπιτείνεται
2860 3761 2930 3814 τά
2959 3761 3127 3825 δεινά,
3164 3761 3252 3813 ἵνα
3282 3759 3378 3813 καὶ
3405 3760 3435 3828 ή

1855 3844 2104 3915 ὑπομονὴ
2129 3843 2237 3896 τῶν
2263 3843 2579 3898 ἀποστόλων
2609 3843 2969 3914 λαμπροτέρα
3001 3844 3249 3913 γένηται,
3276 3841 3370 3896 καὶ
3401 3844 3434 3911 ή

1853 3926 2060 3994 ἄφατος
2090 3926 2185 3979 τοῦ
2214 3927 2349 3980 Θεοῦ
2386 3927 2614 3997 δύναμις
2638 3927 2937 3998 κατάδηλος
2961 3928 3132 3981 ἅπασι
3166 3927 3435 3994 καταστῇ.

1858 4011 2058 4063 ’Λκουε
2097 4010 2156 4062 δέ
2190 4010 2286 4062 καὶ⁸
2330 4009 2390 4062 τὸ
2434 4009 2582 4080 ἑξῆς.
2639 4010 2862 4078 Ἐπάγει
2915 4010 3045 4080 γὰρ,
3079 4011 3239 4063 Κατὰ
3269 4008 3336 4060 δὲ
3369 4009 3437 4061 τὸ

1848 4095 2251 4161 μεσονύκτιον
2297 4093 2538 4158 Παῦλος
2590 4092 2688 4146 καί
2730 4095 2916 4158 Σίλας
2961 4090 3437 4160 προσευχόμενοι

1853 4176 2086 4246 ὕμνουν
2119 4175 2224 4229 τὸν
2272 4177 2439 4230 Θεόν.
2479 4177 2621 4248 Ὅρα
2651 4175 2827 4246 ψυχήν
2875 4175 3288 4246 ἐπτερωμένην,
3339 4173 3440 4243 ὅραι

1853 4262 2092 4315 διάνοιαν
2122 4261 2427 4332 νήφουσαν·
2463 4261 2538 4332 μὴ
2565 4261 2752 4324 ἁπλῶς
2801 4259 3275 4331 παραδράμωμεν,
3302 4259 3438 4325 ἀγα-

1855 4346 2037 4416 πητοὶ,
2086 4345 2149 4397 τὸ
2194 4347 2502 4417 εἰρημένον.
2542 4345 2616 4398 Οὑ
2650 4346 2760 4416 γάρ
2789 4346 2912 4416 εἰκῆ
2967 4346 3061 4396 καὶ
3111 4344 3202 4396 τὸν
3246 4343 3438 4414 καιρὸν

1855 4433 1987 4503 ήμῖν
2034 4433 2448 4502 ἐπεσημήνατο,
2503 4431 2696 4492 εἰπὼν,
2732 4431 2896 4487 Κατὰ
2950 4431 3019 4484 δὲ
3056 4430 3121 4484 τὸ
3169 4432 3434 4498 μεσονύ-

1855 4531 2042 4578 κτιον,
2075 4515 2208 4567 ἀλλὰ
2251 4514 2574 4585 βουλόμενος
2610 4514 2802 4578 δεῖξαι,
2845 4515 2946 4578 ὅτι,
2984 4517 3070 4567 ὅτε
3103 4518 3217 4577 τοῖς
3258 4513 3438 4576 ἄλλοις

1857 4599 2060 4651 ἅπασιν
2093 4600 2272 4669 ήδὺςό
2311 4597 2478 4661 ὕπνος
2527 4599 2814 4668 ἐφίσταται
2853 4598 2879 4637 b
2933 4598 3030 4651 καὶ
3066 4597 3306 4668 κοιμίζει
3361 4598 3432 4649 τὰ

1859 4680 2125 4752 βλέφαρα,
2179 4682 2414 4750 μάλιστα
2441 4682 2499 4735 δέ
2537 4684 2663 4746 τοὺς
2694 4683 2749 4733 ἐν
2776 4681 2995 4744 ὀδύναις
3049 4680 3275 4742 πολλαῖς
3310 4679 3436 4731 καθ-

1855 4765 2412 4827 εστῶταςείκὸςκατά
2434 4766 2526 4818 τὸν
2556 4765 2746 4836 καιρὸν
2762 4767 2970 4817 ἐκεῖνον
2987 4762 3081 4815 τοῦ
3117 4762 3286 4814 ὑπνου
3310 4761 3436 4814 καθ-

1857 4846 2131 4910 έλκεσθαι,
2180 4848 2301 4900 τότε
2349 4849 2552 4910 τοίνυν,
2607 4849 2796 4918 φησὶν,
2832 4849 2922 4900 ὅτε
2976 4843 3240 4898 πάντοθεν
3277 4860 3438 4914 περι-

1857 4931 2075 4998 ἐγένετο
2100 4933 2132 5002 ἡ
2157 4931 2251 4984 τοῦ
2288 4930 2458 4985 ὕπνου
2488 4931 2766 5001 τυραννὶς,
2797 4931 2917 4983 τότε
2952 4931 3150 4982 ἐκεῖνοι
3173 4930 3438 4996 Προσευ-

1857 5016 2099 5084 χόμενοι
2137 5014 2383 5082 ὕμνουν
2404 5016 2510 5068 τὸν
2535 5015 2701 5080 Θεὸν,
2727 5015 2826 5084 τῆς
2858 5013 2985 5084 περὶ
3025 5011 3187 5065 αὑτὸν
3211 5010 3436 5079 ἀγάπης

1862 5099 2117 5168 μέγιστον
2162 5097 2363 5168 δεῖγμα
2405 5099 2565 5152 τοῦτο
2621 5097 2956 5166 ποιούμενοι.
3009 5095 3279 5166 Καθάπερ
3329 5093 3438 5164 γὰρ

1859 5183 2019 5252 ἡμεῖς
2051 5182 2156 5236 ὑπὸ
2186 5182 2521 5251 ἀλγημάτων
2553 5179 2881 5251 σωματικῶν
2906 5177 3304 5248 ἐνοχλούμενοι,
3337 5179 3437 5246 τὴν

1857 5266 1966 5318 τῶν
1991 5265 2233 5337 γνησίων
2261 5265 2548 5320 συνουσίαν
2568 5263 2954 5333 ἐπιζητοῦμεν,
2983 5263 3068 5314 ἵνα
3091 5263 3158 5313 ἐκ
3181 5262 3279 5332 τῆς
3303 5261 3439 5332 πρὸς

1859 5348 2103 5410 ἐκείνους
2127 5347 2414 5412 διαλέξεως
2441 5347 2536 5418 τὴν
2569 5349 2820 5400 ἐπίτασιν
2844 5347 2942 5417 τῆς
2964 5346 3155 5414 ὀδύνης
3186 5362 3441 5415 παραμυο

1861 5431 2155 5503 θησώμεθα
2173 5449 2186 5462 ·
2215 5430 2360 5483 οὕτω
2385 5431 2478 5483 καὶ
2505 5431 2553 5482 οἱ
2581 5429 2726 5498 ἅγιοι
2751 5423 2898 5482 οὗτοι
2929 5428 3004 5498 τῷ
3028 5429 3179 5499 πόθῳ
3206 5427 3284 5497 τῷ
3313 5429 3441 5498 περὶ

1860 5517 1951 5570 τὸν
1983 5516 2262 5585 Δεσπότην
2311 5513 2665 5586 πυρούμενοι,
2699 5514 2794 5568 καὶ
2833 5515 2962 5577 τοὺς
3008 5515 3188 5584 ἱεροὺς
3240 5511 3440 5579 ὕμνους

1861 5599 2250 5670 ἀναφέροντες,
2295 5598 2416 5652 οὑδὲ
2461 5597 2713 5669 αἴσθησιν
2745 5596 3055 5668 ἐλάμϐανον
3095 5595 3201 5647 τῶν
3239 5592 3441 5646 ὀδυνῶν

1927 5826 1958 5868 δ
1982 5827 2102 5889 Reg.
2133 5825 2400 5888 ἐφίπταται.
