3964 6342
183 335 295 391 169

196 451 317 502 lum
337 448 661 521 hymnorum
684 459 899 508 cantum
927 453 1245 524 olfetebant,
1265 474 1327 513 ac
1342 459 1595 533 deinceps
1620 480 1807 522 carcer

198 540 436 595 ecclesia
467 540 629 595 ﬁebat
649 584 664 602 .
694 552 749 597 et
774 543 987 598 illorum
1018 556 1325 603 sanctorum
1356 563 1516 607 cantu
1546 564 1688 610 totus
1715 557 1802 613 ille

198 636 355 687 locus
385 635 835 690 sanctitiatbatur.
874 639 951 692 Ac
975 638 1157 695 videre
1185 653 1302 696 erat
1328 659 1415 697 res
1439 647 1598 702 miras
1632 658 1685 703 et
1728 650 1807 704 in-

198 726 448 789 usitatas,
480 728 723 781 homines
767 728 910 799 ligno
952 731 1228 801 alligatos,
1264 750 1437 805 neque
1464 749 1640 793 tamen
1672 758 1808 810 quo-

195 818 383 870 minus
411 819 640 889 hymnos
674 823 1244 895 eanerentquidquam
1277 828 1544 898 impediri.
1574 831 1800 903 Vigilem

194 907 346 961 enim
380 918 432 962 et
463 919 751 975 attentum,
780 921 836 966 et
863 914 1072 970 ardenti
1116 917 1167 972 in
1210 919 1376 974 Deum
1414 937 1598 978 amore
1618 940 1801 981 corre-

195 1006 347 1066 ptum
380 998 512 1052 nihil
547 1017 797 1070 umquam
826 1004 1025 1074 poterit
1062 1021 1089 1059 a
1123 1007 1393 1079 colloquio
1414 1027 1535 1065 eum
1573 1014 1797 1070 Domino

192 1089 525 1155 prohibere:
559 1090 699 1145 Deus
727 1095 871 1146 enim
901 1136 916 1158 ,
970 1097 1178 1167 inquit,
1232 1103 1651 1172 appmpinquans
1704 1122 1795 1177 ego

187 1196 306 1233 sum
336 1223 352 1245 ,
380 1193 425 1235 et
483 1200 583 1236 non
610 1183 749 1239 Deus
800 1188 991 1263 longe(
1018 1190 1211 1244 Jerem.
1257 1193 1347 1249 25.
1378 1196 1489 1269 25)
1522 1213 1535 1261 ;
1563 1209 1618 1253 et
1667 1202 1795 1256 alibi

187 1287 382 1325 rursus
406 1313 422 1338 ,
450 1274 632 1327 Adhuc
677 1278 909 1347 loquente
934 1290 982 1334 te
1007 1282 1206 1349 dicant,
1241 1283 1370 1339 Ecce
1406 1289 1588 1342 adsunt
1625 1290 1793 1364 (lsai.

185 1364 279 1419 58.
313 1366 404 1436 9).
436 1367 537 1423 Ubi
581 1370 847 1440 siquidem
882 1375 1108 1444 vigilans
1136 1378 1350 1433 animus
1376 1380 1556 1449 fuerit,
1588 1386 1789 1439 excita-

185 1465 274 1509 tur
305 1460 470 1524 ratio,
512 1470 567 1514 et
611 1464 996 1532 propemodum
1046 1475 1288 1537 corporis
1327 1474 1557 1530 vinculis
1588 1477 1791 1533 libera-

184 1558 294 1612 tur,
337 1559 394 1603 et
419 1553 597 1606 evolat
626 1554 689 1605 ad
715 1570 835 1607 eum
867 1572 1025 1624 quem
1068 1559 1239 1630 diligit
1262 1604 1276 1628 ,
1303 1571 1498 1619 terram
1525 1568 1784 1637 despicit,

181 1647 237 1690 et
263 1654 391 1707 quae
427 1651 551 1694 sunt
580 1644 753 1697 oculis
788 1645 1024 1715 subjecta
1057 1662 1385 1721 exsuperans
1419 1657 1486 1710 ad
1525 1659 1671 1713 illum
1707 1663 1785 1715 le-

177 1727 347 1783 stinat
372 1743 390 1783 :
417 1731 560 1800 quod
606 1735 784 1802 utique
825 1737 1025 1791 sanctis
1051 1738 1210 1793 etiam
1234 1742 1351 1798 istis
1382 1750 1622 1818 contigit.
1656 1750 1787 1807 Vide

177 1834 416 1892 iramque
435 1824 667 1879 celerem
709 1837 765 1880 et
790 1826 1063 1885 efficacem
1092 1832 1412 1905 hymnorum
1440 1840 1569 1907 vim,
1598 1852 1651 1896 et
1676 1860 1783 1914 quo

177 1924 339 1979 pacto
391 1929 514 1968 cum
568 1917 617 1968 in
666 1932 885 1974 carcere
925 1935 1290 1989 versarentur.
1323 1938 1377 1983 et
1406 1930 1602 2001 alligati
1637 1934 1781 2004 ligno

174 2015 386 2070 essent,
422 2015 584 2076 atque
622 2012 1002 2077 imposloribus
1040 2023 1094 2069 et
1133 2017 1354 2086 captivis
1381 2021 1642 2090 admixti,
1673 2041 1777 2080 non

172 2096 344 2153 modo
370 2099 502 2154 nihil
532 2104 670 2171 paSsi
701 2105 809 2158 sint
852 2105 1159 2165 detrimenti
1191 2152 1205 2175 ,
1239 2111 1333 2166 sed
1360 2122 1413 2167 et
1439 2112 1535 2168 hac
1571 2118 1778 2174 ratione

171 2190 571 2257 splendidiores
596 2196 865 2249 evaserint
889 2238 903 2261 ,
932 2208 987 2252 et
1008 2215 1199 2255 omnes
1228 2242 1244 2268 ,
1278 2204 1363 2272 qui
1395 2220 1663 2262 carcerem
1694 2210 1776 2263 in-

169 2280 465 2349 colebant,
498 2283 710 2339 virtutis
766 2303 879 2342 suze
927 2290 1092 2345 radiis
1139 2293 1521 2350 collustrarint.
1567 2301 1773 2371 Quippe

168 2369 259 2427 illa
290 2388 571 2430 sacrorum
593 2394 698 2433 vox
738 2378 1060 2452 hymnorum
1087 2399 1209 2439 cum
1237 2386 1288 2439 in
1320 2390 1551 2443 animam
1583 2393 1772 2449 unius-

166 2466 433 2538 cujusque
466 2472 803 2539 eaptivorum
830 2484 1196 2543 penetrasset,
1222 2483 1594 2536 transmutavit
1624 2484 1767 2541 illam

166 2560 578 2628 propemodum,
608 2578 671 2618 ac
702 2564 1029 2621 reformavit.
1057 2570 1239 2624 Subito
1256 2573 1419 2639 enim,
1455 2574 1640 2644 inquit,
1663 2586 1769 2632 ter-

165 2666 237 2703 ra:
255 2661 430 2705 motus
458 2654 624 2723 factus
667 2666 739 2710 est
784 2674 995 2729 magnus
1013 2702 1028 2726 ,
1058 2661 1129 2713 ita
1158 2672 1213 2716 ut
1239 2678 1552 2719 moverentur
1578 2670 1768 2739 funda-

163 2754 333 2797 menta
357 2747 575 2800 carceris
600 2789 614 2811 ,
647 2758 692 2801 et
734 2751 905 2803 statim
943 2763 1117 2823 aperta
1159 2765 1277 2808 sunt
1303 2758 1472 2811 omnia
1516 2760 1645 2814 ostia
1671 2803 1686 2827 ,
1718 2771 1767 2816 et

162 2837 514 2891 universorum
540 2839 737 2894 vincula
762 2841 928 2896 soluta
953 2857 1071 2898 sunt
1101 2846 1119 2917 (
1150 2848 1260 2901 Act.
1288 2851 1372 2904 16.
1402 2850 1470 2906 26
1499 2854 1540 2921 ).
1576 2853 1762 2925 Vides,

162 2927 489 2998 hymnorum
515 2972 531 2997 ,
573 2933 660 3001 qui
702 2933 810 2987 Deo
855 2946 1139 3005 canuntur,
1195 2940 1492 2996 virtutem?
1539 2943 1655 3000 Non
1686 2946 1764 3004 illi

161 3020 321 3072 tundo
352 3061 366 3082 ,
401 3022 493 3089 qui
539 3023 848 3077 obtulerunt
909 3025 1157 3097 hymnos,
1208 3030 1456 3086 solatium
1500 3048 1758 3106 percepe-

156 3123 279 3166 runt
314 3154 331 3177 ,
360 3114 457 3168 sed
486 3115 646 3169 etiam
675 3115 988 3184 ell‘ecerunt,
1019 3130 1072 3173 ttt
1115 3122 1355 3177 omnium
1396 3126 1604 3182 vincula
1642 3129 1760 3184 sol-

155 3216 414 3261 verentur
463 3224 477 3261 :
530 3218 586 3262 ut
632 3208 787 3265 factis
842 3212 968 3279 ipsis
1026 3212 1418 3284 innotesceret,
1449 3234 1555 3289 quo
1602 3230 1757 3291 pacto

159 3299 331 3355 Deum
357 3302 686 3372 diligentibus
715 3306 885 3357 omnia
922 3316 1254 3375 cooperentur
1282 3310 1334 3362 in
1364 3310 1569 3366 bonum.
1617 3314 1757 3370 Ecce

153 3410 390 3464 namque
418 3394 667 3461 verbera,
700 3409 907 3461 carcer,
940 3398 1230 3469 compedes
1254 3440 1268 3465 ,
1301 3410 1503 3457 etcum
1540 3405 1757 3459 carniﬁ-

148 3487 301 3539 cibus
347 3488 729 3553 conversatio,
778 3499 832 3542 et
884 3497 1059 3544 tamen
1117 3491 1232 3545 Itaac
1278 3494 1457 3548 omnia
1489 3494 1751 3552 bonorum

149 3579 377 3632 materia
408 3577 703 3634 fueruntet
738 3580 951 3635 occasio
987 3583 1171 3652 gloriae
1192 3624 1209 3649 ,
1252 3600 1357 3639 non
1390 3586 1519 3655 ipsis
1544 3597 1747 3644 tantum

146 3683 244 3721 nec
276 3668 384 3721 illis
412 3669 502 3738 qui
534 3683 807 3725 carcerem
837 3670 1141 3727 incolebant
1168 3674 1417 3745 captivis,
1448 3676 1544 3732 sed
1570 3688 1624 3734 et
1646 3680 1745 3751 ipsi

143 3761 357 3816 custodi
383 3763 639 3817 carceris.
686 3763 1092 3838 Expergefactus
1139 3768 1281 3822 enim
1305 3810 1320 3833 ,
1350 3768 1550 3841 inquit,
1579 3784 1746 3829 custos

141 3856 381 3918 carceris,
413 3864 462 3909 et
508 3856 683 3911 videns
716 3860 911 3928 januas
946 3870 1155 3931 apertas
1194 3865 1411 3918 carceris
1434 3906 1449 3930 ,
1481 3867 1744 3936 euaginan

140 3947 315 4015 gladio
344 3947 542 4001 volebat
576 3966 631 4002 se
664 3950 981 4019 interﬁcere,
1026 3953 1281 4007 testimons
1324 3955 1515 4025 fugisse
1551 3958 1742 4013 vinctos

140 4044 156 4106 (
196 4037 277 4092 lb.
301 4056 349 4094 υ.
374 4039 445 4093 27
467 4038 511 4113 ).
537 4040 617 4095 Tu
648 4042 776 4096 mihi
803 4042 905 4097 hoc
930 4043 1048 4098 loco
1068 4044 1159 4099 Dei
1192 4044 1580 4115 benignitatem
1608 4064 1738 4102 con-

136 4134 336 4196 sidera.
355 4150 513 4204 quam
540 4135 685 4190 nulla
711 4138 1010 4208 exprimere
1040 4144 1216 4207 potest
1240 4140 1434 4195 oratio.
1466 4141 1573 4196 Cur
1592 4143 1736 4197 enim

139 4228 318 4282 media
349 4238 509 4283 nocte
538 4229 671 4282 liunt
702 4229 816 4284 bzec
842 4231 1067 4285 omnia?
1098 4230 1307 4287 Nullam
1330 4233 1489 4288 aliam
1518 4235 1588 4289 ob
1608 4250 1735 4290 cau-

132 4336 246 4374 sam
276 4363 293 4386 ,
326 4321 433 4376 nisi
461 4330 519 4375 ut
548 4322 914 4390 provideatur,
946 4333 1001 4378 ut
1026 4324 1143 4379 sine
1170 4325 1338 4380 turbis
1367 4337 1422 4381 et
1451 4329 1733 4397 tranquille

131 4429 218 4466 res
256 4413 531 4478 succedat,
566 4421 621 4468 et
656 4415 812 4469 saluti
839 4415 1079 4470 custodis
1116 4417 1348 4472 carceris
1394 4418 1726 4475 consulatur.

128 4506 259 4557 tium
291 4505 439 4559 enim
477 4512 636 4559 terra:
664 4514 840 4560 motus
863 4507 1170 4572 accidisset,
1199 4516 1253 4562 et
1292 4518 1545 4563 reserata:
1585 4509 1729 4565 fores

126 4607 329 4663 essent,
360 4597 603 4651 omnium
629 4599 718 4667 qui
742 4607 897 4653 erant
920 4598 991 4652 ibi
1020 4599 1190 4653 soluta
1217 4609 1345 4654 sunt
1367 4600 1595 4666 vincula,
1626 4616 1728 4657 nec

125 4690 216 4741 ulli
247 4690 571 4759 permissum
595 4699 697 4755 est,
730 4702 787 4744 ut
814 4690 938 4746 inde
964 4690 1285 4746 discederet.
1316 4691 1488 4746 Aliam
1512 4708 1725 4763 quoque

126 4780 218 4834 Dei
262 4781 583 4852 sapientiam
636 4782 725 4837 hic
764 4783 1149 4853 contemplare.
1192 4782 1324 4836 Nam
1362 4783 1463 4837 alia
1505 4782 1721 4854 quidem

122 4885 444 4939 creuerunt,
469 4884 628 4929 teme
656 4884 854 4941 motus,
888 4875 1125 4945 inquam,
1157 4883 1211 4930 et
1242 4876 1503 4930 reseratio
1523 4876 1719 4945 janua-

123 4980 261 5029 rum,
290 4976 347 5019 ut
392 4968 555 5020 rebus
576 4968 704 5037 ipsis
731 4982 919 5022 omnes
943 4968 1299 5037 intelligerent
1318 4968 1506 5038 quales
1532 4968 1606 5023 illi
1631 4983 1721 5024 es-

122 5068 271 5123 scut,
300 5061 389 5130 qui
420 5068 546 5114 tunc
577 5076 849 5116 carcerem
882 5061 1229 5130 habitabant,
1259 5076 1431 5131 neque
1469 5062 1716 5130 vulgares

124 5151 364 5207 homines
392 5168 513 5208 esse
547 5171 559 5206 :
597 5170 758 5224 porro
804 5155 1007 5210 nemini
1037 5156 1259 5225 contigit
1301 5166 1358 5211 ut
1387 5160 1594 5221 exiret,
1647 5174 1716 5215 ne

119 5245 257 5307 quod
305 5245 435 5300 inde
474 5246 765 5316 periculum
792 5247 998 5302 custodi
1029 5250 1262 5304 carceris
1288 5263 1580 5307 crearetur.
1613 5255 1712 5308 At-

117 5349 219 5402 que
247 5346 304 5390 ut
346 5336 453 5390 hoc
495 5353 680 5391 verum
708 5353 827 5394 esse
868 5338 1133 5409 intelligas
1157 5382 1170 5404 ,
1200 5342 1321 5395 audi
1365 5358 1470 5411 quo
1518 5355 1707 5413 pacto,

122 5442 241 5480 cum
274 5429 323 5481 id
351 5428 617 5483 accidisse
648 5431 1010 5500 suspicaretur
1036 5444 1220 5486 custos
1239 5434 1493 5499 carceris,
1528 5446 1582 5490 et
1608 5452 1707 5490 au-

116 5520 307 5588 fugisse
338 5521 601 5592 quosdam
635 5533 866 5592 putaret,
898 5526 1057 5579 etiam
1090 5524 1252 5579 vitam
1281 5541 1432 5581 suam
1466 5538 1707 5582 contem-

115 5614 295 5676 psi-rit.
316 5612 609 5685 Evaginato
629 5616 796 5680 enim,
820 5617 1009 5688 inquit,
1041 5619 1235 5690 gladio,
1258 5618 1450 5673 volebat
1470 5637 1525 5674 se
1550 5622 1703 5675 inter-

112 5703 255 5765 ﬁcere
274 5720 292 5757 :
313 5704 412 5759 sed
440 5706 531 5775 qui
572 5706 694 5778 vigil
724 5707 917 5777 ubique
950 5721 1107 5778 atque
1135 5710 1542 5780 expergefactus
1562 5721 1696 5777 erat,

113 5792 286 5850 [natus
316 5797 536 5864 l‘aulns,
559 5815 623 5854 ex
672 5799 863 5855 bellua:
903 5798 1141 5855 faucibus
1190 5816 1284 5856 sua
1332 5816 1461 5858 voce
1505 5818 1697 5874 agnum

900 339 965 395 IN
1003 340 1233 413 ILLUD,
1268 347 1676 408 DILIGENTIB.
1722 356 1756 410 ῐ]

1867 362 1911 419 Μ
1952 366 2165 425 ΟΜΝΙΑ
2202 372 2402 430 (ῙΟΟΡ.
2445 377 2509 430 l.\'
2544 380 2800 437 BONUM.

3400 393 3503 446 170

1913 477 2131 546 eripuit.
2160 482 2417 541 Clamavit
2444 493 2580 547 enim
2611 513 2731 551 voce
2751 516 2939 570 magna
2980 503 3180 571 dicens,
3224 507 3375 564 Nihil
3403 516 3499 570 tibi

1916 569 2043 675 mali
2066 572 2289 642 feceris;
2315 581 2542 637 universi
2578 591 2713 641 enim
2744 569 3046 649 lticrsumus
3085 569 3224 668 (Act.
3262 604 3343 659 16.
3376 606 3488 675 28).

1914 657 1958 713 Ο
1987 660 2356 723 incredibilem
2398 672 2788 735 humilitatem!
2833 682 2945 740 Non
2982 657 3156 745 elatus
3193 705 3275 750 est
3316 698 3367 751 itt
3399 657 3489 754 sti-

1911 752 2153 818 perbiatn
2176 758 2245 811 ob
2270 774 2331 814 ea
2359 775 2479 830 qua:
2512 768 2845 839 acciderant,
2873 792 2975 830 non
3004 780 3054 832 in
3078 788 3351 842 custodem
3375 807 3490 845 car~

1914 847 2054 953 ceris
2072 848 2385 922 insurrexit,
2412 862 2612 917 nullum
2633 882 2896 939 arrogans
2922 875 3123 932 dictum
3152 880 3224 934 illi
3250 887 3487 953 excidit;

1912 936 2009 990 sed
2047 955 2168 995 cum
2199 946 2416 1013 vinctis,
2469 968 2591 1009 cum
2642 957 2941 1031 lictoribus,
2969 984 3089 1024 cum
3122 974 3379 1033 maleﬁcis
3408 997 3492 1035 se-

1912 1028 2085 1097 ipsntn
2116 1040 2451 1106 numerabat,
2482 1045 2707 1103 dicens:
2736 1049 2972 1111 Universi
2993 1060 3078 1113 ltic
3100 1080 3301 1121 sumus.
3333 1070 3497 1127 Vides

1913 1118 2135 1189 insignis
2162 1138 2283 1178 eum
2321 1127 2639 1191 humilitatis
2674 1146 2978 1213 exemplum
3021 1152 3203 1220 edere,
3253 1174 3352 1213 nec
3391 1164 3493 1219 sibi

1904 1216 2023 1311 plus
2052 1236 2209 1311 quam
2236 1226 2490 1285 maleficis
2511 1236 2740 1303 caneris,
2761 1240 2849 1309 qui
2882 1243 2993 1297 illic
3021 1259 3193 1311 erant,
3222 1252 3493 1311 tribuere?

1904 1307 2040 1365 Vide
2057 1310 2169 1380 jam
2198 1330 2304 1386 quo
2346 1334 2501 1388 pacto
2540 1331 2772 1383 carceris
2812 1333 2971 1389 etiam
3006 1352 3189 1395 custos
3220 1362 3324 1399 non
3350 1358 3486 1403 lam-

1901 1414 2059 1467 quam
2087 1403 2152 1455 ad
2186 1421 2346 1462 unum
2386 1427 2453 1465 ex
2481 1413 2597 1469 altis
2627 1417 2693 1472 ad
2726 1420 2871 1475 illum
2902 1427 3122 1483 accedat
3163 1449 3175 1484 :
3208 1438 3484 1490 conliden-

1907 1493 2009 1546 lior
2033 1496 2175 1551 cnim
2206 1504 2375 1560 factus
2401 1550 2416 1574 ,
2462 1508 2728 1581 Petitoque
2752 1516 2940 1570 lumine
2962 1519 3298 1592 introgressus
3325 1540 3419 1593 est,
3443 1542 3487 1583 et

1897 1597 2218 1665 tremefactus
2241 1602 2465 1668 procidit
2500 1603 2667 1660 Paulo
2710 1618 2756 1661 et
2801 1610 2933 1666 Sile
2954 1655 2970 1680 ,
3002 1626 3047 1667 et
3089 1620 3373 1685 producens
3404 1639 3489 1676 eos

1893 1688 2034 1758 foras
2056 1695 2125 1741 ait
2150 1707 2169 1745 :
2199 1690 2406 1746 Domini
2426 1737 2441 1760 ,
2470 1696 2593 1765 quid
2628 1714 2705 1752 me
2733 1712 2928 1770 oportet
2975 1707 3138 1773 facere
3162 1749 3175 1769 ,
3219 1721 3271 1762 ut
3317 1718 3485 1767 salvus

1892 1781 2016 1849 ﬁam
2045 1784 2063 1853 (
2087 1782 2171 1839 Ib.
2202 1800 2247 1839 ο.
2283 1785 2374 1841 29.
2404 1790 2473 1844 30
2497 1792 2554 1859 Η
2583 1791 2783 1847 Videtis
2809 1810 2915 1864 quo
2960 1812 3114 1867 pacto
3143 1800 3482 1874 Diligentibus

1892 1870 2060 1926 Deum
2105 1878 2277 1931 omnia
2322 1892 2651 1951 cooperentur
2678 1885 2732 1939 in
2779 1870 3473 1953 bonum?Videtisvdialmli

1891 1964 2135 2019 machina
2166 1981 2270 2037 quo
2300 1979 2452 2037 pacto
2482 1972 2636 2028 fuerit
2663 1974 2962 2033 dissoluta?
2991 1998 3097 2051 quo
3126 1999 3278 2053 pacto
3316 1990 3366 2041 in
3397 1994 3479 2044 ni-

1890 2053 2053 2108 hilum
2085 2058 2506 2116 machinationes
2531 2063 2646 2132 ejus
2691 2068 3016 2126 reciderint?
3047 2073 3176 2128 Nam
3208 2092 3325 2131 cum
3355 2075 3467 2133 dio-

1885 2165 2098 2206 ntonetu
2126 2153 2433 2222 ejecissent,
2463 2158 2591 2212 utin
2627 2175 2900 2218 carcerem
2930 2167 3321 2236 conjicerentnr
3338 2175 3466 2230 elfe-

1881 2243 1975 2305 cit,
2000 2255 2146 2299 ratus
2174 2262 2232 2303 se
2274 2249 2374 2303 hoc
2404 2260 2560 2318 pacto
2606 2255 3000 2323 prmdicationis
3045 2264 3221 2317 cursui
3263 2266 3470 2323 obicem

1882 2337 2273 2404 Oppositurom.
2300 2340 2403 2395 Sed
2434 2358 2561 2398 ecce
2583 2358 2768 2401 career
2786 2349 2947 2403 etiam
2975 2363 3213 2421 quaestus
3236 2356 3339 2412 illis
3359 2377 3472 2414 ma-

1881 2429 2066 2483 teriam
2096 2432 2385 2500 spiritualis
2415 2435 2630 2505 objccit.

1947 2552 2002 2605 ι.
2035 2553 2248 2623 Aﬁlictio
2275 2555 2542 2626 diligentes
2566 2560 2730 2614 reddit
2754 2572 2799 2616 et
2828 2573 3059 2621 attentos.
3077 2597 3151 2608 —
3178 2568 3319 2637 Ergo
3342 2586 3468 2639 pos-

1874 2656 2059 2699 sumus
2091 2662 2188 2700 nos
2209 2663 2441 2718 quoque,
2475 2650 2517 2703 si
2550 2653 2785 2720 sapimus
2813 2669 2876 2709 ac
2906 2658 3095 2727 vigiles
3122 2674 3329 2727 sumus,
3350 2679 3455 2718 non

1874 2736 2033 2791 modo
2051 2753 2174 2793 cum
2215 2756 2301 2794 res
2336 2743 2585 2797 secundae
2614 2754 2759 2811 sunt,
2791 2747 2885 2802 sed
2911 2757 3107 2804 etcum
3135 2750 3421 2821 affligimur
3445 2795 3463 2820 ,

1872 2831 2077 2887 lucrum
2102 2836 2378 2903 acquirere
2404 2878 2417 2901 ,
2447 2852 2509 2891 ac
2538 2849 2647 2893 tum
2689 2841 2849 2895 etiam
2883 2844 3049 2913 magis
3074 2886 3088 2908 ,
3138 2861 3296 2916 quam
3327 2863 3449 2903 cmn

1869 2928 2117 2981 secundis
2154 2928 2314 2982 rebus
2352 2929 2595 2985 fruimur.
2649 2931 2936 2989 lnertiores
2966 2936 3107 2989 enim
3140 2938 3456 3009 plerumque

1867 3033 1965 3073 nos
1986 3020 2215 3075 reddunt
2235 3023 2484 3080 secunda:
2508 3039 2595 3079 res
2620 3041 2632 3078 :
2656 3023 2976 3082 aﬂlictiones
3015 3039 3192 3084 autem
3222 3030 3348 3085 dmn
3374 3036 3457 3086 vi-

1863 3114 1997 3182 giles
2025 3130 2121 3169 nos
2152 3116 2399 3184 reddunt,
2431 3119 2686 3172 auxilium
2716 3120 2870 3175 nobis
2890 3122 3105 3178 moleste
3130 3126 3439 3191 conciliant,

1862 3220 1926 3260 ac
1957 3214 2066 3259 tum
2119 3208 2385 3276 principue
2411 3249 2428 3273 ,
2476 3224 2596 3264 cum
2624 3220 2844 3281 propter
2891 3226 3040 3282 spem
3072 3214 3124 3269 in
3158 3215 3323 3270 Deum
3353 3232 3455 3286 pa-

1863 3296 2123 3363 tientiam,
2151 3309 2205 3352 et
2248 3299 2299 3353 in
2328 3300 2598 3365 omnibus,
2624 3318 2744 3371 qua:
2788 3303 3111 3370 inferuntur,
3140 3306 3445 3363 afﬂictioni-

1859 3388 1959 3443 bus
1982 3389 2312 3444 tolerantiam
2340 3391 2675 3447 exhibemus.
2707 3394 2783 3449 Ne
2830 3395 2988 3465 igitur
3030 3397 3307 3453 doleamus
3334 3442 3351 3467 ,
3397 3402 3445 3456 si

1856 3480 2069 3550 quando
2091 3482 2424 3547 tribnlcmur,
2459 3484 2551 3538 sed
2600 3486 2775 3554 potius
2820 3488 3145 3556 gaudeamus
3178 3508 3191 3544 :
3220 3491 3270 3545 id
3296 3494 3442 3548 enim

1858 3573 2010 3627 nobis
2038 3573 2089 3627 in
2119 3576 2456 3631 occasionem
2483 3577 2667 3646 gloriae
2696 3580 2874 3634 vertit.
2917 3580 3206 3652 Propterea
3245 3585 3445 3643 Paulus

1853 3665 2014 3718 etiam
2040 3664 2252 3719 dicebat
2276 3707 2291 3731 ,
2334 3664 2541 3721 Scimus
2583 3678 2785 3733 autem,
2827 3671 3068 3740 quoniam
3110 3674 3435 3745 diligentibus

1855 3754 2016 3808 Deum
2056 3757 2227 3810 omnia
2272 3768 2606 3829 cooperantur
2651 3762 2703 3814 in
2754 3763 2959 3817 bonum.
3012 3764 3117 3819 Sed
3156 3767 3433 3825 ardentem

1848 3863 2156 3907 sanctorum
2212 3853 2434 3909 istorum
2487 3855 2724 3909 animum
2770 3857 3066 3914 videamus.
3113 3860 3245 3915 Cum
3279 3863 3439 3933 igitur

1846 3945 2122 3999 custodem
2164 3946 2396 4003 careeris
2446 3946 2714 4002 dicentem
2766 3949 3045 4007 audissent
3094 3971 3107 4007 :
3169 3954 3308 4022 Quid
3359 3974 3439 4013 nte

1844 4046 2039 4107 Oportet
2068 4036 2235 4107 facere
2256 4078 2273 4105 ,
2301 4047 2355 4093 ut
2380 4040 2552 4094 subus
2577 4040 2699 4110 ﬁam
2735 4041 2845 4111 (lb.
2869 4059 2917 4099 υ.
2949 4044 3020 4100 50
3039 4044 3103 4115 )?
3156 4062 3281 4103 num
3323 4050 3409 4105 dis

1845 4131 2128 4184 tulerunt?
2166 4147 2293 4186 num
2318 4133 2553 4187 cunctati
2578 4134 2739 4188 sunt?
2761 4150 2886 4188 nutu
2927 4136 3255 4192 catecbismo
3283 4140 3430 4194 illtnu

1844 4220 2083 4276 imbuere
2137 4222 2534 4291 neglexerunt?
2584 4224 2742 4278 Nullo
2794 4225 2955 4279 modo
3009 4243 3023 4280 :
3075 4228 3170 4283 sed
3200 4230 3325 4300 quid
3358 4233 3423 4285 ad

1838 4314 2001 4368 eum?
2030 4313 2191 4369 Crede
2229 4315 2284 4369 in
2320 4315 2598 4370 Dominum
2625 4316 2802 4371 Iesum
2829 4317 3117 4387 Christum,
3163 4333 3210 4377 et
3260 4328 3433 4381 salvus

1836 4407 1935 4461 eris
1986 4416 2041 4460 tu
2064 4448 2078 4471 ,
2112 4415 2157 4461 et
2194 4417 2299 4461 tota
2340 4407 2521 4462 domus
2568 4420 2656 4463 tua
2690 4410 2710 4482 (
2738 4408 2822 4465 lu.
2848 4427 2896 4466 υ.
2926 4413 2989 4469 51
3025 4414 3064 4484 ).
3096 4415 3228 4472 Vide
3274 4419 3425 4473 solli-

1834 4499 2125 4553 citudinem
2166 4500 2535 4570 apostolicam.
2596 4500 2742 4555 Illius
2797 4503 2967 4558 salute
3018 4509 3254 4562 contenti
3314 4525 3420 4565 non

1833 4600 1990 4657 sunt,
2023 4600 2078 4646 et
2105 4606 2294 4646 omnes
2322 4589 2437 4660 ejus
2482 4590 2807 4648 domesticos
2853 4596 2904 4649 in
2942 4611 3099 4653 causa
3152 4600 3424 4671 religionis

1830 4682 2109 4751 acquirere
2154 4681 2264 4735 Deo
2294 4681 2500 4748 volunt,
2530 4693 2582 4736 et
2612 4682 2825 4738 letalem
2855 4684 3070 4742 diabolo
3096 4689 3302 4758 plagam
3334 4692 3415 4746 in-

1830 4779 2031 4849 lligere.
2056 4777 2122 4833 Et
2145 4778 2428 4845 baptizatus
2458 4790 2529 4833 est
2550 4779 2679 4849 ipse,
2708 4790 2755 4833 et
2781 4781 2960 4836 domus
2989 4783 3100 4853 ejus
3132 4786 3369 4839 continuo
3390 4827 3407 4851 ,

1825 4886 1873 4926 et
1922 4875 2123 4927 lwtatus
2152 4883 2223 4927 est
2261 4888 2375 4925 cum
2401 4871 2539 4925 omni
2582 4872 2731 4926 domo
2778 4890 2871 4928 sua
2899 4875 3103 4930 credens
3140 4874 3293 4950 Dco(
3321 4876 3403 4932 Ib.

1826 4981 1875 5019 υ.
1904 4966 1992 5022 55.
2017 4965 2086 5021 at
2112 4966 2152 5034 ).

1897 5058 2192 5127 Numquam
2230 5056 2565 5123 diﬂ'erendum
2592 5056 2646 5110 in
2684 5056 3049 5128 spiritualibus.
3094 5060 3203 5117 Cur
3246 5070 3427 5114 tenta-~

1823 5152 1981 5205 tiones
2005 5151 2259 5222 permittat
2290 5149 2448 5204 Deus.
2476 5178 2549 5191 —
2576 5149 2712 5205 Hine
2736 5150 3015 5214 docemur,
3062 5152 3112 5205 itt
3155 5152 3410 5223 spiritua-

1825 5243 1968 5299 libus
2013 5258 2080 5298 ne
2130 5241 2394 5297 tantillum
2438 5242 2653 5311 quidem
2701 5258 2948 5313 umquam
2994 5244 3245 5311 dill’erre,
3302 5248 3396 5301 sed

1820 5338 2068 5394 idoneum
2098 5352 2322 5393 censere
2349 5337 2572 5408 quodvis
2605 5348 2848 5407 tempus.
2896 5338 3038 5409 quod
3085 5343 3403 5395 occurro-rit.

1817 5431 1873 5487 Si
1904 5432 2048 5487 enim
2082 5430 2243 5484 multa
2272 5440 2428 5484 nocte
2455 5428 2706 5484 nolebant
2742 5429 2793 5483 bi
2820 5431 2985 5485 sancti
3015 5430 3251 5495 diﬂ‘erre,
3286 5446 3407 5500 qum

1816 5526 1973 5580 nobis
2013 5524 2166 5579 venia
2215 5524 2328 5577 dari
2376 5523 2590 5594 poterit,
2634 5524 2677 5577 si
2709 5521 2816 5577 alio
2846 5533 3083 5592 tempore
3124 5524 3401 5592 spirituale

1814 5619 2016 5674 lucrum
2048 5614 2567 5671 omittamus‘lVides
2595 5629 2862 5669 carcerem
2900 5614 2950 5667 in
2978 5615 3256 5670 ecclesiam
3281 5629 3402 5670 esse

1811 5709 2168 5765 conversum?
2216 5707 2364 5763 vides
2406 5706 2652 5762 lictorum
2695 5704 3048 5761 diversorium
3104 5705 3400 5774 derepente

1810 5802 2027 5858 domum
2057 5799 2312 5855 orationis
2340 5812 2458 5855 esse
2486 5797 2703 5865 factum,
2749 5809 2803 5854 et
2834 5797 2937 5853 illic
2970 5810 3176 5852 sacram
3218 5793 3395 5849 initia-
