3964 6342
522 382 618 438 171
1258 373 1315 427 S.
1359 370 1636 428 JOANNIS
1675 366 2145 425 CHRYSOSTOMI
2187 366 2503 422 ARCHIEP.
2543 367 3081 425 CONSTANTINC'P.
3684 378 3759 432 l7!

518 499 716 552 tionem
761 493 1080 550 celebratam
1104 493 1127 545 ?
1171 491 1342 545 Tanta
1371 504 1457 543 res
1483 497 1566 542 est
1600 487 1809 559 vigilem
1837 500 1976 546 esse,
2003 499 2102 539 nec

520 601 769 656 umquam
821 585 1115 656 spiritualia
1167 583 1312 637 lucra
1366 581 1653 650 negligere.
1699 578 1794 633 sed
1848 578 2099 632 idoneum

519 681 746 752 quodvis
799 687 1008 746 tempus
1061 676 1126 731 ad
1182 673 1444 746 ejusmodi
1498 681 1759 742 quaestum
1828 670 2096 724 arbitrari.

517 773 684 828 liccte
717 774 895 840 itaque
923 771 1110 825 beatus
1136 769 1220 823 hic
1243 769 1376 822 dixit
1402 768 1662 831 scribens,
1699 765 1950 832 Quoniam
1976 764 2097 817 dili-

515 863 742 936 gentibus
789 861 954 918 Deum
1003 862 1172 915 omnia
1220 868 1554 929 coaperantur
1595 858 1649 910 in
1690 857 1895 911 bonum.
1951 856 2099 910 Hanc

513 955 832 1015 sententiam
851 994 868 1020 ,
904 970 1105 1025 quaeso,
1153 968 1250 1006 nos
1271 966 1458 1005 omnes
1483 950 1647 1005 menti
1675 960 1871 1003 nostra:
1898 949 2096 1001 inscul-

515 1057 658 1119 ptam
698 1045 954 1102 habentes
982 1058 1270 1111 numquam
1300 1041 1661 1110 indignemur,
1705 1039 1748 1092 si
1794 1037 2005 1107 quando
2043 1037 2095 1091 in

509 1153 670 1195 casus
713 1138 918 1206 aliquos
958 1136 1211 1190 adversos
1255 1133 1657 1197 incurrerimus,
1703 1129 1829 1184 dum
1885 1130 1936 1182 in
1981 1128 2093 1208 'hac

513 1230 619 1284 vita
667 1243 966 1293 versamur,
1006 1234 1098 1281 aut
1147 1227 1199 1280 in
1251 1225 1599 1289 calamitates,
1644 1222 1817 1276 autin
1857 1221 2097 1289 corporis

514 1321 876 1391 mgritudines,
921 1327 1012 1373 aut
1059 1318 1112 1372 in
1159 1332 1245 1372 res
1274 1317 1407 1370 alias
1433 1316 1706 1382 molestas,
1755 1313 1847 1368 sed
1879 1313 2096 1367 mulum

512 1411 829 1467 exhibentes
880 1409 1297 1464 moderationem
1347 1406 1510 1461 animi
1560 1420 1623 1460 ac
1670 1404 2094 1474 plnloSOphiam,

510 1505 679 1559 cuivis
710 1503 984 1560 tentationi
1012 1503 1347 1566 resistamus,
1389 1517 1509 1554 cum
1562 1500 1716 1554 nobis
1762 1500 2094 1569 exploratum

511 1598 582 1651 sit
627 1597 772 1652 omni
810 1611 875 1651 ex
926 1604 1076 1666 parte
1121 1609 1222 1650 nos
1266 1608 1423 1663 posse
1472 1593 1676 1647 lucrum
1707 1603 2001 1662 reportare,
2049 1593 2095 1647 si

509 1688 701 1758 vigiles
742 1698 796 1743 et
832 1686 1020 1741 attenti
1070 1684 1358 1747 fuerimus,
1399 1694 1561 1754 atque
1604 1699 1671 1738 ex
1715 1682 2096 1737 tentationibus

508 1780 686 1848 potius
705 1794 860 1849 quam
890 1794 955 1832 ex
987 1777 1146 1832 rebus
1169 1775 1419 1831 secundis
1452 1792 1465 1828 :
1499 1790 1600 1829 nec
1629 1789 1878 1843 umquam
1917 1777 2096 1828 animo

506 1870 871 1938 concidamus,
889 1869 1180 1938 cogitantes
1201 1876 1457 1940 quantum
1482 1866 1554 1921 sit
1575 1864 1844 1936 patientiae
1866 1865 2092 1930 lucrum,

511 1967 604 2022 sed
662 1984 761 2022 nec
805 1967 907 2022 illis
955 1967 1121 2022 simus
1166 1960 1382 2025 infensi,
1431 1959 1523 2028 qui
1567 1957 1948 2013 tentationibus
1997 1971 2095 2011 nos

505 2059 775 2114 divexant.
807 2058 956 2114 Licet
1002 2057 1143 2112 enim
1186 2057 1261 2110 illi
1305 2056 1486 2119 etiam,
1541 2059 1598 2108 ιιι
1627 2048 1907 2106 consilium
1937 2061 2093 2102 suum

507 2151 777 2220 expleant,
827 2149 878 2204 id
925 2158 1084 2220 agant
1114 2167 1125 2202 :
1157 2149 1455 2205 communis
1500 2157 1674 2202 tamen
1706 2147 1960 2204 Dominus
1993 2145 2094 2200 hoc

508 2241 790 2311 permittit,
836 2241 976 2310 quod
1021 2255 1120 2296 nos
1163 2238 1295 2294 velit
1344 2238 1444 2293 hac
1494 2239 1702 2292 ratione
1757 2237 2088 2306 spiritualcm

509 2332 654 2387 hunc
679 2342 940 2402 quaastum
972 2332 1163 2394 facere.
1185 2347 1248 2386 ac
1287 2330 1555 2402 patientiae
1603 2327 1907 2384 mercedem
1951 2327 2089 2382 obti-

2212 499 2360 538 nere.
2407 483 2465 538 Si
2505 499 2634 554 ergo
2681 500 2800 554 qum
2847 483 3149 540 inferuntur
3192 487 3327 540 mala
3357 502 3476 540 cum
3507 495 3760 558 gratiarum

2207 577 2418 629 actione
2445 575 2684 646 perferre
2712 578 2998 645 possimus,
3031 593 3136 631 non
3186 581 3431 648 exiguam
3475 581 3758 640 delictorum

2206 676 2510 722 nostrorum
2565 680 2767 740 partem
2823 668 3139 724 delebimus.
3193 669 3251 724 Si
3297 673 3438 725 enim
3486 674 3761 732 thesaurum

2206 758 2368 825 hunc,
2421 770 2475 814 et
2503 760 2651 815 orbis
2679 769 2943 814 terrarum
2971 761 3248 816 doctorem
3280 763 3520 832 quotidie
3545 768 3762 834 periculis
3916 758 3917 842 ἦ

2204 853 2366 923 objici
2395 869 2516 908 cum
2550 853 2757 908 videret
2781 853 3058 918 Dominus,
3107 856 3469 924 permittebat,
3516 874 3622 911 non
3652 863 3763 930 quod

2203 945 2462 999 athletam
2508 958 2664 998 suum
2706 943 3026 1013 despiceret,
3075 946 3169 1000 sed
3213 947 3356 1016 quod
3401 948 3610 1020 longius
3655 952 3764 1007 illius

2202 1034 2385 1089 virtuti
2414 1034 2644 1088 stadium
2671 1042 2959 1099 sterneret,
3008 1044 3065 1089 ut
3109 1035 3500 1106 Splendidiores
3534 1040 3610 1094 illi
3636 1056 3764 1097 coro-

2204 1142 2300 1181 nas
2327 1127 2572 1182 redderct
2605 1146 2618 1180 :
2647 1128 2773 1198 quid
2800 1143 2900 1183 nos
2924 1128 3166 1184 dicemus
3203 1133 3293 1201 qui
3336 1135 3570 1201 peccatis
3617 1146 3763 1190 scate-

2203 1235 2322 1272 mus
2372 1219 2690 1286 innumeris,
2742 1229 2796 1275 et
2834 1219 3036 1276 idcirco
3077 1220 3389 1291 frequenter
3414 1226 3768 1283 tentationibus

2201 1311 2591 1377 conflictamur,
2625 1320 2681 1365 ut
2709 1326 2829 1365 cum
2858 1326 3044 1366 eorum
3072 1327 3232 1368 causa
3259 1329 3444 1383 pmoas
3463 1315 3764 1385 dederimus,

2201 1403 2389 1456 saltem
2429 1402 2658 1470 aliquam
2701 1402 3084 1457 misericordiae
3115 1412 3320 1472 partem
3346 1406 3594 1476 exiguam
3619 1408 3766 1477 impe-

2203 1500 2425 1558 tremus,
2477 1500 2532 1546 et
2559 1491 2611 1546 in
2642 1493 2735 1548 illo
2761 1493 2848 1548 die
2877 1495 3160 1549 tremendo
3190 1494 3346 1551 bonis
3373 1497 3481 1551 illis
3509 1497 3768 1552 ineﬂ'ahili-

2200 1583 2300 1639 bus
2349 1583 2728 1653 perfruamur?
2781 1585 2908 1641 Haec
2955 1596 3134 1641 autem
3185 1602 3307 1642 cum
3357 1589 3552 1644 animis
3601 1594 3770 1647 nostris

2200 1687 2530 1746 reputantes,
2577 1677 2833 1733 adversus
2866 1679 3044 1733 omnia
3089 1689 3398 1735 constanter
3427 1682 3770 1754 patienterqne

2199 1771 2531 1836 resistamus,
2585 1781 2644 1824 ut
2683 1778 2740 1825 et
2782 1771 3081 1826 tolerantiae
3129 1773 3435 1828 mercedem
3490 1790 3520 1828 a
3566 1775 3769 1845 benigno

2204 1857 2427 1914 Domino
2469 1863 2812 1932 recipiamus,
2861 1873 2915 1918 et
2947 1874 3287 1932 peccatorum
3317 1876 3623 1922 nostrorum
3651 1873 3770 1923 mnt-

2201 1953 2482 2007 titudinem
2515 1954 2832 2008 imminuere
2865 1957 3149 2024 possimus,
3177 1967 3232 2011 et
3260 1969 3458 2013 :eterna
3493 1961 3634 2014 bona
3659 1976 3770 2014 con-

2198 2047 2375 2116 sequi,
2421 2048 2588 2116 gratia
2617 2057 2673 2104 et
2699 2047 3026 2119 benignitate
3055 2049 3268 2104 Domini
3299 2052 3466 2106 nostri
3492 2051 3621 2108 Jesu
3641 2053 3773 2106 Chri-

2198 2141 2288 2206 sti,
2338 2157 2458 2195 cum
2490 2156 2596 2210 quo
2629 2141 2792 2207 Patri,
2847 2141 3110 2210 simulque
3136 2141 3354 2212 Spiritui
3391 2153 3579 2197 sancto
3603 2144 3769 2214 gloria,

2199 2234 2506 2303 imperium,
2557 2243 2611 2287 et
2639 2233 2832 2298 honor,
2863 2249 3003 2288 nunc
3029 2243 3084 2289 et
3106 2251 3344 2305 semper,
3393 2247 3447 2291 et
3497 2239 3551 2292 in
3598 2241 3772 2291 set-uia

2197 2325 2535 2379 saeculorum.
2571 2326 2763 2379 Amen.

1479 2928 1834 2990 MONITUM
1881 2928 1980 2989 AD
2021 2927 2400 2989 HOMILIAM
2440 2927 2520 2988 IN
2562 2927 2822 3001 ILLUD,

592 3139 743 3198 Licet
768 3141 837 3198 de
867 3156 1033 3209 anno,
1067 3157 1177 3211 quo
1205 3142 1346 3197 hanc
1378 3141 1805 3212 Chrysostomus
1843 3141 2217 3212 pronuntiavit
2260 3140 2564 3205 homiliam,
2597 3139 2734 3194 nihil
2771 3137 3106 3204 habeamus,
3151 3152 3217 3192 ex
3253 3137 3341 3199 iis,
3373 3150 3498 3204 qua
3544 3148 3693 3188 num.
3735 3132 3758 3183 ι

526 3262 760 3330 hujusce
788 3261 1072 3317 concionis
1107 3260 1364 3314 dicuntur
1391 3259 1459 3314 de
1491 3260 1840 3330 imperatoria
1872 3258 2037 3314 Curia
2059 3297 2074 3323 ,
2109 3258 2286 3328 deque
2334 3259 2558 3314 militari
2588 3258 2842 3314 satellitio
2870 3224 3253 3328 Imperatoris,
3290 3271 3355 3311 ea
3386 3254 3765 3310 Constantino-

527 3373 636 3444 poli
663 3372 849 3427 habita
889 3371 1060 3428 fuisse
1105 3372 1569 3440 deprehenditur;
1611 3383 1667 3428 et
1706 3373 1950 3444 quidem,
1990 3381 2051 3428 ut
2095 3389 2250 3428 num.
2291 3374 2327 3428 2
2363 3384 2640 3439 narratur,
2664 3383 2852 3430 testate
2879 3387 3134 3444 magnum
3170 3373 3225 3426 in
3257 3368 3560 3440 frequentia
3592 3364 3768 3438 populi

526 3495 720 3544 aestum
753 3489 1031 3559 pariente;
1059 3505 1222 3558 quam
1268 3487 1630 3543 obtendebant
1665 3501 1888 3543 causam
1933 3485 2546 3557 Constantinopolitani,
2593 3502 2720 3543 cum
2766 3493 3087 3557 quereretur
3133 3483 3558 3546 Chrysostomus
3599 3477 3768 3533 eccle-

525 3601 664 3657 siam
711 3617 820 3658 non
862 3602 1217 3674 frequentari,
1268 3603 1575 3675 multosque
1622 3619 1652 3658 a
1693 3604 2050 3660 concionibus
2089 3603 2280 3658 abesse
2311 3603 2466 3657 suis:
2503 3616 2640 3672 quos
2676 3601 2890 3672 egregie
2938 3599 3174 3655 retundit
3197 3597 3628 3668 Chrysostomus
3661 3611 3675 3645 :
3717 3587 3770 3639 Si

3525 3859 3606 3865 _._..
3619 3852 3753 3863 η-..Α

1817 4162 1863 4221 Α
1875 4161 2218 4227 DVERSUS
2255 4163 2417 4235 EOS,

493 4313 600 4366 QUI
647 4314 728 4356 Δι)
769 4309 1137 4354 COLLEC'I'AM
1179 4310 1301 4352 NON
1345 4310 1829 4369 OCCURRERUNT,
1878 4316 1959 4358 ΕΤ
2003 4315 2067 4359 IN

2195 4316 2355 4360 ςτυι
2411 4317 2600 4359 ιιιυυ
2644 4313 2970 4368 Ανοετοιι,
3014 4314 3066 4357 SI
3109 4313 3452 4356 ESURIERIT
3493 4311 3783 4356 [NIMICU‘

957 4411 1138 4464 TUUS,
1184 4411 1325 4454 cm
1372 4411 1564 4454 ILLUM
1612 4393 1838 4474 (Rom.
1887 4395 1985 4469 12,
2031 4397 2110 4456 20
2143 4396 2190 4478 ),
2227 4410 2310 4458 ετ
2353 4415 2436 4456 ne
2480 4413 2964 4458 mtmcrruntm
3008 4411 3328 4456 MEMORIA.

1735 4558 2088 4574 -——~

583 4667 632 4720 Ι.
689 4663 1004 4718 Paucilatem
1053 4663 1340 4716 auditorum
1381 4663 1604 4731 queritur
1655 4661 2076 4734 Chrysoatomtts;

499 4755 780 4826 applausus
803 4756 1091 4809 auditorum
1132 4753 1343 4824 respuit.
1393 4751 1746 4819 Proverbium,
1796 4753 1953 4810 Gutta
1995 4773 2081 4809 ca-

499 4857 583 4901 vat
623 4847 862 4918 tapidem.
908 4875 978 4887 —
1016 4844 1196 4907 Nihil,
1237 4854 1296 4898 ut
1350 4844 1594 4911 videtur,
1641 4847 1800 4901 nobis
1841 4847 2077 4916 profuit,

502 4938 644 5008 quod
711 4952 1013 4994 sermonem
1070 4935 1286 5006 longum
1342 4951 1514 5004 nuper
1585 4935 1965 5004 habuerimus,
2023 4948 2082 4992 ut

503 5039 736 5083 vestrum
782 5028 848 5082 ad
919 5027 1175 5082 collectas
1228 5025 1475 5081 veniendi
1529 5025 1760 5082 studium
1813 5029 2080 5083 excitare-

504 5137 622 5176 tnus
653 5140 667 5176 :
696 5137 882 5176 rursus
918 5122 1059 5177 enim
1099 5121 1253 5176 nobis
1290 5121 1414 5174 filiis
1439 5120 1552 5175 suis
1576 5121 1802 5176 ecclesia
1827 5120 2078 5176 destituta

501 5224 602 5268 est.
634 5213 832 5279 Quo‘ﬂt
854 5227 911 5268 ut
941 5229 1124 5268 rursus
1149 5215 1306 5268 etiam
1334 5214 1510 5284 gravis
1534 5228 1597 5268 ac
1623 5213 1886 5268 molestus
1907 5214 2078 5269 videri

501 5321 682 5370 cogar,
708 5306 826 5360 sive
865 5307 989 5359 dum
1027 5315 1320 5375 praesentes
1363 5305 1589 5374 castigo,
1641 5306 1754 5360 sive
1789 5303 1917 5359 dum
1957 5305 2079 5360 abs-

503 5405 657 5451 entes
710 5394 1043 5463 reprehendo
1083 5413 1096 5448 :
1143 5395 1264 5448 illos
1311 5394 1562 5464 quidem,
1613 5395 1757 5463 quod
1810 5396 2076 5464 pigritiam

504 5505 610 5544 non
653 5487 1023 5550 excusserint,
1068 5501 1162 5542 vos
1212 5502 1342 5542 vero
1391 5487 1532 5553 quod
1582 5487 1804 5541 salutem
1854 5485 2077 5542 fratrum

501 5595 607 5633 non
647 5577 867 5633 curetis.
921 5575 1112 5632 Gravis
1148 5591 1212 5630 ac
1259 5577 1517 5632 molestus
1539 5576 1707 5631 videri
1736 5591 1920 5646 cogor,
1971 5593 2076 5632 non

501 5685 618 5724 mea
645 5670 728 5723 vel
755 5679 990 5722 mearum
1017 5666 1435 5737 possessionum,
1465 5667 1559 5722 sed
1589 5677 1760 5722 vestra
1787 5668 2078 5738 salutisque

503 5769 693 5816 vestra:
735 5773 916 5824 causa,
965 5773 1067 5830 qua
1115 5757 1246 5812 mihi
1289 5759 1420 5813 nihil
1463 5767 1551 5814 est
1598 5760 1886 5831 antiquius.
1910 5759 2076 5830 Egre

506 5851 640 5920 ferat
658 5853 748 5924 qui
772 5853 931 5916 volet,
957 5853 1318 5921 importunum
1350 5862 1404 5907 et
1430 5852 1789 5920 impudentem
1819 5853 2074 5924 appellet;

2091 4545 2194 4587 00

2197 4559 2512 4577 cI—lu—o—

2189 4683 2289 4740 ego
2309 4685 2438 4725 vero
2467 4684 2679 4739 semper
2730 4668 2832 4724 hac
2871 4668 2941 4724 de
2967 4683 3125 4724 causa
3173 4669 3476 4724 molestiam
3521 4668 3782 4724 exhibere

2190 4776 2296 4815 non
2342 4761 2605 4826 desinam,
2651 4760 2787 4814 nihil
2829 4760 2972 4815 enim
3021 4759 3122 4814 hac
3148 4760 3474 4829 impudentia
3503 4760 3634 4814 mihi
3668 4760 3786 4813 fruo

2189 4851 2428 4905 ctuosius
2449 4865 2570 4905 esse
2597 4859 2793 4921 potest.
2840 4849 3092 4907 Fortasse
3122 4865 3370 4920 namque,
3419 4850 3680 4914 fortasse,
3739 4850 3783 4904 si

2188 4943 2369 4998 minus
2397 4943 2616 4998 alterius
2641 4941 2742 5009 rei,
2797 4942 2986 4998 saltem
3019 4942 3176 5012 hujus
3199 4957 3295 4998 vos
3322 4942 3559 5014 pudebit,
3609 4952 3677 4995 ut
3721 4957 3788 4994 ne

2189 5047 2403 5102 semper
2445 5031 2687 5088 eamdem
2731 5031 2802 5087 ob
2833 5049 3051 5089 causam
3079 5034 3319 5090 molestia
3347 5034 3499 5088 vobis
3526 5033 3789 5088 exhibea-

2186 5131 2293 5187 tur,
2349 5131 2405 5178 et
2453 5137 2635 5178 curam
2685 5121 2879 5180 fratres
2931 5133 3139 5179 vestros
3177 5125 3396 5194 juvandi
3451 5123 3787 5193 suscipiens.

2187 5213 2323 5282 Quid
2352 5215 2494 5270 enim
2522 5214 2654 5270 mihi
2685 5214 2870 5270 laudes
2895 5226 3138 5285 prosunt,
3182 5230 3304 5270 cum
3343 5231 3440 5270 vos
3487 5217 3540 5272 in
3576 5217 3789 5270 virtute

2185 5305 2362 5360 facere
2409 5321 2720 5375 progressus
2771 5321 2880 5360 non
2927 5305 3182 5360 videam?
3228 5304 3383 5374 Quod
3442 5321 3570 5361 vero
3649 5306 3790 5361 mihi

2185 5396 2437 5451 damnum
2467 5397 2638 5450 oritur
2663 5412 2731 5451 ex
2758 5397 2974 5452 silentio
3019 5397 3345 5463 auditorum,
3375 5413 3498 5452 eum
3537 5405 3788 5452 vestram

2184 5487 2368 5557 augeri
2410 5488 2735 5558 conspiciam
2778 5488 3070 5558 pietatem?
3120 5487 3264 5546 Laus
3308 5490 3508 5560 quippe
3543 5487 3795 5545 dicentis

2185 5590 2289 5649 est,
2321 5595 2425 5636 non
2457 5581 2766 5650 applansus,
2818 5581 2915 5636 sed
2965 5581 3267 5636 auditorum
3316 5582 3370 5637 in
3401 5584 3600 5651 pietate
3631 5583 3794 5636 zelus

2187 5686 2252 5726 ac
2301 5670 2575 5736 studium;
2632 5687 2737 5726 non
2785 5671 3041 5729 tumultus
3083 5672 3367 5738 excitatus,
3398 5686 3505 5742 quo
3529 5685 3798 5741 tempore

2185 5777 2364 5817 sermo
2402 5761 2636 5828 auditur,
2680 5760 2772 5817 sed
2799 5763 3033 5820 studium
3060 5777 3125 5818 ac
3149 5762 3440 5834 diligentia,
3474 5777 3594 5832 qua:
3629 5761 3793 5816 omni

2185 5863 2423 5924 tempore
2441 5853 2743 5909 exhibetur.
2758 5853 3057 5923 .Apptausus
3083 5869 3148 5910 ex
3179 5869 3273 5910 ore
3294 5853 3456 5910 simul
3479 5858 3798 5928 egreditur,
