3964 6342
250 250 341 307 ΠΙ

248 362 510 416 Τοσοῦτόν
540 363 658 416 ἐστι
682 361 743 414 τὸ
769 362 980 433 νήφειν,
1014 362 1110 416 καὶ
1154 363 1424 434 μηδέποτε
1462 364 1827 437 παρατρέχειν

243 446 311 499 τά
340 443 696 516 πνευματικά
731 445 921 516 κέρδη,
947 445 1084 500 ἀλλά
1112 449 1292 501 πάντα
1313 448 1506 520 καιρὸν
1528 449 1830 521 ἐπιτήδειον

242 528 516 582 ποιεῖσθαι
553 531 691 601 πρὸς
735 529 836 599 τὴν
879 530 1139 601 τοιαύτην
1170 533 1460 603 ἐμπορίαν.
1491 533 1690 596 Καλῶς
1722 534 1830 601 ἄρα

242 614 427 681 ἔλεγεν
461 616 490 666 ὁ
525 614 799 683 μακάριος
832 607 987 677 οὗτος
1019 615 1270 685 γράφων,
1326 617 1456 669 Ὀτι
1506 615 1631 682 τοῖς
1682 617 1825 686 ἀγα·

240 695 397 749 πῶσι
420 696 532 749 τόν
552 696 701 750 Θεὸν
721 696 921 750 πάντα
944 698 1325 767 συνεργεῖείς
1347 700 1593 769 ἀγαθόν.
1613 699 1828 770 Ταύτην

239 782 335 848 τὴν
372 780 562 851 ῥῆσιν,
609 782 941 852 παρακαλῶ,
996 783 1090 836 καὶ
1140 784 1303 854 ἡμεῖς
1344 783 1827 855 ἐγκεκολαμμένην

240 864 460 934 ἔχοντες
493 867 562 936 τῇ
597 864 807 936 διανοίᾳ
847 869 912 937 τῇ
944 866 1210 938 ἡμετέρα.
1250 866 1518 938 μηδέποτε
1546 866 1829 939 ἀσχάλλω-

243 967 362 1020 μεν,
402 949 629 1003 ἐπειδὰν
659 950 925 1022 λυπηροῖς
951 968 1061 1005 τισι
1090 951 1231 1004 κατά
1255 952 1345 1003 τὸν
1370 951 1483 1022 βίον
1511 951 1699 1005 τοῦτον
1732 971 1827 1006 πε-

243 1036 589 1107 ριπέσωμεν,
625 1036 659 1108 ἢ
704 1038 1118 1108 περιστάσεσιν,
1150 1038 1184 1107 ἢ
1216 1039 1553 1110 ἀρῤωστίαις
1588 1055 1829 1108 σωματι-

238 1125 380 1185 καῖς,
404 1120 439 1190 ἢ
473 1121 684 1192 ἑτέροις
718 1124 831 1175 τισὶ
851 1122 1115 1193 λυπηροῖς
1133 1122 1470 1192 πράγμασιν·
1495 1122 1632 1176 ἀλλά
1656 1123 1823 1195 πολλῇ

239 1204 575 1276 κεχρημένοι
622 1208 688 1274 τῇ
737 1204 1049 1276 φιλοσοφίᾳ,
1099 1206 1413 1277 ἀντέχωμεν
1465 1207 1601 1278 πρὸς
1647 1208 1825 1261 πάντα

238 1289 575 1359 πειρασμὸν,
628 1288 832 1353 εἰδότες
879 1292 985 1351 ὅτι,
1039 1290 1105 1344 ἀν
1154 1292 1435 1361 νήφωμεν,
1490 1292 1827 1361 πανταχόθεν

237 1374 549 1444 κερδαίνειν
600 1372 899 1444 δυνάμεθα,
952 1374 1050 1428 καὶ
1090 1374 1290 1445 μᾶλλον
1326 1375 1434 1428 ἀπὸ
1460 1375 1571 1428 τῶν
1629 1393 1825 1447 πειρα-

238 1458 395 1527 σμῶν
448 1457 481 1527 ἢ
513 1456 624 1510 ἀπὸ
664 1458 775 1511 τῶν
804 1459 1046 1513 ἀνέσεων
1066 1475 1080 1489 ·
1117 1460 1213 1512 καὶ
1244 1458 1517 1529 μηδέποτε
1547 1458 1823 1531 ἀλὺωμεν,

234 1540 550 1605 ἐννοοῦντες
587 1542 711 1595 ὅσον
750 1542 850 1612 τῆς
881 1543 1161 1613 ὑπομονῆς
1181 1542 1243 1594 τὸ
1273 1542 1481 1613 κέρδος,
1511 1542 1648 1596 ἀλλά
1690 1544 1825 1614 μηδὲ

234 1624 497 1694 ἀπεχθῶς
512 1623 728 1695 ἔχωμεν
747 1624 884 1696 πρὸς
904 1626 1030 1690 τοὺς
1052 1626 1356 1694 ἐπάγοντας
1377 1626 1505 1695 ήμῖν
1526 1628 1651 1689 τοὺς
1668 1624 1818 1699 [156]

234 1707 601 1777 πειρασμοὺς.
654 1708 718 1761 Εί
776 1707 886 1779 γάρ
942 1710 1185 1762 κάκεῖνοι
1231 1708 1325 1760 τὸν
1371 1709 1571 1761 οἰκεῖον
1618 1709 1821 1761 σκοπὸν

233 1791 576 1862 πληροῦντες
615 1789 776 1845 τοῦτο
805 1792 1074 1857 ποιοῦσιν,
1106 1792 1221 1846 ἀλλ’
1244 1792 1275 1844 ό
1320 1794 1497 1855 κοινὸς
1544 1792 1822 1863 Δεσπότης

234 1878 534 1945 συγχωρεῖ,
580 1874 907 1949 βουλόμενος
953 1878 1103 1946 ἡμᾶς
1152 1876 1246 1929 καὶ
1276 1874 1363 1929 διὰ
1394 1875 1599 1929 τούτων
1645 1878 1818 1946 ἐμπο-

234 1957 541 2031 ρεὺσασθαι
568 1958 670 2030 τὴν
710 1958 1087 2029 πνευματικὴν
1114 1958 1407 2030 ἐμπορίαν,
1444 1959 1539 2011 καὶ
1568 1959 1667 2030 τῆς
1699 1961 1823 2013 ὑπο-

238 2044 411 2115 μονῆς
437 2042 626 2098 λαϐεῖν
654 2042 745 2098 τὸν
772 2042 985 2115 μισθόν.
1026 2042 1154 2097 Ἐὰν
1186 2038 1280 2097 οὖν
1307 2042 1625 2114 δυνηθῶμεν
1659 2042 1819 2112 εὑχα-

1179 260 1244 314 ΙΝ
1282 260 1507 326 ILLUD,
1550 262 1609 318 SI
1645 258 2025 317 ESURIERiT
2071 260 2397 323 INIMICUS,
2439 258 2593 329 E'l'C,

3402 260 3505 315 £72

1938 371 2134 440 ρίστως
2162 372 2404 439 ἐνεγκεῖν
2435 371 2503 426 τὰ
2528 376 2862 446 ἐπαγόμενα,
2886 375 2944 429 οὑ
2980 374 3175 447 μικρὸν
3207 373 3370 446 μέρος
3397 373 3507 429 τῶν

1934 452 2490 525 πεπλημμελημένων
2520 457 2651 529 ήμῖν
2683 457 3028 529 διαλύσομεν.
3058 458 3123 511 Εἰ
3161 457 3269 528 γὰρ
3294 456 3387 510 τὸν
3412 456 3508 526 θη-

1933 536 2134 607 σαυρὸν
2166 536 2355 591 τοῦτον
2388 541 2603 611 καὶτῆς
2643 540 2968 613 οἰκουμένης
2996 540 3341 605 διδάσκαλον,
3379 540 3504 594 καθ’

1931 618 2172 691 ἑκάστην
2200 620 2415 691 ἡμέραν
2447 622 2713 686 κινδύνοις
2740 623 3138 695 περιπίπτοντα
3178 623 3320 695 ὁρῶν
3344 623 3373 676 ὁ
3405 628 3507 676 Δε-

1933 704 2143 773 σπότης
2171 706 2444 775 ⁴ίγνείχετο,
2477 706 2537 758 οὑ
2582 708 2859 779 περιορῶν
2888 708 2981 761 τὸν
3019 710 3219 762 οίκεῖον
3242 707 3505 779 ἀθλητὴν,

1932 787 2071 849 ἀλλά
2100 789 2168 841 τά
2209 789 2513 858 σκάμματα
2545 788 2691 859 αὑτῷ
2721 790 3037 863 μακρότερα
3057 791 3503 856 κατασκευάζων,

1934 872 2021 925 ἵνα
2046 874 2173 933 τοὺς
2212 872 2510 941 στεφάνους
2542 872 2689 943 αὑτῷ
2731 872 3145 944 λαμπροτέρους
3187 876 3509 945 ἀπεργάση-

1928 972 2039 1017 ται,
2060 954 2113 1007 τί
2143 953 2209 1009 ἀν
2225 955 2474 1025 είποιμεν
2497 956 2678 1027 ἡμεῖς,
2707 957 2756 1009 oi
2795 956 3004 1027 μυρίων
3029 956 3291 1027 γέμοντες
3320 959 3508 1029 ἀμαρ-

1927 1038 2218 1109 τημάτων,
2283 1039 2379 1091 καὶ
2420 1038 2508 1092 διὰ
2548 1038 2723 1093 ταῦτα
2756 1039 3017 1103 πολλάκις
3040 1043 3154 1103 τοῖς
3181 1044 3508 1113 πειρασμοῖς

1928 1122 2373 1193 περιπίπτοντες,
2419 1122 2506 1174 ἵνα
2534 1121 2632 1192 τὴν
2664 1122 2803 1193 ὑπὲρ
2846 1122 3053 1177 τούτων
3085 1124 3242 1193 δίκην
3272 1123 3507 1178 ἐνταῦθα

1926 1204 2128 1269 δόντες,
2175 1208 2379 1277 μικρᾶς
2406 1204 2539 1274 γοῦν
2581 1205 2994 1277 φιλανθρωπίας
3025 1206 3371 1278 ἀξιωθῶμεν,
3411 1206 3507 1262 ἐπὶ

1926 1288 2027 1357 τῆς
2055 1289 2295 1360 φοϐερᾶς
2315 1289 2529 1359 ἐκείνης
2560 1290 2769 1361 ἡμέρας
2789 1289 2899 1343 τῶν
2923 1291 3248 1363 ἀπορρήτων
3282 1290 3508 1345 ἐκείνων

1925 1372 2149 1441 ἀγαθῶν
2191 1373 2638 1439 ἀπολαύσαντες;
2672 1373 2843 1427 Τοῦτο
2892 1375 2950 1429 δέ
2992 1374 3333 1447 λογιζόμενοι
3374 1374 3505 1447 παρ’

1933 1458 2171 1519 ἑαυτοῖς,
2215 1456 2352 1527 πρὸς
2380 1455 2597 1509 ἅπαντα
2635 1456 2897 1525 γενναίως
2927 1458 3265 1530 ἀντέχωμεν,
3303 1460 3389 1512 ῐνα
3412 1458 3508 1511 καὶ

1926 1543 2025 1612 τῆς
2055 1541 2336 1611 ὑπομονῆς
2382 1541 2475 1593 τὸν
2511 1541 2703 1612 μισθὸν
2732 1540 3015 1613 δεξώμεθα
3044 1543 3152 1597 ἀπὸ
3196 1543 3291 1596 τοῦ
3319 1542 3506 1613 φιλαν-

1929 1624 2148 1695 θρώπου
2179 1624 2476 1686 Δεσπότου,
2501 1626 2596 1677 καὶ
2621 1625 2683 1677 τὸ
2711 1626 2915 1695 πλῆθος
2941 1626 3049 1679 τῶν
3090 1629 3222 1697 ήμῖν
3257 1628 3508 1699 ἡμαρτη-

1931 1709 2109 1779 μένων
2164 1709 2533 1780 ὑποτεμέσθαι
2588 1709 2937 1781 δυνηθῶμεν,
2986 1710 3081 1765 καὶ
3118 1711 3226 1765 τῶν
3270 1712 3508 1766 αἰωνίων

1928 1792 2147 1860 ἀγαθῶν
2182 1795 2480 1863 ἐπιτυχεῖν,
2514 1792 2697 1863 χάριτι
2729 1795 2822 1847 καὶ
2857 1793 3237 1866 φιλανθρωπίᾳ
3263 1794 3358 1849 τοῦ
3389 1797 3509 1848 Κυι-

1931 1877 2045 1948 ρίου
2088 1876 2245 1948 ήμῶν
2292 1876 2466 1947 Ἰησοῦ
2499 1877 2758 1946 Χριστοῦ,
2796 1878 2913 1948 μεθ’
2949 1868 3011 1931 οὗ
3041 1877 3121 1949 τῷ
3146 1880 3347 1947 Πατρὶ,
3387 1880 3507 1951 ἅμα

1924 1959 2003 2029 τῷ
2024 1960 2164 2031 ἀγίῳ
2194 1959 2473 2029 Πνεὺματι
2497 1960 2644 2026 δόξα,
2680 1961 2901 2031 κράτος,
2939 1962 3096 2033 τιμὴ,
3137 1961 3231 2017 νῦν
3269 1962 3365 2018 καὶ⁵
3391 1964 3502 2029 ἀεὶ,

1929 2045 2023 2097 καὶ
2051 2047 2130 2107 εἰς
2158 2045 2285 2107 τοὺς
2306 2042 2509 2108 αἰῶνας
2535 2046 2645 2099 τῶν
2678 2044 2912 2100 αἰώνων.
2956 2046 3156 2117 Ἀμήν.

1007 2752 1077 2813 SI
1119 2752 1533 2814 ESURIERIT
1577 2751 1915 2813 INIMICUS
1951 2749 2182 2821 TUUS,
2236 2748 2407 2807 (ΗΒΑ
2450 2743 2708 2805 ILLUM.

242 2962 393 3019 calor
422 2963 479 3017 in
512 2978 681 3019 causa
715 2970 815 3028 est,
850 2962 1050 3032 inquit,
1079 2976 1178 3017 cur
1211 2961 1351 3016 adeo
1378 2958 1737 3031 frequentatis
1779 2956 1956 3013 forum
1978 2996 1994 3023 ,
2029 2956 2122 3012 ubi
2162 2966 2348 3025 aestus,
2386 2956 2647 3025 strepitus
2670 2994 2686 3020 ,
2727 2952 2885 3009 turba
2918 2950 3100 3023 populi
3136 2957 3315 3015 tanta,
3348 2948 3498 3003 null:

243 3096 303 3133 re
336 3080 549 3134 solares
581 3079 765 3134 radios
796 3078 1087 3135 cohibente
1120 3097 1133 3135 :
1166 3093 1290 3135 cum
1325 3088 1520 3135 contra
1549 3076 1802 3141 ecclesia,
1840 3076 1934 3130 ubi
1967 3075 2056 3129 ille
2097 3074 2546 3140 concionabatur,
2582 3070 2860 3144 perampla
2881 3108 2899 3123 .
2933 3069 3064 3124 alta.
3099 3067 3299 3123 tabulis
3327 3074 3499 3121 strain

244 3198 496 3268 lapideis,
533 3210 728 3254 mstum
759 3215 868 3255 non
895 3200 1106 3256 modice
1134 3210 1479 3272 temperaret.
1511 3198 1650 3255 Hinc
1675 3198 1744 3254 de
1781 3197 2134 3254 inimicorum
2165 3194 2480 3263 dilectione,
2511 3191 2689 3265 deque
2726 3189 3008 3248 beneﬂciis
3046 3188 3101 3244 in
3150 3186 3275 3243 illos
3317 3182 3501 3241 confe-

247 3316 438 3372 rendis
472 3318 732 3387 praeclare
758 3333 857 3389 pro
892 3334 1043 3375 more
1075 3319 1340 3391 loquitur.

314 3436 699 3506 lnierpretatio
729 3438 921 3493 Latina
957 3450 1043 3496 est
1076 3438 1369 3497 Frontonis
1398 3439 1600 3497 Ducaal.

1443 3885 1598 3960 “‘71
1647 3894 1940 3984 ΠΡΟΣ
1993 3892 2287 3979 ΤΟΥΣ

236 4082 336 4154 κὴ
371 4080 847 4151 ἀπαντήσαντας
887 4083 977 4150 είς
1014 4081 1133 4152 τὴν
1172 4081 1459 4149 σύναξιν,
1498 4084 1599 4139 καί
1637 4086 1726 4152 εις
1763 4080 1879 4152 τὴν
1916 4081 2333 4149 ἀποστολικὴν
2357 4080 2549 4150 ῥῆσιν
2591 4078 2709 4148 τὴν
2742 4079 3069 4148 λέγουσαν,
3104 4094 3123 4127 ι
3162 4075 3301 4129 Ἐὰν
3335 4072 3510 4141 πεινᾷ

984 4182 1019 4235 ό
1046 4180 1261 4251 ἐχθρός
1291 4198 1408 4235 σου
1444 4180 1669 4252 ψώμιζε
1699 4179 1906 4246 αὐτὸν,
1931 4208 1951 4242 ι
1999 4179 2096 4233 καί
2120 4180 2253 4248 περὶ
2280 4178 2387 4233 τοῦ
2413 4177 2833 4249 μνησικακεῖν.

311 4496 384 4544 α’.
422 4488 618 4554 Οὑδέν,
648 4489 724 4553 ὼς
774 4488 973 4555 ἔοικεν,
1005 4488 1390 4562 ὠφελήσαμεν,
1431 4492 1643 4564 μακρὸν
1672 4492 1829 4562 λόγον

238 4582 441 4653 πρώην
480 4581 621 4653 πρὸς
658 4582 804 4652 ὑμᾶς
838 4581 1226 4645 ἀποτείναντες
1256 4583 1397 4653 ὑπὲρ
1440 4584 1539 4655 τῆς
1568 4586 1697 4652 περὶ
1731 4586 1833 4649 τὰς

240 4673 503 4737 συνάξεις
525 4673 764 4744 σπουδῆς
783 4690 796 4703 ’
818 4674 980 4727 πάλιν
998 4673 1108 4745 γὰρ
1130 4675 1162 4745 ή
1171 4676 1262 4743 μίν
1287 4674 1384 4746 ἐρη
1394 4692 1493 4746 μος
1515 4677 1549 4747 ή
1570 4675 1833 4747 ἐκκλησία

239 4769 354 4822 τῶν
388 4768 620 4822 τέκνων.
658 4768 750 4820 Διὸ
794 4768 891 4821 καὶ
942 4768 1105 4822 πάλιν
1152 4768 1537 4839 ἀναγκάζομαι
1592 4769 1834 4842 ἐπαχθής

241 4859 492 4931 φανῆναι
531 4860 628 4912 καὶ
660 4858 854 4930 βαρὺς,
887 4860 1160 4930 ἐπιτιμῶν
1188 4863 1306 4924 τοῖς
1342 4860 1633 4932 παροῦσιν,
1667 4864 1836 4931 ἐγκα-

242 4953 356 5005 λῶν
407 4954 525 5015 τοῖς
570 4952 981 5023 ἀπολειφθεῖσιν
1003 4970 1017 4984 ·
1062 4954 1296 5018 ἐκείνοις
1335 4954 1457 5026 μὲν,
1494 4956 1576 5008 ὅτι
1607 4955 1705 5026 τὴν
1740 4957 1839 5027 ρᾳ-

246 5043 461 5115 θυμίαν
489 5044 592 5097 οὑκ
618 5044 908 5109 ἀπέθεντο,
935 5046 1069 5116 ὑμῖν
1091 5045 1171 5111 δέ,
1206 5047 1289 5099 ὅτι
1313 5046 1414 5117 τῆς
1452 5046 1562 5100 τῶν
1594 5044 1838 5115 ἀδελφῶν

241 5137 350 5190 οὑκ
383 5135 753 5191 ἀντελάὸεσίὴ
778 5137 1075 5208 σωτηρίας.
1109 5136 1521 5209 Ἀναγκάζομαι
1548 5138 1717 5210 βαρὺς
1738 5154 1840 5206 φα·-

244 5231 412 5300 νῆναι
442 5230 538 5283 καὶ
568 5229 833 5301 ἐπαχθὴς,
862 5231 965 5301 οὑχ
992 5230 1132 5302 ὑπὲρ
1161 5230 1401 5302 ἐμαυτοῦ
1431 5231 1523 5284 καὶ
1547 5231 1655 5285 τῶν
1691 5230 1841 5301 ἐμῶν

246 5322 577 5393 κτημάτων,
612 5321 724 5375 ἀλλ’
750 5322 892 5392 ὑπὲρ
914 5322 1067 5391 ὑμῶν
1096 5321 1192 5375 καὶ
1224 5322 1323 5392 τῆς
1358 5322 1630 5394 ὑμετέρας
1664 5338 1841 5392 σωτη-

252 5414 417 5486 ρίας,
464 5406 535 5484 ἦς
573 5414 725 5468 οὑδὲν
776 5414 901 5485 ἐμοὶ
952 5413 1362 5485 προτιμότερον.
1421 5414 1479 5467 Ὀ
1523 5412 1843 5484 βουλόμενος

256 5504 604 5577 βαρυνέσθω,
642 5507 737 5560 καὶ
781 5506 1040 5579 φορτικὸν
1072 5507 1167 5562 καὶ
1196 5506 1553 5576 ἀναίσχυντον
1586 5504 1841 5558 καλείτω·

254 5595 371 5665 ἐγὼ
409 5596 467 5651 δὲ
504 5596 569 5649 οὑ
615 5595 894 5666 παύσομαι
930 5596 1170 5666 συνεχῶς
1199 5595 1345 5667 ὑπὲρ
1365 5593 1477 5649 τῶν
1502 5593 1685 5648 αὐτῶν
1726 5595 1845 5647 ἐνοα

255 5687 426 5757 χλῶν*
471 5685 575 5756 τῆς
616 5686 725 5760 γὰρ
756 5686 1136 5759 ἀναισχυντίας
1183 5686 1387 5758 ταύτης
1434 5686 1585 5740 οὐδὲν
1628 5685 1846 5756 ἄμεινον

579 5803 848 5867 Ρλτιιοι..
892 5799 1007 5859 Gn.
1060 5792 1157 5857 LI.

1932 4492 2075 4563 ἐμοί.
2112 4493 2271 4555 Ἴσως
2313 4480 2443 4563 γὰρ,
2479 4488 2629 4554 ἴσως,
2666 4490 2716 4543 εί
2765 4489 2860 4542 καὶ
2908 4489 3074 4561 μηδὲν
3115 4489 3323 4561 ἕτερον,
3357 4488 3519 4545 τοῦτο

1932 4586 2063 4655 γοῦν
2102 4584 2557 4656 ἐρυθριάσαντες,
2581 4582 2643 4635 τὸ
2684 4582 2759 4653 μὴ
2797 4582 3037 4652 συνεχῶς
3071 4581 3345 4652 ὀχλεῖσθαι
3386 4583 3519 4652 περὶ

1933 4676 2041 4731 τῶν
2075 4675 2282 4736 αὑτῶν,
2335 4671 2693 4744 ἀντιλήψεσθέ
2739 4689 2871 4726 ποτε
2910 4672 3010 4743 τῆς
3038 4672 3371 4744 κηδεμονίας
3408 4671 3519 4724 τῶν

1935 4768 2178 4841 ἀδελφῶν
2212 4768 2323 4822 τῶν
2364 4768 2667 4840 ὑμετέρων.
2720 4767 2785 4820 Τί
2834 4767 2943 4838 γάρ
2990 4784 3082 4837 μοι
3113 4765 3222 4817 τῶν
3278 4764 3521 4819 ἐπαίνων

1935 4863 2147 4934 ὄφελος,
2188 4862 2316 4916 ὅταν
2349 4861 2492 4932 ὑμᾶς
2527 4860 2601 4930 μὴ
2637 4859 2920 4930 θεάσωμαι
2959 4856 3363 4930 προκόπτοντας
3396 4856 3519 4911 κατ’

1938 4956 2177 5029 ἀρετήν;
2204 4953 2258 5008 τί
2292 4953 2352 5007 δέ
2388 4970 2478 5024 μοι
2509 4951 2707 5023 βλάϐος
2741 4954 2805 5005 ἐκ
2841 4952 2939 5021 τῆς
2968 4951 3128 5021 σιγῆς
3153 4947 3263 5002 τῶν
3288 4948 3519 5004 ἀκουόν-

1938 5065 2069 5111 των,
2086 5047 2213 5100 ὅταν
2234 5044 2539 5115 αὐξομένην
2563 5041 2715 5114 ὑμῶν
2738 5040 2832 5094 ῖδω
2851 5040 2949 5111 τὴν
2980 5039 3299 5102 εὑλάόειαν;
3330 5038 3524 5092 Ἐπαι-

1940 5155 2030 5201 νος
2061 5136 2171 5208 γὰρ
2195 5134 2291 5189 τοῦ
2330 5134 2581 5203 λέγοντος
2618 5132 2715 5203 οὑχ
2743 5133 2772 5185 ό
2806 5130 3022 5201 κρότος,
3060 5129 3176 5183 ἀλλ’
3209 5129 3239 5181 ὁ
3267 5129 3397 5199 περὶ
3422 5129 3524 5199 τὴν

1942 5224 2222 5282 εὑσέόειαν
2249 5223 2410 5295 ζῆλος
2444 5221 2554 5277 τῶν
2584 5221 2910 5274 ἀκουόντωνο
2942 5220 3041 5290 οὑχ
3072 5221 3102 5273 ὁ
3126 5217 3355 5291 θόρυϐος
3380 5216 3524 5272 κατὰ

1941 5319 2033 5372 τὸν
2060 5316 2249 5389 καιρὸν
2275 5315 2374 5387 τῆς
2404 5312 2741 5385 ἀκροάσεως,
2780 5308 2896 5364 ἀλλ’
2928 5310 2962 5381 ή
2998 5308 3202 5380 σπουδὴ
3230 5309 3263 5377 ή
3298 5307 3526 5361 διαπαν-

1942 5411 2036 5474 τὸς
2071 5407 2165 5462 τοῦ
2193 5407 2406 5480 χρόνου.
2445 5404 2502 5459 '0
2533 5402 2725 5477 κρότος
2762 5400 2985 5473 ἐξῆλθεν
3016 5398 3153 5472 όμοῦ
3188 5416 3245 5453 τε
3281 5395 3379 5452 τοῦ
3403 5395 3527 5450 στό-

1949 5518 2153 5575 ματος,
2182 5500 2279 5554 καὶ
2309 5501 2389 5563 είς
2429 5497 2568 5569 ἀέρα
2599 5494 2876 5567 διαχυθεὶς
2914 5492 3167 5548 ἀπώλετο
3188 5508 3201 5522 ·
3234 5490 3294 5544 τὸ
3322 5489 3377 5543 δέ
3407 5487 3530 5559 βιλ-

1945 5594 2127 5657 τίονας
2153 5591 2406 5662 γενέσθαι
2442 5588 2569 5653 τοὺς
2597 5587 2916 5651 ἀκούοντας,
2963 5586 3157 5658 ἀγήρω
3194 5583 3291 5636 καὶ
3322 5580 3530 5636 ἀθάνα-

1948 5704 2039 5742 τον
2074 5685 2229 5757 φέρει
2253 5685 2344 5739 τὸν
2372 5681 2563 5756 μισθὸν
2601 5682 2695 5735 καὶ
2730 5679 2808 5752 τῷ
2836 5679 3047 5749 λέγοντι
3080 5678 3172 5731 καὶ
3199 5678 3309 5739 τοῖς
3345 5672 3532 5729 πειθο-

3105 5776 3173 5837 11
