3964 6342
444 277 547 333 173

440 397 641 467 μένοις.
686 391 744 446 '0
779 394 877 464 τῆς
911 392 1042 463 βοῆς
1082 393 1236 464 ὑμῶν
1276 393 1496 458 ἔπαινος
1525 392 1757 447 ἐνταῦθα
1793 392 1885 444 τὸν
1918 388 2006 442 λέ-

438 504 603 555 γοντα
632 486 775 537 ποιεῖ
797 485 1067 554 λαμπρὸν,
1099 486 1131 555 ή
1158 486 1215 538 δέ
1238 486 1335 556 τῆς
1370 486 1548 556 ψυχῆς
1572 486 1726 556 ὑμῶν
1754 485 2010 538 εύλάϐεια

439 578 637 649 πολλὴν
664 578 753 630 ἐπὶ
788 578 882 630 τοῦ
914 576 1154 647 βήματος
1178 577 1273 630 τοῦ
1311 578 1546 649 Χριστοῦ
1580 578 1763 631 δίδωσι
1796 579 2011 647 παρῥη-

439 669 559 721 σίαν
600 669 678 738 τῷ
701 667 994 734 διδάξαντι.
1028 668 1190 721 Ὥστε
1210 709 1225 733 ,
1265 670 1317 722 εἴ
1344 686 1427 732 τις
1459 670 1566 723 τῶν
1595 668 1861 736 λεγόντων
1888 669 2009 739 ἐρᾷ,

440 766 515 836 μὴ
547 764 653 818 τῶν
680 766 906 837 κρότων,
937 765 1074 820 ἀλλά
1115 768 1214 836 τῆς
1253 767 1521 836 ὠφελείας
1552 767 1662 821 τῶν
1702 767 2011 821 ἀκουόντων

436 856 635 927 ἐράτω.
678 858 791 911 Ούκ
826 857 941 911 ἐστι
977 858 1038 911 16
1085 860 1248 930 τυχὸν
1281 859 1449 914 κακὸν
1491 860 1737 929 ἀδελφῶν
1764 860 2008 930 ἀμελεῖν,

438 946 552 999 ἀλλ’
604 947 807 1019 ἐσχάτη
853 949 1107 1013 κόλασις,
1156 950 1251 1003 καὶ
1298 950 1673 1021 ἀπαραίτητος
1732 950 2008 1020 τιμωρία*

438 1046 534 1100 καὶ
561 1047 717 1100 τοῦτο
753 1047 782 1097 6
814 1047 875 1099 16
917 1048 1175 1101 τάλαντον
1226 1047 1545 1118 καταχώσας
1571 1047 1854 1118 ἐδήλωσεν.
1902 1046 2010 1098 Οὑ-

439 1136 525 1189 δέν
552 1138 680 1205 γοῦν
728 1139 867 1209 ὑπὲρ
910 1138 1010 1207 τῆς
1059 1140 1264 1203 οἰκείας
1309 1139 1611 1192 ἐνεκαλεῖτο
1660 1139 1840 1209 ζωῆςο
1887 1139 2007 1192 οὑδέ

440 1223 548 1293 γάρ
599 1222 810 1291 ἐγένετο
847 1225 1013 1289 κακδς
1066 1228 1193 1297 περὶ
1237 1226 1335 1297 τὴν
1386 1227 1741 1298 καταθήκην’
1788 1229 2009 1299 ὁλόκλη-

441 1329 532 1384 ρον
568 1314 676 1384 γὰρ
702 1316 867 1387 αὐτὴν
906 1317 1183 1371 ἀπέδωκεν
1203 1335 1218 1351 ο
1248 1317 1360 1371 ἀλλ’
1402 1320 1551 1389 ὅμως
1594 1319 1809 1387 ἐγένετο
1843 1319 2010 1383 κακὸς

438 1407 531 1459 καὶ
566 1409 691 1478 περὶ
716 1408 811 1480 τήν
844 1411 1102 1482 ἐργασίαν
1128 1410 1224 1479 τῆς
1255 1412 1744 1482 παρακαταθήκης.
1786 1413 1859 1465 Οὐ
1901 1414 2011 1484 γάρ

438 1502 781 1556 ἐδιπλασίασε
824 1504 882 1557 τὸ
918 1504 1220 1557 πιστευθέψ
1252 1504 1333 1557 διὸ
1380 1507 1473 1558 καὶ
1504 1504 1809 1568 ἐκολάζετο.
1847 1506 2009 1558 Ὅθεν

436 1594 611 1663 δῆλον,
668 1596 749 1648 ὅτι
800 1596 904 1649 κᾶν
951 1578 1109 1666 ήμεῖς
1160 1596 1429 1649 σπουδαῖοι
1491 1592 1641 1667 ὦμεν
1674 1598 1767 1649 καὶ¹
1818 1614 2012 1666 συγκε-

437 1687 790 1756 κροτημένοι.
824 1687 924 1740 κᾶν
964 1687 1161 1759 πολλὴν
1198 1688 1490 1759 ἐπιθυμίαν
1513 1689 1725 1760 ἔχωμεν
1759 1692 1886 1760 περὶ
1912 1690 2011 1761 τὴν

435 1778 691 1848 ἀκρόασιν
724 1778 832 1830 τῶν
870 1779 1026 1831 θείων
1082 1780 1333 1852 Γραφῶν,
1376 1782 1475 1834 οὐκ
1523 1783 1685 1851 ἀρκεῖ
1716 1783 1852 1852 πρὸς
1905 1799 2011 1835 σω-

433 1872 627 1940 τηρίαν
678 1871 852 1942 ἡμῶν.
906 1873 1263 1925 Διπλασιάσαι
1303 1872 1412 1944 γάρ
1454 1874 1559 1945 χρὴ
1604 1875 1701 1945 τὴν
1758 1892 2012 1943 παρακα-

433 1963 697 2032 ταθήκην,
744 1963 920 2034 -διπλῆ
977 1965 1033 2017 δέ
1085 1965 1331 2033 γίνεται,
1375 1965 1500 2018 ὅταν
1550 1966 1689 2035 μετά
1731 1967 1831 2035 τῆς
1881 1968 2011 2019 ἐαυ-

431 2053 540 2106 τῶν
559 2056 849 2125 σωτηρίας,
871 2057 964 2108 καὶ
988 2057 1087 2126 τῆς
1113 2059 1311 2128 ἐτέρων
1332 2058 1854 2131 ἀντιλαμϐανώμεθα
1875 2079 2007 2131 προ-

432 2144 593 2207 νοίας.
613 2147 765 2198 Ἐπεὶ
784 2150 1032 2210 κάκεῖνος
1049 2145 1217 2213 εἶπεν,
1243 2150 1381 2215 Ἴδε,
1414 2151 1571 2220 ἔχει(
1602 2152 1669 2205 τό
1688 2153 1805 2207 σὸν
1823 2154 2004 2206 σῶον·

430 2235 544 2288 ἀλλ’
568 2237 667 2288 οὐκ
698 2238 928 2308 ήρκεσεν
959 2239 1107 2310 αὐτῷ
1141 2241 1298 2294 τοῦτο
1340 2243 1473 2315 πρὸς
1496 2244 1807 2313 ἀπολογίαν.
1847 2227 2008 2301 Ἔδει

434 2318 581 2394 [158]
632 2323 760 2392 γάρ,
794 2327 948 2396 φησι,
972 2329 1331 2381 καταϐαλεῖν
1356 2330 1453 2383 ἐπὶ
1484 2331 1624 2397 τοὺς
1654 2334 2008 2401 τραπεζῖτας

431 2412 497 2464 τὸ
528 2416 924 2481 καταϐληθὲν,
950 2417 1061 2470 Καί
1090 2435 1178 2487 μοι
1204 2420 1417 2483 σκόπει,
1452 2420 1568 2484 πῶς
1594 2422 1770 2491 κοῦφα
1789 2424 1882 2477 τοῦ
1913 2429 2008 2477 Δε-

432 2502 628 2556 σπότου
661 2502 730 2556 τά
761 2505 1121 2577 ἐπιτάγματα.
1163 2508 1469 2581 Ἀνθρωποι
1505 2513 1602 2582 μὲν
1623 2514 1730 2585 γὰρ
1768 2516 1894 2579 τοὺς
1922 2516 2009 2569 δα-

430 2593 702 2658 νείζοντας
741 2597 997 2667 χρήματα
1037 2599 1330 2655 δεσποτικὰ
1367 2603 1459 2655 καὶ
1503 2604 1605 2674 τῆς
1654 2607 2005 2676 ἀπαιτήσεως

429 2681 761 2747 ὑπευθύνους
790 2685 1019 2739 ποιοῦσι.
1051 2688 1123 2740 Σὺ
1157 2688 1471 2752 κατέϐαλες,
1503 2692 1588 2757 σὺ,
1622 2695 1807 2764 φησὶν,
1840 2698 2007 2750 ἀπαί-

428 2788 592 2843 τησον
614 2788 629 2803 ’
664 2774 787 2843 ἐμοὶ
820 2774 975 2843 λόγος
1006 2777 1179 2840 οὐδεὶς
1219 2779 1353 2849 πρὸς
1381 2780 1472 2833 τὸν
1504 2782 1813 2854 δεξάμενον.
1859 2788 1916 2839 ’0
1949 2788 2004 2841 δέ

428 2863 561 2925 Θεὸς
586 2865 683 2934 ούχ
709 2864 899 2929 οὕτως,
932 2866 1067 2920 ἀλλά
1099 2870 1423 2925 καταϐαλεῖν
1459 2874 1669 2928 κελεύει
1700 2878 1879 2949 μόνον,
1912 2883 2005 2933 οὐ-

428 2955 545 3008 κέτι
564 2956 620 3009 δὲ
651 2958 743 3010 καὶ
780 2958 877 3029 τῆς
905 2960 1255 3031 ἀπαιτήσεως
1285 2964 1432 3034 ἡμᾶς
1466 2966 1802 3033 ὑπευθύνους
1833 2976 1998 3028 ποιεῖ.

428 3047 536 3103 Τοῦ
570 3049 968 3119 συμϐουλεῦσαι
1014 3053 1123 3125 γὰρ
1146 3094 1160 3119 ,
1193 3056 1252 3107 ού
1282 3056 1375 3109 τοῦ
1419 3061 1601 3111 πεῖσαι
1627 3059 1814 3130 κύριος
1856 3063 1884 3114 6
1918 3063 2005 3116 λέ-

427 3158 540 3209 γων
564 3143 699 3197 ἐστί.
730 3144 820 3197 Διὸ
848 3144 949 3214 τῆς
979 3147 1283 3217 καταϐολῆς
1318 3149 1613 3204 ὑπεύθυνόν
1650 3170 1708 3206 σε
1735 3157 1873 3209 ποιῶ
1910 3157 2005 3227 μό-

426 3250 537 3298 νον,
568 3236 835 3306 φησὶ,τῆς
864 3236 921 3290 δέ
948 3238 1293 3309 ἀπαιτήσεως
1322 3242 1527 3297 οὐκέτι.
1556 3244 1621 3295 Τί
1650 3246 1838 3300 τούτου
1876 3267 2003 3302 κου-

428 3324 682 3397 φότερον;
726 3326 865 3379 Ἀλλ’
894 3329 1043 3398 ὅμως
1074 3330 1306 3402 σκληρὸν
1339 3333 1521 3387 ἐκάλει
1550 3336 1640 3389 τὸν
1668 3337 1841 3403 οὕτως
1866 3340 2004 3411 ἥμε-

428 3433 521 3488 ρον
547 3418 641 3471 καὶ
663 3417 1038 3490 φιλάνθρωπον
1060 3420 1323 3494 δεσπότην
1347 3424 1376 3476 6
1398 3424 1599 3489 δοῦλος.
1621 3428 1879 3483 Τοιαῦται
1896 3433 2004 3503 γὰρ

425 3507 539 3561 τῶν
565 3509 894 3579 ἀγνωμόνων
922 3511 1017 3565 καὶ
1056 3511 1319 3584 ῥᾳθύμων
1356 3518 1580 3571 οίκετῶν
1615 3519 1671 3573 αί
1699 3521 1998 3592 συνήθειαι·

426 3593 538 3649 τῶν
580 3595 795 3650 οίκείων
846 3598 1258 3669 ἁμαρτημάτων
1311 3603 1391 3665 είς
1442 3605 1569 3667 τοὺς
1603 3605 1867 3671 δεσπότας
1913 3610 2003 3663 ἀεὶ

431 3682 781 3770 μετατιθέασι
829 3684 927 3748 τὰς
977 3686 1176 3750 αίτίας.
1226 3688 1325 3743 Διά
1371 3692 1529 3770 τοῦτο
1576 3694 2001 3767 στρεϐλούμενος

426 3769 520 3821 καὶ⁵
559 3769 926 3841 δεσμούμενος
965 3774 1171 3837 ἐκεῖνος
1215 3778 1297 3839 είς
1339 3776 1402 3830 16
1448 3769 1636 3843 σκότος
1668 3781 1893 3852 ἐξήγετο
1940 3786 2002 3837 16

426 3860 711 3933 ἐξώτερον.
762 3864 938 3937 Ὅπερ
968 3865 1052 3919 ἵνα
1088 3865 1162 3938 μὴ
1197 3868 1356 3938 ήμεῖς
1402 3870 1683 3942 πάθωμεν,
1720 3876 2001 3930 καταϐάλ-

424 3948 606 4019 λωμεν
635 3952 736 4024 τὴν
764 3952 1109 4009 διδασκαλίαν
1144 3958 1235 4010 ἐπὶ
1264 3959 1391 4021 τοὺς
1420 3959 1709 4029 ἀδελφοὺς,
1744 3964 1846 4018 κᾶν
1884 3967 2002 4019 πεί-

426 4039 645 4107 θωνται,
680 4042 782 4097 κᾶν
819 4043 893 4115 μὴ
925 4044 1238 4101 πείθωνται.
1275 4048 1592 4120 Πειθόμενοι
1624 4054 1723 4124 μὲν
1749 4055 1878 4126 γάρ,
1905 4059 1999 4111 καὶ

424 4131 651 4195 ἑαυτοὺς
702 4134 797 4186 καὶ
844 4137 991 4205 ἡμᾶς
1027 4136 1401 4210 ὠφελήσουσιξ
1436 4141 1510 4213 μὴ
1560 4143 1870 4216 πειθόμενοι
1918 4149 1997 4214 δὲ,

422 4218 604 4306 αὐτοῖς
648 4220 745 4289 μὲν
779 4222 1151 4294 ἀπαραίτητον
1179 4228 1517 4283 ἐπισπῶνται
1560 4232 1801 4300 κόλασιν,
1853 4237 2001 4306 ἡμᾶς

420 4305 480 4358 δὲ
512 4306 632 4359 οὐδὲ
673 4308 734 4361 16
769 4311 933 4380 τυχὸν
978 4313 1330 4385 παραϐλάψαι
1370 4317 1604 4372 δύναιντ’
1647 4321 1733 4375 ἄν.
1777 4324 1849 4377 Τὸ
1893 4305 2001 4397 γάρ

422 4399 693 4469 ἡμέτερον
733 4402 1088 4472 ἐποιήσαμεν,
1150 4407 1670 4476 συμϐουλεύσαντεςο
1713 4416 1763 4468 εἰ
1812 4415 1868 4468 δὲ
1923 4417 1999 4490 μὴ

422 4490 724 4556 πείθοιντο,
755 4493 906 4546 οὐδὲν
935 4496 1065 4565 ἡμῖν
1098 4498 1162 4549 ἐκ
1189 4499 1379 4552 τούτου
1426 4501 1621 4569 γένοιτ’
1666 4504 1732 4558 ἂν
1782 4505 1996 4576 βλάϐος.

423 4580 717 4653 Ἐγκλημα
760 4584 901 4655 γάρ,
939 4587 1001 4638 ού
1034 4586 1095 4640 16
1140 4588 1214 4660 μὴ
1254 4593 1460 4657 πεῖσαι,
1492 4594 1629 4649 ἀλλά
1660 4597 1720 4649 τὸ
1751 4598 1826 4670 μὴ
1862 4617 2000 4670 συμ-

419 4671 721 4760 ϐουλεῦσαι·
756 4676 895 4746 μετά
924 4676 981 4730 δὲ
1017 4680 1116 4749 τήν
1147 4682 1466 4751 παραίνεσιν
1492 4686 1586 4738 καὶ
1612 4687 1712 4758 τὴν
1759 4692 1998 4760 συμϐου-

416 4759 535 4829 λήν,
565 4764 663 4834 τὴν
687 4763 912 4835 διηνεκῆ
943 4766 1040 4819 καὶ
1062 4768 1161 4839 τὴν
1198 4770 1418 4841 συνεχῆ,
1445 4772 1629 4827 οὐκέτι
1656 4776 1791 4847 πρὸς
1826 4759 1994 4849 ήμᾶς,

415 4852 553 4907 ἀλλά
575 4854 709 4924 πρὸς
736 4855 979 4920 ἐκείνους
1022 4857 1177 4914 ἔσται
1211 4862 1240 4914 ό
1273 4860 1430 4930 λόγος
1462 4863 1538 4934 τῷ
1568 4864 1708 4936 Θεῷ.
1752 4868 1997 4923 Ἐϐουλόο

420 4959 528 5013 μην
564 4945 694 5013 γοῦν
737 4948 934 5003 είδέναι
981 4951 1200 5021 σαφῶς,
1251 4953 1334 5007 ὅτι
1376 4958 1766 5028 παραινοῦντες
1798 4963 1997 5028 αὐτοὺς

415 5035 725 5126 διατελεῖτε.
755 5040 849 5094 καὶ¹
878 5044 926 5095 εί
954 5043 1241 5109 διαπαντὸς
1265 5046 1515 5117 μένουσιν
1558 5051 1650 5104 ἐπὶ
1690 5055 1789 5123 τῆς
1828 5056 1995 5126 ῥᾳθυ-

419 5125 549 5194 μίας
586 5126 822 5192 ἐκεῖνοι,
857 5130 950 5182 καὶ
978 5133 1079 5184 οὐκ
1123 5132 1188 5187 ἂν
1231 5136 1360 5205 ὑμῖν
1392 5137 1648 5194 οὐδέποτε
1690 5125 1989 5215 ήνόχλησα⁶

415 5215 511 5269 νῦν
536 5216 772 5284 δέδοικα,
807 5223 883 5293 μή
912 5241 1039 5278 ποτε
1068 5229 1133 5281 ἐκ
1157 5228 1255 5299 τῆς
1282 5230 1553 5303 ὑμετέρας
1574 5233 1876 5305 ὑπεροψίας
1899 5240 1993 5292 καὶ

416 5306 677 5400 ἀμελείας
728 5311 961 5381 μένωσιν
1009 5316 1344 5389 ἀδιόρθωτοι.
1394 5323 1503 5377 Καὶ
1555 5324 1665 5397 γὰρ
1712 5328 1992 5400 ἀμήχανον

400 5396 701 5469 ἄνθρωπον
737 5401 974 5472 συνεχῶς
1013 5406 1356 5465 ἀπολαύοντα
1385 5396 1766 5483 παραινέσεως*
1912 5419 1992 5473 δι-

413 5489 743 5559 δασκαλίας,
786 5492 860 5565 μή
890 5496 1141 5564 γενέσθαι
1188 5499 1378 5569 βελτίω
1410 5506 1504 5559 καὶ
1552 5507 1985 5581 σπουδαιότερον.

415 5583 525 5674 Κλαὶ
558 5584 822 5657 δημώδης
853 5587 953 5658 μέν
979 5592 1125 5643 ἐστιν
1178 5597 1209 5666 ἡ
1237 5600 1514 5670 παροιμία,
1539 5599 1602 5671 ἢν
1622 5601 1764 5672 ἐρεῖν
1788 5602 1985 5674 μέλλον

415 5672 553 5743 πλὴν
580 5676 691 5730 ἀλλ’
720 5680 851 5731 αὐτὸ
878 5680 1035 5734 τοῦτο
1064 5682 1362 5755 συνίστησι.
1400 5687 1612 5757 Πέτραν
1650 5689 1759 5759 γάρ
1788 5672 1987 5746 κοιλαί-

1118 269 1177 326 S.
1220 267 1505 326 JOANNIS
1541 265 2032 323 CHRYSOSTOMI
2073 263 2396 323 ARCHIEP.
2436 262 2992 321 CONSTANTINOP.

3583 267 3695 322 H6

2116 404 2216 450 νει,
2257 387 2411 458 φησὶ,
2456 385 2609 458 ῥανὶς
2642 385 2847 439 ὑδάτων
2877 379 3247 452 ἐνδελεχοῦσα.
3282 378 3475 432 Καίτοι
3501 380 3556 433 τί
3586 396 3697 451 μα-

2112 491 2419 562 λακώτερον
2452 491 2671 556 ὑδατοςς
2696 491 2749 544 τί
2787 489 2843 541 δὲ
2872 489 3079 557 πέτρας
3104 484 3499 556 σκληρότερον;
3548 482 3695 534 Ἀλλ’

2111 595 2261 666 ὅμως
2287 596 2321 665 ή
2364 594 2664 665 ἐνδελέχεια
2695 592 2793 664 τὴν
2822 592 2983 662 φύσιν
3016 590 3285 659 ἐνίκησεν.
3326 589 3390 641 El
3422 586 3480 640 δὲ
3524 585 3697 654 φύσιν

2112 699 2415 770 ἐνδελέχεια
2442 701 2569 771 νικᾷ
2588 740 2603 765 ,
2637 699 2819 770 πολλῷ
2859 674 3058 769 μᾶλλον
3085 695 3457 768 προαιρέσεως
3482 690 3697 746 δύναιτ’

2111 803 2177 855 ἂν
2207 803 2609 874 περιγενέσθαι.
2652 803 2766 856 οὐκ
2788 802 2904 855 ἐστι
2934 802 3161 869 παίγνια
3186 801 3214 853 6
3240 795 3692 869 Χριστιανισμδς,

2110 909 2405 981 ἀγαπητοὶ,
2452 910 2575 964 ούδέ
2614 911 2846 981 πρᾶγμα
2896 909 3189 980 πάρεργον.
3232 902 3479 975 Συνεχῶς
3515 899 3693 955 ταῦτα

2110 1035 2359 1108 λέγομεν,
2390 1036 2483 1092 καὶ
2508 1036 2663 1091 ούδέν
2696 1036 2856 1089 πλέον
2884 1032 3165 1104 ποιοῦμεν.

2185 1148 2250 1218 β’.
2279 1148 2404 1211 Πῶς
2423 1147 2599 1201 οἴεσθέ
2620 1164 2685 1218 με
2709 1144 3025 1210 ὀδυνᾶσθαι,
3046 1138 3696 1214 ἀναμιμνησκόμενονᾶιι

2113 1256 2172 1308 ἐν
2203 1254 2301 1325 μέν
2323 1256 2441 1318 ταῖς
2468 1253 2808 1325 πανηγύρεσι
2839 1250 3052 1321 πελάγη
3084 1248 3355 1319 θαλάττης
3388 1243 3577 1317 μακρά
3603 1260 3696 1313 μι-

2116 1362 2296 1430 μεῖται
2323 1360 2432 1412 τῶν
2466 1358 2736 1424 συνάξεων
2767 1356 2836 1410 τά
2863 1355 3066 1426 πλήθη,
3098 1351 3195 1407 νῦν
3221 1352 3281 1404 δέ
3307 1349 3429 1403 οὐδὲ
3466 1348 3530 1400 τὸ
3559 1346 3695 1399 πολ-

2112 1464 2299 1517 λοστὺν
2326 1463 2419 1516 τοῦ
2458 1462 2697 1533 πλήθους
2735 1461 2942 1515 ἐκείνου
2982 1460 3146 1531 μέρος
3175 1454 3410 1510 ἐνταῦθα
3437 1452 3696 1520 συλλέγε-

2111 1584 2305 1636 γεται;
2348 1566 2459 1620 Ποῦ
2484 1565 2578 1620 νῦν
2620 1569 2757 1618 είσιν
2795 1567 2841 1617 οί
2874 1540 3268 1634 διενοχλοῦντες
3297 1559 3448 1630 ήμᾶς
3482 1559 3538 1610 ἐν
3572 1557 3697 1617 ταῖς

2112 1675 2355 1745 ἐορταῖς;
2412 1671 2684 1734 Ἐκείνους
2712 1668 2987 1739 ἐπιζητῶ,
3016 1667 3109 1720 καὶ
3137 1666 3202 1719 δι’
3230 1664 3473 1725 ἐκείνους
3509 1661 3697 1731 ὀδύρο-

2116 1794 2236 1847 μαι,
2273 1774 2472 1829 ἐννοῶν
2500 1777 2622 1829 ὄσον
2654 1772 2857 1843 πλῆθος
2888 1769 3182 1826 ἀπόλλυται
3205 1766 3313 1820 τῶν
3345 1765 3693 1835 σωζομένων,

2111 1882 2243 1951 ὅσην
2281 1880 2525 1949 ἀδελφῶν
2559 1878 2817 1950 ὑπομένω
2847 1876 3072 1948 ζημίαν,
3112 1873 3230 1938 πῶς
3265 1873 3348 1936 είς
3384 1870 3600 1938 ὀλίγους
3624 1869 3695 1920 τά

2109 1993 2209 2065 τῆς
2239 1990 2509 2063 σωτηρίας
2534 1989 2896 2061 περιίσταται,
2925 1986 3020 2041 καὶ
3043 1985 3105 2039 16
3129 1983 3292 2038 πλέον
3314 1983 3407 2037 τοῦ
3440 1984 3697 2052 σώματος

2109 2098 2207 2168 τῆς
2240 2095 2567 2166 Ἐκκλησίας
2605 2095 2770 2166 μέρος
2804 2092 2983 2165 νεκρῷ
3011 2092 3105 2147 καὶ
3132 2091 3374 2161 ἀκινήτῳ
3401 2087 3694 2159 προσέοικε

2111 2219 2344 2273 σωματι.
2377 2202 2487 2256 Καὶ¹
2511 2201 2564 2254 τί
2601 2201 2739 2273 πρὸς
2783 2202 2959 2271 ἡμᾶς,
3000 2197 3171 2268 φησί;
3217 2194 3360 2266 Πρὸς
3409 2193 3554 2264 ὑμᾶς
3593 2192 3693 2261 μὲν

2107 2303 2199 2360 οῦν
2233 2306 2467 2377 μάλιστα
2503 2307 2629 2369 τοὺς
2670 2305 2744 2376 μὴ
2786 2302 3222 2375 θεραπεύοντας,
3260 2299 3386 2363 τοὺς
3418 2297 3493 2369 μὴ
3538 2295 3691 2367 [159}

2108 2409 2507 2483 παραινοῦντας
2555 2410 2650 2463 καὶ
2700 2405 3191 2479 συμϐουλεύοντας,
3226 2402 3362 2475 πρὸς
3408 2403 3556 2472 ὑμᾶς
3590 2401 3691 2452 οὐκ

2108 2512 2447 2573 ἐπιτιθέντας
2493 2510 2760 2579 ἀνάγκην,
2808 2508 2904 2562 καὶ
2944 2506 3083 2579 μετά
3118 2505 3239 2575 βίας
3276 2503 3567 2563 ἕλκοντας,
3595 2500 3691 2552 καὶ

2105 2623 2204 2691 τῆς
2226 2618 2427 2688 πολλῆς
2444 2617 2755 2685 ἀπάγοντας
2779 2613 3069 2686 ῥᾳθυμίας.
3100 2612 3225 2664 Ὅτι
3247 2609 3356 2679 γάρ
3369 2609 3470 2679 οὐχ
3510 2605 3693 2675 ἐαυτῷ

2106 2726 2375 2797 χρήσιμον
2403 2720 2540 2777 εἶναι
2575 2720 2680 2792 χρὴ
2715 2720 2896 2791 μόνον,
2925 2717 3059 2771 ἀλλά
3091 2717 3187 2769 καὶ
3212 2715 3451 2779 πολλοῖς,
3492 2714 3690 2785 ἐδήλω-

2108 2847 2199 2883 σεν
2231 2832 2259 2882 ό
2292 2828 2525 2900 Χριστὸς
2548 2867 2563 2893 ,
2596 2825 2728 2889 ἅλας
2764 2826 2913 2895 ἡμᾶς
2961 2823 3057 2877 καὶ
3105 2822 3286 2893 ζύμην
3326 2820 3566 2882 καλέσας
3596 2818 3691 2870 καὶ

2106 2935 2242 3005 φῶς·
2284 2932 2458 2986 ταῦτα
2494 2932 2551 2985 δὲ
2586 2931 2795 3003 ἑτέροις
2838 2929 2956 2982 ἐστὶ⁵
2992 2930 3240 2999 χρήσιμα
3276 2926 3371 2979 κα)⁸
3410 2924 3684 2993 λυσιτελῆ.

2105 3041 2217 3094 Καὶ
2247 3038 2355 3110 γὰρ
2394 3039 2423 3091 6
2472 3035 2666 3105 λύχνος
2698 3036 2799 3105 οὑχ
2831 3032 3009 3104 ἐαυτῷ
3038 3032 3256 3102 φαίνει,
3307 3030 3444 3084 ἀλλὰ
3474 3033 3591 3093 τοῖς
3632 3033 3689 3083 ὲν

2107 3146 2283 3216 σκότῳ
2328 3142 2685 3214 καθημένοιςο
2727 3142 2821 3193 καὶ
2865 3140 2929 3192 σὺ
2983 3138 3175 3209 λύχνος
3218 3133 3299 3199 εἴ,
3339 3139 3437 3207 οὐχ
3478 3136 3568 3191 ἵνα
3596 3136 3687 3189 τοῦ

2106 3252 2282 3321 φωτὸς
2312 3248 2626 3321 ἀπολαύσῃς
2657 3247 2837 3318 μόνος,
2874 3245 2989 3300 ἀλλ’
3015 3246 3103 3300 ῖνα
3124 3245 3333 3298 ἐκεῖνον
3356 3244 3449 3297 τὸν
3480 3244 3688 3299 πεπλα-

2104 3371 2169 3424 νη
2178 3354 2335 3424 μένον
2363 3351 2739 3423 ἐπαναγάγῃς.
2767 3350 2833 3402 Τί
2862 3348 2969 3419 γάρ
2994 3348 3184 3417 ὄφελος
3207 3346 3423 3417 λύχνου,
3455 3347 3585 3400 ὅταν
3616 3346 3688 3417 μὴ

2105 3461 2273 3531 φαίνῃ
2302 3458 2379 3529 τῷ
2402 3459 2458 3510 ἐν
2491 3430 2565 3527 τῷ
2598 3457 2778 3510 σκότει
2801 3455 3129 3526 καθημένῳς
3163 3456 3214 3508 τί
3255 3455 3312 3508 δὲ
3338 3454 3531 3524 ὄφελος
3556 3456 3687 3525 Χρι-

2108 3564 2346 3627 στιανοῦ,
2397 3564 2525 3616 ὅταν
2580 3560 2785 3632 μηδένα
2832 3558 3071 3631 κερδάνῃ
3116 3559 3249 3630 μηδὲ
3299 3559 3437 3630 πρὸς
3489 3558 3688 3630 ἀρετὴν

2106 3669 2469 3741 ἐπαναγάγῃς
2520 3667 2689 3722 Πάλιν
2737 3665 2799 3719 16
2833 3665 2967 3730 ἀλας
3022 3664 3120 3734 ούχ
3161 3663 3327 3718 ἐαυτδ
3370 3664 3687 3732 ἐπισφίγγει

2108 3775 2287 3846 μόνον,
2320 3773 2456 3827 ἀλλά
2493 3774 2588 3826 καὶ
2614 3771 2683 3825 τὰ
2709 3768 2988 3841 σεσηπότα
3023 3768 3132 3823 τῶν
3160 3768 3429 3838 σωμάτων
3470 3767 3688 3820 συστέλ-

2104 3881 2205 3943 λει,
2237 3879 2330 3932 καὶ
2362 3878 2462 3931 οὐκ
2500 3876 2695 3947 ἀφίησι
2724 3873 3051 3946 διαρῥυέντα
3087 3870 3405 3926 ἀπολέσθαι.
3438 3871 3596 3924 Οὕτω
3627 3870 3686 3939 δὴ

2106 3985 2205 4039 καὶ
2238 3984 2331 4049 σὺ,
2364 3981 2555 4053 ἐπειδὴ
2596 3981 2731 4043 ἃλας
2763 3997 2823 4033 σε
2867 3977 3265 4033 κατεσκεύασεν
3295 3978 3325 4031 ό
3364 3976 3498 4040 Θεὸς
3528 3993 3687 4029 πνευσ-

2107 4084 2357 4157 ματικδν,
2379 4086 2449 4139 τά
2474 4084 2749 4155 σεσηπότα
2779 4083 2936 4154 μέλη,
2959 4069 3225 4147 τουτέστι,
3256 4082 3383 4145 τοὺς
3406 4081 3687 4152 ῥᾳθύμους

2104 4189 2353 4259 ἀδελφῶν
2392 4189 2488 4244 καὶ
2537 4188 2842 4259 βαναύσους
2883 4185 3205 4256 ἐπίσφιγξον
3241 4186 3335 4239 καὶ
3383 4185 3680 4249 σύστειλον,

2103 4296 2199 4351 καὶ
2234 4296 2333 4367 τῆς
2373 4294 2666 4367 ῥᾳθυμίας,
2701 4294 2890 4365 ὥσπερ
2917 4293 3062 4358 τινὸς
3101 4292 3413 4364 σηπεδόνος,
3443 4293 3684 4348 61103.n-

2104 4403 2220 4468 ξας,
2256 4403 2454 4455 ἐνωσον
2480 4399 2559 4470 τῷ
2588 4399 2759 4471 λοιπῷ
2802 4399 3013 4471 σώματι
3055 4399 3156 4470 τῆς
3198 4398 3550 4470 Ἐκκλησίας.
3589 4400 3685 4454 Διά

2101 4509 2259 4563 τοῦτό
2294 4526 2351 4562 σε
2394 4509 2488 4562 καὶ
2521 4506 2699 4578 ζύμην
2729 4505 2991 4559 ἐκάλεσε·
3022 4504 3116 4558 καὶ
3156 4504 3267 4577 γὰρ
3306 4505 3404 4558 καὶ
3448 4507 3481 4576 ή
3540 4504 3684 4577 ζύμη

2100 4614 2197 4684 οὐχ
2231 4613 2428 4682 ἑαυτὴν
2466 4611 2630 4684 ζυμοῖ
2652 4653 2666 4677 ,
2703 4612 2838 4665 ἀλλά
2866 4611 2928 4666 τδ
2960 4610 3145 4665 λοιπόν
3178 4611 3406 4683 φύραμα
3444 4610 3507 4665 16
3551 4612 3683 4664 πολὺ

2100 4717 2197 4773 καὶ⁵
2228 4717 2485 4787 ἀφατονή
2513 4716 2684 4789 μικρὰ
2712 4718 2805 4771 καὶ
2828 4717 3077 4789 βραχεῖα.
3107 4716 3265 4770 Οὑτω
3287 4715 3350 4787 δὴ
3382 4717 3479 4770 καὶ
3501 4718 3681 4788 ὑμεῖς’

2100 4821 2149 4873 εί
2193 4820 2288 4874 καὶ
2334 4819 2505 4890 ὀλίγοι
2549 4820 2673 4873 ἐστὲ
2717 4821 2859 4874 κατά
2890 4821 2980 4874 τὸν
3019 4820 3272 4892 ἀριθμὸν,
3309 4820 3449 4874 ἀλλά
3494 4822 3682 4875 πολλοὶ

2098 4929 2193 4982 καὶ
2238 4928 2455 4983 δυνατοὶ
2495 4930 2562 4999 τῇ
2630 4926 2810 4981 πίστει
2850 4928 2943 4980 καὶ
2988 4929 3054 4997 τῇ
3100 4926 3241 4980 κατὰ
3286 4925 3421 4979 θεὸν
3466 4926 3682 4996 γίνεσθε

2100 5034 2326 5105 σπουδῇ.
2381 5034 2589 5104 Ὥσπερ
2630 5028 2723 5086 οὖν
2761 5034 2795 5102 ἡ
2836 5031 2987 5103 ζύμη
3029 5032 3130 5084 ούκ
3178 5030 3396 5084 ἀσθενεῖ
3444 5030 3536 5084 διά
3584 5032 3681 5100 τήν

2099 5137 2452 5211 βραχύτητα,
2502 5137 2638 5193 ἀλλά
2692 5138 3029 5208 περιγίνεται
3078 5137 3166 5191 διά
3201 5137 3302 5209 τὴν
3342 5138 3677 5208 ἐγκειμένην

2095 5252 2234 5323 αὐτῇ
2288 5251 2596 5322 θερμότητα
2647 5252 2742 5304 καὶ
2780 5250 2877 5321 τὴν
2925 5250 3025 5321 τῆς
3075 5250 3362 5321 ποιότητος
3406 5242 3670 5323 δύναμιν·

2092 5363 2234 5418 οὕτω
2261 5364 2324 5435 δὴ
2346 5364 2440 5418 καὶ
2463 5365 2621 5434 ὑμεῖς
2649 5362 2945 5435 δυνήσεσθε
2967 5362 3145 5433 πολλῷ
3168 5362 3384 5427 πλείους
3416 5365 3561 5436 πρὸς
3578 5364 3675 5436 τήν

2091 5472 2260 5544 αὐτὴν
2285 5473 2414 5543 ὑμῖν
2441 5473 2809 5541 ἐπαναγαγεῖν
2849 5472 3109 5544 σπουδὴν,
3136 5472 3202 5527 ἂν
3243 5471 3459 5543 θέλητε.
3505 5475 3571 5529 Et
3620 5475 3673 5529 δέ

2089 5578 2149 5631 16
2177 5577 2334 5649 θέρος
2356 5576 2744 5650 προϐάλλοιντο
2765 5593 2778 5609 ·
2804 5577 2897 5632 καὶ
2925 5577 3034 5649 γάρ
3057 5578 3153 5633 κα)⁸
3184 5577 3354 5631 ταῦτα
3380 5578 3565 5632 ἀκούω
3590 5578 3670 5631 λε-

2086 5692 2312 5761 γόντων,
2341 5692 2423 5747 ὅτι
2441 5689 2678 5762 Σφοδρὸν
2702 5692 2765 5748 16
2790 5695 2982 5761 πνῖγος
3004 5694 3120 5760 νῦν,
3161 5693 3223 5748 τὸ
3251 5695 3442 5766 καῦμα
3473 5695 3671 5768 ἀφόρη-
