3964 6342
280 255 383 310 173

275 379 329 422 et
369 370 425 421 in
476 382 658 422 aerem
698 363 920 423 diffusus
946 362 1162 426 interit;
1215 359 1359 432 quod
1402 368 1578 413 autem
1616 353 1864 407 meliores

273 460 409 513 fiant
447 458 740 524 auditores,
784 456 1143 524 incorruptam
1167 460 1226 507 et
1247 449 1598 506 immortalem
1626 460 1747 500 cum
1776 441 1861 495 di-

269 550 439 616 eeuti,
490 558 603 604 tum
648 545 1139 618 obtemperantibus
1182 541 1481 597 mercedem
1523 535 1695 591 affert.
1737 532 1866 587 Cla-

268 642 442 697 moris
471 640 634 695 vestri
660 636 1052 694 commendatio
1092 632 1433 689 illustriorem
1482 637 1746 682 oratorem
1773 622 1864 677 hic

268 730 487 785 reddit:
516 740 572 785 at
595 729 787 784 animae
812 736 1005 785 vestra:
1026 727 1193 797 pietas
1219 723 1439 777 multam
1464 718 1601 790 apud
1629 715 1862 772 tribunal

268 822 475 878 Christi
524 821 732 877 doctori
764 819 1008 875 fiduciam
1046 816 1289 887 acquirit.
1322 814 1500 883 Itaque
1536 811 1580 864 si
1620 810 1741 880 quis
1767 822 1862 862 eos

269 914 362 983 qui
405 928 709 969 sermonem
756 911 974 974 habent,
1014 909 1220 980 diligat,
1269 923 1374 961 non
1416 903 1723 976 applausus,
1763 898 1858 953 sed

268 1006 561 1061 utilitatem
605 1003 790 1075 diligat
833 1003 1155 1057 auditorum.
1203 998 1320 1055 Non
1364 996 1633 1051 mediocre
1659 991 1857 1047 malum

270 1105 354 1153 est
392 1097 627 1152 fratrum
652 1110 836 1150 curam
868 1110 976 1149 non
1018 1106 1221 1162 gerere,
1271 1088 1367 1145 sed
1406 1098 1706 1144 extremum
1729 1096 1857 1151 sup-

270 1188 490 1259 plicium
521 1196 624 1254 est,
652 1195 707 1242 et
735 1185 1054 1241 inevitabilis
1077 1197 1233 1253 pinna
1262 1198 1275 1233 :
1306 1178 1448 1252 quod
1494 1178 1668 1248 ipsum
1696 1176 1739 1230 is
1765 1172 1855 1245 qui
1916 1204 1927 1263 ι

271 1280 532 1333 talentum
560 1276 842 1334 defoderat
869 1275 1136 1331 indicavit.
1161 1274 1300 1329 Sane
1326 1271 1457 1326 nihil
1483 1271 1532 1325 ei
1575 1270 1701 1325 vitio
1729 1284 1852 1323 ver-

268 1369 506 1435 tebatur,
550 1367 693 1438 quod
740 1368 796 1422 in
834 1367 943 1421 vita
975 1374 1267 1437 peccasset,
1307 1377 1478 1433 neque
1523 1361 1661 1415 male
1698 1358 1852 1429 quid-

266 1476 428 1531 quam
484 1462 536 1516 in
577 1460 804 1531 depositi
846 1458 1087 1515 custodia
1126 1458 1465 1513 commiserat
1522 1470 1537 1509 :
1589 1455 1852 1523 integrum

265 1551 411 1604 enim
451 1550 583 1605 illud
630 1550 863 1606 restituit
892 1567 907 1605 :
939 1550 1034 1605 sed
1063 1560 1237 1604 tamen
1283 1548 1335 1603 in
1366 1546 1590 1616 depositi
1619 1544 1856 1614 negotia.

266 1644 416 1697 tione
459 1642 601 1697 male
649 1657 708 1697 se
749 1650 1009 1712 gesserat.
1036 1640 1152 1696 Non
1180 1639 1323 1696 enim
1346 1638 1398 1692 id
1427 1636 1567 1708 quod
1592 1635 1850 1691 creditum

266 1731 446 1789 fuerat
492 1734 826 1803 duplicant;
870 1748 1029 1803 quam
1072 1732 1144 1787 ob
1189 1745 1407 1786 causam
1453 1729 1614 1784 etiam
1664 1740 1851 1797 paruas

264 1825 450 1879 dabat.
485 1824 640 1881 Unde
667 1824 1005 1880 manifestum
1032 1823 1228 1885 evadit,
1276 1822 1401 1878 licet
1428 1819 1650 1875 studiosi
1682 1819 1849 1872 simus

262 1926 322 1971 et
352 1918 618 1982 instructi,
669 1917 794 1973 licet
823 1917 888 1971 ad
918 1932 1122 1971 sacram
1164 1914 1483 1969 audiendam
1520 1912 1849 1980 Scripturam

263 2009 435 2062 multa
463 2009 753 2078 cupiditate
780 2008 1213 2069 exardescamus,
1235 2005 1287 2059 id
1312 2013 1488 2059 tamen
1514 2004 1581 2057 ad
1611 2011 1849 2056 nostram

262 2099 495 2153 salutem
534 2115 643 2155 non
683 2099 948 2154 sufficere.
1002 2096 1383 2167 Duplicaodum
1411 2109 1640 2163 namque
1687 2092 1851 2162 depo-

259 2192 428 2245 situm
469 2200 554 2246 est
594 2208 607 2245 :
645 2206 803 2260 porro
851 2191 1068 2261 duplum
1114 2190 1212 2257 fit,
1255 2187 1469 2258 quando
1510 2201 1631 2241 cum
1680 2184 1850 2237 salute

262 2291 450 2335 nostra
494 2297 679 2338 curam
728 2282 951 2338 aliorum
999 2296 1211 2351 quoque
1260 2280 1597 2348 suscipimus.
1638 2274 1767 2330 Nam
1796 2289 1850 2332 et

259 2373 383 2441 ipse
431 2373 587 2438 dixit,
644 2372 773 2427 Ecce
815 2375 1010 2427 salvum
1048 2372 1222 2438 habes,
1250 2370 1384 2441 quod
1419 2380 1558 2423 tuum
1599 2379 1706 2433 est;
1753 2368 1845 2421 scd

261 2464 372 2517 hoc
415 2463 481 2517 ad
533 2465 928 2519 excusationem
979 2464 1053 2517 illi
1104 2462 1235 2519 satis
1288 2477 1392 2517 non
1436 2461 1552 2515 fuit.
1612 2460 1845 2530 Oportuit

257 2554 441 2619 enim,
490 2553 693 2625 inquit,
738 2566 788 2609 te
829 2556 1137 2610 committere
1208 2555 1509 2609 numulariis
1565 2553 1699 2620 quod
1757 2554 1846 2607 tibi

255 2647 584 2700 commissum
611 2656 685 2701 est
732 2646 950 2717 (Matth.
986 2647 1077 2702 ‘25.
1130 2645 1247 2718 27).
1291 2647 1361 2701 At
1410 2656 1462 2700 ιιι
1505 2646 1656 2712 mihi,
1685 2662 1842 2715 quam

256 2738 395 2793 levia
426 2741 537 2794 sint
568 2740 776 2795 Domini
804 2740 1073 2805 mandata,
1103 2739 1402 2796 considera.
1429 2739 1679 2794 llomines
1700 2738 1841 2791 enim

256 2846 376 2894 eos,
412 2832 503 2901 qui
533 2832 784 2900 pecunias
812 2832 1008 2887 heriles
1033 2833 1161 2887 dant
1188 2832 1404 2897 faenori,
1456 2833 1615 2887 etiam
1645 2831 1842 2900 repeti-

255 2921 393 2977 tioni
432 2923 661 2978 reddunt
698 2923 987 2979 obnoxios.
1027 2924 1108 2979 Tu
1145 2925 1478 2989 commisisti,
1528 2932 1604 2987 tu,
1651 2923 1839 2993 inquit,

255 3026 444 3087 repete
491 3035 506 3070 :
555 3018 755 3072 nullum
790 3018 1063 3073 mihicum
1091 3033 1157 3073 eo
1186 3019 1273 3088 qui
1304 3020 1523 3086 recepit,
1571 3018 1839 3087 negotium

253 3118 357 3161 est.
389 3107 529 3161 Deus
555 3123 682 3161 vero
711 3125 815 3161 non
843 3109 933 3172 ita,
962 3108 1056 3163 sed
1082 3110 1415 3164 committere
1435 3108 1589 3179 jubet
1615 3117 1836 3175 tantum,

250 3206 307 3249 at
338 3212 445 3250 non
475 3198 600 3252 item
628 3199 929 3267 repetitioni
973 3214 1071 3254 nos
1111 3199 1288 3254 reddit
1325 3200 1607 3254 obnoxios.
1635 3199 1839 3270 Quippe

251 3288 306 3341 in
335 3296 597 3356 potestate
623 3291 852 3345 oratoris
880 3300 981 3356 est,
1008 3301 1069 3345 ut
1092 3293 1355 3358 consulat,
1400 3306 1505 3346 non
1537 3300 1591 3346 ut
1618 3307 1838 3361 persua-

248 3380 395 3434 deat.
425 3379 760 3451 Quapropter
783 3382 849 3435 ad
875 3382 1314 3437 committendum
1356 3383 1528 3437 solum
1561 3393 1611 3437 te
1637 3382 1834 3453 obligo,

249 3490 357 3527 non
402 3473 531 3528 item
574 3474 640 3528 ad
684 3473 1053 3543 repetendum.
1083 3474 1220 3543 Quid
1248 3476 1349 3529 hoc
1375 3474 1543 3529 levius
1572 3475 1694 3529 est?
1739 3477 1833 3529 At-

244 3573 431 3619 tamen
476 3565 666 3619 dnrum
713 3566 1015 3636 appellabat
1061 3576 1166 3621 tam
1210 3566 1391 3620 mitem
1438 3581 1502 3620 ac
1550 3566 1833 3636 benignum

243 3655 528 3708 dominum
559 3669 766 3709 servus.
794 3656 865 3709 Ea
894 3655 1089 3726 quippe
1115 3654 1475 3725 improborum
1506 3665 1559 3709 et
1589 3656 1833 3711 inertium

241 3752 333 3797 est
359 3744 690 3799 consuetudo
719 3759 994 3799 servorum
1023 3762 1037 3799 :
1070 3756 1415 3814 peccatorum
1456 3761 1673 3801 suorum
1717 3747 1834 3801 cul-

246 3852 372 3905 pam
422 3852 637 3906 semper
680 3836 735 3891 in
775 3837 1021 3892 dominos
1050 3854 1175 3893 suos
1200 3840 1461 3909 rejiciunt.
1488 3839 1689 3895 idcirco
1714 3856 1836 3895 cru-

238 3927 427 3980 ciatus
448 3938 501 3981 et
527 3927 870 3997 compedibus
898 3929 1106 3983 vinctus
1132 3929 1219 3984 ille
1252 3930 1305 3984 in
1332 3931 1579 3986 tenebras
1601 3936 1834 3988 exterio-

241 4035 338 4074 res
372 4018 702 4089 ejiciebatur.
740 4021 892 4087 Quod
934 4037 1003 4075 ne
1041 4022 1192 4077 nobis
1234 4024 1394 4079 etiam
1439 4025 1682 4092 accidat,
1730 4027 1830 4081 do-

237 4111 474 4164 ctrinam
502 4111 752 4166 fratribus
788 4113 1203 4179 committamus,
1231 4116 1347 4171 sive
1389 4117 1828 4185 persuadeantur,

239 4201 359 4256 sive
380 4215 486 4254 non
515 4202 954 4271 persnadcantur.
987 4204 1044 4258 Si
1069 4205 1212 4260 enim
1245 4210 1485 4276 persuasi
1511 4208 1729 4277 fuerint,
1776 4221 1831 4266 et

235 4290 311 4344 de
366 4292 559 4361 seipsis
605 4302 661 4347 et
702 4293 769 4348 de
810 4294 966 4348 nobis
1008 4295 1145 4351 bene
1196 4298 1545 4354 merebuntur
1586 4319 1600 4355 :
1640 4300 1686 4357 si
1722 4318 1829 4357 non

235 4381 448 4436 fuerint
492 4384 769 4453 persuasi,
829 4384 1146 4455 supplicium
1189 4387 1288 4442 sibi
1335 4400 1608 4447 accersent
1657 4393 1825 4447 inevi-

235 4472 446 4540 tabile,
505 4474 660 4529 nobis
705 4484 883 4531 autem
938 4493 1007 4532 ne
1057 4478 1318 4533 tantillum
1375 4482 1587 4551 quidem
1632 4500 1827 4540 nocere

234 4575 515 4635 poterunt.
568 4567 722 4633 Quod
761 4569 903 4624 enim
953 4572 1121 4624 nostri
1167 4575 1402 4627 muneris
1454 4574 1571 4640 fuit,
1615 4579 1824 4646 prmsti-

232 4660 425 4726 timus,
453 4674 575 4714 cum
601 4661 879 4715 consilium
910 4662 1215 4719 dederimus
1261 4684 1274 4721 :
1322 4668 1461 4736 quod
1502 4670 1547 4723 si
1587 4673 1823 4739 persuasi

228 4768 342 4807 non
382 4752 601 4818 fuerint,
648 4754 776 4809 nihil
807 4756 932 4811 inde
962 4772 1243 4826 possumus
1269 4774 1459 4829 capere
1496 4761 1817 4819 detrimenti.

225 4842 507 4912 Siquidem
535 4844 735 4898 crimen
758 4855 859 4909 est,
890 4862 993 4901 non
1021 4849 1064 4901 si
1093 4849 1310 4905 minime
1339 4854 1688 4920 persuaseris,
1726 4857 1820 4911 sed

224 4934 272 4985 si
307 4933 529 4987 minime
557 4935 838 4989 consilium
869 4935 1083 4991 dederis
1113 4956 1127 4993 :
1157 4939 1247 4993 ubi
1277 4956 1404 4996 vero
1429 4942 1816 5011 cohortatione,

223 5025 565 5095 consilioque
638 5028 890 5083 continuo
946 5030 1314 5102 frequentique
1388 5033 1647 5103 perfuncti
1700 5037 1817 5092 fue-

221 5114 425 5181 rimus,
478 5130 586 5171 noo
624 5116 734 5187 jam
758 5133 789 5171 a
818 5118 992 5185 nobis,
1025 5120 1119 5175 sed
1148 5122 1214 5175 ab
1245 5123 1348 5176 illis
1374 5126 1633 5181 rationem
1678 5127 1817 5183 Deus

220 5206 428 5276 exiget.
471 5205 678 5264 Vellem
721 5211 967 5280 equidem
1020 5213 1295 5269 evidenter
1337 5230 1497 5271 nosse
1546 5234 1642 5273 vos
1692 5220 1816 5275 illos

218 5298 445 5355 assidue
483 5299 815 5356 cohortando
851 5318 1214 5373 perseverare,
1263 5316 1316 5361 et
1361 5323 1488 5362 num
1531 5310 1581 5363 in
1623 5311 1813 5365 eadem

219 5404 444 5460 semper
507 5390 588 5446 illi
639 5393 957 5465 negligentia
1016 5397 1335 5466 persistant,
1402 5414 1503 5455 nec
1562 5416 1810 5471 umquam

218 5483 378 5536 vobis
428 5484 729 5539 molestiam
778 5486 1087 5542 exhiberem
1144 5506 1157 5542 :
1204 5488 1316 5559 jam
1367 5506 1494 5545 vero
1536 5493 1697 5547 timeo
1745 5510 1812 5549 ne

221 5574 434 5627 inertiae
484 5575 809 5647 incurircque
875 5587 1065 5632 vestra:
1125 5579 1253 5634 vitio
1313 5591 1561 5637 maneant
1630 5584 1807 5638 ineor-

219 5668 378 5721 recti.
425 5666 607 5739 Neque
650 5671 791 5725 enim
844 5671 956 5726 fieri
1001 5679 1196 5742 potest.
1241 5681 1299 5727 ut
1325 5674 1411 5744 qui
1439 5674 1804 5733 cohortatione

1207 245 1272 303 rs
1310 244 1532 309 lLLUD,
1570 241 1629 297 s1
1667 233 2031 296 ESURIERIT
2072 234 2390 306 mancus,
2431 236 2576 294 me.

3445 241 3542 298 474

1968 348 2315 419 doctrinaque
2366 350 2673 420 frequenter
2719 342 2967 415 fruatur,
2996 349 3186 405 melior
3228 351 3543 407 studiosior-

1965 454 2074 509 que
2117 454 2224 493 non
2269 440 2383 493 fiat.
2450 442 2529 494 Ac
2574 428 2791 510 vulgare
2835 440 3054 511 quidem
3100 452 3184 497 est
3233 441 3360 497 illud
3411 459 3537 512 pro-

1963 529 2241 595 verbium,
2313 530 2455 599 quod
2509 529 2747 586 dicturus
2798 546 2952 600 sum;
3019 543 3382 590 verumtamen
3441 534 3544 591 hoc

1964 620 2136 690 ipsum
2187 630 2427 676 testatur.
2474 621 2679 677 Stillula
2719 622 2895 689 enim,
2946 623 3147 695 inquit,
3186 626 3362 681 mollis
3390 641 3541 697 aqua;

1963 727 2149 768 saxum
2202 713 2416 768 assiduo
2460 723 2613 769 cavat
2650 716 2777 770 ictu.
2820 715 3054 771 Tametsi
3082 717 3209 787 quid
3233 733 3369 788 aqua
3400 720 3538 773 mole

1963 803 2108 858 lius?
2178 804 2302 875 quid
2349 820 2479 860 saxo
2519 805 2745 861 durius?
2820 817 3053 863 attamen
3107 809 3390 865 assiduitas
3446 828 3541 865 na-

1963 904 2138 951 turam
2195 898 2382 953 vincia.
2428 897 2583 965 Quod
2626 897 2672 953 si
2725 910 2971 954 naturam
3022 901 3188 955 vincit
3231 902 3537 967 assiduitas,

1961 986 2131 1042 multo
2194 988 2362 1059 magis
2426 990 2752 1046 voluntatem
2826 991 3021 1059 poterit
3077 1006 3350 1061 superare.
3419 993 3534 1048 Non

1959 1077 2115 1133 ludus
2160 1088 2243 1135 est
2287 1079 2754 1149 Christianismus,
2805 1082 3012 1148 dilecti,
3062 1100 3162 1140 nec
3220 1100 3307 1140 res
3355 1100 3541 1155 super-

1959 1184 2209 1228 vacanea.
2238 1172 2500 1229 Contione
2524 1175 2622 1230 ista
2646 1175 2873 1231 dicimus
2893 1217 2908 1243 ,
2945 1185 3000 1231 et
3023 1177 3156 1233 nihil
3184 1179 3507 1250 proficimus.

2032 1264 2087 1318 ἱ.
2133 1266 2397 1331 Quantum
2439 1266 2567 1321 mihi
2612 1268 2841 1324 censetis
2892 1269 3131 1324 dolorem
3177 1270 3348 1337 inuri,
3413 1288 3535 1327 cum

1957 1359 2211 1414 recordor
2246 1360 2393 1414 festis
2433 1360 2646 1429 quidem
2695 1360 2883 1415 diebus
2933 1369 3079 1415 vasta
3116 1364 3277 1418 maris
3323 1378 3535 1433 aequora

1956 1452 2297 1506 collectarum
2357 1452 2536 1506 turbas
2579 1452 2795 1514 imitari,
2833 1453 2944 1522 jam
2993 1469 3123 1508 vero
3167 1470 3234 1509 ne
3287 1467 3535 1526 quotam-

1958 1543 2040 1597 vis
2086 1543 2297 1613 quidem
2351 1553 2554 1613 partem
2602 1543 2690 1599 hic
2734 1545 2875 1600 illius
2921 1545 3272 1602 multitudinis
3307 1562 3539 1619 congre-

1953 1639 2108 1707 gari?
2154 1637 2253 1697 Ubi
2302 1655 2444 1695 nunc
2482 1648 2624 1706 sunt,
2679 1640 2770 1710 qui
2814 1641 2968 1697 nobis
3016 1642 3071 1697 in
3109 1643 3533 1700 solemnitatibus

1953 1730 2252 1785 molestiam
2319 1730 2614 1786 exhibent?
2688 1731 2810 1786 Illos
2876 1735 3127 1803 requiro,
3196 1744 3253 1791 ct
3317 1738 3528 1792 illorum

1952 1836 2111 1877 causa
2158 1821 2335 1891 lugeo,
2388 1821 2515 1876 dum
2565 1823 2694 1877 mihi
2736 1824 2883 1879 venit
2934 1825 2986 1879 in
3027 1835 3281 1895 mentem,
3333 1838 3533 1899 quanta

1952 1924 2135 1984 pereat
2195 1930 2377 1970 eorum
2445 1916 2763 1983 multitudo,
2812 1917 2904 1986 qui
2954 1919 3085 1973 salvi
3134 1927 3315 1985 erant,
3366 1936 3532 1992 quan—

1954 2015 2059 2059 tam
2103 2005 2290 2061 faciam
2350 2006 2573 2062 fratrum
2622 2007 2904 2078 jacturam,
2960 2025 3117 2078 quam
3166 2011 3414 2080 exiguum
3474 2012 3530 2069 in

1951 2112 2231 2150 numerum
2279 2097 2622 2166 redigantur,
2683 2098 2775 2168 qui
2841 2099 3069 2155 salutem
3120 2101 3525 2171 adipiscuntur,

1948 2186 2026 2240 ut~
2059 2187 2228 2257 major
2276 2203 2400 2257 pars
2446 2189 2687 2259 corporis
2732 2190 2988 2245 Ecclesiae
3025 2201 3237 2248 mortuo
3261 2202 3315 2249 et
3339 2194 3528 2250 immo-

1948 2280 2038 2334 bili
2079 2281 2287 2350 corpori
2326 2281 2667 2337 assimiletur.

2022 2369 2142 2424 Non
2166 2372 2287 2424 satis
2312 2372 2453 2426 nobis
2479 2372 2586 2425 nati
2611 2388 2803 2427 sumus.
2849 2371 3096 2444 Exemplo
3123 2384 3410 2430 sanctorum
3435 2393 3526 2432 su-

1947 2461 2093 2515 dores
2142 2478 2243 2515 non
2281 2462 2554 2516 metuendi.
2597 2461 2841 2518 Ecclesia!
2871 2466 3363 2535 structura.—Quid
3399 2467 3528 2523 illud

1946 2552 2012 2606 ad
2074 2568 2172 2607 nos
2202 2554 2410 2617 attinet,
2457 2553 2597 2609 dicet
2632 2554 2858 2625 aliquis?
2901 2555 2984 2610 Ad
3025 2570 3119 2611 vos
3147 2557 3359 2627 quidem
3380 2568 3527 2614 certe

1946 2646 2175 2700 maxime
2219 2646 2426 2712 attinet,
2458 2647 2547 2715 qui
2577 2661 2680 2699 non
2726 2662 2820 2701 eos
2870 2648 3089 2713 curatis,
3126 2663 3229 2702 non
3278 2649 3524 2703 adhorta-

1946 2737 2097 2802 mini,
2144 2752 2250 2791 non
2276 2738 2498 2792 consilio
2537 2739 2754 2808 juvatis,
2801 2738 2867 2793 ad
2909 2755 3005 2794 vos
3033 2740 3121 2810 qui
3154 2742 3524 2797 necessitatem

1944 2842 2049 2882 non
2095 2828 2365 2898 imponitis
2418 2844 2591 2899 neque
2634 2831 2683 2885 vi
2714 2831 3034 2900 pertrahitis,
3066 2841 3122 2887 et
3162 2832 3230 2888 ab
3259 2833 3342 2887 illa
3371 2849 3523 2889 sum-

1944 2934 2029 2971 ma
2084 2919 2403 2990 negligentia
2450 2922 2732 2977 revocatis.
2787 2922 2900 2976 Non
2936 2923 3080 2978 enim
3119 2935 3323 2980 tantum
3370 2925 3523 2982 nobis

1945 3010 2199 3078 prodesse
2250 3025 2347 3064 nos
2372 3011 2588 3078 debere,
2645 3012 2738 3067 sed
2778 3020 2835 3068 et
2868 3012 3044 3069 multis
3065 3055 3082 3081 ,
3108 3015 3339 3069 ostendit
3366 3015 3522 3070 Chri-

1941 3111 2072 3166 stus,
2089 3117 2209 3156 cum
2239 3103 2402 3157 salem
2431 3118 2547 3168 nos,
2578 3118 2641 3157 ac
2659 3102 3066 3171 fermentum,et
3095 3105 3264 3160 lucem
3290 3107 3519 3161 vocavit.

1943 3194 2067 3249 Haec
2090 3194 2233 3249 enim
2256 3195 2374 3250 aliis
2400 3196 2547 3250 utilia
2577 3203 2700 3251 sunt
2729 3206 2784 3250 et
2821 3196 3119 3251 commoda.
3149 3195 3281 3252 Nam
3304 3197 3518 3255 lucerna

1940 3301 2045 3339 non
2077 3286 2175 3341 sibi
2206 3286 2367 3353 lucet,
2395 3298 2449 3341 at
2492 3287 2596 3342 illis
2626 3288 2713 3358 qui
2758 3287 2945 3343 sedent
2994 3288 3048 3344 in
3083 3291 3351 3345 tenebris:
3382 3300 3437 3346 et
3464 3301 3518 3348 tu

1938 3375 2152 3432 lucerna
2181 3393 2260 3445 es,
2293 3396 2396 3433 non
2430 3390 2486 3434 ut
2512 3380 2711 3435 lumine
2737 3381 2881 3435 solus
2910 3381 3118 3448 fruaris,
3148 3383 3242 3438 sed
3274 3391 3331 3438 ut
3368 3384 3515 3438 illum

1938 3480 2203 3524 errantem
2253 3471 2478 3526 reducas
2501 3471 2716 3543 (Matth.
2749 3472 2803 3527 5.
2837 3472 2923 3527 15.
2954 3472 3065 3544 14).
3108 3474 3243 3542 Quid
3290 3490 3514 3546 namque

1938 3564 2154 3634 prodest
2198 3564 2437 3629 lucerna,
2474 3565 2685 3635 quando
2724 3565 2775 3619 in
2809 3566 3045 3621 tenebris
3075 3567 3279 3622 sedenti
3301 3582 3404 3622 non
3431 3570 3513 3621 lu-

1935 3655 2055 3709 cet?
2091 3671 2210 3725 quae
2236 3670 2397 3725 porro
2449 3656 2650 3711 utilitas
2674 3655 2979 3721 Christiani,
3010 3658 3220 3727 quando
3248 3658 3513 3715 neminem

1935 3745 2188 3812 lucratur,
2233 3761 2332 3800 nec
2374 3745 2441 3800 ad
2487 3747 2732 3801 virtutem
2771 3747 3015 3801 reducit?
3059 3746 3261 3801 Rursus
3291 3763 3395 3803 non
3423 3764 3509 3803 se.

1935 3837 2106 3905 ipsum
2154 3838 2433 3906 adstringit
2475 3838 2555 3892 sal
2612 3846 2813 3892 tantum
2839 3880 2853 3904 ,
2882 3837 2975 3893 sed
3018 3846 3073 3894 et
3127 3854 3349 3908 corpora
3393 3856 3512 3911 qua:

1933 3939 2341 3998 corrumpuntur
2367 3929 2600 3997 cohibet,
2624 3945 2796 4000 neque
2819 3929 3063 3985 difﬂuere
3085 3945 3149 3985 ac
3188 3932 3361 4000 perire
3385 3947 3508 3999 per-

1935 4022 2111 4075 tnittit.
2131 4022 2219 4077 Sic
2250 4030 2304 4076 tu
2341 4037 2587 4093 quoque;
2615 4022 3040 4093 quandoquidem
3085 4024 3414 4094 spiritualem
3459 4034 3509 4078 te

1932 4115 2096 4168 salem
2122 4114 2261 4169 Deus
2290 4114 2486 4179 effecit,
2505 4114 2739 4168 membra
2770 4124 3015 4183 corrupta
3035 4154 3049 4179 ,
3078 4114 3178 4169 hoc
3198 4123 3279 4169 est
3302 4113 3509 4169 desides

1932 4205 2141 4271 fratres,
2173 4215 2228 4260 et
2256 4206 2343 4275 qui
2375 4205 2709 4261 mechanicas
2737 4214 2989 4261 exercent
3033 4215 3193 4269 artes,
3240 4206 3507 4276 adstringe

1928 4308 1984 4354 et
2026 4299 2235 4368 colliga,
2268 4298 2576 4368 desidiaque
2623 4308 2871 4368 tanquam
2924 4299 3100 4355 ulcere
3128 4298 3377 4368 quopiam
3407 4313 3505 4367 pn-

1931 4392 2067 4447 trido
2111 4392 2387 4447 liberatum
2419 4406 2536 4445 cum
2566 4392 2769 4460 reliquo
2796 4390 3051 4446 Ecclesia:
3088 4405 3314 4461 corpore
3341 4405 3505 4459 copu-

1930 4487 2051 4539 lato.
2081 4485 2367 4554 Propterea
2416 4494 2467 4538 te
2504 4484 2821 4539 fermentum
2859 4484 3180 4553 appellavit:
3225 4484 3270 4539 si
3293 4481 3504 4555 quidem

1929 4577 2247 4630 fermentum
2296 4576 2455 4630 etiam
2516 4590 2623 4629 non
2668 4575 2903 4644 seipsum
2953 4574 3254 4639 fermentat,
3285 4573 3380 4629 sed
3423 4589 3502 4627 rer-

1925 4666 2119 4735 liquam
2152 4681 2378 4719 massam
2412 4666 2675 4735 ingentem
2698 4665 2821 4720 licet
2845 4676 2902 4720 et
2935 4665 3246 4720 immensam
3266 4705 3281 4729 ,
3333 4663 3503 4733 ipsum

1925 4773 2144 4827 parvum
2190 4772 2310 4810 cum
2362 4758 2432 4810 sit
2480 4764 2535 4810 et
2595 4756 2757 4811 breve
2822 4753 2939 4824 (Id.
2976 4756 3064 4810 15.
3093 4755 3221 4824 53).
3271 4752 3361 4808 Sic
3419 4752 3501 4805 ni-

1922 4851 2114 4904 mirum
2140 4864 2235 4903 vos
2258 4864 2467 4919 qquue
2487 4892 2502 4915 ,
2533 4863 2852 4918 quamquam
2883 4861 3107 4902 numero
3151 4846 3304 4916 pauci
3336 4846 3502 4914 estis,

1922 4943 2076 4997 multi
2127 4952 2302 4998 tamen
2334 4958 2395 4997 ac
2438 4952 2680 5009 potentes
2709 4950 2879 4997 estote
2926 4940 3030 4996 fide
3068 4955 3131 4996 ac
3175 4940 3352 4996 studio
3379 4956 3500 5011 erga

1920 5037 2119 5089 cultum
2154 5036 2266 5089 Dei.
2301 5033 2542 5103 Utigitur
2571 5032 2888 5088 fermentum
2920 5039 3141 5102 propter
3162 5030 3503 5101 exiguitatem

1920 5126 2182 5181 imbecille
2233 5140 2337 5179 noo
2379 5133 2499 5185 est,
2561 5122 2655 5179 sed
2713 5132 2930 5193 propter
2976 5122 3192 5177 insitum
3234 5136 3264 5175 a
3315 5131 3503 5177 natura

1917 5219 2151 5272 Calorem
2204 5230 2268 5270 ac
2320 5216 2567 5268 virtutem
2618 5213 2889 5283 qualitatis
2923 5220 3254 5283 exsuperat:
3308 5212 3385 5270 sic
3410 5227 3501 5266 vos

1918 5309 2166 5361 nimirum
2197 5306 2362 5360 multo
2393 5307 2570 5373 plures
2602 5305 2843 5375 poteritis
2867 5304 2933 5358 ad
2960 5303 3204 5359 eumdem
3235 5302 3501 5359 fervorem

1915 5415 1978 5454 ac
2006 5398 2235 5452 studium
2268 5397 2543 5460 reducere,
2573 5396 2619 5450 si
2659 5395 2854 5451 velitis.
2887 5395 3039 5465 Quod
3066 5396 3111 5450 si
3137 5404 3375 5450 zestatem
3400 5395 3503 5449 ob-

1916 5492 2134 5546 tendant
2174 5489 2478 5560 :siquidem
2522 5489 2623 5543 hoc
2662 5503 2873 5559 quoque
2922 5489 3042 5544 illos
3095 5489 3254 5543 audio
3305 5488 3492 5542 dicen-

1914 5597 2013 5649 tes,
2055 5583 2354 5637 Veliemens
2400 5597 2541 5636 nunc
2584 5590 2747 5636 aestus
2794 5590 2912 5650 est,
2955 5590 3117 5653 atque
3177 5582 3495 5637 intolerandi

1911 5677 2147 5740 calores;
2208 5690 2312 5728 non
2362 5687 2643 5743 possumus
2673 5674 2932 5729 coarctari
2965 5682 3019 5729 ct
3067 5674 3118 5731 in
3174 5681 3316 5729 tanta
3345 5673 3495 5727 turba
