3964 6342
443 279 543 333 175

438 391 738 462 comprimi,
795 391 1028 460 undique
1059 391 1254 446 sudore
1298 389 1620 454 difﬂuentes,
1663 398 1794 444 mslu
1820 387 2022 458 gravati

440 493 494 536 et
544 483 594 535 in
642 484 912 552 angustias
952 482 1150 537 redacti
1183 501 1197 537 ε
1227 482 1389 552 pudet
1439 498 1524 537 me
1594 482 1802 535 illormn
1830 523 1843 543 ,
1901 479 2026 533 mihi

437 575 666 638 credite;
718 583 840 628 sunt
871 577 1014 628 enim
1045 575 1330 629 muliebres
1363 573 1446 628 isti
1476 582 1780 643 praetextus,
1821 573 1900 626 vel
1933 588 2026 640 po-

441 666 544 717 tins
593 681 658 718 ne
703 666 806 719 illis
853 665 1066 736 quidem
1115 665 1182 720 ad
1227 666 1567 720 obtinendam
1613 665 1820 717 veniam
1861 680 2024 718 excu-

439 759 672 812 sationes
721 759 837 813 istze
891 758 1217 825 sufﬁcerent,
1247 759 1438 828 quibus
1485 759 1722 812 molliora
1751 767 1871 811 sunt
1901 773 2022 810 cor-

443 865 568 919 pora
617 860 672 905 et
730 851 1042 906 imbecillior
1087 861 1296 906 natura.
1326 851 1656 920 Quamquam
1687 860 1860 904 autem
1892 851 2029 918 ejus-

440 941 586 996 modi
631 942 996 997 defensionem
1058 943 1406 1013 responsione
1460 943 1664 997 diluere
1695 952 1846 1011 turpe
1883 942 2028 996 vidc-

439 1034 604 1099 bitur,
647 1036 1006 1090 necessarium
1061 1045 1144 1090 est
1184 1045 1378 1089 tamen.
1407 1035 1462 1090 Si
1510 1035 1650 1089 enim
1703 1033 1773 1087 illi
1807 1033 1900 1086 bas
1925 1033 2024 1086 ob-

441 1127 662 1183 tendere
708 1129 1079 1183 excusationes
1123 1145 1228 1182 non
1285 1129 1629 1194 erubescunt,
1661 1128 1829 1181 multo
1858 1127 2025 1196 magis

439 1236 538 1274 nos
566 1221 765 1291 pudere
817 1238 922 1278 non
969 1223 1126 1278 debet
1147 1223 1261 1277 haec
1290 1223 1553 1278 refellere.
1601 1222 1736 1290 Quid
1760 1238 1885 1293 ergo
1912 1222 2024 1277 haec

439 1314 850 1371 obtendentibus
927 1317 1291 1386 opponemus?
1365 1315 1547 1370 Trium
1601 1331 1882 1385 puerormn
1922 1317 2024 1370 illis

439 1409 750 1462 memoriam
803 1409 922 1465 volo
968 1409 1258 1472 refricare,
1312 1410 1400 1480 qui
1445 1425 1564 1464 cum
1600 1412 1650 1464 in
1705 1410 1916 1464 fornace
1961 1426 2025 1466 ac

439 1499 628 1556 mediis
677 1499 904 1556 flammis
949 1511 1307 1567 versarentur,
1350 1517 1469 1555 cum
1521 1502 1752 1571 undique
1805 1518 1862 1556 se
1909 1518 2025 1556 cer-

439 1603 625 1646 nerent
671 1593 878 1662 ignibus
935 1593 1187 1660 obsideri,
1238 1595 1328 1664 qui
1379 1596 1428 1648 in
1475 1609 1554 1658 os,
1611 1596 1664 1648 in
1719 1597 1920 1661 oculos,
1969 1597 2018 1649 in

439 1684 726 1738 anhelitum
755 1685 925 1754 ipsum
976 1686 1325 1752 incurrerent,
1369 1700 1578 1740 sacrum
1619 1685 1767 1740 illum
1819 1695 1872 1740 ct
1901 1703 2019 1757 my.

440 1778 629 1831 sticum
661 1777 914 1848 hymnum
959 1794 1080 1833 cum
1107 1780 1365 1847 creaturis
1396 1778 1507 1834 Deo
1551 1795 1743 1834 canere
1771 1796 1873 1833 non
1901 1795 2018 1834 ces-

436 1880 639 1938 sarunt,
671 1872 764 1927 sed
795 1873 1039 1940 alacrius,
1073 1889 1228 1942 quam
1253 1874 1361 1927 siin
1390 1882 1540 1943 prato
1564 1875 1756 1927 versati
1775 1872 2015 1939 fuissent,

439 1971 547 2015 tum
596 1964 646 2016 in
674 1964 849 2019 medio
879 1980 1008 2035 rogo
1038 1973 1237 2018 Stantes
1255 1965 1520 2018 communi
1544 1965 1768 2019 Domino
1807 1966 2019 2018 univer-

434 2068 614 2107 sorum
641 2054 824 2110 laudes
851 2056 1143 2110 offerebant
1170 2055 1331 2125 (Dan.
1359 2057 1413 2126 5)
1446 2074 1458 2109 :
1488 2065 1542 2111 ct
1581 2071 1700 2109 cum
1731 2056 1897 2108 tribus
1939 2056 2018 2110 bis

437 2148 614 2214 pueris
640 2148 852 2202 leonum
892 2149 941 2200 in
973 2149 1260 2220 Babylone,
1291 2150 1522 2203 Danielis
1558 2157 1612 2202 et
1653 2148 1799 2202 lacus
1828 2146 1935 2218 (Id.
1961 2147 2012 2202 6.

435 2236 734 2309 24);neque
756 2256 880 2293 vero
907 2249 1106 2294 tantum
1125 2239 1303 2308 hujus,
1323 2241 1413 2294 sed
1436 2249 1490 2295 et
1517 2240 1734 2294 alterius
1765 2241 1926 2300 lacus,
1955 2255 2017 2294 ac

437 2329 730 2398 prophetae,
777 2331 995 2401 lutique,
1023 2347 1129 2402 quo
1154 2332 1219 2386 ad
1248 2331 1440 2385 collum
1495 2345 1665 2401 usque
1715 2330 2014 2385 suffocaba-

437 2428 523 2473 tur
551 2419 824 2486 Jcrcmias,
872 2430 929 2475 ut
985 2422 1348 2488 recordentur,
1385 2423 1501 2476 illos
1530 2423 1753 2476 obsecro
1798 2422 2011 2491 (Jerem.

436 2511 522 2566 58.
553 2511 629 2584 6).
663 2513 728 2566 Et
768 2529 831 2568 ex
873 2514 1090 2568 lacubus
1133 2514 1246 2568 istis
1284 2513 1601 2581 ascendens,
1636 2515 1686 2568 in
1737 2529 2009 2568 carcerem

437 2602 773 2658 introducere
802 2604 931 2658 istos
957 2606 1095 2671 volo,
1154 2605 1242 2675 qui
1283 2605 1488 2660 calores
1522 2607 1835 2671 obtendunt,
1870 2607 2014 2660 Pau-

436 2688 654 2766 lumque
698 2707 995 2752 monstrare
1023 2712 1086 2752 ac
1113 2698 1275 2752 Silam
1305 2699 1649 2769 compedibus
1676 2701 1782 2754 illic
1807 2716 2014 2770 prtrpe-

435 2787 618 2855 dites,
676 2789 910 2860 vestigiis
961 2790 1242 2845 verberum
1300 2790 1522 2860 plenos,
1592 2792 1784 2861 quibus
1845 2801 2012 2846 totum

436 2895 629 2950 corpus
676 2882 982 2938 vulneribus
1033 2883 1414 2953 plagarumque
1465 2884 1634 2938 fuerat
1678 2884 2014 2939 multitudine

437 2970 744 3037 laceratum,
793 2974 965 3029 media
1015 2984 1169 3029 nocte
1223 2975 1390 3030 Deum
1435 2975 1711 3031 laudantes
1740 2985 1793 3030 et
1835 2989 2014 3030 sacras

438 3067 554 3122 illas
615 3067 820 3136 vigilias
862 3068 1212 3123 celebrantes.
1256 3069 1337 3122 An
1386 3084 1492 3123 non
1537 3069 1678 3123 enim
1723 3068 2010 3122 absurdum

435 3168 519 3212 est
548 3168 759 3212 sanctos
787 3160 1000 3229 quidem
1046 3159 1185 3223 illos,
1227 3175 1347 3214 cum
1394 3161 1444 3214 in
1488 3159 1720 3226 fornace,
1773 3169 1826 3214 ct
1868 3161 2008 3229 igne,

431 3257 484 3302 et
510 3249 647 3312 lacu,
693 3259 745 3303 et
772 3250 981 3317 bellnis,
1033 3251 1236 3314 ctluto,
1268 3267 1506 3318 carcere,
1548 3261 1602 3306 et
1643 3253 2007 3321 compedibus,

432 3344 487 3393 et
537 3340 720 3410 plagis,
751 3350 806 3395 et
851 3343 1150 3412 ergastulis,
1178 3352 1232 3398 et
1280 3343 1624 3399 intolerandis
1663 3354 2002 3399 versarentur

433 3431 606 3492 malis,
651 3431 781 3485 nihil
811 3448 1058 3502 mnquam
1086 3433 1274 3488 horum
1307 3436 1542 3503 culpare,
1574 3435 1666 3490 sed
1699 3437 1857 3490 multa
1888 3452 2008 3491 cum

435 3522 596 3574 animi
645 3524 984 3578 contentione
1031 3507 1318 3580 etiardore
1369 3535 1623 3596 perpetuo
1667 3527 1918 3596 precibus
1956 3538 2012 3584 et

438 3604 648 3682 hymnis
689 3613 854 3667 sacris
895 3628 1110 3682 operam
1143 3615 1290 3679 dare;
1322 3630 1418 3670 nos
1465 3618 1551 3687 qni
1580 3632 1684 3670 non
1713 3619 1870 3672 ullam
1896 3620 2009 3673 exi-

433 3710 612 3769 guam,
669 3719 772 3755 non
824 3719 1065 3773 magnam
1095 3720 1159 3759 ex
1207 3706 1308 3760 illis
1355 3724 1473 3777 qua:
1521 3717 1845 3762 enumerata}
1888 3721 2010 3764 sunt

432 3793 768 3862 passionibus
819 3796 1180 3861 toleravimus,
1223 3798 1291 3851 ob
1323 3808 1507 3852 aestum
1549 3809 1603 3853 et
1637 3800 1864 3856 calorem
1895 3819 2008 3855 mo-

434 3884 608 3936 dicum
655 3900 718 3940 ac
769 3887 1039 3951 sudorem,
1087 3897 1283 3943 nostra:
1331 3889 1562 3958 ipsorum
1610 3892 1789 3946 salutis
1825 3908 2004 3947 curam

434 3972 722 4041 deponere,
754 3990 816 4029 ac
867 3977 1064 4033 relictis
1108 3979 1343 4034 collectis
1378 3981 1508 4036 foris
1542 3985 1750 4052 vagari,
1805 4000 2008 4054 nosque

433 4055 656 4119 ctetibus
685 4067 1056 4136 depravandos
1095 4071 1415 4134 immiscere,
1455 4074 1506 4127 in
1527 4074 1720 4144 quilms
1743 4076 1872 4130 nihil
1901 4093 2004 4130 non

431 4157 676 4210 vitiosum
721 4169 804 4213 est
846 4169 900 4214 et
929 4163 1278 4231 cormptum?
1327 4163 1526 4219 Tantus
1566 4181 1837 4220 sacrorum
1891 4169 2008 4222 elo-—

428 4247 670 4314 qniorum
707 4259 786 4300 est
811 4263 920 4312 ros,
950 4260 1004 4304 et
1041 4261 1228 4306 uastum
1257 4253 1476 4320 objieis?
1514 4255 1656 4324 Aqua
1677 4297 1690 4321 ,
1718 4272 1868 4326 quam
1915 4275 2006 4329 ego

428 4334 557 4388 dabo
595 4338 658 4402 ei,
691 4341 762 4391 ait
787 4338 1045 4405 Christus,
1097 4343 1178 4411 ﬁet
1207 4343 1260 4395 in
1280 4360 1336 4396 eo
1366 4344 1480 4413 fons
1517 4362 1660 4412 aqua:
1683 4347 1908 4401 salientis
1953 4351 2004 4403 in

427 4427 578 4482 vitam
621 4440 858 4484 (sternam
893 4431 1070 4504 (Joan.
1098 4435 1150 4488 4.
1172 4437 1260 4504 14)
1291 4453 1306 4490 :
1335 4447 1388 4490 et
1441 4453 1622 4492 rursus
1643 4481 1657 4505 ,
1704 4440 1801 4507 Qui
1845 4445 2006 4495 credit

425 4521 476 4572 iu
506 4537 603 4586 me,
648 4522 778 4574 sicut
823 4523 948 4576 dixit
990 4524 1274 4594 Scriptura,
1320 4529 1534 4597 ﬂumina
1577 4530 1638 4583 de
1685 4541 1852 4586 ventre
1896 4537 2005 4603 ejus

420 4613 584 4680 ﬂuent
637 4630 784 4686 aqua'
821 4617 942 4670 viva:
994 4616 1102 4686 (Id.
1137 4619 1188 4672 7.
1236 4621 1350 4689 58).
1405 4623 1484 4675 Αιι
1529 4632 1603 4686 ιιι,
1633 4641 1834 4694 quaeso,
1882 4644 2001 4682 cum

421 4705 561 4758 intus
605 4705 775 4760 fontes
803 4707 998 4764 habeas
1028 4721 1081 4765 et
1127 4712 1341 4766 flumina
1377 4715 1665 4784 spiritualia
1689 4759 1703 4782 ,
1754 4721 2000 4774 sensilem

416 4798 648 4851 calorem
696 4801 892 4856 times?
945 4812 1001 4856 at
1052 4803 1103 4856 in
1154 4804 1290 4872 foro,
1343 4821 1544 4875 quasso,
1605 4811 1690 4863 ubi
1725 4801 1899 4866 tantus
1921 4824 2003 4868 est

418 4891 695 4956 strepitus,
739 4902 815 4946 tot
861 4897 1140 4961 augustim,
1185 4913 1247 4950 ac
1288 4899 1482 4952 multus
1513 4911 1691 4958 aestus.
1750 4905 1836 4972 qui
1865 4904 1920 4956 fit
1946 4915 2002 4958 ut

416 4979 626 5032 calores
650 4992 703 5033 et
730 4984 858 5037 solis
893 4986 1135 5041 ardorem
1174 5004 1276 5041 non
1327 4991 1624 5046 obtendas?
1667 4992 1780 5047 Non
1832 4995 1996 5063 enim,

405 5067 627 5162 'opinor,
680 5071 728 5123 id
774 5074 952 5128 dicere
1002 5086 1150 5144 potes
1201 5079 1307 5133 illic.
1353 5081 1621 5149 frigidiore
1650 5083 1811 5137 licere
1859 5087 1997 5139 acris

418 5167 605 5212 natura
633 5159 758 5228 frui,
802 5163 887 5219 hic
913 5182 1036 5221 vero
1059 5181 1223 5223 totum
1267 5173 1419 5225 nobis
1459 5175 1736 5229 collectum
1764 5178 1995 5233 calorem

417 5251 606 5304 srevire
639 5269 653 5316 ;
687 5255 812 5322 quin
857 5259 1030 5325 potius
1055 5264 1375 5316 contrarimn
1409 5267 1632 5332 penitus,
1672 5267 1755 5321 hic
1784 5271 1994 5337 quidem

417 5340 502 5392 ubi
543 5344 736 5397 crustis
769 5343 987 5413 lapideis
1016 5350 1182 5403 solum
1238 5364 1564 5409 constratum
1595 5366 1696 5418 est,
1728 5368 1776 5412 et
1811 5359 1878 5412 ob
1909 5377 1996 5414 rc-

418 5431 614 5499 liquam
668 5435 797 5489 tedis
842 5451 1005 5490 sacrze
1055 5439 1305 5496 fabricam
1366 5443 1660 5515 (siquidem
1693 5449 1744 5500 in
1775 5450 1997 5503 immen-

416 5537 527 5575 s;uu
592 5528 822 5596 assurgit
873 5528 1249 5602 altitudinem),
1308 5535 1474 5590 levior
1517 5547 1572 5591 et
1617 5538 1855 5608 frigidior
1915 5554 1996 5596 est

415 5631 505 5666 aer
537 5634 548 5667 :
583 5628 636 5669 at
678 5619 783 5672 illic
821 5620 1016 5673 multus
1047 5624 1277 5692 undique
1303 5628 1382 5678 sol
1413 5627 1651 5694 irradiat,
1695 5632 1873 5685 multm
1901 5649 1994 5686 an-

413 5707 621 5775 gustite,
653 5707 849 5777 fumus,
883 5710 1072 5778 pulvis,
1114 5723 1166 5768 et
1210 5715 1309 5768 alia
1359 5715 1526 5786 plura,
1573 5733 1690 5787 quae
1731 5722 1984 5791 majorem

1139 275 1197 330 S.
1239 272 1518 330 JOANNIS
1556 271 2032 326 CllRYSOSTOMI
2074 271 2392 327 ARCHIEP.
2434 271 2968 330 CONSTANTINOP.

3617 271 3717 323 I76

2143 387 2259 442 istis
2305 389 2600 443 molestiam
2653 387 2922 444 exhibent.
2968 387 3047 444 Ex
3090 403 3196 458 quo
3240 387 3549 458 intelligitur
3578 385 3724 440 iner-

2139 481 2225 534 tiae
2251 489 2304 534 et
2357 479 2597 534 mollitiei
2627 479 2812 544 animi,
2843 479 2935 549 qui
2963 478 3192 549 Spiritus
3219 481 3385 534 sancti
3412 480 3631 534 flamma
3651 480 3724 533 sit

2135 572 2441 640 destitutus,
2503 573 2600 628 has
2643 575 2852 644 ineptas
2901 574 3276 629 excusationes
3316 587 3437 628 esse
3480 572 3723 628 tribuen-

2134 664 2248 718 das.

2207 759 2260 812 5.
2305 757 2430 812 Haec
2471 772 2576 812 non
2607 767 2714 812 tam
2753 757 2822 814 ad
2872 758 2993 813 illos
3021 773 3052 813 ι
3105 773 3190 813 me
3215 757 3354 814 dicta
3391 757 3718 829 diriguntur,

2134 866 2290 918 quam
2323 851 2389 904 ad
2428 866 2542 915 vos,
2585 853 2674 922 qui
2723 867 2827 906 non
2869 852 2990 907 illos
3017 853 3345 922 pertraltitis,
3385 852 3480 922 qui
3518 867 3626 907 non
3650 850 3723 906 ab

2134 943 2322 997 inertia
2366 945 2657 1012 revocatis,
2690 952 2745 1000 et
2781 946 2849 1000 ad
2876 945 3160 1000 salutarem
3187 945 3325 1000 banc
3351 960 3590 1000 mensam
3619 944 3720 999 ad-

2133 1035 2348 1089 ducitis.
2377 1037 2454 1091 Ac
2480 1037 2619 1091 servi
2642 1037 2857 1107 quidem
2897 1053 3019 1093 cum
3049 1052 3330 1093 commune
3357 1037 3717 1093 ministerium

2133 1129 2326 1182 obiluri
2381 1139 2525 1194 sunt,
2582 1129 2844 1185 advocant
2873 1143 2998 1184 suos
3039 1143 3370 1184 conservos:
3419 1142 3516 1183 vos
3562 1143 3717 1194 vero,

2129 1237 2159 1276 a
2209 1223 2401 1292 quibus
2423 1223 2522 1278 hoc
2564 1223 2840 1292 spirituale
2876 1221 3186 1293 obsequium
3211 1220 3569 1278 exhibendum
3608 1229 3714 1282 est,

2131 1327 2418 1367 conservos
2459 1313 2632 1368 sinitis
2672 1323 2876 1368 vestros
2923 1313 3024 1367 hoc
3052 1321 3256 1382 qumstu
3306 1312 3521 1382 privari.
3551 1310 3715 1376 Quid,

2128 1407 2170 1459 si
2204 1407 2369 1460 nolint
2397 1407 2513 1476 ipsi,
2543 1407 2685 1462 dicet
2722 1406 2947 1476 aliquis?
2978 1405 3142 1460 Effice
3169 1405 3381 1459 assidue
3426 1401 3712 1466 instando,

2131 1508 2185 1551 ut
2213 1499 2407 1563 velint;
2432 1499 2476 1553 si
2502 1499 2642 1552 enim
2671 1505 2929 1566 urgentes
2955 1513 3055 1552 nos
3085 1496 3336 1562 viderint,
3367 1495 3588 1550 omnino
3617 1508 3716 1550 vo-

2129 1591 2258 1644 lent.
2318 1593 2386 1646 At
2419 1591 2558 1644 enim
2608 1600 2895 1660 praetextus
2943 1591 3056 1644 haec
3085 1599 3207 1644 sunt
3232 1600 3285 1644 et
3315 1589 3450 1643 ﬁcta:
3485 1601 3715 1642 excusa-

2127 1685 2319 1738 tiones.
2372 1683 2541 1751 Quam
2593 1684 2740 1736 multi
2785 1698 3012 1749 namque
3067 1681 3152 1735 hic
3195 1691 3319 1735 sunt
3365 1689 3579 1751 patres,
3617 1680 3711 1748 qui

2126 1791 2304 1831 secum
2357 1785 2560 1830 stantes
2603 1793 2710 1830 non
2762 1775 2959 1830 habent
2997 1774 3174 1827 tilias?
3221 1773 3354 1827 Num
3395 1773 3554 1826 etiam
3585 1769 3715 1823 libe-

2126 1884 2216 1922 ros
2261 1868 2360 1922 huc
2409 1867 2720 1938 pertrahere
2771 1883 2875 1921 non
2919 1866 3165 1936 poteras?
3212 1866 3286 1920 Ex
3336 1880 3444 1935 quo
3486 1873 3712 1934 apparet

2124 1971 2350 2016 creteros
2382 1975 2594 2030 quoque
2633 1976 2738 2014 non
2781 1960 2850 2014 ob
2879 1960 3124 2013 inertiam
3174 1968 3376 2013 tantum
3407 1973 3583 2022 suam,
3611 1959 3708 2013 sed

2123 2063 2178 2108 et
2231 2054 2298 2108 ob
2348 2062 2576 2108 vestram
2623 2051 2878 2107 incuriam
2928 2050 3059 2105 foris
3084 2065 3319 2106 manere.
3349 2052 3420 2104 At
3448 2051 3572 2104 licet
3597 2066 3709 2104 non

2124 2147 2288 2214 prius,
2319 2161 2460 2200 nunc
2489 2145 2676 2200 saltem
2706 2144 3028 2208 excitamini,
3059 2151 3115 2198 et
3154 2158 3275 2198 cum
3326 2142 3569 2196 membro
3604 2158 3710 2197 suo

2122 2233 2343 2301 quisque
2372 2232 2422 2285 in
2473 2231 2751 2286 ecclesiam
2801 2229 3155 2300 ingrediatur,
3206 2239 3261 2284 et
3315 2238 3464 2298 pater
3514 2228 3704 2291 ﬁlium,

2121 2333 2176 2378 et
2217 2324 2512 2394 genitorem
2553 2323 2710 2390 filius,
2746 2332 2799 2377 et
2836 2322 2935 2376 viri
2976 2335 3193 2387 uxores,
3220 2329 3275 2376 et
3315 2321 3458 2375 viros
3485 2334 3702 2385 uxores,

2120 2424 2174 2468 et
2225 2429 2437 2468 servum
2482 2413 2642 2468 herus
2662 2453 2676 2477 ,
2720 2422 2776 2467 ct
2810 2410 2973 2468 frater
2998 2411 3237 2477 fratrem,
3269 2419 3322 2466 et
3347 2411 3550 2466 amicus
3572 2412 3706 2464 ami-

2121 2522 2240 2561 cum
2284 2508 2499 2570 excitet,
2552 2515 2607 2560 et
2631 2505 2697 2559 ad
2733 2505 2874 2560 hunc
2900 2515 3222 2559 conventum
3261 2501 3702 2573 frequentandum

2121 2599 2377 2668 instiget:
2407 2598 2514 2652 imo
2551 2612 2678 2652 vero
2719 2611 2824 2650 non
2853 2595 3056 2650 amicos
3104 2602 3328 2659 tantum,
3372 2593 3466 2648 sed
3521 2593 3702 2647 inimi-

2117 2707 2209 2746 cos
2257 2691 2416 2744 etiam
2456 2689 2522 2744 ad
2571 2703 2905 2743 communem
2937 2686 3078 2742 hunc
3103 2687 3363 2741 bonorum
3391 2685 3701 2740 thesaurum

2120 2782 2425 2836 invitemus.
2478 2780 2534 2836 Si
2579 2795 2759 2836 curam
2791 2779 2981 2834 viderit
3029 2786 3172 2835 tuam
3203 2777 3469 2843 inimicus,
3519 2777 3700 2832 odium

2117 2877 2276 2947 plane
2301 2875 2549 2944 deponet.
2613 2923 2615 2926 ι

2187 2967 2487 3021 Judarorum
2515 2965 2773 3037 diligentia
2799 2965 2934 3019 circa
2951 2965 3231 3019 sabbatum.
3259 2962 3548 3019 Sa'culuria
3583 2965 3700 3017 bene

2117 3060 2424 3126 succedunt,
2473 3058 2518 3112 si
2545 3056 2685 3112 Deus
2726 3057 3139 3112 colatum—Dic
3186 3057 3263 3112 illi
3313 3073 3329 3110 :
3373 3055 3490 3112 Non
3543 3072 3696 3111 vere-

2117 3151 2387 3216 cundaris,
2415 3165 2515 3205 nec
2541 3149 2814 3206 erubescis
2856 3146 3105 3216 Iudaeos,
3137 3147 3226 3218 qui
3257 3155 3402 3202 tanta
3431 3162 3554 3203 cum
3581 3148 3699 3202 dili-

2117 3244 2291 3312 gentia
2338 3240 2613 3295 sabbatum
2656 3239 2984 3306 custodiunt,
3016 3249 3174 3308 atque
3199 3239 3266 3295 ab
3315 3239 3429 3308 ipsa
3464 3238 3578 3308 jam
3605 3255 3697 3294 ve-

2115 3349 2270 3405 Spera
2299 3334 2366 3388 ab
2403 3334 2551 3388 omni
2598 3346 2760 3402 opere
2805 3331 3107 3388 abstinent?
3151 3332 3302 3400 Quod
3334 3334 3378 3388 si
3407 3332 3499 3389 die
3533 3333 3696 3389 Para-

2114 3444 2300 3484 sceves
2327 3427 2494 3482 solem
2525 3427 2737 3482 videant
2765 3425 2832 3481 ad
2859 3441 3106 3482 occasum
3147 3436 3476 3497 vergentem,
3507 3436 3564 3484 et
3609 3445 3699 3498 pa-

2114 3531 2198 3577 cta
2229 3521 2568 3585 rescindunt,
2598 3527 2651 3574 et
2696 3519 2994 3590 emptiones
3027 3520 3437 3590 interrumpunt.
3464 3519 3617 3588 Quod
3651 3522 3694 3575 si

2113 3617 2233 3685 quis
2266 3630 2385 3669 cum
2437 3623 2561 3668 ante
2598 3628 2880 3684 vesperam
2919 3613 3155 3676 emisset,
3211 3629 3432 3683 vespere
3479 3615 3697 3669 veniens

2115 3706 2341 3778 pretium
2391 3705 2598 3772 afferat,
2647 3720 2754 3759 non
2783 3704 3047 3759 sustinent
3093 3704 3358 3772 accipere,
3406 3717 3507 3758 nec
3529 3718 3686 3773 pecu-

2113 3800 2251 3852 niam
2271 3797 2575 3852 admittunt.
2619 3795 2755 3864 Quid
2787 3796 2906 3850 dico
2942 3797 3166 3864 pretium
3197 3809 3374 3849 rerum
3405 3795 3690 3860 venalium,

2111 3899 2167 3946 et
2215 3890 2405 3960 pacta?
2447 3889 2694 3959 quamvis
2741 3887 3048 3942 thesaurum
3093 3887 3336 3956 accipere
3365 3885 3576 3953 liceret,
3610 3886 3691 3940 lu-

2113 3971 2277 4037 crum'
2311 3982 2437 4036 illud
2483 3981 2703 4036 mallent
2751 3981 3020 4044 amittere,
3066 3995 3225 4050 quam
3269 3979 3437 4050 legem
3465 3980 3684 4034 violare.

2111 4077 2322 4146 Ergone
2367 4075 2558 4139 Judaei,
2608 4074 2819 4129 tametsi
2870 4073 3036 4142 legem
3094 4073 3467 4142 intempestive
3513 4083 3691 4127 custo-

2109 4169 2279 4233 diant,
2323 4167 2392 4220 ita
2437 4176 2560 4219 sunt
2605 4173 2850 4220 accurate
2880 4164 3197 4233 diligentes,
3243 4173 3296 4218 et
3343 4164 3414 4218 ita
3468 4163 3691 4218 studiesi

2110 4267 2236 4314 sunt
2264 4257 2669 4320 observationis,
2716 4271 2833 4326 qua:
2862 4256 2992 4309 nihil
3023 4256 3100 4310 eis
3139 4255 3375 4324 prodest,
3409 4256 3519 4310 imo
3537 4257 3689 4309 etiam

2112 4357 2315 4403 nocet:
2369 4359 2424 4402 tu
2461 4348 2549 4417 qui
2587 4347 2699 4416 jam
2741 4345 2928 4400 umbra
2969 4346 3213 4424 superior
3261 4361 3352 4410 es,
3387 4347 3473 4400 cui
3526 4346 3687 4400 solem

2104 4441 2322 4511 justitia:
2363 4441 2545 4496 videre
2582 4455 2894 4495 concessum
2945 4449 3045 4502 est,
3094 4441 3179 4509 qui
3206 4439 3315 4509 jam
3346 4439 3413 4494 ad
3441 4440 3688 4494 caelorum

2109 4535 2487 4605 municipatum
2533 4535 2791 4604 pertines,
2825 4548 2893 4588 ne
2943 4533 3184 4588 eamdem
3215 4531 3430 4603 quidem
3459 4547 3579 4588 cum
3609 4533 3681 4597 iis,

2109 4627 2196 4696 qui
2232 4626 2360 4679 vitio
2403 4625 2773 4694 intempestive
2810 4623 3123 4688 adha'rent,
3165 4623 3581 4679 sollicitudinem
3629 4637 3682 4678 ac

2107 4719 2336 4772 studium
2368 4717 2608 4781 exhibes,
2654 4727 2706 4770 tu
2742 4717 2826 4770 cui
2855 4717 3047 4770 veritas
3081 4716 3192 4785 ipsa
3219 4725 3302 4770 est
3337 4717 3572 4780 credita;
3599 4716 3684 4769 sed

2108 4809 2170 4863 ad
2196 4809 2457 4863 modicam
2487 4808 2589 4861 diei
2623 4817 2826 4876 partem
2845 4805 2948 4861 huc
2969 4817 3207 4871 vocatus,
3241 4821 3308 4860 ne
3330 4821 3449 4860 eam
3479 4807 3683 4874 quidem

2111 4915 2383 4954 sacrorum
2414 4898 2747 4967 eloquiorum
2797 4897 3059 4951 auditioni
3085 4896 3320 4966 dignaris
3346 4897 3686 4965 impendere?

2104 5007 2261 5061 quam
2313 4991 2524 5044 tandem
2565 4989 2796 5055 veniam,
2847 5004 3049 5058 quasso,
3079 4988 3273 5042 mereri
3311 4989 3684 5058 queas?qnam

2104 5101 2232 5137 vero
2251 5085 2448 5152 poteris
2475 5083 2760 5152 legitimam
2781 5082 3038 5152 ctjustam
3057 5082 3457 5136 excusationem
3477 5081 3686 5136 afferre?

2102 5175 2218 5234 Non
2285 5185 2461 5244 patest
2517 5176 2652 5239 fieri,
2711 5175 2865 5244 plane
2913 5189 3017 5228 non
3064 5183 3276 5243 potest,
3334 5184 3393 5228 ut
3440 5175 3528 5243 qni
3585 5183 3682 5226 tam

2104 5268 2372 5334 negligens
2403 5267 2470 5319 sit
2500 5281 2562 5319 ac
2594 5266 2774 5336 piger,
2804 5281 3054 5335 umquam
3086 5267 3238 5319 venia
3277 5265 3470 5335 dignus
3501 5265 3686 5318 habea-

2103 5367 2208 5422 tur,
2240 5359 2362 5410 licct
2383 5358 2573 5410 millies
2597 5357 2929 5411 saecularium
2950 5357 3282 5427 negotiorum
3315 5360 3683 5426 occupationes

2101 5451 2373 5505 obleudat.
2416 5450 2618 5513 Nescis,
2661 5450 2705 5504 si
2736 5450 2841 5505 huc
2886 5452 3104 5506 veniens
3150 5451 3313 5505 Deum
3359 5451 3678 5512 adoraveris,

2100 5552 2154 5596 et
2203 5550 2495 5595 cvinventus
2553 5542 2703 5595 istius
2755 5541 3020 5611 particeps
3078 5542 3277 5607 fueris,
3327 5556 3390 5595 ea
3419 5558 3540 5610 qua:
3585 5557 3681 5610 pra:

2102 5633 2344 5687 manibus
2394 5644 2518 5688 sunt
2546 5633 2754 5703 negotia
2800 5633 2968 5687 facilia
3008 5633 3099 5687 tibi
3128 5643 3183 5687 et
3225 5633 3470 5702 expedita
3501 5631 3680 5686 reddi?

2100 5725 2452 5781 Sarcnlaribns
2513 5725 2652 5781 curis
2709 5725 3002 5794 premeris?
3054 5726 3250 5780 Earum
3301 5725 3461 5796 igitur
3528 5737 3676 5777 causa
