3964 6342
232 399 336 456 175

227 537 340 582 τον,
362 516 464 569 οὑκ
487 511 744 586 ίσχύομεν
771 515 1220 588 στενοχωρεῖσθαι
1241 518 1336 569 καὶ
1357 511 1635 570 θλίϐεσθαι
1656 513 1712 566 ἐν
1734 507 1814 580 τῷ

227 603 446 674 πλήθει,
481 598 666 668 ἱδρῶτι
694 599 960 653 πάντοθεν
995 601 1414 674 περιρῤεόμενοι
1455 602 1550 653 καὶ
1580 597 1820 668 ἀχθόμε-

227 706 305 742 νοι
355 688 425 756 τῇ
469 684 647 756 θέρμῃ
691 683 787 736 καὶ
824 685 890 753 τῇ
936 684 1301 755 στενοχωρίᾳ·
1341 683 1668 755 αἰσχύνομαι
1721 679 1819 750 μὲν

229 771 370 841 ὑπὲρ
417 767 620 831 αὑτῶν,
661 765 1026 820 πιστεύσατε’
1069 767 1426 835 γυναικώδεις
1461 767 1569 837 γὰρ
1596 766 1654 819 αί
1684 765 1820 834 σκή-

226 853 372 920 ψεις,
424 849 626 921 μᾶλλον
651 849 710 903 δέ
748 847 873 903 οὐδὲ
915 849 1150 913 ἐκείναις
1189 850 1326 921 πρὸς
1357 848 1683 918 συγγνώμην
1719 847 1821 918 ἀρ-

231 936 429 988 κοῦσαι
459 936 514 987 αί
557 932 866 1004 προφάσεις
887 972 902 998 ,
931 927 1020 996 αἶς
1064 933 1424 1005 μαλακώτερα
1450 934 1520 986 τά
1561 931 1818 1000 σώματα,

233 1020 325 1072 καὶ
367 1016 732 1088 ἀσθενεστέρα
776 1017 810 1090 ή
857 1016 1040 1088 φύσις.
1085 1018 1232 1089 Πλὴν
1271 1020 1320 1070 εί
1369 1019 1462 1071 καὶ
1504 1016 1728 1087 αἰσχρὸν
1759 1014 1821 1066 τὸ

230 1099 639 1170 ἀποκρίνασθαι
683 1101 820 1172 πρὸς
872 1102 972 1172 τὴν
1021 1101 1276 1172 τοιαύτην
1327 1101 1644 1169 ἀπολογίαν,
1704 1099 1818 1152 ἀλλ’

229 1187 533 1254 ἀναγκαῖον
560 1185 727 1254 ὅμως.
763 1185 828 1238 Εἰ
855 1185 964 1254 γὰρ
989 1186 1187 1238 ἐκεῖνοι
1208 1184 1431 1238 τοιαῦτα
1466 1183 1821 1255 προφασίζον-

227 1285 342 1330 ται,
374 1269 472 1321 καὶ
503 1268 604 1321 οὑκ
630 1265 947 1338 ἐρυθριῶσι,
993 1267 1172 1334 πολλῷ
1200 1267 1399 1337 μᾶλλον
1428 1268 1575 1337 ἡμᾶς
1608 1267 1708 1318 οὑκ
1737 1267 1820 1319 αί-

232 1351 527 1423 σχύνεσθαι
561 1351 669 1422 χρὴ
710 1351 848 1422 πρὸς
887 1349 1058 1404 ταῦτα
1092 1351 1492 1419 ἀντιλέγοντας.
1525 1349 1590 1401 Τί
1621 1344 1714 1402 οὖν
1745 1347 1822 1401 εἴ-

233 1452 395 1505 ποιμι
430 1437 538 1497 τοῖς
568 1433 740 1487 ταῦτα
761 1433 1221 1504 προϐαλλομένοις
1242 1449 1256 1498 ;
1279 1434 1320 1485 Τ
1324 1432 1400 1486 ῶν
1426 1431 1593 1503 τριῶν
1616 1431 1822 1484 παίδων

231 1517 754 1588 ἀναμνῆσαιαύτοῦς
770 1515 1030 1586 βούλομαι
1053 1514 1162 1568 τῶν
1179 1518 1236 1570 ἐν
1253 1519 1317 1586 τῇ
1337 1516 1554 1586 καμίνῳ
1577 1516 1672 1568 καὶ
1687 1517 1742 1566 ἐν
1753 1516 1819 1585 τῇ

234 1600 418 1668 φλογὶ,
437 1599 484 1650 οἳ
510 1599 850 1670 πανταχόθεν
875 1599 1058 1663 αὑτοῖς
1087 1602 1409 1670 περιτρέχον
1436 1598 1498 1652 τὸ
1527 1597 1639 1669 πῦρ
1654 1596 1824 1668 ὁρῶν-

231 1700 346 1746 τες,
372 1683 468 1736 καὶ
491 1682 570 1753 τῷ
588 1683 816 1754 στόματι
833 1683 1051 1746 καὶτοῖς
1069 1682 1383 1752 ὀφθαλμοῖς,
1398 1684 1492 1734 καὶ
1511 1681 1648 1751 αὐτῇ
1670 1697 1824 1750 περι-

234 1767 536 1836 κεχυμένον
565 1769 630 1837 τῇ
665 1767 931 1837 ἀναπνοῇ,
961 1766 1062 1818 οὐκ
1086 1765 1396 1818 ἐπαύσαντο
1419 1765 1509 1817 τὸν
1552 1764 1695 1836 ἱερὸν
1729 1763 1823 1816 καὶ

238 1851 500 1921 μυστικὸν
536 1852 744 1903 ἐκεῖνον
793 1849 962 1920 ὕμνον
1007 1849 1228 1921 ᾄδοντες
1264 1847 1342 1919 τῷ
1384 1848 1504 1920 Θεῷ
1547 1849 1685 1919 μετά
1721 1848 1822 1917 τῆς

235 1936 492 1999 κτίσεως,
515 1934 650 1987 ἀλλὰ
677 1935 785 1988 τῶν
815 1935 872 1988 ἐν
900 1932 1126 2004 λειμῶνι
1154 1933 1554 2004 διατριϐόντων,
1595 1933 1654 1984 tv
1685 1932 1822 2002 μέσῃ

235 2020 357 2072 τότε
380 2019 614 2081 ἑστῶτες
639 2021 706 2088 τῇ
733 2019 902 2089 πυρᾷ,
923 2017 1332 2089 προθυμότερον
1348 2017 1445 2088 τὴν
1462 2018 1597 2087 εύφη
1607 2017 1732 2086 μίαν
1747 2018 1824 2087 τῷ

235 2101 405 2172 κοινῷ
439 2100 547 2154 τῶν
578 2101 716 2155 ὅλων
749 2101 1070 2172 ἀνέπεμπον
1113 2102 1386 2171 Δεσπότῃ⁶
1416 2100 1512 2152 καὶ
1552 2100 1692 2170 μετά
1719 2098 1825 2151 τῶν

234 2187 404 2256 τριιῖιν
445 2185 651 2238 παίδων
694 2184 921 2250 τούτων,
961 2185 1070 2238 τῶν
1115 2184 1345 2237 λεόντων
1385 2185 1568 2246 αὐτοῖς
1605 2182 1714 2235 τῶν
1768 2183 1826 2233 ἐν

237 2269 548 2333 Βαϐυλῶνι,
587 2269 682 2322 καὶ
711 2268 806 2321 τοῦ
839 2267 1039 2338 Δανιὴλ
1075 2269 1170 2320 καὶ
1201 2265 1297 2319 τοῦ
1333 2266 1536 2321 λάκκου
1556 2280 1570 2295 ·
1619 2266 1738 2337 ούχὶ
1770 2265 1825 2318 δὲ

235 2366 430 2418 τούτου
465 2363 651 2434 μόνου,
674 2361 812 2415 ἀλλά
840 2362 936 2414 καὶ
961 2361 1149 2431 ἐτέρου
1174 2360 1376 2414 λάκκου
1399 2361 1494 2412 καὶ
1523 2362 1825 2430 προφήτου,

237 2453 334 2505 καὶ
361 2450 630 2522 βορϐόρου
662 2449 825 2521 μέχρι
862 2449 1132 2520 τραχήλου
1165 2449 1254 2501 τὸν
1289 2447 1560 2518 Ἱερεμίαν
1594 2445 1828 2499 ἀποπνί-

235 2551 432 2603 γοντος
477 2533 898 2604 ἀναμνησθῆναι
933 2533 1097 2586 πάλιν
1135 2531 1335 2594 αὐτοὺς
1367 2530 1522 2597 ἀξιῶ.
1569 2531 1680 2583 Καὶ
1721 2528 1830 2582 ἀπὸ

234 2619 347 2673 τῶν
377 2618 598 2672 λάκκων
627 2615 779 2689 [160]
813 2618 1044 2682 ἀναϐὰς,
1072 2619 1386 2685 εἰσαγαγεῖν
1415 2617 1494 2678 είς
1523 2613 1583 2667 τὸ
1614 2614 1826 2684 δεσμω-

237 2704 430 2774 τήριον
459 2701 722 2772 βούλομαι
743 2700 964 2765 τούτους
996 2702 1122 2765 τοὺς
1144 2700 1206 2754 τὸ
1235 2699 1427 2770 καῦμα
1458 2697 1830 2770 προϐαλλομέ-

237 2803 381 2850 νους,
414 2787 512 2839 καὶ
540 2785 712 2849 δεῖξαι
741 2785 832 2838 τὸν
866 2784 1078 2839 Παῦλον
1123 2787 1240 2838 ἐκεῖ
1271 2785 1367 2836 καὶ
1408 2783 1500 2836 τὸν
1543 2781 1702 2834 Σίλαν
1751 2781 1829 2852 τῷ

239 2874 382 2948 ξύλῳ
419 2872 904 2944 προσδεδεμένους,
939 2871 1224 2942 μωλώπων
1249 2872 1521 2941 γέμοντας
1551 2869 1644 2921 καὶ
1664 2886 1830 2940 τραυ-

242 2959 450 3028 μάτων,
484 2957 564 3028 τῷ
591 2955 788 3028 πλήθει
816 2955 924 3009 τῶν
959 2954 1184 3026 πληγῶν
1218 2955 1363 3008 ἀπαν
1393 2952 1829 3018 καταξανθέντας

237 3042 299 3094 τὸ
329 3040 515 3111 σῶμα,
553 3043 612 3094 ἐν
648 3040 788 3111 μέσῃ
816 3042 882 3111 τῇ
910 3038 1068 3092 νυκτὶ
1095 3038 1187 3091 τὸν
1215 3037 1347 3090 Θεὸν
1377 3035 1703 3106 ὑμνοῦντας,
1736 3038 1832 3089 καὶ

238 3127 335 3194 τὴν
369 3123 526 3195 ἱεράν
554 3123 773 3191 ἐκείνην
797 3122 1098 3192 παννυχίδα
1127 3119 1530 3182 ἐπιτελοῦντας.
1567 3118 1690 3182 Πῶς
1723 3119 1831 3189 γὰρ

235 3209 338 3261 οὑκ
363 3208 570 3262 ἀτοπον
597 3208 725 3270 τοὺς
754 3207 853 3277 μὲν
873 3207 1066 3274 ἁγίους
1092 3205 1358 3267 ἐκείνους,
1388 3205 1445 3256 ἐν
1471 3202 1708 3273 καμίνῳ,
1736 3203 1831 3256 καὶ

238 3291 399 3363 πυρὶ,
445 3291 542 3343 καὶ
585 3289 811 3360 λάκκῳ,
857 3292 954 3344 καὶ
997 3289 1244 3360 θηρίοις,
1282 3289 1378 3343 καὶ
1413 3285 1695 3358 βορϐόρῳ,
1737 3287 1832 3340 καὶ

235 3373 620 3444 δεσμωτηρίῳ,
659 3374 756 3426 καὶ
793 3373 958 3444 ξύλῳ,
993 3375 1087 3426 καὶ
1113 3373 1371 3444 πληγαῖς,
1414 3371 1510 3424 καὶ
1541 3370 1829 3439 φυλακαῖς,

237 3461 476 3523 καὶτοῖς
517 3457 812 3528 ἀφορήτοις
851 3457 1012 3521 ὄντας
1043 3458 1271 3522 δεινοῖς,
1304 3460 1472 3529 μηδὲν
1513 3463 1718 3518 τούτων
1748 3467 1832 3518 αί-

235 3543 462 3596 τιᾶσθαι
495 3543 751 3606 πώποτε,
786 3542 922 3595 ἀλλά
971 3542 1110 3613 μετά
1157 3543 1355 3598 πολλοῦ
1402 3545 1498 3599 τοῦ
1541 3549 1696 3602 τόνου
1738 3549 1834 3601 καὶ

239 3627 531 3697 προθυμίᾳ
561 3624 759 3697 ζεούσῃ
791 3627 977 3696 εὐχαῖς
1003 3627 1097 3680 καλ⁸
1137 3626 1330 3697 ὕμνοις
1369 3631 1534 3699 ίεροῖς
1568 3633 1832 3704 ἐνδιατρί-

237 3710 360 3763 ϐειν
388 3707 680 3780 διηνεκῶς,
711 3710 857 3778 ἡμᾶς
889 3709 944 3762 δὲ
977 3711 1037 3762 οὑ
1077 3711 1294 3782 μικρὸν,
1322 3713 1384 3764 ού
1413 3714 1557 3783 μέγα
1583 3715 1691 3768 τῶν
1723 3718 1834 3770 ἀπ-

235 3791 641 3863 ηριθμημένων
669 3791 1073 3862 ὑπομείναντας
1110 3795 1320 3859 παθῶν,
1365 3795 1451 3850 διά
1482 3797 1700 3868 καῦμα,
1739 3799 1834 3851 καὶ

236 3889 456 3960 θέρμην
481 3887 740 3959 βραχεῖαν
768 3889 863 3941 καὶ
895 3888 1115 3959 ἱδρῶτα,
1143 3889 1244 3959 τῆς
1271 3891 1481 3954 οίκείας
1501 3893 1683 3946 αὐτῶν
1703 3896 1833 3964 ἀμε-

234 3981 354 4033 λεῖν
388 3980 700 4050 σωτηρίας,
738 3980 831 4032 καὶ
862 3979 961 4043 τὰς
995 3980 1242 4046 συνάξεις
1271 3983 1505 4051 ἀφέντας
1534 3984 1640 4050 ἔξω
1692 3985 1829 4038 πλα-

235 4072 474 4136 νᾶσθαι,
527 4071 807 4139 συλλόγοις
849 4073 1387 4144 προσφθειρομένους
1417 4076 1570 4130 οὐδὲν
1616 4077 1832 4148 ἔχουσιν

235 4163 429 4233 ὑγιές;
465 4161 716 4233 Τοσαύτη
748 4162 938 4234 δρόσος
975 4164 1082 4216 τῶν
1110 4163 1269 4216 θείων
1293 4165 1611 4234 λογίων,καὶ
1641 4168 1834 4241 καῦμα

236 4255 564 4330 προϐάλλῃ;
599 4254 668 4308 Τὸ
704 4253 859 4322 ὕδωρ
881 4295 896 4321 ,
947 4254 978 4307 ὃ
1009 4255 1124 4325 ἐγὼ
1174 4255 1345 4311 δώσω
1389 4259 1571 4326 αὐτῷ,
1607 4263 1772 4332 φησὶν
1803 4265 1832 4316 6

233 4351 501 4421 Χριστὸς,
534 4349 850 4420 γενήσεται
892 4351 962 4404 ἐν
1003 4350 1164 4417 αὐτῷ
1198 4353 1360 4422 πηγὴ
1392 4353 1611 4422 ὕδατος
1650 4357 1832 4410 ἀλλο-

229 4446 428 4516 μένου
469 4447 559 4510 εὶς
583 4441 736 4521 ζωὴν
766 4443 1024 4497 αἰώνιον·
1061 4445 1155 4498 καὶ
1203 4446 1389 4512 πάλιν,
1434 4447 1487 4499 '0
1529 4450 1832 4504 πιστεύων

232 4542 320 4603 είς
346 4536 478 4604 ἐμὲ,
506 4535 700 4602 καθὼς
746 4532 917 4590 εἶπεν
965 4539 1004 4605 ή
1045 4538 1280 4606 Γραφὴ,
1310 4541 1562 4610 ποταμοὶ
1613 4543 1681 4596 ἐκ
1719 4542 1830 4611 τῆς

235 4629 479 4693 κοιλίας
509 4627 696 4680 αὑτοῦ
729 4628 1067 4695 ῥεύσουσιν
1101 4629 1321 4696 ὕδατος
1352 4630 1587 4698 ζῶντος.
1638 4635 1830 4704 Πηγὰς

235 4715 407 4785 ἔχων,
445 4714 568 4767 είπέ
597 4731 708 4784 μοι,
745 4716 840 4768 καὶ
872 4718 1150 4786 ποταμοὺς
1186 4725 1608 4790 πνευματικοὺς,
1642 4723 1828 4794 καῦμα

231 4807 489 4869 δέδοικας
511 4807 789 4879 αῖσθητόν;
821 4809 910 4862 ἐπὶ
935 4808 1004 4862 ’δὲ
1038 4811 1146 4881 τῆς·
1167 4812 1389 4882 ἀγορᾶς,
1417 4815 1538 4866 είπέ
1567 4833 1676 4884 μοι,
1700 4815 1827 4869 ἔνθα

234 4896 501 4959 τοσοῦτος
537 4895 764 4966 θόρυϐος
799 4898 894 4950 καὶ
929 4900 1264 4970 στενοχωρία
1306 4902 1402 4955 καὶ
1435 4903 1602 4967 πολὺς
1630 4903 1658 4954 ὁ
1691 4907 1829 4959 καύ·

237 5005 376 5049 σων,
417 4985 538 5049 πῶς
569 4986 630 5039 ού
667 4985 942 5057 προϐάλλῃ
979 4991 1168 5056 πνῖγος
1210 4990 1303 5042 καὶ
1336 4990 1580 5063 θέρμην;
1612 4994 1686 5046 Οὐ
1722 4994 1831 5067 γὰρ

233 5077 303 5149 δὴ
325 5076 490 5130 τοῦτο
520 5075 662 5146 ἔχεις
693 5077 758 5130 ἂν
779 5080 974 5144 εἰπεῖν,
999 5079 1080 5130 ότι
1113 5081 1230 5132 ἐκεῖ
1257 5081 1355 5150 μὲν
1372 5080 1714 5154 ψυχροτέρας
1733 5087 1832 5156 τῆς

232 5169 335 5223 τοῦ
376 5167 541 5239 ἀέρος
572 5167 786 5236 φύσεως
815 5168 961 5222 ἐστιν
991 5169 1305 5237 ἀπολαύειν,
1335 5172 1568 5227 ἐνταῦθα
1601 5175 1657 5228 δέ
1685 5176 1831 5229 ἀπαν

233 5262 374 5330 ἡμῖν
394 5259 662 5328 συνῆκται
671 5259 732 5311 τὸ
746 5262 956 5328 πνῖγος,
977 5261 1114 5315 ἀλλά
1131 5263 1238 5316 πᾶν
1250 5265 1580 5330 τούναντίον,
1599 5267 1832 5321 ἐνταῦθα

237 5353 348 5421 μὲν
381 5350 480 5404 καὶ
519 5350 626 5403 ἀπὸ
653 5351 755 5421 τῆς
785 5352 1152 5425 ὑποκειμένης
1196 5356 1422 5420 πλακὸς,
1459 5358 1552 5410 καὶ
1587 5359 1694 5410 ἀπὸ
1733 5360 1832 5430 τῆς

233 5442 414 5512 ἄλλης
429 5439 524 5493 τοῦ
547 5440 696 5494 οἴκου
714 5443 1060 5514 κατασκευῆς
1083 5451 1100 5514 (
1121 5447 1215 5498 καὶ
1231 5448 1338 5518 γὰρ
1354 5449 1432 5509 είς
1457 5447 1588 5518 ὕψος
1605 5449 1834 5519 ἀνέστη-

235 5550 339 5586 κεν
373 5530 617 5602 ἀφατον)
659 5533 988 5605 κουφότερος
1013 5535 1106 5588 καὶ
1137 5536 1471 5608 ψυχρότερος
1502 5541 1530 5592 6
1557 5542 1687 5611 ἀήρ·
1719 5541 1835 5592 ἐκεῖ

233 5624 295 5677 δὲ
323 5623 496 5686 πολὺς
529 5623 628 5694 μὲν
657 5624 808 5695 ἥλιος
831 5626 1130 5698 πανταχοῦ,
1154 5628 1322 5698 πολλὴ
1353 5629 1411 5680 δέ
1439 5631 1470 5698 ἡ
1502 5631 1834 5701 στενοχωρία

236 5716 342 5768 καὶ
383 5715 590 5780 καπνὸς
617 5718 712 5770 καὶ
735 5718 904 5783 κόνις,
947 5719 1041 5772 καὶ
1069 5719 1233 5792 ἕτερα
1257 5720 1438 5790 πολλῷ
1468 5721 1688 5776 πλείονα
1714 5723 1834 5775 τού-

237 5825 359 5860 των
390 5808 730 5863 ἐπιτείνοντα
761 5808 860 5882 τὴν
891 5810 1103 5882 ἀηδίαν.
1139 5811 1302 5865 ’Ὅθεν
1338 5811 1518 5883 δῆλον,
1553 5815 1636 5867 ὅτι
1673 5815 1831 5886 ρᾳθυ-

1200 399 1265 454 ΙΝ
1304 398 1534 464 ILLUD,
1576 397 1636 453 SI
1669 396 2047 454 ESURIERIT
2088 397 2415 460 INIMICHS,
2461 399 2612 455 ETC.
3388 396 3494 451 176

1925 511 2054 580 μίας
2083 515 2178 566 καὶ
2206 512 2383 583 ψυχῆς
2420 513 2879 576 ἀναπεπτωκυίας
2908 514 3002 565 καὶ
3043 512 3143 582 τῆς
3190 511 3282 564 τοῦ
3326 513 3463 565 me;

1923 618 2092 671 ματος
2120 601 2316 670 φλογὸς
2349 603 2800 674 ἀπεστερημένης
2833 595 2990 653 αὕται
3020 601 3074 653 αί
3112 601 3408 670 προφάσεις
3440 602 3494 653 αδ

1920 694 2124 762 ἄλογοι.

1988 785 2250 855 γ’.Ταῦτα
2267 785 2387 856 οὐχὶ
2407 785 2543 855 πρὸς
2561 785 2802 847 ἐκείνους
2816 786 3069 838 τοσοῦτον
3085 785 3499 853 ἀποτεινόμενος

1919 881 2065 948 λέγω
2091 879 2206 940 νῦν,
2237 880 2360 932 ὅσον
2407 879 2544 948 πρὸς
2576 879 2720 948 ὑμᾶς
2753 880 2879 942 τοὺς
2912 879 3011 931 οὐκ
3042 879 3456 948 ἐπισπωμένους
3484 919 3497 940 ,

1919 975 2047 1037 τοὺς
2071 975 2170 1027 οὐκ
2197 973 2530 1035 ἁνιστῶντας
2561 973 2756 1036 αὑτοὺς
2786 972 2893 1026 ἀπὸ
2921 973 3020 1042 τῆς
3054 971 3326 1042 ῥᾳθυμίας
3346 1013 3361 1036 ,
3407 973 3503 1024 καὶ

1925 1067 2060 1137 πρὸς
2090 1066 2188 1137 τὴν
2224 1066 2498 1136 σωτηρίαν
2532 1064 2736 1134 ταύτην
2769 1064 3027 1126 ἕλκοντας
3059 1061 3354 1134 τράπεζαν.
3390 1063 3501 1115 Καὶ⁸

1920 1155 2130 1208 οἰκέται
2165 1155 2265 1225 μὲν
2310 1155 2497 1225 κοινὴν
2540 1153 2826 1224 μέλλοντες
2865 1150 3173 1221 ἐκπληροῦν
3205 1151 3498 1209 διακονίαν,

1921 1251 2047 1313 τοὺς
2075 1247 2258 1301 αὐτῶν
2292 1247 2610 1310 συνδούλους
2652 1245 2926 1300 καλοῦσιν’
2971 1246 3132 1315 ὑμεῖς
3171 1245 3227 1298 δὲ
3275 1245 3368 1297 ἐπὶ
3404 1245 3504 1314 τὴν

1922 1341 2296 1413 πνευματικὴν
2323 1341 2527 1412 ταύτην
2562 1340 2846 1411 μέλλοντες
2884 1340 3132 1409 ἀπαντᾷν
3180 1338 3503 1408 ὑπηρεσίαν,

1923 1435 2214 1505 περιορᾶτε
2247 1435 2374 1497 τοὺς
2401 1431 2723 1503 ὁμοδούλους
2761 1431 2853 1483 τοῦ
2895 1431 3120 1501 κέρδους
3166 1430 3504 1498 ἀποστερου-

1928 1531 2140 1598 μένους.
2199 1527 2263 1579 Τί
2309 1520 2423 1590 οὖν,
2465 1527 2514 1578 εί
2565 1525 2638 1595 μὴ
2686 1522 2990 1592 βούλοιντο,
3048 1521 3216 1592 φησί;
3274 1520 3505 1588 Ποίησον

1926 1622 2122 1685 αὐτοὺς
2161 1621 2488 1692 βουληθῆναι
2522 1624 2588 1692 τῇ
2633 1624 2849 1692 συνεχεῖ
2891 1620 3216 1692 προσεδρείᾳ
3239 1634 3251 1647 ο
3296 1617 3362 1670 ἀν
3397 1618 3506 1687 γὰρ

1930 1712 2110 1764 ῑδωσιν
2179 1711 2562 1782 ἐπικειμένους
2617 1713 2798 1784 ἡμᾶς,
2857 1711 3075 1773 πάντως
3130 1708 3502 1780 βουλήσονται.

1941 1804 2101 1859 ’Δλλὰ
2131 1804 2237 1877 γὰρ
2271 1805 2471 1874 σκῆψις
2511 1805 2685 1858 ταῦτα
2719 1805 2811 1858 καὶ
2849 1806 3138 1874 πρόφασις.
3179 1803 3342 1855 Πόσοι
3375 1803 3506 1870 γοῦν

1927 1896 2161 1951 ἐνταῦθα
2194 1898 2430 1968 πατέρες
2455 1899 2560 1951 είσὶ
2586 1899 2680 1951 καὶ
2707 1901 2833 1963 τοὺς
2863 1899 3012 1961 υίοὺς
3045 1898 3145 1950 οὐκ
3173 1896 3352 1967 έχουσι
3387 1895 3505 1966 μεθ’

1926 1995 2133 2050 ἑαυτῶν
2162 1997 2438 2063 ἐστῶτας;
2477 1997 2551 2069 μὴ
2593 1999 2685 2050 καὶ
2721 1997 2828 2050 τῶν
2856 1997 3064 2049 τέκνων
3095 1993 3506 2048 ἐπισπάσασθαί

1929 2105 2010 2141 σοι
2058 2087 2312 2142 δύσκολον
2353 2084 2448 2160 ἦνς
2485 2089 2646 2142 Ὅθεν
2676 2090 2834 2160 δῆλον
2872 2090 2954 2142 ὅτι
3004 2087 3096 2141 καὶ
3137 2090 3184 2140 οί
3220 2086 3396 2138 λοιποὶ
3445 2087 3505 2137 οὑ

1928 2181 2080 2252 παρὰ
2113 2181 2209 2252 τὴν
2248 2183 2456 2235 οἰκείαν
2500 2182 2773 2254 ρᾳθυμίαν
2818 2182 2997 2252 μόνον,
3048 2180 3184 2233 ἀλλά
3231 2179 3325 2232 καὶ
3356 2179 3506 2249 παρά

1926 2270 2024 2342 τὴν
2059 2273 2328 2343 ὑμετέραν
2358 2273 2660 2342 ὑπεροψίαν
2691 2273 2794 2337 ἔξω
2832 2273 3102 2342 μένουσιν.
3151 2269 3294 2322 Ἀλλ’
3334 2269 3381 2321 εἰ
3415 2269 3508 2321 καὶ

1932 2363 2006 2435 μὴ
2041 2364 2328 2435 πρότερον,
2356 2365 2452 2420 νῦν
2496 2366 2626 2434 γοῦν
2675 2365 3029 2435 διανάστητε,
3081 2362 3175 2415 καὶ¹
3230 2361 3368 2433 μετὰ
3413 2359 3506 2414 τοῦ

1932 2455 2126 2525 μέλους
2151 2455 2380 2520 ἕκαστος
2406 2459 2484 2520 είς
2502 2457 2603 2528 τὴν
2627 2455 2918 2525 ἐκκλησίαν
2947 2454 3181 2516 είσιέτω,
3211 2454 3305 2506 καὶ
3327 2452 3508 2522 πατὴρ

1929 2549 2063 2608 υίὸν,
2093 2549 2188 2601 καὶ
2215 2548 2329 2612 υίὸς
2350 2548 2439 2601 τὸν
2462 2549 2851 2618 γεγεννηκότα,
2877 2549 2972 2600 καὶ
2999 2549 3267 2616 γυναῖκας
3293 2546 3506 2616 ἀνδρες,

1931 2641 2025 2692 καὶ
2054 2639 2252 2710 ἄνδρας
2272 2643 2551 2708 γυναῖκες,
2584 2641 2678 2693 καὶ
2699 2639 2966 2709 δεσπότης
2994 2638 3200 2703 δοῦλον,
3235 2639 3326 2690 καὶ
3356 2636 3511 2689 ἀδελ-

1933 2733 2030 2801 φὸς
2056 2731 2206 2804 [161]
2234 2732 2482 2801 ἀδελφὸν,
2513 2733 2608 2786 καὶ
2639 2731 2790 2800 φίλος
2826 2732 2977 2802 φίλον
3007 2730 3383 2800 διεγειρόντων
3414 2729 3509 2781 καὶ

1932 2822 2342 2895 παρορμώντων
2383 2824 2520 2895 πρὸς
2551 2824 2649 2894 τὴν
2682 2824 2917 2877 ἐνταῦθα
2949 2823 3184 2876 σύνοδον·
3222 2821 3420 2892 μᾶλλον
3452 2821 3508 2872 δὲ

1935 2916 2007 2987 μὴ
2031 2917 2157 2979 τοὺς
2181 2917 2366 2985 φίλους
2397 2916 2576 2979 μόνον,
2609 2915 2746 2968 ἀλλὰ
2793 2917 3036 2978 καὶτοὺς
3068 2914 3296 2985 ἐχθροὺς
3333 2913 3511 2966 καλῶε

1935 3026 2034 3078 μεν
2066 3009 2161 3062 ἐπὶ
2201 3008 2293 3061 τὸν
2342 3008 2516 3061 κοινὸν
2559 3007 2748 3060 τοῦτον
2794 3007 2902 3060 τῶν
2949 3006 3169 3075 ἀγαθῶν
3215 3003 3504 3074 θησαυρόν.

1937 3101 2033 3154 ’Ἂν
2069 3100 2152 3171 ίδῃ
2197 3117 2291 3152 σου
2319 3099 2416 3171 τὴν
2459 3099 2714 3171 πρόνοιαν
2757 3103 2785 3153 6
2818 3099 3038 3171 ἐχθρὸς,
3082 3095 3372 3152 καταλύσει
3412 3095 3510 3166 τὴν

1932 3192 2230 3262 ἀπέχθειαν
2263 3194 2499 3255 πάντως.

2004 3285 2138 3338 Εἰπέ
2184 3285 2319 3356 πρὸς
2368 3284 2565 3337 αὑτόν·
2603 3282 2722 3337 Οὐκ
2751 3281 2978 3353 αἰσχύνῃ
3038 3282 3337 3346 Ἰουδαίους,
3389 3283 3511 3336 ούδέ

1933 3377 2215 3447 ἐρυθριᾷς,
2253 3374 2302 3427 οἳ
2343 3375 2480 3445 μετά
2523 3373 2789 3444 τοσαύτης
2829 3374 3112 3446 ἀκριϐείας
3161 3373 3222 3427 τό
3249 3375 3510 3428 σάϐϐατον

1934 3468 2296 3538 φυλάττουσι,
2324 3468 2419 3520 καὶ
2460 3467 2568 3520 ἀπὸ
2593 3467 2692 3537 τῆς
2721 3468 2959 3538 ἑσπέρας
3007 3466 3180 3536 αὐτῆς
3211 3468 3390 3535 πάσης
3423 3469 3514 3539 ἐρ-

1931 3561 2126 3628 γασίας
2154 3559 2508 3627 ἀφίστανταις
2539 3558 2655 3612 Κᾶν
2682 3559 2834 3612 ἴδωσι
2855 3559 2946 3611 τὸν
2970 3558 3118 3629 ἥλιον
3143 3559 3275 3628 πρὸς
3305 3558 3514 3628 δυσμὰς

1933 3651 2285 3721 ἐπειγόμενον
2317 3653 2375 3704 ἐν
2403 3654 2468 3722 τῇ
2499 3651 2600 3720 τῆς
2637 3651 2992 3721 παρασκευῆς
3020 3652 3223 3722 ἡμέρα,
3253 3653 3346 3704 καὶ
3376 3668 3514 3721 συμ-

1934 3740 2126 3792 ϐόλαια
2164 3739 2514 3792 διακόπτουσι
2538 3783 2550 3805 ,
2583 3741 2678 3793 καὶ
2725 3740 2956 3810 πράσεις
2998 3741 3372 3811 διατέμνουσν
3409 3742 3513 3794 xiv

1934 3831 2235 3901 πριάμενός
2287 3847 2371 3893 τις
2433 3833 2564 3901 παρ’
2610 3830 2788 3883 αὐτῶν
2847 3831 2955 3901 πρὸ
3001 3831 3100 3900 τῆς
3154 3831 3408 3902 ἑσπέρας,
3457 3834 3513 3882 ἐν

1933 3923 2141 3994 ἑσπέρᾳ
2170 3923 2268 3992 τὴν
2300 3921 2467 3992 τιμὴν
2490 3921 2620 3992 ἔλθῃ
2660 3922 2921 3992 κομίζων,
2953 3923 3052 3976 οὑκ
3100 3923 3382 3992 ἀνέχονται
3421 3922 3515 3975 λα-

1935 4016 2070 4080 ϐεῖν,
2119 4016 2238 4068 οὐδὲ
2287 4015 2647 4079 ὑποδέξασθαι
2694 4016 2753 4068 τὸ
2801 4017 3079 4088 ἀργύριον.
3119 4017 3229 4069 Καὶ
3274 4017 3325 4068 τί
3373 4015 3515 4084 λέγω

1933 4107 2098 4177 τιμὴν
2129 4105 2305 4160 ὠνίων
2335 4107 2427 4159 καὶ
2462 4106 2796 4176 συμϐόλαια;
2832 4106 2933 4160 κᾶν
2973 4108 3242 4178 θησαυρὸν
3267 4107 3392 4178 ἐξῆν
3421 4108 3515 4161 λα-

1933 4198 2069 4260 ϐεἰν,
2103 4197 2292 4250 ἓλοιντ’
2332 4196 2398 4249 ἂν
2426 4197 2688 4250 ἀπολέσαι
2717 4197 2778 4250 τὸ
2817 4198 3028 4268 κέρδος,
3068 4199 3100 4269 ἢ
3131 4200 3514 4270 καταπατῆσαι

1934 4290 2024 4342 τὸν
2057 4289 2240 4359 νόμον.
2288 4285 2422 4342 Εἶτα
2469 4289 2710 4341 Ἰουδαῖοι
2759 4290 2877 4357 μὲν,
2923 4291 3222 4345 καὶταῦτα
3271 4293 3516 4364 ἀκαίρως

1931 4376 2226 4448 τηροῦντες
2260 4377 2353 4428 τὸν
2386 4377 2551 4446 νόμον
2589 4375 2762 4439 οὕτως
2799 4377 2937 4428 εἰσὶν
2964 4379 3209 4449 ἀκριϐεῖς
3231 4422 3244 4444 ,
3276 4381 3370 4433 καὶ
3419 4399 3518 4450 φυ-

1932 4469 2105 4538 λακῆς
2131 4468 2448 4538 ἀντέχονται
2474 4469 2628 4522 ούδέν
2662 4470 2860 4532 αὑτοὺς
2881 4470 3218 4542 ὠφελούσης,
3249 4473 3386 4526 ἀλλά
3421 4475 3516 4528 καὶ

1934 4563 2442 4634 καταϐλαπτούσης·
2480 4566 2542 4618 σὺ
2571 4565 2647 4624 δὲ,
2679 4565 2706 4616 6
2738 4565 2836 4634 τῆς
2876 4568 3034 4628 σκιᾶς
3060 4567 3348 4638 ἀνώτερος,
3375 4571 3403 4622 6
3427 4571 3516 4623 τὸν

1932 4648 2084 4717 ἥλιον
2114 4648 2214 4718 τῆς
2245 4646 2595 4718 δικαιοσύνης
2623 4647 2751 4700 ἰδεῖν
2784 4649 3143 4713 καταξιωθεὶς
3161 4689 3176 4714 ,
3204 4653 3231 4703 6
3261 4652 3396 4720 πρὸς
3417 4653 3516 4722 τὴν

1932 4732 2040 4784 τῶν
2069 4730 2314 4801 οὐρανῶν
2360 4730 2636 4783 πολιτείαν
2661 4731 2854 4794 τελῶν,
2884 4732 3006 4784 οὑδέ
3042 4733 3143 4801 τὴν
3179 4733 3349 4802 αὐτὴν
3378 4736 3518 4787 ἐκεί-

1932 4834 2044 4880 νοις
2077 4817 2447 4870 ἐπιδείκνυσαι
2472 4816 2711 4887 σπουδὴν
2729 4820 2839 4879 τοῖς
2857 4819 2924 4887 τῇ
2947 4817 3114 4888 κακίᾳ
3135 4819 3515 4888 προσεδρεύου-

1935 4917 2018 4954 σιν
2044 4900 2288 4970 ἀκαίρως
2309 4940 2325 4964 ,
2353 4902 2382 4952 6
2419 4899 2517 4971 τὴν
2543 4900 2802 4970 ἀλήθειαν
2830 4900 3212 4972 ἐγχειρισθεὶς,
3257 4901 3392 4955 ἀλλά
3431 4921 3518 4972 μι-

1933 4984 2063 5054 κρὸν
2101 4983 2265 5054 μέρος
2292 4983 2506 5054 ἡμέρας
2540 4983 2774 5038 ἐνταῦθα
2813 4984 3166 5054 καλούμενος,
3212 4985 3330 5038 οὑδέ
3362 4985 3519 5038 τοῦτο

1936 5067 2230 5137 ὑπομένεις
2273 5067 2550 5120 ἀναλῶσαι
2596 5067 2733 5139 πρὸς
2763 5068 2862 5140 τὴν
2903 5067 3012 5120 τῶν
3051 5067 3213 5121 θείων
3257 5069 3518 5140 ἀκρόασιν

1933 5152 2162 5221 λογίων;
2190 5151 2282 5203 καὶ
2315 5150 2475 5214 ποίας
2513 5152 2580 5205 ἂν
2617 5150 2802 5222 τύχοις
2845 5150 3198 5224 συγγνώμης,
3235 5154 3355 5207 εἰπέ
3392 5171 3514 5224 μοις

1933 5235 2052 5288 τίνα
2076 5236 2133 5288 δὲ
2173 5233 2314 5298 ἐξεις
2351 5234 2648 5302 ἀπολογίαν
2680 5237 2854 5288 εἰπεῖν
2877 5234 3098 5304 εὔλογον
3133 5237 3226 5289 καὶ
3273 5236 3514 5300 δικαίαν;

1935 5321 2045 5374 Οὑκ
2087 5320 2255 5382 ἐστιν,
2304 5319 2404 5372 οὐκ
2442 5318 2557 5372 ἐστι
2595 5318 2685 5372 τὸν
2729 5319 2902 5382 οὕτως
2925 5319 3101 5391 ἀμελῆ
3147 5321 3243 5373 καὶ
3273 5321 3518 5391 ῥᾴθυμον

1937 5404 2265 5476 συγγνώμης
2294 5406 2474 5474 τυχεῖν
2504 5422 2655 5464 ποτε,
2689 5405 2792 5458 κᾶν
2819 5407 3078 5477 μυριάκις
3110 5407 3355 5474 ἀνάγκας
3381 5423 3516 5476 προ-

1936 5489 2197 5558 ϐάλληται
2233 5488 2575 5560 πραγμάτων
2621 5488 2911 5558 βιωτικῶν.
2956 5490 3071 5543 Οὐκ
3103 5485 3274 5552 οἶδας,
3313 5490 3392 5541 ὅτι
3421 5488 3518 5540 ἐὰν

1935 5571 2104 5624 ἐλθὼν
2125 5574 2509 5643 προσκυνήσῃς
2536 5571 2626 5625 τὸν
2663 5572 2819 5636 Θεὸν,
2848 5573 2942 5625 καὶ
2973 5575 3253 5643 μετάσχῃς
3295 5571 3396 5640 τῆς
3433 5572 3519 5622 ὲν-

1933 5651 2104 5704 ταῦθα
2131 5651 2434 5722 διατριϐῆς,
2469 5652 2668 5721 μᾶλλόν
2705 5669 2785 5706 σοι
2820 5652 2888 5704 τὰ
2921 5655 2978 5705 ἐν
3001 5654 3184 5723 χερσὶν
3222 5647 3516 5720 εὑμαρίζε-

1933 5753 2022 5788 ται
2055 5736 2394 5805 πράγματας
2427 5736 2694 5798 Βιωτικάς
2717 5735 2862 5806 ἔχεις
2895 5737 3216 5808 φροντίδαςς
3259 5733 3357 5788 Διά
3382 5733 3516 5786 ταύ-

1935 5836 2030 5881 τας
2077 5819 2173 5889 μέν
2223 5815 2314 5872 οὖν
2365 5818 2596 5872 ἐνταῦθα
2647 5818 2979 5889 ἀπάντησον,
3030 5820 3114 5871 ἵνα
3159 5817 3256 5890 τὴν
3306 5815 3518 5871 εὔνοιαν
