3964 6342
473 452 568 508 177

460 564 901 634 ἐπισπασάμενος
937 564 1029 618 τοῦ
1066 565 1202 619 Θεοῦ
1228 564 1316 618 διὰ
1349 564 1449 635 τῆς
1478 558 1712 615 ἐνταῦθα
1731 552 2033 625 διατριϐῆς,

460 665 603 721 οὕτω
630 666 747 735 μετ’
770 664 1070 733 ἀσφαλείας
1092 664 1334 738 ἐξέλθῃςσ
1360 664 1447 716 ἵνα
1474 660 1605 731 ἑχῃς
1634 656 1794 712 αὐτὸν
1825 653 2039 723 σύμμα-

458 780 573 833 χον,
609 761 698 814 ἵνα
735 759 1171 829 ἀκαταγώνιστος
1202 761 1336 832 γένῃ
1365 759 1476 822 τοῖς
1515 755 1765 825 δαίμοσιν
1806 750 1910 805 ὑπὸ
1936 749 2038 818 τῆς

458 861 663 917 ἀνωθεν
700 859 1057 931 βοηθούμενος
1105 861 1306 932 χειρός.
1355 860 1452 911 "Av
1503 855 1814 929 ἀπολαύσῃς
1863 852 2038 921 εὐχῶν

457 957 760 1029 πατρικῶν,
808 958 872 1012 ἂν
907 958 1182 1031 μετάσχῃς
1224 957 1411 1026 κοινῆς
1443 955 1639 1025 εὐχῆς,
1687 954 1755 1007 ἂν
1798 951 2039 1023 ἀκούσῃς

457 1056 617 1110 θείων
648 1057 865 1126 λογίων,
898 1056 964 1110 ἂν
1003 1058 1283 1129 ἐπισπάσῃ
1323 1056 1419 1111 τοῦ
1460 1053 1595 1109 Θεοῦ
1624 1054 1723 1126 τὴν
1765 1053 2035 1123 βοήθειαν,

458 1153 525 1206 ἂν
572 1153 781 1216 τούτοις
826 1156 937 1217 τοῖς
974 1153 1159 1217 ὅπλοις
1192 1154 1537 1224 φραξάμενος
1577 1150 1749 1213 οὕτως
1791 1147 2035 1219 ἐξέλθῃς,

458 1249 578 1302 οὐδὲ
611 1250 773 1313 αὐτὸς
799 1250 829 1302 6
859 1249 1100 1314 διάϐολος
1130 1248 1446 1317 ἀντιϐλέψαι
1490 1245 1775 1316 δυνήσεταί
1809 1262 1891 1298 σοι
1927 1245 2038 1298 λοι-

459 1344 579 1407 πὸν,
613 1346 743 1416 μήτι
777 1361 839 1413 γε
874 1345 1148 1417 ἀνθρωποι
1196 1344 1438 1413 πονηροὶ,
1474 1342 1864 1407 σπουδάζοντες
1897 1340 2036 1411 ἐπη-

462 1440 677 1512 ρεάζειν
704 1440 798 1494 καὶ
832 1442 1206 1511 συκοφαντεῖν.
1253 1440 1351 1493 Ἂν
1377 1440 1435 1492 δέ
1474 1438 1581 1492 ἀπὸ
1610 1438 1709 1508 τῆς
1739 1436 1915 1500 οίκίας
1942 1437 2035 1489 ἐπὶ

457 1536 556 1608 τὴν
586 1537 794 1609 ἀγοράν
836 1537 1017 1611 ἑλθῃς.
1049 1536 1253 1608 γυμνὸς
1278 1535 1387 1589 τῶν
1416 1533 1596 1588 ὃπλων
1639 1533 1845 1587 τούτων
1876 1534 2035 1603 εὐρε-

458 1633 593 1699 θεὶς,
631 1634 956 1705 εὐχείρωτος
988 1633 1088 1707 ἑσῃ
1113 1635 1227 1697 τοῖς
1261 1631 1658 1705 ἐπηρεάζουσιν
1700 1632 1892 1688 ἀπασι.
1937 1632 2036 1684 Διά

456 1729 613 1785 τοῦτο
656 1730 826 1784 πολλά
860 1731 955 1784 καὶ
1005 1730 1064 1784 ἐν
1094 1732 1207 1794 τοῖς
1256 1732 1457 1793 κοινοῖς
1489 1728 1583 1782 καὶ
1628 1729 1684 1781 ἐν
1729 1732 1843 1792 τοῖς
1886 1731 2035 1799 ἰδίοις

457 1827 746 1899 πράγμασι
788 1827 940 1899 παρά
972 1826 1199 1899 γνώμην
1239 1828 1374 1897 ἡμῖν
1403 1826 1620 1897 ἀπαντᾷ
1644 1865 1660 1891 ,
1691 1826 1773 1879 ὅτι
1809 1827 1868 1880 οὐ
1905 1831 2035 1900 περὶ

453 1924 524 1978 τά
550 1924 895 1995 πνευματικά
919 1922 1136 1996 πρῶτον
1169 1923 1607 1993 ἐσπουδάκαμεν,
1637 1924 1732 1977 καὶ
1757 1923 1879 1977 τότε
1906 1927 2034 1998 περὶ

452 2021 520 2075 τά
545 2020 789 2091 βιωτικά,
810 2020 937 2074 ἀλλ’
959 2020 1405 2091 ἀντεστρέψαμεν
1428 2018 1526 2091 τὴν
1553 2019 1727 2083 τάξιν.
1754 2019 1851 2073 Διά
1876 2020 2036 2077 τοῦτο

452 2116 548 2171 καὶ
578 2118 612 2188 ή
655 2117 765 2171 τῶν
807 2117 1147 2190 πραγμάτων
1188 2115 1476 2170 ἀκολουθία
1517 2114 1614 2169 καὶ
1644 2115 1875 2186 εὐθύτης
1903 2118 2033 2173 ἀντ-

451 2211 758 2285 έστραπται
776 2254 791 2280 ,
820 2214 914 2267 καὶ
934 2213 1137 2284 πολλῆς
1164 2215 1298 2284 ἡμῖν
1325 2212 1541 2267 ἅπαντα
1587 2212 1748 2284 γέμει
1768 2216 2029 2286 ταραχῆς.

449 2303 578 2369 Πῶς
607 2304 784 2358 οἴεσθέ
820 2322 887 2376 με
917 2304 1203 2359 ὀδυνᾶσθαι
1237 2304 1330 2359 καὶ
1358 2304 1561 2373 ἀλγεῖν,
1591 2305 1721 2358 ὅταν
1754 2305 1993 2378 ἐννοήσω
2014 2345 2031 2373 ,

448 2404 531 2457 δτι
566 2402 928 2474 πανηγύρεως
958 2402 1055 2474 μὲν
1081 2402 1176 2457 καὶ
1216 2402 1410 2473 ἑορτῆς
1435 2402 1755 2473 ἐπιστάσης,
1786 2402 1891 2457 κᾶν
1930 2421 2034 2475 μη-

447 2498 558 2565 δεὶς
581 2500 610 2553 ό
632 2495 904 2574 καλῶνῇ,
938 2500 1143 2570 πᾶσαή
1182 2499 1335 2562 πόλις
1370 2498 1688 2570 συντρέχει’
1733 2498 1885 2573 [16η
1922 2517 2034 2554 πα-

446 2597 729 2670 νηγύρεως
755 2597 811 2651 δέ
832 2598 925 2651 καὶ
950 2596 1146 2668 ἑορτῆς
1170 2594 1533 2665 ἀπελθούσης,
1561 2596 1664 2650 κᾶν
1691 2596 1908 2651 ἃπασαν
1930 2598 2033 2670 τὴν

445 2691 659 2767 ἡμέραν
680 2693 1078 2763 διατελέσωμεν
1108 2690 1535 2763 διαῤῥηγνύντες
1558 2692 1787 2757 ἑαυτοὺς
1810 2692 1904 2746 καὶ
1938 2711 2033 2748 κα-

443 2788 663 2853 λοῦντες
714 2790 879 2861 ὑμᾶς,
914 2788 1089 2851 οὐδεὶς
1122 2789 1151 2842 6
1191 2786 1475 2859 προσέχων
1507 2788 1625 2842 ἐστί
1651 2804 1666 2853 ;
1701 2787 1887 2842 Ταῦτα
1918 2789 2029 2861 γὰρ

443 2880 706 2946 πολλάκις
736 2881 795 2936 ἐν
834 2880 1041 2951 διανοίᾳ
1080 2878 1350 2950 στρέφων,
1381 2878 1632 2950 χαλεπῶς
1664 2881 2027 2948 ἀνεστέναξα,

444 2974 537 3028 καὶ
567 2974 703 3046 1:96;
733 2972 970 3045 ἐμαυτὸν
998 2966 1169 3026 εἷπον·
1203 2969 1269 3024 Τί
1294 2970 1375 3025 δεῖ
1402 2971 1799 3043 παραινέσεως,
1828 2973 1861 3044 ἢ
1893 2990 2030 3043 συμ-

443 3064 671 3136 ϐουλῆς,
720 3062 978 3132 συνηθείᾳ
1025 3059 1212 3124 ἀπλῶς
1247 3058 1464 3115 ἅπαντα
1504 3060 1801 3115 ποιούντων
1852 3063 2026 3134 ὑμῶν,

443 3155 536 3207 καλ⁹
567 3153 718 3208 οὐδὲν
744 3153 853 3207 ἀπὸ
883 3152 983 3223 τῆς
1024 3148 1372 3213 διδασκαλίας
1412 3150 1839 3222 προθυμοτέρων
1875 3170 2025 3222 γινο-

447 3245 621 3316 μένων
646 3246 746 3318 τῆς
773 3245 1080 3318 ὴμετέρας;
1114 3243 1284 3297 Ὅταν
1321 3241 1429 3315 γὰρ
1465 3244 1523 3297 ἐν
1553 3244 1767 3316 ἑορταῖς
1796 3246 1894 3316 μὲν
1924 3264 2029 3318 μη-

440 3339 528 3394 δέν
552 3339 781 3410 δεήσητε
811 3337 913 3409 τῆς
947 3334 1079 3408 παρ’
1119 3334 1277 3406 ἡμῶν
1327 3336 1723 3408 παραινέσεως,
1763 3338 2027 3393 ἀπελθοῦ-

442 3433 553 3487 σῶν
578 3432 636 3486 δὲ
670 3430 891 3485 ἐκείνων
922 3428 1089 3501 μηδὲν
1129 3428 1416 3500 ὠφελῆσθε
1445 3428 1596 3498 παρά
1631 3429 1730 3501 τῆς
1752 3431 2026 3504 ἡμετέρας

440 3521 806 3586 διδασκαλίας,
835 3520 957 3591 οὐχὶ
988 3519 1242 3593 περιττὸν
1274 3517 1434 3593 ἡμῶν
1457 3520 1789 3589 ἀποφαίνετε
1820 3522 1910 3577 τὸν
1942 3523 2028 3579 λό-

440 3631 557 3684 γον,
595 3613 658 3667 τό
685 3628 750 3681 γε
783 3612 863 3676 εἰς
897 3612 1042 3682 ὑμᾶς
1069 3606 1244 3685 ἦκον;

509 3707 570 3761 δ’.
585 3706 740 3777 Τάχα
755 3702 919 3773 ἀλγοῦ
927 3720 979 3757 σι
1002 3702 1187 3758 πολλοὶ
1205 3703 1316 3759 τῶν
1333 3702 1507 3759 ταῦτα
1533 3704 1861 3759 ἀκουόντων.
1880 3705 2021 3760 Ἀλλ’

437 3799 537 3871 οὐχ
563 3796 735 3861 οὕτως
773 3797 821 3851 οἰ
862 3793 1233 3867 ῥᾳθυμοῦντες
1282 3795 1500 3850 ἴσασινο
1543 3796 1592 3849 εί
1619 3796 1763 3867 γάρ,
1807 3797 1873 3852 ἂν
1913 3799 2023 3851 ἀπ-

438 3891 622 3947 έθεντο
644 3890 745 3962 τὴν
773 3887 1085 3958 ὀλιγωρίαν,
1108 3887 1185 3953 ὼς
1208 3900 1233 3929 ι
1252 3889 1412 3959 ἡμεῖς
1427 3890 1475 3943 οἰ
1499 3887 1621 3944 καθ’
1638 3890 1875 3961 ἑκάστην
1893 3892 2025 3962 ἠμέ-

439 4000 541 4055 ραν
559 3983 626 4038 τά
652 3981 896 4053 ὑμέτερα
930 3978 1322 4052 μεριμνῶντες.
1346 3980 1412 4033 Τί
1441 3979 1695 4034 τοσοῦτον
1722 3982 2025 4053 κερδαίνεις

437 4078 502 4131 ἐκ
526 4075 634 4130 τῶν
662 4073 859 4140 ἔξωθεν
887 4072 1249 4144 πραγμάτων,
1279 4072 1402 4126 ὅσον
1425 4072 1641 4143 ζημιοῖς
1661 4072 1884 4140 ἐαυτόν;
1910 4074 2023 4128 Οὐκ

436 4170 584 4225 εστιν
616 4168 673 4238 ἐξ
699 4169 890 4241 ἐτέρας
913 4166 1185 4234 συνάξεως
1222 4166 1256 4239 ῆ
1297 4167 1517 4222 συνόδου
1549 4167 1804 4224 τοσοῦτον
1831 4169 2022 4240 κέρδος

437 4261 697 4324 λαϐόντας
725 4259 1001 4324 ἀπελθεῖν,
1035 4260 1160 4314 ὅσον
1187 4259 1298 4314 ἀπὸ
1323 4259 1424 4331 τῆς
1454 4260 1690 4316 ἐνταῦθα
1711 4262 2018 4334 διατριϐῆς·

436 4352 537 4410 κᾶν
559 4352 904 4421 δικαστήριον
946 4350 1133 4422 λέγῃς,
1160 4349 1261 4405 κᾶν
1298 4350 1696 4423 βουλευτήριον,
1740 4354 1844 4408 κᾶν
1879 4355 2021 4410 αὐτά

434 4444 502 4502 τὰ
532 4441 795 4513 βασίλεια.
830 4441 905 4495 Οὐ
939 4441 1049 4514 γὰρ
1082 4441 1395 4511 οἰκονομίαν
1424 4442 1533 4496 τῶν
1567 4443 1738 4499 ἐθνῶν
1781 4445 1878 4499 καὶ
1915 4446 2017 4500 1:6-

432 4531 601 4595 λεων,
651 4531 770 4586 οὐδὲ
819 4524 1197 4603 στρατοπέδων
1242 4531 1568 4587 ἐπιστασίαν
1617 4536 1731 4599 τοῖς
1780 4535 2017 4593 ἐνταῦθα

431 4622 693 4679 εἰσιοῦσιν
726 4620 1125 4694 ἐγχειρίζομεν,
1167 4620 1285 4676 ἀλλ’
1329 4622 1524 4693 ἑτέραν
1567 4624 1741 4696 ἀρχὴν
1778 4627 1874 4683 καὶ
1916 4628 2017 4684 αὐ-

430 4716 531 4780 τῆς
557 4714 657 4783 τῆς
698 4712 975 4784 βασιλείας
1020 4713 1370 4783 σεμνοτέραν·
1409 4714 1609 4783 μᾶλλον
1634 4716 1692 4771 δέ
1724 4719 1821 4790 οὐχ
1852 4721 2014 4791 ἡμεῖς

430 4804 821 4877 ἐγχειρίζομεν,
857 4804 973 4860 ἀλλ’
1003 4804 1037 4876 ἡ
1064 4804 1158 4858 τοῦ
1190 4804 1504 4876 Πνεύματος
1531 4807 1710 4878 χάρις.

499 4898 595 4960 Τίς
626 4895 720 4951 οῦν
750 4898 899 4949 ἐστιν
932 4898 966 4967 ή
999 4895 1143 4967 ἀρχὴ
1177 4897 1211 4967 ἡ
1239 4896 1340 4966 τῆς
1371 4896 1650 4966 βασιλείας
1688 4901 2010 4973 σεμνοτέρα,

429 4988 496 5054 ην
546 4987 595 5039 οί
638 4986 875 5040 ἐνταῦθα
918 4986 1182 5049 εἰσιόντες
1239 4986 1606 5057 λαμϐάνουσι;
1657 4991 2011 5048 Παιδεύονται

428 5077 536 5132 τῶν
569 5076 785 5129 ἀτόπων
812 5080 1057 5147 κρατεῖν,
1084 5076 1389 5145 βασιλεύειν
1417 5078 1713 5150 ἐπιθυμίας
1741 5084 2007 5155 πονηρᾶς,

428 5169 618 5239 ἄρχειν
646 5168 835 5239 ὀργῆς,
868 5168 1199 5223 ἀποτάσσειν
1234 5169 1452 5239 φθόνον,
1488 5171 1807 5226 δουλοῦσθαι
1856 5191 2008 5228 κενο-

426 5258 628 5324 δοξίαν.
673 5262 788 5317 Οὐκ
818 5260 969 5319 ἑστιν
999 5262 1144 5317 οὕτω
1184 5263 1437 5339 βασιλεὺς
1464 5266 1682 5339 σεμνὸς,
1721 5269 1751 5322 6
1784 5268 1877 5323 ἐπὶ
1909 5268 2008 5323 τοῦ

428 5351 620 5424 θρόνου
655 5352 965 5425 καθήμενος
988 5353 1083 5408 τοῦ
1110 5355 1415 5426 βασιλικοῦ,
1445 5359 1540 5415 καὶ
1576 5358 1815 5431 διάδημα
1844 5377 2005 5432 περι.

427 5441 700 5511 κείμενος,
726 5442 803 5508 ὡς
830 5441 1118 5516 ἄνθρωπος
1137 5444 1230 5499 τὸν
1253 5446 1412 5517 όρθδν
1442 5448 1500 5501 ἐν
1528 5448 1708 5521 ἐαυτῷ
1740 5449 2004 5520 λογισμὸν

426 5533 519 5587 ἐπὶ
554 5531 645 5588 τὸν
677 5531 867 5606 θρόνον
911 5534 1010 5605 τῆς
1037 5535 1213 5608 ἀρχῆς
1257 5537 1365 5592 τῶν
1398 5537 1783 5613 δουλοπρεπῶν
1810 5539 2004 5596 παθῶν

490 5683 516 5713 ⁸
541 5683 737 5755 Qginos
750 5691 1122 5755 pracgsserpn:
1141 5687 1452 5755 Pari_siense;s
1476 5691 2001 5755 Operum_Cbrysoslo~

423 5745 488 5816 πεί
515 5746 733 5821 edi-tores
750 5746 1061 5824 hiurlncnlocudrh
1085 5751 1155 5797 sic
1171 5745 1850 5824 reﬁngepflum'cqnjigiuntv:
1867 5756 1999 5805 Ἀλλ’

421 5810 514 5867 οὐχ
553 5810 703 5880 οῦτως
745 5810 789 5884 οἰ
823 5810 1134 5872 ῥᾳθυμοῦντες
1171 5810 1331 5861 ἴσασιν
1371 5812 1418 5873 (ἧ
1453 5814 1541 5878 γὰρ
1587 5810 1647 5863 ἀν
1668 5817 1889 5867 ἀπέθεντο
1918 5821 2002 5878 τήν

424 5866 712 5933 ὁλιγωριαν),
736 5886 801 5927 ως
819 5886 865 5919 κ.
892 5887 931 5918 τ.
958 5872 998 5917 λ.
1024 5870 1157 5922 Enn.

1140 470 1198 524 ε.
1239 467 1533 524 JOANNIS
1573 448 2073 520 CIIRYSOSTOMI
2108 446 2435 504 ARCIIIEP.
2469 434 3019 502 CONSTANTINOP.

3612 436 3714 496 178

2142 549 2502 615 ἀναϐιϐάσας,
2539 551 2631 604 καὶ
2678 551 2745 620 τῇ
2792 548 2911 603 κατ’
2945 550 3167 603 ἐκείνων
3199 548 3512 622 δεσποτεία,
3546 554 3719 608 καθά-

2140 658 2245 713 περ
2272 642 2379 694 τινὶ
2412 640 2704 712 διαδήματι
2737 640 3000 711 λαμπρῷ,
3030 639 3126 711 τὴν
3152 639 3390 711 κεφαλὴν
3416 642 3715 712 ἀναδήσας.

2139 734 2204 787 Τί
2242 734 2351 806 γάρ
2397 734 2586 804 ὄφελος
2640 732 2988 804 ἀλουργίδος,
3029 733 3151 785 εἰπέ
3184 751 3312 802 μοι,
3363 735 3459 786 καὶ
3496 735 3723 803 χρυσῶν

2141 826 2371 897 ἱματίων
2415 828 2509 880 καὶ
2536 826 2771 880 διαλίθου
2825 824 3091 894 στεφάνου
3118 864 3134 887 ,
3167 826 3294 878 ὅταν
3346 826 3380 895 η
3408 825 3556 897 ψυχὴ
3605 826 3721 881 τῶν

2138 918 2330 973 παθῶν
2356 913 2751 990 αἰχμάλωτος
2775 934 2790 984 ;
2822 918 2876 970 τί
2905 917 3094 989 κέρδος
3118 919 3183 970 ἐκ
3211 917 3312 987 τῆς
3345 917 3542 981 ἔξωθεν
3564 919 3721 972 ἐλευ-

2140 1009 2347 1083 θερίας,
2382 1012 2510 1063 ὄταν
2541 1008 2878 1081 κυριώτερον
2901 1010 2960 1062 ἐν
2996 1010 3128 1080 ἡμῖν
3174 1010 3586 1079 δουλαγωγῆται
3631 1012 3722 1063 αἰ-

2140 1101 2321 1172 σχρῶς
2349 1103 2441 1154 καὶ⁵
2478 1101 2764 1169 ἐλεεινῶςς
2800 1101 3013 1173 Ὠσπερ
3050 1100 3160 1171 γάρ
3190 1098 3428 1170 πυρετοῦ
3476 1101 3615 1171 πρὸς
3657 1099 3721 1152 τὸ

2138 1192 2303 1263 βάθος
2347 1193 2749 1263 καταδυομένου
2771 1232 2786 1257 ,
2837 1193 2931 1247 καὶ
2972 1191 3045 1245 τά
3092 1191 3239 1245 ἔνδον
3282 1191 3498 1245 ἄπαντα
3546 1209 3719 1244 κατα-

2138 1282 2449 1353 φλέγοντος,
2493 1284 2645 1337 οὐδὲν
2674 1284 2867 1353 δφελος
2908 1284 2974 1336 ἐκ
3010 1286 3111 1353 τῆς
3144 1282 3349 1337 ἀνωθεν
3395 1283 3719 1352 ἐπιφανείας

2134 1373 2232 1427 τοῦ
2284 1372 2534 1445 σώματος
2562 1414 2576 1438 ,
2630 1374 2696 1429 ἂν
2733 1374 2897 1445 μηδὲν
2939 1373 3126 1447 πάσχῃ
3176 1374 3449 1428 τοιοῦτον·
3504 1374 3717 1439 οὕτως,

2136 1465 2237 1535 τῆς
2262 1465 2441 1537 ψυχῆς
2473 1468 2607 1536 ἡμῖν
2647 1466 2753 1519 61:6
2786 1464 2896 1518 τῶν
2934 1464 3083 1518 ἔνδον
3109 1464 3297 1518 παθῶν
3330 1464 3721 1536 παρασυρομέ-

2135 1572 2254 1625 νης,
2301 1554 2422 1607 οὐδέ
2464 1554 2655 1624 δφελος
2692 1555 2791 1627 τῆς
2825 1552 3021 1619 ἔξωθεν
3050 1554 3247 1626 ἀρχῆς,
3285 1554 3407 1607 οὐδὲ
3442 1553 3544 1624 τῆς
3581 1553 3721 1607 καθ’

2137 1645 2295 1717 έδρας
2324 1645 2424 1715 τῆς
2452 1644 2755 1717 βασιλικῆς,
2778 1646 2907 1699 ὅταν
2930 1647 2960 1699 6
2985 1645 3107 1709 νοῦς
3141 1644 3277 1717 μετά
3300 1644 3500 1715 πολλῆς
3518 1662 3719 1716 τυραν-

2134 1737 2273 1803 νίδος
2303 1738 2410 1791 ἀπὸ
2441 1736 2535 1790 τοῦ
2570 1738 2759 1809 θρόνου
2784 1738 2885 1809 τῆς
2930 1737 3209 1809 βασιλείας
3250 1737 3356 1790 ὐπὸ
3386 1738 3493 1791 τῶν
3525 1737 3717 1791 παθῶν

2134 1828 2599 1899 καταστρέφηται,
2628 1829 2724 1881 καὶ
2750 1828 3039 1900 ὐποκύπτῃ
3068 1829 3163 1883 καὶ
3188 1828 3367 1900 τρέμῃ
3389 1828 3488 1892 τὰς
3513 1831 3719 1882 ἐπανα-

2137 1921 2353 1984 στάσεις
2382 1921 2583 1975 αὐτῶν,
2605 1922 2781 1993 Ὅπερ
2812 1921 2901 1976 ἵνα
2931 1923 3008 1995 μὴ
3036 1922 3283 1993 γένηται,
3310 1922 3586 1993 προφῆται
3619 1922 3718 1975 καὶ

2132 2013 2424 2068 ἀπόστολοι
2480 2013 2747 2069 πάντοθεν
2814 2015 3201 2087 συντρέχουσι,
3258 2014 3717 2080 καταστέλλοντες

2134 2105 2290 2177 ἡμῶν
2316 2106 2385 2160 τά
2414 2105 2584 2178 πάθη,
2621 2107 2716 2159 καὶ
2744 2106 2845 2177 τῆς
2877 2109 2935 2161 ἑν
2965 2108 3097 2178 ἡμῖν
3126 2105 3350 2175 ἀλογίας
3378 2106 3476 2177 τὴν
3511 2105 3717 2178 θηριω-

2133 2196 2254 2251 δίαν
2291 2200 2475 2252 πᾶσαν
2529 2198 2910 2263 ἐκϐάλλοντες,
2938 2199 3034 2252 καὶ
3073 2197 3172 2270 τὴν
3209 2196 3389 2268 πολλῷ
3416 2197 3516 2268 τῆς
3555 2196 3717 2267 βασι-

2132 2288 2282 2353 λείας
2300 2290 2631 2364 σεμνοτέραν
2654 2290 2830 2362 ἀρχὴν
2851 2291 2984 2361 ἡμῖν
3005 2288 3420 2361 ἐγχειρίζοντες.
3438 2289 3539 2342 Διά
3555 2289 3717 2343 τοῦτο

2134 2380 2356 2452 ἔλεγον,
2399 2382 2481 2436 δτι
2527 2384 2577 2435 οἱ
2622 2382 2828 2453 ταύτης
2872 2382 3101 2445 ἑαυτοὺς
3138 2381 3569 2452 ἀποστεροῦντες
3610 2381 3715 2451 τῆς

2134 2474 2456 2546 ἐπιμελείας
2484 2475 2614 2547 περί¹
2643 2474 2711 2530 τά
2743 2474 2931 2547 καίρια
2973 2474 3309 2544 λαμϐάνουσι
3345 2473 3445 2545 τὴν
3474 2474 3710 2546 πληγὴν,

2133 2565 2336 2640 ζημίαν
2361 2567 2751 2640 ὑπομένοντες,
2770 2568 2902 2638 ὅσην
2922 2567 3221 2638 οὐδαμόθεν
3242 2566 3462 2621 ἄλλοθεν
3481 2584 3497 2598 ’
3524 2568 3712 2638 ἐπειδὴ

2133 2659 2228 2712 καὶ
2250 2659 2418 2731 κέρδη
2442 2660 2817 2731 κερδαίνουσιν
2846 2658 3082 2713 ἐνταῦθα
3105 2658 3412 2732 ἐρχόμενοι,
3431 2658 3584 2731 [16⁸5]
3610 2661 3711 2713 ὅσα

2130 2750 2426 2822 οὐδαμόθεν
2446 2750 2708 2824 ἑτέρωθεν
2742 2751 2999 2823 κερδᾶναι
3024 2751 3259 2805 δύναιντ’
3288 2750 3375 2804 ἀν’
3400 2750 3592 2823 ὥσπερ
3619 2748 3713 2805 οῦν

2133 2842 2277 2897 καὶὸ
2322 2842 2479 2912 λόγος
2520 2843 2829 2910 ἀπέδειξεν.
2863 2843 2988 2899 Οὐκ
3019 2843 3259 2913 ὀφθήσῃ
3293 2843 3553 2897 ἐνώπιον
3595 2847 3713 2897 Ku-

2121 2935 2262 3003 ρίου
2292 2934 2489 3000 κενὸς,
2523 2936 2552 2988 6
2579 2935 2743 3004 νόμος
2776 2934 2931 3003 ἔλεγε
2951 2950 2966 2965 ο
3007 2934 3278 2998 τουτέστι,
3311 2937 3480 3006 χωρὶς
3510 2936 3711 2989 θυσιῶν

2133 3027 2207 3098 μὴ
2235 3026 2503 3099 εἰσέλθῃς.
2535 3028 2599 3081 Εἰ
2626 3028 2685 3081 δέ
2715 3029 2883 3099 χωρὶς
2926 3028 3128 3082 θυσιῶν
3160 3030 3221 3082 οὐ
3255 3028 3338 3083 δεῖ
3371 3030 3600 3083 εἰσιέναι
3633 3031 3710 3094 εἰς

2129 3113 2277 3172 οἶκον
2307 3118 2466 3183 Θεοῦ,
2508 3119 2690 3191 πολλῷ
2736 3122 2937 3191 μᾶλλον
2984 3123 3065 3187 εἰς
3104 3122 3354 3188 συνάξεις
3386 3122 3528 3192 μετά
3557 3122 3708 3176 ἀδελ·

2128 3210 2245 3279 φῶν
2281 3212 2422 3282 χρή·
2462 3210 2686 3281 βελτίων
2732 3213 2841 3285 γὰρ
2873 3213 3090 3285 ἐκείνης
3144 3213 3285 3284 αῦτη
3336 3215 3370 3285 ἡ
3412 3214 3575 3267 θυσία
3617 3214 3711 3268 καὶ

2128 3302 2163 3370 ἡ
2194 3302 2513 3373 προσφορὰ,
2549 3304 2679 3358 ὅταν
2707 3303 2886 3376 ψυχὴν
2927 3305 3063 3376 μετὰ
3095 3305 3293 3359 σαυτοῦ
3325 3305 3509 3359 λαϐὼν
3540 3306 3709 3358 εἰσέλ-

2129 3390 2247 3464 θῃς.
2274 3393 2386 3464 Οὐχ
2420 3396 2583 3465 δρᾶτε
2634 3395 2732 3459 τὰς
2760 3397 3089 3467 περιστερὰς
3117 3396 3216 3460 τάς
3248 3396 3704 3469 μεμελετηκυίας,

2126 3483 2247 3547 πῶς
2276 3482 2517 3548 ἐξιοῦσαι
2553 3485 2882 3557 θηρεύουσιν
2934 3487 3162 3558 ἐτέρας;
3195 3487 3367 3541 Τοῦτο
3409 3490 3504 3542 καὶ
3548 3492 3705 3560 ἡμεῖς

2126 3575 2392 3645 ποιῶμεν.
2424 3575 2561 3629 Ποία
2589 3578 2698 3649 γάρ
2736 3576 2890 3630 ἔσται
2935 3578 3154 3647 σκῆψις,
3193 3578 3321 3631 ὅταν
3351 3579 3462 3633 τῶν
3500 3577 3706 3645 ἀλόγων

2125 3666 2186 3719 τὸ
2212 3667 2484 3739 ὁμόφυλον
2517 3666 2654 3732 ζῶον
2677 3668 2990 3740 δυναμένων
3026 3668 3299 3739 θηρεύειν,
3332 3671 3496 3741 ἡμεῖς
3539 3671 3587 3723 οἰ
3616 3669 3702 3722 λό-

2125 3775 2208 3831 γῳ
2253 3759 2576 3831 τιμηθέντες
2627 3760 2723 3815 καὶ
2775 3760 2937 3831 σοφίᾳ
2966 3762 3242 3833 τοσαύτῃ,
3297 3762 3400 3831 τῆς
3449 3761 3704 3833 τοιαύτης

2124 3850 2303 3924 ἄγρας
2334 3853 2726 3925 ὐπερορῶμεν;
2755 3853 3047 3925 Παρῄνεσα
3082 3858 3148 3926 τῇ
3192 3856 3439 3927 προτέρᾳ
3475 3855 3703 3919 διαλέξει

2124 3943 2329 4012 λέγων’
2360 3945 2631 4010 Ἕκαστος
2671 3946 2827 4017 ὐμῶν
2874 3948 2954 4011 εἰς
2996 3947 3097 4010 τάς
3128 3948 3306 4011 οἰκίας
3354 3948 3703 4021 ἀπαντήσατε

2122 4036 2233 4090 τῶν
2265 4037 2514 4107 πλησίον,
2533 4038 2860 4109 ἀναμείνατε
2894 4038 3227 4106 ἐξελθόντας,
3258 4041 3583 4111 κατάσχετε,
3609 4040 3705 4094 καὶ

2124 4127 2503 4197 ἐπαναγάγετε
2526 4128 2662 4200 πρὸς
2686 4128 2785 4201 τὴν
2811 4129 2999 4199 κοινὴν
3035 4130 3272 4202 μητέρα·
3299 4131 3395 4183 καὶ
3426 4133 3549 4195 τοὺς
3578 4132 3703 4184 θεα-

2121 4219 2532 4291 τρομανοῦντας
2582 4221 2934 4292 μιμήσασθε,
2976 4222 3025 4274 οἳ
3068 4222 3208 4293 μετὰ
3257 4223 3438 4292 πάσης
3468 4224 3702 4295 σπουδῆς

2121 4311 2377 4383 ἀλλήλοις
2419 4312 2848 4384 συνταξάμενοι,
2902 4314 3076 4377 οὕτως
3136 4314 3240 4369 ὐπὸ
3289 4316 3388 4388 τὴν
3442 4317 3516 4369 ἕω
3564 4317 3701 4388 πρὸς

2120 4402 2218 4473 τὴν
2248 4404 2566 4477 παράνομον
2596 4406 2924 4476 ἀναμένουσι
2955 4406 3085 4461 θέαν
3113 4407 3347 4478 ἐκείνην.
3380 4408 3520 4461 Ἀλλ’
3547 4409 3699 4461 οὐδὲν

2120 4495 2284 4550 πλέον
2318 4498 2453 4568 ἡμῖν
2486 4497 2710 4567 γέγονεν
2760 4499 2867 4552 ἀπὸ
2897 4500 2995 4570 τῆς
3056 4500 3431 4570 παραινέσεως
3463 4501 3694 4571 ἐκείνης.

2118 4589 2220 4643 Διά
2248 4588 2407 4644 τοῦτο
2448 4590 2609 4644 πάλιν
2636 4589 2796 4659 λέγω,
2827 4590 2918 4646 καὶ
2947 4589 3123 4659 λέγων
3154 4591 3215 4645 οὐ
3254 4593 3556 4664 παύσομαι,
3594 4593 3697 4656 ἕως

2117 4680 2187 4735 ἂν
2221 4680 2415 4735 πείσω.
2459 4681 2625 4735 Οὐδὲν
2672 4679 2874 4749 ὠφελεῖ
2913 4681 3196 4752 ἀκρόασις,
3227 4681 3322 4736 ἐὰν
3373 4683 3448 4755 μὴ
3502 4684 3697 4754 πρᾶξις

2118 4772 2259 4843 αὐτῇ
2289 4776 2460 4845 παρῇ.
2495 4773 2807 4844 Βαρυτέραν
2832 4767 2924 4827 οῦν
2950 4775 3082 4843 ἡμῖν
3108 4776 3254 4826 ποιεῖ
3279 4774 3381 4845 τὴν
3407 4775 3692 4845 τιμωρίαν,

2114 4865 2245 4918 ὅταν
2275 4865 2515 4933 συνεχῶς
2539 4864 2649 4917 τῶν
2673 4864 2851 4917 αὐτῶν
2881 4865 3191 4928 ἀκούοντες.
3218 4867 3385 4936 μηδὲν
3418 4866 3524 4920 τῶν
3547 4867 3696 4936 λεγο-

2118 4955 2296 5026 μένων
2328 4955 2590 5026 ποιῶμεν.
2625 4957 2734 5009 Καὶ
2769 4955 2850 5008 ὄτι
2882 4954 3162 5027 βαρυτέρα
3200 4956 3237 5027 ἡ
3266 4956 3486 5021 κόλασίς
3524 4958 3690 5020 ἐστιν,

2114 5046 2347 5101 ἄκουσον
2379 5045 2472 5100 τοῦ
2513 5046 2751 5118 Χριστοῦ
2797 5045 3047 5114 λέγοντος
3069 5062 3082 5077 ·
3116 5049 3186 5100 Εἰ
3224 5047 3310 5116 μὴ
3342 5044 3551 5118 ἦλθον,
3595 5047 3693 5101 καὶ

2112 5138 2393 5206 ἐλάλησα
2443 5138 2685 5203 αὐτοῖς,
2734 5138 3033 5207 ἁμαρτίαν
3078 5141 3189 5193 οὐκ
3239 5135 3439 5209 εἶχαν
3468 5140 3583 5193 νῦν
3623 5138 3695 5192 δὲ

2112 5231 2420 5300 πρόφασιν
2457 5232 2568 5285 οὐκ
2608 5232 2824 5298 ἔχουσι
2863 5230 2996 5299 περὶ
3039 5230 3150 5300 τῆς
3183 5231 3506 5300 ἁμαρτίας·
3541 5233 3630 5285 καὶ
3658 5234 3693 5284 6

2125 5317 2442 5381 Ἀπόστολος
2469 5316 2547 5384 δέ,
2572 5321 2655 5371 Οὐ
2699 5318 2807 5387 γὰρ
2835 5322 2889 5373 οἱ
2915 5320 3200 5387 ἀκροαταὶ
3234 5320 3342 5375 τοῦ
3382 5323 3567 5393 νόμου
3605 5320 3692 5373 διο

2111 5408 2568 5475 καιωθήσονται.
2606 5410 2717 5465 Καὶ
2748 5411 2885 5482 πρὸς
2919 5413 3044 5475 τοὺς
3080 5411 3180 5483 μὲν
3226 5413 3529 5477 ἀκούοντάς
3563 5427 3691 5481 φησι

2108 5500 2282 5554 ταῦτα
2300 5518 2313 5531 ·
2348 5501 2670 5573 βουλόμενος
2693 5503 2751 5556 δὲ
2782 5504 2992 5559 καὶτὸν
3020 5504 3248 5573 λέγοντα
3280 5506 3585 5569 παιδεῦσαι,
3608 5506 3690 5558 ὅτι

2109 5592 2230 5646 οὐδὲ
2253 5594 2446 5664 ἐκείνῳ
2476 5594 2664 5666 κέρδος
2704 5595 2855 5650 ἔσται
2890 5613 2943 5650 τι
2982 5596 3141 5652 πλέον
3168 5597 3275 5651 ἀπὸ
3309 5598 3410 5668 τῆς
3437 5598 3687 5650 διδασκα-

2109 5684 2249 5749 λίας,
2286 5685 2414 5739 ὅταν
2447 5686 2522 5757 μὴ
2551 5687 2826 5743 πολιτείαν
2860 5688 2956 5761 ἔχῃ
2988 5692 3054 5761 τῇ
3083 5690 3408 5760 διδασκαλίᾳ
3440 5691 3683 5754 συνεξευ-

2109 5773 2336 5844 γμένην,
2374 5775 2467 5828 καὶ
2503 5776 2863 5848 συμϐαίνοντα
2896 5778 2972 5849 τῷ
3000 5779 3145 5850 λόγῳ
3176 5780 3271 5833 τὸν
3301 5779 3433 5849 βίον,
3465 5780 3687 5833 ἄκουσον

2116 5871 2230 5935 πῶς
2248 5870 2339 5924 καὶ
2362 5874 2389 5925 6
2431 5872 2749 5938 Ἀπόστολος
2783 5875 2918 5946 πρὸς
2950 5876 3111 5930 αὐτὸν
3136 5878 3508 5942 ἀποτείνεται,
3544 5873 3624 5929 καὶ
3647 5871 3685 5922 ὸ
