3964 6342
316 401 414 457 177

319 515 424 569 huc
470 524 691 581 venula,
740 523 799 569 ut
843 529 962 569 cum
1010 514 1104 568 tibi
1144 514 1235 570 Dei
1267 514 1694 569 benevolentiam
1725 512 1907 567 conci-

323 606 558 668 liaveris,
604 604 747 674 quod
802 604 889 659 hic
940 614 1183 661 versatus
1210 605 1394 669 fueris,
1443 605 1512 658 ita
1541 619 1661 658 cum
1703 602 1907 656 securi-

323 706 431 751 tate
465 693 741 759 discedas;
797 703 856 747 ut
903 695 1050 748 illum
1083 694 1281 749 habeas
1315 695 1648 763 adjutorem,
1703 702 1760 745 ιιι
1808 706 1914 745 cat--

322 788 475 841 lcstis
534 801 725 841 manus
774 788 973 842 auxilio
1031 797 1214 855 septus
1253 787 1584 842 dwmonibus
1634 788 1729 841 fias
1780 785 1913 839 invi-

319 890 462 936 ctus.
501 883 556 937 Si
576 881 812 950 paternis
844 882 1096 952 precibus
1139 882 1353 946 fruaris,
1385 882 1430 936 si
1476 882 1775 936 communis
1795 895 1916 933 ora-

323 971 487 1025 tionis
515 972 783 1042 particeps
830 972 949 1035 ﬁas,
1006 973 1050 1027 si
1092 973 1303 1042 eloquia
1357 988 1509 1027 sacra
1552 972 1839 1035 audiveris,
1868 971 1911 1025 si

324 1062 422 1117 Dei
480 1063 573 1118 tibi
620 1064 875 1119 auxilium
916 1066 1329 1134 comparaveris,
1357 1065 1402 1119 si
1451 1066 1533 1119 his
1577 1065 1741 1118 armis
1765 1079 1916 1117 com-

324 1155 566 1209 munitus
614 1170 862 1225 egressus
908 1156 1091 1219 fueris,
1134 1173 1203 1212 ne
1256 1158 1499 1213 diabolus
1543 1157 1757 1227 quidem
1803 1158 1916 1226 ipse

326 1257 514 1299 contra
542 1254 593 1299 te
638 1246 890 1315 deinceps
940 1247 1124 1302 oculos
1172 1247 1389 1302 audebit
1413 1248 1692 1314 attollere,
1722 1249 1915 1301 nedum

331 1336 580 1391 homines
624 1337 873 1406 improbi,
914 1339 1104 1409 quibus
1140 1340 1317 1394 studio
1358 1354 1478 1394 esse
1519 1338 1675 1402 solet,
1708 1350 1765 1392 ut
1789 1353 1919 1392 con-

332 1426 567 1480 tumeliis
598 1436 822 1482 caeteros
868 1436 924 1482 et
970 1430 1250 1484 calumniis
1304 1439 1711 1499 persequantur.
1761 1429 1915 1494 Quod

331 1518 377 1571 si
424 1532 490 1571 ex
533 1516 737 1572 (edibus
775 1519 826 1571 in
877 1518 1051 1573 forum
1091 1536 1337 1590 egressus
1376 1520 1640 1589 ejusmodi
1690 1520 1919 1574 nudatus

332 1612 498 1664 armis
535 1610 843 1677 oﬂ'endaris,
871 1614 1107 1667 omnium
1137 1614 1224 1683 qui
1264 1622 1316 1668 te
1344 1613 1679 1667 contumeliis
1701 1612 1920 1667 infesta-

334 1703 465 1756 bunt
492 1704 643 1757 facile
683 1704 975 1758 vincendos
1024 1706 1227 1775 patebis
1279 1707 1597 1761 incursibus.
1639 1705 1840 1761 Idcirco
1866 1715 1921 1761 et

334 1794 386 1847 in
435 1795 652 1863 privatis
680 1805 735 1851 et
764 1797 815 1849 in
846 1797 1066 1866 publicis
1104 1799 1301 1853 nostris
1328 1801 1554 1869 negotiis
1588 1814 1918 1869 nequaquam

335 1899 401 1936 ex
448 1886 611 1939 animi
642 1889 901 1940 sententia
933 1888 1087 1943 nobis
1114 1890 1281 1944 multa
1309 1890 1621 1955 succedunt,
1649 1891 1789 1960 quod
1811 1890 1920 1959 spi-

336 1975 547 2029 ritualia
579 1993 683 2030 non
711 1978 857 2046 prius
887 1978 1123 2033 studiose
1152 1982 1611 2044 accuraverimus,
1637 1996 1700 2037 ac
1728 1981 1919 2036 deinde

335 2067 633 2132 saecularia,
667 2067 762 2121 sed
802 2069 1042 2122 ordinem
1082 2069 1475 2126 inverterimus.
1508 2071 1707 2126 Idcirco
1761 2087 1921 2142 nego-

337 2156 534 2208 tiorum
578 2173 790 2226 quoque
829 2160 998 2213 series
1036 2175 1101 2215 ac
1148 2173 1324 2215 rectus
1364 2161 1496 2216 ordo
1536 2163 1835 2229 invertitur,
1868 2172 1922 2217 et

335 2246 513 2299 omnia
548 2246 705 2316 plane
750 2249 1045 2306 turbantur.
1098 2252 1363 2319 Quantum
1404 2255 1532 2308 mihi
1591 2256 1831 2310 dolorem
1860 2271 1923 2311 ac

338 2334 636 2389 molestiam
664 2337 802 2392 inuri
837 2341 1062 2407 putatis,
1094 2357 1213 2396 eum
1243 2345 1418 2413 cogito
1439 2345 1683 2400 veniente
1706 2348 1921 2415 quidem

338 2422 476 2479 festo
512 2440 576 2481 ac
600 2429 959 2497 solemnitate,
1012 2432 1134 2487 licet
1164 2434 1340 2487 nullus
1386 2436 1454 2489 sit
1497 2436 1585 2505 qui
1633 2447 1810 2501 vocet,
1842 2447 1924 2490 to-

339 2524 450 2572 tatn
495 2530 815 2580 concurrere
850 2521 1115 2577 civitatem
1166 2540 1180 2577 :
1238 2524 1327 2579 ubi
1371 2542 1499 2580 vero
1542 2527 1731 2582 festum
1784 2530 1922 2584 sole-

338 2616 639 2686 umitasque
668 2620 963 2686 transierit,
995 2624 1106 2676 toto
1132 2615 1255 2671 licet
1283 2616 1368 2672 die
1400 2634 1799 2688 perseveremus
1825 2636 1923 2675 nos

336 2703 735 2774 disrutnpcntes
765 2718 819 2763 et
862 2725 954 2764 vos
984 2711 1326 2775 advocantes,
1362 2709 1563 2764 nullum
1604 2721 1778 2765 tamen
1804 2726 1923 2767 esse

336 2797 426 2862 qui
475 2797 753 2853 attendat?
803 2800 929 2857 llaec
972 2805 1112 2858 enim
1168 2817 1535 2875 szepenumero
1581 2819 1702 2863 cum
1743 2816 1925 2865 mente

335 2902 631 2954 versarem,
682 2895 916 2961 graviter
944 2896 1195 2967 ingemui,
1237 2909 1290 2953 et
1318 2899 1433 2955 hinc
1461 2900 1598 2969 apud
1634 2916 1719 2955 me
1762 2902 1921 2957 verba

337 2978 599 3035 faciebam
630 3000 642 3035 :
671 2984 808 3049 Quid
853 2986 1221 3044 cohortatione
1253 2991 1335 3045 vel
1364 2992 1588 3046 consilio
1618 3004 1701 3048 est
1751 3009 1918 3063 opus,

335 3086 455 3125 cum
503 3088 600 3127 vos
648 3080 1031 3135 consuetudine
1080 3091 1287 3137 tantum
1336 3095 1523 3140 cuneta
1565 3085 1786 3153 faciatis,
1822 3104 1921 3144 nec

335 3163 497 3219 ullius
523 3176 719 3220 nostra?
740 3168 996 3226 doctrinae
1021 3187 1181 3244 opera
1204 3177 1555 3245 promptiores
1593 3178 1921 3235 reddamini?

332 3254 469 3309 Cum
510 3258 651 3311 enim
681 3259 832 3315 festis
867 3263 1079 3332 quidem
1114 3266 1304 3321 diebus
1343 3278 1521 3323 nostra
1553 3270 1921 3330 cohortatione

333 3345 465 3398 nihil
513 3347 807 3418 indigeatis,
856 3362 1135 3424 postquam
1183 3366 1360 3412 autem
1394 3359 1467 3412 illi
1523 3362 1916 3428 prmterierint,

333 3435 536 3490 nullam
594 3453 658 3493 ex
708 3441 948 3497 doctrina
1005 3446 1284 3501 utilitatem
1335 3448 1672 3520 percipiatis,
1739 3468 1917 3509 nonne

333 3538 593 3593 quantum
636 3530 849 3600 quidem
902 3535 954 3587 in
1004 3536 1155 3592 vobis
1198 3539 1357 3592 situm
1401 3552 1512 3605 est,
1568 3542 1808 3598 inutilem
1857 3560 1921 3601 ac

330 3630 780 3685 supervacaneam
831 3626 1127 3683 orationem
1174 3640 1407 3685 nostram
1457 3634 1720 3690 redditis?

401 3707 457 3761 4.
500 3708 662 3765 Forte
691 3715 879 3780 multi,
921 3718 1009 3786 qui
1040 3718 1155 3774 hate
1187 3722 1425 3787 audiunt,
1455 3724 1656 3781 dolent.
1690 3726 1796 3782 Sed
1821 3744 1919 3783 ne-

328 3797 591 3866 gligentes
633 3802 703 3857 ita
750 3820 855 3859 non
911 3808 1150 3863 sentiunt
1180 3827 1193 3862 :
1218 3811 1450 3881 alioquin
1478 3814 1735 3871 incuriam
1766 3834 1916 3874 suam

329 3888 680 3958 deponerent,
713 3904 770 3948 ttt
806 3912 903 3951 nos
929 3899 1017 3969 qui
1051 3901 1285 3968 quotidie
1312 3902 1381 3958 de
1409 3905 1567 3960 rebus
1594 3909 1783 3963 vestris
1804 3910 1916 3964 sol-

330 3981 458 4036 liciti
514 4000 719 4041 sumns.
760 3988 909 4056 Quod
954 4002 1157 4046 tantum
1204 4011 1271 4049 ex
1317 3999 1543 4067 negotiis
1573 4002 1918 4056 smcularibus

330 4072 536 4129 lucrum
598 4078 840 4149 colligis,
887 4091 1139 4151 quantutn
1193 4086 1286 4139 tibi
1335 4087 1583 4143 damnum
1643 4092 1916 4147 accersis?

328 4162 471 4219 Fieri
527 4168 740 4235 nequit,
787 4180 845 4224 ut
878 4187 944 4227 ex
980 4173 1085 4228 alio
1108 4190 1399 4243 congressu
1436 4191 1773 4237 eonventuve
1801 4192 1917 4237 tan-

330 4263 441 4309 tum
508 4256 713 4313 lucrum
766 4272 1047 4332 reportes,
1099 4278 1353 4335 quantum
1404 4284 1470 4324 cx
1533 4287 1599 4326 eo
1640 4274 1779 4343 quod
1833 4274 1917 4331 hic

327 4350 562 4404 verseris
608 4368 621 4403 :
670 4353 782 4408 sive
820 4353 1072 4425 judiciale
1114 4359 1285 4413 forum
1341 4377 1762 4433 commemores,
1804 4369 1917 4424 sive

322 4440 551 4507 curiam,
583 4442 696 4497 sive
747 4445 913 4515 ipsam
968 4449 1208 4520 llegiam.
1250 4451 1365 4508 Non
1394 4457 1535 4509 enim
1566 4460 1800 4527 gentium
1828 4478 1918 4516 ur-

320 4529 580 4601 biumque
627 4537 899 4606 regimen,
948 4557 1123 4612 neque
1156 4544 1404 4602 ducatum
1459 4553 1789 4606 exercituum
1833 4555 1916 4609 his

319 4621 414 4689 qui
459 4620 566 4678 huc
613 4626 979 4695 ingrediuntur
1007 4636 1410 4704 committimus,
1450 4642 1544 4696 sed
1572 4643 1732 4697 alium
1766 4646 1913 4714 prin-

320 4716 560 4785 cipatum
583 4724 940 4791 augustiorem
964 4728 1080 4796 ipso
1098 4745 1262 4796 regno
1296 4749 1309 4784 :
1343 4733 1428 4787 vel
1453 4736 1628 4804 potius
1646 4752 1750 4792 neu
1768 4753 1916 4793 com-

320 4807 589 4864 mittimus
611 4826 730 4879 nos,
786 4815 879 4869 sed
929 4816 1158 4885 Spiritus
1197 4822 1385 4890 gratia.

392 4897 474 4953 De
495 4901 675 4972 quibus
702 4907 849 4961 rebus
867 4908 1182 4965 instruantur
1204 4916 1288 4983 qui
1314 4917 1545 4972 contioni
1570 4921 1914 4978 intersunt.—

312 4990 578 5057 Qnisnam
609 4995 769 5065 igitur
790 5007 874 5054 est
901 5003 1044 5071 regia
1072 5015 1331 5073 potestate
1355 5011 1628 5078 augustior
1647 5015 1913 5085 principa-

315 5090 442 5149 tus,
476 5099 637 5153 quem
669 5088 1036 5160 adipiscuntur
1074 5098 1164 5166 qui
1208 5098 1312 5154 huc
1352 5101 1763 5171 ingrediuntur?
1806 5108 1911 5163 [)0-

312 5184 509 5227 centur
537 5176 785 5235 absurdis
815 5185 1152 5252 passiOnibus
1178 5188 1442 5259 imperare
1466 5233 1483 5259 ,
1519 5209 1711 5263 pravas
1739 5196 1911 5252 libidi-

312 5279 413 5320 nes
441 5282 632 5335 regere
655 5311 671 5335 ,
704 5271 837 5326 iram
864 5275 1128 5332 moderari
1152 5320 1168 5345 ,
1197 5280 1447 5337 invidiam
1477 5285 1721 5356 subigere
1746 5328 1761 5352 ,
1791 5289 1910 5344 ina-

314 5371 437 5411 nem
494 5359 720 5428 gloriam
772 5365 822 5418 in
870 5369 1181 5425 servitutem
1222 5374 1484 5444 redigere.
1526 5378 1641 5433 Non
1691 5382 1910 5449 perinde

311 5451 664 5539 veneratione
693 5453 884 5523 dignus
913 5469 995 5513 est
1038 5460 1330 5531 Imperator
1355 5467 1407 5521 in
1454 5470 1602 5539 regio
1624 5474 1910 5529 considens

307 5538 447 5592 solio
466 5551 520 5631 et
543 5540 849 5602 diademate
877 5548 1151 5608 redimitus
1176 5594 1192 5620 ,
1221 5564 1380 5625 atque
1408 5538 1568 5613 homo
1593 5601 1606 5624 ,
1628 5562 1718 5631 qui
1748 5565 1911 5617 ratio-

310 5642 432 5682 nem
477 5630 529 5684 itt
569 5635 762 5689 solium
791 5637 1094 5697 dominatus
1123 5647 1394 5701 servilium
1424 5630 1731 5719 passionum
1776 5655 1904 5710 sub-

309 5721 455 5775 vehit
479 5762 493 5784 ,
526 5731 584 5778 et
625 5724 850 5794 imperio
877 5769 894 5794 ,
925 5732 1067 5798 quod
1112 5732 1164 5787 in
1215 5735 1331 5789 illas
1355 5748 1607 5806 exercet,
1635 5748 1903 5813 tamquam

308 5815 590 5881 splendido
618 5820 849 5887 quodam
881 5822 1178 5880 revinctqu
1206 5836 1365 5901 caput
1389 5828 1551 5888 habet
1574 5832 1894 5895 diademate.

1218 400 1284 456 IN
1325 399 1548 465 ILLUD,
1590 399 1650 455 Sl
1690 394 2060 454 ESURIERIT
2092 397 2410 466 INIMICUS,
2452 397 2604 454 ETC.

3500 397 3602 452 ιτει

2020 512 2159 579 Quid
2188 514 2330 569 enim
2359 554 2374 579 ,
2404 528 2586 583 qumso
2607 554 2623 580 ,
2654 513 2869 583 prodest
2898 527 3129 582 purpura
3156 554 3171 578 ,
3201 526 3376 568 aurea:
3401 525 3601 580 vestes,

2016 612 2071 657 et
2101 618 2294 656 corona
2322 614 2585 671 gemmata
2613 645 2625 664 .
2648 602 2862 673 quando
2884 604 3187 672 passionum
3213 603 3419 674 captiva
3449 606 3605 659 fuerit

2018 694 2191 747 anima
2215 693 2238 746 ζ)
2264 693 2406 762 quod
2433 710 2495 747 ex
2527 695 2624 747 ista
2652 705 2874 748 externa
2910 694 3156 748 libertate
3197 694 3401 749 lucrum
3436 694 3603 749 obve-

2020 785 2100 838 nit
2126 824 2141 847 ,
2173 785 2386 853 quando
2416 784 2466 838 id
2499 786 2639 851 quod
2671 786 2720 838 in
2752 785 2904 838 nobis
2940 785 3269 853 potissimum
3312 794 3432 851 est,
3465 785 3605 854 turpi

2019 890 2082 929 ac
2109 876 2397 930 miserabili
2429 875 2667 946 subiacet
2688 876 2968 930 servituti?
2997 875 3128 930 Nam
3158 875 3603 945 quemadmodum

2018 980 2141 1020 cum
2168 965 2333 1021 febris
2359 967 2425 1021 ad
2469 966 2721 1021 interiora
2765 975 3041 1036 penetrat,
3089 975 3144 1021 et
3182 968 3383 1021 viscera
3426 968 3607 1021 omnia

2020 1058 2293 1122 incendit,
2327 1058 2459 1111 nihil
2495 1059 2649 1113 nobis
2689 1060 2942 1128 prodest,
2993 1060 3038 1113 si
3086 1060 3329 1129 superior
3366 1062 3611 1126 corporis

2023 1149 2336 1217 superﬁcies
2365 1150 2495 1203 nihil
2528 1150 2632 1204 tale
2663 1151 2889 1220 patiatur
2920 1167 2933 1203 :
2966 1151 3036 1204 ita
3074 1148 3199 1203 dum
3235 1149 3388 1203 nobis
3427 1150 3605 1203 anima

2024 1241 2368 1295 interioribus
2408 1241 2723 1296 distrahitur
2769 1240 3103 1311 passionibus
3128 1282 3142 1306 ,
3190 1240 3321 1294 nihil
3354 1250 3610 1295 externus

2023 1333 2351 1402 principatus
2372 1333 2562 1404 juvat,
2599 1350 2665 1388 ne
2692 1333 2863 1403 ipsum
2893 1334 3106 1403 quidem
3138 1333 3340 1403 regium
3368 1332 3560 1387 solium
3610 1372 3627 1398 ,

2021 1438 2141 1478 cum
2173 1426 2381 1480 animus
2410 1426 2642 1480 violento
2687 1426 2883 1496 impetu
2910 1441 2939 1479 a
2968 1426 3300 1495 passionibus
3326 1424 3392 1479 de
3419 1426 3612 1479 throno

2024 1519 2170 1588 regio
2214 1518 2525 1574 devolvatur
2563 1530 2616 1574 et
2661 1520 2798 1573 ultro
2845 1534 2904 1574 se
2956 1520 3268 1581 submittat,
3321 1532 3611 1587 earumque

2022 1612 2250 1665 rebelles
2302 1612 2527 1667 insultus
2580 1611 2959 1681 pertimescat?
3009 1611 3158 1678 Quod
3213 1626 3280 1664 ne
3337 1609 3462 1674 ﬁat,
3512 1625 3613 1663 un-

2025 1696 2185 1765 dique
2234 1696 2507 1767 prephette
2554 1706 2881 1752 concurrunt
2924 1704 2979 1750 et
3024 1695 3289 1765 apostoli,
3342 1695 3617 1763 passiones

2026 1800 2235 1841 nostras
2265 1788 2604 1857 reprimunt,
2636 1803 2848 1841 omnem
2882 1787 3147 1856 appetitus
3175 1785 3394 1840 rationis
3419 1800 3613 1853 exper-

2024 1881 2091 1935 tis
2116 1882 2376 1937 feritatem
2406 1896 2435 1935 a
2468 1882 2620 1935 nobis
2640 1880 2926 1935 amandant
2948 1922 2963 1948 ,
2988 1890 3042 1936 et
3068 1880 3235 1934 multo
3253 1880 3614 1949 augustiorem

2026 1990 2196 2044 regno
2224 1975 2576 2045 principatmn
2608 1974 2761 2028 nobis
2793 1974 3149 2028 committunt.
3196 1971 3306 2026 Hac
3346 1971 3413 2025 de
3454 1984 3617 2026 causa

2026 2068 2267 2123 dicebam
2298 2082 2391 2121 eos
2415 2108 2430 2133 ,
2458 2066 2547 2136 qui
2576 2065 2674 2120 hac
2698 2066 3051 2121 sollicitudine
3084 2079 3144 2119 se
3181 2065 3387 2133 privant
3409 2104 3428 2130 ,
3457 2062 3618 2119 letale

2026 2159 2129 2211 sibi
2158 2159 2349 2212 vulnus
2378 2158 2615 2228 inﬁigcre
2639 2199 2655 2222 ,
2682 2172 2745 2211 ac
2770 2165 2971 2211 tantum
3001 2170 3191 2225 capere
3212 2153 3614 2221 detrimentum,

2028 2261 2281 2320 quantum
2313 2250 2419 2305 ulla
2448 2251 2556 2304 alia
2581 2268 2643 2305 ex
2672 2260 2822 2321 parte
2862 2265 3058 2320 capere
3101 2257 3373 2319 nequeunt
3398 2266 3411 2301 :
3441 2263 3613 2319 quan-

2026 2342 2311 2413 doquidem
2337 2353 2391 2399 et
2414 2344 2504 2414 qui
2532 2346 2633 2398 huc
2660 2343 2884 2411 ingressi
2912 2342 3146 2406 fuerint,
3174 2341 3436 2412 ejusmodi
3463 2358 3611 2412 quze-

2028 2442 2168 2487 stum
2200 2433 2396 2489 faciunt
2420 2476 2435 2501 ,
2456 2436 2664 2505 qualem
2694 2434 2907 2490 aliunde
2933 2435 3104 2489 facere
3129 2435 3275 2489 nullo
3304 2435 3463 2490 modo
3489 2449 3614 2505 pos-

2028 2533 2195 2579 sent:
2239 2525 2379 2594 quod
2430 2537 2487 2580 et
2533 2526 2644 2595 ipsa
2693 2527 2959 2581 sermonis
2998 2526 3166 2581 series
3210 2526 3614 2581 demonstravit.

2031 2615 2153 2670 Non
2176 2617 2443 2687 apparebis
2471 2618 2524 2671 in
2552 2629 2821 2688 conspectu
2848 2617 3055 2672 Domini
3078 2619 3304 2689 vacuus(
3330 2618 3498 2673 Ea‘od.
3523 2619 3614 2673 23.

2028 2709 2098 2762 l5
2122 2706 2164 2779 ),
2192 2708 2367 2763 aiebat
2391 2709 2475 2763 lex
2504 2728 2517 2763 :
2554 2710 2653 2765 hoc
2677 2720 2755 2766 est
2781 2752 2796 2776 ,
2826 2709 3029 2779 absque
3071 2710 3346 2766 sacriﬁciis
3386 2727 3492 2766 non
3533 2715 3617 2765 io-

2030 2807 2225 2853 troeas.
2257 2799 2407 2867 Quod
2438 2801 2482 2855 si
2522 2800 2723 2871 absque
2751 2801 3024 2856 sacriﬁciis
3054 2802 3109 2856 in
3135 2802 3352 2857 domum
3386 2803 3479 2858 Dei
3512 2819 3619 2857 non

2027 2902 2107 2952 est
2134 2892 2538 2967 ingrediendum
2562 2935 2580 2961 ,
2610 2893 2779 2949 multo
2803 2894 2970 2964 magis
2996 2894 3062 2949 ad
3086 2894 3337 2949 collectas
3364 2910 3485 2949 cum
3514 2895 3620 2948 fra-

2030 2989 2201 3043 tribus
2228 2999 2335 3043 non
2361 2994 2449 3043 εει
2477 2984 2781 3039 intrandum
2812 3002 2827 3041 :
2872 2984 3068 3055 quippe
3112 2985 3431 3041 sacriﬁcium
3477 2987 3619 3041 istud

2030 3078 2127 3132 illo
2157 3080 2346 3133 melius
2372 3091 2454 3134 est
2476 3122 2492 3147 ,
2521 3084 2576 3135 et
2602 3075 2803 3136 oblatio
2825 3116 2840 3147 ,
2864 3090 2987 3131 cum
3012 3076 3247 3131 animum
3274 3084 3448 3131 tecum
3474 3078 3619 3132 acci-

2028 3170 2179 3239 piens
2220 3171 2492 3240 ingrcssus
2533 3172 2715 3227 fueris.
2758 3172 2872 3227 Non
2911 3170 3102 3229 videtis
3141 3167 3454 3241 columbas,
3496 3182 3621 3245 qua

2031 3264 2304 3317 instructa:
2331 3261 2547 3319 fuerunt
2572 3307 2588 3330 ,
2620 3280 2726 3333 quo
2752 3275 2906 3335 pacto
2938 3267 3172 3336 reliquas
3198 3282 3428 3336 egressa:
3458 3269 3616 3338 pelli-

2024 3355 2168 3408 ciant
2195 3365 2250 3410 et
2276 3356 2580 3412 venentur?
2608 3357 2719 3412 Hoc
2761 3372 2857 3411 nos
2898 3373 3107 3428 quoque
3150 3358 3424 3413 faciamus.
3455 3360 3615 3426 Qua:-

2026 3460 2149 3500 nam
2179 3447 2322 3500 enim
2354 3447 2567 3502 tandem
2595 3448 2870 3503 excusatio
2899 3449 3100 3519 reliqua
3132 3450 3234 3504 erit
3254 3490 3269 3513 ,
3302 3464 3424 3504 cum
3457 3452 3618 3503 ratio-

2025 3537 2108 3591 nis
2138 3549 2386 3608 expertes
2414 3539 2715 3594 animantes
2743 3540 2873 3594 alias
2901 3539 3141 3609 ejusdem
3184 3542 3394 3611 generis
3437 3547 3617 3595 venari

2023 3630 2268 3699 possint,
2302 3645 2400 3685 nos
2441 3641 2622 3686 autem
2648 3632 2856 3687 ratione
2886 3642 3137 3703 tantaque
3159 3635 3417 3703 sapientia
3458 3650 3617 3689 exor-

2026 3724 2135 3773 nati
2168 3722 2327 3775 talem
2362 3731 2637 3792 capturam
2668 3723 3001 3793 negligamus
3020 3725 3043 3778 ?
3062 3723 3333 3793 Superiori
3360 3728 3617 3781 concione

2024 3830 2119 3866 vos
2148 3815 2197 3867 in
2228 3814 2341 3869 hare
2367 3816 2530 3869 verba
2573 3815 2883 3870 cohortatus
2927 3831 3045 3871 sum
3070 3858 3085 3883 ,
3132 3818 3493 3887 unusquisque
3525 3832 3616 3871 ve-

2023 3914 2193 3958 strum
2225 3905 2290 3959 ad
2324 3906 2555 3975 proximi
2584 3906 2804 3961 domum
2836 3908 3036 3977 pergite
3061 3949 3075 3973 ,
3106 3917 3360 3963 exeuntes
3392 3920 3616 3978 praesto-

2023 3994 2244 4061 lamini,
2295 3996 2647 4066 prehendite,
2689 4006 2851 4067 atque
2894 3998 2961 4052 ad
3005 4012 3343 4052 communem
3391 4008 3615 4054 matrem

2022 4086 2269 4141 adducite
2301 4106 2315 4143 :
2345 4088 2567 4159 illosque
2590 4088 2679 4159 qui
2708 4090 2758 4142 in
2788 4089 3089 4159 spectacula
3119 4090 3444 4144 theatrorum
3475 4092 3618 4145 insa-
3692 4074 3695 4075 ν

2024 4180 2180 4233 nittnt
2206 4180 2526 4247 imitamini,
2557 4183 2646 4252 qui
2673 4195 2883 4235 summo
2912 4181 3088 4235 studio
3128 4183 3279 4251 quasi
3318 4186 3617 4250 composito

2023 4270 2163 4326 inter
2191 4286 2250 4326 se
2278 4272 2489 4341 agmine
2511 4314 2526 4338 ,
2556 4287 2674 4325 cum
2716 4272 2886 4341 prima
2931 4272 3049 4327 luce
3075 4272 3141 4327 ad
3184 4272 3440 4327 nefarium
3487 4274 3616 4327 illud

2021 4365 2384 4433 spectaculum
2432 4366 2793 4420 contuendum
2833 4375 3165 4435 exspectant.
3223 4370 3287 4420 At
3339 4367 3468 4421 nihil
3528 4366 3614 4420 illa

2021 4467 2206 4512 nostra
2233 4458 2607 4513 cohortatione
2627 4458 3010 4528 promovimus.
3037 4457 3238 4513 Idcirco
3266 4474 3447 4513 rursus
3471 4457 3613 4522 dico,

2020 4564 2194 4618 neque
2218 4546 2399 4604 dicere
2426 4549 2689 4615 desinam,
2712 4549 2884 4604 donec
2912 4564 3250 4619 persuasero.
3276 4548 3419 4604 Nihil
3448 4550 3610 4621 prod-

2019 4649 2103 4695 est
2144 4640 2463 4695 auscultatio
2487 4682 2501 4706 ,
2534 4639 2636 4695 nisi
2664 4640 2809 4695 illam
2834 4641 2976 4696 actio
3015 4642 3317 4696 comitetur.
3350 4640 3465 4696 hno
3487 4656 3619 4696 vero

2020 4732 2317 4801 graviorem
2361 4733 2515 4787 nobis
2554 4748 2767 4802 pinnam
2812 4734 3076 4800 accersit,
3117 4749 3240 4788 cum
3277 4733 3467 4790 eadem
3511 4733 3619 4789 fre-

2018 4832 2249 4893 quenter
2271 4824 2551 4879 audientes
2574 4864 2591 4891 ,
2622 4825 2754 4879 nihil
2782 4840 2969 4879 eorum
2995 4833 3314 4895 praestamus
3338 4865 3354 4891 ,
3384 4841 3505 4896 quae
3530 4825 3618 4880 di.

2017 4923 2231 4969 cuntur.
2268 4914 2336 4969 Et
2374 4930 2503 4971 vero
2543 4916 2717 4986 majus
2755 4917 3075 4986 supplicium
3117 4916 3399 4972 imminere
3422 4957 3438 4983 ,
3487 4917 3615 4971 audi

2017 5021 2125 5077 quo
2154 5016 2310 5077 pacto
2338 5008 2582 5062 Christus
2608 5007 2805 5063 indicet
2834 5026 2848 5063 :
2891 5008 2955 5063 Si
2987 5024 3087 5062 non
3115 5009 3359 5062 venissem
3381 5049 3395 5072 ,
3439 5018 3488 5063 et
3532 5010 3612 5063 lo-

2017 5112 2203 5174 quutus
2230 5102 2438 5171 fuissem
2468 5102 2539 5156 cis
2562 5142 2578 5168 ,
2607 5110 2867 5171 peccatum
2892 5117 2994 5155 non
3023 5102 3261 5156 haberent
3287 5117 3308 5157 :
3342 5118 3477 5157 nunc
3521 5119 3618 5155 aa-

2020 5203 2117 5246 lem
2143 5194 2517 5247 excusationem
2543 5209 2645 5247 non
2674 5193 2855 5246 habent
2876 5192 2939 5246 de
2959 5200 3166 5263 peccato
3186 5208 3278 5247 suo
3300 5191 3319 5265 (
3338 5191 3495 5246 Joan.
3523 5193 3610 5246 15.

2015 5286 2089 5339 22
2114 5289 2154 5357 );
2186 5294 2243 5341 et
2269 5287 2542 5356 apostolus
2570 5286 2815 5357 pariter:
2857 5284 2980 5340 Non
3016 5286 3149 5339 enim
3190 5285 3449 5339 auditores
3489 5284 3614 5354 legis

2007 5382 2137 5449 justi
2159 5389 2275 5434 sunt
2300 5381 2439 5451 apud
2470 5379 2630 5433 Deum
2654 5420 2668 5444 ,
2696 5379 2785 5433 sed
2828 5381 3047 5449 factores
3083 5379 3208 5449 legis
3244 5375 3609 5449 justiﬁcabun-

2015 5483 2097 5526 tur
2126 5474 2143 5545 (
2172 5472 2315 5527 Rom.
2348 5472 2401 5526 2.
2436 5472 2567 5542 l3).
2613 5474 2790 5542 Atque
2830 5470 2897 5525 ad
2935 5471 3205 5525 auditores
3250 5468 3464 5538 quidem
3508 5467 3608 5521 ista

2014 5564 2263 5618 dicuntur
2294 5583 2305 5617 :
2336 5565 2521 5619 volens
2544 5574 2721 5617 autem
2744 5563 3175 5617 concionatorem
3207 5562 3377 5629 ipsum
3405 5557 3602 5613 docere

2014 5671 2082 5709 ne
2112 5657 2210 5725 ipsi
2237 5654 2450 5724 quidem
2481 5655 2642 5709 ullam
2673 5670 2743 5710 ex
2771 5654 3008 5709 doctrina
3036 5696 3051 5720 ,
3100 5668 3257 5723 quam
3305 5649 3606 5705 communi-

2013 5754 2098 5799 cat
2123 5790 2136 5811 ,
2169 5747 2447 5801 utilitatem
2472 5762 2591 5802 esse
2618 5747 2967 5802 obventuram
2992 5785 3009 5812 ,
3054 5746 3097 5799 si
3137 5742 3599 5798 conversationem

2014 5854 2133 5893 cum
2160 5838 2398 5896 doctrina
2420 5855 2525 5897 non
2558 5839 2750 5895 habeat
2772 5841 3071 5910 copulatam
3096 5877 3112 5906 ,
3138 5843 3195 5891 et
3216 5836 3379 5891 vitam
3406 5846 3601 5890 conve-
