3964 6342
342 357 445 413 ΠΩ

340 473 574 527 trientem
615 470 881 536 orationi,
920 470 1042 526 audi
1082 484 1188 541 quo
1223 478 1378 540 pacto
1417 468 1690 543 apostolus
1715 477 1768 523 et
1796 481 1923 540 pro-

342 563 499 632 pheta
528 562 579 617 in
610 561 754 617 illum
781 562 1116 618 invehamur.
1146 562 1276 617 Nam
1307 562 1392 616 hic
1429 560 1643 631 quidem
1685 561 1765 616 sic
1800 560 1877 616 ait
1903 576 1921 618 :

348 653 605 708 Peecatori
633 663 800 709 autem
826 655 955 708 dicit
984 651 1121 709 Deus
1148 670 1166 708 :
1191 655 1362 721 Quare
1386 663 1438 706 tu
1468 670 1674 707 enarrat
1697 652 1926 725 justitias

342 762 478 799 meas
499 785 516 811 ,
548 754 595 800 et
624 746 839 799 assumis
875 754 1221 800 testamentum
1259 760 1423 798 meum
1458 759 1546 814 per
1578 760 1635 798 os
1667 754 1804 797 tuum
1828 784 1845 810 ,
1872 752 1926 795 tu

342 853 456 892 vero
482 838 632 891 odisti
660 838 982 906 disciplinam
1015 836 1199 909 (Psal.
1230 837 1319 891 49.
1353 837 1440 891 16.
1469 836 1534 890 l7
1560 836 1605 905 )i
1640 834 1927 905 Apostolus

340 939 519 983 autem
549 944 671 983 cum
701 930 753 982 in
784 929 1001 984 eosdem
1032 929 1162 983 istos
1189 943 1375 983 rursus
1404 927 1670 981 invehitur
1693 968 1706 989 ,
1735 926 1827 996 qui
1856 925 1927 980 ob

345 1018 641 1072 doctrinam
680 1019 961 1089 magnifice
998 1019 1066 1074 de
1112 1034 1170 1073 se
1209 1021 1445 1073 sentiunt
1468 1058 1482 1082 ,
1528 1017 1599 1072 ita
1648 1017 1929 1086 loquitur:

346 1110 575 1177 Conﬁdis
605 1112 816 1181 teipsunt
845 1127 951 1166 esse
973 1112 1150 1165 ducem
1174 1126 1421 1165 caecorum
1444 1152 1458 1176 ,
1504 1111 1676 1164 lumen
1720 1123 1891 1162 eorum
1910 1148 1925 1169 ,

345 1202 431 1270 qui
474 1203 527 1254 in
563 1202 775 1255 tenebris
810 1212 963 1269 sunt,
1006 1202 1306 1256 eruditorem
1343 1201 1685 1271 insipientium
1709 1241 1723 1264 ,
1769 1200 1931 1269 magi-

348 1302 507 1345 strum
536 1294 826 1363 infantium.
864 1294 967 1361 Qui
1003 1310 1123 1365 ergo
1165 1295 1322 1348 alium
1359 1295 1536 1358 doces,
1580 1293 1792 1364 teipsum
1830 1307 1930 1346 non

350 1384 499 1438 doces
526 1383 716 1456 (Rom.
749 1385 802 1440 2.
839 1386 1076 1455 19-21)?

419 1475 645 1531 Lectioni
673 1478 958 1547 Scriptura
981 1478 1238 1532 addantur
1260 1477 1391 1531 bona
1413 1494 1582 1547 opera.
1614 1506 1686 1517 --
1708 1474 1931 1541 Quando

350 1569 508 1638 igitur
548 1584 721 1640 neque
766 1570 894 1624 mihi
932 1571 1022 1640 qui
1057 1570 1177 1625 dico
1201 1610 1216 1636 ,
1244 1569 1500 1639 prodesse
1542 1577 1752 1640 potest,
1792 1565 1933 1637 quod

350 1660 511 1714 verba
544 1659 729 1715 faciam
759 1700 775 1725 ,
808 1675 979 1731 neque
1002 1660 1154 1715 vobis
1179 1661 1512 1716 audientibus
1537 1703 1551 1724 ,
1590 1658 1729 1729 quod
1753 1658 1936 1713 audia-

353 1752 419 1804 tis
443 1794 459 1815 ,
493 1752 590 1806 nisi
634 1753 790 1807 dictis
836 1754 1232 1823 obtemperetur
1253 1793 1271 1819 ,
1297 1753 1390 1808 sed
1423 1761 1478 1808 et
1530 1753 1696 1821 magis
1731 1750 1932 1806 conde-

351 1850 499 1897 tnnnt
527 1861 540 1895 :
574 1856 641 1897 ne
669 1843 781 1898 sola
818 1843 1089 1899 auditione
1120 1852 1271 1899 tenus
1289 1844 1521 1898 studium
1550 1843 1894 1897 exhibeamus
1917 1876 1932 1904 ,

352 1934 444 1986 sed
494 1933 744 2003 operibus
791 1934 952 1989 etiam
999 1947 1061 1990 ea
1107 1949 1226 2005 quae
1271 1934 1518 1989 dicuntur
1565 1934 1930 1988 observemus.

356 2028 557 2080 Bonum
588 2026 803 2097 quidem
851 2036 937 2082 est
975 2027 1240 2082 assiduam
1284 2041 1559 2081 sacrorum
1605 2026 1933 2093 eloquiorum

352 2118 607 2172 auditioni
629 2132 845 2188 operam
866 2119 993 2173 dare
1017 2136 1032 2185 ;
1056 2119 1149 2173 sed
1170 2128 1224 2173 et
1250 2120 1350 2173 hoc
1380 2119 1577 2173 bonum
1600 2117 1783 2172 inutile
1812 2116 1935 2170 red-

353 2208 497 2261 ditur
519 2249 534 2274 ,
563 2210 609 2263 sl
634 2210 972 2278 conjunctam
1000 2211 1281 2265 utilitatem
1312 2193 1425 2263 non.
1445 2209 1636 2263 habeat
1659 2249 1673 2275 ,
1716 2223 1834 2278 quae
1872 2223 1938 2261 ex

354 2298 658 2353 obedientia
685 2301 940 2354 nascitur.
967 2300 1045 2357 Ne
1070 2301 1228 2371 igitur
1257 2301 1343 2355 hic
1366 2300 1562 2355 frustm
1589 2299 1935 2364 conveniatis,

358 2390 503 2444 omni
530 2391 706 2445 studio
729 2432 747 2459 ,
774 2390 918 2461 quod
945 2406 974 2445 a
1016 2391 1168 2447 vobis
1202 2392 1449 2463 precibus
1478 2405 1618 2461 saepe
1646 2391 1893 2446 contendi
1918 2430 1935 2457 ,

358 2495 532 2549 neque
559 2481 885 2537 contendere
913 2482 1153 2537 desinam
1178 2524 1193 2548 ,
1231 2482 1419 2537 fratres
1463 2481 1616 2536 nobis
1652 2482 1895 2535 adducite
1920 2522 1936 2548 ,

358 2574 712 2635 cohortamini
740 2584 981 2631 errantes
1007 2614 1022 2639 ,
1052 2576 1331 2631 consilium
1357 2576 1479 2631 date
1506 2592 1610 2631 non
1638 2577 1800 2631 verbo
1826 2587 1941 2630 tan-

357 2673 469 2718 tum
494 2705 510 2731 ,
550 2664 645 2719 sed
692 2664 853 2721 etiam
890 2680 1073 2737 opere.
1115 2667 1280 2737 Major
1311 2676 1394 2722 est
1422 2669 1516 2721 ista
1544 2666 1785 2721 doctrina
1824 2683 1941 2737 qua:

359 2756 598 2811 moribus
625 2797 641 2823 ,
669 2770 789 2826 quae
816 2759 1218 2813 conversatione
1246 2758 1533 2829 profertur.
1564 2758 1679 2815 Etsi
1708 2759 1836 2812 nihil
1861 2758 1938 2813 di-

358 2861 448 2901 cas
470 2885 489 2914 ,
518 2849 562 2901 si
590 2857 793 2904 tantum
820 2863 980 2904 exeas
1004 2864 1035 2905 e
1058 2850 1281 2906 collecta
1305 2892 1320 2917 ,
1362 2862 1415 2906 et
1457 2861 1675 2907 externa
1721 2852 1899 2921 specie
1924 2894 1938 2916 ,

360 2949 579 3009 aspectu
603 2981 618 3005 ,
651 2954 781 2996 voce
804 2981 821 3009 ,
844 2942 1052 2997 incessu
1071 2982 1088 3006 ,
1115 2952 1171 2997 et
1194 2952 1300 2997 tota
1329 2945 1532 3013 reliqua
1559 2944 1798 2998 modesta
1820 2959 1937 2999 cor-

364 3031 510 3100 poris
534 3033 920 3102 compositione
944 3035 1147 3090 lucrum
1172 3074 1188 3102 ,
1232 3035 1373 3104 quod
1416 3035 1539 3090 hinc
1578 3050 1827 3106 egressus
1862 3044 1940 3089 te-

363 3137 482 3175 cum
509 3124 735 3178 retulisti
760 3164 775 3189 ,
805 3125 1057 3179 ostendas
1083 3126 1388 3181 hominibus
1412 3166 1427 3195 ,
1455 3128 1543 3197 qui
1571 3128 1811 3182 collectae
1837 3142 1942 3182 non

363 3213 717 3269 interfuerunt
738 3252 754 3279 ,
783 3214 848 3269 ad
877 3216 1298 3272 cohortationem
1324 3226 1377 3273 et
1404 3219 1683 3273 consilium
1715 3220 1765 3272 id
1792 3219 1943 3273 suffi-

363 3302 456 3357 cit.
485 3302 577 3358 Sic
603 3307 744 3358 enim
773 3305 950 3374 egredi
980 3320 1076 3359 nos
1100 3306 1221 3361 hinc
1244 3316 1491 3376 oportet,
1516 3310 1663 3377 quasi
1688 3324 1753 3363 ex
1782 3311 1946 3363 sacris

364 3394 541 3464 adytis
568 3432 584 3458 ,
627 3397 775 3465 quasi
801 3396 869 3451 de
897 3396 1029 3452 ctelo
1052 3397 1297 3467 delapsos
1317 3439 1332 3463 ,
1378 3400 1733 3455 modestiores
1772 3400 1947 3454 reddi-

367 3496 449 3540 tos
475 3525 488 3549 ,
525 3485 993 3556 philos0phantes,
1035 3489 1309 3544 moderate
1334 3504 1396 3543 ac
1427 3500 1717 3559 temperate
1755 3501 1945 3546 cuncta

366 3575 619 3630 facientes
645 3590 708 3630 ac
732 3577 969 3632 dicentes
995 3594 1007 3631 :
1037 3587 1090 3633 et
1117 3594 1251 3633 uxor
1279 3581 1526 3634 maritum
1557 3596 1586 3633 a
1617 3582 1837 3636 collecta
1866 3598 1950 3638 re-

369 3666 650 3721 cedentem
676 3668 863 3722 videns
888 3710 903 3734 ,
937 3678 991 3723 et
1020 3669 1187 3723 filium
1218 3679 1367 3739 pater
1390 3711 1406 3735 ,
1447 3681 1501 3726 et
1535 3682 1737 3741 patrem
1772 3672 1910 3726 [ilius
1930 3714 1944 3738 ,

365 3768 423 3813 et
445 3757 720 3812 dominum
746 3774 930 3815 servus
954 3801 969 3827 ,
997 3769 1052 3815 et
1077 3761 1304 3816 amicum
1332 3763 1535 3818 amicus
1559 3806 1572 3827 ,
1604 3748 1655 3819 et
1681 3766 1948 3820 inimicmn

369 3849 614 3905 inimicus
638 3890 653 3917 ,
679 3866 866 3906 omnes
890 3853 1128 3907 utilitatis
1154 3868 1369 3907 sensum
1398 3855 1645 3924 capiant,
1688 3873 1844 3926 quatn
1884 3873 1950 3910 ex

372 3943 474 3997 hoc
501 3952 763 3997 conventu
786 3945 1173 4013 reportavimus
1196 3962 1209 3998 :
1233 3946 1444 4015 capient
1466 3955 1642 4000 autem
1667 3989 1680 4010 ,
1708 3948 1751 4001 si
1779 3948 1950 4002 mitio-

371 4048 482 4101 res,
505 4035 547 4089 si
575 4035 941 4103 patientiores,
966 4036 1011 4089 si
1042 4036 1397 4106 religiosiores
1435 4050 1530 4091 vos
1572 4036 1739 4092 factos
1776 4038 1948 4091 anim-

372 4125 668 4179 advertant.
721 4124 902 4195 Cogita
959 4126 1153 4195 quibus
1209 4129 1476 4198 mysteriis
1538 4129 1798 4183 interesse
1861 4129 1951 4182 tibi

370 4214 554 4269 datum
586 4216 694 4280 sit,
727 4216 818 4284 qui
861 4216 1098 4271 initiatus
1139 4231 1196 4272 es
1220 4255 1237 4284 ,
1279 4233 1400 4271 cum
1436 4219 1625 4288 quibus
1672 4235 1758 4289 my
1792 4220 1952 4274 ticum

373 4305 521 4360 illum
548 4312 760 4361 cantqu
790 4305 984 4361 oii‘eras
1005 4348 1020 4370 ,
1063 4323 1183 4362 cum
1210 4308 1401 4378 quibus
1444 4318 1525 4365 ter
1564 4321 1805 4365 sanctum
1850 4311 1949 4383 hy-

374 4413 561 4453 mnum
594 4399 924 4468 pronunties.
965 4400 1106 4455 Doce
1132 4403 1395 4470 profanos,
1430 4411 1480 4457 te
1520 4420 1640 4457 cum
1673 4404 1952 4473 Seraphim

371 4491 598 4545 choreas
621 4491 851 4561 agitasse
875 4531 890 4557 ,
919 4502 970 4546 te
995 4491 1061 4545 ad
1088 4493 1359 4549 czelestem
1382 4496 1634 4565 populum
1666 4498 1953 4565 pertinere,

371 4592 425 4638 te
471 4584 523 4637 in
565 4583 790 4638 chorum
833 4585 1141 4655 angelorum
1182 4586 1505 4657 adscriptum
1549 4604 1709 4656 esse,
1739 4598 1791 4645 te
1834 4606 1954 4645 cum

373 4677 600 4732 Domino
628 4677 993 4747 colloquutum
1020 4693 1138 4733 esse
1162 4719 1177 4745 ,
1209 4687 1260 4734 te
1288 4696 1407 4734 cum
1433 4681 1648 4737 Christo
1676 4700 1795 4739 esse
1821 4702 1955 4740 con-

369 4781 634 4837 gressum.
665 4767 723 4825 Si
763 4784 864 4824 nos
898 4770 968 4825 ita
1005 4772 1461 4841 composuerimus
1483 4814 1499 4841 ,
1543 4775 1677 4829 nihil
1718 4780 1957 4835 oratione

370 4873 506 4927 opus
547 4860 654 4915 erit
695 4876 820 4930 erga
866 4861 1019 4927 illos,
1055 4863 1144 4932 qui
1183 4879 1288 4918 non
1331 4863 1723 4933 interfuerunt,
1770 4870 1861 4923 sed
1891 4887 1957 4925 ex

372 4948 613 5018 profectu
652 4961 838 5007 nostro
879 4952 1143 5022 jacturam
1188 4970 1341 5010 suam
1385 4958 1811 5015 animadverterit
1839 5004 1854 5024 ,
1904 4974 1959 5018 et

370 5038 653 5095 confestim
680 5054 957 5099 accurrent
983 5085 1000 5112 ,
1030 5055 1087 5100 ut
1130 5046 1318 5101 iisdem
1358 5050 1654 5105 commodis
1679 5056 1956 5121 perfruan-

375 5142 481 5185 tur.
514 5129 647 5186 Cum
672 5135 813 5188 enim
839 5137 1027 5191 animae
1048 5148 1239 5193 vestra:
1267 5140 1712 5208 pulchritudinem
1733 5160 1798 5199 ex
1828 5148 1958 5216 ipsis

376 5222 623 5279 sensibus
649 5223 878 5280 viderint
906 5228 1226 5284 relucentem
1253 5272 1267 5294 ,
1296 5230 1421 5286 licet
1448 5234 1683 5288 omnium
1715 5238 1820 5290 sint
1848 5250 1958 5293 stu-

379 5319 640 5390 pidissimi
665 5362 681 5387 ,
713 5322 779 5376 ad
806 5324 1147 5393 cupiditatem
1169 5331 1347 5385 eximii
1380 5334 1540 5387 vestri
1571 5332 1778 5387 decoris
1806 5348 1960 5386 exar-

374 5412 616 5468 descent.
646 5412 701 5469 Si
741 5414 882 5469 enim
928 5415 1096 5472 forma
1136 5423 1375 5491 corporis
1412 5425 1611 5479 excitat
1655 5426 1955 5489 intuentes,

378 5504 545 5559 multo
579 5506 750 5577 magis
788 5508 983 5563 anima:
1024 5512 1358 5580 pulchritudo
1399 5526 1748 5585 spectatorem
1787 5529 1960 5587 potest

377 5610 755 5665 commovere,
787 5612 947 5671 atque
988 5603 1052 5656 ad
1092 5604 1320 5660 similem
1362 5610 1530 5663 zelum
1563 5609 1784 5664 hortari.
1816 5609 1957 5665 lntc-

376 5686 575 5742 riorem
605 5689 765 5759 igitur
809 5692 1077 5749 hominem
1115 5706 1353 5753 nostrum
1400 5717 1719 5757 exornemus
1744 5743 1759 5769 ,
1790 5712 1843 5758 et
1869 5720 1959 5757 eo-

380 5791 497 5833 rum
532 5796 650 5849 qua:
696 5781 780 5838 hic
825 5784 963 5840 dicta
1012 5786 1201 5843 fuerint
1243 5788 1370 5845 foris
1414 5793 1799 5850 recordemur:
1850 5796 1955 5851 illic

1073 358 1131 415 S.
1170 355 1452 415 JOANNIS
1491 352 1967 411 CHRYSOSTOMI
2005 352 2318 411 ARCHIEP.
2360 354 2899 414 CONSTANTINOP.

3509 356 3615 411 130

2032 467 2175 522 enini
2206 478 2263 522 ut
2304 469 2537 525 maxime
2575 484 2841 526 memores
2876 471 3045 527 simus
3075 479 3283 542 tempus
3315 475 3513 544 exigit;
3559 487 3619 528 et

2028 556 2477 626 quemadmouum
2506 558 2707 615 athleta
2729 600 2745 626 ,
2778 575 2899 631 qua:
2944 561 3004 616 in
3050 562 3289 632 palmstra
3327 562 3616 628 didicerit,

2028 659 2215 700 eorum
2247 648 2298 701 in
2331 649 2712 705 certaminibus
2736 653 3008 721 specimen
3033 651 3143 707 edit
3174 670 3188 705 :
3222 654 3300 708 sic
3328 668 3427 708 nos
3449 655 3619 709 etiam

2028 752 2150 806 quae
2192 737 2277 794 hic
2315 741 2601 809 audimus,
2646 743 2701 798 in
2738 744 2975 799 externis
3021 746 3247 816 negotiis
3283 756 3496 817 Oportet
3524 760 3602 801 os-

2030 827 2268 883 tendere.

2101 918 2153 973 5.
2186 918 2387 975 Mentor
2417 922 2578 991 igitur
2599 938 2786 979 eorum
2824 934 2941 981 esto
2965 941 3085 995 qua:
3129 926 3215 982 hic
3252 928 3523 992 dicuntur,
3561 937 3626 983 ut

2031 1023 2151 1063 cum
2176 1026 2421 1081 egressus
2446 1013 2632 1082 fueris,
2662 1025 2718 1070 et
2747 1025 2798 1071 te
2826 1017 3066 1073 diabolus
3097 1020 3179 1074 vel
3224 1036 3319 1089 per
3345 1021 3500 1085 iram,
3539 1024 3623 1076 vel

2033 1113 2131 1168 per
2157 1102 2366 1157 inanem
2390 1104 2637 1172 gloriam,
2662 1107 2745 1161 vel
2778 1122 2875 1177 per
2889 1109 3046 1163 aliam
3072 1109 3300 1177 aliquam
3320 1112 3626 1179 passionem

2035 1192 2308 1261 invaserit,
2335 1196 2453 1265 ejus
2481 1196 2738 1253 doctrinae
2763 1214 2990 1264 memor,
3016 1216 3118 1270 qua
3150 1200 3235 1255 hic
3280 1201 3514 1256 imbutus
3539 1219 3624 1267 es,

2034 1279 2188 1339 facile
2222 1285 2396 1353 possis
2436 1287 2560 1341 mali
2600 1287 2821 1358 laqueos
2856 1298 2913 1345 et
2949 1305 3119 1346 nexus
3151 1290 3399 1347 evadere.
3438 1292 3629 1348 Nonne

2035 1372 2225 1427 videtis
2241 1373 2293 1427 in
2312 1375 2497 1431 stadiis
2519 1379 2839 1447 paulotribas
2857 1395 2920 1436 ac
2940 1382 3197 1452 palaestrae
3222 1382 3522 1453 magistros,
3535 1385 3628 1452 qui

2035 1480 2155 1520 cum
2178 1476 2299 1535 post
2323 1468 2467 1523 mille
2496 1472 2786 1525 certamina
2827 1473 3156 1527 vacationem
3201 1473 3453 1544 deinceps
3480 1490 3510 1527 a
3541 1474 3630 1528 lu-

2036 1556 2138 1612 ctis
2172 1558 2432 1615 beneﬁcio
2471 1562 2644 1616 aetatis
2685 1564 3012 1634 acceperint,
3058 1574 3207 1619 extra
3250 1564 3476 1621 stadium
3520 1581 3629 1620 non

2039 1646 2195 1717 longe
2223 1649 2290 1703 ab
2311 1649 2429 1718 ipso
2459 1651 2678 1720 pulvere
2708 1653 2958 1709 sedentes
2999 1654 3063 1709 iis
3091 1656 3181 1725 qui
3221 1664 3347 1710 sunt
3384 1656 3527 1711 intus
3564 1673 3633 1712 ac

2038 1736 2316 1794 decertant
2339 1740 2618 1797 clamando
2633 1757 2935 1813 suggerere,
2964 1754 3021 1798 ut
3036 1760 3250 1800 manum
3275 1747 3628 1817 prehendant,

2038 1841 2097 1885 ut
2125 1847 2249 1887 crus
2279 1833 2568 1898 attrahant,
2603 1845 2661 1890 ut
2687 1836 2904 1892 dorsum
2931 1838 3203 1906 invadant,
3245 1848 3299 1894 et
3332 1840 3433 1894 alia
3464 1841 3631 1893 multa

2039 1925 2301 1994 ejusmodi
2329 1937 2629 1994 monentes,
2661 1929 2707 1984 si
2737 1927 2839 1984 hoc
2866 1930 2949 1984 vel
2980 1930 3112 1984 illud
3139 1930 3350 1997 feceris,
3381 1931 3634 1985 adversa-

2040 2019 2177 2071 rium
2208 2016 2361 2073 facile
2385 2020 2440 2074 in
2469 2028 2664 2075 terram
2696 2020 2953 2076 extendes
2982 2039 2994 2075 :
3025 2020 3126 2076 hac
3150 2022 3355 2077 ratione
3398 2021 3636 2091 discipu-

2042 2110 2106 2165 lis
2166 2112 2528 2182 maximopere
2570 2114 2862 2183 prodesse?
2912 2114 2990 2168 Tu
3030 2130 3243 2185 quoque
3285 2116 3633 2185 ptedotribam

2041 2209 2191 2256 tuum
2221 2202 2434 2258 beatum
2464 2205 2681 2260 Paulum
2709 2208 2940 2273 intuere,
2969 2209 3058 2277 qui
3084 2218 3205 2277 post
3225 2222 3453 2264 coronas
3479 2210 3637 2264 innu-

2042 2309 2238 2359 meras,
2267 2304 2418 2349 extra
2467 2296 2696 2351 stadium
2741 2313 2882 2353 nunc
2924 2300 3233 2365 considens,
3284 2300 3386 2355 hoc
3427 2310 3531 2365 est,
3567 2315 3637 2355 ex

2044 2381 2145 2438 hac
2167 2384 2270 2439 vita
2297 2400 2545 2455 egressus
2570 2388 2897 2442 certantibus
2914 2390 3065 2444 nobis
3081 2390 3358 2445 clamando
3380 2391 3635 2461 suggerit,

2043 2486 2098 2532 et
2121 2492 2214 2546 per
2240 2479 2494 2549 epistolas
2520 2495 2643 2536 suas
2668 2481 3008 2549 vociferatur,
3037 2498 3158 2537 cum
3181 2494 3454 2554 correptos
3473 2484 3541 2538 ab
3560 2485 3636 2537 ira

2045 2572 2255 2636 viderit,
2286 2573 2354 2625 ab
2385 2574 2693 2641 injuriarum
2718 2576 2998 2641 memoria,
3043 2584 3201 2646 atque
3229 2590 3259 2629 a
3301 2576 3639 2645 passionibus

2046 2678 2353 2734 oppressos,
2399 2665 2461 2719 Si
2485 2667 2713 2720 esurierit
2753 2667 3276 2731 inintieustuus,eiba
3299 2667 3637 2738 illum(Rom.

2048 2754 2135 2809 12.
2168 2754 2239 2808 20
2261 2751 2301 2826 ).
2335 2755 2405 2810 Et
2426 2757 2872 2826 quemadmodum
2909 2758 3038 2813 dicit
3073 2759 3333 2828 palaestra:
3365 2760 3639 2829 magister,

2046 2845 2091 2899 si
2136 2844 2238 2899 hoc
2282 2847 2363 2899 vel
2391 2847 2515 2901 illud
2558 2848 2771 2915 feceris,
2825 2849 3188 2903 adversarium
3226 2850 3527 2919 superabis,
3572 2849 3640 2904 ita

2048 2937 2263 3006 subjicit
2290 2938 2375 2993 hic
2402 2954 2615 3009 quoque
2646 2958 2658 2989 :
2699 2940 2808 2994 Hoc
2836 2942 2969 2994 enim
3005 2943 3219 3013 faciens,
3244 2942 3485 2996 carbones
3509 2943 3641 3012 ignis

2048 3045 2281 3099 congeres
2301 3046 2451 3100 super
2474 3033 2771 3102 caputeius.
2794 3031 2993 3087 Verum
3024 3033 3149 3088 dum
3174 3035 3341 3103 legem
3365 3048 3640 3102 percurro,

2050 3122 2273 3188 qumstio
2311 3122 2465 3177 nobis
2493 3124 2745 3189 occurrit,
2800 3140 2920 3194 qua
2958 3140 3021 3179 ex
3070 3125 3183 3193 ipsa
3229 3124 3375 3179 nasci
3413 3125 3641 3192 videtur,

2051 3225 2106 3266 et
2151 3214 2331 3265 multis
2382 3213 2637 3267 adversus
2693 3215 2909 3268 Paulum
2964 3216 3400 3284 reprehensionis
3460 3232 3643 3269 ausam

2052 3306 2377 3373 suppeditat,
2401 3322 2557 3376 quam
2582 3308 2840 3362 hodierno
2856 3308 2944 3363 die
2970 3308 3128 3363 statui
3151 3309 3302 3363 vobis
3324 3310 3377 3363 in
3411 3309 3645 3363 ntedium

2053 3395 2264 3450 ail'erre.
2299 3396 2433 3465 Quid
2479 3412 2606 3465 ergo
2632 3398 2845 3453 tandem
2882 3408 2986 3466 est,
3021 3399 3162 3470 quod
3205 3412 3414 3455 mentes
3461 3414 3647 3455 eorum

2058 3496 2241 3552 terret,
2270 3490 2362 3558 qui
2389 3490 2671 3559 diligenter
2694 3492 2871 3547 omnia
2900 3492 3085 3547 nolunt
3114 3493 3402 3547 excutere?
3419 3492 3557 3548 Cum
3582 3492 3649 3547 ab

2058 3580 2134 3633 ira
2161 3589 2437 3635 revocaret
2466 3581 2686 3648 Paulus,
2730 3584 2922 3653 inquit,
2966 3592 3020 3639 et
3049 3594 3108 3638 ut
3134 3585 3397 3639 mansueti
3439 3592 3646 3647 essent,

2056 3684 2121 3725 ac
2167 3672 2394 3726 modesti
2442 3688 2567 3742 erga
2619 3675 2913 3743 proximos,
2957 3674 3229 3740 suaderet,
3263 3674 3384 3729 illos
3421 3674 3647 3744 amplius

2056 3762 2392 3827 exasperavit
2419 3771 2472 3817 et
2498 3764 2768 3819 iracundia
2808 3764 3174 3819 inflammavit.
3202 3764 3354 3832 Quod
3387 3766 3534 3819 enim
3563 3763 3644 3819 di-

2057 3856 2153 3916 xit,
2173 3856 2233 3909 δί
2255 3857 2485 3909 εδιυοὶενὶι
2512 3858 2746 3910 inimicus
2771 3868 2908 3924 tuus,
2930 3858 3039 3911 ciba
3058 3858 3228 3923 illum;
3255 3858 3299 3911 si
3318 3858 3443 3921 sitit,
3477 3867 3647 3928 potum

2057 3945 2125 3997 da
2150 3946 2248 4009 illi,
2274 3948 2587 4016 praeclarum
2620 3948 2923 4003 mandatum
2950 3957 3052 4014 est,
3080 3957 3135 4003 et
3162 3948 3515 4018 philosophia
3542 3948 3646 4017 pleo

2057 4052 2211 4104 num,
2240 4053 2303 4093 ac
2352 4047 2464 4093 tum
2497 4042 2696 4111 agenti,
2769 4050 2877 4096 tum
2923 4042 3143 4111 patienti
3208 4042 3438 4111 perutile
3470 4060 3483 4096 :
3512 4040 3646 4110 quod

2063 4148 2191 4187 vero
2236 4133 2430 4188 deinde
2478 4134 2739 4204 sequitur,
2784 4135 3003 4189 multam
3058 4134 3217 4189 habet
3256 4134 3643 4197 difﬁcultatem,

2062 4228 2390 4296 minimeque
2434 4228 2644 4282 videtur
2685 4242 2805 4282 cum
2835 4228 2975 4295 ejus,
3005 4227 3093 4295 qui
3124 4226 3299 4296 priora
3326 4225 3485 4289 dixit,
3529 4239 3647 4279 sen-

2062 4320 2228 4374 tentia
2242 4321 2549 4375 convenire.
2567 4318 2829 4386 Quidnam
2856 4333 2986 4373 vero
3008 4317 3133 4372 illud
3158 4327 3239 4371 est
3260 4317 3283 4369 3
3309 4316 3465 4384 Quod
3488 4316 3643 4379 dicat,

2063 4410 2177 4464 Hoc
2197 4421 2362 4464 autem
2390 4413 2601 4481 faciens,
2643 4410 2881 4464 carbones
2909 4411 3039 4482 ignis
3062 4425 3300 4480 congeres
3323 4423 3476 4478 super
3501 4416 3647 4478 caput

2062 4504 2193 4571 ejus.
2220 4501 2313 4557 llis
2361 4505 2502 4557 enim
2549 4503 2726 4557 verbis
2779 4512 2831 4558 et
2870 4516 2993 4556 eum
3020 4502 3107 4572 qui
3152 4502 3260 4571 agit
3299 4510 3356 4555 et
3397 4515 3520 4554 eum
3560 4499 3647 4569 qui

2064 4595 2262 4663 patitur
2283 4593 2447 4649 allicit
2472 4595 2683 4664 injuria,
2710 4610 2829 4649 cum
2854 4594 3005 4649 istius
3025 4604 3184 4663 caput
3206 4602 3414 4657 exurat,
3438 4599 3495 4647 et
3520 4591 3647 4662 ignis

2062 4688 2321 4743 carbones
2360 4689 2612 4755 imponat.
2655 4687 2807 4755 Quod
2841 4688 2983 4742 enim
3013 4696 3214 4741 tantum
3252 4686 3450 4741 bonum
3488 4685 3646 4739 obve-

2062 4780 2194 4847 niat,
2223 4794 2290 4834 ex
2317 4794 2383 4834 eo
2405 4780 2546 4850 quod
2575 4780 2781 4835 cibetur
2804 4789 2861 4833 et
2887 4787 3117 4848 potetur,
3146 4789 3403 4848 quantum
3456 4775 3646 4830 malum

2061 4887 2130 4927 ex
2158 4873 2583 4927 accumulatione
2601 4874 2891 4927 carbonum
2914 4872 3144 4940 illaque
3174 4871 3323 4924 illum
3358 4869 3452 4939 qui
3496 4869 3650 4923 bene-

2064 4966 2186 5019 ficio
2214 4964 2460 5031 aflicitur,
2490 4965 2677 5035 inquit,
2703 4963 2803 5018 hoc
2833 4973 2987 5034 pacto
3006 4963 3172 5017 aflicit
3205 4961 3421 5031 injuria,
3450 4974 3569 5015 cum
3601 4959 3650 5012 in

2064 5058 2235 5127 majus
2255 5058 2568 5127 supplicium
2591 5057 2736 5112 illum
2763 5057 3044 5126 conjiciat;
3074 5070 3195 5111 eum
3220 5068 3348 5109 vero
3373 5056 3464 5124 qui
3492 5054 3651 5109 bene-

2065 5147 2242 5202 ficium
2270 5148 2509 5213 contulit,
2564 5149 2668 5203 alio
2708 5163 2893 5202 rursus
2947 5146 3109 5201 modo
3144 5146 3309 5201 laedit.
3341 5144 3482 5212 Quid
3515 5143 3651 5198 enim

2065 5241 2267 5295 referre
2289 5240 2417 5293 lucri
2448 5249 2621 5309 potest
2647 5255 2711 5294 ex
2739 5255 2826 5305 eo,
2853 5237 2993 5308 quod
3018 5237 3087 5293 de
3116 5237 3345 5291 inimicis
3366 5236 3509 5291 bene
3542 5248 3651 5288 me-

2066 5344 2267 5399 reatur,
2315 5348 2433 5387 cum
2467 5333 2594 5387 illud
2633 5347 2729 5401 spe
2758 5331 3002 5401 supplicii
3042 5329 3243 5383 faciat?
3287 5326 3421 5383 Nam
3450 5328 3541 5397 qui
3574 5325 3653 5380 id-

2063 5427 2206 5480 circo
2234 5426 2375 5480 cibat
2417 5425 2496 5479 vel
2534 5433 2680 5495 potat
2706 5424 2998 5487 inimicum,
3027 5431 3087 5475 ut
3126 5422 3178 5475 in
3207 5429 3367 5490 caput
3394 5420 3513 5489 ejus
3536 5433 3653 5473 ear-

2064 5518 2231 5573 bones
2261 5527 2533 5587 congerat,
2561 5532 2665 5571 non
2693 5517 2955 5587 benignus
2980 5524 3035 5570 et
3060 5516 3322 5579 clemens,
3348 5513 3445 5568 sed
3463 5512 3652 5568 crude-

2065 5610 2131 5664 lis
2161 5618 2244 5665 est
2272 5620 2325 5665 et
2350 5610 2572 5664 immitis
2597 5609 2685 5679 qui
2736 5624 2833 5678 per
2877 5610 3126 5677 exiguum
3165 5606 3485 5661 beneficium
3530 5617 3653 5673 sup-

2065 5703 2283 5773 plicium
2311 5704 2628 5757 immensum
2663 5701 2875 5755 inferat.
2908 5699 3044 5766 Quid
3083 5698 3225 5753 enim
3267 5699 3509 5768 asperius
3542 5695 3650 5750 ﬁeri

2065 5805 2239 5854 potest
2287 5810 2369 5860 eo,
2401 5795 2486 5857 qui
2519 5804 2793 5862 propterea
2828 5794 3057 5859 nutriat,
3085 5800 3141 5847 ut
3168 5792 3218 5847 in
3246 5800 3404 5862 caput
3430 5790 3545 5858 ejus
3568 5787 3652 5857 qui
