3964 6342
197 376 295 437 ιτο

199 503 511 575 Προφήτης.
556 498 620 557 '0
670 496 769 571 μὶν
826 500 937 569 γάρ
976 512 1148 569 φησι·
1206 497 1293 563 Τῷ
1334 498 1405 552 δὲ
1458 498 1787 569 ἁμαρτωλῷ

190 588 366 649 εἶπεν
409 593 444 645 ό
479 592 647 656 Θεὸς,
682 589 812 644 Ἵνα
848 589 905 642 τι
943 588 1025 643 σὺ
1045 588 1296 658 nam”;
1325 590 1398 643 τὰ
1426 588 1789 659 δικαιώματά

189 701 342 756 μου.
400 682 501 737 καί
544 681 991 750 ἁναλαμϐἁνεις
1022 681 1139 747 τὴν
1187 681 1482 751 διαθήκην
1520 701 1641 752 μου
1688 683 1787 738 διὰ

191 778 497 846 στόματός
527 790 667 837 σου,
710 773 794 827 σὺ
824 773 895 827 δὲ
936 774 1235 843 ἐμίσησας
1284 775 1601 841 παιδείσν;
1642 775 1700 829 Ὀ
1729 775 1787 828 δὲ

203 868 529 931 ’Δτεόστολος
550 866 686 937 πρὸς
708 865 907 929 αὐτοὺς
932 865 1154 929 τούτους
1170 865 1331 920 πάλιν
1347 866 1783 937 ἀποτεινόμενος,

191 959 321 1022 τοὺς
361 960 457 1012 ἐπὶ
483 959 552 1029 τῇ
591 954 915 1026 διδασκαλίᾳ
946 954 1091 1026 μέγα
1111 955 1465 1028 φρονοῦντας,
1494 955 1639 1010 οὕτω
1666 973 1786 1020 πως

192 1048 361 1119 φησί·
397 1046 701 1111 Πέποιθας
740 1043 1008 1098 σεαυτὸν
1055 1043 1282 1114 ὁδηγὸν
1319 1040 1471 1098 εἶναι
1516 1044 1783 1113 τυφλῶν,

192 1138 321 1209 φῶς
360 1138 484 1192 τῶν
525 1137 597 1190 ἐν
644 1136 875 1201 σκότει,
908 1133 1243 1204 παιδευτὴν
1275 1136 1577 1206 ἀφρόνων,
1616 1136 1787 1191 διδά-

189 1235 439 1287 σκαλον
466 1228 736 1297 νηπίων*
772 1230 808 1282 ό
843 1220 959 1282 οὖν
1000 1226 1306 1281 διδάσκων
1338 1226 1565 1297 ἕτερον,
1604 1243 1786 1283 σεαυο

192 1325 298 1378 τὸν
333 1325 411 1377 οὐ
444 1318 787 1385 διδάσκεις;
821 1315 980 1371 Ἐπεὶ
1014 1312 1109 1372 οῦν
1141 1316 1268 1372 οὐτε
1289 1317 1391 1389 ἐμέ
1428 1318 1521 1373 τὸν
1556 1318 1785 1389 λέγοντα

190 1416 252 1470 τὸ
282 1414 496 1485 λέγειν,
523 1412 649 1466 οὐτε
670 1412 818 1483 ὑμᾶς
844 1410 974 1475 τοὺς
997 1409 1299 1475 ἀκούοντας
1326 1410 1388 1466 τὸ
1412 1411 1633 1466 ἀκούειν
1654 1411 1784 1466 ἀνευ

188 1508 285 1562 τοῦ
326 1506 616 1562 πείθεσθαι
648 1508 762 1570 τοῖς
791 1504 1111 1576 λεγομένοις
1143 1501 1427 1575 ὠφελῆσαι
1459 1503 1667 1558 δύναιτ’
1694 1503 1784 1569 ἀν,

185 1598 450 1655 ἀλλὰκαὶ
476 1596 836 1661 καταδικάζει
877 1594 1063 1663 πλέον,
1106 1594 1182 1667 μὴ
1234 1595 1396 1667 μέχρι
1427 1596 1527 1668 τῆς
1576 1596 1783 1668 ἀκροά-

192 1707 335 1755 σεως
354 1689 460 1762 τὴν
485 1687 726 1761 σπουδὴν
756 1687 1175 1759 ἐπιδειξώμεθα,
1201 1686 1319 1741 ἀλλ’
1344 1687 1439 1741 ἐπὶ
1469 1686 1579 1742 τῶν
1607 1686 1787 1758 ἔργων

189 1782 558 1853 φυλάττωμεν
594 1779 667 1834 τά
703 1778 993 1851 λεγόμενα.
1027 1778 1209 1834 Καλὸν
1245 1779 1345 1851 μὲν
1388 1777 1499 1850 γάρ
1524 1778 1586 1832 τὸ
1610 1778 1789 1851 διηνε-

188 1877 302 1941 κῶς
328 1873 691 1946 ἐνδιατρίϐειν
721 1871 884 1926 θείων
905 1872 1170 1945 ἀκροάσει
1195 1870 1412 1940 λογίων’
1442 1870 1581 1927 ἀλλά
1602 1871 1666 1924 τὸ
1686 1886 1787 1924 κα-

187 1968 281 2022 λὸν
308 1966 474 2021 τοῦτο
499 1968 773 2037 ἄχρηστον
799 1964 1030 2033 γίνεται,
1051 1962 1182 2018 ὅταν
1201 1963 1303 2035 τὴν
1325 1963 1390 2016 ἐκ
1410 1962 1512 2033 τῆς
1533 1963 1787 2033 ὑπακοῆς

186 2060 467 2131 ὠφέλειαν
496 2059 572 2129 μὴ
604 2056 703 2129 ἔχῃ
739 2055 1199 2127 συνεζευγμένην.
1229 2055 1349 2110 Ἵνα
1379 2049 1475 2108 οῦν
1509 2053 1584 2126 μὴ
1607 2054 1787 2127 μάτην

188 2152 434 2207 ἐνταῦθα
468 2148 825 2221 συλλέγησθε,
862 2145 1002 2220 μετά
1030 2147 1215 2217 πάσης
1244 2146 1504 2218 σπουδῆς,
1527 2147 1555 2201 ὃ
1587 2147 1786 2202 πολλά-

191 2262 278 2309 κις
310 2242 471 2315 ὑμῶν
498 2240 751 2313 ἐδεήθην,
790 2240 885 2294 καὶ
916 2238 1171 2311 δεόμενος
1209 2238 1273 2293 οὐ
1316 2238 1620 2311 παύσομαι,
1657 2240 1785 2305 τούς

189 2334 463 2403 ἀδελφοὺς
480 2331 615 2402 ἡμῖν
641 2329 1047 2392 ἐπισπάσασθε,
1069 2329 1197 2392 τοὺς
1222 2327 1614 2399 πλανωμένους
1638 2344 1783 2402 παρ-

187 2427 467 2489 αινέσατε,
500 2422 945 2493 συμϐουλεύσατε
968 2418 1121 2494 [164]
1160 2421 1235 2494 μὴ
1268 2420 1414 2493 λόγῳ
1443 2423 1625 2493 μόνον,
1647 2422 1783 2477 ἀλλά

189 2521 284 2573 καὶ
300 2520 473 2591 ἔργῳ.
485 2516 706 2581 Μείζων
722 2514 863 2586 αὕτη
880 2516 913 2587 ἡ
933 2513 1252 2569 διδασκαλία
1273 2516 1307 2585 ή
1320 2512 1410 2567 διὰ
1420 2512 1529 2567 τῶν
1542 2515 1781 2585 τρόπων,

188 2611 223 2681 ή
240 2609 332 2663 διά
350 2608 453 2678 τῆς
484 2606 786 2669 πολιτείας.
814 2605 937 2658 Κάν
966 2604 1130 2676 μηδὲν
1150 2604 1333 2676 εἴπῃς,
1354 2604 1575 2677 ἐξέλθῃς
1595 2606 1652 2659 δὲ
1674 2606 1784 2661 ἀπὸ

192 2697 496 2763 σννάξεως,
518 2696 607 2749 διά
624 2695 721 2749 τοῦ
748 2694 1051 2766 σχήματος,
1077 2695 1173 2749 καὶ
1198 2694 1294 2748 τοῦ
1326 2694 1661 2766 βλέμματος,
1686 2697 1783 2751 καὶ

187 2792 291 2862 τῆς
319 2789 530 2860 φωνῆς,
551 2787 650 2841 καὶ
667 2787 768 2859 τῆς
803 2786 1086 2858 βαδίσεως,
1121 2789 1217 2841 καὶ
1244 2786 1346 2857 τῆς
1370 2786 1537 2857 ἀλλης
1562 2789 1784 2860 ἀπάσης

188 2881 537 2952 καταστολῆς
576 2879 859 2951 ἐμφαίνων
886 2878 1001 2942 τοῖς
1029 2878 1436 2949 ἀπολειφθεῖσιν
1475 2879 1784 2951 ἀνθρώποις

184 2974 247 3029 τὸ
276 2972 493 3047 κέρδος,
517 2974 658 3043 ὅπερ
687 2969 943 3025 ἐντεῦθεν
968 2969 1188 3041 ἐξῆλθες
1212 2970 1414 3036 λαϐὼν,
1436 2972 1596 3043 ἀρκεῖ
1627 2971 1783 3024 τοῦτο

183 3070 269 3132 είς
302 3066 636 3139 παραίνεσιν
676 3064 772 3119 καὶ
816 3064 1149 3136 συμϐουλήν.
1186 3064 1345 3119 Οῦτω
1373 3065 1483 3137 γὰρ
1512 3066 1660 3137 ἡμᾶς
1692 3067 1782 3118 ἐν-

180 3159 382 3214 τεῦθεν
429 3156 631 3222 ἐξιέναι
668 3156 778 3222 δεῖ,
813 3154 1005 3228 ῶσπερ
1037 3155 1099 3221 ἐξ
1135 3153 1299 3229 ιερῶν
1330 3156 1561 3223 ἀδύτων,
1592 3156 1781 3228 ῶσπερ

182 3250 456 3318 ἐξαύτῶν
490 3247 836 3313 καταϐάντας
863 3246 973 3301 τῶν
1004 3248 1271 3322 οὐρανῶν,
1296 3249 1621 3320 γενομένους
1649 3266 1783 3303 κατ-

181 3344 573 3417 εσταλμένους,
609 3340 1057 3413 φιλοσοφοῦντας,
1093 3340 1285 3413 ῥυθμῷ
1326 3342 1504 3395 πάντα
1536 3342 1631 3397 καὶ
1666 3359 1784 3395 ποι-

179 3438 388 3502 οῦντας
416 3439 512 3492 καὶ
537 3436 827 3505 λέγονταςθ
853 3434 950 3488 καὶ
984 3433 1124 3505 γυνὴ
1146 3434 1237 3487 τὸν
1263 3433 1434 3505 ἄνδρα
1456 3433 1639 3505 ὁρῶσα
1671 3433 1781 3488 ἀπὸ

184 3529 470 3597 συνάξεως
493 3524 901 3599 ἀναχωροῦντα,
930 3523 1026 3579 καὶ
1057 3524 1149 3578 τὸν
1190 3524 1306 3578 υἱὸν
1332 3525 1534 3595 πατὴρ,
1566 3526 1662 3578 καὶ
1688 3525 1780 3580 τὸν

184 3624 411 3696 πατέρα
436 3624 465 3676 6
509 3623 657 3685 παῖς,
684 3619 780 3673 καὶ
818 3617 911 3673 τὸν
939 3617 1208 3689 δεσπότην
1236 3618 1265 3671 6
1311 3616 1497 3682 δοῦλος
1517 3661 1531 3685 ,
1564 3618 1656 3672 καὶ
1688 3618 1781 3672 τὸν

183 3712 344 3782 φίλον
378 3713 410 3765 6
439 3709 613 3779 φίλος,
642 3710 740 3763 καὶ
770 3708 865 3762 τὸν
892 3706 1089 3779 ἐχθρὸν
1118 3708 1149 3761 6
1187 3707 1400 3780 ἐχθρὸς,
1427 3707 1782 3779 λαμϐανέτω-

184 3823 289 3860 σαν
316 3806 564 3867 ἅπαντες
613 3801 869 3874 αἴσθησιν
913 3801 1013 3872 τῆς
1045 3800 1280 3855 ἐνταῦθα
1312 3802 1612 3874 γενομένης
1650 3804 1780 3874 ἡμῖν

180 3899 495 3969 ὠφελείας·
531 3896 797 3969 λήψονται
836 3894 926 3960 δὲ,
958 3893 1026 3948 ἀν
1068 3894 1422 3967 πραοτέρων,
1464 3895 1532 3948 ἂν
1565 3895 1782 3965 φιλοσο-

180 3992 489 4065 φωτέρων,
532 3990 599 4045 ἀν
631 3987 1040 4059 εὐλαϐεστέρων
1069 3988 1225 4059 ὑμῶν
1265 3987 1652 4059 γεγενημένων
1695 3989 1781 4041 αί-

180 4085 516 4139 σθάνωνται.
551 4082 837 4151 Ἐννόησον
858 4080 973 4145 οῖας
1003 4078 1298 4144 ἀπολαύεις
1332 4078 1724 4149 μυσταγωγίας
1750 4079 1781 4132 6

179 4174 549 4248 μεμυημένος
584 4174 672 4237 σὺ,
708 4171 849 4244 μετά
870 4171 1032 4225 τίνων
1050 4172 1399 4242 ἀναπέμπεις
1420 4171 1481 4225 1:6
1517 4170 1779 4243 μυστικὸν

181 4268 353 4341 μέλος
378 4269 583 4331 ἐκεῖνο,
613 4265 751 4336 μετά
771 4265 934 4319 τίνων
962 4264 1090 4336 βοᾷς
1109 4264 1192 4329 τὸ,
1212 4262 1528 4336 Τρισάγιος.
1556 4263 1778 4329 Δίδαξον

174 4361 311 4425 τοὺς
342 4357 572 4424 ἔξωθεν,
612 4357 697 4411 δτι
748 4354 888 4428 μετά
930 4355 1041 4410 τῶν
1074 4354 1321 4426 σεραφὶμ
1354 4355 1669 4427 ἐχόρευσας,
1693 4357 1777 4410 ὅτι

175 4456 262 4519 είς
287 4453 387 4507 τὸν
419 4448 596 4521 δῆμον
630 4449 726 4504 τὸν
774 4448 889 4502 ἀνω
918 4447 1113 4514 τελεῖς,
1150 4448 1232 4501 ὅτι
1262 4449 1344 4510 είς
1377 4448 1469 4502 τὸν
1495 4448 1652 4520 χορὸν
1692 4450 1779 4504 ἐν-

175 4545 441 4617 εγράφης
463 4542 555 4596 τὸν
580 4540 691 4595 τῶν
711 4540 983 4610 ἀγγέλων,
999 4539 1084 4593 ὅτι
1108 4538 1186 4609 τῷ
1206 4538 1455 4612 Δεσπότῃ
1471 4538 1775 4610 διελέχθης,

171 4644 261 4698 ὅτι
280 4636 366 4709 τῷ
392 4634 617 4706 Χριστῷ
652 4633 960 4702 συνεγένου.
994 4634 1092 4687 Ἂν
1125 4633 1300 4696 οὓτως
1329 4634 1563 4699 ἐαυτοὺς
1587 4632 1780 4705 ῥυθμί-

174 4731 395 4802 ζωμεν,
422 4729 577 4783 οὐδὲν
609 4728 918 4793 ἐξελθόντες
955 4726 1261 4798 δεησόμεθα
1298 4725 1458 4795 λόγου
1488 4724 1625 4796 πρὸς
1650 4727 1778 4789 τοὺς

176 4820 659 4892 ἀπολειφθέντας·
701 4818 817 4874 ἀλλ’
857 4819 966 4873 ἀπὸ
1022 4817 1124 4888 τῆς
1164 4817 1445 4889 ἡμετέρας
1484 4816 1773 4887 ὠφελείας,

174 4914 284 4984 τῆς
314 4912 533 4976 οίκείας
559 4910 915 4982 αίσθήσονται
941 4910 1168 4981 ζημίας,
1198 4909 1295 4963 καὶ
1316 4907 1652 4979 δραμοῦνται
1681 4925 1777 4962 τα-

175 5004 349 5076 χέως,
391 5002 536 5056 ὥστε
573 5001 683 5055 τῶν
735 5000 918 5055 αὐτῶν
946 4999 1275 5054 ἀπολαῦσαι.
1312 4998 1389 5052 Τὸ
1433 5000 1543 5070 γὰρ
1580 4998 1776 5062 κάλλος

174 5096 345 5167 ὑμῶν
391 5094 491 5166 τῆς
541 5093 723 5164 ψυχῆς
768 5092 860 5147 διὰ
911 5092 1021 5145 τῶν
1054 5090 1361 5163 αἰσθήσεων
1408 5090 1587 5144 αὐτῶν
1635 5091 1774 5145 ἀπο-

172 5186 404 5260 λάμπον
435 5186 692 5258 ὁρῶντες.
732 5185 837 5240 κάν
878 5185 1136 5239 ἁπάντων
1180 5178 1283 5239 ὦσι
1315 5184 1661 5257 νωθρότεροι,
1693 5187 1775 5248 είς

170 5275 364 5347 lpum
406 5273 508 5343 τῆς
552 5273 890 5345 εὐπρεπείας
920 5271 1290 5344 ἐμπεσοῦνται
1335 5273 1436 5344 τῆς
1476 5273 1772 5346 ὑμετέρας.

172 5365 241 5424 Εἰ
290 5369 409 5440 γάρ
447 5366 699 5437 σώματος
744 5366 941 5430 κάλλος
990 5367 1292 5437 ἀναπτεροῖ
1344 5368 1473 5430 τοὺς
1509 5366 1773 5438 ὁρῶντας,

173 5458 370 5531 πολλῷ
401 5458 601 5530 μᾶλλον
653 5458 927 5531 εὐμορφία
953 5458 1132 5529 ψυχῆς
1172 5460 1437 5532 διεγείραι
1470 5459 1673 5513 δύναιτ’
1707 5461 1774 5515 ἂν

176 5557 277 5610 τὸν
304 5555 531 5626 θεατὴν,
562 5556 657 5609 καὶ
688 5554 829 5625 πρὸς
871 5554 965 5609 τὸν
1008 5555 1123 5608 ἴσον
1164 5555 1547 5625 παρακαλέσαι
1591 5557 1772 5628 ζῆλον.

174 5648 642 5718 Καλλωπίσωμεν
670 5647 849 5701 τοίνυν
880 5646 1042 5718 ἡμῶν
1079 5648 1171 5701 τὸν
1200 5647 1308 5700 ἔσω
1341 5647 1648 5720 ἄνθρωπον,
1679 5651 1774 5705 καὶ

171 5740 293 5794 τῶν
319 5739 562 5796 ἐνταῦθα
577 5739 888 5810 λεγομένων
916 5739 1023 5804 ἔξω
1047 5737 1502 5810 μνημονεύωμεν·
1522 5742 1641 5793 ἐκεῖ
1666 5740 1774 5813 γὰρ

180 5830 371 5887 αὐτῶν
408 5832 641 5898 μάλιστα
674 5832 774 5902 τῆς
810 5832 1031 5904 μνήμης
1068 5834 1095 5885 ὁ
1137 5831 1355 5902 καιρός·
1391 5831 1482 5885 καὶ
1515 5831 1765 5906 καθάπερ

1107 385 1179 444 IN
1220 389 1450 459 ιιιυυ,
1492 392 1552 450 SI
1588 392 1967 454 ESURIERIT
2006 398 2333 469 INIMICUS,
2378 404 2534 461 ETC.

3364 394 3469 461 180

1891 502 2149 577 ἀθλητὴς,
2202 504 2346 577 άπερ
2394 505 2462 560 ἀν
2496 505 2590 561 ἐπὶ
2631 506 2735 578 τῆς
2787 507 3129 582 παλαίστρας
3182 512 3467 588 μανθάνῃ,

1890 595 2065 650 ταῦτα
2114 594 2209 649 ἐπὶ
2258 597 2368 650 τῶν
2404 596 2635 666 ἀγώνων
2674 597 3072 655 ἐπιδείκνυταιο
3098 602 3241 660 οῦτω
3276 605 3340 679 δὴ
3374 608 3474 663 καὶ

1890 688 2060 757 ἡμᾶς,
2101 687 2245 756 ἆπερ
2279 686 2345 745 ἂν
2391 687 2625 741 ἐνταῦθα
2659 689 2950 761 ἀκούωμεν
2971 732 2987 757 ,
3030 690 3205 748 ταῦτα
3237 694 3330 749 ἐπὶ
3360 697 3473 751 τῶν

1888 777 2088 844 ἔξωθεν
2119 778 2462 849 πραγμάτων
2483 779 2889 833 ἐπιδείκνυσθαι
2919 782 3047 852 χρή.

1959 877 2020 923 ε’.
2064 870 2459 941 Μνημὸνευσον
2496 870 2677 924 τοίνυν
2720 871 2832 925 τῶν
2866 872 3472 947 ἐνταῦθα.λεγομένων,

1891 956 1979 1020 ἵν’,
2002 957 2093 1010 ὅτε
2122 955 2366 1029 ἐξέλθῃς,
2394 958 2490 1012 καὶ
2512 958 2842 1030 ἐπιλάϐηται
2873 977 2967 1013 σου
2996 962 3023 1015 6
3048 961 3312 1030 διάϐολος,
3338 963 3373 1036 ἢ
3402 964 3472 1017 δι’

1887 1046 2078 1118 ὀργῆς,
2117 1046 2150 1119 ἢ
2192 1046 2283 1100 διὰ
2316 1047 2645 1114 κενοδοξίας,
2679 1048 2714 1121 ἢ
2757 1050 2821 1103 δι’
2850 1049 3012 1105 ἀλλον
3062 1053 3205 1117 τινὸς
3242 1053 3473 1118 πάθους,

1886 1133 2261 1206 ἀναμνησθεὶς
2303 1133 2404 1206 τῆς
2432 1134 2669 1190 ἐνταῦθα
2698 1137 3070 1204 διδασκαλίας,
3105 1139 3340 1213 δυνηθῇς
3370 1145 3473 1214 ρᾳ-

1886 1221 2015 1287 δίως
2042 1223 2415 1279 ἀποδύσασθαι
2435 1225 2503 1279 τά
2523 1226 2756 1297 ἅμματα
2774 1228 2869 1282 τοῦ
2895 1228 3153 1301 πονηροῦ.
3178 1232 3290 1303 Οὐχ
3308 1234 3474 1301 ὁρᾶτε

1887 1312 1947 1364 ἐν
1972 1314 2087 1375 τοῖς
2123 1313 2413 1383 σκάμμασι
2452 1315 2579 1377 τοὺς
2600 1314 2975 1388 παιδοτρίϐας,
2994 1318 3046 1371 οἶ
3075 1318 3217 1388 μετά
3244 1320 3474 1390 μυρίους

1886 1398 2083 1463 ἄθλους
2121 1399 2370 1453 ἀτέλειαν
2411 1400 2598 1454 λοιπὸν
2644 1402 2753 1456 τῶν
2786 1403 3179 1476 παλαισμάτων
3216 1407 3326 1461 ἀπὸ
3372 1408 3475 1479 τῆς

1885 1486 2105 1558 ἡλικίας
2137 1486 2424 1553 λαϐόντες,
2465 1487 2571 1553 ἔξω
2611 1486 2721 1544 τῶν
2780 1493 3124 1562 σκαμμάτων
3171 1493 3473 1566 καθήμενοι

1889 1574 2041 1646 παρά
2068 1575 2168 1647 τὴν
2196 1576 2346 1630 κόνιν
2374 1575 2562 1649 αὐτὴν,
2580 1579 2695 1641 τοῖς
2715 1577 2864 1632 ένδον
2891 1575 3011 1633 οὖσι
3034 1581 3124 1634 καὶ
3150 1582 3474 1637 παλαίουσιν

1887 1662 2300 1733 ύποφωνοῦσιν,
2337 1663 2479 1719 ῶστε
2514 1668 2675 1737 χεῖρα
2715 1670 3045 1737 κατασχεῖν,
3083 1667 3225 1723 ῶστε
3280 1670 3473 1737 σκέλος

1887 1752 2148 1818 ἑλκύσαι,
2203 1753 2343 1807 ὥστε
2392 1754 2578 1808 λαϐεῖν
2624 1755 2762 1825 μετά
2819 1755 2888 1810 τά
2949 1756 3125 1821 νῶτα,
3166 1758 3261 1810 καὶ
3307 1758 3473 1830 ἕτερα

1887 1842 2062 1896 πολλὰ
2096 1842 2322 1897 τοιαῦτα
2353 1842 2623 1912 λέγοντες,
2663 1846 2747 1899 ὅτι
2777 1844 2843 1899 ἀν
2893 1844 2955 1897 τὸ
2986 1845 3081 1898 καὶ
3121 1846 3181 1899 τὸ
3214 1850 3470 1920 ποιήσῃς,

1886 1933 2128 1995 ἐκτενεῖς
2166 1932 2364 2003 ῥᾳδίως
2399 1932 2490 1985 τὸν
2518 1932 2946 2004 ἀνταγωνιστὴν,
2980 1932 3051 1986 τὰ
3079 1934 3312 2005 μέγιστα
3347 1953 3473 1988 συν-

1887 2021 2102 2077 τελοῦσι
2134 2026 2247 2086 τοῖς
2290 2022 2599 2093 μαθηταῖς;
2640 2023 2751 2076 Καὶ
2779 2024 2843 2077 σὺ
2873 2024 2965 2077 τὸν
2992 2025 3347 2097 παιδοτρίϐην
3379 2025 3473 2081 τὸν

1889 2114 1980 2167 σὺν
2007 2114 2129 2186 ὅρα,
2160 2114 2251 2167 τὸν
2276 2113 2543 2185 μακάριον
2570 2111 2806 2177 Παῦλον,
2839 2113 2899 2178 ὅς
2924 2114 3061 2185 μετά
3088 2116 3314 2186 μυρίους
3346 2135 3470 2170 στε-

1889 2200 2091 2273 φάνους
2150 2202 2255 2266 ἔξω
2291 2200 2387 2254 τοῦ
2424 2200 2750 2272 σκάμματος
2790 2200 2944 2274 [165]
2988 2203 3294 2275 καθήμενος
3337 2204 3470 2269 νῦν,

1886 2291 1986 2361 τῆς
2035 2287 2317 2360 παρούσης
2373 2286 2519 2356 λέγω
2576 2285 2753 2356 ζωῆς,
2803 2291 2917 2352 τοῖς
2970 2289 3291 2344 παλαίουσιν
3337 2293 3470 2364 ⁴ἡμῖν

1887 2376 2183 2446 ὑποφωνεί,
2204 2375 2297 2430 καὶ⁵
2337 2372 2433 2446 βοᾷ
2447 2374 2533 2430 διὰ
2548 2373 2653 2429 τῶν
2680 2374 3023 2442 Ἐπιστολῶν,
3041 2377 3167 2432 ὅταν
3184 2377 3266 2452 ίδῃ
3301 2395 3470 2433 κατα-

1889 2465 2181 2536 σχεθέντας
2225 2464 2331 2519 ὑπὸ
2358 2464 2526 2536 ὀργῆς
2547 2464 2644 2518 καὶ
2669 2464 2775 2517 ὑπὸ
2791 2465 3179 2536 μνησικακίας,
3211 2473 3305 2521 καλ¹
3333 2469 3471 2523 άπο-

1885 2552 2246 2625 πνιγομένους
2284 2553 2389 2606 ὑπὸ
2418 2552 2512 2606 τοῦ
2553 2552 2781 2619 πάθους,
2820 2554 2958 2607 Ἐὰν
2986 2552 3163 2620 πεινᾷ
3195 2558 3229 2610 ὀ
3255 2557 3468 2626 ἐχθρός

1884 2656 2023 2707 σου,
2068 2640 2289 2711 ψώμιζε
2322 2642 2533 2697 αὐτόν.
2572 2639 2684 2693 Καὶ
2738 2640 2992 2714 καθάπερ
3035 2642 3066 2696 6
3118 2644 3469 2717 παιδοτρίϐης

1883 2730 2057 2801 λέγει,
2086 2732 2168 2785 δτι
2206 2731 2273 2785 ἂν
2310 2731 2373 2784 τὸ
2406 2730 2500 2785 καὶ
2536 2730 2598 2784 τὸ
2631 2730 2887 2804 ποιήσῃς,
2920 2734 3150 2805 περιέσῃ
3198 2734 3293 2787 τοῦ
3343 2735 3473 2788 ἀντ-

1883 2820 2216 2890 αγωνιστοῦ,
2254 2818 2399 2873 οὕτω
2432 2819 2527 2875 καὶ
2554 2811 2711 2883 οὗτος
2741 2820 3099 2894 προστίθησι·
3150 2823 3330 2877 Τοῦτο
3363 2823 3474 2894 γὰρ

1883 2909 2091 2973 ποιῶν,
2128 2909 2432 2977 ἄνθρακας
2464 2907 2650 2977 πυρὸς
2680 2910 3008 2976 σωρεύσεις
3030 2909 3129 2962 ἐπὶ
3155 2909 3271 2979 τὴν
3290 2927 3473 2981 acesca-

1884 2998 2007 3066 λὴν
2030 2995 2239 3053 αὑτοῦ.
2271 2996 2434 3049 Ἀλλά
2459 2996 2570 3069 γὰρ
2609 2995 2815 3068 μεταξὺ
2844 2996 3037 3050 τούτου
3072 2998 3166 3052 τοῦ
3201 3001 3473 3067 ἀναγινὼ-

1885 3103 2036 3140 σκειν
2070 3102 2139 3157 με
2178 3085 2272 3139 τὸν
2308 3085 2490 3156 νόμον,
2537 3084 2740 3156 ἐπῆλθε
2787 3086 2849 3140 τὸ
2888 3086 3081 3140 δοκοῦν
3111 3087 3340 3158 φύεσθαι
3374 3091 3472 3163 ζή-

1880 3191 2033 3247 τημα
2064 3174 2123 3242 ἐξ
2154 3172 2343 3239 αὐτοῦ,
2379 3174 2476 3227 καὶ
2505 3173 2722 3238 πολλοῖς
2754 3174 3017 3248 παρέχειν
3042 3176 3184 3231 κατὰ
3203 3176 3298 3231 τοῦ
3320 3179 3470 3233 Παύ-

1882 3260 1977 3317 λου
1999 3262 2192 3333 λαϐὴν,
2226 3262 2365 3333 ὅπερ
2398 3258 2682 3332 προθεῖναι
2710 3271 2736 3301 ι
2765 3263 3007 3333 τήμερον
3023 3262 3107 3325 είς
3130 3262 3293 3333 μέσον
3314 3264 3470 3335 ὑμῖν.

1884 3354 1950 3407 Τί
1984 3356 2105 3407 ποτ’
2138 3347 2234 3407 οὖν
2285 3354 2402 3405 ἐστι
2452 3351 2513 3405 τὸ
2556 3350 2839 3423 ύφορμοῦν
2882 3354 3004 3415 ταῖς
3052 3353 3316 3419 διανοίαις
3359 3355 3473 3410 τῶν

1888 3442 1963 3514 μὴ
2006 3440 2145 3513 μετά
2193 3440 2482 3513 ἀκριϐείας
2518 3440 2738 3494 ἅπαντα
2779 3439 3054 3505 ἐξετάζειν
3088 3440 3469 3513 βουλομένωνς

1898 3531 2154 3599 Ἀπάγων
2179 3530 2351 3603 ὀργῆς
2385 3532 2415 3585 6
2461 3526 2695 3595 Παῦλος,
2732 3529 2886 3599 φησὶ,
2933 3530 3028 3583 καὶ
3067 3529 3271 3585 πείθων
3299 3532 3471 3585 ἐπιει-

1884 3622 2000 3683 κεῖς
2048 3614 2190 3671 εἶναι
2232 3619 2325 3672 καὶ
2368 3616 2624 3688 μετρίους
2663 3619 2776 3680 τοῖς
2806 3616 2978 3680 πέλας
2993 3656 3010 3682 ,
3045 3617 3246 3688 μᾶλλον
3272 3618 3471 3682 αὐτοὺς

1884 3709 2249 3780 ἐξεθηρίωσε,
2295 3708 2392 3762 καὶ
2436 3708 2573 3779 πρὸς
2624 3706 2798 3779 θυμὸν
2851 3706 3046 3779 ἐπῆρε.
3103 3707 3176 3761 Τὸ
3208 3709 3310 3780 μὲν
3359 3710 3473 3782 γὰρ

1884 3800 2084 3863 εἰπεῖν,
2121 3797 2257 3852 Ἐὰν
2282 3795 2462 3864 πεινᾷ
2498 3799 2532 3850 ό
2570 3797 2787 3865 ἐχθρός
2822 3812 2961 3863 σου,
2992 3795 3216 3865 ψώμιζε
3257 3797 3469 3864 αὑτὸν,

1881 3888 1993 3942 ἐὰν
2014 3885 2188 3956 διψᾷ,
2209 3885 2406 3947 πότιζε
2441 3884 2651 3949 αὐτὸν,
2676 3884 2842 3939 καλὸν
2885 3885 3169 3956 ἐπίταγμα
3193 3886 3288 3940 καὶ
3319 3885 3473 3955 φιλο⁹

1885 3976 2076 4045 σοφίας
2112 3974 2313 4046 γέμον,
2367 3974 2462 4028 καί
2514 3972 2593 4043 τῷ
2647 3972 2890 4027 ποιοῦντι
2939 3974 3035 4027 καὶ
3081 3972 3161 4045 τῷ
3202 3974 3468 4043 πάσχοντι

1880 4066 2183 4136 χρήσιμον·
2224 4062 2286 4115 τὸ
2338 4061 2396 4115 δέ
2442 4059 2694 4115 ἐντεῦθεν
2736 4060 2921 4114 λοιπὸν
2962 4060 3164 4133 πολλὴν
3207 4061 3321 4134 ἔχει
3368 4060 3468 4132 τὴν

1879 4151 2139 4221 ἀπορίαν,
2171 4151 2267 4204 καὶ
2295 4150 2445 4203 δοκεῖ
2478 4148 2555 4221 μὴ
2586 4149 2907 4220 συμϐαίνειν
2933 4152 3001 4220 τῇ
3039 4149 3234 4221 γνώμῃ
3262 4148 3358 4202 τοῦ
3396 4148 3469 4203 τά

1880 4241 2123 4313 πρότερα
2149 4238 2456 4311 είρηκότος.
2496 4240 2651 4295 Ποῖον
2700 4237 2757 4293 δὲ
2810 4235 2997 4306 τοῦτο;
3036 4236 3110 4290 T6
3148 4237 3347 4307 λέγειν,
3383 4237 3468 4291 δτι

1879 4326 2074 4385 Ποιῶν
2095 4327 2296 4391 τοῦτο,
2316 4325 2621 4395 ἄνθρακας
2642 4326 2837 4394 πυρὸς
2866 4326 3196 4393 σωρεύσεις
3217 4326 3316 4380 ἐπὶ
3351 4326 3469 4395 τὴν

1878 4414 2157 4486 κεφαλὴν
2192 4414 2403 4469 αὐτοῦ.
2437 4414 2537 4468 Διά
2565 4415 2675 4486 γὰρ
2703 4413 2909 4468 τούτων
2936 4412 3044 4467 τῶν
3076 4415 3338 4487 ῥημάτων
3370 4416 3467 4469 καὶ

1878 4508 1970 4561 τὸν
1996 4505 2256 4560 ποιοῦντα
2278 4505 2375 4559 καὶ
2396 4503 2487 4558 τὸν
2512 4504 2791 4574 πάσχοντα
2812 4503 3040 4576 ⁴ήδίκησε
3056 4521 3069 4534 ·
3099 4502 3193 4558 τοῦ
3234 4502 3333 4575 μὲν
3365 4501 3466 4574 τὴν

1880 4594 2121 4665 κεφαλὴν
2143 4591 2380 4663 ἀνάψεις,
2401 4592 2497 4646 καὶ
2524 4591 2696 4664 πυρὸς
2720 4591 2997 4663 ἄνθρακας
3018 4590 3246 4654 ἐπιθείς.
3270 4589 3334 4644 Τί
3356 4589 3465 4661 γάρ

1878 4686 2132 4741 τοσοῦτον
2162 4686 2272 4739 ἀπὸ
2300 4681 2396 4737 τοῦ
2428 4682 2775 4755 ψωμίζεσθαι
2804 4682 2899 4735 καὶ
2926 4679 3240 4744 ποτίζεσθαι
3269 4681 3462 4748 γένοιτ’

1880 4776 1947 4830 ἂν
1975 4774 2200 4845 ἀγαθὸν,
2226 4774 2349 4828 ὅσον
2388 4771 2556 4845 κακὸν
2588 4770 2698 4845 ἀπὸ
2743 4770 2845 4839 τῆς
2880 4769 2988 4823 τῶν
3022 4767 3311 4845 ἀνθράκων
3352 4787 3463 4845 σω-

1881 4837 2068 4917 ρείας;
2104 4837 2210 4898 Τὸν
2238 4844 2338 4916 μὲν
2369 4840 2462 4897 οῦν
2492 4839 2552 4896 εὖ
2588 4837 2887 4911 πάσχοντα,
2931 4837 3315 4910 φησὶν,ὀῦτως
3342 4839 3462 4917 ἡδίς

1878 4916 2084 5003 κησεν,
2145 4930 2225 4992 εἰς
2263 4927 2485 4999 μείζονα
2529 4924 2783 4997 ἐμϐαλὼν
2828 4924 3131 4995 τιμωρίαν,
3164 4921 3258 4977 τὸν
3298 4920 3356 4975 δὲ
3398 4916 3462 4976 εὖ

1878 5012 2137 5068 ποιοῦντα
2158 5009 2323 5065 πάλιν
2352 5009 2554 5081 ἑτέρως
2583 5006 2912 5077 κατέϐλαψε.
2938 5006 3003 5059 Τί
3049 5004 3160 5077 γὰρ
3190 5006 3285 5059 καὶ
3305 5004 3465 5069 οὗτος

1877 5098 1975 5169 τῆς
2001 5095 2110 5150 ἀπὺ
2144 5095 2255 5148 τῶν
2298 5093 2511 5165 ἐχθρῶν
2557 5091 2879 5162 εὐεργεσίας
2919 5088 3179 5160 κερδᾶναι
3215 5089 3461 5153 δύναται,

1876 5182 2007 5236 ὃταν
2048 5178 2223 5233 ἐλπίδι
2266 5178 2367 5247 τῆς
2409 5175 2682 5249 τιμωρίας
2728 5175 2861 5229 αὐτὸ
2905 5177 3072 5247 ποιῇ;
3118 5175 3178 5227 '0
3220 5173 3329 5246 γάρ
3376 5174 3466 5229 διά

1876 5263 2036 5318 τοῦτο
2064 5261 2283 5334 τρέφων
2310 5261 2406 5314 καὶ
2433 5260 2670 5325 ποτίζων
2692 5258 2783 5313 τὸν
2820 5257 3035 5330 ἐχθρὸν,
3068 5258 3158 5314 ἵνα
3184 5258 3464 5329 ἄνθρακας

1880 5346 2135 5420 σωρεύσῃ
2162 5344 2332 5417 πυρὸς
2358 5345 2451 5398 ἐπὶ
2483 5345 2583 5416 τὴν
2620 5342 2863 5415 κεφαλὴν
2898 5342 3087 5407 αὐτοῦ,
3115 5342 3234 5413 οὐχὶ
3270 5340 3463 5412 φιλάν-

1878 5430 2097 5502 θρωπος
2125 5429 2221 5482 καὶ
2252 5428 2507 5500 χρηστὸς,
2537 5427 2653 5481 ἀλλ’
2683 5426 2832 5497 ὠμὸς
2876 5428 2971 5480 καὶ
2999 5426 3214 5498 ἀπηνὴς
3263 5422 3462 5493 γένοιτ’

1879 5513 1967 5577 ἂν,
1996 5512 2087 5565 διὰ
2114 5514 2318 5584 μικράς
2350 5510 2670 5583 εὐεργεσίας
2694 5510 2900 5579 ἄφατον
2930 5509 3185 5581 ἐμϐαλὼν
3216 5507 3458 5561 κόλασιν.

1877 5598 1945 5650 Τί
1972 5595 2081 5669 γὰρ
2110 5595 2177 5649 ἂν
2226 5595 2437 5663 γένοιτο
2469 5592 2851 5665 χαλεπώτερον
2891 5593 2985 5647 τοῦ
3023 5593 3111 5647 διά
3147 5592 3307 5645 τοῦτο
3343 5589 3458 5659 τρέ-

1878 5696 2091 5751 φοντος,
2128 5680 2217 5733 ἵνα
2266 5677 2515 5751 σωρεύσῃ
2558 5678 2730 5750 πυρὸς
2778 5678 3054 5750 ἄνθρακας
3088 5677 3182 5731 ἐπὶ
3226 5675 3325 5745 τὴν
3360 5670 3459 5728 τοῦ

1941 5841 1967 5869 ⁸
1991 5839 2141 5891 Forte
2158 5838 2393 5899 προθεῖναι
2419 5838 2668 5901 βούλομαι.
