3964 6342
556 345 649 402 181
1252 353 1311 411 8.
1351 350 1638 411 JOANNIS
1670 348 2164 408 CHRYSOSTOMI
2203 350 2520 410 ARCHIEP.
2552 353 3103 414 CONSTANTINOP.
3723 356 3808 409 i8!

544 454 883 527 τρεφομένου
909 456 1185 530 κεφαλήνς
1214 458 1278 513 Ἦ
1308 460 1407 531 μὲν
1435 456 1529 515 οὖν
1552 461 1821 526 ἀντίθεσις
1852 462 1991 534 αὐτη
2012 477 2027 492 ⁶
2050 462 2133 516 δεῖ

545 540 601 594 δέ
629 541 812 594 λοιπὸν
844 541 941 613 τήν
971 542 1126 596 λύσιν
1154 544 1479 613 ἐπαγαγεῖν,
1502 546 1589 599 ῖνα
1621 546 1688 599 δι’
1718 547 1896 601 αὐτῶν
1926 546 2131 601 τούτων

547 623 659 675 τῶν
687 624 989 679 δοκούντων
1016 626 1482 699 ἐπιλαμϐάνεσθαι
1504 627 1613 682 τῶν
1637 628 1731 683 τοῦ
1762 631 1929 701 νόμου
1954 649 2133 701 γραμ-

549 706 736 776 μάτων
760 708 876 780 ῖδῃς
906 710 1151 782 ἀκριϐῶς
1183 710 1277 764 τοῦ
1310 712 1599 783 νομοθέτου
1632 714 1732 785 τὴν
1766 715 1955 785 σοφίαν
1991 716 2134 770 ἀπα-

545 808 667 845 σαν.
701 793 798 857 Τίς
832 791 926 848 οὖν
953 796 1101 849 ἐστιν
1127 798 1161 867 η
1184 795 1368 863 λύσιςς

613 879 829 934 Συνεῖδε
862 882 1022 936 τοῦτο
1058 883 1240 948 καλῶς
1281 887 1310 939 0
1355 887 1531 955 μέγας
1563 886 1659 940 καὶ
1705 889 1954 957 γενναῖος
1991 887 2134 960 ἀνὴρ

545 968 772 1032 ἐκεῖνος,
795 968 876 1023 ὅτι
905 968 1044 1042 βαρὺ
1067 971 1159 1024 καὶ
1188 972 1423 1042 χαλεπὸν
1454 976 1707 1046 πρᾶγμα,
1727 975 1907 1046 ἐχθρῷ
1934 976 2134 1030 καταλ-

542 1051 777 1124 λαγῆναι
808 1057 1050 1127 ταχέωςο
1084 1057 1223 1130 βαρύ
1253 1058 1311 1111 δέ
1343 1062 1438 1113 καὶ
1466 1061 1722 1131 χαλεπὸν,
1751 1064 1810 1115 οὐ
1854 1062 2007 1135 παρά
2034 1062 2132 1134 τήν

542 1144 752 1197 οἰκείαν
777 1145 959 1214 φύσιν,
995 1147 1132 1200 άλλά
1172 1148 1326 1219 παρά
1356 1148 1455 1220 τὴν
1488 1150 1763 1222 ρᾳθυμίαν
1808 1152 1907 1223 τήν
1933 1153 2134 1224 ἡμετέ-

546 1249 665 1303 ραν.
697 1233 867 1297 Αὐτὸς
912 1234 969 1288 δέ
1006 1236 1126 1304 οὐχὶ
1163 1236 1570 1307 καταλλαγῆναι
1627 1239 1786 1309 μόνον
1820 1240 2129 1306 ἐκέλευσεν,

543 1320 681 1373 ἀλλά
713 1320 807 1375 καὶ
837 1321 1054 1392 θρέψαι,
1086 1324 1114 1376 ὃ
1145 1323 1277 1377 πολύ
1300 1324 1394 1378 τοῦ
1424 1325 1692 1398 προτέρου
1716 1326 2015 1399 βαρύτερον
2041 1324 2127 1402 ἦν.

545 1407 611 1462 Εἰ
644 1407 753 1480 γὰρ
783 1408 1075 1479 βλέποντες
1108 1411 1268 1480 μόνον
1292 1413 1418 1475 τοὺς
1447 1412 1824 1486 λελυπηκὸτας
1853 1417 2000 1481 τινὲς
2039 1418 2133 1471 ἐκ·

545 1494 879 1567 θηριοῦνται,
912 1497 1028 1562 πῶς
1071 1498 1137 1551 ἂν
1170 1499 1375 1553 εἴλοντο
1411 1499 1607 1571 Θρέψαι
1646 1504 1981 1567 πεινῶντας;
2022 1506 2134 1559 Καὶ

543 1582 598 1636 τί
627 1583 792 1652 λέγω,
821 1584 1145 1655 βλέποντεςς
1178 1588 1275 1639 "Av
1317 1588 1529 1659 μνησθῇ
1560 1606 1644 1652 τις
1677 1591 1876 1655 αὐτῶν,
1914 1593 2007 1645 καλ⁸
2032 1594 2131 1664 τήν

546 1674 919 1744 προσηγορίαν
964 1676 1044 1738 είς
1087 1674 1253 1744 μέσον
1298 1676 1497 1747 ἐνέγκῃ
1555 1678 1737 1746 μόνον,
1778 1682 1996 1735 ἀνανεοῖ
2034 1683 2133 1753 τὴν

546 1760 760 1831 πληγὴν
797 1765 897 1834 τῆς
938 1763 1178 1826 διανοίας
1239 1767 1403 1835 ἠμῖν,
1460 1766 1553 1819 καὶ
1610 1768 1781 1837 μείζω
1831 1773 1977 1823 ποιεῖ
2033 1773 2132 1842 τὴν

545 1847 876 1920 φλεγμονὴν.
903 1850 1067 1903 Ταῦτ’
1095 1847 1189 1905 οὖν
1230 1852 1446 1906 ἅπαντα
1475 1852 1702 1907 συνιδὼν
1724 1856 1751 1905 0
1779 1854 2009 1921 Παῦλος,
2039 1859 2133 1911 καὶ

547 1938 868 2013 βουλόμενος
895 1940 957 1994 τὸ
988 1943 1433 2013 δυσκατόρθωτον
1470 1942 1627 1997 τοῦτο
1654 1946 1746 1999 καὶ
1782 1947 2018 2015 χαλεπὸν
2046 1947 2134 2001 εὐ-

544 2032 701 2086 κολον
741 2034 965 2105 ποιῆσαι
1000 2034 1095 2088 καὶ
1132 2036 1334 2106 ῥᾴδιον,
1365 2034 1459 2087 καὶ
1492 2038 1677 2089 πεῖσαι
1706 2036 1797 2090 τὸν
1827 2038 1960 2109 μηδὲ
2007 2040 2133 2093 ἰδεῖν

544 2123 872 2195 ἀνεχόμενον
896 2124 988 2177 τὸν
1015 2124 1209 2195 ἐχθρὸν
1242 2127 1321 2189 εἰς
1344 2126 1664 2197 εὐεργεσίαν
1693 2127 1842 2201 [166]
1866 2130 1963 2201 τήν
1986 2132 2131 2184 ἐκεί-

544 2233 638 2269 νου
666 2215 991 2285 γενέσθαιι,
1016 2217 1143 2281 τοὺς
1188 2216 1465 2289 ἄνθρακας
1510 2219 1675 2289 έθηκε
1715 2219 1809 2274 τοῦ
1844 2222 2034 2295 πυρὸς,
2066 2225 2132 2278 ἵν’

544 2306 726 2362 ἐλπίδι
758 2310 857 2379 τῆς
891 2309 1165 2382 τιμωρίας
1212 2312 1574 2382 προτραπεὶς,
1623 2314 1901 2387 ἐπιδράμῃ
1935 2320 2000 2389 τῇ
2038 2317 2132 2371 τοῦ

544 2398 916 2473 λελυπηκότος
941 2401 1246 2474 εὐεργεσίᾳ.
1269 2404 1378 2457 Καὶ
1407 2404 1661 2476 καθάπερ
1684 2406 1711 2457 0
1734 2406 1915 2471 ἀλιεύς
1941 2409 2134 2463 πάντο-

544 2492 639 2547 θεν
688 2493 749 2548 :0
796 2494 1091 2566 ἄγκιστρον
1140 2495 1509 2566 περιστέλλων
1543 2497 1619 2568 τῷ
1667 2498 1905 2562 δελέατι,
1960 2518 2131 2571 προσ-

544 2584 725 2655 τίθησι
746 2587 860 2649 τοῖς
897 2584 1127 2656 ἰχθύσιν,
1162 2585 1251 2639 ἵνα
1273 2587 1638 2659 προσδραμὼν
1662 2592 1727 2660 τῇ
1758 2589 1978 2661 συνήθει
2007 2608 2132 2662 τρο-

543 2677 644 2746 φῇ,
676 2674 745 2728 δι’
778 2675 995 2746 ἐκείνης
1024 2674 1140 2745 ἀλῴ
1169 2676 1263 2729 καὶ
1294 2678 1605 2748 κατασχεθῇ
1641 2678 1859 2748 ῥαδίως·
1896 2678 2039 2733 οὕτω
2066 2680 2131 2753 δὴ

541 2768 639 2821 καὶ
676 2769 703 2821 0
748 2766 980 2833 Παῦλος,
1013 2768 1336 2839 βουλόμενος
1377 2770 1455 2833 είς
1486 2771 1584 2840 τὴν
1612 2771 1930 2841 εὐεργεσίαν
1973 2772 2132 2843 ἐμϐι-

542 2858 709 2912 ϐάσαι
745 2858 840 2912 τοῦ
908 2858 1228 2930 ἠδικηκότος
1265 2860 1357 2913 τὸν
1399 2860 1764 2932 ἠδικημένον,
1822 2863 1883 2915 οὐ
1925 2864 2131 2934 γυμνὸν

541 2948 871 3019 προστίθησι
896 2949 957 3003 τὸ
982 2949 1084 3020 τῆς
1116 2950 1435 3019 φιλοσοφίας
1461 2951 1778 3022 ἄγκιστρον,
1803 2954 1918 3007 ἀλλ’
1941 2955 2131 3027 ῶσπερ

538 3039 647 3093 τινὶ
685 3041 932 3107 δελέατι,
982 3045 1095 3107 τοῖς
1139 3042 1365 3114 ἄνθραξι
1399 3043 1492 3096 τοῦ
1544 3044 1713 3116 πυρὸς
1760 3047 2127 3117 περιστείλας,

540 3131 703 3187 καλεῖ
739 3133 837 3204 μὲν
863 3133 955 3186 τὸν
986 3134 1401 3205 ἐπηρεασθέντα
1428 3137 1493 3206 τῇ
1518 3134 1619 3206 τῆς
1650 3135 1925 3200 κολάσεως
1954 3138 2129 3192 ἐλπίδι

539 3226 679 3295 πρὸς
719 3225 819 3295 τήν
866 3224 1187 3295 εὐεργεσίαν
1228 3223 1323 3278 τοῦ
1379 3224 1780 3297 λελυπηκότος·
1813 3226 2036 3280 ἐλθόντα
2069 3228 2128 3281 δὲ

537 3316 704 3371 αὐτὸν
735 3316 957 3385 κατέχει
991 3314 1178 3368 λοιπὸν
1224 3317 1318 3369 καὶ
1346 3316 1447 3369 οὐκ
1486 3316 1710 3387 ἀφίησιν
1753 3318 2125 3389 ἀποπηδῆσαι,

539 3407 712 3479 αὐτῆς
729 3405 825 3459 τοῦ
853 3404 1177 3476 πράγματος
1198 3406 1295 3477 τῆς
1322 3404 1537 3474 φύσεως
1563 3408 1941 3480 προσηλούσης
1964 3410 2127 3465 αὐτὸν

534 3496 617 3568 τῷ
648 3495 829 3568 ἐχθρῷ
848 3515 862 3527 ο
901 3497 993 3550 καὶ
1027 3496 1312 3567 μονονουχὶ
1339 3496 1484 3565 λέγει
1513 3496 1650 3568 πρὸς
1678 3498 1859 3554 αὐτόν·
1895 3504 1972 3554 Οὐ
2002 3501 2127 3572 βού-

537 3590 621 3644 λει
662 3590 731 3645 δι’
779 3589 1066 3643 εὐλάϐειαν
1097 3589 1317 3659 τρέφειν
1362 3588 1453 3642 τὸν
1504 3589 1831 3660 ἠδικηκότα;
1870 3591 1959 3645 διὰ
1994 3593 2126 3660 γοῦν

538 3685 641 3757 τὴν
664 3683 854 3737 ἐλπίδα
888 3684 988 3752 τῆς
1016 3681 1291 3745 κολάσεως
1332 3679 1551 3752 θρέψον.
1587 3678 1709 3735 Οἷδε
1749 3682 1878 3754 γὰρ,
1906 3685 1989 3738 ὃτι
2029 3686 2125 3741 ἐὰν

540 3774 747 3843 ἄφηται
774 3771 876 3841 τῆς
908 3772 987 3836 είς
1021 3771 1183 3824 αὐτὸν
1212 3771 1551 3843 εὐεργεσίας,
1586 3772 1729 3845 ἀρχὴ
1758 3773 1944 3828 λοιπὸν
1976 3776 2125 3848 αὐτῷ

540 3863 637 3918 καὶ
655 3862 772 3926 ὁδὸς
793 3862 1005 3931 γίνεται
1030 3861 1132 3930 τῆς
1166 3859 1535 3931 καταλλαγῆς.
1569 3863 1759 3927 Οὐδεὶς
1794 3863 1923 3937 γάρ,
1945 3865 2124 3931 οὐδεὶς

535 3956 631 4009 τὸν
653 3954 1035 4026 ψωμιζόμενον
1056 3954 1147 4006 ὐπ’
1167 3952 1332 4006 αὐτοῦ
1365 3954 1461 4006 καὶ
1488 3955 1837 4026 παιζόμενον
1859 3957 2125 4028 διηνεκῶς

535 4047 828 4120 ἀνάσχοιτο
852 4046 997 4118 ἔχειν
1020 4045 1233 4118 ἐχθρὸν,
1255 4047 1304 4099 εί
1332 4047 1425 4099 καὶ
1449 4046 1601 4117 παρά
1627 4047 1727 4119 τὴν
1749 4048 1924 4120 ἀρχὴν
1946 4051 2123 4105 ἐλπίδι

534 4140 805 4211 τιμωρίας
828 4137 986 4192 τοῦτο
1009 4140 1170 4192 ποιεῖ.
1200 4138 1259 4191 '0
1288 4138 1398 4209 γὰρ
1420 4138 1611 4210 χρόνος
1632 4139 1835 4212 προῖὼν
1858 4140 1997 4211 χαλᾷ
2029 4144 2124 4197 καὶ

534 4235 636 4306 τῆς
669 4232 841 4305 ὀργῆς
867 4231 956 4284 τὸν
982 4230 1153 4284 τόνον.
1180 4230 1392 4301 ’Ὠσπερ
1418 4225 1510 4283 οὖν
1536 4230 1566 4284 0
1604 4230 1811 4295 ἁλιεὺς,
1840 4233 1889 4285 εί
1916 4234 2122 4305 γυμνὸν

534 4328 599 4380 :0
646 4325 918 4397 θήρατρον
957 4320 1329 4393 προσέθηκεν,
1367 4322 1466 4375 οὐκ
1509 4321 1577 4375 ἂν
1632 4322 1982 4376 ἐπεσπάσατο
2029 4324 2121 4379 τὸν

539 4417 715 4491 ἰχθὺν,
744 4417 865 4469 νυνὶ
896 4414 953 4469 δέ
985 4413 1334 4485 περιστείλας
1372 4414 1527 4477 αὐτὸ,
1551 4412 1920 4478 λανθανόντως
1945 4414 2120 4485 ἐνίησι

531 4510 614 4581 τῷ
649 4508 878 4580 στόματι
907 4506 999 4561 τοῦ
1029 4505 1345 4577 προσιόντος
1367 4504 1508 4570 ζώου
1536 4505 1596 4559 :0
1622 4506 1916 4578 ἄγκιστρον
1934 4523 1948 4537 υ
1976 4506 2120 4560 οὕτω

533 4603 631 4658 καί
662 4603 690 4655 0
714 4599 947 4663 Παῦλος,
979 4601 1027 4652 εί
1066 4597 1140 4669 μὴ
1187 4597 1468 4669 προέτεινε
1500 4597 1600 4669 τήν
1649 4597 1974 4669 προσδοκίαν
2019 4599 2121 4668 τῆς

533 4694 831 4757 κολάσεως,
859 4692 959 4744 οὐκ
994 4690 1059 4744 ἂν
1089 4691 1274 4744 έπεισε
1315 4689 1440 4752 τοὺς
1490 4689 1853 4760 ἠδικημένους
1879 4690 2119 4760 ἅψασθαι

530 4786 633 4859 τῆς
680 4785 790 4839 τῶν
835 4783 1219 4853 λελυπηκότων
1260 4780 1598 4853 εὐεργεσίας.
1648 4781 1982 4853 Βουλόμενος
2024 4778 2118 4837 οὖν

532 4876 930 4949 ἀποπηδῶντας
969 4874 1197 4937 αὐτοὺς,
1222 4873 1316 4926 καὶ
1348 4871 1819 4943 δυσχεραίνοντας,
1854 4872 1949 4926 καὶ
1988 4890 2119 4945 ναρ-

534 4970 748 5034 κῶντας
776 4970 872 5023 καὶ
900 4967 1036 5040 πρὸς
1063 4964 1233 5036 αὐτὴν
1255 4963 1355 5036 τὴν
1384 4962 1495 5017 τῶν
1520 4962 1733 5036 ἐχθρῶν
1756 4963 1901 5034 ὄψιν,
1931 4967 2116 5020 πεῖσαι

532 5059 604 5114 τά
635 5060 867 5130 μέγιστα
896 5060 1092 5121 αὐτοὺς
1130 5057 1461 5129 εὐεργετεῖν,
1483 5057 1609 5119 τοὺς
1641 5057 1919 5127 ἄνθρακας
1950 5057 2116 5129 ἔθηκε

533 5151 629 5205 τοῦ
662 5150 867 5221 πυρὸς,
897 5150 995 5221 οὐχ
1042 5150 1131 5202 ῖνα
1176 5147 1419 5211 ἐκείνους
1469 5146 1713 5221 ἐμϐάλλῃ
1758 5149 1838 5212 είς
1872 5149 2115 5219 ἀπαραί-

533 5259 697 5312 τητον
736 5240 977 5303 κόλασιν,
1003 5240 1118 5293 ἀλλ’
1152 5238 1242 5293 ἵνα
1271 5239 1398 5302 τοὺς
1429 5238 1796 5309 ἠδικημένους
1833 5240 2026 5304 πείσας
2055 5241 2115 5295 ἐν

532 5337 599 5405 τῇ
632 5330 928 5404 προσδοκίᾳ
953 5332 1050 5403 τῆς
1082 5329 1355 5393 κολάσεως
1376 5330 1689 5401 εὐεργετεῖν
1711 5332 1837 5395 τοὺς
1862 5331 2111 5402 ἐχθροὺς,

530 5426 610 5495 τῷ
641 5424 817 5496 χρόνῳ
834 5422 1018 5475 λοιπὸν
1044 5422 1205 5494 πείσῃ
1239 5422 1332 5476 καὶ
1355 5422 1535 5476 πᾶσαν
1565 5422 1747 5487 αὐτοῖς
1770 5423 1988 5492 ἀφεῖναι
2016 5423 2115 5495 τήν

532 5518 723 5585 ὀργήν.

568 5518 830 5671 ιδὶίαὶ
859 5602 949 5655 τὸν
982 5602 1079 5672 μὲν
1106 5601 1431 5673 ἠδικημένον
1464 5604 1607 5659 οὓτω
1648 5601 2112 5679 παρεμυθήσατο·

531 5700 635 5772 δρα
655 5700 713 5755 δὲ
737 5700 831 5752 καί
850 5698 940 5751 τὸν
966 5697 1262 5765 τδικηκότα
1290 5697 1407 5761 πῶς
1433 5697 1695 5751 συνάπτει
1725 5695 1802 5753 τῶ
1830 5712 2113 5768 παρωργι-

598 5846 623 5875 ⁸
649 5846 778 5894 εειιί
826 5840 871 5893 in
891 5856 1042 5904 marg.
1071 5841 1197 5903 conj.
1220 5842 1432 5902 γενέσθαι
1453 5840 1704 5903 πρόθυμον.

2240 465 2424 540 σμένῳ
2443 465 2625 522 πάλιν.
2660 468 2885 540 Πρῶτον
2923 467 3022 539 μὲν
3046 465 3125 537 τῷ
3149 466 3248 537 τῆς
3267 465 3589 538 εὐεργεσίας
3613 469 3805 538 τρόπῳ·

2238 558 2411 623 οὐδεὶς
2438 559 2547 632 γάρ
2586 561 2734 613 ἐστιν
2785 559 2957 624 οὕτως
3010 560 3193 623 ἄθλιος
3245 560 3339 613 καὶ
3376 559 3732 631 ἀναίσθητος,
3758 563 3807 627 ὃς

2240 648 2617 719 ποτιζόμενος,
2645 649 2738 703 καὶ
2759 650 3164 721 ψωμιζόμενος,
3195 649 3270 721 μὴ
3299 650 3555 718 γενέσθαι
3584 650 3809 720 βούλοιτο

2238 738 2425 805 δοῦλος
2458 742 2552 795 καὶ
2584 742 2738 812 φίλος
2778 742 2856 813 τῷ
2892 742 3069 798 ταῦτα
3102 742 3250 814 αὐτῷ
3284 743 3636 815 ἐργαζομένῳ
3656 762 3670 776 ·
3707 745 3809 797 δεύ-

2238 847 2396 902 τερον
2422 832 2480 886 δέ
2508 833 2587 903 τῷ
2617 833 2768 906 φόϐῳ
2798 835 2897 906 τῆς
2920 834 3209 906 τιμωρίας.
3238 837 3399 888 Δοκεῖ
3420 835 3521 906 μὲν
3555 836 3666 908 γάρ
3690 838 3808 908 7:90;

2237 922 2330 976 :0v
2393 924 2711 995 ψωμίζοντα
2769 926 3185 993 ἀποτείνεσθαι,
3230 926 3427 996 λέγων·
3484 929 3669 982 Τοῦτο
3712 930 3805 999 τὰρ

2239 1014 2446 1081 ποιῶν,
2478 1016 2783 1086 ἄνθρακας
2813 1018 3004 1087 πυρός
3036 1020 3321 1087 σωρεύεις
3357 1020 3456 1074 ἐπὶ
3487 1019 3607 1089 τὴν
3644 1038 3809 1090 κείρα-

2236 1109 2362 1177 λὴν
2388 1110 2578 1165 αὐτοῦ
2598 1126 2614 1141 ’
2650 1110 2887 1181 μάλιστα
2931 1112 2989 1165 δέ
3022 1111 3116 1165 τοῦ
3155 1112 3524 1184 λελυπηκότος
3547 1113 3819 1183 καθάπτεῇ

2238 1218 2349 1266 ται,
2379 1200 2467 1255 ῖνα
2487 1200 2565 1273 τῷ
2594 1202 2745 1273 φόϐῳ
2773 1203 2872 1274 τῆς
2906 1203 3181 1268 κολάσεως
3204 1204 3410 1277 ταύτης
3440 1206 3515 1276 μὴ
3547 1207 3687 1279 μένῃ
3711 1207 3816 1287 διαος

2239 1296 2442 1360 παντὸς
2462 1297 2660 1369 ἐχθρὸς
2689 1297 2785 1366 ὢν,
2817 1298 2935 1353 ἀλλ’
2959 1299 3135 1365 εἰδὼς,
3165 1302 3246 1355 δτι
3292 1302 3360 1356 τά
3390 1304 3628 1373 μέγιστα
3667 1306 3809 1358 αὐτὸν

2238 1390 2585 1461 καταϐλάψαι
2608 1392 2807 1445 δύναιτ’
2830 1392 2897 1446 ἄν
2914 1392 2977 1445 :0
2998 1392 3342 1464 ψωμίζεσθαι
3364 1396 3459 1449 καὶ
3484 1395 3807 1466 ποτίζεσθαι,

2238 1484 2287 1535 εί
2316 1483 2465 1553 μένοι
2492 1484 2757 1554 διηνεκῶς
2786 1484 2880 1537 ἐπὶ
2911 1484 3012 1555 τῆς
3054 1484 3373 1556 ἀπεχθείας,
3408 1487 3697 1561 καταλύσῃ
3724 1490 3809 1558 τὴν

2237 1576 2429 1647 ὀργήν.
2458 1576 2616 1630 Οὐτω
2644 1577 2754 1649 γὰρ
2789 1577 2915 1640 τοὺς
2962 1576 3242 1648 ἄνθρακας
3280 1578 3373 1631 τοῦ
3423 1579 3597 1650 πυρὸς
3636 1580 3809 1634 σϐέσαι

2239 1668 2550 1738 δυνήσεται.
2588 1668 2753 1721 ’Ὥστε
2787 1668 2880 1722 καὶ
2912 1670 2945 1739 ἡ
2986 1667 3207 1732 κόλασις
3240 1670 3333 1722 καὶ
3367 1671 3399 1741 ἡ
3437 1671 3681 1743 τιμωρία
3713 1691 3811 1725 κει-

2243 1756 2379 1828 μένη
2401 1757 2492 1811 τόν
2517 1774 2576 1810 τε
2606 1755 2935 1828 ἠδικημένον
2956 1758 3259 1812 ἐπισπᾶται
3287 1760 3366 1823 είς
3389 1760 3711 1830 εὐεργεσίαν
3730 1763 3809 1815 τοῦ

2238 1846 2641 1919 λελυπηκότος,
2675 1848 2766 1903 τόν
2806 1866 2866 1902 τε
2909 1849 3293 1921 παροξύναντα
3335 1852 3490 1919 φοϐεῖ
3540 1854 3637 1907 καὶ
3678 1855 3809 1907 διαν-

2243 1937 2444 2008 ίστησι,
2476 1941 2570 1993 καὶ
2597 1941 2735 2013 πρὸς
2759 1941 3105 2013 καταλλαγὴν
3134 1942 3267 1996 ὠθεῖ
3292 1943 3387 1997 τοῦ
3411 1945 3705 2016 τρέφοντος
3729 1949 3809 2001 καὶ

2240 2026 2393 2102 [ΗΠ]
2416 2029 2749 2095 ποτίζοντος.
2767 2031 2952 2103 Διπλῷ
2978 2032 3159 2086 τοίνυν
3186 2034 3532 2106 ἀμφοτέρους
3565 2037 3810 2106 συνέδησε

2237 2120 2424 2191 δεσμῷ
2446 2121 2581 2191 7:90;
2603 2122 2886 2194 ἀλλήλους,
2917 2123 3010 2176 καὶ
3033 2123 3112 2195 τῷ
3131 2124 3231 2193 τῆς
3252 2125 3590 2194 εὐεργεσίας,
3624 2128 3717 2180 καὶ
3746 2128 3811 2196 τῷ

2238 2212 2341 2283 τῆς
2370 2214 2665 2285 τιμωρίας.
2698 2214 2771 2267 Τὸ
2804 2215 2913 2286 γὰρ
2943 2215 3222 2290 δυσχερὲς,
3254 2214 3442 2287 ἄρχειν
3486 2218 3583 2270 καὶ
3622 2218 3811 2271 εἴσοδον

2238 2305 2418 2376 εὑρεῖν
2448 2308 2514 2377 τῇ
2551 2305 2903 2378 καταλλαγῇ⁸
2943 2306 3151 2379 ταύτης
3188 2307 3248 2361 δέ
3277 2308 3593 2380 ἀνοιγείσης
3633 2309 3810 2381 οἱῳδή-

2239 2412 2371 2449 ποτε
2409 2397 2616 2469 τρόπῳ,
2649 2397 2718 2451 τά
2750 2398 2889 2469 μετά
2916 2397 3091 2451 ταῦτα
3133 2398 3312 2452 πάντα
3344 2401 3503 2471 ῥᾴδια
3541 2400 3696 2453 ἐσται
3727 2401 3811 2455 καὶ

2238 2487 2460 2547 εὐκολα.
2486 2491 2608 2544 Κάν
2648 2491 2757 2562 γὰρ
2791 2490 2942 2562 παρά
2971 2490 3072 2562 τὴν
3113 2492 3288 2563 ἀρχὴν
3327 2492 3504 2546 ἐλπίδι
3548 2494 3812 2557 κολάσεως

2236 2582 2413 2653 τρέφῃ
2448 2583 2539 2637 τὸν
2567 2583 2761 2656 ἐχθρὸν
2794 2585 2823 2637 0
2854 2583 3253 2655 λελυπημένος,
3278 2586 3395 2639 ἀλλ’
3424 2585 3573 2656 αὐτῷ
3596 2586 3677 2657 τῷ
3702 2586 3813 2657 τρί-

2238 2692 2361 2744 φειν
2392 2677 2680 2745 γινόμενος
2710 2676 2882 2746 φίλος,
2924 2677 3174 2731 ἐκϐαλεῖν
3203 2677 3303 2749 τὴν
3334 2677 3635 2749 ἐπιθυμίαν
3672 2678 3813 2748 δυνήο

2239 2785 2391 2822 σεται
2426 2769 2523 2839 τῆς
2557 2770 2846 2841 τιμωρίας.
2877 2768 3036 2833 1ιίλος
3064 2769 3173 2842 γάρ
3208 2770 3521 2840 γενόμενος,
3551 2770 3732 2823 οὐκέτι
3753 2768 3809 2822 ἂν

2234 2860 2463 2936 τοιαύτῃ
2498 2862 2717 2934 θρέψειε
2756 2862 3056 2936 προσδοκίᾳ
3081 2862 3174 2917 τὸν
3208 2861 3623 2931 καταλλαγέντα
3653 2861 3809 2931 αὐτῷ.

2237 2952 2407 3005 Πάλιν
2448 2956 2477 3007 0
2525 2953 2867 3025 παροξύνας,
2908 2953 3032 3008 ίδὼν
3086 2952 3180 3007 τὸν
3230 2953 3563 3024 ἠδικημένον
3604 2954 3811 3024 τρέφειν

2235 3043 2399 3097 αὐτὸν
2427 3044 2522 3097 καὶ
2546 3042 2787 3109 ποτίζειν
2814 3044 3270 3117 προαιρούμενον,
3296 3044 3386 3098 διά
3408 3062 3471 3114 γε
3490 3045 3653 3098 τοῦτο
3672 3046 3808 3109 αὐτὸ,

2234 3136 2330 3187 καὶ
2358 3134 2448 3187 τὸν
2482 3135 2643 3205 φόϐον
2674 3135 2776 3206 τῆς
2805 3135 3177 3208 ἀποκειμένης
3206 3134 3356 3206 αὐτῷ
3386 3136 3684 3201 κολάσεως,
3714 3138 3811 3190 πᾶ-

2235 3244 2335 3279 σαν
2367 3226 2619 3281 ἐκϐάλλει
2649 3228 2749 3299 τὴν
2778 3226 3099 3297 ἀπέχθειαν,
3134 3226 3240 3281 κᾶν
3279 3228 3545 3299 μυριάκις
3574 3228 3810 3300 σιδηροῦς

2233 3314 2291 3391 ᾗ,
2324 3320 2417 3374 καλ⁵
2438 3319 2673 3391 ἀπηνὴς,
2698 3320 2793 3374 καὶ
2820 3320 3056 3391 ἀδάμας,
3084 3320 3187 3391 τήν
3215 3337 3276 3373 τε
3305 3319 3704 3391 φιλοφροσύνην
3727 3320 3807 3373 τοῦ

2233 3410 2526 3483 τρέφοντος
2556 3410 2995 3483 δυσωπούμενος,
3025 3413 3120 3465 καὶ
3146 3412 3247 3483 τὴν
3276 3412 3653 3483 ἀποκειμένην
3677 3411 3809 3480 αὐτῷ

2234 3505 2457 3560 κόλασιν
2490 3504 2769 3571 δεδοικὼς,
2812 3506 2860 3559 εί
2895 3504 3047 3577 μένοι
3090 3503 3233 3576 μετά
3259 3504 3357 3575 τήν
3389 3505 3598 3577 τροφὴν
3631 3503 3807 3575 ἐχθρὸς

2232 3596 2328 3653 ὢν.

2302 3705 2405 3761 Διά
2452 3723 2537 3760 τοι
2582 3704 2743 3760 τοῦτο
2781 3704 2905 3759 οὐδέ
2953 3702 3188 3759 ἐνταῦθα
3237 3701 3367 3773 ἔστη
3407 3702 3510 3773 τῆς
3554 3702 3806 3773 παραινέ-

2231 3813 2392 3861 σεως,
2420 3795 2536 3850 ἀλλ’
2568 3796 2658 3849 ὅτε
2702 3793 2973 3847 ἐκένωσεν
3008 3791 3269 3863 ἐκατέρου
3312 3790 3415 3861 τήν
3444 3790 3616 3861 ὀργὴν
3641 3831 3656 3852 ,
3693 3790 3805 3841 τότε

2230 3891 2326 3945 καὶ
2348 3890 2448 3961 τήν
2479 3886 2707 3959 γνώμην
2744 3885 2927 3940 αὐτῶν
2964 3883 3275 3956 διορθοῦται
3313 3882 3513 3952 λέγων,
3539 3882 3638 3951 Μὴ
3669 3881 3802 3935 νικῶ

2226 3982 2351 4041 ὑπὸ
2387 3981 2495 4037 τοῦ
2524 3980 2737 4035 κακοῦ.
2779 3980 2880 4032 “Av
2907 3977 3018 4049 γὰρ
3048 3977 3236 4051 μένῃς,
3269 3975 3429 4047 φησὶ,
3455 3975 3801 4047 μνησικακῶν

2229 4076 2323 4129 καὶ
2345 4073 2709 4145 ἀμυνόμενος,
2730 4071 2909 4134 δοκεῖς
2936 4070 3036 4141 μὲν
3054 4068 3147 4122 τὸν
3172 4068 3365 4140 ἐχθρὸν
3386 4071 3564 4140 νικᾷν,
3590 4069 3801 4122 νικᾶσαι

2227 4167 2284 4219 δὲ
2310 4166 2415 4219 ὑπὸ
2438 4163 2534 4218 τοῦ
2567 4162 2765 4226 κακοῦ,
2794 4161 3098 4227 τουτέστιν,
3126 4159 3233 4213 ὑπὸ
3262 4160 3363 4229 τῆς
3406 4159 3607 4231 ὀργῆς·
3651 4157 3805 4220 ὥστε,

2228 4260 2277 4312 εἰ
2314 4256 2493 4328 βούλει
2538 4255 2785 4325 νικῆσαι,
2823 4250 3226 4323 καταλλάγηθι,
3261 4250 3460 4322 καὶμὴ
3494 4247 3802 4321 ἐπεξέλθῃς.

2227 4348 2376 4419 Αὕτη
2402 4347 2511 4420 γάρ
2537 4347 2686 4399 ἐστιν
2717 4348 2752 4416 ἠ
2778 4342 3011 4416 λαμπρά
3042 4342 3191 4414 νίκη,
3240 4342 3371 4396 ὅταν
3403 4343 3463 4394 ἐν
3493 4339 3568 4410 τῷ
3602 4337 3805 4409 ἀγαθῷ,

2226 4438 2498 4501 τουτέστι,
2538 4439 2606 4509 τῇ
2637 4434 2959 4505 ἀνεξικακίᾳ
2995 4434 3231 4506 νικήσῃς
3270 4432 3335 4485 :0
3372 4431 3563 4495 κακὸν,
3600 4430 3701 4499 τήν
3724 4431 3807 4499 09-

2225 4533 2329 4605 γὴν
2358 4534 2453 4586 καὶ
2478 4532 2578 4603 τήν
2612 4528 2985 4601 μνησικακίαν
3017 4525 3291 4581 ἐκϐαλών.
3327 4524 3495 4578 Ἀλλά
3518 4524 3728 4577 τούτων
3752 4522 3805 4587 ἐξ

2226 4626 2402 4699 ἀρχῆς
2429 4624 2530 4678 οὐκ
2568 4622 2634 4677 ἂν
2666 4621 2933 4693 ἠνέσχετο
2972 4620 3081 4673 τῶν
3117 4616 3385 4691 ῥημάτων
3412 4617 3443 4670 0
3479 4614 3805 4686 ἠδικημένος

2225 4727 2323 4780 καὶ
2365 4720 2738 4793 φλεγμαίνων.
2785 4718 2885 4773 Διά
2931 4717 3112 4781 τοῦτο,
3146 4716 3237 4769 ὅτε
3281 4711 3454 4767 αὐτοῦ
3496 4711 3591 4764 τὸν
3640 4708 3805 4781 θυμὸν

2223 4816 2473 4887 ἐκόρεσε,
2497 4812 2619 4866 τότε
2644 4809 2740 4863 καὶ
2787 4809 2881 4863 ἐπὶ
2914 4808 3014 4880 τὴν
3042 4806 3274 4878 ἀρίστην
3304 4803 3472 4858 αὐτόν
3500 4804 3681 4872 ἠγαγε
3709 4801 3803 4868 τῆς

2223 4902 2575 4972 καταλλαγῆς
2605 4898 2808 4964 αἰτίαν,
2835 4897 2933 4951 καὶ
2976 4896 3079 4951 οὐκ
3109 4895 3327 4965 ἀφῆκεν
3349 4888 3799 4961 ἐναπομεῖναὶτῇ

2222 4998 2440 5069 πονηρᾷ
2466 4994 2568 5065 τῆς
2594 4990 2870 5063 τιμωρίας
2923 4988 3123 5042 ἐλπίδι.
3175 4984 3329 5050 Εἶδες
3384 4982 3683 5055 νομοθέτου
3722 4996 3803 5033 σο-

2224 5092 2390 5161 φίαν;
2416 5087 2528 5142 Καὶ
2544 5088 2633 5141 ἵνα
2669 5085 2851 5157 μάθῃς
2876 5085 2961 5138 ὅτι
2991 5081 3081 5136 διά
3108 5081 3206 5152 τὴν
3238 5078 3529 5134 ἀσθένειαν
3559 5075 3671 5129 τῶν
3709 5074 3801 5127 οὐκ

2220 5182 2566 5256 ἀνεχομένων
2595 5179 2771 5243 ἄλλως
2798 5177 3013 5240 ἐαυτοῖς
3049 5170 3420 5229 συνάπτεσθαι
3443 5212 3459 5233 ,
3486 5166 3679 5222 τοῦτον
3705 5168 3804 5220 εἰσ-

2222 5278 2401 5349 ήγαγε
2427 5274 2521 5329 τὸν
2552 5272 2748 5343 νόμον,
2778 5271 3011 5324 ἄκουσον
3047 5266 3167 5329 πῶς
3201 5267 3231 5319 0
3276 5262 3517 5335 Χριστὸς
3564 5260 3629 5313 τὸ
3677 5256 3802 5313 αὐτὸ

2221 5367 2380 5423 τοῦτο
2405 5364 2737 5438 νομοθετῶν,
2777 5364 2841 5417 οὐ
2863 5362 2924 5416 τὸ
2961 5359 3097 5415 αὐτὸ
3122 5357 3371 5412 τέθεικεν
3410 5354 3669 5408 έπαθλονο
3693 5350 3799 5403 ἀλλ’

2221 5456 2414 5521 εἰπὼν,
2465 5456 2548 5510 0::
2586 5452 2880 5525 Ἀταπᾶτε
2922 5450 3067 5517 τοὺς
3108 5446 3363 5519 ἐχθροὺς
3391 5442 3579 5514 ὑμῶν,
3606 5438 3802 5503 καλῶς

2221 5549 2444 5605 ποιεῖτε
2473 5548 2599 5615 τοῖς
2620 5545 2915 5617 μισοῦσιν
2933 5541 3114 5612 ὑμᾶς,
3146 5541 3286 5612 ὅπερ
3312 5537 3432 5591 ἐστὶ
3457 5534 3682 5607 τρέφειν
3713 5528 3802 5585 καὶ

2221 5643 2482 5706 ποτίζειν,
2508 5641 2610 5694 οὐκ
2629 5639 2933 5709 ἐπήγαγεν,
2956 5636 3039 5688 ὅτι
3073 5632 3247 5686 Τοῦτο
3266 5630 3377 5702 γάρ
3408 5626 3688 5688 ποιοῦντες
3716 5624 3801 5677 ἀν-

2221 5735 2431 5805 θρακας
2453 5731 2627 5803 πυρὸς
2646 5721 2954 5801 σωρεύσετε
2969 5726 3065 5779 ἐπὶ
3077 5724 3177 5789 τὰς
3192 5721 3439 5802 κεφαλὰς
3455 5718 3656 5780 αὐτῶν,
3671 5715 3801 5769 ἀλλά

2221 5826 2308 5893 τίς
2336 5826 2537 5892 Ὅπως
2576 5822 2831 5895 γένησθε
2865 5820 3059 5891 ὅμοιοι
3090 5817 3198 5874 τοῦ
3236 5814 3470 5884 Πατρός
3500 5809 3667 5881 ὑμῶν
3701 5805 3801 5863 τοῦ
