3964 6342
258 412 357 468 181

253 531 509 596 tmtritnr,
532 537 786 600 congerat
813 529 1074 585 carbones
1114 526 1294 599 ignis?
1321 526 1445 581 [hec
1468 525 1626 597 igitur
1644 532 1726 579 est
1752 523 1854 579 oh-

245 622 418 694 jectio
444 640 458 677 :
489 623 600 693 jam
631 638 759 677 vero
784 622 981 677 solutio
1021 628 1103 676 est
1131 620 1396 685 addenda,
1426 628 1484 674 ut
1507 634 1574 674 ex
1604 617 1669 672 iis
1697 617 1849 688 ipsis,

249 731 375 787 qua:
401 715 567 770 verba
594 715 723 785 legis
747 713 993 769 videntur
1023 728 1265 783 carpere,
1293 726 1507 767 omnem
1533 707 1852 781 legislatoris

250 807 575 877 sapientiam
624 815 873 862 accurate
898 819 1212 877 cognoscas.
1262 804 1518 872 Quaenam
1568 802 1729 875 igitur
1766 808 1852 857 est

404 899 493 952 io?

404 901 493 952 ὀἳ

250 901 456 1046 ωὲῒηι
478 989 694 1044 inimicis
713 987 1030 1044 reconciliari
1053 1002 1205 1058 grave
1231 995 1279 1041 et
1321 986 1543 1057 diﬁcifc.
1572 1014 1646 1026 —
1666 983 1844 1040 Nove-

250 1092 339 1137 rat
386 1082 492 1137 hoc
539 1084 705 1153 probe
753 1096 977 1151 magnus
1017 1094 1082 1137 ac
1122 1094 1415 1152 generosus
1460 1078 1548 1133 ille
1586 1079 1687 1142 vir,
1729 1092 1845 1133 rem

250 1191 473 1246 gravem
499 1190 565 1230 ac
606 1174 889 1230 molestam
919 1187 1043 1229 esse
1082 1172 1333 1228 celeriter
1358 1187 1481 1228 cum
1512 1170 1729 1225 inimico
1752 1186 1845 1226 re-

248 1269 527 1324 conciliari
559 1284 573 1322 :
603 1282 823 1339 gravem
852 1282 918 1321 ac
953 1266 1234 1321 molestam
1266 1281 1373 1321 non
1401 1280 1467 1321 ex
1494 1281 1588 1320 sua
1610 1274 1799 1319 natura
1824 1305 1841 1330 ,

249 1360 348 1415 sed
391 1359 463 1415 ob
488 1369 722 1414 nostram
754 1358 1039 1428 ignaviam.
1084 1359 1155 1412 At
1199 1358 1313 1429 ipse
1355 1372 1460 1412 non
1507 1357 1842 1412 reconciliari

252 1459 464 1505 tantum
515 1450 713 1519 jussit,
758 1447 854 1504 sed
894 1448 1053 1503 etiam
1092 1448 1272 1515 alere,
1300 1447 1443 1519 quod
1472 1447 1633 1517 priori
1677 1447 1845 1502 multo

246 1543 470 1614 gravius
500 1542 614 1595 fuit.
643 1540 701 1595 Si
730 1539 871 1594 enim
902 1540 1207 1607 conspectis
1234 1548 1439 1594 tantum
1470 1539 1575 1593 illis
1596 1581 1611 1605 ,
1648 1538 1740 1608 qui
1784 1552 1845 1593 se

248 1634 501 1689 molestia
540 1632 853 1697 affecerint,
892 1630 1184 1685 efferantur
1226 1632 1503 1697 nonnulli,
1529 1646 1635 1700 quo
1688 1638 1845 1701 pacto

246 1730 663 1795 adducerentur,
695 1739 753 1784 ut
775 1729 986 1785 alerent
1012 1726 1343 1784 esurientes?
1366 1724 1502 1794 Quid
1528 1725 1649 1779 dico
1669 1767 1685 1791 ,
1714 1739 1845 1778 cou-

246 1823 479 1893 spectis‘!
499 1820 557 1875 Si
579 1822 701 1892 quis
738 1821 1061 1875 mentionem
1094 1821 1301 1875 illorum
1345 1817 1567 1883 fecerit,
1592 1827 1643 1872 et
1670 1816 1842 1871 solum

245 1928 441 1968 eorum
488 1928 681 1967 nomen
725 1913 777 1967 in
825 1911 1056 1966 medium
1102 1909 1411 1981 protulerit,
1456 1907 1650 1961 mentis
1690 1906 1844 1960 nobis

246 2005 448 2060 vulnus
470 2014 711 2071 renovat,
740 2014 793 2060 et
814 2003 1289 2059 inflammationem
1319 2010 1498 2072 anget.
1530 1999 1653 2054 ll:ec
1680 1998 1842 2069 igitur

245 2097 433 2150 omnia
462 2112 583 2151 cum
614 2096 934 2166 intelligeret
960 2095 1188 2158 Paulus,
1212 2105 1266 2148 et
1292 2092 1394 2148 hoc
1423 2091 1707 2148 emendata
1738 2089 1844 2145 dif-

246 2186 393 2242 ficile
418 2195 473 2242 et
501 2187 725 2241 arduum
753 2187 912 2243 vellet
944 2185 1099 2241 facile
1141 2184 1366 2241 reddere
1393 2194 1448 2239 et
1500 2182 1804 2253 expeditum
1824 2222 1841 2246 ,

247 2289 306 2334 et
354 2278 430 2333 illi
458 2280 781 2349 persuadere
805 2321 821 2345 ,
850 2280 941 2349 qui
985 2294 1053 2333 ne
1101 2278 1295 2333 intueri
1324 2276 1537 2347 quidem
1568 2276 1842 2331 inimicum

243 2370 521 2443 dignatur,
551 2384 607 2427 ut
635 2372 701 2427 ad
726 2372 863 2427 bene
879 2371 947 2428 de
977 2371 1067 2426 illo
1097 2371 1408 2426 merendum
1438 2385 1495 2425 se
1541 2380 1842 2440 promptum

243 2464 599 2531 ostenderet,
643 2464 905 2519 carbones
961 2466 1097 2535 ignis
1143 2464 1342 2533 posuit,
1375 2473 1433 2517 ut
1469 2464 1717 2534 supplicii
1748 2478 1845 2533 spe

243 2564 554 2609 commotus
582 2555 649 2610 ad
691 2556 1008 2611 beneficium
1060 2558 1111 2633 in
1147 2557 1294 2610 illum
1334 2555 1717 2611 conferendum
1754 2572 1846 2611 ac-

243 2657 451 2715 currat,
483 2664 513 2702 a
541 2664 647 2719 quo
670 2648 867 2703 damno
910 2649 1096 2704 fuisset
1134 2648 1374 2704 affectus.
1410 2649 1477 2704 Et
1500 2650 1637 2704 sicut
1664 2651 1837 2720 pisca-

248 2751 337 2795 tor
364 2741 581 2795 hamum
636 2742 888 2797 illecebra
915 2742 1150 2813 contegit
1201 2742 1465 2810 undique,
1508 2750 1727 2812 tumque
1762 2740 1843 2812 pi-

241 2835 429 2891 scibus
466 2834 650 2905 objicit
670 2876 684 2899 ,
716 2844 775 2890 ut
819 2835 885 2890 ad
917 2844 1229 2890 consuetum
1261 2836 1435 2890 cibum
1463 2845 1837 2900 occurrentes,

243 2928 338 2982 illo
375 2926 535 2981 facile
580 2928 857 2997 capiantur
882 2942 946 2983 ac
981 2926 1321 2983 detineantur
1351 2944 1363 2979 :
1388 2926 1465 2981 sic
1509 2927 1759 2980 nimirum
1787 2934 1842 2981 et

241 3020 479 3087 Paulus,
507 3035 625 3073 cum
677 3018 925 3074 affectum
981 3019 1170 3089 injuria
1201 3020 1361 3074 vellet
1403 3018 1469 3073 ad
1521 3019 1839 3074 beneficium

240 3111 631 3166 conferendum
660 3111 879 3166 incitare
907 3109 963 3165 in
992 3112 1138 3165 illum
1171 3111 1263 3181 (ιυὶ
1294 3109 1539 3181 injuriant
1567 3112 1837 3177 intulerat,

242 3220 353 3258 non
413 3202 618 3258 nudum
668 3202 1018 3274 philos0pbize
1062 3203 1247 3272 objicit
1299 3203 1547 3270 hamum,
1578 3203 1674 3259 sed
1706 3212 1843 3259 tam-

238 3311 404 3366 quam
438 3295 686 3349 illecebra
712 3294 940 3365 quadam
966 3294 1287 3350 carbonibus
1308 3294 1443 3364 ignis
1466 3294 1758 3362 obtectum,
1787 3304 1841 3351 et

235 3388 622 3443 contumeliam
670 3402 885 3459 passum
927 3403 1023 3456 spe
1052 3386 1297 3457 supplicii
1338 3385 1405 3441 ad
1434 3385 1751 3441 beneficium
1786 3387 1838 3440 in

235 3496 364 3537 eum
391 3479 779 3536 conferendum
803 3521 819 3545 ,
843 3480 931 3551 qui
962 3480 1117 3545 laesit,
1151 3481 1339 3534 invitat
1369 3498 1383 3536 :
1414 3496 1536 3535 mox
1570 3492 1749 3539 autem
1780 3493 1841 3539 ut

234 3573 475 3639 venerit,
502 3572 696 3628 deinde
736 3573 970 3639 retinet,
1003 3588 1173 3643 neque
1211 3573 1422 3627 resilire
1448 3574 1595 3641 sinit,
1620 3591 1740 3631 cum
1765 3577 1834 3633 ab

235 3667 353 3738 ipsa
375 3668 453 3722 rei
480 3677 664 3721 natura
691 3681 813 3721 cum
853 3666 1069 3721 inimico
1105 3666 1380 3736 jungatur,
1407 3679 1569 3739 atque
1599 3668 1683 3724 his
1709 3684 1837 3739 pro-

234 3757 531 3831 jetnudutn
552 3758 732 3813 verbis
762 3758 907 3812 illum
930 3757 1122 3812 affatur
1147 3775 1160 3811 :
1190 3756 1306 3815 Non
1335 3761 1416 3816 vis
1441 3760 1653 3829 pietatis
1677 3775 1838 3816 causa

232 3857 422 3910 cibare
453 3853 599 3909 illum
624 3852 715 3925 qui
733 3860 782 3905 te
801 3851 962 3905 laesit?
981 3851 1171 3907 saltem
1201 3854 1270 3908 ob
1285 3868 1435 3923 spem
1453 3853 1667 3908 ultionis
1694 3854 1833 3909 ciba.

231 3951 351 4006 Scit
376 3950 522 4004 enim
568 3952 717 4011 fore,
744 3958 803 4003 ut
830 3949 875 4003 si
929 3945 1248 4003 beneﬁcium
1294 3947 1347 4001 in
1394 3947 1542 4001 illum
1590 3948 1838 4004 conferre

232 4041 618 4113 aggrediatur,
661 4040 771 4111 jam
799 4050 911 4095 tum
957 4040 1168 4095 initium
1196 4040 1323 4104 fiat,
1350 4053 1416 4093 ac
1441 4038 1525 4093 via
1567 4048 1839 4094 sternatur

231 4130 707 4189 reconciliationis.
739 4131 907 4187 Nemo
928 4131 1090 4198 enim,
1126 4146 1285 4186 nemo
1313 4146 1564 4201 umquam
1595 4134 1835 4200 poterita

230 4238 293 4279 se
315 4224 579 4279 nutritum
601 4222 869 4279 hominem
899 4238 962 4278 ac
987 4232 1224 4292 potatum
1250 4221 1502 4277 infestum
1533 4223 1750 4288 habere,
1767 4223 1837 4278 li-

228 4329 325 4375 cet
350 4318 509 4374 initio
531 4332 628 4389 spe
651 4317 865 4373 ultionis
894 4316 947 4371 id
990 4316 1194 4372 fecerit.
1223 4315 1505 4386 Temporis
1546 4316 1689 4371 enim
1713 4332 1837 4386 prn-

230 4424 431 4482 gressu
452 4410 547 4464 im
574 4408 847 4464 contentio
882 4409 1190 4463 remittitur.
1232 4406 1303 4463 Ut
1328 4407 1489 4477 igitur
1511 4407 1765 4476 piscator,
1787 4407 1835 4463 si

231 4500 442 4556 nudum
464 4500 678 4554 hamum
702 4498 981 4569 objiceret,
1002 4500 1201 4569 piscem
1223 4514 1554 4568 nequaquam
1573 4498 1833 4562 alliceret;

227 4595 344 4665 jam
373 4608 505 4647 vero
526 4601 803 4663 postquam
832 4590 979 4646 illum
1008 4591 1231 4656 obtexit,
1262 4590 1396 4646 clam
1430 4590 1481 4645 in
1509 4604 1571 4645 os
1590 4592 1836 4647 animalis

229 4684 551 4741 accedentis
592 4684 808 4739 hamum
857 4683 1094 4738 immittit
1126 4683 1241 4738 :sic
1269 4683 1429 4738 etiam
1466 4682 1659 4737 Paulus
1686 4723 1701 4748 ,
1733 4682 1837 4738 nisi

232 4793 417 4847 paena:
447 4774 904 4845 exspectationem
930 4773 1217 4843 objecisset
1235 4815 1251 4840 ,
1280 4772 1485 4827 affectis
1514 4773 1704 4843 injuria
1728 4788 1836 4829 non

230 4868 619 4941 persuasisset,
648 4876 707 4921 ut
743 4865 811 4921 ad
842 4866 976 4921 bene
1003 4865 1319 4920 merendum
1363 4864 1432 4919 de
1458 4864 1564 4919 illis
1586 4880 1616 4919 a
1643 4864 1837 4934 quibus

230 4962 351 5016 lazsi
387 4960 632 5023 fuissent,
658 4958 896 5014 animum
937 4956 1285 5029 appellerent.
1330 4955 1481 5023 Quod
1522 4955 1678 5026 igitur
1715 4955 1836 5011 illos

236 5052 575 5121 refugientes
599 5091 616 5115 ,
648 5065 791 5122 aegre
813 5048 1069 5113 ferentes,
1095 5060 1149 5103 ct
1177 5048 1258 5103 vel
1284 5049 1444 5103 etiam
1484 5048 1726 5103 inimicos
1754 5048 1836 5103 in-

229 5148 379 5201 tueri
402 5144 764 5199 detrectantes
806 5142 1023 5198 flectere
1052 5143 1244 5207 vellet,
1275 5152 1436 5212 atque
1479 5142 1545 5196 ad
1574 5142 1693 5196 illos
1717 5157 1835 5197 ma-

230 5235 403 5290 ximis
428 5233 703 5289 beneficiis
727 5233 1075 5289 cumulandos
1103 5234 1326 5288 incitare
1342 5275 1357 5298 ,
1382 5234 1672 5288 carbonum
1699 5233 1836 5304 ignis

232 5327 369 5381 fecit
412 5326 778 5392 mentionem,
812 5341 916 5381 non
956 5334 1014 5380 ut
1061 5326 1115 5380 in
1161 5326 1478 5396 supplicium
1529 5326 1836 5383 inevitabile

226 5422 364 5473 illos
386 5416 697 5486 conjiceret,
712 5416 804 5471 sed
824 5426 880 5471 ut
897 5432 1017 5471 cum
1040 5415 1144 5472 illis
1159 5418 1245 5487 qui
1266 5419 1475 5471 fuerant
1492 5416 1680 5488 injuria
1699 5417 1834 5485 laesi,

232 5508 597 5578 persuasisset
636 5508 997 5578 exspectando
1024 5510 1340 5578 supplicium
1373 5508 1510 5564 bene
1551 5508 1743 5564 mereri
1768 5509 1837 5566 de

232 5601 495 5666 inimicis,
515 5600 729 5656 tandem
757 5617 1037 5672 progressu
1067 5602 1323 5672 temporis
1352 5601 1513 5657 etiam
1543 5601 1835 5673 persuade-

232 5703 322 5750 ret
347 5692 473 5758 illis,
498 5700 558 5747 ut
583 5693 715 5748 iram
739 5708 953 5748 omnem
977 5692 1325 5763 deponerent.

312 5790 371 5839 6.
401 5790 577 5857 Atque
601 5786 749 5842 illum
775 5785 989 5856 quidem
1017 5786 1106 5856 qui
1144 5801 1332 5855 passus
1357 5785 1603 5856 injuriam
1635 5786 1830 5851 fuerat,

238 5882 324 5942 sic
373 5881 671 5955 mitigavit;
705 5882 823 5937 vide
852 5891 1031 5937 autem
1053 5895 1159 5949 quo
1182 5891 1334 5951 pacto
1364 5880 1511 5937 illum
1551 5881 1709 5938 etiam
1738 5884 1829 5939 oui

1222 410 1287 470 IN
1326 409 1549 479 ILLUD,
1588 409 1649 467 Si
1679 408 2044 468 ESUBIERIT
2082 408 2401 481 INIMICUS,
2442 413 2593 473 ETC.

3452 432 3554 488 £83

1962 522 2211 593 injuriam
2259 526 2546 595 intulerat.
2588 547 2710 589 cum
2761 534 2893 592 lteso
2934 542 3259 601 reconciliet.
3312 546 3550 609 Primum

1959 615 2175 687 quidem
2201 618 2317 689 ipso
2340 634 2538 691 genere
2565 622 2809 681 beneficii
2835 645 2850 683 :
2882 630 3059 688 nullus
3079 636 3222 691 enim
3246 647 3352 694 tam
3382 642 3552 699 miser

1958 715 2013 797 et
2042 706 2288 797 stupidus
2326 720 2428 774 est.
2458 713 2549 782 qui
2594 723 2806 784 potatus
2843 734 2907 774 ac
2944 722 3067 777 cibo
3117 725 3346 784 refectus
3372 770 3389 797 ,
3418 734 3547 789 nolit

1958 793 2078 866 ejus
2104 796 2218 852 fieri
2245 813 2433 855 servus
2455 810 2512 857 et
2540 805 2764 869 amicus,
2797 822 2826 862 a
2850 823 2956 879 quo
2977 811 3030 866 in
3057 812 3201 870 illum
3225 816 3323 873 ista
3350 793 3544 877 collata

1957 899 2120 985 sentt
2151 891 2346 949 deinde
2366 910 2494 951 vero
2530 899 2772 968 supplicii
2802 913 2965 959 metu.
3012 905 3143 963 Nam
3181 911 3390 967 videtur
3430 914 3538 985 qni-

1954 981 2076 1081 dem
2098 983 2349 1081 insectari
2373 1002 2499 1081 eum
2526 990 2619 1060 qui
2645 992 2819 1061 cibat,
2846 995 2973 1051 dum
3021 999 3097 1054 ait
3124 1000 3280 1056 :‘roc
3302 981 3549 1081 cut'm'fa-

1952 1073 2089 1129 ciens
2107 1075 2347 1131 carbones
2365 1078 2497 1150 ignis
2517 1096 2754 1153 congcres
2778 1101 2932 1156 super
2956 1101 3110 1156 caput
3131 1094 3240 1163 ejus
3260 1109 3279 1148 :
3300 1096 3393 1150 sed
3420 1073 3548 1157 cum

1950 1165 2041 1234 (ιυὶ
2072 1165 2209 1223 laesit
2235 1170 2547 1241 perstringit
2576 1174 2842 1241 maxime,
2872 1186 2929 1231 ut
2958 1179 3117 1249 hujus
3149 1198 3320 1252 partite
3354 1188 3547 1243 timore

1953 1258 2231 1327 perculsus
2277 1271 2564 1332 perpetuas
2606 1265 2911 1324 inimicitias
2959 1272 3179 1330 minime
3208 1275 3416 1345 foveat,
3449 1282 3546 1336 sed

1951 1350 2253 1423 intelligens
2299 1353 2454 1423 fore,
2489 1365 2549 1412 ut
2592 1362 2828 1416 maximo
2869 1362 3133 1421 afficiatur
3181 1368 3543 1441 detrimento,

1949 1442 2093 1514 quod
2130 1446 2337 1503 cibatus
2365 1463 2428 1503 ac
2453 1458 2664 1519 potatus
2694 1454 2886 1523 fuerit,
2914 1457 2959 1510 si
2997 1474 3212 1531 semper
3240 1462 3547 1522 inimicitias

1949 1546 2217 1604 exerceat,
2245 1538 2377 1593 iram
2404 1540 2655 1612 deponat.
2685 1544 2774 1600 Sic
2795 1563 3023 1619 namque
3046 1553 3237 1620 poterit
3266 1555 3400 1625 ignis
3426 1573 3547 1614 ear.-

1948 1629 2117 1686 bones
2133 1633 2489 1717 exstinguere.
2518 1636 2696 1707 Itaque
2714 1653 2868 1709 poena
2895 1652 2945 1696 et
2968 1646 3283 1713 supplicium
3302 1653 3544 1720 proposi-

1951 1731 2062 1777 tum
2085 1733 2193 1778 tum
2207 1741 2327 1780 eum
2347 1728 2435 1797 qui
2459 1727 2677 1784 affectus
2693 1739 2776 1786 est
2789 1731 2977 1802 injuria
2995 1735 3061 1790 ad
3084 1738 3397 1796 beneficium
3415 1759 3547 1799 con-

1949 1813 2227 1871 ferendum
2259 1818 2448 1873 invitat
2473 1819 2524 1873 in
2552 1837 2673 1876 eum
2696 1824 2784 1893 qui
2806 1824 2977 1891 ltesit,
3005 1836 3115 1882 tum
3148 1845 3272 1886 eum
3295 1836 3382 1903 qui
3415 1836 3537 1891 irrio

1954 1905 2085 1960 tavit
2113 1914 2280 1962 terret
2300 1917 2354 1963 et
2376 1910 2598 1979 excitat,
2624 1921 2785 1984 atque
2814 1915 2879 1970 ad
2902 1920 3391 1979 reconciliationem
3419 1942 3542 1984 cunt

1950 2013 2018 2053 eo
2057 2000 2147 2069 qui
2195 2000 2316 2055 cibo
2344 2001 2533 2058 refecit
2555 2019 2618 2060 ac
2648 2007 2870 2076 potavit,
2902 2008 3145 2080 impellit.
3182 2013 3386 2085 Duplici
3414 2034 3545 2090 ergo

1950 2091 2161 2147 vinculo
2200 2095 2388 2150 ambos
2432 2096 2569 2151 inter
2597 2114 2657 2154 se
2700 2102 3006 2170 copulavit,
3037 2105 3208 2163 altero
3255 2108 3540 2182 beneficii,

1948 2182 2121 2277 altero
2165 2187 2431 2258 supplicii.
2488 2189 2716 2247 Difficile
2745 2194 2943 2265 quippe
2978 2207 3059 2252 est
3088 2198 3350 2272 incipere,
3383 2213 3544 2277 atque

1950 2275 2152 2332 aditum
2185 2278 2425 2336 invenire
2450 2285 2867 2342 reconciliationi
2898 2305 2911 2340 :
2945 2289 3031 2345 ubi
3056 2306 3185 2347 vero
3212 2306 3397 2364 aperta
3424 2275 3545 2355 huic

1948 2384 2164 2441 quoquo
2212 2372 2372 2426 modo
2410 2372 2606 2442 fuerit,
2638 2393 2761 2447 quae
2808 2389 3107 2447 sequuntur
3149 2382 3321 2439 facilia
3350 2398 3542 2446 cuncta

1949 2474 2106 2518 erunt
2132 2474 2189 2521 et
2228 2468 2496 2537 expedita.
2525 2470 2779 2538 Quamvis
2804 2473 2948 2529 enim
2992 2475 3145 2531 initio
3174 2494 3272 2549 spe
3297 2483 3542 2551 supplicii

1948 2557 2040 2626 qui
2070 2556 2230 2613 laesus
2257 2570 2339 2614 est
2364 2561 2471 2616 alat
2493 2561 2766 2619 inimicum
2791 2606 2805 2631 ,
2840 2575 3016 2622 tamen
3042 2568 3168 2625 dum
3190 2572 3315 2639 alet,
3338 2578 3543 2632 amicus

1948 2648 2173 2715 evadet,
2201 2661 2256 2707 et
2299 2668 2473 2722 paena:
2497 2656 2840 2725 cupiditatem
2876 2662 3071 2728 poterit
3118 2678 3185 2719 ex
3226 2666 3407 2721 animo
3429 2670 3543 2738 pel-

1949 2738 2084 2795 lere.
2113 2740 2249 2796 Cum
2276 2743 2420 2798 enim
2457 2745 2662 2801 amicus
2704 2748 2942 2805 redditus
2971 2749 3153 2820 fuerit,
3180 2770 3285 2809 non
3309 2756 3419 2825 jam
3449 2759 3542 2815 tali

1945 2844 2068 2885 cum
2112 2836 2520 2903 exspectatione
2547 2838 2746 2908 poterit
2786 2854 2968 2895 secum
3006 2845 3407 2902 reconciliatum
3436 2866 3540 2905 nu-

1946 2925 2095 2983 trire.
2125 2925 2331 2982 Rursus
2357 2928 2402 2983 is
2426 2930 2518 3000 qui
2546 2930 2772 2986 offendit
2813 2948 2937 2988 cum
2975 2936 3170 2991 viderit
3193 2954 3313 2993 eum
3346 2943 3434 3007 qni
3461 2944 3542 2998 af-

1944 3014 2116 3073 fectus
2147 3017 2319 3073 fuerat
2344 3020 2534 3090 injuria
2559 3064 2574 3089 ,
2601 3023 2773 3092 ipsum
2810 3024 2953 3080 alere
2989 3041 3053 3081 ac
3082 3038 3265 3097 potare
3292 3030 3537 3101 dignari,

1944 3110 2136 3164 saltem
2158 3111 2228 3165 ob
2267 3110 2369 3167 hoc
2409 3113 2584 3183 ipsum
2609 3155 2625 3182 ,
2655 3124 2706 3170 et
2752 3115 2823 3170 ob
2863 3125 3064 3172 metum
3098 3123 3265 3190 parati
3294 3124 3540 3195 supplicii

1942 3199 2125 3256 odium
2164 3217 2325 3258 omne
2365 3203 2598 3273 deponet
2618 3245 2633 3266 ,
2662 3211 3003 3277 quantumvis
3032 3210 3257 3279 ferreus,
3288 3214 3538 3271 inhuma-

1944 3309 2046 3352 nus
2076 3303 2129 3352 et
2150 3294 2366 3353 adamas
2391 3297 2577 3365 lttcrit,
2606 3299 2747 3371 quod
2780 3308 2835 3357 et
2864 3300 3251 3359 humanitatem
3290 3322 3539 3364 revereao

1944 3399 2031 3446 tur
2050 3392 2167 3462 ejus
2192 3408 2221 3447 a
2246 3408 2351 3463 quo
2378 3394 2633 3460 nutritur,
2665 3405 2720 3450 et
2744 3397 2884 3465 quod
2916 3396 3016 3451 sibi
3059 3410 3301 3469 paratum
3328 3402 3537 3471 suppli-

1942 3484 2087 3539 cium
2114 3483 2463 3552 reformidet,
2490 3485 2535 3541 si
2568 3494 2688 3556 post
2706 3486 2957 3543 alimenta
2989 3500 3240 3560 percepta
3286 3490 3537 3550 inimicus

1943 3591 2065 3632 esse
2092 3592 2199 3631 non
2226 3576 2459 3632 desinat.

2023 3667 2312 3724 Vincendus
2353 3670 2586 3724 inimicus
2627 3671 2898 3741 quomodo.
2940 3670 3111 3726 David
3147 3673 3201 3726 in
3237 3674 3390 3728 veteri
3429 3676 3539 3747 lege

1940 3763 2144 3818 inimico
2173 3762 2435 3833 benefacit.
2454 3793 2529 3804 —
2556 3763 2757 3819 Idcirco
2794 3780 2968 3835 neque
2995 3765 3097 3821 huc
3137 3783 3303 3835 usque
3331 3777 3534 3824 tantum

1940 3854 2362 3910 eohortationem
2384 3855 2653 3925 provexit,
2678 3855 2772 3909 sed
2800 3865 3078 3925 postquam
3104 3858 3375 3928 utriusque
3400 3860 3534 3915 iram

1941 3946 2237 4015 mitigavit,
2265 3946 2517 4016 deinceps
2537 3946 2699 4000 animi
2721 3949 3041 4001 sententiam
3072 3949 3291 4020 corrigit
3313 3950 3533 4007 dicens:

1945 4039 2070 4094 Noli
2084 4039 2214 4093 vinci
2227 4056 2259 4092 a
2274 4038 2409 4093 malo
2427 4039 2600 4110 (Rom.
2618 4038 2703 4094 12.
2716 4038 2779 4094 2|
2795 4041 2831 4107 ).
2848 4040 2901 4095 Si
2916 4040 3058 4094 enim
3077 4052 3305 4110 acceptae
3328 4044 3535 4112 injuria!

1940 4134 2254 4189 memoriam
2284 4133 2718 4197 conservaveris,
2743 4142 2797 4187 et
2823 4132 3001 4188 ulcisci
3025 4133 3258 4188 volneris
3279 4176 3294 4200 ,
3318 4136 3535 4191 vincere

1939 4226 2154 4296 quidem
2188 4225 2457 4279 inimicmn
2496 4224 2726 4289 videris,
2765 4224 2861 4279 sed
2888 4241 2917 4279 a
2951 4226 3090 4280 malo
3122 4226 3384 4292 vinceris,
3432 4229 3533 4285 hoc

1939 4325 2057 4380 cst,
2110 4315 2176 4368 ab
2207 4316 2303 4369 ira.
2348 4314 2532 4384 Itaque
2567 4315 2610 4369 si
2656 4316 2870 4370 vincere
2912 4316 3100 4385 cupis,
3147 4318 3531 4385 reconciliare,

1940 4422 2039 4461 nec
2068 4406 2341 4461 ulciscere.
2364 4405 2487 4460 H:ec
2504 4405 2644 4459 enim
2675 4416 2756 4460 est
2774 4406 3025 4475 pneclara
3045 4406 3263 4461 victoria
3281 4449 3296 4475 ,
3318 4410 3535 4480 quando

1940 4499 1993 4555 in
2032 4499 2203 4561 bono.
2236 4499 2340 4553 hoc
2381 4508 2496 4565 est,
2542 4498 2798 4568 patientia
2842 4499 3041 4554 malum
3079 4500 3280 4568 vincis,
3325 4501 3531 4570 altjec-ta

1940 4607 2161 4663 prorsus
2187 4592 2456 4647 iracundia
2480 4602 2534 4646 et
2552 4591 2861 4660 injuriarum
2888 4593 3164 4648 memoria.
3190 4593 3383 4648 Verum
3416 4593 3534 4648 ltaac

1939 4684 2099 4740 verba
2127 4701 2229 4738 non
2254 4685 2461 4739 tulisset
2495 4699 2527 4739 a
2568 4682 2861 4754 principio,
2902 4685 2991 4754 qui
3032 4684 3192 4740 falsus
3231 4682 3438 4751 fuerat,
3478 4695 3534 4740 et

1938 4774 2017 4830 ira
2062 4774 2315 4829 tumebat.
2355 4773 2650 4843 Propterea
2697 4788 2818 4828 cum
2864 4773 3092 4843 prinntm
3136 4773 3252 4844 ejus
3296 4773 3531 4829 furorem

1937 4867 2301 4931 exsaturavit,
2342 4874 2453 4921 tum
2498 4864 2565 4920 ad
2602 4865 2859 4934 Optimam
2903 4864 3051 4919 illum
3083 4864 3533 4922 reconciliationis

1938 4973 2153 5014 causam
2190 4957 2453 5023 traduxit,
2487 4972 2659 5027 neque
2700 4972 2859 5026 prava
2889 4956 3134 5029 supplicii
3164 4971 3259 5027 spe
3300 4956 3531 5013 detineri
3587 4974 3594 4980 ·

1937 5052 2202 5122 permisit.
2235 5050 2399 5106 Vides
2453 5050 2767 5120 sapientiam
2830 5050 3187 5120 legislatoris?
3238 5052 3413 5121 Atque
3478 5062 3536 5107 ut

1938 5142 2206 5212 intelligas
2228 5152 2445 5212 propter
2471 5142 2831 5197 infirmitatem
2854 5157 3040 5196 eorum
3057 5183 3072 5209 ,
3100 5143 3188 5213 qui
3211 5142 3367 5198 aliter
3397 5144 3536 5199 inter

1939 5247 1999 5288 sc
2028 5248 2135 5288 non
2163 5240 2411 5303 poterant
2452 5233 2721 5301 copulari,
2755 5233 2925 5302 legem
2966 5232 3105 5288 hanc
3136 5234 3205 5288 ab
3235 5234 3327 5289 illo
3372 5234 3535 5289 fuisse

1940 5325 2206 5381 invectam
2228 5366 2243 5389 ,
2270 5324 2394 5378 andi
2414 5341 2523 5394 quo
2544 5333 2699 5395 pacto
2727 5322 2973 5378 Christus
3003 5323 3105 5380 hoc
3132 5324 3304 5394 ipsum
3336 5326 3534 5395 pratci-

1940 5420 2124 5490 piens,
2175 5435 2280 5473 non
2325 5418 2425 5473 hoc
2475 5419 2648 5487 ipsum
2699 5419 2977 5487 praemium
3023 5419 3398 5489 preposuerit;
3438 5416 3536 5472 sed

1938 5527 2063 5568 cum
2107 5511 2365 5566 dixisset:
2400 5508 2609 5580 Diligite
2647 5510 2878 5563 inimicos
2910 5520 3119 5571 vestros.
3155 5509 3428 5581 benefacile
3457 5510 3542 5562 Itis

1938 5607 2025 5678 qui
2044 5605 2258 5661 oderunt
2283 5622 2368 5659 eos
2393 5604 2411 5676 (
2436 5604 2623 5659 Matth.
2651 5604 2706 5658 5.
2741 5604 2858 5673 Η),
2893 5603 2995 5658 hoc
3018 5614 3122 5669 est,
3151 5603 3322 5657 ciltate
3349 5618 3411 5655 ac
3442 5618 3544 5671 po-

1941 5707 2053 5754 tum
2079 5697 2224 5763 date,
2248 5713 2353 5751 non
2373 5695 2627 5766 adjecerit
2652 5713 2664 5749 :
2693 5696 2803 5751 Iloc
2830 5694 2972 5750 cnim
2999 5695 3252 5750 facientes
3275 5694 3538 5748 carbones

1942 5791 2080 5861 ignis
2107 5789 2408 5860 conger-ais
2449 5804 2610 5859 super
2647 5788 2823 5857 capita
2852 5787 3099 5851 illorum;
3138 5784 3231 5840 sed
3272 5787 3437 5854 quia?
3477 5782 3539 5836 Ut

1942 5882 2131 5938 similes
2158 5881 2292 5952 [ictis
2325 5880 2467 5936 Patri
2498 5893 2678 5949 vestro,
2707 5882 2791 5948 qui
2823 5882 2874 5935 in
2902 5880 3040 5936 aclis
3065 5888 3156 5935 est.
3204 5877 3411 5933 Merito.
3442 5874 3536 5929 Pe-
