3964 6342
466 367 570 425 583

463 490 603 536 trum
628 479 794 546 enim,
823 478 1080 537 Iacobum
1099 489 1155 537 et
1171 480 1432 538 Joannem
1457 498 1523 539 ac
1546 483 1808 555 reliquum
1832 493 2048 554 aposto-

463 571 638 627 lorum
667 581 866 626 emtum
884 572 1251 644 alloquebatur
1279 591 1293 629 :
1327 583 1606 644 propterea
1630 574 1906 645 przemium
1930 572 2056 629 illud

465 663 758 733 proposuit.
804 662 958 732 Quod
1003 664 1048 720 si
1077 663 1230 720 dicas
1258 665 1359 721 hac
1388 681 1600 736 quoque
1645 666 1856 721 ratione
1894 680 2058 735 grave

463 769 585 810 esse
608 764 956 826 praeceptum,
980 755 1237 826 majorem
1261 766 1316 812 tu
1338 757 1553 828 quidem
1580 758 1734 813 nobis
1753 755 2059 827 suppeditas

462 845 834 902 defensionem
878 862 975 917 pro
1020 847 1205 911 Paulo,
1234 856 1286 903 te
1319 863 1447 903 vero
1473 863 1689 917 prorsus
1717 848 1860 902 onuii
1904 847 2058 901 venia

469 938 667 1008 privas.
690 937 828 1008 Quid
873 937 980 993 ita?
1007 938 1158 1008 Quod
1185 939 1434 994 nimirum
1459 939 1562 994 hoc
1587 938 1731 1009 quod
1760 954 1879 994 esse
1898 953 2060 1009 grave

467 1027 698 1096 videtur,
729 1029 779 1084 in
805 1027 986 1084 Veteri
1011 1029 1354 1085 Testamento
1377 1030 1468 1085 tibi
1497 1030 1773 1085 ostendam
1799 1044 1919 1085 esse
1937 1043 2062 1099 per-

470 1121 669 1178 fectum
694 1163 710 1188 ,
763 1137 872 1192 quo
926 1130 1168 1192 tempore
1220 1123 1454 1179 nondum
1504 1133 1663 1178 tanta:
1712 1122 2062 1194 philosophiae

470 1215 746 1286 specimen
789 1215 990 1271 editum
1035 1215 1225 1272 fuerat.
1267 1217 1550 1288 Propterea
1597 1231 1826 1287 namque
1868 1215 2062 1270 Paulus

471 1307 634 1362 etiam
667 1322 774 1363 non
803 1309 916 1364 suis
953 1310 1129 1364 verbis
1162 1310 1330 1379 legem
1374 1310 1703 1375 introduxit,
1736 1309 1831 1364 sed
1873 1309 2061 1364 iisdem

473 1399 604 1469 ipsis
647 1401 830 1458 verbis
871 1416 999 1458 usus
1047 1411 1148 1468 est,
1181 1403 1373 1474 quibus
1424 1403 1536 1467 ille,
1584 1403 1675 1474 qui
1722 1419 1754 1458 a
1801 1403 2064 1474 principio

473 1490 642 1558 ipsam
672 1506 706 1547 ι
725 1507 785 1548 se
813 1492 976 1548 latam
1005 1492 1224 1560 invexit,
1255 1503 1311 1548 ut
1337 1495 1514 1549 nullus
1538 1494 1708 1550 venia:
1729 1493 1879 1550 locus
1903 1495 2067 1549 relin-

471 1591 730 1651 queretur
752 1582 838 1648 iis,
870 1584 961 1654 qui
1000 1600 1107 1640 non
1133 1585 1276 1641 illam
1303 1585 1706 1642 observassent.
1734 1585 1865 1642 Illud
1895 1587 2062 1653 enim,

476 1676 536 1729 Si
562 1677 791 1732 αυγερ-ἔτ
818 1677 1051 1736 inimicus
1080 1687 1219 1747 tuus,
1240 1679 1351 1734 ciba
1373 1679 1520 1734 illum
1537 1696 1557 1745 ,'
1575 1681 1618 1735 si
1645 1677 1768 1746 sitit,
1797 1689 1973 1750 potant
1999 1681 2067 1733 da

472 1769 586 1833 illi,
617 1785 722 1824 non
770 1769 918 1825 Pauli
961 1773 1191 1843 primum
1233 1781 1317 1828 est
1358 1773 1590 1840 dictum,
1621 1773 1714 1828 sed
1764 1773 2067 1829 Salomonis

478 1860 660 1930 (Prov.
679 1861 875 1919 25.21.
895 1865 1302 1935 22).Pr0pterea
1329 1866 1488 1920 verba
1519 1867 1710 1936 posuit,
1743 1875 1800 1920 ut
1838 1865 2066 1920 auditori

475 1955 852 2024 persuaderet,
901 1957 1269 2028 turpissimum
1321 1973 1442 2013 esse
1468 1967 1702 2014 veterem
1752 1959 1958 2029 legem,
2015 1965 2070 2012 et

474 2061 634 2116 quam
661 2047 867 2118 antiqui
893 2047 1202 2119 frequenter
1223 2049 1663 2118 adimpleverunt,
1691 2065 1810 2120 qua:
1835 2064 1974 2104 nunc
2001 2048 2067 2103 ad

477 2145 675 2192 tantam
703 2148 886 2194 evecta
913 2151 992 2195 est
1025 2139 1439 2211 philosophiam,
1467 2155 1683 2212 gravem
1709 2151 1764 2196 et
1789 2140 2068 2196 molestam

479 2230 672 2299 putari.
717 2229 784 2285 Et
811 2232 930 2302 quis
981 2231 1124 2287 illam
1171 2248 1237 2288 ex
1284 2233 1516 2303 antiquis
1557 2233 1886 2302 adimplevit,
1931 2233 2073 2290 dicet

478 2321 708 2393 aliquis?
729 2322 877 2378 Multi
904 2337 1034 2379 sane
1057 2323 1168 2389 alii,
1196 2324 1290 2378 sed
1313 2323 1478 2380 David
1500 2325 1795 2395 praesertim
1813 2324 2070 2394 majorem

481 2415 534 2469 in
567 2415 804 2470 modum.
831 2414 946 2470 Non
969 2415 1112 2472 enim
1142 2415 1338 2472 cibavit
1359 2416 1652 2480 inimicum,
1687 2432 1859 2487 neque
1890 2427 2070 2485 potum

478 2505 630 2561 dedit
656 2507 704 2560 ei
752 2516 982 2575 tantum,
1023 2507 1116 2564 sed
1161 2507 1325 2564 etiam
1371 2509 1759 2579 periclitantem
1804 2509 2000 2579 saepius
2041 2523 2072 2563 a

485 2610 658 2653 morte
687 2599 951 2665 liberavit,
977 2609 1175 2656 etcum
1198 2610 1380 2671 posset
1405 2601 1578 2671 ipsum
1609 2599 1876 2667 occidere,
1905 2601 2074 2656 semel

479 2703 530 2746 et
561 2693 640 2748 his
668 2702 722 2748 et
768 2695 962 2765 sa-pius
1007 2695 1264 2766 pepercit.
1311 2697 1388 2751 Ac
1425 2694 1554 2750 Sat'tl
1579 2693 1793 2766 quidem
1836 2694 1916 2749 sic
1950 2709 2073 2749 eum

478 2783 669 2840 oderat
697 2793 751 2840 et
787 2787 1134 2842 aversabatur
1165 2796 1287 2858 post
1329 2787 1607 2842 innumera
1633 2786 1913 2852 beneficia,
1955 2796 2077 2856 post

482 2886 680 2946 tropum
714 2879 988 2947 prmclara,
1013 2886 1068 2934 et
1110 2889 1312 2950 partam
1339 2879 1598 2936 adversus
1627 2878 1839 2936 Goliath
1879 2881 2076 2951 populo

480 2968 731 3033 salutem,
763 2979 906 3024 utne
926 2969 1157 3025 nominis
1181 2969 1397 3041 quidem
1422 2971 1588 3041 ipsius
1614 2971 1936 3026 mentionem
1962 2969 2075 3025 fieri

480 3061 797 3129 sustineret,
822 3061 917 3117 sed
954 3063 1127 3133 ipsum
1169 3078 1200 3119 a
1231 3074 1382 3134 patre
1409 3062 1734 3134 designaret.
1769 3062 1901 3118 Cum
1933 3063 2075 3118 enim

481 3153 794 3209 solemnitas
819 3154 1142 3221 advenisset,
1184 3156 1434 3226 quoniam
1459 3170 1581 3211 cum
1622 3154 1776 3211 dolos
1821 3156 2079 3211 texuisset

481 3247 691 3318 aliquos
729 3256 786 3302 et
823 3263 1014 3318 graves
1058 3248 1278 3304 insidias
1327 3249 1380 3303 in
1411 3263 1534 3304 eum
1577 3249 1881 3314 struxisset,
1928 3247 2077 3302 illum

482 3339 695 3392 venisse
715 3353 820 3392 non
847 3338 1078 3404 videbat,
1107 3339 1204 3394 Ubi
1229 3349 1322 3404 est,
1347 3340 1536 3410 inquit,
1560 3341 1697 3409 ﬁlius
1712 3338 1856 3394 Jesse
1875 3340 1922 3410 (l
1946 3339 2075 3411 Reg.

481 3428 574 3483 20.
614 3427 929 3499 27)?Illum
979 3429 1194 3500 quidem
1245 3446 1274 3484 a
1335 3440 1484 3500 patre
1529 3431 1861 3501 designabat,
1921 3432 2077 3486 simul

486 3520 704 3589 quidem
747 3536 853 3576 non
894 3522 1168 3577 sustinens
1196 3527 1312 3591 ejus
1345 3523 1576 3577 nominis
1615 3539 1723 3592 pra:
1752 3523 1876 3578 odio
1914 3523 2079 3578 nimio

488 3611 821 3680 meminisse,
853 3613 1010 3667 simul
1041 3628 1169 3667 vero
1201 3614 1514 3668 existimans
1543 3614 1872 3684 ignobilitate
1913 3617 2079 3685 patris

487 3717 646 3772 posse
669 3704 797 3773 justi
845 3705 1138 3760 claritatem
1176 3706 1474 3776 obscurari,
1504 3723 1623 3778 qua:
1661 3708 1843 3778 opinio
1883 3709 2077 3764 misera

488 3794 644 3862 plane
665 3795 762 3850 fuit
781 3805 836 3851 et
865 3795 1077 3862 infelix;
1105 3799 1398 3867 przesertim
1421 3814 1541 3853 cum
1569 3799 1699 3854 nihil
1731 3800 1830 3854 hoc
1857 3799 2080 3856 deberet

488 3903 680 3944 nocere
709 3889 912 3956 Davidi,
939 3891 1180 3960 quamvis
1203 3890 1419 3961 aliquod
1447 3893 1653 3963 parenti
1681 3893 1884 3948 crimen
1916 3893 2077 3964 objici

489 3988 684 4048 posset.
714 3979 912 4035 Rerum
941 3981 1085 4036 enitn
1110 3997 1140 4035 a
1170 3997 1230 4037 se
1254 3991 1523 4053 gestarum
1553 3982 1817 4038 rationem
1850 3984 2077 4039 reddere

485 4070 647 4128 debet
673 4073 1060 4143 unusquisque,
1079 4083 1238 4144 atque
1260 4089 1326 4130 ex
1353 4075 1460 4130 illis
1487 4076 1569 4131 vel
1601 4076 1809 4131 laudem
1833 4119 1848 4142 ,
1877 4076 1962 4131 vel
1995 4077 2078 4131 vi-

488 4166 752 4236 tuperium
779 4177 1034 4224 meretur.
1065 4166 1185 4223 Jam
1211 4184 1340 4224 vero
1359 4183 1482 4224 cum
1509 4171 1713 4224 nullum
1745 4171 1921 4225 scelus
1949 4186 2078 4242 pos-

485 4265 568 4312 set
595 4258 860 4328 objicere.
900 4261 1111 4329 generis
1153 4259 1534 4331 ignobilitatem
1577 4260 1628 4314 in
1677 4261 1908 4316 medium
1952 4275 2078 4331 pro-

487 4347 640 4402 tulit:
670 4356 725 4402 et
751 4348 848 4403 hac
874 4349 1083 4405 ratione
1107 4349 1341 4420 speravit
1363 4365 1424 4406 se
1453 4365 1612 4420 posse
1639 4351 1937 4406 claritatem
1959 4351 2078 4422 ejus

485 4437 794 4504 oliscurare,
825 4440 970 4510 quod
994 4448 1254 4495 extrema:
1284 4440 1381 4496 fuit
1405 4441 1710 4498 dementim.
1751 4443 1903 4509 Quod
1935 4444 2077 4498 enim

483 4527 686 4584 crimen
712 4540 796 4585 est
821 4545 886 4585 ex
914 4531 1104 4586 vilibus
1140 4541 1194 4586 et
1225 4531 1512 4587 humilibus
1536 4544 1710 4588 ortum
1740 4550 1858 4590 esse
1886 4551 2081 4604 paren-

485 4619 667 4677 tibus?
719 4621 790 4675 At
843 4621 934 4677 ille
988 4630 1188 4676 tantam
1236 4622 1625 4694 philosophiam
1680 4639 1784 4679 non
1830 4625 2075 4679 callebat.

482 4713 610 4769 sam
654 4714 814 4785 igitur
853 4729 978 4770 eum
1023 4714 1178 4771 Jesse
1203 4717 1371 4771 filium
1397 4718 1651 4782 vocabat;
1698 4717 1860 4772 David
1900 4728 2078 4772 autem

482 4823 605 4862 cum
633 4808 780 4864 illum
809 4809 952 4866 intus
979 4811 1032 4865 in
1064 4811 1315 4880 spelunca
1347 4810 1700 4867 dormientem
1733 4812 2075 4879 oﬂ‘endisset,

486 4918 592 4956 non
618 4919 742 4958 eum
774 4903 938 4958 lilium
984 4903 1094 4968 Cis,
1145 4905 1239 4961 sed
1267 4905 1544 4977 dignitatis
1581 4906 1798 4962 nomine
1839 4907 2073 4962 vocavit:

487 4991 612 5049 Non
642 4996 776 5050 enim
801 4998 1030 5068 injiciam
1069 5015 1278 5052 manum
1316 5016 1500 5067 meam,
1531 5000 1719 5071 inquit,
1750 5001 1802 5054 in
1837 5001 2081 5055 christum

491 5082 696 5139 Domini
727 5086 804 5158 (ι.
830 5088 955 5160 Reg.
980 5089 1072 5145 26.
1098 5091 1206 5161 11).
1237 5089 1328 5145 Sic
1351 5089 1419 5146 ab
1439 5089 1515 5145 ira
1537 5091 1769 5147 mundus
1791 5101 1910 5146 erat
1933 5099 1987 5146 et
2013 5093 2081 5145 ab

489 5173 804 5244 injuriarum
845 5179 990 5233 omni
1030 5181 1328 5235 memoria:
1357 5179 1618 5235 christum
1667 5181 1875 5236 Domini
1923 5191 2081 5237 vocat

486 5280 632 5332 eum,
662 5282 693 5320 a
721 5284 827 5336 quo
857 5278 937 5324 tot
963 5270 1184 5327 allectus
1228 5283 1345 5328 erat
1375 5273 1606 5342 injuriis,
1647 5275 1736 5344 qui
1767 5277 2078 5346 sanguinem

484 5357 600 5422 ejus
643 5358 880 5427 sitiebat,
921 5369 976 5416 et
1024 5372 1142 5431 post
1187 5363 1462 5419 innumera
1511 5365 1770 5420 beneficia
1808 5367 2081 5422 multoties

486 5450 636 5504 illum
667 5465 950 5521 aggressus
975 5462 1060 5508 est
1097 5455 1428 5512 interimere.
1457 5456 1574 5512 Non
1599 5457 1740 5512 enim
1783 5458 2076 5526 Spectabat,

485 5543 614 5613 quid
663 5544 756 5599 ille
801 5544 908 5613 pati
953 5549 1390 5617 commeruisset;
1443 5549 1540 5605 sed
1591 5551 1896 5621 spectabat,
1955 5552 2078 5622 quid

484 5638 659 5704 ipsum
705 5637 882 5693 facere
914 5640 998 5696 vel
1047 5639 1227 5698 dicere
1272 5644 1617 5708 conveniret,
1665 5644 1754 5714 qui
1798 5659 2082 5714 supremus

489 5728 643 5784 limes
677 5739 761 5784 est
798 5729 1170 5804 philosophiae.
1197 5735 1474 5802 Quodnam
1504 5735 1631 5790 illud
1661 5736 1916 5792 tandem?
1942 5747 2079 5790 tam-

488 5835 648 5890 quam
691 5823 743 5880 in
787 5838 1004 5882 carcere
1050 5833 1239 5883 tenens
1289 5826 1558 5883 inimicum
1605 5826 1797 5897 duplici
1845 5827 2077 5884 vinctum

1173 366 1232 425 8.
1270 367 1553 427 JOANNIS
1590 363 2070 426 CHRYSOSTOMI
2103 363 2425 423 ARCHIEP.
2452 367 2988 428 CONSTANTINOP.

3657 371 3754 427 [85

2165 480 2425 551 compede
2449 483 2533 538 vel
2559 484 2748 554 triplici
2781 487 2975 554 potius,
3006 493 3060 540 et
3089 485 3345 555 angustiis
3371 485 3496 554 loci,
3527 492 3582 538 et
3601 486 3749 537 auxi-

2163 573 2412 628 liatorum
2438 575 2637 646 inOpia,
2677 587 2731 633 et
2761 579 2934 633 somni
2981 581 3323 647 necessitate,
3350 595 3454 635 non
3490 582 3662 652 exigis
3689 584 3754 635 ah

2165 663 2256 718 illo
2277 679 2465 735 poenas
2504 683 2602 722 nec
2629 669 2987 738 supplicium?
3017 669 3380 741 Nequaquam,
3408 673 3598 742 inquit.
3639 673 3753 727 Non

2163 756 2308 810 enim
2347 757 2478 828 quid
2527 759 2616 814 ille
2669 760 2775 829 pati
2808 771 3076 816 mereatur
3117 779 3257 817 nunc
3303 765 3609 832 considero,
3663 767 3754 820 sed

2163 847 2291 915 quid
2317 847 2506 905 fecisse
2535 865 2620 906 me
2644 851 2916 907 decuerat.
2943 852 3058 908 Non
3087 855 3407 923 respiciebat
3432 856 3594 910 caedis
3625 857 3754 910 faci-

2166 939 2388 1007 litatem,
2418 941 2513 998 sed
2533 945 2903 1000 convenientis
2921 946 3020 1000 sibi
3041 945 3390 1017 philosophia:
3417 950 3754 1003 sanctitatem

2167 1031 2503 1100 respiciebat.
2535 1033 2769 1090 Tametsi
2821 1036 2947 1104 quid
2996 1053 3180 1092 eorum
3220 1054 3338 1108 qua:
3367 1048 3497 1094 tunc
3535 1041 3760 1094 aderant

2169 1138 2273 1177 non
2316 1123 2564 1180 idoneum
2593 1135 2710 1182 erat
2735 1127 2800 1182 ad
2833 1129 2979 1183 illum
3010 1129 3077 1184 ad
3106 1130 3310 1186 caedem
3337 1133 3758 1202 impellendum?

2167 1214 2319 1282 Quod
2365 1217 2574 1273 vinctus
2617 1219 2665 1273 ei
2704 1219 2929 1274 traditus
2965 1230 3080 1276 erat
3105 1222 3390 1278 inimicus?
3424 1225 3583 1278 Scitis
3614 1224 3754 1278 enim

2173 1306 2275 1362 hoc
2296 1309 2570 1380 nimirum,
2589 1327 2688 1368 nos
2717 1313 2782 1367 ad
2810 1329 2873 1369 ea
2905 1315 3244 1386 exsequenda
3269 1317 3567 1385 promptius
3594 1317 3761 1371 advo-

2170 1400 2303 1465 lare,
2353 1419 2472 1473 qua:
2523 1405 2790 1461 facilitatis
2843 1406 3000 1476 plena
3045 1417 3190 1472 sunt,
3243 1417 3298 1463 et
3348 1409 3590 1479 prosperi
3643 1424 3766 1480 Spes

2169 1507 2450 1549 successus
2477 1495 2664 1562 efficit,
2716 1505 2775 1552 ut
2796 1497 2864 1552 ad
2903 1513 3014 1552 rem
3044 1499 3303 1568 agendam
3333 1499 3521 1569 majori
3555 1498 3762 1568 cupidi-

2172 1594 2279 1641 tate
2306 1586 2736 1652 exardescamus,
2763 1588 2908 1659 quod
2933 1600 2989 1644 et
3018 1589 3070 1643 in
3104 1589 3196 1642 illo
3227 1600 3337 1644 tum
3367 1590 3584 1645 accidit.

2242 1675 2348 1732 Cur
2371 1676 2534 1732 δαεὶΙο
2555 1679 2833 1749 pepercerit
2851 1678 3035 1733 David.
3063 1677 3277 1734 Doridis
3302 1690 3489 1748 quanta
3513 1681 3759 1734 virtus.—

2171 1766 2437 1838 Numquid
2466 1778 2574 1823 tum
2601 1772 2868 1826 exercitus
2897 1770 3002 1825 dux
3045 1771 3356 1825 consulebat
3385 1782 3438 1826 et
3466 1771 3765 1826 incitabat?

2175 1859 2428 1930 numquid
2458 1861 2848 1930 pra-teritarum
2879 1877 3056 1917 rerum
3086 1861 3382 1916 memoria?
3409 1861 3514 1916 Sed
3547 1863 3682 1916 nihil
3705 1864 3766 1916 ad

2173 1951 2372 2007 caedem
2405 1952 2550 2006 illum
2579 1954 2816 2021 impulit;
2848 1954 2954 2007 imo
2983 1955 3096 2024 ipsa
3133 1953 3295 2008 cmdis
3321 1953 3548 2008 facilitas
3572 1970 3760 2009 avoca-

2174 2042 2293 2098 vit:
2347 2044 2593 2098 veniebat
2637 2045 2780 2100 enim
2838 2045 2913 2099 illi
2971 2047 3023 2099 in
3083 2055 3317 2100 mentem
3371 2045 3570 2100 idcirco
3604 2046 3768 2100 Demn

2178 2135 2324 2190 illum
2354 2135 2634 2190 tradidisse
2657 2177 2674 2200 ,
2719 2145 2775 2190 ut
2819 2136 3080 2205 majorem
3112 2136 3185 2190 illi
3216 2136 3567 2205 pliilOSOphia:
3597 2149 3768 2191 matc-
3851 2164 3854 2165 ν

2178 2227 2309 2281 riam
2355 2237 2410 2282 et
2452 2227 2788 2283 occasionem
2835 2227 3116 2298 prmberet.
3149 2229 3227 2282 Ac
3254 2243 3348 2281 vos
3374 2228 3590 2298 quidem
3625 2228 3770 2282 illuni

2177 2318 2403 2375 fortasse
2447 2320 2735 2384 miramini,
2780 2321 2922 2390 quod
2969 2321 3164 2376 nullius
3194 2336 3257 2376 ex
3289 2321 3578 2390 praeteritis
3623 2321 3772 2375 malis

2177 2411 2488 2465 recordatus
2534 2411 2641 2466 sit:
2672 2426 2772 2482 ego
2812 2428 2939 2466 vero
2985 2423 3202 2482 propter
3229 2413 3370 2466 aliud
3399 2413 3568 2467 multo
3603 2413 3772 2483 majus

2180 2501 2353 2572 ipsum
2384 2504 2725 2573 obstupesco.
2757 2504 2894 2570 Quid
2924 2504 3051 2558 illttd
3078 2505 3154 2558 rei
3184 2504 3304 2558 est?
3334 2503 3486 2572 Quod
3512 2519 3615 2558 nec
3641 2506 3773 2556 futu-

2179 2610 2360 2649 rorum
2396 2595 2609 2664 quidem
2655 2604 2830 2650 metus
2874 2610 2994 2649 eum
3037 2593 3104 2649 ad
3155 2594 3426 2648 inimicum
3473 2594 3771 2648 necandum

2179 2686 2468 2755 impulerit.
2516 2685 2723 2757 Quippe
2772 2687 2858 2756 qui
2891 2686 3056 2756 probe
3104 2696 3326 2742 noverat
3351 2701 3472 2740 cum
3515 2685 3683 2741 semel
3712 2701 3772 2739 ex

2181 2778 2347 2848 ipsius
2373 2779 2619 2835 manibus
2658 2779 2922 2850 elapsum,
2964 2795 3148 2834 rursus
3176 2780 3248 2834 illi
3289 2787 3616 2834 structorum
3649 2778 3775 2832 insi-

2179 2870 2298 2926 dias
2328 2891 2343 2928 :
2373 2872 2466 2927 sed
2511 2872 2694 2927 maluit
2737 2872 3100 2926 adversarium
3146 2872 3368 2926 liberum
3415 2871 3689 2925 dimittere
3717 2886 3774 2925 ac

2184 2965 2476 3035 periculum
2525 2966 2723 3030 subire,
2769 2981 2950 3036 quam,
3001 2975 3058 3020 ut
3098 2965 3288 3019 salutis
3339 2980 3450 3019 suae
3505 2965 3775 3019 securitati

2181 3057 2507 3126 eonsuleret,
2540 3057 2746 3114 hostem
2779 3073 2988 3114 necare.
3031 3057 3168 3126 Quid
3189 3073 3310 3112 eum
3337 3073 3533 3127 magno
3563 3058 3654 3110 illo
3683 3073 3774 3126 ge-

2182 3163 2482 3219 nerosoque
2525 3148 2705 3204 animo
2747 3147 2976 3205 conferri
3027 3149 3214 3218 possit,
3257 3149 3370 3220 qui,
3416 3165 3538 3203 cum
3567 3148 3775 3201 oculum

2182 3243 2342 3299 ell'odi
2385 3243 2470 3300 lex
2501 3259 2599 3314 pro
2641 3243 2797 3299 oculo
2834 3243 3038 3313 jubeat,
3066 3253 3119 3296 et
3147 3242 3360 3297 dentem
3389 3257 3486 3310 pro
3514 3241 3695 3304 dente,
3718 3255 3777 3293 ac

2183 3350 2280 3404 par
2307 3335 2418 3406 pari
2460 3335 2646 3390 referri
2676 3335 2849 3406 (Deut.
2881 3334 2969 3390 19.
2997 3334 3110 3403 21),
3143 3350 3250 3388 non
3281 3333 3440 3389 modo
3493 3334 3545 3388 id
3573 3350 3678 3387 non
3705 3332 3775 3386 fe-

2182 3427 2275 3492 cit,
2305 3426 2398 3481 sed
2424 3436 2477 3481 et
2500 3427 2666 3481 multo
2694 3426 2950 3496 majorem
2981 3425 3373 3498 philosophiam
3410 3441 3521 3494 pne
3548 3441 3607 3480 se
3637 3425 3776 3478 tulit?

2183 3519 2515 3589 Quamquam
2560 3518 2606 3574 si
2637 3528 2745 3573 tum
2789 3518 3007 3574 Saiilem
3054 3526 3320 3580 necasset,
3362 3517 3440 3570 sic
3464 3531 3679 3586 quoque
3709 3515 3776 3569 illi

2185 3609 2535 3681 phil050phiae
2579 3611 2692 3665 laus
2737 3611 2900 3665 illaesa
2953 3610 3260 3677 mansisset,
3313 3623 3418 3662 non
3452 3609 3614 3662 modo
3643 3607 3777 3678 quod

2185 3701 2325 3755 ultus
2350 3711 2514 3767 esset,
2549 3716 2669 3754 cum
2709 3716 2806 3755 nec
2851 3699 2966 3771 ipse
3011 3699 3155 3770 prior
3197 3700 3570 3770 percussisset,
3597 3713 3776 3752 verum

2184 3791 2343 3845 etiam
2397 3790 2536 3862 quod
2591 3789 2791 3846 dictum
2845 3790 2993 3856 illud,
3050 3790 3266 3844 Oculum
3294 3807 3386 3859 pro
3425 3789 3592 3851 oculo,
3628 3790 3778 3857 longe

2184 3885 2373 3954 majori
2421 3883 2678 3939 modestia
2729 3885 2966 3939 vicisset.
3010 3883 3125 3938 Non
3184 3885 3324 3938 enim
3357 3898 3456 3952 pro
3502 3899 3604 3935 uua
3637 3881 3780 3935 carde

2184 3991 2343 4030 uuam
2374 3975 2726 4046 rependissct,
2758 3975 2851 4030 sed
2879 3991 2971 4044 pro
3001 3974 3182 4028 multis
3210 3973 3491 4038 mortibus,
3523 3988 3657 4042 quas
3697 3973 3782 4025 ille

2187 4068 2458 4133 intulerat,
2507 4069 2631 4122 dum
2678 4084 2782 4122 non
2825 4067 3013 4132 semel,
3065 4082 3170 4120 non
3221 4066 3323 4128 bis.
3371 4065 3466 4120 sed
3514 4064 3781 4117 multoties

2187 4158 2359 4229 ipsum
2389 4158 2637 4214 occidere
2680 4169 2904 4213 conatus
2927 4167 3062 4224 erat,
3096 4171 3251 4212 unam
3287 4155 3527 4210 illaturus
3555 4163 3782 4208 mortem

2185 4250 2371 4306 fuisset
2399 4268 2413 4305 :
2449 4250 2554 4304 imo
2582 4266 2710 4306 vero
2739 4265 2844 4305 non
2873 4249 3069 4304 idcirco
3093 4257 3312 4311 tauttuu,
3340 4245 3432 4300 scd
3460 4247 3616 4299 etiam
3645 4243 3782 4314 quod

2185 4353 2330 4398 metu
2376 4343 2537 4397 futuri
2567 4343 2788 4398 adactus
2817 4345 2882 4397 ad
2910 4342 3165 4398 ultionem
3215 4340 3649 4410 progrederetur,
3680 4337 3779 4391 hoc

2184 4449 2396 4505 quoque
2443 4447 2641 4506 praeter
2686 4451 2768 4497 ea,
2800 4450 2920 4505 quae
2945 4434 3084 4488 dicta
3115 4443 3260 4494 sunt,
3291 4432 3550 4501 integram
3593 4431 3668 4483 illi
3701 4440 3779 4482 to-

2185 4526 2424 4582 lerantia:
2452 4543 2707 4582 coronam
2738 4526 2985 4596 aequirit.
3015 4525 3114 4594 Qui
3143 4526 3284 4579 enim
3332 4534 3549 4593 prOpter
3568 4539 3632 4577 ea
3664 4538 3781 4592 qua:

2184 4619 2512 4688 acciderant,
2559 4620 2610 4674 in
2653 4636 2774 4674 eum
2822 4619 2988 4674 iratus
3016 4627 3159 4673 esset
3182 4633 3245 4671 ac
3286 4632 3470 4684 poenas
3498 4617 3782 4682 exegisset,

2189 4711 2484 4766 tolerantia:
2511 4711 2720 4766 laudem
2747 4711 3001 4781 consequi
3028 4710 3247 4764 minime
3267 4718 3447 4778 posset
3470 4725 3483 4760 :
3508 4723 3630 4761 eum
3661 4723 3786 4761 vero

2185 4805 2277 4876 qui
2309 4805 2574 4875 pra-terita
2601 4805 2762 4858 multa
2789 4819 2958 4874 eaque
2985 4803 3165 4874 gravia
3199 4803 3612 4872 pra~terntittens
3642 4811 3785 4854 metu

2189 4899 2579 4953 imminentium
2631 4898 2986 4968 periculorum
3044 4897 3202 4952 saluti
3275 4912 3388 4952 suae
3437 4895 3783 4966 prospicere,

2186 4999 2346 5060 atque
2393 4989 2592 5045 idcirco
2629 4990 2695 5044 ad
2727 4991 2982 5045 ultionem
3009 4987 3257 5059 progredi
3283 4997 3596 5057 cogeretur,
3627 5001 3787 5040 nemo

2187 5090 2370 5152 posset
2400 5081 2672 5136 modestia:
2701 5095 2899 5136 corona
2932 5081 3162 5150 privare.

2259 5175 2312 5228 7.
2350 5172 2735 5228 Verumtamen
2779 5172 2947 5226 David
2993 5187 3062 5226 ne
3109 5171 3212 5225 hoc
3240 5167 3455 5241 quidem
3499 5168 3645 5233 fecit,
3689 5165 3784 5220 sed

2188 5284 2382 5322 novum
2411 5267 2677 5336 quoddam
2723 5274 2777 5320 et
2821 5265 3092 5320 insolitum
3120 5262 3471 5334 philosophiae
3495 5276 3670 5332 genus
3691 5259 3786 5313 ad-

2188 5359 2408 5419 invenit.
2452 5369 2507 5412 et
2547 5373 2720 5426 neque
2766 5357 3024 5412 memoria
3056 5354 3468 5426 praeteritorum,
3500 5368 3676 5423 neque
3702 5349 3786 5405 fu-

2190 5462 2430 5506 turorum
2461 5461 2650 5514 metus,
2685 5466 2858 5521 neque
2883 5449 3034 5504 ducis
3054 5449 3319 5502 exercitus
3340 5446 3663 5508 cohortatio,
3692 5459 3791 5499 nec

2190 5545 2422 5599 solitudo
2447 5543 2570 5609 loci,
2601 5559 2704 5597 non
2735 5542 2962 5596 facilitas
2983 5539 3166 5606 caedis,
3192 5554 3299 5593 non
3324 5538 3468 5593 aliud
3496 5536 3785 5607 quidquam

2189 5640 2254 5690 ad
2286 5635 2631 5690 homicidium
2662 5635 2808 5688 illum
2838 5633 3082 5704 impulit:
3112 5631 3206 5686 sed
3233 5642 3502 5700 tamquam
3533 5629 3693 5686 alicui
3719 5628 3788 5683 de

2190 5747 2247 5784 se
2295 5730 2430 5783 bene
2477 5728 2689 5792 merito,
2731 5727 2925 5795 cuique
2952 5741 3140 5794 magna
3171 5723 3430 5778 beneficia
3454 5721 3661 5776 tulisset
3692 5735 3786 5773 ae-

2193 5834 2368 5892 cepta,
2397 5823 2473 5877 sic
2504 5821 2716 5875 inimico
2745 5819 2964 5884 homini,
3000 5834 3028 5872 a
3057 5833 3160 5888 quo
3186 5817 3361 5872 fuerat
3385 5815 3600 5871 allectus
3644 5813 3787 5884 inju-
