3964 6342
200 238 300 295 183

188 359 258 412 ἐν
286 358 417 423 τοῖς
446 358 747 427 οὐρανοῖς.
802 360 1046 423 Εἰκότως
1072 377 1085 390 ·
1120 363 1312 434 Πέτρῳ
1366 365 1493 435 γάρ,
1535 365 1779 437 Ἰακώϐῳ

187 447 283 498 καὶ
315 446 542 517 Ἰωάννῃ
568 445 864 515 διελέγετο,
900 449 995 501 καὶ
1017 448 1097 519 τῷ
1122 449 1296 520 λοιπῷ
1323 452 1434 505 τῶν
1461 455 1782 509 ἀποστόλων

184 538 336 610 χορῷ
354 554 368 566 °
390 538 478 592 διὰ
510 538 672 592 τοῦτο
695 539 830 592 αὐτὸ
851 539 1098 594 τέθεικεν
1129 541 1387 598 ἔπαθλον.
1410 546 1473 599 Εἰ
1500 548 1557 599 δὲ
1577 547 1778 616 λέγεις,

182 631 263 681 ἔτι
300 630 399 683 καὶ
428 630 576 683 οὓτω
624 630 885 700 φορτικὸν
933 632 994 685 τὸ
1032 632 1335 705 ἐπίταγμα,
1382 635 1646 707 μειζόνως
1679 640 1778 710 μὲν

182 723 323 793 ὑπὲρ
363 722 577 776 Παύλου
610 722 777 776 πάλιν
804 725 938 794 ἡμῖν
968 724 1236 798 ἀπολογῇ,
1272 728 1467 781 σαυτὸν
1492 729 1549 781 δέ
1593 731 1778 803 πάσης

179 816 517 888 συγγνώμης
565 817 912 889 ἀποστερεῖς.
952 819 1018 871 Τί
1065 819 1454 890 δήποτεςὊτι
1502 822 1663 877 τοῦτο
1712 825 1775 877 τὸ

176 906 373 959 οοκοῦν
407 903 549 961 εἶναι
596 909 879 979 φορτικὸν,
927 910 987 963 ἐν
1017 912 1083 981 τῇ
1134 912 1346 983 Παλαιᾷ
1395 931 1476 967 σοι
1520 915 1773 988 δείκνυμι

175 1000 619 1071 κατορθούμενον
638 1042 654 1067 ,
702 1001 793 1054 ὅτε
821 999 975 1054 οὔπω
996 1002 1267 1074 τοσαύτης
1299 1005 1622 1076 φιλοσοφίας
1652 1008 1774 1063 ἐπί-

172 1090 343 1157 δειξις
366 1089 459 1162 ἦν.
484 1093 584 1147 Διά
617 1093 727 1164 γὰρ
746 1092 908 1147 τοῦτο
942 1095 1039 1148 καὶ
1080 1098 1107 1149 ὁ
1152 1097 1368 1162 Παῦλος
1395 1099 1518 1170 οὐχὶ
1545 1102 1771 1169 οἰκείοις

174 1187 386 1257 ῥήμασι
417 1186 512 1238 τὸν
532 1185 696 1255 νόμον
727 1186 1043 1256 εἰσήγαγεν,
1071 1187 1185 1240 ἀλλ’
1207 1190 1403 1254 αὐταῖς
1422 1193 1769 1264 χρησάμενος

170 1280 291 1340 ταῖς
326 1278 577 1349 ρήσεσιν,
597 1272 687 1342 αἷς
716 1279 745 1330 6
776 1278 928 1350 παρὰ
946 1280 1045 1350 τὴν
1074 1280 1251 1352 ἀρχὴν
1268 1282 1430 1336 αὐτὸν
1455 1285 1767 1355 εἰσαγαγὼν

170 1370 390 1440 ἔθηκεν,
430 1370 517 1424 ἵνα
548 1370 818 1441 μηδεμίαν
849 1372 1181 1443 συγγνώμην
1205 1376 1511 1449 καταλείπῃ
1542 1380 1655 1442 τοῖς
1689 1380 1764 1453 μὴ

167 1461 434 1532 τηροῦσιν
456 1462 639 1515 αὐτόν.
660 1462 734 1515 Τὸ
758 1462 893 1535 γὰρ,
932 1464 1073 1518 Ἐὰν
1096 1465 1275 1533 πεινᾷ
1310 1470 1343 1520 ὀ
1379 1468 1596 1538 ἐχθρός
1620 1485 1759 1536 σου,

166 1554 391 1625 ψώμιζε
420 1554 630 1621 αὐτὸν,
662 1554 771 1608 ἐὰν
798 1553 970 1623 διψᾷ,
1010 1555 1208 1617 πότιζε
1231 1557 1442 1624 αὐτὸν,
1466 1560 1588 1630 οὐχὶ
1614 1560 1763 1614 Παύο

164 1647 254 1700 λου
291 1646 413 1699 ἐστὶ
460 1648 678 1717 πρῶτον
712 1649 886 1718 ῥῆμα,
936 1646 1073 1701 ἀλλὰ
1116 1646 1209 1701 τοῦ
1242 1649 1611 1721 Σολομῶντος.
1659 1652 1762 1707 Διά

162 1740 322 1793 τοῦτο
348 1740 420 1793 τά
452 1743 678 1811 ῥήματα
701 1739 971 1805 τέθεικεν,
1001 1741 1090 1794 ’ίνα
1124 1742 1291 1816 πείσῃ
1337 1743 1428 1798 τὸν
1457 1746 1757 1818 ἀκροατὴν,

160 1833 375 1885 ὅτιτῶν
404 1833 703 1902 αἰσχίστων
733 1833 874 1898 ἐστὶ,
905 1834 1136 1888 παλαιὸν
1173 1835 1359 1906 νόμον,
1395 1838 1491 1891 καὶ
1514 1838 1620 1891 ὑπὸ
1646 1838 1757 1894 τῶν

160 1925 412 1994 ἀρχαίων
443 1924 861 1996 κατορθωθέντα
914 1926 1201 1992 πολλάκις,
1241 1925 1339 1981 νῦν
1369 1930 1450 1993 είς
1483 1930 1756 2003 τοσαύτην

160 2014 482 2069 ἐπιδοθέντα
511 2014 663 2087 [168]
696 2016 1019 2087 φιλοσοφίαν
1046 2019 1305 2091 φορτικὸν
1333 2016 1474 2075 εῖναι
1512 2023 1755 2093 νομίζειν

158 2101 252 2154 καὶ
278 2101 523 2173 ἐπαχθῆ.
553 2103 666 2155 Καὶ
693 2102 777 2167 τίς
805 2104 969 2158 αὐτὸν
997 2106 1108 2160 τῶν
1136 2109 1382 2179 ἀρχαίων
1399 2110 1750 2182 κατώρθωσε,

90 2250 95 2257 _
157 2192 326 2263 φησί;
356 2193 555 2247 Πολλοὶ
587 2194 689 2264 μὲν
718 2195 814 2248 καὶ
844 2197 1015 2264 ἄλλοι,
1043 2200 1279 2270 μάλιστα
1299 2203 1354 2255 δέ
1377 2205 1405 2257 6
1428 2204 1589 2258 Δαυῖδ
1613 2207 1754 2277 μετά

155 2284 406 2348 πλείονος
422 2286 525 2354 τῆς
553 2290 894 2357 περιουσίας.
916 2292 990 2344 Οὐ
1011 2293 1109 2363 μὲν
1135 2293 1385 2365 ἐψώμισε
1413 2297 1506 2351 τὸν
1532 2299 1746 2370 ἐχθρὸν,

152 2377 271 2429 οὖδέ
295 2378 522 2432 ἐπότισε
560 2380 739 2450 μόνον,
768 2382 907 2436 ἀλλά
946 2385 1038 2436 καὶ
1070 2386 1452 2442 κινδυνεύοντα
1486 2391 1751 2456 πολλάκις

152 2469 441 2539 ἐξήρπασε
467 2472 562 2524 τοῦ
605 2472 862 2541 θανάτου,
898 2476 993 2530 καὶ
1029 2480 1323 2549 γενόμενος
1352 2482 1546 2555 κύριος
1578 2486 1747 2541 αὐτοῦ

150 2561 249 2631 τῆς
281 2562 526 2633 σφαγῆς,
568 2564 828 2633 ἐφείσατο
871 2567 966 2620 καὶ
997 2567 1166 2637 ἅπαξ,
1206 2572 1301 2624 καὶ
1334 2574 1437 2637 δὶς,
1487 2577 1585 2630 καὶ
1613 2578 1744 2631 πολ-

150 2652 329 2716 λάκις.
383 2655 496 2707 Καὶ
538 2656 568 2708 6
604 2656 704 2728 μὲν
751 2657 925 2712 Σαοὺλ
975 2658 1149 2726 οὕτως
1194 2665 1357 2719 αὐτὸν
1416 2669 1597 2739 ἐμίσει
1649 2672 1746 2724 καὶ

148 2745 531 2816 ἀπεστρέφετο
563 2749 699 2817 μετά
731 2749 829 2814 τὰς
865 2752 1069 2822 μυρίας
1115 2753 1471 2826 εὐεργεσίας,
1508 2760 1650 2831 μετὰ
1676 2762 1745 2816 τά

147 2835 379 2909 λαμπρά
408 2841 671 2911 τρόπαια,
700 2844 796 2896 καὶ
826 2846 924 2917 τὴν
958 2844 1052 2898 ἐπὶ
1078 2846 1176 2900 τοῦ
1208 2850 1403 2907 Γολιάθ
1437 2858 1739 2927 σωτηρίαν,

145 2928 219 2992 ὡς
250 2931 390 3001 μηδὲ
425 2932 527 3003 τῆς
578 2939 954 3011 προσηγορίας
1008 2943 1342 3017 ἀνασχέσθαι
1378 2948 1477 3018 τῆς
1530 2951 1740 3006 ἐκείνου

146 3024 631 3095 μνησθῆναι,-ἀλλ’
656 3030 765 3084 ἀπὸ
785 3033 877 3086 τοῦ
919 3037 1127 3107 πατρὸς
1156 3039 1320 3091 αὐτὸν
1346 3041 1554 3094 καλεῖν.
1585 3042 1742 3114 Ἐορο

141 3116 238 3184 τῆς
268 3116 382 3187 γάρ
413 3133 547 3170 ποτε
575 3118 879 3192 ἐπιστάσης
898 3165 913 3188 ,
959 3127 1147 3199 ἐπειδὴ
1181 3130 1333 3182 δόλον
1358 3130 1507 3203 αὐτῷ
1538 3132 1740 3198 πλέξας

138 3206 283 3270 τινὰ,
323 3206 427 3260 καὶ
457 3208 702 3283 χαλεπὴν
732 3213 1031 3287 ἐπιϐουλὴν
1059 3217 1259 3287 ράψας,
1291 3220 1392 3272 οὐκ
1416 3217 1523 3273 εἶδε
1555 3239 1736 3293 παρα-

138 3298 453 3367 γινόμενον.
472 3299 597 3353 Ποῦ
615 3301 767 3367 ἐστι,
789 3305 975 3373 φησὶν,
1002 3308 1034 3359 ὀ
1060 3307 1190 3373 υίὸς
1235 3308 1457 3363 Ἰεσσαί
1474 3326 1493 3372 ;
1520 3311 1735 3366 Ἐκάλει

140 3388 239 3458 μὲν
267 3390 438 3443 αὑτὸν
464 3393 574 3446 ἀπὸ
612 3393 707 3446 τοῦ
738 3398 964 3468 πατρὸς,
992 3399 1127 3469 ὁμοῦ
1167 3401 1266 3471 μέν
1294 3401 1383 3455 διὰ
1408 3402 1508 3474 τὴν
1532 3403 1737 3475 ἔχθραν

135 3481 232 3551 οὐχ
266 3482 566 3552 ὑπομένων
604 3486 1020 3559 ἀναμνησθῆναι
1044 3491 1143 3561 τῆς
1178 3495 1574 3565 προσηγορίας,
1597 3494 1734 3566 ὁμοῦ

133 3573 190 3625 δὲ
222 3574 469 3645 νομίζων
500 3577 608 3629 ἀπὸ
632 3578 734 3650 τῆς
781 3578 875 3632 τοῦ
916 3582 1125 3653 πατρὸς
1165 3584 1483 3653 δυσγενείας
1534 3590 1600 3659 τῇ
1636 3587 1732 3641 τοῦ

132 3666 346 3721 δικαίου
375 3669 734 3740 λυμαίνεσθαι
767 3676 1121 3747 περιφανείᾳ,
1157 3676 1361 3742 ἀθλίως
1392 3680 1489 3733 καὶ
1533 3680 1729 3734 ταλαι-

133 3759 339 3831 πώρως
372 3762 609 3832 νομίζων
630 3782 643 3795 ·
694 3765 931 3835 μάλιστα
982 3768 1079 3839 μὲν
1112 3769 1241 3842 γάρ,
1270 3774 1319 3825 εί
1353 3774 1447 3826 καὶ
1482 3791 1729 3845 κατηγοο

134 3858 246 3921 pen
276 3849 397 3922 εἶχε
423 3854 519 3907 τοῦ
553 3858 757 3928 πατρὸς
785 3899 799 3921 ,
850 3861 1001 3914 οὐδὲν
1032 3861 1192 3916 τοῦτο
1231 3866 1581 3920 κατέϐλαπτε
1637 3870 1730 3923 τὸν

128 3944 314 3999 Δαυῖδ.
342 3946 472 3998 Τῶν
501 3947 610 4018 γὰρ
647 3950 798 4021 αὐτῷ
814 3954 1218 4025 πεπραγμένων
1249 3957 1548 4023 ὑπεύθυνός
1581 3961 1729 4015 ἐστιν

128 4037 388 4104 ἕκαστος,
423 4040 519 4092 καὶ
551 4040 658 4095 ἀπὸ
684 4043 891 4098 τούτων
917 4046 1260 4103 ἐπαινεῖσθαι
1290 4051 1385 4103 καὶ
1404 4056 1729 4126 κατηγορεῖ-

129 4130 251 4182 σθαι
282 4130 537 4187 δύναται.
572 4133 709 4187 Νυνὶ
728 4135 785 4188 δὲ
808 4139 1074 4210 πονηρίαν
1095 4141 1352 4213 οὐδεμίαν
1374 4143 1512 4215 έχων
1528 4148 1723 4213 εἰπεῖν,

124 4225 223 4292 τὴν
262 4223 362 4276 τοῦ
398 4224 593 4292 γένους
632 4227 955 4296 δυσγένειαν
1008 4233 1089 4295 είς
1116 4234 1280 4304 μέσον
1312 4235 1497 4307 ἔφερε,
1551 4238 1723 4311 ταύτῃ

126 4314 457 4385 προσδοκῶν
507 4317 874 4383 ἐπισκοτίζειν
930 4322 1096 4376 αὑτοῦ
1156 4325 1257 4397 τὴν
1317 4328 1720 4402 λαμπρότητα,

124 4410 261 4477 ὅπερ
284 4408 387 4461 καὶ
420 4409 554 4462 αὐτὸ
585 4410 820 4482 ἐσχάτης
835 4414 1023 4478 ἀνοίας
1037 4411 1125 4487 ῆν.
1151 4420 1312 4472 Ποῖον
1338 4420 1448 4492 γὰρ
1469 4421 1723 4495 ἔγκλημα

122 4497 183 4549 τὸ
226 4498 289 4563 ἐξ
338 4498 581 4553 εὐτελῶν
633 4497 770 4556 εἶναι
804 4505 901 4558 καὶ
932 4509 1242 4576 ταπεινῶν;
1288 4512 1427 4565 Ἀλλ’
1453 4514 1553 4567 οὐκ
1602 4515 1722 4587 ᾔδει

124 4591 301 4644 ταῦτα
358 4594 570 4656 ἐκεῖνος
625 4595 957 4667 φιλοσοφεῖν.
1009 4600 1067 4654 '0
1102 4602 1198 4672 μὲν
1237 4602 1331 4657 οὖν
1384 4606 1559 4660 Σαοὺλ
1608 4609 1722 4662 υίὸν

122 4681 327 4736 Ἰεσσαὶ
368 4684 577 4738 ἐκάλει·
611 4688 639 4740 6
666 4687 723 4740 δέ
754 4690 915 4743 Δαυῒδ
949 4691 1126 4763 εὑρὼν
1160 4695 1323 4749 αὑτὸν
1360 4696 1508 4751 ἔνδον
1547 4701 1605 4753 ἐν
1643 4700 1722 4771 τῷ

125 4776 382 4847 σπηλαίῳ
413 4775 765 4846 καθεύδοντα,
791 4783 892 4835 οὐκ
927 4783 1187 4839 ἐκάλεσεν
1224 4789 1387 4843 αὑτὸν
1414 4792 1531 4844 υἱὸν
1563 4795 1718 4859 Κεῖς,

121 4866 256 4919 ἀλλὰ
284 4867 370 4937 τῷ
393 4867 497 4938 τῆς
521 4870 689 4941 τιμῆς
711 4872 955 4943 όνόματι’
978 4879 1061 4929 Οὐ
1084 4876 1294 4949 γὰρμὴ
1311 4882 1591 4954 ἐπαγάγω
1606 4885 1722 4954 τὴν

119 4958 293 5027 χεῖρά
330 4976 480 5028 μου,
528 4963 714 5032 φησὶν,
748 4964 847 5018 ἐπὶ
880 4969 1134 5036 χριστὸν
1161 4974 1407 5040 Κυρίου.
1434 4975 1591 5030 Οὕτω
1620 4997 1721 5032 κα-

121 5048 285 5120 θαρὸς
324 5048 401 5123 ἦν
452 5053 623 5125 ὀργῆς
653 5056 748 5109 καὶ
786 5063 1153 5130 μνησικακίας
1184 5066 1400 5139 ἁπάσης
1425 5086 1438 5099 ’
1492 5071 1717 5142 χριστὸν

121 5143 334 5213 Κυρίου
361 5143 523 5197 καλεῖ
536 5146 627 5201 τὸν
648 5150 887 5205 τοσαῦτα
908 5153 1227 5226 ἠδικηκότα,
1260 5160 1350 5213 τὸν
1371 5161 1466 5216 τοῦ
1486 5165 1719 5236 αἵματος

119 5233 286 5287 αὐτοῦ
321 5234 589 5304 διψῶντα,
606 5239 697 5293 τὸν
721 5244 861 5311 μετά
884 5246 1085 5316 μυρίας
1111 5249 1432 5322 εὐεργεσίας
1456 5233 1718 5325 πολλάκις

119 5328 283 5383 αὐτὸν
324 5330 761 5402 ἐπιχειρήσαντα
810 5338 1041 5394 ἀνελεῖν.
1099 5344 1175 5396 Οὐ
1224 5346 1335 5418 γὰρ
1384 5350 1610 5405 ἐσκόπει
1663 5355 1718 5407 τί

119 5419 317 5472 παθεῖν
357 5423 566 5485 ἐκεῖνος
587 5422 734 5491 ἄξιος
756 5422 845 5497 ἦν,
881 5429 996 5484 ἀλλ’
1028 5433 1252 5490 ἐσκόπει
1280 5439 1334 5492 τί
1363 5441 1458 5495 καὶ
1490 5446 1715 5516 ποιῆσαι

117 5512 211 5564 καὶ
246 5515 432 5567 εἰπεῖν
485 5514 635 5587 αὐτῷ
682 5519 892 5590 πρέπον
941 5519 1031 5595 ἦν,
1086 5527 1224 5602 ὅπερ
1280 5532 1543 5603 μέγιστος
1587 5512 1714 5610 δρος

116 5603 447 5673 φιλοσοφίας
480 5606 617 5662 ἐστί.
649 5610 714 5662 Τί
771 5613 955 5683 τοῦτο;
1008 5617 1199 5693 ὥσπερ
1247 5624 1307 5677 ἐν
1352 5603 1714 5703 δεσμωτηρίῳ

116 5690 301 5745 ὶαδὼν
334 5691 430 5745 τὸν
455 5694 671 5767 ἐχθρὸν,
700 5697 873 5773 διπλῷ
901 5690 1266 5778 κατεχόμενον
1287 5690 1491 5786 δεσμῶ,
1511 5690 1712 5788 μᾶλλον

116 5782 169 5835 δὲ
192 5783 438 5855 τριπλῷ,
465 5787 562 5843 καὶ
593 5791 660 5864 τῇ
688 5790 780 5848 τοῦ
808 5794 974 5851 τόπου
1009 5804 1362 5878 στενοχωρίᾳ,
1392 5810 1485 5863 καί
1515 5813 1579 5884 τῇ
1605 5812 1712 5868 τῶν

1154 260 1224 316 IN
1263 261 1488 332 ILLUD,
1529 265 1591 323 Sl
1632 266 2008 327 ESURIERIT
2047 270 2374 339 lNlMlCUS,
2417 273 2568 333 ETC.

3372 289 3472 346 186

1887 370 2272 443 βοηθησάντων
2304 380 2529 454 ἐρημίᾳ,
2564 383 2659 438 καὶ
2694 388 2762 459 τῇ
2796 389 2890 444 τοῦ
2916 390 3088 449 ὕπνου
3119 398 3353 476 ἀνάγκῃ,
3375 406 3474 460 οὐκ

1880 463 2135 531 ἀπαιτεῖς
2161 469 2321 540 δίκην
2360 474 2481 527 ούδέ
2518 480 2796 549 τιμωρίαν
2830 484 3030 553 αύτόν;
3078 463 3246 561 υύχὶ,
3268 463 3472 567 φ’ῆνσίν·

1879 556 1941 608 οὐ
1970 555 2079 629 γάρ
2110 559 2164 612 τί
2189 562 2386 617 παθεῖν
2419 566 2627 634 δίκαιος
2648 566 2805 638 οὗτός
2833 576 3002 641 ἐστιν,
3040 555 3297 653 όρῶννῦν,
3331 555 3473 646 ἀλλά

1878 648 1933 700 τί
1966 652 2190 722 ποιῆσαι
2221 656 2345 726 ἐμοὶ
2377 661 2676 732 προσῆκεν.
2711 667 2824 728 Οὐκ
2868 665 2977 725 εἶδε
3024 648 3164 744 πρὸς
3192 648 3293 749 τὴν
3316 681 3455 737 εύκο

1878 740 1999 796 λίαν
2028 746 2126 817 τῆς
2175 750 2414 822 σφαγῆς,
2463 754 2580 808 ἀλλ’
2618 753 2727 811 εἶδε
2756 760 2895 833 πρὸς
2932 764 3033 837 τὴν
3053 740 3346 841 ἀκρίϐειαν
3368 774 3471 843 τῆς

1882 835 2032 907 αὑτῷ
2070 842 2388 914 πρεπούσης
2416 845 2756 918 φιλοσοφίας.
2793 854 2990 909 Καίτοι
3010 857 3065 911 τί
3091 860 3200 915 τῶν
3220 863 3341 919 τότε
3365 866 3470 919 οὐκ

1873 920 1940 997 ἦν
1974 929 2155 985 ἰκανὸν
2196 934 2551 1009 διαναστῆσαι
2581 943 2742 998 αὐτὸν
2786 948 2924 1019 πρὸς
2950 951 3051 1021 τὴν
3087 957 3335 1028 σφαγήν;
3392 960 3469 1014 Τὸ

1871 1018 2152 1092 δεδεμένον
2175 1026 2325 1098 αὐτῷ
2368 1032 2740 1106 παραδοθῆναι
2782 1039 2875 1094 τὸν
2917 1018 3145 1115 ἐχθρόνξ
3179 1018 3330 1103 ἰἇτέ
3353 1053 3465 1123 γὰρ

1869 1111 2039 1184 δήπου
2063 1118 2242 1184 τοῦτο,
2273 1121 2348 1186 ὡς
2381 1123 2645 1194 μειζόνως
2672 1111 3037 1207 ἐπιτρέχομεν
3067 1143 3181 1207 τοῖς
3210 1111 3466 1213 εὐκολίας

1868 1205 2099 1277 γέμουσι
2122 1214 2437 1286 πράγμασι,
2455 1221 2595 1293 καὶὴ
2623 1223 2717 1276 τοῦ
2742 1205 3089 1300 κατορθῶσαι
3110 1205 3265 1301 ἐλπὶς
3285 1205 3463 1309 μείζοζ

1867 1315 1935 1352 να
1960 1301 2060 1369 τῆς
2085 1304 2339 1376 πράξεως
2363 1311 2494 1381 ἡμῖν
2517 1314 2816 1388 ἐπιθυμίαν
2843 1322 3138 1396 ἐντίθησιν,
3158 1301 3349 1404 ὥσπερ
3366 1301 3459 1387 καὶ

1867 1392 1955 1445 ἐπ’
1973 1396 2185 1451 ἐκείνου
2213 1401 2336 1455 τότε
2374 1399 2464 1475 ἦν.

1948 1487 2089 1542 Ἀλλ’
2124 1495 2152 1544 6
2194 1498 2501 1569 στρατηγὸς
2538 1502 2661 1556 τότε
2696 1506 3087 1579 συμϐουλεύων
3127 1517 3222 1570 καὶ
3258 1517 3459 1589 διεγεί-

1863 1594 2007 1649 ρων;
2059 1581 2239 1655 ἀλλ’ή
2278 1588 2468 1660 μνήμη
2520 1592 2631 1647 τῶν
2668 1599 3088 1671 παρελθόντων;
3134 1581 3456 1667 Ἀλλ⁹οὺ.δέν

1860 1670 2021 1724 αὑτὸν
2051 1674 2271 1746 ἐκίνησε
2307 1682 2443 1751 πρὸς
2485 1683 2577 1740 τὸν
2607 1687 2769 1755 φόνον
2792 1709 2805 1721 ·
2856 1694 2992 1749 αὑτὸ
3024 1696 3179 1771 [169]
3229 1702 3331 1773 μὲν
3357 1701 3456 1760 οὖν

1859 1763 2022 1817 αὑτὸν
2049 1766 2109 1819 τὸ
2143 1772 2242 1839 τῆς
2269 1777 2485 1847 σφαγῆς
2515 1776 2740 1836 εὔκολον
2783 1763 3133 1860 ἀπέστρεφεν
3147 1763 3177 1822 ’⁵
3194 1763 3451 1868 ἐνενόησε

1858 1853 1991 1925 γὰρ,
2014 1856 2096 1909 ὅτι
2125 1857 2214 1912 διά
2247 1862 2406 1916 τοῦτο
2434 1867 2755 1937 παρέδωκεν
2774 1875 2942 1930 αὐτὸν
3008 1853 3165 1945 έεδς,
3188 1883 3275 1938 ἵνα
3297 1853 3453 1959 αὐτῷ

1856 1945 2081 2051 ⁸πλείονα
2112 1950 2429 2051 φιλοσοφίας
2457 1959 2717 2017 ὑπόθεσιν
2741 1968 3005 2045 παράσχῃ
3037 1975 3136 2029 καὶ
3163 1945 3445 2051 ἀφορμήν..

1867 2031 2056 2104 Ὑμεῖς
2088 2040 2188 2109 μὲν
2228 2037 2322 2097 οὗν
2359 2046 2523 2101 αὑτὸν
2560 2049 2693 2117 τσως
2734 2031 3069 2129 θαύμάξέτε,
3118 2031 3449 2134 ὅτι

1783 2190 1794 2200 ⁸
1853 2123 2102 2199 ἐμνήσθη
2132 2130 2243 2185 τῶν
2272 2136 2656 2208 παρελθόντων
2685 2123 2875 2202 κακῶν
2895 2167 2909 2180 ’
2931 2123 3127 2221 ἐγὼτδέ
3156 2156 3226 2211 δι’
3254 2123 3447 2233 ἕτερον

1853 2218 2035 2322 πολλῷ
2068 2223 2255 2291 μεῖζον
2282 2229 2446 2285 αὐτὸν
2496 2235 2898 2312 ἐκπλήττομαι.
2933 2218 3096 2301 Ποῖον
3140 2248 3205 2322 δὴ
3250 2218 3441 2321 τοῦτος

1853 2308 1981 2417 ’Ότι
2034 2314 2155 2367 οὐδὲ
2206 2319 2237 2371 6
2290 2320 2455 2389 φόϐος
2508 2308 2674 2381 αὑτὸν
2730 2308 2842 2386 τῶν
2898 2308 3205 2406 μελλόντων
3258 2308 3441 2417 ὦθησε

1848 2400 1988 2471 πρὸς
2008 2403 2069 2455 τὸ
2092 2404 2526 2480 διαχειρίσασθαι
2547 2417 2639 2472 τὸν
2665 2419 2884 2493 ἐχθρόν.
2899 2400 3063 2497 ἰᾝδει
3083 2430 3193 2503 γὰρ
3228 2400 3437 2505 σαφῶς,

1847 2493 1929 2546 ὅτι
1961 2494 2242 2568 διαφυγὼν
2274 2503 2440 2557 αὑτοῦ
2478 2508 2578 2573 τὰς
2624 2516 2838 2586 χεῖρας,
2899 2493 3066 2577 πάλιν
3094 2493 3239 2580 ’κᾶτ’

1848 2587 2137 2658 στήσεται·
2175 2592 2291 2647 ἀλλ’
2321 2596 2497 2652 εἵλετο
2524 2601 2728 2671 μᾶλλον
2760 2609 2926 2675 αὐτὸς
2948 2614 3281 2672 κινδυνεύειν
3302 2621 3440 2675 ἀπο-

1846 2677 2015 2744 λύσας
2043 2682 2135 2735 τὸν
2184 2685 2504 2759 ἠδικηκότα,
2534 2693 2566 2766 ἥ
2604 2696 2707 2768 τῆς
2742 2701 2867 2755 καθ’
2905 2703 3099 2762 ἐαυτὸν
3127 2710 3439 2780 ἀσφαλείας

1844 2773 2090 2843 προνοῶν
2120 2774 2560 2851 διαχειρίσασθαι
2593 2787 2685 2841 τὸν
2708 2790 2988 2865 πολέμιον.
3044 2799 3111 2853 Τί
3144 2773 3343 2870 γένοιτ’
3365 2773 3439 2860 ἂν

1842 2859 1937 2918 οῦν
1965 2868 2079 2920 ἴσον
2095 2871 2195 2941 τῆς
2224 2875 2470 2949 μεγάλης
2503 2880 2600 2934 καὶ
2617 2859 2873 2951 γενναίας
2894 2890 3111 2963 ἐκείνης
3130 2859 3331 2967 φυχῆς,
3347 2897 3432 2963 ὃς,

1840 2956 1937 3011 τοῦ
1957 2960 2122 3031 νόμου
2140 2963 2454 3031 κελεύοντος
2470 2970 2779 3043 ἐξορύττειν
2803 2956 3437 3057 ὀφθαλμὸν

1844 3049 1968 3120 μοῦ,
1992 3054 2088 3106 καὶ
2109 3055 2299 3111 ὀδόντα
2321 3060 2442 3113 ἀντὶ
2462 3063 2803 3132 ὁδόντος,καὶ
2817 3074 2931 3137 τοῖς
2949 3049 3086 3139 ἴσοις
3099 3049 3430 3150 ἀμύνεσθαι,

1838 3140 1901 3193 οὐ
1925 3143 2084 3212 μόνον
2109 3146 2268 3201 τοῦτο
2282 3151 2381 3204 οὐκ
2397 3155 2713 3226 εἰργάσατο,
2727 3160 2865 3217 ἀλλά
2882 3166 2981 3219 καὶ
3003 3140 3185 3240 πολλῷ
3207 3140 3432 3229 πλείονα

1841 3234 2162 3306 φιλοσοφίαν
2187 3241 2540 3314 ἐπεδείξατος
2581 3251 2776 3307 Καίτοι
2810 3272 2874 3325 γε
2903 3260 2951 3311 εί
3005 3234 3274 3334 ἀνῃρήκει
3305 3266 3430 3320 τότε

1836 3328 1928 3381 τὸν
1949 3330 2140 3397 Σαοὺλ,
2170 3336 2265 3389 καὶ
2285 3337 2458 3404 οὕτως
2478 3341 2628 3414 αύτῷ
2649 3345 2969 3418 φιλοσοφίας
2991 3328 3271 3426 ἐγκώμιον
3299 3359 3429 3413 ἀκέ-

1841 3437 1994 3492 ραιον
2031 3424 2222 3495 ἔμενεν
2257 3428 2324 3483 ἂν
2350 3444 2397 3495 ο,
2432 3434 2492 3486 οὐ
2528 3435 2691 3506 μόνον
2718 3440 2802 3494 ὅτι
2831 3442 3100 3515 ἠμύνατο,
3135 3451 3236 3504 οὐκ
3262 3452 3429 3519 αὐτὸς

1834 3514 2021 3587 ἄρχων
2073 3521 2273 3591 χειρῶν
2328 3525 2553 3593 ἀδίκων,
2607 3530 2724 3585 ἀλλ’
2760 3534 2841 3589 ὅτι
2900 3539 3030 3601 καὶ.
3078 3514 3428 3615 Ὀφθαλμόκ·

1833 3607 1972 3663 ἀντὶ
2002 3611 2343 3683 ὀφθαλμοῦ,
2379 3619 2521 3689 μετά
2545 3623 2750 3698 πολλῆς
2781 3629 2939 3684 ἐνίκα
2963 3635 3067 3705 τῆς
3093 3607 3422 3705 ἐπιεικείας.

1832 3701 1909 3754 Οὐ
1964 3703 2075 3776 γὰρ
2117 3708 2241 3763 ἀντὶ
2270 3713 2403 3780 μιᾶς
2452 3717 2673 3788 σφαγῆς
2722 3720 2854 3791 μίαν
2882 3701 3114 3797 ἐπῆρεν,
3149 3731 3269 3785 ἀλλ’
3296 3701 3424 3788 ἀντὶ

1832 3796 2044 3853 πολλῶν
2076 3800 2347 3870 θανάτων,
2375 3801 2452 3862 ὧν
2480 3811 2691 3877 ἐκεῖνος
2714 3796 3016 3888 ἐπήγαγεν,
3047 3822 3148 3894 οὐχ
3172 3824 3339 3893 ἅπαξ,
3359 3830 3420 3883 ού

1829 3890 1933 3956 δὶς,
1965 3892 2103 3948 ἀλλά
2142 3896 2405 3965 πολλάκις
2445 3902 2611 3957 αὑτὸν
2658 3908 3024 3983 ἐπιχειρήσας
3052 3890 3422 3984 ἀνελεῖν,νένα

1829 3981 2055 4053 ἔμελλεν
2108 3988 2413 4060 ἐπαγαγεῖν
2465 3993 2734 4051 θάνατον·
2787 3981 2992 4072 μᾶλλον
3029 4006 3087 4061 δέ
3135 4010 3195 4061 οὐ
3242 3981 3419 4067 ταῦτα

1831 4076 2015 4147 μόνον,
2050 4080 2190 4134 ἀ).λά
2223 4082 2318 4136 καὶ
2346 4084 2622 4143 δεδοικότα
2651 4090 2713 4145 τὸ
2747 4093 2943 4164 μέλλον
2977 4097 3149 4164 οὕτως
3184 4102 3279 4156 ἐπὶ
3316 4104 3418 4177 τὴν

1826 4169 2041 4241 ἄμυναν
2088 4172 2365 4245 ἔρχεσθαι,
2427 4179 2522 4233 καὶ
2567 4180 2726 4237 τοῦτο
2772 4186 2913 4256 μετά
2952 4189 3064 4245 τῶν
3107 4169 3418 4266 εἰρημένων

1824 4261 2120 4336 ὁλόκληρον
2154 4268 2305 4341 αὐτῷ
2343 4269 2436 4326 τὸν
2467 4274 2569 4345 τῆς
2610 4274 2964 4346 ἀνεξικακίας
2987 4261 3249 4357 διεγείρεί
3290 4290 3414 4343 στέ-

1825 4372 2015 4424 φανον.
2056 4358 2116 4412 Ὀ
2146 4360 2247 4432 μὲν
2279 4361 2390 4436 γὰρ
2422 4365 2563 4439 ὑπὲρ
2592 4368 2704 4423 τῶν
2737 4374 3124 4445 γεγενημένων
3145 4380 3228 4443 είς
3249 4381 3415 4436 αὐτὸν

1823 4449 2180 4522 ὀργιζόμενος
2204 4455 2300 4509 καὶ
2325 4460 2601 4531 τιμωρίαν
2645 4462 2919 4532 ἀπαιτῶν,
2950 4470 3053 4523 οὐκ
3098 4470 3167 4527 ἂν
3193 4473 3415 4530 δύναιτο

1823 4542 1932 4597 τῶν
1957 4544 2057 4614 τῆς
2080 4544 2434 4632 ἀνεξικακίας
2478 4554 2759 4625 ἐπιτυχεῖν
2786 4558 3114 4632 ἐγκωμίωνο
3142 4564 3235 4619 τὸν
3260 4567 3318 4621 δέ
3340 4568 3413 4623 τά

1827 4628 1927 4721 μὲν
1978 4630 2321 4721 παρελθόντα
2374 4635 2557 4721 πάντα
2617 4640 2793 4695 πολλὰ
2848 4628 2979 4698 ὄντα
3039 4648 3134 4701 καὶ
3194 4650 3410 4721 χαλεπὰ

1822 4710 2048 4780 ἀφέντα,
2078 4714 2219 4787 ὑπὲρ
2324 4718 2417 4805 τοῦ
2449 4720 2734 4791 μέλλοντος
2760 4725 3033 4783 δεδοικότα
3061 4732 3155 4785 καὶ
3194 4710 3409 4805 ἰίτροιιαει

1821 4797 2229 4862 τασκευάζοντα
2253 4800 2555 4871 ἀσφάλειαν
2579 4806 2778 4879 ἐαυτῷ,
2806 4812 2903 4865 καὶ
2928 4812 3018 4867 διὰ
3049 4815 3209 4869 τοῦτο
3241 4819 3409 4889 ἀναγ-

1822 4876 2124 4950 καζόμενον
2165 4883 2259 4935 ἐπὶ
2302 4885 2401 4956 τὴν
2447 4887 2663 4959 ἄμυναν
2707 4876 3078 4965 ἀνέρχεσθαι,
3118 4899 3297 4966 οὐδεὶς
3338 4876 3408 4958 ἀν

1820 4962 1929 5017 τῶν
1962 4965 2061 5035 τῆς
2086 4967 2386 5033 ἐπιεικείας
2414 4962 2820 5046 ἀποστερήσειε-
2840 4962 3142 5049 στεφάνων.

1890 5048 1957 5111 ζ’.
2006 5048 2142 5102 Ἀλλ’
2167 5051 2318 5121 ὅμως
2353 5054 2382 5105 6
2410 5055 2572 5108 Δαυῒδ
2610 5058 2733 5137 ούδέ
2763 5062 2922 5115 τοῦτο
2950 5048 3235 5137 ἐποίησεν,
3263 5068 3405 5126 ἀλλά

1819 5132 2003 5185 καινόν
2018 5150 2139 5188 τινα
2154 5136 2249 5189 καὶ
2268 5137 2572 5209 παράδοξον
2588 5136 2715 5215 εὗρε
2731 5144 3050 5215 φιλοσοφίας
3064 5132 3290 5218 τρόπον’
3307 5154 3405 5211 καὶ

1818 5213 1941 5307 οὔτε
1968 5219 2001 5287 ή
2025 5219 2211 5291 μνήμη
2234 5221 2344 5275 τῶν
2368 5213 2767 5296 παρελθόντων,
2790 5229 2888 5299 οὐχ
2908 5213 2944 5283 δ
2962 5213 3125 5301 φόϐος
3146 5234 3255 5289 τῶν
3272 5237 3402 5307 μελ-

1816 5296 2039 5392 λόντων,
2058 5305 2156 5375 οὐχ
2181 5307 2215 5377 ή
2230 5311 2511 5392 προτροπὴ
2533 5311 2629 5364 τοῦ
2656 5296 2989 5383 στρατηγοῦ,
3017 5296 3117 5388 οὐχ
3139 5319 3173 5389 ή
3194 5296 3399 5392 ἐρημία

1816 5382 1913 5437 τοῦ
1937 5385 2127 5453 τόπου,
2150 5389 2212 5441 οὐ
2243 5390 2304 5443 τὸ
2329 5391 2431 5462 τῆς
2456 5394 2673 5465 σφαγῆς
2695 5382 2937 5460 εὔκολον,
2967 5399 3068 5453 οὐκ
3083 5382 3400 5461 τάλλοόῦδέν

1815 5466 2092 5541 διήγειρεν
2130 5473 2293 5528 αὐτὸν
2314 5477 2451 5548 πρὸς
2470 5477 2561 5533 τὸν
2593 5478 2785 5547 φόνονο
2813 5479 2931 5534 ἀλλ’
2957 5482 3147 5557 ὥσπερ
3171 5487 3397 5559 εὐεργέ-

1814 5573 1907 5612 του
1940 5559 2109 5626 τινὺς,
2167 5561 2262 5615 καὶ
2319 5564 2535 5634 μεγάλα
2586 5568 2752 5623 αὐτὸν
2782 5572 3151 5643 πεποιηκότος
3187 5572 3394 5643 ἀγαθὰ,

1876 5696 2220 5771 f‘liarliculam
2244 5700 2302 5748 ἄν
2342 5713 2372 5771 ε
2399 5701 2598 5771 _Savi_lio
2637 5709 2935 5771 recepimus,
2976 5711 3124 5771 paulo
3146 5709 3267 5760 infra
3289 5710 3399 5761 ἀντῘ

1814 5760 2022 5833 πωλῶν,
2045 5774 2133 5821 pro
2159 5775 2220 5833 go
2241 5764 2373 5833 (ποσά
2399 5764 2659 5833 [agebatur
2682 5760 2769 5817 ὃτι’
2786 5760 3004 5832 πολ.,ἐἓι
3030 5773 3253 5833 ejusdem
3274 5760 3388 5824 con?

1807 5821 2003 5886 jectura
2024 5821 2373 5876 rescribeliles.
2401 5821 2536 5881 Ειῖιιι.
