3964 6342
484 235 589 285 185

479 351 624 406 οὕτω
655 348 748 404 τοῦ
782 348 978 421 ἐχθροῦ
1014 349 1108 403 καὶ
1147 348 1516 421 λελυπηκότος
1569 348 1848 418 ἐφείσατο.
1896 346 2067 402 Ποίαν

479 433 574 490 οὑν
598 434 792 505 ἐξομεν
817 436 979 503 ἡμεῖς
1015 432 1370 503 συγγνώμην,
1410 433 1827 505 ἁμαρτημάτων
1866 430 2067 502 παρελ-

480 518 682 572 θόντων
703 534 806 587 μνη
817 515 1158 585 μονεύοντες,
1191 515 1288 568 καὶ
1310 516 1439 578 τοὺς
1458 514 1836 586 λελυπηκότας
1862 514 2066 586 ἀμυνόο

485 618 659 673 μενοι,
692 601 819 653 ὅταν
857 601 885 653 ὁ
920 600 1163 663 ἀναίτιος
1187 600 1416 663 ἐκεῖνος,
1447 599 1685 654 τοσαῦτα
1736 601 1835 669 μέν
1869 615 2069 653 πεπον·

482 684 613 747 θὼς,
644 683 869 735 πλείονα
898 683 957 737 δέ
1009 684 1104 737 καὶ
1149 680 1512 753 χαλεπώτερα
1570 683 1891 754 προσδοκῶν
1920 681 2067 753 αὑτῷ

483 768 862 839 συμϐήσεσθαι
893 766 1042 821 κακά
1088 766 1195 819 ἀπὸ
1231 766 1329 836 τῆς
1374 765 1469 819 τοῦ
1511 765 1709 837 ἐχθροῦ
1762 767 2067 837 σωτηρίας,

483 854 741 923 φαίνηται
776 852 1091 922 φειδόμενος
1116 850 1311 915 οὕτως,
1345 850 1423 915 ώς
1450 850 1670 904 ἑλέσθαι
1724 850 2069 905 κινδυνεῦσαι

485 936 687 1008 μᾶλλον
727 936 910 1000 αὑτὸς.
943 936 1038 990 καί⁵
1067 936 1204 1006 μετά
1233 935 1400 1005 φόϐου
1424 936 1516 989 καὶ
1539 935 1743 1008 τρόμου
1771 936 1890 1006 ζῇν,
1921 935 1954 1006 ἢ
1978 933 2071 988 τὸν

484 1024 749 1093 μέλλοντα
775 1023 945 1095 μυρία
963 1022 1267 1095 πράγματα
1283 1020 1434 1093 αὑτῷ
1462 1021 1727 1093 παρέχειν
1754 1021 2071 1092 ἀποσφάξαι

480 1106 703 1171 δικαίως
724 1124 739 1171 ;

557 1203 669 1273 Τὴν
699 1201 801 1273 μέν
841 1196 935 1255 οὖν
980 1200 1299 1272 φιλοσοφίαν
1348 1202 1414 1255 ἐκ
1458 1200 1666 1256 τούτων
1708 1200 1858 1255 ἐστιν
1908 1201 2071 1269 ἰδεῖν,

481 1285 565 1339 δτι
604 1285 664 1338 οὑ
703 1285 863 1355 μόνον
910 1287 1010 1338 οὑκ
1040 1284 1261 1355 ἔσφαξε.
1294 1285 1567 1356 τοσαύτης
1596 1284 1766 1356 οῦσης
1796 1286 2069 1355 ἀνάγκης,

482 1368 601 1422 ἀλλ’
641 1367 762 1420 ούδέ
793 1370 945 1439 ῥῆμα
993 1368 1316 1439 βλάσφημον
1346 1370 1427 1432 εἰς
1457 1369 1620 1423 αὑτὸν
1647 1370 1933 1439 ἐξήνεγκε,
1977 1368 2072 1422 καὶ

482 1450 657 1505 ταῦτα
690 1450 764 1521 μὴ
796 1451 1081 1521 μέλλοντος
1106 1450 1272 1504 αὑτοῦ
1295 1452 1635 1506 ἀκούσασθαι
1656 1452 1751 1506 τοῦ
1780 1451 2073 1523 ὑϐριζομέ-

486 1552 602 1588 νου.
649 1535 842 1588 Καίτοι
891 1551 955 1604 γε
985 1536 1145 1605 ἡμεῖς
1185 1535 1281 1588 καὶ
1317 1535 1506 1605 φίλους
1536 1535 1770 1607 λέγομεν
1808 1535 2072 1599 πολλάκις

488 1616 643 1689 [170]
668 1617 856 1681 κακῶς
883 1618 1142 1681 ἀπόντας.
1175 1620 1381 1683 ἐκεῖνος
1406 1618 1463 1672 δέ
1487 1619 1607 1673 οὑδέ
1636 1618 1727 1673 τὸν
1760 1618 1951 1690 ἐχθρὸν
1978 1619 2073 1671 καὶ

484 1700 725 1754 τοσαῦτα
750 1699 1068 1770 ἠδικηκότα.
1098 1702 1210 1772 Τὴν
1248 1702 1347 1772 μὲν
1377 1698 1469 1755 οὑν
1514 1700 1836 1771 φιλοσοφίαν
1864 1703 1928 1755 ἐκ
1950 1700 2075 1752 τού-

485 1801 595 1837 των
615 1782 763 1835 ἐστιν
801 1782 928 1836 ἰδεῖν
952 1801 966 1814 ·
996 1784 1095 1857 τὴν
1120 1784 1178 1837 δὲ
1204 1785 1639 1857 φιλανθρωπίαν,
1666 1784 1877 1852 καὶτὴν
1907 1783 2075 1854 ἀλλην

488 1867 839 1939 κηδεμονίαν,
874 1868 935 1934 ἐξ
961 1861 1037 1920 ὧν
1064 1868 1202 1939 μετά
1226 1869 1400 1923 ταῦτα
1433 1868 1678 1938 ἐποίησε.
1704 1868 1779 1920 Τὸ
1804 1868 1912 1938 γάρ
1936 1867 2076 1938 κρά-

489 1952 683 2006 σπεδον
712 1952 888 2021 κόψας
912 1953 1008 2007 τοῦ
1036 1954 1275 2023 ἱματίου,
1314 1953 1517 2007 καὶτὸν
1544 1953 1717 2021 φακὸν
1747 1953 1843 2006 τοῦ
1885 1953 2077 2017 ὕδατος

488 2034 842 2105 ὑφελόμενος,
891 2036 1145 2089 ἀπελθὼν
1177 2036 1494 2107 πόρρωθεν,
1548 2038 1641 2090 καὶ
1680 2036 1811 2100 στάς
1844 2036 2075 2107 ἐϐόησε,

488 2118 587 2172 καὶ
618 2118 698 2188 τῷ
728 2118 1049 2173 διασωθέντι
1087 2119 1261 2173 ταῦτα
1290 2119 1588 2185 ὑπέδειξεν,
1613 2120 1734 2190 οὑχὶ
1776 2118 1913 2190 πρὸς
1957 2119 2079 2172 ἐπί-

487 2200 654 2265 δειξιν
701 2201 793 2253 καὶ
844 2201 1158 2271 φιλοτιμίαν
1196 2201 1356 2255 τοῦτο
1402 2201 1591 2266 ποιῶν,
1630 2202 1768 2256 ἀλλά
1823 2202 1915 2255 διὰ
1967 2202 2079 2257 τῶν

490 2285 669 2354 ἔργων
707 2283 871 2336 αὑτὸν
899 2287 1084 2338 πεῖσαι
1111 2284 1455 2355 βουλόμενος,
1488 2286 1571 2338 ὅτι
1621 2285 1746 2356 εἰκῆ
1775 2287 1870 2339 καὶ
1902 2286 2080 2356 μάτην

492 2367 655 2423 αὑτὸν
677 2367 997 2421 ὑπώπτευεν
1018 2369 1091 2431 ώς
1109 2367 1325 2441 ἐχθρὸν,
1358 2370 1452 2421 καὶ
1476 2368 1564 2421 διὰ
1580 2368 1737 2422 τοῦτο
1761 2369 1923 2423 αὑτὸν
1942 2368 2080 2440 πρὸς

493 2452 679 2520 φιλίαν
702 2450 1109 2504 ἐπισπάσασθαι
1131 2451 1396 2506 σπεύδων.
1438 2451 1576 2504 Ἀλλ’
1597 2454 1747 2523 ὅμως
1768 2452 1888 2506 οὐδὲ
1907 2452 2081 2517 οὓτως

493 2534 656 2588 αὑτὸν
680 2534 896 2598 πείσας,
931 2535 1027 2588 καὶ
1069 2534 1366 2603 δυνάμενος
1409 2533 1866 2607 διαχειρίσασθαι,
1914 2535 2080 2588 πάλιν

494 2620 669 2673 είλετο
692 2620 893 2691 μᾶλλον
927 2621 1183 2673 ἐκπεσεῖν
1202 2620 1303 2689 τῆς
1336 2619 1592 2691 πατρίδος
1618 2620 1713 2673 καὶ
1741 2621 1798 2673 ἐν
1823 2618 2083 2691 ἀλλοτρίᾳ

494 2703 815 2775 διατρίϐειν,
842 2704 936 2757 καὶ
972 2703 1097 2757 καθ’
1129 2703 1368 2774 ἐκάστην
1398 2702 1915 2775 ταλαιπωρούμενος
1948 2702 2086 2773 ἡμέ-

500 2803 620 2858 ραν,
653 2788 753 2857 τὴν
778 2787 1087 2854 ἀναγκαίαν
1121 2786 1274 2857 αύτῷ
1314 2787 1561 2858 πορίζειν
1583 2785 1813 2857 τροφὴν,
1843 2786 1877 2857 ἡ
1906 2784 2085 2855 μένων

495 2871 637 2924 οἴκοι
662 2870 851 2924 λυπεῖν
881 2869 973 2923 τὸν
997 2870 1385 2926 ἐπίϐουλον.Τί
1404 2871 1603 2939 γένοιτ’
1633 2869 1701 2923 ἂν
1733 2867 2086 2941 ἡμερώτερον

496 2956 597 3026 τῆς
654 2953 865 3008 ἐκείνου
919 2954 1133 3025 ψυχῆςς
1169 2956 1378 3018 Ὄντως
1421 2953 1646 3017 δικαίως
1699 2952 1875 3022 ἔλεγε,
1921 2950 2087 3020 Μνή-

496 3042 694 3108 σθητι,
712 3040 910 3107 Κύριε,
931 3037 1039 3093 τοῦ
1058 3038 1259 3103 Δαυῖδ,
1276 3039 1376 3092 καί
1395 3038 1601 3107 πάσης
1620 3035 1731 3107 τῆς
1751 3039 2089 3106 πραότητος

495 3120 707 3177 αὑτοῦ.
734 3121 936 3175 Τοῦτον
960 3123 1055 3175 καὶ
1082 3122 1244 3193 ἡμεῖς
1276 3120 1671 3193 μιμησώμεθα,
1696 3120 1791 3174 καὶ
1828 3120 1968 3191 μήτε
2002 3118 2089 3173 λέ-

498 3223 708 3277 γωμεν,
738 3206 875 3278 μήτε
905 3204 1151 3274 ποιῶμεν
1177 3205 1363 3267 κακῶς
1392 3206 1519 3268 τοὺς
1549 3204 1799 3274 ἐχθροὺς,
1824 3202 1963 3256 ἀλλά
1992 3203 2090 3257 καὶ

499 3288 885 3360 εὑεργετῶμεν
926 3287 1069 3342 κατά
1102 3287 1367 3355 δύναμιν*
1411 3290 1575 3358 ἡμεῖς
1614 3287 1724 3357 γὰρ
1767 3285 1996 3350 ἐαυτοὺς
2026 3282 2086 3340 εὑ

500 3374 806 3443 ποιήσομεν
828 3369 1046 3441 μᾶλλον,
1071 3370 1104 3440 ἢ
1136 3370 1398 3434 ἐκείνους.
1422 3371 1531 3423 Ἂν
1552 3370 1660 3440 γὰρ
1682 3368 1896 3439 ἀφῆτε,
1930 3368 2085 3439 φησί,

502 3454 629 3520 τοῖς
642 3454 877 3522 ἐχθροῖς
893 3451 1082 3523 ὑμῶν,
1105 3452 1474 3523 ἀφεθήσεται
1495 3453 1659 3522 ὑμῖν.
1681 3453 1851 3522 Ἀφες
1865 3452 2090 3505 δουλικὰ

504 3538 879 3609 ἁμαρτήματα
905 3577 921 3601 ,
975 3537 1065 3591 ἵνα
1128 3536 1301 3608 λάϐῃς
1358 3536 1703 3610 συγχώρησιν
1762 3536 2091 3605 δεσποτικὴν

504 3621 952 3691 ἁμαρτημάτων·
988 3621 1038 3672 εἰ
1080 3619 1137 3673 δέ
1185 3618 1398 3691 μεγάλα
1444 3619 1725 3691 ἡδίκησεν,
1766 3620 1985 3691 ὅσῳπερ
2023 3618 2091 3672 ἂν

507 3704 733 3775 μείζονα
762 3704 927 3774 ἀφῇς,
950 3703 1189 3774 τοσούτῳ
1221 3703 1442 3774 μείζονα
1484 3702 1632 3775 λήψῃ
1663 3703 1762 3774 τὴν
1789 3702 2085 3774 συγχώρη-

507 3805 613 3841 σιν.
643 3787 743 3841 Διὰ
772 3787 883 3861 γάρ
906 3786 1064 3840 τοῦτο
1086 3786 1447 3858 ἐδιδάχθημεν
1465 3787 1667 3855 λέγειν,
1708 3788 1892 3857 ’Ἄφες
1921 3787 2089 3856 ἡμῖν,

506 3869 701 3937 καθὼς
718 3872 990 3941 ἀφίεμεν,
1007 3871 1094 3924 ἴνα
1115 3870 1398 3942 μάθωμεν,
1420 3872 1502 3924 ὃτι
1523 3870 1585 3924 τὸ
1605 3869 1806 3942 μέτρον
1832 3872 1930 3942 τῆς
1957 3871 2093 3940 ἀφέ-

507 3972 647 4019 σεως
678 3955 809 4025 παρ’
833 3953 989 4026 ἡμῶν
1017 3952 1232 4025 πρῶτον
1258 3953 1523 4025 λαμϐάνει
1547 3954 1646 4025 τὴν
1677 3956 1873 4026 ἀρχήν.
1901 3954 2090 4019 Ὥστε,

506 4039 726 4110 ὅσῳπερ
752 4037 818 4091 ἂν
847 4037 1205 4108 χαλεπώτερα
1249 4037 1278 4090 ὁ
1324 4036 1521 4109 ἐχθρὸς
1558 4038 1863 4109 ἐργάσηται
1918 4038 2089 4102 κακά,

505 4121 749 4193 τοσούτῳ
780 4120 1043 4192 μειζόνως
1081 4122 1379 4193 εὐεργετεῖ.
1427 4121 1754 4192 Σπεύδωμεν
1788 4120 1966 4175 τοίνυν
1996 4121 2090 4174 καὶ

507 4204 860 4277 ἐπειγώμεθα
884 4205 1347 4260 καταλλάττεσθαι
1383 4206 1519 4276 πρὸς
1544 4206 1671 4268 τοὺς
1692 4204 2089 4276 λελυπηκότας,

509 4291 574 4345 ἀν
603 4308 661 4343 τε
686 4290 931 4354 δικαίως,
959 4289 1025 4343 ἄν
1048 4307 1108 4343 τε
1129 4290 1330 4355 ἀδίκως
1356 4290 1703 4362 όργίζωνται.
1725 4290 1824 4343 Ἂν
1854 4288 1954 4360 μὲν
1983 4290 2093 4361 γὰρ

512 4373 750 4427 ἐνταῦθα
783 4373 1149 4443 καταλλαγῇς,
1185 4372 1512 4444 ἀπηλλάγης
1554 4373 1656 4444 τῆς
1678 4374 1795 4427 ἐκεῖ
1818 4372 2052 4443 κρίσεως
2077 4388 2094 4405 ο

510 4460 607 4513 ἐάν
639 4458 717 4522 δὲ,
754 4457 958 4529 μεταξὺ
991 4457 1260 4529 μενούσης
1312 4457 1414 4528 τῆς
1438 4456 1660 4528 ἔχθρας,
1712 4456 1944 4520 θάνατος
1976 4457 2093 4508 ἐπι-

512 4542 645 4605 στάς
673 4540 938 4613 ἀπαγάγῃ
966 4540 1064 4611 τὴν
1085 4540 1380 4611 ἀπέχθειαν
1412 4539 1812 4612 μεσολαϐήσας,
1841 4539 1958 4592 ἐκεῖ
1977 4536 2090 4591 λοι-

511 4625 615 4684 πδν
639 4624 958 4696 εἰσαχθῆναι
993 4624 1091 4695 τὴν
1119 4625 1277 4697 δίκην
1293 4625 1531 4697 ἀνάγκη.
1559 4623 1831 4696 Καθάπερ
1848 4618 1943 4676 οὖν
1964 4621 2092 4676 πολ-

510 4708 593 4766 λοὶ
621 4708 729 4764 τῶν
770 4707 1075 4780 ἀνθρώπων
1109 4707 1246 4779 πρὸς
1290 4709 1555 4781 ἀλλήλους
1598 4705 2090 4779 ἀμφισϐητοῦντες,

1118 246 1177 304 S.
1219 248 1512 304 JOANNIS
1548 249 1728 304 (ΣΗΒῖ
1745 247 2044 302 εοδτυιιι
2103 242 2426 299 AHCIIIEP.
2463 241 3018 300 CONSTANTINOP.

3646 224 3740 279 186

2166 343 2233 400 ἂν
2260 346 2360 417 μὲν
2393 342 2498 411 ἔξω
2518 339 2873 412 φιλικώτερον
2905 333 3266 392 διαλύσωνται
3303 330 3443 403 πρὸς
3462 326 3745 401 ἀλλήλους,

2168 438 2263 493 καὶ
2286 436 2489 507 ζημίας
2520 434 2617 489 καὶ
2645 431 2813 502 φόϐου
2839 429 2936 483 καὶ
2974 426 3235 482 κινδύνων
3275 422 3485 477 πολλῶν
3521 421 3746 484 ἑαυτοὺς

2166 528 2594 588 ἀπαλλάττουσι,
2642 523 2785 579 κατά
2830 520 3059 591 γνώμην
3092 515 3372 587 ἑκατέροις
3418 511 3515 566 τοῦ
3564 511 3747 573 τέλους

2166 621 2269 692 τῆς
2305 620 2461 689 δίκης
2484 616 2859 677 ἐκϐαίνοντος·
2898 610 2965 666 ἂν
2990 610 3048 663 δέ
3074 607 3153 679 τῷ
3195 607 3426 677 δικαστῇ
3466 602 3591 659 καθ’
3623 602 3748 655 ἐαυ-

2167 712 2296 776 τοὺς
2319 708 2677 782 ἐπιτρέψωσι,
2705 706 2801 759 καί
2847 703 3151 777 χρημάτων
3180 699 3353 771 ζημία
3387 697 3483 750 καὶ
3509 694 3745 765 τιμωρία

2170 803 2453 866 πολλάκις,
2478 800 2572 854 καὶ
2598 798 2660 852 τὸ
2685 796 2784 868 τὴν
2820 794 3020 867 ἔχθραν
3054 792 3239 863 μένειν
3271 789 3531 859 ἀκίνητον
3571 786 3743 848 αὑτοῖς

2170 897 2489 969 περιέσταιο
2524 893 2670 947 οὑτω
2698 891 2763 963 δὴ
2794 890 2887 944 καὶ
2915 885 3172 948 ἐνταῦθα,
3208 884 3275 938 ἂν
3318 883 3418 953 μὲν
3463 879 3608 934 κατά
3657 878 3752 950 τὴν

2170 988 2455 1061 παροῦσαν
2486 985 2633 1056 ζωὴν
2663 980 3069 1051 διαλυσώμεθα,
3111 977 3294 1047 πάσης
3336 973 3565 1036 ἐαυτοῦς
3592 969 3751 1061 κολά-

2173 1060 2311 1143 σιως
2357 1076 2741 1146 ἀπαλλάξομεν
2762 1090 2777 1105 ·
2828 1070 2893 1126 ἂν
2917 1069 2972 1124 δέ
3000 1066 3183 1141 ἐχθροί
3206 1065 3461 1137 μένοντες
3489 1063 3576 1125 εἰς
3595 1061 3661 1114 τὸ
3681 1060 3752 1114 δι-

2171 1173 2466 1243 καστήριον
2485 1168 2811 1237 ἀπέλθωμεν
2829 1164 3004 1217 ἐκεῖνο
3019 1159 3081 1213 τὸ
3108 1156 3363 1229 φοϐερὸν,
3388 1153 3486 1225 τὴν
3518 1152 3754 1223 ἐσχάτην

2170 1261 2418 1333 δώσομεν
2450 1259 2609 1331 δίκην
2654 1256 2749 1311 ἐπὶ
2795 1257 2862 1325 τῇ
2898 1252 3066 1324 ψήφῳ
3101 1248 3196 1303 τοῦ
3238 1245 3498 1301 δικαστοῦ
3539 1244 3754 1306 πάντως

2173 1354 2383 1409 ἐκείνου
2414 1391 2430 1414 ,
2485 1351 2582 1407 καὶ
2632 1347 2939 1420 ἀμφότεροι
3011 1340 3287 1413 τιμωρίαν
3336 1334 3758 1407 ὑποστησόμεθα

2172 1444 2567 1517 ἀπαραίτητον,
2608 1441 2638 1493 ὁ
2676 1438 2776 1511 μὲν
2804 1436 3006 1499 ἀδίκως
3031 1430 3423 1505 ὀργιζόμενος,
3472 1427 3565 1482 διὰ
3602 1426 3758 1480 τοῦτο

2173 1538 2255 1591 δτι
2298 1516 2533 1599 ἀδίκως,
2586 1534 2617 1585 ὁ
2648 1531 2708 1584 δέ
2742 1528 2990 1593 δικαίως,
3040 1526 3132 1579 διά
3182 1522 3344 1577 τοῦτο
3394 1520 3479 1574 ὅτι
3537 1516 3758 1580 δικαίως

2173 1622 2605 1695 ἐμνησικάκησε.
2630 1617 2748 1673 Κᾶν
2786 1617 2896 1688 γάρ
2934 1614 3133 1677 ἀδίκως
3170 1606 3321 1682 ὧμέν
3346 1626 3400 1662 τι
3432 1605 3758 1670 πεπονθὼες

2172 1694 2392 1779 κακῶς,
2422 1707 2771 1782 συγχώρησιν
2809 1707 2891 1761 δεῖ
2925 1703 3255 1777 προσνέμειν
3285 1702 3399 1763 τοῖς
3444 1694 3753 1769 ἡδικηκόσι.

2176 1805 2289 1860 Καὶ
2338 1803 2529 1857 σκόπει
2565 1800 2683 1866 πῶς
2712 1801 2842 1864 τοὺς
2881 1797 3085 1861 ἀδίκως
3110 1795 3466 1866 λυπήσαντας
3498 1789 3635 1842 ώθεῖ
3670 1788 3758 1840 καὶ

2175 1892 2499 1961 κατεπείγει
2552 1891 2691 1962 πρὸς
2728 1890 2830 1962 τὴν
2866 1884 3215 1957 καταλλαγὴν
3245 1882 3356 1937 τῶν
3386 1880 3757 1951 ἠδικημένων.

2189 1983 2323 2037 Ἐὰν
2340 1981 2687 2052 προσφέρῃς
2724 1982 2788 2034 τὸ
2814 1977 3007 2047 δῶρόν
3033 1991 3173 2038 σου,
3204 1974 3389 2046 φησὶν,
3421 1972 3761 2042 ἔμπροσθεν

2175 2076 2284 2132 τοῦ
2315 2074 2773 2144 θυσιαστηρίου,
2803 2070 2981 2127 κάκεῖ
3000 2067 3287 2139 μνησθῇς
3309 2066 3399 2121 ὅτι
3431 2068 3464 2118 ὀ
3497 2063 3761 2131 ἀδελφός

2178 2186 2295 2224 σου
2317 2170 2439 2239 ἔχει
2470 2186 2525 2222 τι
2552 2166 2702 2221 κατὰ
2738 2164 2877 2230 σοῦ,
2900 2164 3115 2231 ὕπαγε,
3145 2157 3380 2229 πρῶτον
3403 2153 3761 2224 διαλλάγηθι

2182 2260 2334 2334 [171]
2366 2259 2445 2325 τῷ
2480 2256 2724 2326 ἀδελφῷ
2757 2270 2897 2310 σου.
2934 2254 3049 2308 υὺκ
3077 2247 3222 2315 εἷπε,
3256 2248 3564 2317 Συνάγαγε,
3606 2261 3764 2316 ’προσ⁹

2180 2353 2371 2421 ένεγκε
2392 2350 2487 2424 τὴν
2519 2349 2732 2415 θυσίαν,
2753 2347 2910 2411 ἀλλά,
2931 2343 3312 2414 Διαλλάγηθι,
3338 2342 3433 2395 καὶ
3456 2340 3579 2393 τότε
3601 2354 3765 2409 προσ-

2182 2443 2573 2513 ένεγκε.”Δφες
2596 2438 2768 2512 αὐτὴν
2790 2437 3029 2504 κεῖσθαι,
3054 2436 3240 2507 φησὶν,
3258 2434 3346 2486 ’ίνα
3361 2433 3395 2503 ἡ
3423 2431 3646 2501 ἀνάγκη
3673 2427 3765 2497 τῆς

2182 2530 2502 2601 προσφορᾶς
2523 2528 2620 2581 καὶ
2640 2528 2840 2583 ἀκοντα
2855 2525 3254 2597 καταναγκάσῃ
3278 2522 3416 2594 πρὸς
3432 2522 3531 2592 τὴν
3563 2518 3765 2573 καταλ-

2181 2622 2357 2693 λαγὴν
2381 2620 2556 2675 ἐλθεῖν
2570 2620 2663 2674 τὸν
2691 2618 2919 2682 δικαίως
2940 2614 3468 2690 ὀργιζόμενον.”ορα
3493 2610 3614 2673 πῶς
3642 2626 3768 2681 προ-

2183 2714 2381 2788 τρέπει
2420 2713 2582 2767 πάλιν
2618 2712 2753 2783 πρὸς
2792 2711 2886 2765 τὸν
2919 2707 3302 2781 παροξύναντα
3332 2704 3529 2768 ἐλθεῖν,
3566 2702 3765 2761 εἰπὼν,

2190 2809 2407 2876 Ἄφετε
2428 2805 2554 2872 τοῖς
2585 2804 2921 2874 ὀφειλέταις
2951 2800 3140 2873 ὑμῶν,
3188 2798 3351 2865 ὅπως
3378 2797 3478 2851 καὶ
3505 2799 3539 2850 ὁ
3568 2794 3769 2861 Πατὴρ

2186 2895 2580 2967 ὑμῶνάφήσῃ
2597 2894 2766 2966 ὑμῶν
2779 2895 2852 2950 τὰ
2875 2890 3339 2961 παραπτώματα.
3358 2889 3432 2942 Ού
3448 2886 3561 2958 γάρ
3582 2884 3768 2957 μικρὸν

2187 2989 2403 3042 τέθεικε
2426 2986 2637 3059 μισθὸν,
2655 2984 2795 3040 ἀλλά
2823 2984 2919 3038 καὶ
2942 2983 3149 3055 σφόδρα
3170 2979 3577 3052 ὑπερϐαίνοντα
3600 2978 3661 3031 τὺ
3678 2976 3766 3030 τοῦ

2189 3078 2616 3152 κατορθώματος
2662 3074 2912 3146 μέγεθος.
2956 3070 3122 3127 Ταῦτ’
3156 3066 3251 3125 οὑν
3285 3072 3504 3125 ἅπαντα
3532 3066 3770 3121 ἐννοοῦν·

2188 3189 2300 3235 τες,
2329 3171 2423 3224 καὶ
2447 3169 2545 3241 τὴν
2569 3168 2805 3240 ἀμοιϐὴν
2840 3166 2937 3238 τὴν
2969 3166 3062 3219 ἐπὶ
3090 3164 3265 3233 τούτῳ
3297 3163 3599 3233 γινομένην
3630 3160 3772 3229 λογι-

2190 3262 2437 3333 ζόμενοι,
2484 3260 2581 3313 καὶ
2625 3259 2701 3323 ώς
2750 3257 2811 3310 οὑ
2849 3255 3047 3309 πολλοῦ
3086 3254 3337 3325 καμάτου
3379 3257 3474 3304 καὶ
3540 3248 3770 3319 σπουδῆς

2190 3356 2338 3408 ἐστιν
2401 3352 2779 3424 ἁμαρτήματα
2826 3346 3169 3417 ἀπαλεῖψαι,
3234 3343 3613 3416 συγχωρῶμεν
3667 3344 3770 3405 τοῖς

2191 3446 2337 3516 ἡμᾶς
2363 3442 2700 3514 ἡδικηκόσιν.
2738 3441 2802 3492 '0
2832 3440 2940 3510 γὰρ
2960 3437 3046 3491 διά
3069 3437 3342 3509 νηστείας,
3382 3437 3477 3489 καὶ
3502 3435 3771 3506 ὀδυρμῶν,

2193 3538 2287 3591 καὶ
2306 3535 2504 3606 εὑχῶν,
2529 3535 2624 3588 καὶ
2642 3534 2871 3597 σάκκου,
2898 3533 2994 3586 καὶ
3017 3529 3234 3595 σποδοῦ,
3261 3530 3353 3582 καὶ
3373 3528 3576 3601 μυρίας
3594 3528 3773 3598 ἐξομο-

2191 3630 2468 3700 λογήσεως
2498 3628 2652 3699 μόλις
2672 3626 2849 3697 ἐτεροι
2877 3622 3225 3696 κατορθοῦσι,
3239 3622 3301 3675 τὸ
3315 3620 3383 3674 τά
3402 3621 3771 3692 ἁμαρτήματα

2193 3718 2496 3788 ἐξαλείφειν
2524 3717 2669 3787 λέγω
2695 3716 2764 3769 τά
2794 3715 3025 3780 ἑαυτῶν,
3055 3713 3212 3767 τοῦτο
3266 3712 3477 3779 ἔξεστιν
3512 3713 3646 3783 ἡμῖν
3682 3712 3771 3783 ρᾳ-

2192 3811 2321 3874 δίως
2341 3812 2515 3863 ποιεῖν
2552 3810 2722 3880 χωρὶς
2774 3807 2982 3861 σάκκου
3006 3805 3099 3860 καὶ
3132 3804 3328 3858 σποδοῦ
3367 3804 3464 3857 καὶ
3494 3803 3770 3874 νηστείας,

2124 3932 2127 3937 -
2194 3900 2262 3953 ἂν
2317 3898 2477 3969 μόνον
2503 3897 2613 3950 ἀπὸ
2637 3897 2739 3968 τῆς
2758 3895 2999 3959 διανοίας
3031 3893 3402 3965 ἐξαλείψωμεν
3440 3892 3543 3964 τὴν
3576 3891 3763 3963 ὀργὴν,

2196 3992 2289 4045 καὶ
2314 3991 2453 4062 μετά
2486 3989 2837 4062 εἱλικρινείας
2862 3988 3089 4059 ἀφῶμεν
3116 3989 3230 4048 τοῖς
3262 3986 3587 4057 ἡδικηκόσιν
3611 3988 3771 4057 ἡμᾶς.

2207 4084 2265 4136 '0
2286 4084 2342 4136 δὲ
2370 4082 2468 4150 τῆς
2492 4084 2715 4155 εἰρήνης
2735 4082 2831 4135 καὶ
2863 4081 3090 4153 ἀγάπης
3115 4079 3247 4143 Θεὸς
3276 4080 3456 4133 πάντα
3485 4077 3660 4150 θυμὸν
3687 4078 3770 4131 καί

2199 4175 2425 4245 πικρίαν
2441 4175 2537 4227 καὶ
2566 4174 2737 4246 ὀργὴν
2757 4173 2857 4243 τῆς
2880 4173 3059 4246 ψυχῆς
3088 4171 3338 4244 ἐξορίσας
3365 4172 3466 4242 τῆς
3483 4171 3769 4243 ἡμετέρας.

2198 4266 2534 4331 καταξιῶσαι
2590 4267 2732 4320 κατά
2761 4266 2860 4337 τὴν
2887 4265 2996 4318 τῶν
3048 4264 3227 4335 μελῶν
3282 4262 3609 4316 ἀκολουθίαν
3644 4262 3777 4334 μετά

2196 4358 2486 4428 ἀκριϐείας
2537 4356 2954 4426 συνδεδεμένους
2999 4354 3271 4426 ἀλλήλοις,
3320 4353 3691 4425 ὁμοθυμαδὸν,
3724 4358 3777 4405 ἐν

2197 4453 2279 4505 ἐνὶ
2308 4452 2535 4522 στόματι
2557 4450 2652 4504 καὶ
2682 4450 2780 4521 μιᾷ
2806 4449 2975 4519 ψυχῇ.
2996 4446 3260 4517 διηνεκῶς
3283 4446 3635 4516 ἀναπέμπειν
3658 4445 3777 4505 τοὺς

2197 4541 2579 4612 ὀφειλομένους
2609 4539 3061 4612 εὐχαριστηρίους
3084 4536 3287 4608 ὕμνους
3312 4534 3484 4607 αὐτῷ,
3518 4537 3603 4589 ὅτι
3636 4532 3777 4603 αὐτῷ

2200 4636 2235 4705 ἡ
2263 4634 2388 4699 δόξα
2420 4636 2514 4689 καὶ
2561 4633 2623 4687 τὸ
2658 4634 2878 4705 κράτος,
2908 4633 2987 4697 εἰς
3020 4631 3147 4695 τοὺς
3177 4628 3378 4694 αἰῶνας
3404 4629 3513 4685 τῶν
3549 4625 3773 4685 αἰώνων.

2213 4726 2405 4797 Ἀμήν.
