3964 6342
114 290 206 344 185
246 298 247 301 “

109 406 213 468 riis,
265 403 523 472 pepercit.
570 401 866 470 Quamnam
914 402 1075 472 igitur
1114 403 1325 457 veniam
1371 402 1697 458 merebimur

108 510 217 557 nos,
245 495 334 564 qui
364 493 761 563 praeteritorum
790 492 1107 548 delictorum
1138 508 1406 549 memores
1430 509 1616 548 sumus
1642 503 1697 549 et

108 603 193 641 eos
223 587 551 652 ulciscimur,
586 588 677 656 qui
719 600 818 640 nos
859 584 1117 653 laeserint,
1159 601 1281 641 cum
1311 587 1567 642 innocens
1606 587 1698 642 ille

110 689 179 731 tot
220 678 356 731 mala
385 692 597 748 passus,
626 677 825 748 quique
845 678 996 747 plura
1024 687 1080 732 et
1106 679 1351 748 graviora
1379 679 1500 742 sibi.
1526 680 1572 735 si
1600 678 1699 733 ho-

106 779 232 824 stem
264 778 527 837 servaret,
558 769 903 839 exspectabat
946 778 1224 836 eventura,
1272 769 1353 825 sic
1395 770 1699 840 pepercisse

106 862 363 928 videatur,
407 869 468 915 ut
494 860 791 931 periculum
815 860 931 931 ipse
958 860 1138 915 subire
1161 860 1427 926 maluerit,
1459 869 1619 931 atque
1644 862 1697 917 in

106 963 242 1007 metu
274 967 339 1006 ac
371 963 607 1007 tremore
636 951 839 1018 vivere,
879 966 1038 1020 quam
1069 966 1191 1006 eum
1216 966 1374 1021 quem
1407 951 1506 1007 sibi
1537 951 1698 1007 innu-

106 1059 275 1098 meras
303 1042 612 1098 moliturum
637 1041 861 1099 insidias
886 1042 1108 1109 sciebat,
1131 1042 1254 1113 jure
1281 1042 1567 1099 occidere?

167 1135 385 1189 Davidis
415 1136 711 1206 patientiam
746 1142 1037 1206 exaggerat.
1055 1163 1128 1174 -—
1150 1133 1281 1203 Ejus
1316 1133 1495 1204 itaque
1522 1133 1696 1204 philo-

106 1233 342 1305 s0phiam
388 1248 457 1288 ex
497 1233 581 1288 his
609 1248 834 1289 cernere
856 1233 1000 1299 licet,
1030 1233 1171 1304 quod
1221 1248 1327 1288 non
1358 1231 1519 1287 modo
1553 1240 1698 1285 tanta

106 1328 415 1383 imminente
460 1329 781 1383 necessitate
834 1343 939 1383 non
997 1328 1347 1391 interemerit,
1395 1325 1489 1381 sed
1526 1339 1700 1395 neque

106 1420 421 1476 maledicum
458 1422 509 1475 in
549 1436 673 1476 eum
712 1419 933 1477 verbum
979 1421 1142 1475 ullqu
1170 1418 1467 1491 protulerit,
1506 1418 1629 1473 licet
1655 1418 1700 1473 is

105 1529 255 1580 quem
306 1513 535 1568 Ιειιευτιιε
585 1513 790 1580 fuisset,
840 1512 1063 1568 minime
1106 1513 1383 1569 audiisset.
1412 1512 1568 1580 Atqui
1603 1525 1699 1566 nos

106 1605 255 1658 etiam
283 1603 495 1659 amicos
518 1617 889 1674 smpenumero
916 1605 1169 1659 absentes
1194 1604 1451 1659 conviciis
1473 1602 1701 1657 incessi-

105 1710 252 1761 mus;
285 1704 343 1749 at
390 1696 481 1751 ille
525 1711 591 1752 ne
635 1696 907 1752 inimicum
938 1698 1176 1768 quidem,
1221 1712 1251 1751 a
1282 1712 1389 1768 quo
1423 1706 1500 1751 tot
1529 1695 1701 1751 fuerat

105 1787 324 1843 allectus
350 1788 582 1858 injuriis.
612 1791 690 1843 Ac
715 1788 1107 1859 philosophiam
1134 1789 1349 1860 quidem
1377 1805 1441 1844 ex
1469 1790 1550 1844 his
1575 1789 1702 1844 licet

102 1894 430 1948 cognoscere
460 1897 474 1932 :
504 1879 886 1951 benignitatem
929 1892 1106 1937 autem
1150 1896 1215 1936 ac
1251 1882 1512 1952 reliquam
1552 1880 1701 1933 solli—

103 1971 396 2024 citudinem
444 1985 512 2024 ex
552 1971 638 2038 iis,
684 1986 804 2040 quae
849 1980 1034 2041 postea
1081 1971 1344 2041 praestitit.
1376 1970 1528 2037 Quod
1558 1971 1700 2025 enim

101 2060 368 2117 fimbriam
401 2062 565 2115 vestis
594 2061 900 2128 absciderit,
932 2063 1072 2133 quod
1102 2078 1255 2132 aquae
1288 2061 1547 2134 scyphum
1577 2060 1704 2115 sub—

102 2154 347 2220 traxerit,
380 2152 522 2221 quod
564 2151 720 2223 longe
757 2153 1017 2209 secedens
1052 2163 1107 2208 et
1131 2164 1281 2208 stans
1322 2153 1566 2207 clamat-it
1596 2153 1613 2221 (
1646 2154 1698 2206 1.

99 2246 228 2316 Reg.
252 2244 350 2300 24.
381 2246 437 2301 5.
464 2257 513 2299 et
543 2245 633 2300 26.
660 2247 745 2301 15.
778 2247 937 2317 sqq.),
965 2257 1125 2317 atque
1167 2262 1197 2301 a
1228 2261 1287 2301 se
1313 2255 1525 2302 servato
1557 2247 1703 2301 ineo-

100 2339 225 2392 lumi
256 2341 377 2393 haec
420 2337 749 2409 significarit,
780 2354 885 2393 non
918 2339 983 2393 ad
1013 2339 1423 2393 ostentationem
1454 2350 1509 2394 et
1529 2338 1702 2392 ambi-

97 2430 305 2483 tionem
353 2428 407 2484 id
448 2430 593 2498 fecit,
639 2446 823 2485 verum
873 2438 931 2485 ut
955 2430 1208 2501 Operihus
1239 2430 1368 2501 ipsis
1398 2430 1446 2486 ei
1477 2445 1700 2499 persua-

97 2522 273 2587 deret,
310 2536 370 2577 se
414 2521 685 2577 immerito
733 2537 797 2577 ac
840 2522 958 2576 sine
1005 2536 1164 2577 causa
1196 2532 1462 2591 tamquam
1495 2506 1701 2574 hostem

96 2612 168 2666 illi
210 2610 386 2667 fuisse
431 2622 757 2683 suspectum,
787 2621 841 2668 et
870 2612 971 2667 hac
998 2612 1207 2667 rati0iie
1233 2613 1434 2667 studuit
1460 2611 1606 2665 illum
1636 2610 1701 2665 ad

96 2704 390 2758 amicitiam
423 2720 735 2774 provocare.
757 2704 1132 2760 Verumtamen
1151 2720 1270 2760 cum
1288 2721 1356 2759 ne
1385 2706 1463 2759 sic
1487 2703 1702 2774 quidem

96 2797 247 2850 illum
279 2797 501 2851 flectere
529 2797 811 2867 potuisset,
842 2806 1003 2867 atque
1028 2813 1059 2852 e
1077 2798 1254 2852 medio
1279 2806 1461 2867 posset
1489 2797 1701 2863 tollere,

94 2905 289 2944 rursus
320 2892 491 2960 patria
519 2904 707 2946 carere
733 2891 941 2957 maluit,
975 2900 1027 2946 et
1062 2906 1288 2962 peregre
1317 2891 1517 2956 vivere,
1544 2898 1703 2960 atque

94 2984 146 3039 in
181 2984 343 3039 malis
388 2984 628 3055 quotidie
668 2984 887 3050 versari,
921 2983 1048 3038 dum
1083 2984 1442 3039 necessarium
1488 2982 1587 3037 sibi
1620 2983 1703 3037 vi-

90 3088 241 3132 ctum
275 3086 640 3147 compararet,
670 3093 830 3149 quam
860 3076 1004 3132 domi
1037 3074 1303 3130 manendo
1333 3074 1700 3130 insidiatorem

94 3186 257 3224 suum
293 3170 515 3225 laedere.
534 3169 670 3238 Quid
702 3169 846 3224 illius
869 3168 1045 3224 anima
1069 3170 1238 3224 lenius
1266 3169 1490 3238 reperiri
1516 3167 1704 3238 possit?

86 3261 289 3316 Merito
317 3276 451 3315 sane
480 3260 713 3326 dicebat,
744 3259 1017 3325 Memento,
1048 3258 1286 3324 Domine,
1314 3258 1502 3325 David,
1527 3268 1572 3312 et
1597 3276 1705 3312 om-

88 3354 168 3407 nis
198 3352 614 3407 mansuetudinis
645 3353 755 3423 ejus
789 3349 958 3423 (Psal.
989 3352 1114 3407 151.
1145 3351 1221 3420 1).
1256 3351 1407 3406 lluuc
1435 3351 1707 3405 imitemur

83 3458 191 3497 nos
222 3458 467 3512 quoque,
514 3456 578 3496 ac
606 3456 781 3511 neque
809 3441 1070 3506 dicamus,
1114 3456 1290 3511 neque
1314 3439 1572 3495 faciamus
1604 3439 1705 3494 iiii-

82 3535 253 3588 tnicis
278 3532 576 3603 quidquam
604 3532 751 3598 mali,
783 3531 878 3587 sed
910 3541 963 3586 et
992 3547 1088 3601 pro
1109 3531 1311 3585 viribus
1330 3530 1398 3586 de
1436 3530 1541 3585 illis
1568 3531 1706 3585 bene

80 3638 413 3678 mereamur
444 3641 457 3677 :
490 3622 755 3691 siquidem
784 3622 849 3676 de
875 3621 1034 3676 nobis
1064 3621 1192 3692 ipsis
1220 3622 1418 3692 potius,
1445 3636 1605 3691 quam
1636 3619 1706 3676 de

78 3716 193 3769 illis
227 3714 375 3770 bene
402 3713 750 3769 merebimur.
784 3714 846 3769 Si
870 3714 1022 3778 enim,
1054 3713 1245 3784 inquit,
1292 3714 1582 3768 dtmism'tis
1607 3713 1707 3767 ini-

73 3808 234 3862 micis
265 3807 472 3874 vestris,
520 3807 798 3862 dimittetur
837 3807 974 3861 vobis
1020 3806 1230 3879 (Matth.
1256 3806 1309 3861 6.
1341 3806 1428 3879 ﬂ)
1455 3825 1469 3862 :
1497 3807 1706 3863 dimitte

71 3900 321 3954 servilia
365 3906 607 3968 peccata,
640 3907 697 3952 ut
724 3897 936 3953 veniam
975 3897 1197 3954 herilem
1229 3899 1472 3954 obtineas
1515 3913 1706 3969 pecca-

70 4002 275 4047 torum
311 3991 499 4061 :qiiod
545 3993 589 4046 si
626 4007 872 4062 magnam
916 3992 1155 4047 intulerit
1202 3992 1473 4062 injuriam,
1506 4004 1707 4061 quanto

68 4087 304 4156 majora
345 4084 642 4151 dimiseris,
689 4094 836 4140 tanto
867 4086 1126 4155 majorem
1177 4087 1384 4141 veniam
1417 4085 1704 4141 obtinebis.

64 4176 395 4247 Propterea
431 4192 663 4246 namque
679 4177 858 4231 dicere
878 4177 1053 4232 edocti
1072 4191 1279 4243 sumus,
1303 4175 1515 4231 Dimitte
1540 4177 1702 4242 nobis,

63 4272 207 4324 sicut
244 4285 350 4325 nos
366 4270 673 4323 dimittimus
694 4268 854 4342 (Ibid.
884 4286 933 4324 υ.
965 4268 1066 4342 12)
1088 4310 1102 4335 ,
1136 4278 1195 4325 ιιι
1221 4269 1489 4324 discamus
1511 4270 1703 4324 remis-

57 4363 255 4417 sionis
289 4362 517 4416 modum
540 4361 746 4415 initium
772 4376 802 4414 a
820 4360 974 4415 nobis
992 4360 1255 4432 accipere.
1280 4359 1484 4432 ltaque‘,
1508 4374 1706 4430 quanto

58 4457 343 4524 graviora
400 4454 539 4508 mala
585 4453 828 4508 intulerit
875 4454 1157 4517 inimicus,
1214 4462 1363 4508 tanto
1416 4452 1707 4523 majorib'is

58 4546 246 4600 allicit
307 4543 617 4600 beneficiis.
667 4544 1024 4613 Properemus
1054 4544 1233 4614 igitur,
1282 4552 1335 4599 et
1374 4560 1495 4599 cum
1524 4544 1587 4598 iis
1614 4544 1703 4614 qni

59 4654 164 4691 ius
196 4637 489 4699 lazseriut,
532 4635 868 4691 reconciliari
906 4634 1244 4700 festinemus,
1286 4638 1398 4691 sive
1422 4636 1565 4706 jure,
1593 4635 1707 4691 siie

60 4728 279 4799 injuria
335 4729 451 4783 sint
494 4728 634 4782 irati.
675 4727 731 4784 Si
772 4728 914 4783 enim
961 4727 1047 4783 hic
1089 4729 1253 4783 fueris
1296 4728 1700 4788 reconciliatus,

59 4822 168 4878 .llic
218 4838 257 4875 a
306 4819 525 4890 judicio
570 4818 920 4874 liberaberis:
954 4820 1036 4874 sin
1081 4827 1259 4874 autem
1309 4819 1544 4883 interim,
1573 4818 1701 4873 dum

69 4914 394 4971 ininicitias
442 4919 809 4981 perseverant,
857 4927 1003 4969 mors
1052 4911 1416 4969 interveniens
1459 4910 1639 4967 odium
1666 4924 1698 4966 e

1050 287 1116 344 IN
1158 288 1385 356 ILLUD,
1425 288 1488 345 Sl
1528 286 1900 345 ESURIERIT
1939 289 2256 364 INIMICUS,
2300 294 2457 354 ETC.

3295 297 3397 353 186

1806 404 1986 461 medio
2036 408 2224 475 tollat,
2276 409 2384 465 illic
2428 409 2681 480 deinceps
2726 408 2984 481 judicium
3044 408 3399 464 constituatur

1803 510 2024 552 necesse
2050 507 2152 553 est.
2183 498 2253 555 Ut
2273 500 2431 570 igitur
2463 501 2710 557 homines
2736 504 2887 558 multi
2904 504 2995 574 qui
3022 504 3163 559 inter
3187 520 3247 559 se
3266 519 3397 560 con—

1805 596 2193 659 troversantur,
2246 593 2290 647 si
2329 594 2546 663 quidem
2594 606 2745 649 extra
2800 595 2974 652 forum
3025 599 3200 654 amice
3247 598 3394 654 litem

1803 680 1945 735 inter
1994 696 2054 736 se
2104 692 2467 754 componam,
2514 685 2752 752 damno,
2802 697 2984 755 metu,
3040 689 3399 759 periculisque

1802 771 1987 828 multis
2029 788 2089 829 se
2138 775 2387 839 liberant,
2417 777 2546 832 dum
2577 792 2644 833 ex
2686 779 2849 833 animi
2892 781 3156 836 sententia
3187 782 3295 836 litis
3319 782 3401 838 eis

1804 864 2109 920 terminatio
2154 868 2438 923 succedit:
2470 868 2614 939 quod
2661 870 2707 924 si
2730 870 2898 940 judici
2926 872 3195 941 negotium
3239 885 3397 929 suum

1802 957 2133 1026 permittant,
2163 959 2296 1014 nihil
2321 960 2464 1015 aliud
2489 960 2613 1017 inde
2640 972 2837 1033 praeter
2862 963 3101 1033 pecunia:
3132 964 3396 1035 jacturaiu

1802 1060 1860 1107 et
1886 1068 2101 1121 poenam
2144 1069 2405 1124 persaepe,
2450 1062 2613 1125 atque
2659 1054 3041 1110 immortalium
3085 1056 3396 1113 inimicitia-

1801 1158 1920 1199 rum
1945 1144 2398 1200 continuationem
2426 1146 2776 1216 reportabuiit
2801 1165 2814 1202 :
2845 1148 2913 1202 ita
2946 1148 3033 1203 hic
3060 1164 3272 1219 quoque
3291 1190 3307 1215 ,
3351 1149 3397 1203 sl

1801 1236 1931 1291 dum
1975 1237 2029 1291 in
2075 1238 2175 1291 hac
2201 1238 2307 1293 vita
2331 1253 2630 1306 versamur,
2673 1239 2797 1295 lites
2823 1254 3226 1310 componamus,
3249 1241 3395 1293 omni

1802 1341 1903 1381 nos
1927 1326 2189 1397 supplicio
2218 1326 2562 1385 liberabimus
2589 1347 2605 1384 :
2636 1329 2719 1385 sin
2748 1339 2927 1385 autem
2969 1330 3021 1385 in
3052 1331 3177 1386 odio
3210 1345 3397 1400 perse-

1803 1428 2070 1485 verantes,
2095 1418 2161 1474 ad
2183 1420 2517 1476 tremendum
2535 1421 2934 1492 illudjudieium
2956 1422 3233 1485 abeamus,
3254 1421 3395 1477 illius

1799 1509 1993 1580 judicis
2013 1512 2221 1567 calculo
2234 1511 2490 1579 damnati,
2507 1522 2752 1568 extremo
2766 1514 2921 1584 plane
2932 1513 3191 1584 supplicio
3208 1512 3399 1583 plecte-

1803 1617 1947 1669 mur,
1965 1612 2021 1659 et
2037 1603 2246 1674 utrique
2262 1619 2448 1675 pinnas
2474 1604 2809 1662 inevitabiles
2831 1606 3232 1670 sustinebimus,
3259 1616 3417 1659 unus

1804 1696 2016 1766 quidem
2057 1698 2253 1766 injuste
2290 1698 2478 1766 iratus,
2528 1707 2810 1770 propterea
2839 1697 2983 1769 quod
3009 1698 3225 1768 injuste,
3261 1696 3423 1753 alter

1804 1789 2142 1858 autemjuste
2171 1789 2358 1859 iratus,
2386 1790 2530 1861 quod
2550 1791 2694 1860 juste
2711 1790 3026 1846 memoriam
3043 1790 3250 1860 injuriae
3273 1804 3417 1845 con-1

1806 1882 2050 1936 servarit.
2072 1882 2219 1937 Licet
2234 1885 2378 1937 enim
2403 1882 2601 1952 injuste
2623 1882 2896 1953 quidpiam
2917 1883 3040 1937 mali
3061 1881 3199 1952 passi
3221 1880 3393 1936 fueri-

1806 1988 1946 2041 mus,
1969 1974 2175 2027 veniam
2193 1973 2307 2030 dari
2328 1989 2422 2044 par
2438 1983 2522 2029 est
2538 1973 2622 2040 iis,
2648 1990 2677 2027 a
2695 1974 2887 2044 quibus
2905 1973 3098 2044 injuria
3116 1973 3227 2029 laesi
3241 1972 3399 2028 fueri-

1806 2081 1944 2120 mus.
1995 2066 2073 2119 Ae
2115 2064 2237 2121 vide
2281 2080 2387 2136 quo
2427 2074 2582 2137 pacto
2611 2080 2721 2130 eos,
2756 2066 2843 2136 qui
2886 2065 3187 2136 praeterjus
3213 2063 3401 2134 fasque

1806 2156 2107 2212 molestiam
2133 2156 2448 2223 intulerunt,
2479 2157 2718 2227 impellat
2747 2165 2803 2211 et
2844 2166 3028 2227 urgeat
3065 2156 3133 2210 ad
3160 2155 3399 2210 reconci-

1807 2250 2078 2304 liationem
2121 2265 2242 2304 cum
2293 2250 2397 2305 illis
2437 2264 2573 2319 quos
2617 2249 2873 2305 laeserint.
2906 2248 2967 2304 Si
2996 2246 3182 2316 o/feras
3214 2262 3399 2300 munus

1808 2351 1948 2395 tuum
1990 2341 2058 2393 ad
2110 2341 2291 2408 altare,
2347 2350 2393 2395 et
2445 2341 2514 2395 ibi
2565 2342 2861 2396 recordatus
2889 2341 3063 2413 fueris,
3093 2339 3211 2410 quia
3240 2342 3400 2411 frater

1807 2444 1922 2488 tuus
1954 2435 2099 2488 habet
2129 2434 2324 2505 aliquid
2341 2435 2608 2489 adversum
2630 2443 2675 2489 te
2697 2450 2715 2488 :
2738 2434 2884 2500 vade,
2906 2434 3045 2503 prius
3074 2432 3401 2487 reconciliare

1807 2525 1956 2597 fratri
1980 2534 2065 2578 tuo
2084 2524 2295 2596 (Matth.
2325 2525 2379 2580 5.
2407 2523 2499 2581 25.
2522 2524 2636 2593 24).
2654 2523 2769 2579 Non
2798 2523 2953 2590 dixit,
2984 2523 3205 2591 Collige,
3232 2522 3403 2576 sacri-

1808 2615 1986 2669 ficium
2014 2614 2164 2681 oﬂ’cr,
2198 2614 2311 2679 sed,
2355 2613 2720 2677 Reconcili'are,
2754 2629 2817 2668 ac
2859 2611 3052 2667 deinde
3093 2612 3245 2667 oll'er.
3274 2610 3403 2668 Sim:

1808 2708 1877 2762 ibi
1896 2706 2091 2776 jaceat,
2124 2706 2316 2776 inquit,
2366 2715 2421 2760 ut
2445 2705 2731 2762 oblationis
2759 2705 3051 2760 necessitas
3075 2704 3234 2758 etiam
3264 2704 3401 2757 invi-

1809 2808 1918 2854 tuin
1970 2799 2301 2855 reconciliari
2350 2806 2503 2868 cogat
2542 2813 2698 2864 eum,
2729 2796 2818 2867 qui
2844 2798 2989 2865 juste
3016 2795 3176 2849 fuerit
3214 2795 3400 2848 iratus.

1809 2891 1943 2946 Vide
1988 2906 2095 2961 quo
2137 2899 2292 2962 pacto
2331 2903 2521 2945 rursus
2560 2888 2803 2944 hortetur
2848 2899 2905 2943 ut
2934 2887 2998 2941 ad
3027 2902 3148 2941 eum
3183 2886 3401 2956 quinos

1807 2983 2349 3049 oll'endii,veniamus,
2368 2982 2574 3037 dicens:
2598 2979 2848 3035 Dimittite
2878 2978 3182 3034 debitoribus
3204 2979 3400 3045 vestris,

1808 3085 1863 3129 ut
1893 3085 1940 3129 et
1994 3073 2147 3128 Pater
2189 3083 2347 3128 vester
2392 3072 2616 3126 dimittat
2668 3070 2852 3125 delicta
2898 3077 3062 3124 vestra
3087 3068 3276 3141 (Marc.
3311 3069 3400 3123 11.

1806 3167 1921 3239 25).
1942 3166 2056 3222 Νοιι
2083 3165 2223 3222 enim
2254 3164 2497 3235 exiguam
2524 3161 2826 3218 mercedem
2849 3161 3141 3233 proposuit,
3169 3159 3262 3215 scd
3282 3174 3403 3215 eam

1806 3259 1967 3313 etiam
2014 3273 2132 3327 qua:
2178 3256 2304 3311 boui
2336 3254 2514 3324 operis
2538 3252 2954 3324 magnitudinem
2986 3251 3140 3322 longe
3173 3250 3403 3306 excede-

1809 3359 1911 3406 ret.
1956 3349 2081 3404 llacc
2124 3349 2281 3419 igitur
2323 3346 2499 3402 omnia
2543 3346 2699 3401 nobis
2727 3345 2797 3400 ob
2824 3344 3008 3399 oculos
3032 3352 3313 3414 ponentes,
3341 3358 3404 3397 ac

1808 3441 2295 3498 remunerationem
2315 3438 2414 3494 hac
2430 3437 2499 3493 de
2522 3451 2683 3492 causa
2710 3435 2863 3491 nobis
2882 3435 3203 3506 propositam
3227 3444 3405 3488 mente

1809 3541 2104 3599 versantes,
2150 3545 2417 3603 quamque
2461 3545 2566 3584 non
2592 3529 2768 3599 magni
2794 3527 2867 3583 sit
2894 3526 3089 3581 laboris
3123 3535 3216 3581 aut
3243 3525 3404 3581 studii

1810 3634 2027 3697 peccata
2054 3625 2257 3691 delere,
2288 3623 2372 3678 his
2400 3639 2431 3677 a
2459 3622 2651 3693 quibus
2679 3620 2791 3676 laesi
2818 3619 3035 3685 fuimus,
3067 3621 3276 3674 veniam
3303 3618 3400 3674 de—

1811 3737 1952 3777 nius.
1983 3719 2138 3786 Quod
2167 3718 2310 3772 enim
2361 3717 2451 3771 alii
2497 3715 2719 3786 jejunio,
2769 3713 3087 3784 planctibus,
3135 3711 3401 3782 precibus,

1810 3827 1987 3877 sacco,
2018 3811 2219 3877 cinere,
2250 3824 2315 3864 ac
2342 3807 2535 3863 millies
2565 3807 2787 3876 repetita
2808 3804 3143 3859 confessione
3173 3804 3257 3858 vix
3285 3819 3405 3872 per-

1811 3902 2015 3968 ficiunt,
2057 3911 2117 3956 ut
2162 3899 2412 3955 nimirum
2460 3912 2555 3952 sua
2603 3904 2815 3966 peccata
2856 3894 3088 3958 deleant,
3122 3895 3221 3947 hoc
3251 3893 3406 3946 nobis

1810 3996 1928 4050 sine
1961 4008 2119 4048 sacco
2165 4000 2220 4046 et
2264 3990 2445 4046 cinere
2474 4004 2537 4042 ac
2571 3987 2775 4058 jejunio
2799 3985 2953 4040 facile
2980 3985 3103 4039 licet
3130 3995 3403 4054 praestare,

1811 4088 1857 4142 si
1888 4085 2047 4141 modo
2076 4101 2142 4141 ex
2171 4086 2351 4138 animo
2380 4083 2511 4136 iram
2540 4080 2835 4145 deleamus,
2863 4078 3046 4147 eisque
3075 4078 3162 4147 qui
3192 4090 3291 4131 nos
3319 4078 3403 4129 iii-

1805 4178 1945 4250 juria
1976 4177 2232 4241 laeserint,
2263 4175 2472 4230 sincere
2498 4173 2847 4228 dimittamus.
2878 4171 3019 4224 Deus
3044 4179 3222 4223 autem
3262 4173 3405 4239 pacis

1811 4280 1867 4327 et
1893 4269 2131 4327 caritatis
2156 4282 2373 4323 omnem
2416 4264 2676 4330 furorem,
2708 4272 2757 4318 et
2786 4261 3150 4321 acerbitatem,
3183 4268 3236 4315 et
3272 4259 3404 4313 iram

1811 4380 1875 4419 ex
1905 4366 2080 4417 anima
2106 4375 2288 4417 nostra
2314 4359 2675 4415 exterminans
2700 4357 2853 4411 nobis
2872 4355 3145 4425 largiatur,
3177 4361 3233 4407 iit
3253 4352 3403 4424 juxta

1812 4454 2177 4511 membrorum
2205 4452 2450 4507 ordinem
2480 4452 2618 4505 inter
2658 4463 2756 4503 nos
2786 4461 3031 4516 nexuque
3065 4445 3285 4499 lirmiter
3306 4458 3402 4498 eo-

1814 4544 1997 4615 pulati,
2031 4543 2372 4609 unanimiter,
2417 4556 2527 4596 uno
2564 4554 2661 4594 ore
2685 4552 2897 4607 unaque
2922 4536 3120 4599 anima,
3151 4542 3410 4604 perpetuo

1810 4638 2099 4707 gratiarum
2146 4634 2370 4691 actionis
2413 4631 2643 4704 hymnos
2684 4628 2784 4699 ipsi
2836 4626 3046 4681 debitos
3095 4626 3405 4689 olferainus,
3454 4642 3457 4643 ν

1809 4732 2059 4801 quoniam
2106 4728 2205 4798 ipsi
2247 4726 2415 4799 gloria
2457 4733 2511 4781 et
2541 4722 2844 4795 imperium,
2880 4719 2933 4774 in
2959 4716 3153 4774 saecula
3180 4714 3410 4771 saeculo-

1812 4838 1950 4877 ruui.
1982 4822 2172 4876 Anicii.
