3964 6342
526 279 629 337 187

1209 274 1268 329 S.
1309 273 1598 330 JOANNIS
1635 272 2133 331 CIIRYSOSTOMI
2172 272 2494 331 ABCHIEP.
2533 272 3079 337 CONSTAN'I‘INOP.

3678 275 3773 330 188

543 402 3753 444 Wm

1394 600 1746 662 MONITUM
1777 599 1876 659 AD
1905 598 2100 659 DUAS
2128 597 2495 659 HOMILIAS
2525 598 2604 659 IN
2641 598 2866 659 ILLUD
2891 646 2907 675 ,

596 770 675 827 Ex
704 770 856 828 hisce
886 769 1104 827 duabus
1131 768 1373 825 bomiliis
1398 770 1486 824 vix
1522 769 1823 841 quidquam
1858 781 2054 826 eruere
2091 783 2407 840 possumus,
2447 768 2592 825 unde
2627 783 2739 839 quo
2785 767 2985 823 habitat
3019 775 3266 839 tempore
3296 768 3500 827 fuerint
3537 775 3755 846 expiscc

524 902 691 955 mur;
726 886 832 943 hoc
858 900 1029 941 unum
1076 893 1161 940 sat
1190 882 1459 955 probabili
1490 882 1803 954 conjectura
1847 882 1969 938 fulti
2012 883 2269 950 dicimus,
2303 885 2563 953 nimirum
2613 882 2911 940 verisimile
2940 898 3061 941 esse
3087 887 3209 944 illas
3233 888 3533 949 Antiochia
3565 894 3775 951 habitas

526 1008 717 1063 fuisse.
746 1002 959 1060 Etenim
995 1002 1145 1059 illum
1174 1003 1229 1059 in
1262 1001 1590 1060 sacerdotali
1622 1000 1802 1057 adhuc
1836 1001 2028 1059 ordine
2067 1000 2240 1058 fuisse
2273 1003 2430 1073 argui
2470 1002 2684 1059 videtur
2719 1016 2787 1058 ex
2830 1001 2896 1058 iis
2930 1017 3053 1074 quae
3080 1002 3149 1059 de
3187 1005 3564 1065 sacerdotibus
3595 1010 3774 1077 istius,

526 1118 582 1173 in
616 1134 724 1190 qua
756 1118 1004 1191 degebat,
1028 1119 1183 1175 urbis
1210 1120 1419 1190 aliquot
1446 1120 1498 1175 in
1535 1118 1671 1175 locis
1700 1118 1814 1187 ait;
1850 1118 2090 1174 maxime
2116 1133 2247 1175 vero
2272 1118 2329 1175 in
2360 1120 2601 1177 secunda
2639 1120 2885 1187 humilia,
2919 1136 3074 1178 num.
3100 1123 3155 1187 5,
3196 1122 3289 1178 ubi
3334 1125 3615 1181 auditores
3659 1141 3752 1181 car

527 1250 685 1305 tiens,
715 1234 861 1306 quod
898 1233 1118 1305 quidam
1144 1248 1334 1290 eorum
1370 1233 1425 1289 in
1451 1232 1765 1289 sacerdotes
1795 1232 1992 1303 probra
2022 1241 2080 1289 et
2112 1234 2362 1289 convicia
2397 1233 2642 1304 iacerent
2666 1274 2682 1300 ,
2723 1235 2817 1289 alii
2858 1250 2992 1290 vero
3031 1239 3145 1290 haec
3168 1235 3448 1291 audiemes
3479 1237 3772 1292 maledicos

529 1350 658 1405 illos
691 1364 800 1405 non
827 1357 1259 1420 compescerent,
1291 1348 1421 1403 talia
1446 1347 1631 1402 fatur:
1664 1344 1807 1413 Quid
1840 1347 1953 1403 illis
1989 1348 2152 1418 fuerit
2193 1349 2422 1414 beatius,
2462 1351 2590 1420 quid
2623 1360 2797 1404 autem
2823 1348 2973 1405 nobis
3017 1352 3260 1405 miserius
3281 1353 3307 1407 .’
3348 1350 3776 1423 Quandoquidem

526 1462 612 1517 illi
636 1464 944 1533 sanguinem
972 1470 1023 1516 et
1051 1463 1286 1516 animam
1312 1478 1408 1533 pro
1440 1462 1847 1531 prteceptoribus
1882 1463 2297 1535 profundebant,
2325 1480 2420 1518 nos
2455 1473 2631 1518 autem
2664 1480 2829 1535 neque
2854 1464 3063 1518 verbum
3091 1481 3186 1534 pro
3217 1465 3575 1519 communibus
3605 1467 3776 1536 patri-

529 1582 647 1643 bus,
679 1580 819 1650 ὐπὲρ
856 1576 965 1631 τῶν
997 1575 1190 1631 κοινῶν
1222 1575 1492 1649 πατέρων,
1518 1579 1756 1631 emittere
1781 1579 2061 1646 audemus,
2097 1596 2126 1634 s

2224 1595 2345 1634 cum
2387 1579 2670 1633 audiamus
2709 1580 2784 1632 eis
2830 1578 3075 1632 maledici
3113 1588 3162 1632 et
3198 1578 3444 1634 conviciis
3481 1593 3569 1632 eos
3616 1578 3777 1632 debo-

528 1693 725 1747 rtestari
751 1703 803 1746 et
829 1708 861 1746 α
892 1693 1003 1747 suis
1030 1700 1083 1746 st
1115 1692 1182 1746 ab
1208 1693 1419 1761 alienis,
1452 1693 1739 1748 maledicos
1762 1709 1926 1764 neque
1951 1693 2349 1763 compescimus,
2384 1708 2546 1763 neque
2578 1692 3027 1762 reprehendimus,
3069 1707 3232 1761 neque
3268 1691 3630 1762 prohibemus.
3658 1691 3777 1746 Haec

531 1818 680 1863 certe
707 1824 817 1864 non
842 1809 1099 1865 videntur
1124 1825 1251 1866 esse
1277 1810 1422 1867 dicta
1452 1811 1837 1884 Chrysostomi
1860 1811 1971 1884 jam
2003 1812 2243 1883 episcopi
2272 1808 2861 1880 Constantinopolitani
2896 1827 2909 1862 :
2938 1824 3114 1879 neque
3141 1810 3287 1865 enim
3317 1810 3406 1865 ille
3432 1809 3543 1881 jam
3567 1808 3777 1877 episco-

528 1940 633 1997 pus
661 1929 969 1987 sacerdotes
990 1928 1138 1994 illos,
1174 1928 1266 2000 qui
1304 1927 1565 1985 conviciis
1598 1927 2019 1999 impetebantur,
2063 1942 2380 1983 communes
2422 1934 2605 1997 patres
2646 1925 3008 1997 appellasset;
3061 1922 3170 1978 veri
3219 1931 3399 1978 autem
3430 1922 3671 1979 similius
3702 1933 3781 1979 est

530 2052 679 2108 eum,
705 2056 832 2100 eum
864 2043 1109 2100 seniores
1142 2041 1401 2101 Ecclesia
1434 2040 1790 2096 Antiochense
1818 2040 2130 2096 sacerdotes
2164 2042 2381 2112 probris
2411 2050 2668 2096 oneratos
2709 2046 2993 2103 cerneret,
3016 2035 3237 2093 eosdem
3277 2045 3492 2108 patrum
3537 2038 3662 2094 loco
3690 2039 3783 2093 lia-

1913 2356 2023 2427 IN
2069 2357 2414 2444 ILLUD,

742 2528 1067 2574 SALUTATB
1110 2527 1482 2573 PRISC‘ILLAM
1526 2527 1607 2572 ετ
1649 2526 1930 2581 ΑρυιιΑυ
1979 2507 2126 2589 (Ro

2256 2507 2355 2569 16.
2398 2506 2515 2588 3),
2551 2526 2632 2568 nr
2674 2526 2818 2579 qua:
2858 2526 3277 2586 SIQUUNI'UI,
3318 2527 3530 2574 cunno
3563 2529 3611 2573 ι.

1808 2670 2101 2684 ἡ

590 2774 640 2828 Ι.
672 2771 738 2827 In
759 2771 1027 2842 Scriptura
1052 2772 1182 2827 nihil
1195 2772 1529 2843 superfluum.
1557 2768 1704 2826 Unde
1737 2770 1950 2826 luet-eses
1970 2781 2105 2824 nata:

518 2876 656 2920 sunt.
684 2896 753 2905 —-
784 2865 973 2920 Multos
1021 2865 1254 2920 arbitror
1307 2880 1372 2920 ex
1421 2864 1577 2919 vobis
1624 2865 1810 2919 mirari
1864 2864 2109 2919 lectionis

521 2958 832 3029 apostolica:
861 2959 1033 3013 locum
1059 2959 1239 3021 istum,
1281 2957 1364 3012 vel
1411 2957 1589 3027 potius
1634 2958 1810 3011 minus
1856 2972 2108 3012 necessu-

517 3051 650 3103 riam
671 3064 735 3104 ac
754 3063 1204 3118 supervacaneam
1222 3048 1420 3102 ducere
1440 3057 1644 3118 partem
1669 3048 1823 3103 istam
1846 3049 2108 3118 epistolar,

520 3141 663 3210 quod
707 3141 1054 3196 salutationes
1107 3150 1312 3195 tantum
1365 3139 1674 3210 frequentes
1709 3139 1901 3194 habeat
1921 3154 1984 3194 ac
2010 3140 2110 3193 sibi

522 3233 751 3288 invicem
802 3232 1171 3288 succedentes.
1204 3234 1374 3298 Quam
1404 3230 1475 3288 ob
1519 3246 1735 3287 causam
1766 3241 1819 3286 ct
1856 3231 1972 3302 ipse
2012 3230 2110 3285 bo-

518 3324 706 3378 dierno
755 3324 843 3379 die
890 3340 1107 3379 cursum
1149 3324 1406 3379 orationis
1454 3323 1561 3378 alio
1614 3322 1859 3390 ﬂectens,
1912 3324 1981 3379 ab
2021 3324 2111 3379 illo

517 3413 789 3484 digressus
815 3424 1131 3484 argumento
1157 3414 1224 3469 ad
1274 3415 1375 3469 hoc
1402 3415 1669 3470 divertere
1696 3430 1815 3469 sum
1868 3424 2107 3486 paratus,

520 3514 577 3559 ut
608 3506 658 3558 in
689 3506 858 3559 sacris
886 3505 1171 3575 Scripturis
1196 3505 1327 3560 nihil
1376 3521 1829 3575 supervacaneum
1859 3521 1979 3561 esse
2022 3507 2105 3559 in-

520 3594 768 3666 telligatis
815 3604 871 3650 et
923 3611 1028 3651 non
1082 3596 1465 3662 necessarium,
1526 3597 1638 3652 sive
1688 3614 1847 3651 unum
1891 3597 1996 3653 iota
2019 3599 2107 3662 sit,

523 3687 639 3742 sive
664 3704 798 3757 apex
826 3704 978 3754 unus,
1008 3688 1117 3742 imo
1146 3689 1305 3743 etiam
1332 3688 1561 3758 simplex
1585 3689 1837 3743 salutatio
1857 3705 2107 3760 magnum

520 3780 677 3833 nobis
726 3780 944 3849 pelagus
996 3780 1175 3850 aperit
1202 3781 1610 3835 sententiarum.
1635 3780 1772 3848 Quid
1800 3780 1944 3845 dico,
1975 3780 2075 3834 sim
2095 3810 2108 3820 -

521 3870 643 3939 plex
668 3870 956 3926 salutatio?
980 3870 1136 3940 Saepe
1169 3872 1253 3925 vel
1304 3871 1474 3926 litera:
1503 3871 1659 3926 unius
1702 3873 1939 3927 accessio
1970 3872 2107 3925 inte-

520 3977 673 4031 grum
719 3978 908 4032 agmen
955 3964 1343 4019 sententiarum
1390 3965 1617 4019 invexit.
1673 3964 1848 4035 Atque
1891 3964 1994 4019 hoc
2053 3964 2105 4019 in

520 4053 739 4109 nomine
765 4052 995 4108 Abralnr
1026 4053 1210 4121 videre
1231 4054 1373 4109 licet.
1402 4056 1484 4108 An
1514 4068 1619 4109 non
1645 4054 1787 4108 enim
1817 4054 2106 4110 absurdum

517 4154 601 4200 est
622 4160 743 4200 eum
775 4144 1012 4214 quidem,
1043 4146 1131 4215 qui
1160 4145 1438 4215 epistolam
1483 4144 1753 4216 acceperit
1792 4146 1861 4200 ab
1907 4147 2103 4213 amico,

519 4251 628 4290 non
648 4250 843 4305 corpus
873 4244 1074 4292 tantum
1101 4236 1343 4305 epistolae
1371 4236 1572 4307 legere,
1600 4237 1695 4294 sed
1720 4239 1881 4293 etiam
1908 4237 1961 4292 in
2002 4241 2106 4293 line

519 4327 747 4398 positam
775 4328 1169 4392 salutationem,
1199 4337 1358 4398 atque
1390 4328 1513 4385 inde
1557 4330 1789 4385 maxime
1828 4332 2105 4401 scriptoris

517 4416 762 4472 allectum
790 4419 1055 4488 conjicere
1074 4459 1090 4483 ,
1120 4434 1242 4474 cum
1274 4435 1402 4474 vero
1428 4421 1627 4475 scribat
1656 4420 1871 4489 Paulus,
1896 4424 1977 4477 vel
2005 4440 2103 4494 pn-

515 4510 621 4566 tius
641 4527 747 4565 non
777 4510 992 4577 Paulus,
1022 4511 1117 4566 sed
1161 4512 1388 4582 Spiritus
1432 4514 1602 4584 gratia
1630 4514 1795 4569 dictet
1821 4516 2102 4585 epistolam

512 4602 581 4657 ad
622 4603 878 4673 integram
908 4603 1177 4658 civitatem
1229 4619 1293 4659 ac
1320 4614 1521 4660 tantum
1576 4607 1850 4676 populum,
1906 4617 1961 4663 et
2008 4623 2103 4677 per

513 4696 637 4752 ilics
658 4696 777 4750 orbi
800 4706 1060 4751 terrarum
1109 4695 1381 4764 universo,
1413 4711 1872 4767 supervacaneum
1900 4697 2102 4768 aliquid

510 4803 724 4853 eorum,
746 4804 867 4859 qua:
889 4788 942 4842 in
973 4803 1037 4843 ea
1067 4797 1211 4854 sunt,
1242 4789 1493 4845 arbitrari
1539 4806 1711 4861 eaque
1740 4790 2103 4862 perfunctorie

510 4895 847 4951 percurrere,
877 4896 1049 4951 neque
1074 4882 1311 4951 cogitare
1364 4882 1503 4938 hanc
1554 4884 1624 4938 ob
1667 4898 1882 4938 causam
1922 4885 2099 4939 omnia

509 4985 707 5041 susque
739 4973 913 5043 deque
959 4972 1134 5027 verti?
1165 4973 1274 5027 Hoc
1320 4976 1463 5028 enim
1491 4984 1591 5038 est,
1621 4974 1723 5029 line
1748 4976 1927 5045 plane,
1956 4977 2099 5047 quod

510 5077 759 5134 magnam
788 5065 1164 5135 negligentiam
1193 5064 1346 5119 nobis
1391 5079 1456 5119 ac
1502 5076 1770 5135 torporem
1802 5067 2095 5137 ingenerat,

509 5156 651 5224 quod
683 5170 788 5210 non
836 5172 1023 5211 mnnes
1066 5156 1370 5226 Scripturas
1414 5157 1672 5227 legamus,
1720 5158 1815 5213 sed
1868 5174 1931 5214 ea
1979 5176 2099 5229 ane

513 5261 797 5302 censemus
841 5246 1151 5303 dilucidiora
1199 5249 1510 5319 seligamns,
1542 5259 1859 5304 cmterorum
1899 5251 2097 5305 nullam

511 5337 772 5392 rationem
823 5335 1132 5394 habeamus.
1167 5341 1279 5395 Hoc
1306 5340 1464 5395 etiam
1521 5340 1755 5397 bmrese’s
1783 5343 2094 5408 introduxit,

508 5431 650 5500 quod
682 5441 850 5485 totum
876 5447 1070 5502 corpus
1110 5434 1341 5489 nolimus
1384 5434 1677 5505 perlegere,
1730 5435 1977 5507 quodque
2003 5453 2095 5491 sn-

509 5522 768 5592 pcriluum
825 5524 1021 5593 aliquid
1072 5540 1192 5580 esse
1232 5527 1513 5596 minusque
1565 5528 1920 5583 necessarium
1951 5531 2094 5584 arbi-

510 5626 733 5670 tremur.
762 5613 1050 5685 Propterea
1080 5631 1177 5672 nos
1200 5617 1252 5671 in
1281 5617 1383 5672 alia
1407 5617 1621 5688 quidem
1652 5619 1829 5673 omnia
1860 5620 2094 5676 studium

506 5721 665 5763 autne
690 5706 1053 5779 conferimus,
1094 5723 1200 5765 non
1229 5708 1282 5763 in
1330 5710 1595 5781 superﬂua
1628 5721 1852 5779 tantum,
1897 5714 1991 5768 sed
2038 5725 2091 5769 ct

2108 2648 2525 2701 (ξω-.-

2220 2767 2274 2822 in
2304 2781 2367 2821 ea
2387 2782 2505 2838 quae
2534 2764 2739 2820 inutilia
2764 2772 2889 2818 sunt
2907 2772 2964 2818 et
2984 2763 3142 2819 noxia
3166 2780 3180 2818 :
3209 2762 3606 2834 Scripturarunt
3631 2774 3805 2819 autem

2222 2860 2407 2929 peritia
2440 2858 2723 2929 negligitur
2741 2872 2803 2911 ac
2829 2856 3141 2925 despicitur.
3175 2856 3349 2927 Atque
3378 2856 3452 2910 illi
3476 2856 3696 2927 quidem
3716 2858 3804 2927 qui

2185 2952 2530 3007 certaminis
2585 2965 2844 3021 equorum
2897 2948 3199 3020 spectacula
3233 2948 3300 3004 ad
3342 2957 3619 3019 stuporem
3646 2964 3809 3019 usque

2217 3046 2496 3108 mirantur,
2520 3052 2803 3107 etnomen,
2821 3050 2875 3097 et
2888 3056 3124 3111 gregem,
3145 3049 3402 3113 etgenus,
3415 3050 3470 3096 et
3492 3042 3741 3111 patriam,
3758 3052 3811 3097 et

2216 3135 2585 3191 educationem
2607 3149 2865 3203 equorum
2893 3132 3304 3203 diligentissime
3330 3141 3554 3203 possunt
3581 3132 3806 3195 referre,

2215 3237 2375 3299 atque
2414 3242 2584 3282 annos
2624 3228 2765 3293 vitae,
2796 3240 3089 3296 cursusque
3119 3225 3537 3292 vehementiam,
3586 3236 3644 3282 et
3694 3228 3811 3297 quis

2215 3337 2336 3377 cum
2367 3337 2474 3393 quo
2498 3323 2542 3377 si
2590 3320 2750 3375 fuerit
2772 3321 3071 3391 copulatus,
3094 3319 3375 3375 victoriam
3413 3319 3733 3391 reportabit,
3759 3327 3810 3374 et

2213 3415 2335 3485 quis
2364 3429 2533 3483 equus
2572 3430 2638 3468 ex
2670 3412 2752 3468 bis
2777 3412 2860 3468 vel
2912 3411 3013 3467 illis
3042 3412 3273 3467 emissus
3298 3412 3631 3477 carceribus,
3676 3420 3734 3465 et
3778 3426 3809 3464 a

2213 3521 2321 3575 quo
2345 3507 2390 3561 si
2416 3506 2679 3575 agitatore
2703 3514 2939 3575 regatur,
2971 3503 3149 3558 vincet
3179 3504 3231 3557 in
3253 3518 3435 3570 cursu,
3464 3511 3520 3558 et
3554 3502 3809 3557 adversa-

2213 3597 2350 3650 rium
2400 3596 2700 3651 antecedet.
2739 3594 2821 3649 Ilii
2852 3595 3012 3650 etiam
3061 3592 3152 3664 qui
3184 3593 3554 3649 saltationibus
3598 3602 3809 3658 vacant,

2214 3688 2383 3742 nihilo
2410 3688 2671 3743 minorem
2702 3701 2859 3759 quam
2906 3686 3020 3753 isti,
3051 3684 3145 3739 sed
3175 3693 3233 3739 et
3256 3683 3516 3753 majorem
3537 3700 3666 3754 erga
3694 3684 3810 3738 iilos

2212 3780 2303 3848 qui
2332 3778 2384 3833 in
2418 3778 2639 3833 theatris
2692 3776 2945 3832 indecore
2974 3791 3034 3830 se
3062 3786 3274 3846 gerunt,
3314 3775 3575 3830 insaniam
3604 3791 3719 3844 pne
3753 3788 3810 3827 se

2212 3870 2409 3934 ierunt,
2460 3870 2653 3926 mimos
2699 3869 2822 3924 dico
2872 3877 2926 3923 et
2975 3867 3353 3934 saltatriculae,
3389 3866 3517 3923 dum
3551 3876 3608 3922 et
3641 3881 3810 3937 genus

2213 3965 2445 4033 ipsarum
2475 3972 2529 4018 et
2564 3963 2790 4033 patriam
2836 3970 2891 4017 et
2930 3960 3305 4016 educationem
3353 3971 3410 4017 et
3461 3961 3563 4015 alia
3617 3970 3809 4016 cuncta

2209 4064 2680 4113 commemorant:
2708 4070 2810 4111 nos
2834 4063 3012 4110 autem
3059 4055 3106 4109 si
3136 4054 3544 4125 interrogemur,
3583 4064 3715 4124 quot
3759 4063 3812 4107 et

2209 4166 2331 4221 qua:
2355 4150 2505 4204 Pauli
2528 4149 2636 4203 sint
2654 4146 2919 4218 epistolae,
2951 4161 3019 4202 ne
3043 4161 3326 4202 numerum
3354 4144 3572 4216 quidem
3604 4146 3810 4201 scimus

2209 4241 2533 4313 exprimere.
2565 4239 2719 4307 Quod
2742 4238 2787 4294 si
2816 4238 2926 4295 sint
2953 4236 3194 4293 nonnulli
3211 4237 3301 4308 qui
3323 4252 3608 4293 numerum
3638 4253 3810 4293 nove-

2208 4339 2334 4398 rint,
2360 4346 2605 4405 qutenam
2638 4341 2820 4387 tamen
2865 4331 3029 4387 urbes
3056 4330 3311 4400 epistolas
3364 4331 3699 4399 acceperint,
3763 4332 3812 4387 si

2208 4425 2622 4494 interrogentur,
2655 4422 2781 4494 quid
2809 4422 2879 4478 sit
2925 4421 3360 4492 respondendum
3406 4422 3679 4492 ignorant.
3717 4425 3811 4477 Αι-

2206 4533 2312 4589 que
2342 4516 2504 4572 homo
2550 4515 2767 4586 quidem
2794 4512 3071 4571 eunuchus
3116 4522 3172 4569 et
3206 4513 3472 4569 barbarus
3509 4512 3809 4568 innumeris

2205 4610 2351 4666 curis
2410 4610 2745 4680 negotiisque
2796 4606 3084 4662 distractus
3137 4605 3472 4671 innumeris,
3526 4604 3598 4659 ita
3657 4604 3811 4660 libris

2204 4702 2394 4756 allixus
2432 4710 2570 4768 erat,
2624 4709 2684 4755 ut
2726 4714 2795 4755 ne
2840 4698 3049 4753 itineris
3084 4697 3301 4768 quidem
3349 4707 3591 4766 tempore
3638 4697 3809 4751 inter-

2203 4797 2525 4866 quiescerct,
2553 4793 2649 4850 sed
2675 4794 2730 4848 in
2768 4808 2937 4849 curru
2992 4791 3186 4848 sedens
3231 4790 3543 4861 diligentem
3582 4789 3809 4846 lcetioni

2205 4888 2497 4957 Scriptum
2552 4901 2772 4958 operam
2822 4885 2978 4941 daret
3026 4883 3176 4956 (Act.
3216 4881 3273 4937 8.
3314 4881 3407 4937 27.
3450 4881 3629 4953 seqq.)
3666 4897 3811 4937 :nos

2203 4989 2383 5036 autem
2421 4980 2513 5051 qui
2542 4995 2610 5035 ne
2634 4978 2853 5033 minima
2878 4976 3093 5048 quidem
3125 4983 3275 5045 parte
3315 4973 3458 5028 illius
3495 4975 3811 5043 occupati"-

2202 5087 2331 5127 num
2362 5084 2633 5140 urgemur,
2656 5067 2741 5123 vel
2767 5067 2898 5137 ipsis
2924 5065 3228 5121 nominibus
3251 5062 3600 5132 epistolarum
3630 5072 3808 5117 terre-

2199 5177 2341 5227 mur,
2370 5160 2529 5231 idque
2561 5174 2683 5214 cum
2723 5157 2944 5227 singulis
2972 5155 3163 5210 diebus
3191 5152 3474 5208 dominicis
3513 5152 3620 5206 huc
3677 5168 3811 5208 con-

2202 5252 2506 5315 veniamus,
2551 5258 2605 5304 et
2647 5247 2814 5304 sacris
2847 5244 3164 5301 lectionibus
3191 5241 3475 5298 audiendis
3518 5255 3806 5297 vacemus.

2202 5343 2397 5399 Verum
2438 5342 2581 5397 enim
2629 5354 2760 5395 vero
2787 5354 2856 5393 ne
2887 5338 2939 5393 in
2974 5337 3142 5392 solam
3172 5333 3655 5405 reprehensionem
3686 5338 3810 5389 ser-

2200 5451 2413 5490 monem
2461 5433 2853 5503 impendamus,
2905 5445 3003 5502 age
3055 5429 3431 5485 salutationem
3461 5428 3659 5497 ipsam,
3689 5443 3810 5498 qua

2198 5539 2593 5597 supervacanea
2622 5524 2833 5579 videtur
2860 5535 2980 5577 esse
3021 5530 3183 5590 atque
3220 5518 3544 5589 importuna,
3593 5517 3655 5572 in
3689 5533 3806 5573 me.

2198 5618 2345 5674 dium
2388 5616 2736 5671 adducamus.
2788 5613 2844 5670 Si
2899 5614 3042 5668 enim
3094 5610 3417 5682 explicetur,
3476 5621 3531 5665 et
3594 5610 3808 5664 utilitas

2197 5711 2532 5778 ostendatur,
2563 5723 2720 5781 quam
2748 5707 2885 5779 parit
2917 5706 2983 5764 iis.
3024 5706 3115 5779 qui
3142 5704 3428 5777 diligenter
3447 5705 3806 5771 attenderint,
