3964 6342
284 353 381 405 187

1014 353 1082 409 ΙΝ
1124 354 1352 425 lLLUD,
1400 356 1769 414 SALUTATE
1808 359 2223 421 PRISCILLAM
2262 366 2349 421 ET
2389 368 2721 438 AQUILAM.
2761 373 2804 427 l.

3430 386 3533 444 188

3290 534 3520 546 ’.κα-*αμα-

1208 660 1597 724 SALUTATE
1632 665 2082 728 PRISCILLAM
2117 670 2213 729 ET
2243 671 2603 743 AQUILAM.

279 824 488 887 buisse,
515 824 705 895 sicque
740 825 1060 897 appellasse.
1085 828 1142 884 lu
1172 829 1323 885 bisce
1358 845 1522 900 porro
1554 830 1765 886 duabus
1799 832 2036 888 homiliis
2067 834 2117 888 id
2160 836 2533 899 demonstrare
2580 845 2774 901 nititur
2816 848 3259 925 Cbrysostomus,
3294 860 3441 929 quod
3470 872 3524 916 et

280 936 409 990 alibi
453 936 787 1009 frequenter,
819 940 1080 996 nimirum
1133 942 1539 1013 inscriptiones.
1592 945 1816 1000 nomina
1859 950 2113 1019 prOpria,
2162 951 2537 1023 salutationes,
2582 959 2829 1033 aliasque
2878 972 3227 1035 quantumvis
3273 973 3530 1029 minimas

278 1060 575 1129 Scriptura:
602 1074 771 1115 sacrm
796 1061 1111 1131 particulas,
1152 1078 1257 1118 non
1289 1079 1743 1136 supervacaneas,
1774 1067 1869 1123 sed
1894 1069 2177 1139 diligenter
2216 1074 2571 1131 excutiendas
2618 1091 2778 1134 esse:
2815 1088 2942 1136 cum
2989 1098 3121 1139 vero
3150 1084 3531 1157 inscriptiones

275 1185 328 1231 et
362 1178 586 1232 nomina
602 1190 997 1236 commemorat
1016 1182 1173 1237 initio
1200 1184 1455 1239 secundm
1470 1185 1679 1252 dicens,
1697 1181 1841 1257 'Apa

1944 1187 2101 1243 ἀθετε
2131 1192 2227 1247 καὶ
2259 1193 2600 1266 ἐπιγραφὰς,
2625 1197 2720 1250 καὶ
2747 1200 3011 1271 ὀνόματα,
3043 1203 3137 1256 καῖ
3170 1204 3332 1275 ψιλὰς
3369 1224 3528 1281 περι-

275 1294 608 1367 εργάζεσθαι
640 1299 994 1370 προσρήσεις,
1038 1298 1184 1354 Num
1228 1301 1490 1356 didicistis
1543 1311 1594 1358 et
1640 1304 1841 1376 inscrip

1944 1322 2031 1376 res,
2064 1318 2113 1363 et
2142 1311 2379 1381 nomina,
2410 1323 2460 1368 et
2483 1315 2749 1386 simplices
2781 1317 3129 1375 salutationes
3170 1318 3447 1394 ditigenter
3471 1324 3528 1378 in

272 1410 571 1481 Scripturis
610 1414 959 1481 excutienda;
1003 1430 1151 1485 cum,
1195 1418 1445 1491 inquam,
1488 1420 1896 1493 inscriptiones,
1943 1433 1998 1480 et
2042 1426 2287 1494 nomina,
2335 1429 2390 1486 id
2438 1440 2556 1499 est,
2592 1433 2815 1489 nomina
2858 1436 3077 1507 propria
3116 1451 3527 1510 commemorat,

274 1531 622 1588 subindicare
650 1548 878 1603 prorsus
907 1534 1123 1592 videtur
1156 1545 1389 1608 quatuor
1418 1538 1708 1610 Homilias,
1746 1558 1885 1614 quas
1916 1542 1985 1600 de
2016 1545 2371 1619 inscriptione
2403 1549 2635 1606 Actuum
2670 1552 2846 1623 deque
2873 1555 2994 1611 aliis
3025 1553 3323 1627 Scriptura:
3360 1571 3531 1616 sacrae

273 1654 748 1725 inscriptionibus,
782 1672 997 1714 necnon
1030 1669 1264 1730 quatuor
1286 1662 1423 1719 alias
1446 1678 1584 1734 quas
1604 1664 1673 1721 de
1702 1666 2044 1737 nominibus,
2072 1684 2137 1725 ac
2163 1671 2232 1726 de
2256 1673 2538 1729 nominum
2576 1674 2875 1731 mutatione
2911 1672 3213 1734 Antibehiaz
3245 1679 3525 1736 habuerat.

278 1766 435 1824 Unde
457 1768 619 1825 etiam
644 1773 855 1829 eruitur
879 1774 1045 1831 hasce
1071 1776 1211 1834 duas
1237 1778 1494 1837 homilias
1519 1782 1828 1840 Antiochiae
1853 1785 2069 1843 habitas
2097 1786 2269 1845 fuisse
2299 1809 2313 1845 :
2348 1804 2499 1859 nam,
2536 1800 2597 1847 ut
2624 1792 2816 1864 liquet,
2846 1795 3097 1851 eumdem
3127 1796 3215 1851 ille
3241 1784 3525 1868 populum,

273 1885 365 1953 qui
393 1898 719 1944 memoratas
746 1891 993 1946 audierat
1020 1893 1302 1965 bomilias,
1340 1900 1662 1971 alloquitur.

341 1994 550 2059 Prioris
590 2006 829 2064 bomiliae
864 2009 1241 2082 interpretatio
1283 2013 1476 2071 Latina
1506 2027 1588 2075 est
1617 2017 1910 2077 Frontonis
1940 2022 2140 2087 Dueaei,
2174 2024 2491 2094 posterioris
2542 2044 2673 2084 vero
2713 2029 3047 2100 Sigismundi
3084 2031 3315 2100 Gelenii,
3361 2048 3524 2103 quam

275 2117 463 2174 multis
502 2119 559 2174 in
591 2120 730 2177 locis
760 2124 1170 2196 castigavimus.

285 2339 3502 2377 _______.____________________________________________

1567 2481 1717 2555 “79]
1762 2490 1936 2578 ΕΙΣ
1988 2494 2141 2578 ΤΟ

828 2778 848 2813 ι
868 2763 1257 2822 Ἀσπάσασθε
1297 2766 1677 2834 Πρίσκιλλαν
1723 2765 1820 2818 καὶ
1871 2766 2139 2829 Ἀκύλαν,
2156 2788 2175 2822 ι
2202 2767 2300 2820 καὶ
2352 2769 2423 2823 τὰ
2451 2767 2615 2838 ἑξῆς,
2641 2772 2822 2841 λόγος
2843 2780 2914 2827 a".

322 3125 395 3175 α’.
418 3116 655 3182 Πολλοὺς
680 3118 835 3191 ὑμῶν
863 3117 1015 3188 οἶμαι
1045 3119 1347 3192 θαυμάζειν
1375 3121 1467 3173 ἐπὶ
1493 3120 1593 3192 τὴν
1624 3137 1844 3193 περικο-

246 3204 363 3272 πὴν
396 3204 497 3275 τῆς
519 3204 888 3276 ἀποστολικῆς
913 3205 1276 3274 ἀναγνώσεως
1303 3206 1527 3276 ταύτης,
1566 3205 1843 3277 μᾶλλονδέ

247 3288 533 3357 πάρεργον
556 3288 810 3357 ἡγεῖσθαι
827 3290 922 3342 καὶ
949 3290 1202 3360 περιττὸν
1230 3290 1388 3343 τοῦτο
1420 3292 1522 3361 τῆς
1553 3291 1843 3360 ἐπιπολῆς

243 3371 309 3423 τὸ
336 3371 524 3441 μέρος,
553 3371 639 3425 διὰ
665 3372 727 3426 τὸ
759 3375 1091 3446 προσρήσεις
1128 3373 1270 3444 ἔχειν
1306 3375 1463 3445 μόνον
1486 3377 1728 3445 συνεχεῖς
1749 3374 1843 3427 καὶ

247 3455 616 3526 ἐπαλλήλους.
647 3457 738 3510 Διὸ
775 3458 838 3528 δὴ
872 3459 965 3511 καὶ
1005 3457 1167 3520 αὐτὸς
1192 3459 1428 3529 ἑτέρωσε
1465 3460 1703 3530 τήμερον
1733 3458 1844 3529 ὼρ·

247 3539 519 3610 μημένος,
566 3541 809 3605 ἀποστάς
840 3542 1057 3612 ἐκείνης
1096 3542 1196 3612 τῆς
1242 3541 1571 3604 ὑποθέσεως,
1603 3544 1682 3605 εἰς
1713 3541 1843 3596 ταύ-

242 3639 348 3693 την
382 3623 631 3677 καθεῖναι
676 3625 1195 3695 παρασκευάζομαι,
1225 3624 1313 3676 ἵνα
1354 3623 1585 3695 μάθητε,
1622 3626 1703 3677 ὃτι
1733 3623 1843 3677 τῶν

242 3704 413 3760 θείων
451 3706 683 3779 Γραφῶν
712 3708 865 3760 οὐδὲν
899 3706 1175 3779 περιττὸν,
1198 3706 1351 3759 οὐδὲν
1391 3707 1669 3777 πάρεργόν
1702 3708 1838 3771 ἐστι,

240 3792 352 3847 κᾶν
391 3792 523 3847 ἰῶτα
544 3793 621 3860 ἐν,
655 3794 757 3848 κᾶν
792 3793 891 3863 μία
922 3794 1122 3864 κεραία
1152 3791 1211 3867 ᾖ,
1233 3792 1368 3846 ἀλλὰ
1397 3794 1491 3846 καὶ
1516 3794 1643 3863 ψιλὴ
1673 3794 1843 3864 πρόσ-

242 3892 414 3946 ρησις
439 3877 575 3931 πολὺ
607 3876 844 3945 πέλαγος
885 3879 1021 3947 ἡμῖν
1054 3876 1260 3945 ἀνοίγει
1294 3877 1600 3946 νοημάτων.
1637 3878 1748 3929 Καὶ
1787 3877 1840 3929 τί

237 3959 412 4029 λέγω,
447 3959 580 4031 ψιλὴ
608 3960 952 4032 πρόσρησις;
982 3959 1250 4024 Πολλάκις
1275 3959 1368 4013 καὶ
1409 3959 1526 4023 ἐνὸς
1576 3962 1840 4029 στοιχείου

240 4042 539 4113 προσθήκη
575 4042 870 4113 ὁλόκληρον
926 4043 1214 4114 νοημάτων
1269 4044 1533 4112 εἰσήγαγε
1590 4042 1838 4113 δύναμιν.

240 4122 354 4178 Καὶ
400 4124 565 4178 τοῦτο
602 4125 695 4177 ἐπὶ
721 4126 821 4196 τῆς
854 4126 946 4179 τοῦ
991 4126 1242 4199 Ἀϐραὰμ
1287 4125 1662 4196 προσηγορίας
1694 4125 1841 4179 ἔστιν

241 4210 403 4264 ἰδεῖν.
431 4211 560 4274 Πῶς
594 4209 707 4282 γὰρ
742 4212 841 4264 οὐκ
868 4210 1069 4265 ἄτοπον
1121 4210 1273 4282 παρά
1308 4210 1462 4279 φίλου
1497 4211 1593 4280 μὲν
1623 4213 1841 4262 ἐπιστο-

236 4293 341 4364 λήν
378 4293 688 4364 δεχόμενον,
728 4292 803 4366 μὴ
831 4295 891 4347 τὸ
931 4294 1090 4366 σῶμα
1125 4295 1227 4364 τῆς
1258 4294 1548 4363 ἐπιστώεῆς
1575 4292 1842 4362 ἀναγινώ-

239 4392 400 4429 σκειν
431 4377 613 4447 μόνον,
646 4377 780 4430 ἀλλὰ
805 4378 899 4431 καὶ
920 4379 1020 4447 τὴν
1047 4377 1199 4431 κάτω
1221 4377 1479 4447 κειμένην
1513 4377 1837 4448 πρόσρησιν,

236 4460 508 4516 κάκεῖθεν
547 4461 782 4533 μάλιστα
815 4462 1173 4533 στοχάζεσθαι
1224 4462 1325 4531 τήν
1368 4461 1462 4514 τοῦ
1501 4462 1842 4531 γεγραφότος

235 4546 510 4609 διάθεσιν,
563 4547 776 4601 Παύλου
828 4547 885 4601 δέ
926 4548 1248 4617 γράφοντος,
1304 4544 1502 4615 μᾶλλον
1539 4544 1596 4597 δὲ
1636 4544 1696 4597 ού
1744 4542 1840 4597 τοῦ

236 4630 490 4692 Παύλου,
526 4630 663 4684 ἀλλά
699 4631 801 4701 τῆς
828 4630 922 4684 τοῦ
958 4630 1276 4701 Πνεύματος
1327 4630 1550 4700 χάριτος
1587 4629 1689 4698 τὴν
1721 4629 1843 4679 ἐπι-

238 4713 448 4785 στολὴν
506 4714 955 4785 ύπαγορευούσης
1014 4714 1292 4786 ὁλοκλήρῳ
1334 4713 1487 4765 πόλει
1550 4712 1643 4765 καὶ
1685 4711 1845 4782 δήμῳ

233 4798 512 4867 τοσούτῳ,
547 4800 641 4852 καὶ
674 4799 741 4851 δι’
770 4798 995 4854 ἐκείνων
1040 4801 1108 4870 τῇ
1151 4799 1444 4870 οἰκουμένῃ
1474 4796 1648 4867 πάσῃ,
1685 4794 1842 4866 νομί-

236 4882 364 4947 ζειν
392 4881 651 4952 περιττόν
677 4900 731 4934 τι
761 4877 901 4936 εἴναι
956 4881 1065 4935 τῶν
1113 4881 1469 4951 ἐγκειμένων,
1525 4880 1620 4933 καὶ
1668 4896 1844 4948 παρα-

236 4964 469 5034 τρέχειν
504 4964 712 5029 ἀπλῶς,
754 4965 851 5017 καὶ
883 4964 957 5035 μὴ
997 4967 1217 5028 ἐννοεῖν,
1253 4966 1335 5017 ὅτι
1364 4963 1536 5016 ταῦτα
1569 4962 1746 5015 πάντα
1774 4960 1845 5013 τὰ

238 5050 363 5101 ἄνω
394 5048 547 5101 κάτω
585 5048 891 5120 πεποίηκε;
922 5047 1093 5101 Τοῦτο
1122 5049 1233 5118 γάρ
1263 5050 1401 5110 ἐστι,
1442 5047 1622 5111 τοῦτο,
1653 5044 1681 5097 ὃ
1714 5045 1841 5098 πολ-

237 5131 350 5200 λῆς
388 5128 664 5200 ῥᾳθυμίας
711 5133 859 5202 ἡμᾶς
901 5131 1188 5202 ἐνέπλησε,
1219 5131 1280 5183 τὸ
1320 5132 1393 5201 μὴ
1420 5130 1600 5191 πάσας
1631 5128 1843 5180 ἐπιέναι

237 5217 347 5280 τὰς
373 5218 621 5288 Γραφάς,
655 5217 768 5271 ἀλλ’
802 5217 837 5272 ἀ
870 5216 1160 5289 νομίζομεν
1189 5214 1327 5269 εἶναι
1354 5214 1683 5284 σαφέστερα,
1710 5211 1844 5265 ταῦ-

238 5318 315 5354 τα
351 5302 907 5373 ἐκλεγομένους,οτῶν
932 5302 1109 5356 ἄλλων
1140 5300 1342 5371 μηδένα
1369 5296 1638 5351 ποιεῖσθαι
1660 5294 1839 5362 λόγον.

239 5384 427 5439 Τοῦτο
456 5388 553 5439 καὶ
596 5386 695 5451 τὰς
742 5387 983 5457 αἱρέσεις
1030 5386 1312 5457 εἰσήγαγε,
1342 5383 1402 5437 τὸ
1442 5382 1515 5453 μὴ
1559 5376 1844 5449 βούλεσθαι

244 5471 404 5523 ἆπαν
429 5468 644 5522 ἐπιέναι
671 5470 732 5523 τὸ
760 5470 939 5541 σῶμα,
972 5471 1033 5524 τὸ
1062 5469 1302 5540 νομίζειν
1340 5462 1479 5519 εἷναί
1507 5482 1558 5517 τι
1592 5462 1844 5534 περιττὸν

247 5554 355 5607 καὶ
398 5555 695 5624 πάρεργον.
729 5555 829 5607 Διά
855 5555 1016 5608 τοῦτο
1059 5554 1128 5607 τὰ
1163 5554 1260 5624 μὲν
1292 5551 1425 5607 ἄλλα
1458 5550 1672 5603 ἅπαντα
1711 5547 1845 5616 ἡμῖν

247 5637 700 5703 διεσπούδασται,
727 5637 849 5709 οὐχὶ
880 5638 949 5691 τά
993 5637 1222 5709 περιττά
1269 5636 1449 5705 μόνον,
1478 5631 1614 5685 ἀλλά
1652 5628 1840 5682 καὶτὰ

242 5720 490 5791 ἀνόνητα
519 5721 615 5776 καὶ
664 5722 933 5791 βλαϐερά·
964 5722 1072 5775 τῶν
1119 5719 1353 5792 Γραφῶν
1385 5718 1441 5770 δέ
1494 5718 1527 5787 ή
1577 5715 1840 5786 ἐμπειρία

236 5802 527 5880 ἠμέληται
561 5806 655 5859 καὶ
689 5806 1009 5877 παρῶπται·
1046 5805 1141 5858 καὶ
1169 5806 1217 5858 οἱ
1252 5805 1349 5876 μὲν
1397 5802 1530 5873 πρὲς
1571 5799 1667 5872 τὴν
1709 5799 1839 5852 θεω-

568 5904 844 5969 Punon.
877 5902 997 5969 Gn.
1038 5901 1139 5964 LI.

1868 2969 1937 2980 -ι

1949 3124 2069 3193 ρίαν
2096 3122 2198 3193 τῆς
2236 3121 2346 3176 τῶν
2379 3122 2560 3180 ἵππων
2607 3127 2840 3199 ἁμίλλης
2894 3126 3238 3198 ἐπτοημένοι,
3285 3130 3379 3180 καὶ
3416 3128 3535 3182 ὁνὸ-

1950 3222 2113 3275 ματα,
2139 3206 2232 3259 καὶ
2261 3206 2486 3279 ἀγέλην,
2534 3211 2629 3264 καὶ
2652 3211 2830 3279 γένος,
2855 3213 2950 3265 καὶ⁵
2977 3210 3233 3281 πατρίδα,
3268 3212 3363 3264 καὶ
3397 3214 3533 3267 ἀνα-

1944 3288 2149 3359 τροφὴν
2188 3289 2297 3342 τῶν
2331 3290 2512 3344 ἵππων
2558 3292 2774 3364 ἔχουσιν
2833 3296 3007 3348 εἰπεῖν
3063 3296 3203 3363 μετά
3245 3295 3535 3365 ἀκριϐείας

1947 3371 2184 3442 ἁπάσης,
2211 3373 2303 3425 καὶ
2334 3372 2427 3444 ἐτη
2460 3375 2624 3447 ζωῆς,
2673 3377 2770 3430 καὶ
2814 3378 3096 3446 ἐνεργείας
3150 3378 3388 3448 δρόμων,
3439 3380 3534 3435 καὶ

1944 3457 2029 3519 τίς
2078 3456 2183 3508 τίνι
2237 3459 2662 3529 συνταττόμενος
2702 3462 2802 3531 τὴν
2836 3460 2992 3531 νίκην
3050 3462 3381 3532 ἀρπάσεται,
3436 3464 3532 3517 καὶ

1945 3543 2099 3603 ποῖος
2145 3542 2311 3605 ἵππος
2353 3543 2418 3595 ἐκ
2463 3543 2624 3607 ποίας
2676 3545 2900 3614 ἀφεθεὶς
2946 3545 3215 3614 βαλϐῖδος,
3271 3547 3367 3598 καὶ
3410 3546 3534 3598 τίνα

1944 3624 2082 3695 ἔχων
2114 3626 2347 3695 ἡνίοχον,
2382 3627 2666 3697 περιέσται
2693 3628 2785 3681 τοῦ
2804 3629 3027 3700 δρόμου,
3048 3630 3142 3682 καὶ
3164 3630 3253 3682 τὸν
3284 3629 3533 3700 ἀντίτεχ-

1943 3730 2032 3765 νον
2066 3712 2530 3783 παραδραμεῖται.
2580 3708 2692 3766 Καὶ
2729 3715 2778 3766 oi
2826 3714 2955 3784 περί
2987 3713 3084 3783 τὴν
3119 3714 3430 3785 ὀρχήστραν
3476 3715 3533 3768 δέ

1942 3793 2321 3865 ἐσχολακὸτες,
2354 3794 2454 3846 οὐκ
2502 3795 2708 3848 ἐλάττω
2753 3795 2977 3859 τούτων,
3021 3796 3157 3850 ἀλλά
3213 3797 3308 3849 καὶ
3363 3796 3534 3850 πλείω

1946 3878 2140 3948 μανίαν
2164 3876 2315 3948 [175]
2337 3879 2466 3949 περὶ
2491 3878 2618 3940 τοὺς
2645 3881 2703 3931 ἐν
2727 3881 2842 3943 τοῖς
2875 3879 3124 3950 θεάτροις
3158 3879 3534 3950 ἀσχημονοῦν-

1942 3978 2040 4025 τας
2063 3963 2482 4025 ἐπιδείκνυνται,
2522 3963 2723 4033 μίμους
2749 3963 2894 4030 λέγω
2919 3964 3015 4017 καὶ⁵
3046 3962 3400 4034 ὁρχηστρίας,
3439 3963 3534 4015 καὶ

1942 4047 2098 4114 γένος
2126 4045 2328 4108 αὐτῶν,
2369 4046 2463 4098 καὶ
2498 4046 2754 4117 πατρίδα,
2804 4048 2901 4100 καὶ
2944 4047 3279 4117 ἀνατροφὴν,
3314 4044 3408 4098 καὶ
3463 4046 3533 4099 τὰ

1942 4129 2079 4182 ἄλλα
2121 4130 2300 4182 πάντα
2354 4129 2780 4197 καταλέγοντες’
2839 4131 3001 4199 ἡμεῖς
3053 4129 3111 4181 δὲ
3163 4126 3530 4198 ἐρωτώμενοι,

1942 4212 2156 4273 ὁπόσαι,
2180 4213 2273 4265 καὶ
2298 4212 2444 4275 τίνες
2477 4214 2613 4265 εἰσὶν
2635 4215 2690 4267 αί
2720 4213 2935 4267 Παύλου
2965 4213 3267 4277 ἐπιστολαὶ,
3296 4213 3416 4266 ούδέ
3441 4212 3534 4265 τὸν

1943 4294 2174 4367 ἀριθμὸν
2210 4295 2366 4364 ἴσμεν
2405 4296 2597 4349 εἰπεῖν.
2634 4297 2697 4348 El
2743 4296 2800 4348 δέ
2838 4313 2982 4359 τινες
3011 4296 3107 4350 καὶ
3141 4291 3251 4349 εἷεν
3291 4295 3383 4348 τὸν
3411 4295 3535 4365 ἀρι-

1947 4377 2081 4446 θμὸν
2116 4377 2489 4445 ἐπιστάμενοι,
2521 4378 2656 4431 ἀλλὰ
2687 4377 2785 4441 τὰς
2813 4379 3013 4441 πόλεις,
3049 4379 3105 4432 αἳ
3124 4379 3220 4441 τὰς
3242 4377 3533 4439 ἐπιστολὰς

1944 4462 2209 4527 ἐδέξαντο,
2260 4460 2465 4524 ταύτας
2520 4461 2864 4533 ἐρωτώμενοι
2899 4463 3218 4538 διαποροῦσι
3265 4463 3401 4534 πρὸς
3432 4462 3533 4532 τὴν

1944 4544 2230 4616 ἐρώτησιν.
2258 4543 2369 4597 Καὶ
2390 4544 2675 4615 ἄνθρωπος
2700 4545 2799 4616 μὲν
2830 4544 3083 4615 εὐνοῦχος
3112 4547 3205 4597 καὶ
3233 4545 3529 4617 βάρϐαρος,

1946 4629 2173 4700 μυρίαις
2207 4628 2484 4699 φροντίσιν
2518 4628 2622 4681 ὑπὸ
2669 4629 2879 4699 μυρίων
2932 4628 3222 4698 ἑλκόμενος
3268 4629 3533 4698 πραγμὰσ

1943 4730 2071 4777 των,
2110 4712 2251 4764 οὓτω
2284 4711 2607 4782 προσέκειτο
2661 4712 2903 4781 βιϐλίοις,
2940 4711 3016 4774 ὡς
3062 4711 3194 4781 μηδὲ
3243 4710 3383 4766 κατά
3437 4710 3532 4763 τὸν

1944 4794 2138 4865 καιρὸν
2168 4795 2266 4865 τῆς
2299 4795 2610 4863 ὁδοιπορίας
2641 4792 2956 4864 ἡσυχάζειν.
2995 4794 3110 4847 ἀλλ’
3142 4796 3229 4847 ἐπ’
3252 4796 3530 4863 ὀχήματος

1944 4878 2275 4946 καθήμενος,
2311 4877 2595 4945 ἐγκεῖσθαι
2626 4877 2774 4950 μείιεά⁸
2791 4876 2995 4946 πολλῆς
3019 4877 3119 4947 τῆς
3143 4878 3433 4946 ἀκριϐείας
3457 4880 3533 4950 τῇ

1943 4960 2055 5014 τῶν
2077 4960 2237 5013 θείων
2268 4960 2499 5032 Γραφῶν
2526 4948 2831 5027 ἀναγνώσει
2854 4976 2867 4990 °
2901 4961 3063 5030 ἡμεῖς
3087 4960 3143 5014 δὲ
3167 4960 3290 5014 οὐδὲ
3311 4960 3374 5013 τὸ
3400 4948 3532 5013 πολ-λ

1945 5042 2133 5096 λοστὸν
2171 5042 2337 5114 μέρος
2382 5044 2480 5113 τῆς
2510 5043 2767 5113 ἀσχολίας
2789 5042 3004 5113 ἔχοντες
3022 5044 3121 5113 τῆς
3160 5043 3394 5109 ἐκείνου,
3434 5046 3531 5097 καὶ

1946 5128 2083 5199 πρὸς
2132 5127 2201 5180 τὰ
2244 5128 2485 5198 ὀνόματα
2519 5129 2629 5181 τῶν
2683 5127 2986 5180 ἐπιστολῶν
3038 5125 3379 5196 ξενιζόμεθα,
3434 5128 3531 5182 καὶ

1944 5210 2116 5264 ταῦτα
2145 5210 2264 5262 καθ’
2286 5210 2523 5281 ἑκάστην
2550 5210 2820 5280 κυριακὴν
2847 5208 3083 5263 ἐνταῦθα
3122 5210 3529 5279 συλλεγόμενοι.

1946 5294 2038 5347 καὶ
2068 5293 2217 5356 θείας
2244 5292 2609 5357 ἀπολαύοντες
2637 5294 2973 5364 ἀκροάσεως.
3026 5294 3185 5347 ’Λλλά
3203 5295 3310 5365 γὰρ
3338 5295 3423 5346 ἵνα
3454 5293 3529 5363 μὴ

1949 5376 2108 5445 μόνον
2148 5378 2226 5437 είς
2256 5375 2576 5445 ἐπιτίμησιν
2609 5377 2698 5429 τὸν
2747 5375 2904 5445 λόγον
2953 5376 3344 5448 ἀναλώσωμεν,
3371 5374 3529 5444 φέρε,

1945 5459 2043 5530 τὴν
2075 5459 2381 5530 πρόσρησιν
2408 5459 2579 5530 αὐτὴν
2620 5459 2717 5531 τήν
2764 5460 3027 5515 δοκοῦσαν
3081 5458 3219 5515 εἶναι
3266 5458 3533 5529 περιττὴν

1946 5546 2039 5597 καὶ
2073 5544 2442 5614 παρενοχλεῖν,
2478 5546 2557 5607 είς
2585 5545 2747 5614 μέσον
2790 5545 3107 5614 ἀγάγωμεν.
3154 5545 3525 5595 Ἀναπτυσσο-

1950 5628 2119 5698 μένης
2156 5626 2265 5697 γὰρ
2297 5626 2466 5696 αὐτῆς
2504 5628 2599 5680 καὶ
2632 5626 2982 5697 δεικνυμένου
3007 5626 3102 5679 τοῦ
3148 5624 3375 5695 κέρδους
3402 5626 3529 5679 ὅσον

1944 5712 2172 5781 παρέχει
2201 5712 2314 5773 τοῖς
2344 5711 2700 5781 προσέχουσιν
2730 5710 2866 5781 αὐτῇ
2899 5710 3034 5779 μετά
3064 5708 3370 5779 ἀκριϐείας,
3404 5710 3526 5764 τότε

1947 5793 2147 5866 μείζων
2180 5793 2328 5848 ἔσται
2359 5792 2660 5866 κατηγορία
2684 5795 2798 5857 τοῖς
2826 5792 3084 5858 ἀμελοῦσι
3112 5791 3382 5846 τοσούτων
3428 5792 3526 5861 ος·-

3111 5891 3187 5955 12
