3964 6342
369 246 470 307 189

374 366 593 438 σαυρῶν
614 407 628 432 ,
673 367 767 421 καὶ
799 378 890 423 τον
940 372 1310 443 πνευματικὸν
1347 375 1457 429 ἀπὸ
1493 376 1602 430 τῶν
1635 378 1834 449 χειρῶν
1863 377 1947 447 pi-

374 483 565 519 πτουσι
593 466 841 522 πλοῦτον.
874 468 970 534 Τίς
997 464 1091 524 οῦν
1121 473 1271 526 ἐστιν
1302 475 1334 544 ή
1363 475 1699 548 πρόσρησιςς
1743 478 1954 532 Ἀσπά-

372 560 560 628 ζεσθε,
591 565 745 635 φησι,
770 565 1152 632 Πρίσκιλλαν
1177 570 1277 624 καὶ
1313 571 1564 626 Ἀκύλαν
1582 573 1723 639 τοὺς
1746 588 1956 643 συνερ-

369 660 516 726 γούς
539 678 658 729 μου
689 662 758 715 ἐν
795 665 1008 733 Κυρίῳ.
1051 661 1198 736 ’Ἄρα
1243 669 1303 721 οὐ
1333 669 1483 723 δοκεῖ
1512 671 1641 744 ψιλή
1698 689 1782 736 τις
1814 669 1953 726 εἶναι

370 755 696 829 πρόσρησις,
718 761 811 814 καὶ
842 763 1008 834 μηδὲν
1039 767 1206 835 μέγα,
1225 768 1361 839 μηδὲ
1377 773 1624 838 γενναῖον
1643 774 1772 843 ἡμῖν
1785 772 1921 825 ἐνδεί
1935 801 1953 813 -

372 854 600 909 κνυσθαι
618 874 632 923 ;
653 857 788 930 Φέρε
806 854 920 924 οῦν,
937 861 1018 926 είς
1036 863 1208 935 αὐτὴν
1232 865 1400 936 μόνην
1415 867 1635 923 ἃπασαν
1659 870 1756 941 τὴν
1779 870 1953 925 διάλε-

371 949 454 1017 ξιν
473 951 858 1024 ἀναλώσωμεν,
881 959 1082 1027 μᾶλλον
1098 961 1154 1014 δέ
1169 963 1289 1016 οὐδὲ
1311 965 1343 1017 ἀ
1351 961 1616 1037 ρκέσομεν
1635 969 1870 1039 σήμερον
1886 970 1955 1024 τά

368 1047 498 1117 δγκε
509 1047 667 1119 ίμενα
683 1052 897 1108 ἅπαντα
910 1059 1022 1122 τοῖς
1037 1059 1238 1129 ὀλίγοις
1258 1063 1470 1130 τούτοις
1499 1069 1738 1138 ῥήμασιν
1763 1070 1850 1123 ἀνι
1858 1070 1955 1140 μή·

372 1149 568 1204 σασθαι
595 1153 997 1223 σπουδάσαντες
1026 1160 1154 1230 ὑμῖν
1177 1163 1267 1234 νοή
1277 1181 1440 1234 ματα,
1459 1166 1596 1222 ἀλλά
1619 1169 1829 1241 ἀνάγκη
1859 1168 1955 1223 καὶ

370 1246 454 1310 είς
486 1247 679 1321 ἑτέραν
697 1251 824 1322 ὑμῖν
862 1254 1076 1327 ἡμέραν
1101 1261 1463 1334 ταμιευθῆναι
1496 1267 1594 1336 τὴν
1616 1267 1722 1320 τῶν
1753 1267 1955 1340 θεωρη-

373 1344 562 1415 μάτων
616 1351 956 1419 περιουσίαν,
985 1353 1096 1408 τῶν
1125 1360 1460 1429 τικτομένων
1494 1363 1604 1417 ἀπὸ
1636 1365 1736 1436 τῆς
1768 1365 1954 1437 ὀλίγης

367 1440 575 1515 ταύτης
612 1449 985 1520 προσρήσεως.
1015 1453 1149 1508 Οὐδὲ
1173 1457 1282 1528 γάρ
1313 1451 1533 1513 ἃπασαν
1579 1463 1749 1536 αὐτὴν
1794 1464 1956 1518 ἐπελ-

369 1536 483 1592 θεῖν
515 1543 1025 1618 παρασκευάζομαι,
1061 1550 1198 1606 ἀλλά
1230 1553 1394 1626 μέρος
1431 1559 1602 1624 αὐτῆς
1641 1562 1734 1614 καὶ
1782 1561 1955 1633 ἀρχὴν

368 1637 466 1691 καὶ
499 1639 782 1712 προοίμιον
806 1644 997 1714 μόνον·
1042 1649 1425 1708 Ἀσπάσασθε
1458 1658 1837 1724 Πρίσκιλλαν
1858 1659 1956 1714 καὶ

381 1733 649 1793 Ἀκύλαν.

439 1830 506 1904 β’.
537 1837 758 1907 Πρῶτόν
797 1841 940 1895 ἐστιν
963 1842 1306 1918 ἐκπλαγῆναι
1336 1850 1428 1904 τοῦ
1461 1852 1672 1906 Παύλου
1703 1855 1800 1925 τὴν
1829 1856 1957 1928 ἀρε-

365 1928 484 2003 τὴν,
511 1933 592 1988 ὅτι
618 1937 716 2006 τὴν
746 1939 1071 2014 οἰκουμένην
1101 1945 1318 2002 ἃπασαν
1345 1951 1840 2024 ἐγκεχειρισμένος,
1865 1956 1955 2008 καὶ

365 2028 471 2101 γῆν
500 2033 592 2084 καὶ
627 2033 914 2106 θάλατταν,
965 2043 1057 2094 καὶ
1089 2043 1188 2108 τὰς
1217 2046 1306 2115 ὐφ’
1334 2047 1468 2118 ἡλίῳ
1495 2050 1680 2115 πόλεις
1715 2045 1952 2119 ἁπάσας,

366 2126 462 2179 καὶ
494 2127 825 2201 βαρϐάρους,
858 2138 952 2190 καὶ
988 2138 1278 2210 Ἕλληνας,
1312 2145 1407 2197 καὶ
1435 2145 1641 2217 δήμους
1665 2151 1956 2216 τοσούτους

366 2221 426 2276 ἐν
457 2224 636 2298 ἐαυτῷ
663 2232 996 2306 περιφέρων,
1027 2237 1145 2301 ἐνὸς
1171 2238 1364 2310 ἀνδρὸς
1397 2243 1492 2296 καὶ
1537 2247 1668 2314 μιᾶς
1695 2252 1954 2316 γυναικὸς

366 2321 638 2394 τοσαύτην
664 2327 900 2382 ἐποιεῖτο
925 2333 1182 2402 φροντίδα
1203 2351 1218 2367 ο
1251 2338 1344 2391 καὶ
1357 2339 1612 2411 δεύτερον
1639 2345 1798 2398 τοῦτο
1821 2346 1955 2400 θαυ-

368 2418 564 2490 μάται,
598 2422 715 2487 πῶς
758 2423 1036 2496 ἄγρυπνον
1087 2447 1144 2484 τε
1186 2435 1279 2486 καὶ
1314 2441 1807 2512 μεμεριμνημένην
1837 2439 1952 2516 εῐχε

366 2515 566 2588 ψυχὴν,
597 2520 720 2591 οὐχὶ
751 2526 903 2596 κοινῇ
938 2527 1156 2582 πάντων
1193 2531 1375 2600 μόνον,
1407 2535 1543 2590 ἀλλά
1572 2539 1664 2592 καὶ
1710 2542 1818 2614 ἰδίᾳ
1854 2561 1952 2614 με-

369 2629 476 2685 μνη
486 2615 644 2685 μένος
666 2619 895 2675 ἑκάστου
915 2623 1022 2679 τῶν
1043 2625 1280 2698 δοκίμων
1307 2633 1400 2686 καὶ
1420 2637 1701 2704 γενναίων.
1723 2640 1834 2695 Νῦν
1853 2643 1952 2713 μὲν

365 2709 477 2783 γὰρ
495 2713 646 2766 οὐδὲν
670 2715 980 2789 θαυμαστὸν
1007 2725 1130 2789 τούς
1159 2727 1268 2781 τῶν
1306 2730 1643 2804 Ἐκκλησιῶν
1668 2709 1950 2809 προεστῶ-

365 2825 466 2872 τας
487 2810 643 2864 τοῦτο
667 2819 858 2882 ποιεῖν,
888 2819 966 2890 τῷ
996 2823 1090 2874 καὶ
1129 2825 1254 2889 τοὺς
1288 2827 1552 2900 θορύϐους
1589 2838 1950 2893 κατεστάλθαι

367 2901 630 2970 ἐκείνους,
664 2909 757 2961 καὶ
783 2913 914 2980 μιᾶς
939 2913 1144 2980 πόλεως
1189 2921 1536 2994 ἀναδεδέχθαι
1566 2929 1822 2996 πρόνοιαν
1853 2933 1950 3002 μό-

365 3008 456 3044 νον
477 3009 491 3024 ο
512 2995 634 3048 τότε
673 2997 728 3051 δέ
747 3001 808 3052 οὐ
839 3002 900 3055 τὸ
922 3003 1031 3059 τῶν
1061 3009 1320 3065 κινδύνων
1349 3016 1578 3085 μέγεθος
1604 2995 1785 3090 μόνον,
1817 2995 1950 3076 ἀλλά

366 3085 461 3139 καὶ
487 3087 549 3140 τὸ
570 3090 668 3160 τῆς
687 3092 807 3146 ὁδοῦ
833 3093 1021 3169 διάστη
1031 3117 1127 3169 μα,
1158 3104 1332 3158 καὶτὸ
1360 3107 1468 3161 τών
1491 3085 1787 3182 φροντίδων
1811 3117 1952 3187 πλῆ-

367 3174 458 3240 θος
485 3180 578 3233 καὶ
625 3182 693 3236 τὰ
731 3185 1010 3257 ἐπάλληλα
1047 3191 1289 3262 κύματα,
1321 3199 1415 3250 καὶ
1458 3174 1547 3252 τδ’
1571 3203 1644 3273 μὴ
1713 3174 1952 3276 συνεχως

369 3271 573 3324 ἅπασιν
621 3275 1006 3349 ἐπιχωριάζειν
1035 3284 1141 3351 ἀεὶ,
1177 3290 1271 3341 καὶ
1316 3293 1487 3347 πολλὰ
1534 3297 1698 3369 ἐτερα
1732 3301 1952 3356 πλείονα

366 3362 592 3430 τούτων,
622 3367 789 3422 ἰκανά
815 3373 915 3441 τῆς
940 3376 1161 3448 μνήμης
1185 3381 1435 3437 ἐκϐαλεῖν
1469 3389 1561 3441 καὶ
1592 3391 1716 3454 τοὺς
1750 3395 1953 3467 σφόδρα

368 3455 725 3528 ἐπιτηδείους.
763 3462 903 3516 Ἀλλ’
927 3467 1026 3520 οὐκ
1052 3467 1273 3533 ἐξέϐαλε
1310 3476 1551 3543 τούτους.
1585 3481 1709 3547 Πῶς
1734 3455 1826 3539 οὖν
1855 3455 1955 3540 οὐκ

368 3545 769 3620 ἐξεϐλήθησανς
803 3557 902 3610 Διά
929 3559 1028 3628 τὴν
1051 3562 1144 3615 τοῦ
1164 3565 1377 3620 Παύλου
1408 3545 1834 3646 μεγαλοψυχίαν,
1861 3583 1954 3634 καὶ

368 3637 467 3708 τὴν
501 3639 710 3744 θερμὴν
747 3646 922 3744 αὐτοῦι
945 3653 1039 3704 καὶ
1089 3657 1321 3725 γνησίαν
1373 3637 1954 3744 ἀ-γάπηνίούτώγάρ

368 3729 567 3794 αὐτοὺς
601 3730 746 3804 εἶχεν
791 3739 849 3790 ἐν
899 3731 1128 3816 διανοίᾳ,
1169 3748 1246 3812 ὡς
1295 3752 1390 3806 καὶ
1428 3755 1486 3808 ἐν
1516 3758 1826 3825 ἐπιστολαῖς
1859 3767 1957 3817 αύ-

367 3822 478 3875 τῶν
511 3829 821 3900 μεμνῆσθαι
855 3831 1008 3908 [174]
1063 3839 1344 3908 πολλάκις.
1384 3847 1524 3901 Ἀλλ’
1574 3850 1771 3923 ἴδωμεν
1807 3822 1954 3920 τίνες

369 3918 464 3970 καὶ
495 3922 666 3976 ὁποῖοι
707 3919 844 3995 ἦσαν
870 3923 1036 3994 οὗτοι,
1072 3933 1122 3986 οί
1153 3935 1246 3988 τὸν
1281 3939 1492 3995 Παῦλον
1521 3943 1663 3997 οὕτω
1689 3953 1954 4019 χειρωσά-

372 4023 544 4076 μενοι,
574 4015 668 4064 καὶ
715 4017 850 4086 πρὸς
902 4021 994 4074 τὸν
1043 4025 1242 4079 οἰκεῖον
1294 4031 1732 4105 ἐπισπασάμενοι
1766 4042 1950 4098 πόθον.

367 4093 519 4172 τΑρα
545 4103 742 4160 ὕπατοί
768 4127 912 4176 τινες
937 4115 1030 4169 καὶ
1061 4125 1358 4193 στρατηγοὶ
1381 4121 1541 4196 ἦσαν,
1573 4131 1666 4183 καὶ
1697 4133 1950 4207 ὕπαρχοι,

369 4192 404 4264 ἢ
419 4195 585 4268 ἀλλην
594 4200 714 4254 τινὰ
730 4207 1087 4275 περιφάνειαν
1105 4192 1498 4294 κεκτημένοι,ἢ
1530 4192 1757 4280 πλοῦτον

369 4289 847 4364 περιϐεϐλημένοι,
885 4301 979 4353 και
1019 4301 1127 4356 τῶν
1162 4307 1258 4380 τὴν
1299 4311 1453 4365 πόλιν
1481 4289 1754 4385 άγόντων;
1788 4322 1954 4377 Οὐδὲν

367 4381 576 4437 τούτων
623 4387 770 4443 ἐστιν
796 4395 988 4458 εἰπεῖν,
1043 4397 1176 4452 ἀλλά
1210 4403 1521 4460 τούναντίον
1547 4407 1713 4479 ἆπαν,
1748 4422 1954 4489 πτωχοὶ

369 4478 466 4533 καὶ
503 4480 751 4575 πένητες,
783 4487 970 4540 καὶ¹ἐκ
1021 4489 1120 4562 τῆς
1153 4492 1263 4547 τῶν
1289 4499 1488 4569 χειρῶν
1516 4478 1779 4573 ἐργασίας
1818 4478 1954 4575 ζών-

367 4567 482 4634 τες.
515 4565 698 4627 Ἦσαν
726 4575 1033 4668 γὰρ,φησὶ,
1069 4565 1475 4662 σκηνοποιοῖτῇ
1509 4565 1672 4668 τέχνῃ
1693 4613 1706 4627 ·
1739 4565 1954 4658 καὶ-οὐκ

367 4661 633 4734 ᾐσχύνετο
675 4668 705 4718 ὁ
757 4667 990 4732 Παῦλος,
1015 4670 1136 4725 οὐδὲ
1164 4674 1366 4742 ὄνειδος
1394 4661 1532 4744 εἶναι
1559 4661 1778 4758 ἐνόμιζε
1806 4690 1958 4760 βασι-

369 4753 644 4829 λικωτάτῃ
693 4758 847 4813 πόλει
882 4762 976 4816 καὶ
1012 4762 1170 4836 δήμῳ
1196 4767 1341 4837 μέγα
1375 4753 1683 4845 φρονοῦντί,
1719 4753 1956 4839 κελεύων

368 4849 496 4910 τοὺς
522 4851 868 4923 χειροτέχνας
891 4855 1132 4921 ἐκείνους
1156 4860 1517 4931 ἀσπάζεσθαι,
1542 4869 1660 4924 οὐδὲ
1694 4875 1956 4948 καθυϐρί-

370 4939 491 5002 ζειν
519 4944 716 5008 αὐτοὺς
764 4949 950 5018 ἡγεῖτο
979 4954 1049 5023 τῇ
1107 4953 1244 5025 πρὸς
1276 4958 1518 5025 ἐκείνους
1558 4965 1741 5038 φιλία’
1784 4939 1959 5038 οὓτως

373 5029 446 5106 ἦν
494 5035 742 5101 ἅπαντας
797 5043 1180 5108 πεπαιδευκώς
1237 5049 1358 5102 τότε
1398 5029 1731 5126 φιλοσοφεῖν.
1765 5029 1958 5120 Καίτοί

372 5143 439 5196 γε
487 5129 648 5199 ἡμεῖς
702 5133 960 5199 πολλάκις
1006 5143 1289 5207 συγγενεῖς
1338 5143 1549 5214 ἔχοντες
1603 5154 1961 5224 πενεστέρους

371 5221 560 5292 ὀλίγῳ,
595 5225 695 5294 τῆς
730 5227 864 5296 πρὸς
895 5230 1091 5295 αὐτοὺς
1132 5235 1463 5308 οἰκειότητος
1503 5221 1956 5316 ἀλλοτριούμεθα,

374 5315 471 5368 καὶ
522 5309 723 5380 ὄνειδος
766 5315 907 5372 εἷναι
955 5324 1267 5396 νομίζομεν,
1295 5331 1342 5382 εἰ
1403 5309 1960 5407 φωραθείημέν-ποτε

374 5409 607 5475 ἐκείνοις
640 5413 1009 5484 προσήκοντες
1030 5437 1042 5449 ·
1079 5420 1108 5471 ὁ
1129 5421 1185 5474 δέ
1217 5423 1431 5488 Παῦλος
1471 5428 1566 5498 οὐχ
1594 5429 1785 5496 οὕτως,
1823 5433 1961 5488 άλλά

377 5500 474 5553 καὶ
529 5503 996 5570 ἐγκαλλωπίξεται
1026 5509 1104 5581 τῷ
1150 5515 1457 5586 πράγματι,
1495 5520 1587 5572 καὶ
1617 5520 1678 5574 οὐ
1704 5527 1815 5586 τοῖς
1842 5527 1960 5580 τότε

385 5591 566 5663 μόνον,
600 5595 736 5650 ἀλλὰ
769 5599 864 5651 καὶ
895 5603 1007 5665 τοῖς
1041 5605 1180 5674 μετὰ
1220 5607 1396 5661 ταῦτα
1429 5613 1562 5665 πᾶσι
1589 5613 1746 5684 δῆλον
1776 5618 1961 5689 ἐποίη-

381 5705 495 5754 σεν,
529 5691 608 5745 ὃτι
638 5695 718 5757 εἰς
762 5695 889 5760 τοὺς
919 5700 1169 5770 πρώτους
1203 5703 1351 5775 αὐτῷ
1380 5707 1479 5777 τὴν
1530 5708 1710 5777 φιλίαν
1745 5711 1960 5768 ἐτέλουν

1074 252 1130 308 3.
1173 255 1458 313 J'OANNIS
1499 261 1990 322 (IIIIHSOS'I‘OMI
2031 268 2348 327 ARCIIIEP.
2393 272 2937 329 (IONSTANTINOP.

3543 276 3646 331 190

2059 381 2254 439 ἐκεῖνοι
2279 387 2326 439 οῖ
2354 390 2686 459 σκηνοποιοί.
2715 390 2824 444 Καὶ
2860 390 2933 461 μή
2959 407 3055 460 μοι
3088 391 3291 462 λεγέτω
3322 410 3423 458 τις,
3453 393 3562 447 Καὶ
3592 393 3647 447 τί

2057 480 2166 551 γάρ
2197 483 2342 552 μέγα
2377 487 2472 538 καὶ
2501 485 2834 557 θαυμαστὸν,
2872 487 2967 540 καὶ
3004 489 3185 553 αὐτὸν,
3210 489 3316 542 ἀπὸ
3339 491 3438 560 τῆς
3473 489 3646 557 αὐτῆς

2057 578 2184 632 ὄντα
2217 581 2433 653 τέχνης,
2469 584 2545 655 μὴ
2588 585 3011 656 ἐπαισχύνεσθαι
3056 589 3168 649 τοῖς
3196 589 3545 658 όμοτέχνοιςς
3582 588 3649 639 Τί

2056 676 2263 744 λέγεις;
2295 681 2464 734 Τοῦτο
2501 681 2609 752 γὰρ
2658 683 2787 736 αὐτὸ
2834 683 3087 752 μέγιστόν
3116 686 3230 737 ἐστι
3290 685 3386 738 καὶ
3441 684 3648 755 θαυμα-

2059 775 2202 827 στόν.
2241 776 2314 828 Οὐ
2343 777 2451 848 γάρ
2479 777 2653 842 οὕτως
2689 781 2739 832 οἱ
2781 781 3060 852 προγόνων
3088 781 3302 851 ἔχοντες
3337 781 3511 834 εἰπεῖν
3558 799 3650 836 πε-

2060 872 2343 943 ριφάνειαν
2385 874 2805 945 ἐπαισχύνονται
2860 880 2974 940 τοῖς
3045 878 3514 968 καταδεεστέροις,
3571 879 3648 942 ὼς

2056 970 2104 1021 οἱ
2155 969 2435 1040 γενόμενοί
2493 990 2623 1026 ποτε
2680 965 2773 1026 ἐπῖ
2845 962 2944 1044 τῆς
2981 975 3152 1046 αὐτῆς
3191 975 3485 1038 εὐτελείας,
3527 969 3648 1027 εἶτα

2056 1064 2250 1138 ἀθρόον
2283 1069 2363 1131 είς
2413 1069 2777 1142 λαμπρότητά
2809 1089 2931 1126 τινα
2991 1075 3086 1126 καί
3117 1073 3473 1146 περιφάνειαν
3512 1074 3648 1126 ἀνα-

2058 1161 2270 1228 ϐάντες.
2309 1167 2429 1220 Ὅτι
2461 1167 2518 1220 δὲ
2553 1169 2767 1222 Παύλου
2801 1169 3180 1242 λαμπρότερον
3224 1171 3376 1225 οὐδὲν
3404 1166 3496 1242 ἦν,
3525 1169 3650 1224 οὐδέ

2057 1261 2538 1335 περιφανέστερον,
2566 1263 2703 1318 ἀλλά
2743 1266 2837 1319 καὶ
2871 1266 3051 1320 αὐτῶν
3095 1266 3204 1319 τῶν
3235 1267 3498 1337 βασιλέων
3527 1268 3650 1320 ἐπι-

2059 1358 2361 1430 σημότερος
2386 1356 2475 1432 ἦν,
2503 1362 2666 1415 παντί
2699 1379 2804 1416 που
2841 1363 2998 1435 δῆλόν
3021 1365 3188 1418 ἐστιν.
3227 1364 3284 1417 '0
3326 1365 3436 1436 γάρ
3456 1365 3649 1434 δαίμο-

2059 1471 2143 1507 σιν
2187 1454 2513 1522 ἐπιτάττων,
2558 1459 2652 1511 καὶ
2693 1460 2920 1530 νεκροὺς
2953 1459 3200 1530 ἐγείρων,
3231 1462 3327 1514 καὶ
3359 1459 3418 1524 ἐξ
3459 1461 3652 1512 ἐπιτά-

2058 1567 2268 1623 γματος
2289 1556 2382 1606 καὶ
2405 1554 2680 1625 πηρῶσαι,
2703 1556 2794 1609 καὶ
2813 1555 3147 1626 θεραπεῦσαι
3168 1555 3294 1619 τοὺς
3313 1556 3651 1626 πεπηρωμέο

2058 1665 2182 1712 νους
2225 1647 2542 1719 δυνάμενος,
2581 1645 2642 1705 οὗ
2678 1651 2748 1705 τά
2784 1652 2976 1722 ἱμάτια
3004 1653 3095 1705 καὶ
3115 1653 3171 1704 αι
3193 1652 3346 1706 σκιαὶ
3380 1650 3526 1706 ἅπαν
3562 1670 3650 1706 νου

2061 1746 2322 1818 σημάτων
2343 1743 2482 1812 εἶδος
2515 1747 2687 1813 ἔλυον,
2726 1747 2950 1819 εὔδηλον
2976 1749 3057 1804 ὅτι
3080 1749 3200 1802 οὐδέ
3223 1748 3512 1818 ἄνθρωπος
3541 1748 3650 1800 λοι-

2059 1839 2160 1892 πὸν
2193 1834 2332 1891 εἶναι
2358 1840 2657 1910 ἐνομίζετο,
2681 1839 2795 1894 ἀλλ’
2816 1841 3047 1910 ἄγγελός
3074 1858 3159 1903 τις
3200 1842 3259 1906 ἐξ
3291 1840 3522 1912 οὐρανοῦ
3557 1858 3652 1894 κα-

2055 1932 2248 1996 ταϐάς.
2287 1933 2424 1985 Ἀλλ’
2458 1935 2609 2004 ὅμως
2653 1933 2926 2004 τοσαύτης
2981 1934 3272 1988 ἀπολαύων
3321 1933 3500 2004 δόξης,
3556 1935 3651 1985 καὶ

2059 2024 2333 2095 πανταχοῦ
2385 2019 2830 2097 θαυμαζόμενος,
2868 2026 2963 2080 καὶ
3016 2015 3265 2096 ὅπουπερ
3321 2027 3387 2079 ἂν
3453 2027 3650 2094 φανείη

2057 2116 2268 2180 πάντας
2294 2117 2662 2188 ἐπιστρέφων,
2695 2118 2795 2170 οὐκ
2812 2117 3152 2190 ἐπῃσχύνετο
3179 2117 3272 2170 τὸν
3304 2117 3650 2186 σκηνοποιὺν,

2056 2207 2176 2261 οὐδέ
2199 2208 2551 2263 ἐλαττοῦσθαι
2575 2211 2792 2280 ἐνόμιζε
2814 2211 2940 2273 τοὺς
2960 2213 3018 2262 ἐν
3046 2211 3322 2272 τοσούτοις
3340 2207 3655 2278 ἀξιώμασιν

2055 2301 2234 2365 ὄντας.
2270 2303 2378 2355 Καὶ
2409 2302 2517 2374 γὰρ
2559 2303 2707 2365 εἰκὸς
2735 2305 2794 2355 ἐν
2814 2306 2881 2374 τῇ
2920 2302 3220 2372 Ἐκκλησία
3258 2305 3324 2373 τῇ
3361 2301 3654 2372 Ῥωμαίων

2057 2392 2283 2457 πολλοὺς
2326 2389 2468 2447 εἶναι
2513 2397 2857 2468 περιφανεῖς,
2889 2393 2983 2458 οὓς
3041 2393 3321 2464 ἠνάγκαζε
3347 2395 3472 2457 τούς
3505 2411 3654 2446 πτω-

2056 2485 2184 2552 χοὺς
2221 2484 2463 2548 ἐκείνους
2515 2486 2889 2540 ἀσπάσασθαι.
2922 2486 3077 2557 ’ῌδει
3132 2487 3263 2556 γὰρ,
3287 2486 3402 2556 ᾔδει
3440 2485 3650 2556 σαφῶς,

2053 2577 2137 2629 ὃτι
2183 2577 2463 2645 εὐγένειαν
2511 2579 2571 2630 οὐ
2615 2580 2848 2633 πλούτου
2894 2580 3242 2651 περιφάνεια,
3273 2580 3395 2632 οὐδὲ
3439 2582 3653 2650 χρημά-

2053 2685 2162 2721 των
2186 2670 2492 2740 περιουσία,
2528 2671 2666 2726 ἀλλά
2692 2673 2912 2742 τρόπων
2941 2673 3212 2724 ἐπιείκεια
3235 2673 3408 2724 ποιεῖν
3429 2671 3622 2723 εἴωθεν
3639 2690 3652 2700 ο

2053 2760 2128 2825 ὼς
2151 2761 2204 2814 οῖ
2229 2778 2292 2829 γε
2332 2761 2538 2832 ταύτης
2576 2763 2678 2834 μὲν
2708 2764 3169 2834 ἀπεστερημένοι.
3200 2763 3308 2815 ἀπὸ
3342 2762 3397 2814 δὲ
3422 2762 3524 2830 τῆς
3544 2761 3653 2813 τῶν

2054 2853 2463 2922 γεγεννηκότων
2481 2853 2677 2915 αὐτοὺς
2699 2852 2857 2923 δόξης
2883 2851 3437 2923 μεγαλοφρονοῦντες,
3459 2853 3646 2921 (avriga-

2055 2962 2108 2998 τι
2127 2944 2286 3014 μόνον
2312 2945 2590 3013 εὐγενείας
2618 2945 2780 3016 ψιλῷ,
2800 2946 2914 2999 ἀλλ’
2932 2946 3054 3016 οὐχί
3075 2946 3359 3016 πράγματι
3381 2944 3654 2998 καλλωπί-

2057 3036 2239 3100 ζονται
2257 3055 2270 3068 ·
2297 3037 2494 3107 μᾶλλον
2518 3038 2574 3090 δὲ
2598 3039 2729 3091 αὐτὸ
2741 3039 2801 3091 τὸ
2822 3038 2994 3108 ὄνομα
3025 3041 3277 3110 φωρᾶται
3300 3036 3584 3100 πολλάκις,
3605 3039 3654 3088 εἰ

2055 3147 2138 3192 τις
2156 3130 2245 3182 ἐπὶ
2273 3131 2398 3192 τοὺς
2421 3130 2678 3201 ἀνωτέρω
2697 3131 2995 3202 προγόνους
3011 3131 3118 3183 τῶν
3148 3129 3388 3199 εὐγενῶν
3415 3129 3654 3199 ἀναϐαίη

2056 3223 2280 3275 τούτων.
2319 3222 2424 3274 Τὸν
2445 3223 2550 3293 γὰρ
2593 3219 2866 3293 περιφανῆ
2900 3225 2995 3276 καὶ
3017 3222 3290 3294 λαμπρὸν,
3317 3223 3409 3276 καὶ
3442 3222 3656 3294 πατέρα

2057 3313 2248 3384 ἔχοντα
2274 3314 2546 3384 ἐπίσημον
2579 3318 2755 3368 εἰπεῖν
2787 3317 2881 3370 καὶ
2917 3317 3163 3380 πάππον,
3220 3317 3287 3370 ἂν
3324 3317 3465 3385 μετά
3497 3318 3647 3388 ἀκρι-

2057 3407 2211 3470 ϐείας
2244 3407 2529 3480 ἐξετάσῃς,
2555 3409 2812 3473 πολλάκις
2842 3411 3097 3482 εὑρήσεις
3120 3411 3443 3464 ἐπίπαππον
3463 3411 3659 3478 εὐτελῆ

2057 3516 2178 3553 τινα
2208 3501 2301 3554 καὶ
2329 3501 2614 3572 ἀνώνυμον
2642 3503 2916 3572 ἐσχηκότα
2939 3519 2950 3529 ·
2995 3502 3248 3572 καθάπερ
3271 3502 3381 3554 τῶν
3421 3503 3660 3555 εὐτελῶν

2059 3587 2196 3643 εἶναι
2233 3591 2532 3645 δοκούντων
2561 3593 2626 3645 ἂν
2657 3593 2808 3664 [175]
2849 3592 2909 3645 τ’)
2953 3592 3111 3660 γένος
3143 3592 3288 3646 ἆπαν
3337 3593 3660 3646 ἀναϐαίνονο

2057 3701 2149 3748 τες
2205 3683 2346 3736 κατά
2401 3684 2596 3755 μικρὸν
2655 3683 3157 3756 διερευνησώμεθα,
3225 3683 3509 3754 ὑπάρχους
3564 3688 3660 3738 καὶ

2061 3775 2399 3846 στρατηγοὺς
2427 3776 2734 3846 εὑρήσομεν
2757 3776 2936 3828 αὐτῶν
2956 3775 3220 3837 πολλάκις
3243 3777 3370 3838 τοὺς
3400 3777 3662 3847 ἀνωτέρω

2059 3867 2382 3939 προγόνους,
2422 3868 2516 3920 καὶ
2539 3870 2618 3930 είς
2669 3867 3042 3936 ἱπποφορϐοὺς
3080 3868 3174 3920 καὶ
3202 3866 3540 3936 συοφορϐοὐς
3570 3867 3663 3920 εὖ·

2062 3977 2143 4030 ροι
2175 3977 2258 4024 τις
2292 3958 2357 4013 ἂν
2383 3959 2804 4030 γεγενημένους.
2845 3961 3024 4030 ’Ἄπερ
3073 3955 3167 4010 οὖν
3205 3959 3420 4011 ἅπαντα
3448 3957 3662 4020 Παῦλος

2060 4052 2232 4116 εἰδὼς,
2269 4051 2473 4105 τούτων
2525 4052 2622 4122 μὲν
2651 4051 2711 4104 οὐ
2763 4049 2928 4104 πολὺν
2975 4051 3210 4103 ἐποιεῖτο
3256 4049 3435 4117 λόγον,
3482 4049 3660 4119 ψυχῆς

2058 4147 2112 4199 δὲ
2150 4146 2428 4213 εὐγένειαν
2457 4144 2660 4215 ἐζήτει,
2689 4146 2784 4198 καὶ
2809 4145 2936 4206 τοὺς
2962 4142 3156 4206 ἄλλους
3189 4141 3394 4212 ταύτην
3440 4142 3661 4211 θαυμά-

2061 4237 2174 4301 ζειν
2204 4237 2543 4307 ἐπαίδευσεν.
2577 4239 2650 4289 Οὐ
2687 4237 2884 4307 μικρὸν
2908 4232 3000 4288 οὖν
3045 4235 3203 4288 τοῦτο
3235 4236 3377 4299 τέως
3406 4234 3661 4288 ἐντεῦθεν

2058 4298 2538 4402 καρπούμεθα,.τὸ
2569 4298 2760 4400 μηδενὶ
2792 4298 2901 4382 τῶν
2955 4328 3352 4398 εὐτελεστέρων
3400 4331 3660 4399 ἐπαισχύι

2058 4423 2266 4486 νεσθαι,
2301 4424 2362 4474 τὸ
2409 4421 2586 4492 ψυχῆς
2635 4423 2838 4495 ἀρετήν
2886 4421 3186 4490 ἐπιζητεῖν,
3240 4421 3300 4474 τὸ
3353 4421 3532 4475 πάντα
3592 4424 3666 4476 τά

2059 4515 2260 4582 ἔξωθεν
2297 4517 2428 4586 ἡμῖν
2458 4513 2817 4585 περικείμενα
2841 4513 3071 4586 περιττά
3112 4509 3252 4566 εἶναι
3297 4513 3542 4584 νομίζειν
3567 4517 3663 4569 καὶ

2057 4609 2310 4678 ἀνόνητα.

2130 4711 2202 4774 γ’.
2223 4705 2376 4758 Ἐστι
2407 4705 2500 4758 καὶ
2529 4703 2715 4774 ἕτερον
2737 4702 2837 4756 οὐκ
2873 4702 3095 4758 ἔλαττον
3128 4703 3322 4755 τούτου
3355 4700 3666 4773 καρπώσαο

2063 4796 2187 4850 σθαι
2224 4795 2416 4866 κέρδος
2446 4794 2719 4857 ἐντεῦθεν,
2760 4796 2856 4847 καὶ
2897 4794 2925 4846 ὃ
2960 4794 3196 4863 μάλιστα
3237 4794 3454 4864 συνέχει
3494 4793 3663 4863 ἡμῶν

2060 4889 2158 4962 τὴν
2184 4889 2328 4958 ζωὴν
2361 4886 2726 4958 κατορθωθέν.
2747 4887 2812 4939 Τί
2835 4886 2891 4938 δὲ
2917 4886 3075 4939 τοῦτό
3107 4889 3221 4940 ἐστι
3243 4902 3258 4950 ;
3283 4885 3357 4938 Τὸ
3380 4886 3455 4956 μὴ
3483 4902 3662 4953 κατηιο

2062 4975 2246 5054 γορεῖν
2266 4980 2360 5034 τοῦ
2381 4980 2583 5060 γάμρυ,
2614 4979 2749 5050 μηδέ
2775 4978 3017 5050 νομίζειν
3040 4979 3356 5048 ἐμπόδισμα
3390 4973 3530 5031 εἶναι
3561 4979 3663 5030 καὶ

2066 5067 2294 5146 κώλυμα
2325 5073 2423 5144 τῆς
2462 5075 2542 5136 είς
2592 5071 2794 5144 ἀρετὴν
2848 5070 3119 5142 φερούσης
3151 5069 3294 5134 ὁδοῦ,
3322 5069 3385 5122 τὸ
3416 5071 3661 5137 γυναῖκα

2063 5168 2228 5238 ἔχειν,
2263 5167 2354 5220 καὶ
2390 5160 2584 5228 παῖδας
2626 5165 2868 5236 τρέφειν,
2910 5164 3005 5216 καὶ
3037 5163 3215 5225 οἰκίας
3261 5161 3658 5232 προΐστασθαι,

2064 5261 2156 5313 καὶ
2183 5259 2374 5329 τέχνην
2405 5257 2821 5328 μεταχειρίζειν.
2873 5248 3003 5309 Ἰδοὺ
3034 5255 3126 5308 καὶ
3161 5253 3396 5308 ἐνταῦθα
3426 5253 3572 5324 ἀνὴρ
3590 5249 3662 5324 ἦν

2064 5353 2158 5405 καὶ
2188 5350 2347 5422 γυνὴ,
2388 5349 2482 5402 καὶ¹
2513 5347 2891 5418 ἐργαστηρίων
2931 5347 3382 5417 προειστήκεσαν,
3417 5346 3512 5397 καὶ
3534 5345 3664 5415 τέχ-

2062 5457 2161 5509 νην
2191 5437 2643 5509 μετεχειρίζοντο,
2671 5437 2766 5489 καὶ
2794 5435 2902 5489 τῶν
2931 5438 2988 5488 ἐν
3022 5435 3407 5506 μοναστηρίοις
3433 5432 3660 5498 ζώντων

2063 5531 2462 5602 ἀκριϐεστέραν
2515 5529 2860 5593 ἐπεδείξαντο
2916 5525 3098 5597 πολλῷ
3148 5525 3248 5596 τὴν
3303 5525 3654 5594 φιλοσοφίαν.

2059 5622 2232 5675 Πόθεν
2261 5621 2419 5674 τοῦτο
2448 5619 2632 5690 δῆλονς
2667 5619 2782 5687 Ἀφ’
2814 5612 2889 5671 ὧν
2915 5620 3211 5690 προσεῖπεν
3231 5617 3432 5680 αὐτοὺς
3449 5618 3478 5668 ὁ
3499 5615 3658 5670 Παῦ-

2063 5714 2174 5780 λος,
2231 5715 2432 5785 μᾶλλον
2473 5713 2527 5766 δέ
2567 5713 2668 5767 οὐκ
2722 5712 2814 5782 ἀφ’
2845 5705 2918 5765 ὧν
2979 5713 3296 5783 προσεῖπεν,
3356 5709 3492 5764 ἀλλὰ
3554 5709 3660 5765 καὶ
