3964 6342
278 393 375 448 189

276 517 380 561 tum
430 503 604 574 majus
641 519 828 560 eorum
883 502 1087 559 crimen
1130 503 1409 574 apparebit
1453 510 1505 556 et
1549 500 1740 570 culpa,
1780 501 1871 567 qui

277 610 451 655 L’llllOS
472 608 825 654 contemnunt
852 598 1156 663 thesauros,
1179 609 1234 654 et
1253 597 1558 668 spirituales
1580 612 1610 650 e
1629 594 1875 649 manibus

276 708 405 762 opes
426 691 705 761 abjiciunt.
733 690 989 760 Quaenam
1015 690 1173 762 igitur
1200 697 1283 743 est
1310 688 1588 743 salutatio?
1619 686 1873 750 Salutate,

279 785 468 855 inquit,
504 783 796 838 Priscillam
820 794 866 837 et
887 783 1119 849 Aquilam
1139 782 1396 851 adjutores
1422 798 1557 836 meos
1581 780 1635 834 in
1660 780 1877 835 Domino

280 875 469 947 (Rom.
500 875 586 931 16.
634 874 730 947 5).
774 874 963 930 Nonne
1015 874 1226 930 videtur
1273 872 1411 928 nuda
1458 872 1699 945 quaedam
1757 886 1879 927 esse

278 968 563 1029 salutatio.
618 981 794 1037 neque
840 965 1128 1037 quidquam
1172 981 1422 1035 magnum
1482 974 1575 1019 aut
1620 963 1875 1018 eximium

280 1059 431 1112 nobis
457 1057 734 1113 indicare?
758 1059 873 1128 Age
913 1057 1073 1128 igitur
1116 1057 1169 1113 in
1191 1072 1310 1112 eam
1338 1055 1508 1111 sol‘am
1541 1063 1705 1111 totam
1741 1054 1879 1110 hanc

281 1149 785 1204 sermocinationem
817 1148 1228 1219 impendamus:
1259 1148 1368 1203 imo
1424 1162 1555 1203 vero
1608 1163 1675 1203 ne
1720 1146 1881 1202 hodie

280 1238 498 1310 quidem
538 1239 838 1310 poterimus
864 1238 1017 1295 vobis
1045 1239 1312 1295 involutas
1339 1238 1546 1309 exiguis
1584 1237 1701 1294 istis
1727 1238 1879 1293 voci-

282 1332 378 1386 bus
405 1332 679 1403 explicare
698 1333 1016 1396 sententias,
1040 1332 1135 1389 sed
1166 1332 1221 1388 in
1250 1332 1482 1388 alterum
1522 1332 1664 1389 diem
1693 1348 1877 1389 reser-

280 1439 408 1480 vare
432 1423 589 1481 vobis
614 1439 838 1481 necesse
863 1433 946 1481 est
965 1425 1473 1497 contemplationum
1500 1425 1736 1494 copiam,
1761 1440 1881 1494 quae

281 1538 345 1577 ex
372 1507 534 1591 hujus
571 1523 778 1592 exiguae
805 1522 1142 1577 salutationis
1187 1520 1618 1577 consideratione
1660 1534 1883 1574 nascen-

283 1626 388 1668 tur.
413 1614 599 1686 Neque
615 1615 761 1669 enim
782 1623 947 1669 totam
970 1613 1113 1668 illam
1157 1627 1409 1668 enarrare
1430 1612 1611 1678 statui,
1640 1610 1734 1666 sed
1764 1627 1883 1680 par-

286 1718 391 1762 tem
414 1708 532 1777 ejus
560 1717 618 1763 et
648 1707 857 1762 initium
888 1716 1049 1777 atque
1076 1705 1355 1761 exordium
1380 1713 1584 1759 tantum
1612 1721 1626 1755 :
1652 1701 1886 1758 Salutate

292 1799 584 1853 Priscillam
612 1809 661 1854 et
696 1799 953 1869 Aquilam.

352 1891 410 1946 2.
430 1893 561 1960 Quae
575 1893 627 1946 in
644 1893 740 1946 hac
752 1892 1054 1946 salutatione
1065 1900 1183 1945 sunt
1197 1888 1585 1945 consideranda.
1606 1889 1705 1960 Opi
1708 1890 1827 1959 ﬁces
1838 1898 1886 1944 et

289 2000 537 2055 pauperes
547 1984 735 2039 salutat
756 1982 1227 2038 Paulus.—Primo
1240 1982 1452 2053 quidem
1473 1981 1618 2036 Pauli
1637 1982 1884 2036 virtutem

286 2078 615 2133 admiremur
625 2085 854 2147 oportet,
875 2076 1015 2148 quod
1038 2092 1160 2132 cum
1179 2076 1250 2131 illi
1271 2077 1432 2131 totius
1448 2075 1594 2130 orbis
1622 2084 1884 2131 terrarum

286 2180 428 2224 esset
444 2182 570 2224 cura
583 2166 890 2231 commissa,
911 2174 967 2221 et
979 2174 1700 2235 terram,mare,eunctasqne
1712 2165 1888 2220 civita-

287 2274 501 2333 tesqua:
520 2262 620 2318 sub
635 2262 770 2318 caelo
787 2270 931 2326 sunt,
944 2269 999 2316 et
1013 2261 1270 2316 barbaros
1284 2268 1338 2316 et
1365 2259 1602 2321 Grtccos.
1620 2268 1674 2314 et
1699 2267 1775 2314 tot
1796 2274 1889 2329 po-

289 2355 444 2424 pulos
464 2369 646 2410 secum
672 2352 1062 2419 circumferret,
1086 2352 1221 2409 adeo
1244 2353 1313 2408 de
1330 2353 1443 2408 viro
1466 2369 1571 2408 uno
1592 2352 1766 2424 deque
1782 2367 1889 2408 una

290 2446 518 2501 muliere
542 2445 806 2502 Sollicitus
831 2453 1014 2511 esset;
1071 2445 1310 2501 secundo
1352 2444 1456 2501 hoc
1504 2446 1631 2500 item
1683 2445 1887 2500 miran-

286 2538 440 2603 dum,
461 2552 621 2609 quam
644 2537 881 2609 vigilanti
903 2551 967 2593 ac
986 2537 1219 2594 sollicito
1245 2546 1387 2594 esset
1410 2538 1588 2593 animo
1608 2537 1885 2609 prmditus,

286 2630 379 2699 qui
408 2645 514 2684 non
536 2630 776 2686 omnium
816 2630 974 2685 simul
999 2638 1225 2697 tantum,
1258 2629 1351 2687 sed
1401 2640 1458 2687 et
1504 2631 1747 2700 privatim
1774 2630 1890 2684 sin-

286 2721 536 2791 gulorum
566 2736 631 2777 ex
650 2720 835 2791 probis
861 2729 916 2776 et
941 2721 1152 2777 eximiis
1181 2720 1573 2776 recordaretur.
1598 2720 1715 2776 Jam
1746 2720 1886 2775 enim

290 2814 553 2884 pra-sules
579 2813 943 2870 Ecclesiarum
994 2814 1045 2869 id
1097 2829 1257 2885 agere
1309 2814 1437 2869 nihil
1492 2829 1624 2869 sane
1671 2814 1888 2879 mirum,

286 2923 414 2962 cum
469 2917 526 2963 et
555 2909 815 2963 tumultus
855 2908 929 2963 illi
974 2907 1143 2963 sedati
1191 2908 1318 2975 sint,
1367 2916 1423 2963 et
1469 2907 1626 2963 unius
1664 2906 1892 2963 civitatis

288 3009 499 3055 tantum
526 3015 709 3056 curam
737 3001 1072 3071 susceperint
1104 3018 1118 3055 :
1149 3009 1260 3055 tum
1303 3015 1433 3055 vero
1472 3016 1576 3055 non
1627 3000 1894 3072 periculo-

288 3110 412 3150 rum
439 3103 644 3149 tantum
666 3093 999 3165 magnitudo,
1042 3093 1141 3150 sed
1185 3104 1242 3150 et
1291 3092 1498 3149 itineris
1529 3092 1891 3164 intercapedo,

289 3197 348 3244 et
390 3187 681 3245 multitudo
720 3203 993 3254 curarum,
1038 3196 1093 3244 et
1117 3188 1352 3243 continui
1384 3186 1598 3252 ﬂuctus,
1642 3185 1893 3257 quodque

284 3296 397 3336 non
426 3296 643 3352 semper
685 3280 824 3350 apud
856 3296 1047 3336 omnes
1094 3280 1307 3336 assidue
1357 3290 1677 3343 moraretur,
1733 3289 1893 3349 atque

283 3373 392 3428 alia
440 3377 590 3443 plura
635 3381 885 3443 poterant
929 3374 1089 3429 etiam
1144 3372 1298 3427 valde
1352 3386 1505 3427 caros
1558 3387 1590 3427 e
1634 3372 1890 3427 memoria

283 3473 566 3520 exeuntem.
626 3464 1006 3520 Verumtamen
1047 3463 1147 3519 hos
1209 3480 1314 3520 non
1355 3472 1724 3519 excusserunt.
1775 3463 1894 3531 Quo

285 3555 512 3611 tandem
544 3565 701 3625 pacto
741 3572 845 3611 non
872 3555 1083 3611 excussi
1122 3556 1284 3611 sunt?
1322 3554 1404 3611 Ob
1435 3556 1580 3610 Pauli
1615 3555 1893 3625 magnani-

286 3649 539 3703 mitatem
570 3662 635 3703 ac
679 3648 938 3704 fervidam
980 3650 1355 3720 sinceramque
1383 3649 1547 3719 ipsius
1594 3649 1892 3704 caritatem.

285 3739 385 3797 Sic
411 3741 555 3797 enim
579 3742 742 3797 menti
772 3742 890 3812 ejus
935 3741 1286 3808 inbterebant,
1316 3754 1374 3797 ut
1395 3752 1450 3799 et
1496 3743 1549 3799 in
1576 3743 1744 3798 literis
1770 3757 1891 3797 cre-

285 3834 447 3888 bram
476 3848 664 3887 eorum
692 3832 876 3889 fecerit
920 3834 1268 3889 mentionem.
1299 3834 1403 3891 Sed
1448 3834 1723 3890 videamus
1773 3835 1894 3905 qui-

287 3941 421 3979 nam
445 3924 520 3979 illi
548 3925 839 3996 qualesque
867 3925 1081 3981 tandem
1122 3935 1323 3991 essent,
1376 3927 1464 3997 qui
1497 3926 1719 3982 Paulum
1759 3925 1894 3980 adeo

285 4007 397 4072 sibi
422 4018 809 4086 manciparant,
860 4028 916 4074 et
950 4019 1015 4075 ad
1046 4035 1283 4075 amorem
1342 4037 1496 4076 suum
1542 4022 1891 4090 pellexerant.

284 4108 435 4163 Num
467 4108 697 4165 fortasse
738 4110 987 4165 consules
1030 4112 1189 4181 aliqui
1243 4112 1324 4167 vel
1380 4112 1616 4181 magistri
1664 4113 1892 4168 militum

282 4209 453 4257 erant
478 4208 531 4255 et
559 4198 817 4269 praefecti,
847 4202 933 4257 vel
962 4203 1013 4256 in
1036 4203 1211 4273 aliqua
1239 4203 1432 4257 illustri
1463 4204 1720 4275 dignitate
1758 4219 1893 4259 con-

282 4289 491 4354 stituti,
537 4290 622 4345 vel
658 4290 850 4361 opibus
896 4292 1346 4358 circumfluentes,
1401 4294 1597 4362 quique
1625 4294 1894 4352 civitatem

280 4383 586 4455 regerent?
610 4383 752 4439 Nihil
783 4383 888 4440 tale
928 4393 1105 4454 potest
1133 4384 1333 4451 afferri,
1370 4385 1464 4440 sed
1508 4386 1663 4457 plane
1684 4397 1895 4443 contra-

280 4475 475 4540 rium,
528 4490 791 4546 pauperes
839 4484 895 4531 et
945 4476 1122 4545 egeni,
1176 4477 1374 4547 quique
1428 4493 1592 4547 opere
1640 4495 1892 4536 manuum

278 4568 496 4621 victum
524 4574 849 4637 quaererent.
878 4566 1043 4622 Erant
1066 4568 1233 4633 enim,
1258 4568 1448 4639 inquit,
1495 4571 1896 4627 scenofactorite

278 4659 609 4731 artis(Act.
664 4660 751 4716 l8.
782 4659 1097 4731 '5):neque
1145 4660 1363 4715 Paulum
1414 4661 1663 4731 pudebat,
1722 4679 1896 4734 neque

276 4753 693 4825 augustissima:
718 4753 921 4810 civitati
947 4753 1251 4825 populoque
1276 4754 1557 4819 magnifice
1580 4755 1648 4811 de
1674 4771 1735 4812 se
1772 4772 1897 4812 sen-

275 4844 450 4899 tienti
482 4844 681 4914 probro
705 4858 828 4900 esse
848 4842 1098 4910 ducebat,
1146 4845 1193 4898 si
1243 4844 1463 4915 opifices
1508 4846 1631 4902 illos
1675 4846 1894 4902 salutari

268 4936 528 5006 iuberet,
575 4950 750 5004 neque
789 4934 1134 5006 ignominiam
1188 4934 1295 4991 illis
1340 4937 1561 4992 conflari
1614 4953 1680 4993 ex
1710 4951 1805 4993 sua
1842 4940 1893 4993 in

273 5031 423 5083 illos
445 5028 680 5084 amicitia
703 5030 922 5098 putabat
951 5047 965 5083 :
996 5030 1073 5084 sic
1097 5044 1288 5085 omnes
1315 5039 1424 5084 tum
1441 5033 1723 5103 Jemporis
1766 5048 1893 5088 eru-

267 5123 511 5186 dierat,
562 5128 622 5174 ut
670 5119 740 5177 de
781 5135 841 5176 se
882 5120 1125 5177 modeste
1180 5122 1560 5195 moderateque
1614 5125 1894 5181 sentirent.

268 5213 455 5282 Atqui
490 5226 589 5267 nos
613 5227 759 5284 saepe
778 5214 820 5267 si
851 5215 1177 5285 prepinquos
1204 5216 1361 5283 paulo
1383 5216 1638 5271 tenuioris
1669 5215 1896 5273 fortunae

267 5306 632 5367 habeamus,
679 5304 750 5358 ab
803 5305 1016 5360 illorum
1087 5305 1446 5362 familiaritate
1501 5307 1894 5375 abborremus,

264 5395 560 5466 nobisque
590 5396 785 5465 probro
813 5395 1089 5461 ducimus,
1148 5397 1192 5452 si
1246 5398 1458 5469 quando
1512 5399 1722 5454 illorum
1771 5415 1896 5470 pro-

266 5486 483 5559 pinqui
514 5487 1012 5557 deprehendamur;
1042 5487 1236 5542 Paulus
1261 5505 1391 5544 vero
1436 5505 1539 5544 non
1570 5490 1661 5554 ita,
1690 5491 1783 5545 scd
1831 5508 1893 5545 ea

266 5596 344 5635 rc
397 5592 615 5648 quoque
655 5580 946 5651 gloriatur,
1005 5596 1105 5635 nec
1151 5582 1457 5637 hominibus
1498 5591 1700 5639 tantum
1757 5585 1895 5640 illius

264 5670 493 5737 atatis,
522 5670 616 5727 sed
647 5671 810 5726 etiam
852 5672 1099 5728 omnibus
1127 5673 1354 5742 posteris
1379 5674 1583 5728 curavit
1634 5685 1691 5729 ut
1736 5675 1890 5729 inno-

266 5772 550 5828 tescerct,
607 5764 747 5825 inter
792 5764 960 5835 ipsius
999 5764 1204 5819 amicos
1254 5764 1375 5818 illos
1428 5763 1891 5821 tabernaculorum

262 5857 518 5927 opiﬁces
553 5856 755 5926 primos
783 5854 964 5912 fuisse.
1008 5854 1190 5927 Neque
1234 5855 1365 5911 mihi
1400 5857 1678 5929 quisquam
1726 5858 1891 5926 dicat,

1091 388 1154 443 IN
1190 387 1413 452 ILLUD,
1454 382 1820 441 S.-\LUT.\TE
1860 379 2268 441 PRISCILLAM
2311 385 2397 441 ET
2437 387 2766 456 AQUIIAM.
2812 389 2852 444 1.

3466 395 3565 457 1Ἷο

1983 496 2120 562 Quid
2149 513 2275 553 vero
2306 515 2556 570 magnum
2595 505 2877 572 mirumve,
2909 503 2954 561 si
2982 508 3177 581 ipsum,
3212 506 3301 579 qui
3331 512 3571 567 eamdem

1982 600 2151 647 artem
2180 591 2465 659 factitaret,
2493 595 2731 665 ejusdem
2757 598 2954 669 opificii
2977 603 3305 656 consortium
3338 618 3440 658 non
3474 621 3573 673 pn-

1983 681 2327 752 deretlQuid
2357 686 2481 741 ais?
2512 687 2623 743 lloc
2651 688 2792 744 enim
2829 690 3002 760 ipsum
3030 692 3243 762 plurimi
3273 693 3574 753 faciendum

1982 782 2146 830 estet
2179 776 2533 835 admiratione
2562 779 2802 851 dignum.
2833 780 2949 837 Non
2976 783 3116 838 enim
3146 798 3241 840 eos
3287 786 3375 856 qui
3421 787 3577 840 clari-

1986 873 2148 922 tatem
2191 879 2417 937 possunt
2455 885 2877 928 commemorare
2903 873 3163 944 majorum
3215 892 3368 948 mque
3415 878 3578 949 pudet

1985 957 2317 1028 inferiorum,
2349 969 2508 1033 atque
2539 962 2658 1018 illos
2690 964 2780 1034 qui
2810 964 2861 1019 in
2890 966 3079 1021 cadem
3104 968 3233 1022 olim
3254 968 3395 1040 Vulgi
3448 969 3579 1025 fa‘ce

1979 1050 2268 1121 jacuerint,
2297 1063 2353 1109 et
2389 1054 2456 1109 ad
2487 1055 2749 1113 illustrem
2779 1073 2843 1114 ac
2883 1060 3117 1115 nobilem
3162 1062 3337 1117 subito
3384 1062 3581 1119 fuerint

1984 1143 2295 1217 dignitatem
2321 1149 2513 1204 evecti.
2545 1149 2713 1206 Porro
2740 1151 2874 1208 nihil
2903 1150 3067 1209 fuisse
3106 1154 3365 1211 illustrius
3416 1156 3580 1211 Paulo

1986 1238 2071 1294 vel
2100 1239 2352 1308 nobilius,
2382 1242 2476 1298 sed
2504 1243 2633 1315 ipsis
2671 1259 2795 1300 eum
2837 1247 3049 1317 regibus
3073 1246 3239 1304 fuisse
3272 1249 3577 1318 clariorem,

1986 1332 2179 1400 cuivis,
2208 1341 2292 1388 sat
2320 1334 2454 1402 scio,
2503 1335 2844 1393 manifestum
2894 1348 3000 1395 est.
3048 1340 3180 1396 Nam
3208 1341 3297 1412 qui
3325 1342 3580 1398 dazmonin

1987 1420 2090 1477 bus
2115 1422 2432 1493 imperabat,
2455 1426 2544 1496 qui
2574 1438 2817 1484 mortuos
2838 1431 3149 1496 suscitabat,
3176 1435 3265 1504 qui
3293 1435 3408 1489 solo
3429 1435 3582 1506 jussu

1986 1529 2260 1572 excaecare
2284 1527 2496 1588 poterat
2522 1528 2577 1574 et
2602 1534 2776 1575 caacos
2817 1536 3029 1585 sanare,
3058 1524 3208 1593 cujus
3234 1535 3409 1581 vestes
3437 1543 3584 1583 mor-

1989 1607 2177 1666 borum
2219 1624 2389 1682 genus
2431 1626 2592 1667 omne
2629 1612 2990 1684 depellebaut.
3018 1615 3157 1672 haud
3185 1618 3424 1685 dubium,
3453 1626 3582 1692 quin

1991 1722 2094 1761 non
2125 1706 2235 1776 jam
2260 1706 2443 1775 homo,
2469 1708 2563 1764 sed
2589 1711 2809 1781 angelus
2839 1710 2906 1767 de
2959 1713 3092 1768 caelo
3118 1713 3370 1785 delapsus
3393 1732 3583 1773 cense-

1990 1808 2156 1854 retur.

2062 1890 2321 1947 Nobilitas
2349 1892 2487 1949 unde
2512 1904 2769 1948 nascatur.
2798 1893 2915 1949 Non
2941 1906 3012 1950 est
3042 1897 3429 1969 vituperandum
3471 1917 3581 1953 ma-

1992 1985 2305 2039 trimonium.
2343 2014 2417 2025 -—
2460 1985 2839 2043 Verumtamen
2887 1989 3009 2043 licet
3072 1990 3122 2044 in
3194 1992 3586 2047 existimatione

1992 2083 2139 2130 tanta
2162 2085 2325 2139 esset,
2361 2083 2419 2132 et
2446 2077 2641 2148 ubique
2665 2078 3025 2145 admirationi,
3056 2088 3112 2135 et
3141 2081 3191 2135 in
3221 2098 3587 2154 quascumque

1992 2182 2051 2222 se
2079 2183 2204 2223 oras
2227 2168 2522 2235 conferret,
2555 2184 2745 2226 omnes
2765 2172 2829 2225 ad
2864 2185 2923 2227 se
2951 2184 3305 2240 converteret,
3339 2177 3587 2233 taberna-

1992 2260 2236 2316 culorum
2290 2260 2535 2330 opificem
2595 2279 2702 2317 non
2747 2263 3136 2332 erubescebat,
3182 2282 3283 2322 nec
3329 2267 3586 2326 honorem

1993 2364 2179 2406 eorum
2211 2350 2452 2407 imminui
2492 2352 2771 2421 censebat,
2819 2354 2909 2424 qui
2941 2355 2993 2410 in
3036 2355 3385 2426 dignitatibus
3426 2361 3587 2416 tantis

1993 2451 2147 2498 erant
2186 2457 2251 2498 ac
2304 2444 2704 2515 magistratibus
2751 2448 3048 2503 constituti.
3081 2449 3388 2508 Verisimile
3431 2468 3585 2510 nam-

1993 2548 2099 2603 que
2118 2541 2201 2589 est
2217 2534 2410 2590 multos
2428 2534 2479 2590 in
2505 2535 2737 2592 Ecclesia
2762 2536 2926 2593 fuisse
2946 2538 3308 2597 Romanorum
3331 2542 3587 2608 illustres.

1994 2639 2129 2696 quos
2156 2626 2381 2697 cogebat
2407 2642 2665 2699 pauperes
2692 2628 2809 2683 illos
2838 2630 3094 2686 salutare.
3120 2631 3352 2690 Noverat
3370 2636 3587 2706 quippe.

1995 2728 2217 2774 noverat
2243 2718 2410 2789 probe
2437 2736 2542 2776 non
2584 2736 2745 2792 opum
2785 2723 3152 2793 splendorem,
3205 2742 3379 2798 neque
3427 2744 3589 2799 pecu-

1996 2811 2202 2866 niarmn
2233 2811 2582 2879 afﬂuentiam,
2626 2815 2723 2871 sed
2780 2832 2989 2871 morum
3034 2819 3350 2877 modestiam
3402 2837 3591 2892 parere

1997 2903 2327 2959 nobilitatem
2380 2905 2557 2961 solere
2587 2906 2801 2979 :itaque
2861 2908 2934 2963 illi
2965 2909 3055 2980 qui
3084 2909 3184 2966 hac
3218 2914 3404 2982 privati
3431 2924 3589 2981 stult,

1996 2995 2091 3050 sed
2134 2995 2394 3065 majorum
2447 2997 2691 3053 claritate
2746 2999 3095 3069 superbiant,
3146 3005 3362 3060 nomine
3413 3008 3591 3076 potius

1998 3078 2290 3142 nbbilitatis
2318 3086 2483 3152 nudo,
2525 3102 2633 3143 non
2661 3103 2722 3145 re
2752 3089 2863 3159 ipsa
2908 3091 3243 3162 gloriantur:
3282 3094 3390 3153 imo
3415 3098 3590 3168 ipsum

1998 3191 2192 3233 nomen
2224 3177 2537 3249 plerumque
2557 3179 2909 3244 subtrahitur.
2932 3182 2977 3237 si
3012 3184 3135 3255 quis
3160 3184 3227 3240 ad
3264 3188 3594 3260 antiquiores

1998 3269 2258 3324 nobilium
2290 3267 2513 3324 istorum
2552 3269 2783 3342 majores
2811 3273 3138 3331 ascenderit.
3172 3276 3305 3333 Nam
3350 3294 3473 3336 eum
3501 3285 3591 3352 qui

1998 3360 2178 3415 clarus
2201 3369 2257 3414 et
2303 3358 2524 3416 illustris
2552 3369 2655 3429 est,
2682 3376 2745 3417 ac
2775 3363 3009 3420 nobilem
3048 3380 3472 3428 commemorare
3495 3388 3593 3442 pa-

2000 3460 2135 3507 trem
2164 3462 2218 3507 et
2247 3467 2404 3507 avum
2450 3460 2664 3523 potest,
2701 3455 2747 3509 si
2777 3457 3076 3513 accuratius
3102 3461 3397 3528 examines,
3429 3465 3591 3521 vilem

1998 3542 2304 3612 quempiam
2346 3552 2401 3599 et
2445 3543 2734 3600 obscurum
2784 3561 3041 3616 proavum
3072 3548 3324 3608 habuisse
3355 3572 3593 3627 ρει-δίψα

1998 3635 2297 3703 comperies
2325 3637 2812 3705 :quemadmodum
2841 3648 2896 3695 et
2921 3655 3106 3697 eorum
3140 3645 3229 3714 qui
3262 3642 3446 3703 tenues
3471 3663 3595 3707 esse

1999 3723 2272 3791 videntur,
2317 3726 2362 3781 si
2412 3737 2582 3782 t0tum
2631 3743 2802 3799 genus
2846 3731 3106 3803 paulatim
3147 3750 3362 3793 sursum
3409 3756 3598 3797 versus

1999 3818 2339 3874 ascendendo
2368 3822 2824 3892 pervestigemus,
2877 3824 3159 3895 praefectos
3213 3840 3269 3885 et
3312 3834 3594 3904 magistros

2000 3910 2228 3965 militum
2251 3926 2395 3981 stupe
2424 3911 2679 3970 habuisse
2720 3916 2952 3986 majores
2978 3918 3328 3989 inveniemus,
3360 3927 3451 3996 qui
3478 3938 3595 3983 tan-

2000 4002 2122 4059 dem
2154 4004 2205 4058 in
2235 4005 2522 4075 equisones
2542 4016 2596 4062 et
2638 4007 2889 4065 subuleos
2914 4013 3160 4068 conversi
3211 4013 3425 4071 fuerint.
3464 4019 3595 4086 Quae

1976 4112 2121 4177 .cum
2148 4097 2423 4167 explorata
2448 4098 2616 4154 Paulo
2645 4108 2826 4156 essent
2856 4103 3056 4169 omnia,
3084 4119 3189 4160 non
3222 4122 3466 4178 magnam
3499 4111 3599 4165 ho-

2002 4206 2120 4245 rum
2158 4191 2422 4246 rationem
2450 4190 2707 4259 habebat,
2750 4192 2845 4248 sed
2875 4195 3069 4250 animas
3098 4197 3425 4255 nobilitatem
3445 4217 3595 4272 quae.

2000 4283 2171 4346 rebat,
2197 4298 2261 4338 ac
2289 4293 2534 4348 caeteros,
2560 4292 2616 4338 ut
2638 4284 2776 4340 hanc
2798 4285 3011 4356 plurimi
3049 4287 3317 4358 facerent,
3362 4292 3594 4348 instruc-

2002 4378 2112 4432 bat.
2168 4376 2302 4432 llinc
2354 4376 2515 4447 igitur
2556 4392 2663 4432 non
2726 4378 3050 4434 mediocrem
3095 4379 3310 4438 interim
3362 4383 3593 4441 fructum

2003 4469 2361 4540 percipimus,
2415 4480 2472 4524 ut
2517 4470 2718 4524 vilioris
2762 4471 2988 4526 fortunae
3025 4471 3301 4531 hominum
3355 4492 3454 4532 nos
3494 4480 3598 4533 mi-

2004 4564 2145 4618 nime
2172 4563 2387 4633 pudeat,
2441 4572 2498 4618 ut
2548 4564 2743 4620 animm
2798 4564 3050 4621 virtutem
3098 4566 3488 4639 disquiramus,
3540 4580 3599 4626 ut

2001 4665 2221 4711 externa
2253 4654 2431 4710 omnia
2457 4655 2650 4725 quibus
2692 4654 2927 4711 ditamur
2967 4658 3233 4728 superﬂua
3287 4668 3342 4715 ot
3391 4661 3594 4717 inutilia

2002 4762 2339 4803 censeamus.

2076 4842 2128 4896 5.
2160 4839 2317 4894 Aliud
2347 4854 2557 4910 quoque
2598 4840 2801 4896 lucrum
2850 4856 3131 4912 possumus
3184 4841 3285 4898 hoc
3323 4843 3592 4899 nihilomi-

2005 4949 2105 4989 nus
2165 4934 2290 4988 hinc
2329 4933 2642 5003 decerpere,
2689 4933 2835 5003 quod
2882 4933 2926 4989 si
2955 4934 3058 4988 rite
3088 4943 3357 5003 peractum
3382 4951 3410 4989 a
3444 4937 3596 4993 nobis

2005 5027 2182 5090 fuerit,
2206 5027 2369 5080 vitam
2400 5026 2638 5081 maxime
2666 5035 2900 5081 nostram
2934 5034 3130 5081 tuetur.
3162 5027 3440 5093 Quodnam
3470 5030 3595 5085 illud

2005 5119 2220 5174 tandem
2258 5118 2377 5173 est?
2424 5116 2490 5173 Ut
2538 5133 2607 5173 ne
2659 5119 2962 5188 conjugium
2998 5118 3382 5190 vituperemus,
3424 5137 3596 5193 neque

2006 5211 2159 5266 nobis
2182 5208 2512 5266 obstaculum
2541 5219 2595 5265 et
2639 5209 3079 5279 impedimentum
3124 5226 3242 5266 esse
3279 5213 3597 5269 arbitremur

2005 5303 2056 5356 in
2110 5303 2214 5366 via,
2266 5317 2384 5372 qua:
2437 5300 2505 5355 ad
2549 5302 2799 5356 virtutem
2838 5301 3073 5365 deducit,
3105 5318 3324 5359 uxorem
3355 5305 3555 5361 habere
3585 5347 3598 5368 .

2007 5395 2144 5450 filios
2172 5394 2424 5458 educare,
2468 5393 2650 5449 domui
2680 5408 2933 5464 praeesse,
2972 5403 3141 5450 artem
3169 5394 3430 5452 factitare.
3456 5396 3599 5453 Ecce

2007 5489 2092 5544 hic
2121 5504 2333 5559 quoque
2371 5487 2451 5543 vir
2479 5498 2595 5543 erat
2623 5495 2679 5543 et
2729 5487 2942 5552 mulier,
2973 5497 3027 5543 et
3052 5487 3282 5543 officinis
3310 5501 3596 5559 prmerant,

2005 5592 2060 5637 et
2085 5595 2252 5637 artem
2294 5580 2621 5648 factitabant,
2653 5590 2709 5636 et
2758 5580 3132 5651 perfectiorcm
3165 5582 3329 5636 multo
3359 5582 3565 5650 prohita

2007 5684 2112 5728 tem
2167 5689 2375 5727 morum
2424 5673 2768 5739 exhibebant,
2808 5688 2968 5742 quam
3024 5672 3114 5744 qui
3167 5673 3218 5726 in
3264 5676 3599 5729 monasteriis

2004 5764 2222 5833 degunt.
2276 5763 2429 5819 Unde
2475 5764 2525 5819 id
2572 5764 2815 5818 constat?
2862 5763 2941 5819 Ex
2989 5763 3052 5819 iis
3077 5763 3253 5818 verbis
3286 5761 3479 5833 quibus
3505 5781 3599 5819 etis

2007 5856 2202 5914 Paulus
2228 5856 2533 5928 alloquitur,
2572 5856 2655 5911 vel
2683 5855 2858 5926 potius
2900 5870 3005 5912 non
3036 5868 3101 5911 ex
3155 5854 3219 5909 iis
3265 5853 3458 5925 quibus
3508 5869 3602 5908 eos
