3964 6342
356 363 446 414 191

353 485 437 530 est
488 472 805 543 alloquutns,
861 470 956 527 sed
1002 471 1162 525 etiam
1189 485 1254 524 ex
1285 469 1370 536 iis,
1418 468 1608 538 quibus
1635 483 1729 524 eos
1755 476 1934 538 postea

354 565 670 620 testimoniis
697 561 1108 617 commendavit.
1147 562 1281 618 Cum
1307 562 1448 616 enim
1472 561 1700 616 dixisset
1728 579 1741 615 :
1778 561 1937 615 Salu-

353 665 456 709 tate
492 652 784 708 Priscillam
815 663 861 708 et
890 653 1147 723 Aquilam,
1179 653 1390 706 illorum
1419 651 1582 706 etiam
1626 650 1936 721 dignitatem

351 745 565 815 adjecit.
592 729 760 812 Quam
789 759 916 799 vero
939 741 1191 797 tandem?
1212 742 1327 796 Non
1358 741 1491 796 dixit
1517 741 1709 796 divites
1737 751 1791 795 et
1818 740 1938 796 illu-

354 848 492 891 stres
515 847 569 891 et
589 837 825 899 nobiles;
850 835 943 890 sed
976 834 1134 903 quid?
1173 833 1442 905 Adjutores
1465 850 1599 887 meos
1617 834 1670 886 iu
1699 832 1935 886 Domino.

354 928 496 982 Nihil
521 937 696 982 autem
728 944 849 982 cum
878 925 978 981 hoc
1020 923 1251 980 conferri
1290 932 1482 994 potest,
1516 923 1655 993 quod
1680 922 1744 977 ad
1772 924 1941 977 virtu-

337 1021 424 1075 'tis
451 1019 963 1075 commendationem
989 1020 1179 1072 attinet
1207 1035 1220 1072 :
1246 1031 1343 1072 nec
1369 1026 1572 1070 tantum
1601 1031 1668 1069 ex
1694 1014 1814 1080 hoc,
1844 1015 1938 1070 sed

354 1121 411 1167 et
455 1129 520 1167 ex
549 1127 614 1167 eo
643 1111 783 1182 quod
839 1110 978 1181 apud
1029 1114 1171 1180 ipsos
1227 1110 1481 1164 manserit
1526 1122 1630 1162 non
1679 1123 1840 1163 unum
1889 1115 1945 1162 et

356 1204 492 1258 duos
513 1212 568 1259 et
597 1214 703 1258 tres
730 1203 866 1269 dies,
899 1201 991 1258 sed
1023 1201 1155 1256 duos
1191 1216 1359 1254 annos
1386 1201 1639 1270 integros,
1694 1201 1940 1254 virtutem

329 1295 572 1350 "illorum
631 1304 875 1365 spectare
944 1307 1245 1364 possumus.
1303 1291 1433 1346 Nam
1495 1290 1941 1361 quemadmodum

359 1387 642 1442 smculares
664 1387 996 1456 magistratus
1029 1385 1168 1456 apud
1195 1385 1326 1439 viles
1359 1392 1413 1439 et
1441 1383 1674 1454 abjeetos
1701 1383 1944 1438 homines

362 1497 467 1535 non
497 1480 783 1550 dignantur
823 1481 1106 1544 divertere,
1155 1479 1248 1534 sed
1306 1478 1614 1548 magnificas
1660 1477 1943 1532 illustrium

361 1573 712 1643 quorumdam
745 1573 979 1626 virorum
1030 1571 1218 1626 domos
1245 1582 1511 1640 qurerunt,
1554 1585 1622 1624 ne
1673 1569 1945 1638 dignitatis

361 1680 474 1719 sua:
504 1663 808 1734 magnitudo
853 1679 1036 1718 eorum
1079 1678 1107 1717 a
1149 1662 1339 1732 quibus
1383 1663 1716 1731 excipiuntur
1743 1661 1946 1714 vilitate

362 1756 586 1811 laedatur
619 1775 632 1811 :
662 1757 731 1810 ita
767 1771 976 1825 quoque
1029 1755 1290 1810 faciebant
1335 1755 1594 1825 apostoli;
1650 1769 1753 1807 non
1807 1753 1944 1822 apud

363 1846 550 1900 obvios
588 1845 800 1914 quosvis
830 1845 1250 1915 hoSpitahantur,
1284 1847 1376 1900 sed
1414 1853 1470 1899 ut
1495 1845 1569 1899 illi
1601 1844 1947 1914 magnificen-

365 1937 491 1990 tiam
520 1935 731 1999 :cdium,
761 1937 839 1990 sic
880 1936 1071 1990 anima:
1100 1937 1346 1990 virtutem
1376 1936 1458 1990 isti
1487 1936 1846 2006 requirebant,
1895 1942 1948 1988 et

364 2028 642 2096 diligenter
682 2027 917 2097 qnarsitis
945 2027 1044 2081 sibi
1077 2027 1438 2094 familiaribus,
1466 2026 1604 2096 apud
1633 2041 1725 2080 eos
1763 2024 1945 2079 diver-

366 2118 565 2172 tebant.
601 2117 730 2171 Nam
759 2125 814 2172 et
841 2133 868 2170 a
903 2117 1117 2172 Christo
1143 2118 1244 2170 lata
1274 2117 1356 2172 lex
1386 2128 1499 2172 erat
1522 2133 1638 2186 qua:
1665 2117 1766 2170 hoc
1789 2115 1948 2184 jube-

364 2209 477 2261 bat.
495 2206 560 2262 In
575 2224 937 2278 quamcumque
952 2209 1115 2273 enim,
1145 2208 1333 2278 inquit,
1355 2208 1601 2261 civitatem
1629 2217 1716 2260 aut
1745 2205 1949 2259 domum

365 2303 702 2368 intraveritis,
734 2302 1055 2371 interrogate,
1091 2301 1201 2371 quis
1237 2301 1291 2354 in
1343 2317 1402 2354 ea
1453 2300 1633 2371 dignus
1676 2300 1760 2364 sit,
1802 2307 1847 2352 et
1879 2297 1950 2350 ibi

363 2404 562 2448 manete
595 2393 755 2465 (Luc.
784 2392 838 2447 9.
870 2393 962 2464 4).
994 2392 1158 2463 Igitur
1201 2393 1364 2447 Paulo
1409 2393 1549 2462 digni
1603 2400 1758 2448 erant
1803 2390 1890 2446 isti
1931 2404 1948 2443 :

362 2487 510 2556 quod
540 2488 582 2540 si
611 2487 794 2553 Paulo,
824 2487 1025 2556 angelis
1051 2496 1205 2541 erant
1228 2485 1390 2556 digni.
1427 2485 1538 2555 Ego
1567 2501 1695 2541 vero
1719 2485 1953 2542 domun-

367 2577 541 2632 culam
570 2577 713 2631 illam
737 2585 790 2632 et
817 2577 1003 2631 cmlum
1028 2585 1082 2632 et
1109 2576 1400 2631 Ecclesiam
1423 2576 1678 2632 audacter
1705 2579 1949 2648 appella-

369 2669 492 2724 rim.
516 2667 618 2724 Ubi
664 2670 805 2723 enim
838 2668 1029 2723 Paulus
1054 2677 1190 2733 erat,
1220 2667 1289 2722 ibi
1327 2669 1485 2722 etiam
1515 2667 1760 2724 Christus
1788 2678 1907 2726 erat
1934 2687 1948 2726 :

368 2761 447 2813 An
489 2760 900 2829 experimentum,
954 2757 1142 2828 inquit,
1193 2759 1420 2829 quam'tis
1470 2760 1596 2828 ejus,
1647 2760 1733 2830 qui
1780 2761 1834 2814 in
1869 2778 1949 2818 me

370 2854 611 2923 loquitur,
635 2851 820 2907 Christi
847 2852 935 2923 (2.
975 2851 1092 2906 Cor.
1125 2851 1211 2907 15.
1234 2852 1268 2906 5
1292 2851 1348 2921 )?
1376 2850 1475 2906 Ubi
1502 2861 1682 2907 autem
1711 2850 1952 2908 Christus

370 2955 506 3008 erat,
533 2945 657 2999 illuc
683 2949 841 2999 etiam
866 2946 1166 3014 frequenter
1189 2942 1360 3010 angeli
1391 2944 1735 2998 ventitahant.

441 3035 744 3091 Sanctorum
770 3052 870 3088 non
897 3035 1058 3088 oratio
1085 3043 1276 3087 tantum
1296 3075 1308 3098 ,
1343 3033 1431 3088 sed
1465 3043 1509 3088 et
1550 3035 1652 3088 vita
1690 3035 1853 3090 docet.
1881 3058 1955 3076 ι-

367 3126 537 3182 Porro
562 3125 651 3196 qui
678 3127 884 3196 seipsos
910 3135 1068 3181 antea
1097 3126 1244 3180 Pauli
1287 3126 1431 3181 cultu
1459 3141 1521 3181 ac
1551 3128 1850 3184 ministerio
1869 3128 1954 3183 di-

367 3235 499 3289 gnos
528 3219 884 3289 prtebuerant,
914 3219 1082 3289 cogita
1105 3219 1288 3289 quales
1314 3228 1614 3287 evaserant,
1642 3219 1766 3274 dum
1798 3222 1952 3277 annis

366 3311 572 3366 duobus
595 3325 716 3365 cum
748 3311 838 3364 illo
867 3309 1144 3378 degerent,
1172 3319 1224 3363 et
1257 3308 1491 3362 habitum
1513 3309 1662 3379 ejus,
1695 3321 1749 3366 et
1788 3310 1957 3366 inces-

367 3419 483 3456 sum
514 3411 568 3456 et
595 3411 865 3471 aspectum
889 3441 906 3466 ,
929 3409 982 3455 ct
1008 3400 1233 3455 vestium
1265 3399 1479 3453 modum
1501 3441 1515 3465 ,
1546 3410 1600 3454 et
1644 3403 1948 3471 ingressus,

367 3505 422 3549 et
447 3507 693 3563 egressus
713 3533 727 3555 ,
769 3486 822 3546 et
853 3492 954 3545 alia
981 3501 1169 3546 cuncta
1195 3491 1561 3545 observarent.
1593 3490 1864 3562 Siquidem
1896 3493 1950 3547 in

369 3587 566 3641 sanctis
592 3600 695 3639 non
724 3585 880 3639 verba
907 3594 1131 3650 tantum,
1163 3599 1333 3652 neque
1361 3584 1602 3639 doctrina
1628 3595 1681 3640 et
1707 3585 1953 3642 cohorta-

368 3679 576 3741 tiones,
607 3676 699 3730 sed
731 3685 784 3730 et
827 3676 1026 3744 reliqua
1054 3678 1228 3729 omnis
1255 3678 1376 3729 vitze
1401 3677 1736 3731 conversatio
1766 3678 1830 3732 ad
1857 3692 1951 3733 eos

367 3768 422 3822 in
448 3767 778 3837 philosophia
815 3767 1007 3821 sufficit
1045 3764 1366 3821 erudiendos
1390 3807 1403 3830 ,
1429 3767 1516 3836 qui
1543 3767 1741 3822 fuerint
1774 3777 1951 3822 atten-

370 3859 550 3912 tiores.
577 3857 766 3911 Veniat
793 3858 882 3911 tibi
915 3858 967 3911 in
995 3864 1228 3912 mentem
1256 3857 1409 3928 quale
1434 3867 1578 3914 esset
1600 3859 1819 3914 Paulum
1843 3876 1952 3915 cer-

367 3964 498 4004 nere
517 3991 532 4015 ,
560 3957 614 4003 et
634 3949 912 4020 prandium
944 3957 1242 4003 sumentem
1261 3990 1276 4016 ,
1304 3959 1358 4004 et
1387 3949 1864 4019 reprehendentem
1896 3962 1949 4005 et

367 4040 738 4095 cohortantem
788 4049 843 4094 et
883 4049 1122 4094 orantem
1147 4080 1164 4106 ,
1195 4047 1248 4093 et
1294 4039 1559 4111 lacrymas
1607 4041 1947 4108 fundentem,

368 4144 649 4185 exeuntem
683 4140 736 4184 et
763 4130 1140 4185 introeuntem.
1184 4130 1238 4185 Si
1269 4131 1442 4197 enim,
1475 4145 1596 4185 cum
1627 4132 1952 4201 quatuor-de-

367 4224 472 4276 cim
516 4230 721 4275 tantum
769 4221 924 4276 nobis
971 4227 1174 4276 restent
1202 4221 1440 4289 epistola:
1468 4261 1483 4288 ,
1519 4237 1947 4291 quoquoversum

368 4326 464 4380 per
488 4310 670 4365 orbem
699 4319 959 4364 terrarum
990 4309 1108 4365 illas
1137 4310 1560 4366 circumferimus
1585 4329 1597 4365 :
1630 4312 1718 4380 qui
1747 4311 1947 4366 fontem

367 4400 636 4455 habebant
674 4399 1018 4469 epistolarum
1043 4439 1058 4465 ,
1087 4399 1174 4470 qui
1205 4400 1435 4469 linguam
1475 4400 1622 4454 orbis
1649 4409 1908 4455 terrarum
1929 4443 1946 4467 ,

367 4491 459 4562 qui
497 4491 674 4546 lumen
707 4491 1097 4556 Ecclesiarum,
1125 4490 1214 4560 qui
1258 4490 1380 4544 fidei
1407 4489 1831 4558 fundamentum,
1859 4492 1947 4561 qui

365 4584 668 4638 columnam
694 4592 750 4638 et
773 4583 1165 4638 firmamentum
1196 4575 1460 4647 veritatis,
1479 4585 1667 4654 quales
1695 4600 1798 4638 non
1827 4600 1956 4639 eva-

365 4675 494 4730 dere
525 4683 778 4743 possent,
817 4674 942 4728 dum
973 4688 1096 4728 cum
1142 4673 1244 4728 hoc
1289 4676 1481 4744 angelo
1511 4676 1784 4730 viverent?
1816 4673 1948 4730 Nam

364 4765 414 4818 si
440 4775 616 4820 vestes
639 4764 758 4833 ejus
783 4764 1115 4819 daemonibus
1140 4773 1294 4818 erant
1322 4765 1702 4832 formidabiles,
1732 4775 1954 4820 tantam-

365 4870 469 4925 que
500 4855 608 4909 vim
634 4855 952 4910 obtinebant
976 4895 992 4920 ,
1020 4854 1399 4911 habitationem
1429 4871 1549 4910 cum
1580 4857 1673 4912 illo
1698 4868 1947 4928 quantam

366 4961 474 4999 non
501 4945 730 5013 Spiritus
756 4946 981 5014 gratiam
1005 4946 1297 5001 conciliare
1344 4947 1581 5015 potuisse
1625 4947 1949 5002 credendum

365 5045 450 5088 est
477 5036 494 5104 (
515 5035 628 5086 Act.
653 5035 740 5090 19.
765 5036 898 5109 1—2)?
928 5035 1060 5090 Cum
1084 5038 1226 5091 enim
1256 5037 1407 5092 Pauli
1429 5040 1602 5094 cubile
1628 5052 1908 5096 cernerent
1931 5083 1946 5108 ,

366 5140 488 5178 cum
531 5126 856 5194 stragulum,
887 5143 1006 5182 cum
1052 5131 1446 5196 calceamenta,
1481 5147 1660 5187 nonne
1702 5133 1802 5187 hoc
1845 5134 1951 5190 illis

365 5216 638 5271 sufficiens
667 5216 763 5271 fuit
791 5233 852 5271 ac
873 5231 1186 5290 perpetuum
1218 5221 1284 5276 ad
1323 5225 1785 5294 compunctionem
1815 5225 1948 5279 inci-

367 5318 659 5362 tamentum
676 5308 708 5362 ?'
728 5309 784 5364 Si
813 5311 956 5365 enim
981 5313 1250 5370 daemones
1287 5315 1453 5385 ipsius
1483 5317 1792 5371 vestimenta
1824 5332 1950 5386 pcr-

367 5400 746 5455 ltorreseebant
767 5441 783 5468 ,
811 5401 979 5457 multo
1008 5406 1174 5476 magis
1204 5405 1390 5462 ﬁdeles
1408 5449 1424 5473 ,
1451 5417 1505 5463 et
1531 5409 1619 5478 qui
1664 5423 1784 5463 cum
1833 5408 1950 5478 ipso

367 5489 670 5559 degebant,
699 5506 821 5546 cum
864 5507 927 5546 ea
969 5507 1252 5552 cernerent
1273 5539 1288 5561 ,
1317 5500 1826 5570 compungebantur.
1857 5502 1950 5556 Est

368 5581 531 5634 etiam
571 5580 703 5635 illud
746 5595 927 5650 operae
969 5585 1197 5652 pretium
1242 5591 1668 5657 scrutari,quam
1714 5590 1784 5645 ob
1824 5605 1951 5645 cau-

367 5685 481 5724 sam
507 5711 522 5735 ,
553 5686 673 5726 cum
699 5685 796 5728 eos
843 5673 1132 5741 Salutaret,
1163 5677 1453 5734 Priscillam
1497 5682 1690 5736 marito
1725 5691 1950 5752 antepo-

367 5761 552 5815 suerit.
571 5762 690 5819 Non
707 5764 860 5822 enim
875 5763 1024 5836 dixit,
1041 5766 1274 5828 Salutate
1289 5771 1531 5842 Aquilam
1553 5782 1608 5830 et
1631 5773 1946 5845 Priscillam,

1063 353 1120 408 S.
1161 350 1440 408 JO.\NN|S
1475 350 1947 408 CllRYSOSTOllI

2055 353 2304 410 lClllEP.
2346 357 2874 416 CONSTANTINOP.

3506 369 3607 426 1θῖ

2041 469 2134 522 sed
2164 470 2454 527 Priscillam
2494 484 2548 527 et
2588 476 2850 545 Aquilam.
2883 476 2990 532 Nec
3031 479 3144 533 sine
3186 494 3344 535 causa
3379 483 3428 537 id
3458 483 3616 554 fecit,

2042 560 2134 614 sed
2162 562 2300 630 quod
2335 564 2518 633 majori
2548 581 2665 621 eam
2695 567 2891 635 sciret,
2922 584 3078 639 quam
3109 573 3278 626 virum
3298 614 3313 638 ,
3345 577 3617 644 praeditam

2045 650 2208 706 fuisse
2236 654 2447 720 pietate.
2471 657 2641 726 Atque
2667 658 2767 712 hoc
2792 673 2897 713 non
2921 674 3039 715 esse
3058 662 3416 731 conjecturam
3443 707 3456 730 ,
3479 668 3620 736 quod

2044 757 2072 796 a
2099 758 2183 798 me
2211 744 2410 800 dictum
2439 756 2543 813 est,
2573 763 2636 802 ex
2667 750 2812 804 Actis
2839 750 2962 805 licet
2983 765 3323 821 cognoscere.
3348 753 3621 826 Siquidem

2045 834 2258 901 Apollo,
2284 835 2455 890 virum
2487 837 2822 907 eloquentem
2853 849 2907 895 et
2931 841 2980 895 in
3009 842 3297 912 Scripturis
3328 857 3620 916 potentem,

2044 915 2237 986 quique
2264 917 2482 973 Joannis
2507 929 2708 976 tantum
2736 923 2994 991 baptisma
3020 926 3238 992 sciebat,
3265 927 3381 984 base
3405 944 3525 984 cum
3546 915 3627 986 as.

2046 1008 2379 1078 sumpsisset,
2401 1012 2643 1078 exposuit
2669 1013 2744 1066 illi
2765 1013 2903 1068 viam
2923 1014 3036 1079 Dei,
3057 1023 3112 1070 et
3137 1015 3430 1085 perfectum
3455 1021 3624 1089 magi-

2046 1106 2213 1152 strum
2246 1099 2475 1156 reddidit
2500 1100 2633 1174 (Act.
2656 1105 2740 1158 18.
2769 1104 2858 1160 94.
2891 1105 3002 1175 25).
3036 1107 3148 1162 Non
3177 1108 3318 1163 enim
3345 1110 3480 1174 illis,
3507 1126 3626 1181 qum

2047 1191 2406 1258 apostolorum
2446 1202 2602 1249 tetate
2639 1196 2924 1262 vivebant,
2956 1198 3266 1255 mulieribus
3293 1210 3446 1256 erant
3485 1219 3627 1259 cura:

2047 1295 2166 1348 quas
2195 1297 2336 1336 nunc
2360 1295 2483 1338 sunt
2511 1285 2646 1349 istis,
2680 1296 2734 1341 ut
2765 1288 3058 1357 splendidis
3094 1291 3331 1346 vestibus
3373 1295 3629 1349 amiciun-

2048 1380 2166 1438 tur,
2192 1384 2246 1428 et
2271 1375 2553 1444 pigmentis
2591 1392 2654 1432 ac
2690 1379 2822 1434 fucis
2853 1380 3039 1436 faciem
3069 1398 3217 1437 suam
3242 1383 3626 1452 condecercnt,

2049 1480 2166 1533 qua:
2195 1467 2335 1521 viros
2355 1483 2480 1524 suos
2508 1478 2700 1524 vexant
2727 1485 2789 1525 ac
2817 1481 3080 1542 premunt,
3101 1485 3402 1546 coguntque
3423 1487 3627 1533 vestem

2051 1557 2415 1624 pretiosiorem
2446 1561 2634 1616 vicinae
2658 1573 2806 1617 veste
2834 1563 2931 1618 sibi
2954 1579 3219 1630 coemere,
3250 1569 3428 1624 mulos
3453 1569 3626 1635 albos,

2051 1656 2105 1699 et
2131 1647 2292 1701 frzena
2319 1650 2594 1718 deaurata,
2618 1652 2928 1722 obsequium
2957 1658 3346 1723 cunuchorum,
3378 1675 3628 1730 magnum

2049 1739 2359 1794 ancillarum
2387 1756 2601 1813 gregem
2643 1753 2699 1799 et
2740 1746 2996 1815 reliquam
3026 1762 3238 1802 omnem
3281 1765 3528 1821 pompam
3561 1753 3635 1808 ri-

2050 1829 2278 1884 diculam
2325 1831 2478 1887 :‘sed
2521 1832 2605 1888 his
2649 1836 2898 1890 omnibus
2941 1840 3277 1906 amendatis,
3309 1851 3366 1895 et
3404 1858 3634 1898 excusso

2052 1921 2320 1976 mundano
2340 1921 2477 1979 fastu
2507 1941 2666 1980 unum
2691 1927 2818 1981 illud
2849 1928 3021 1983 solum
3050 1932 3391 2000 quaerebant,
3419 1946 3476 1989 ut
3500 1951 3634 1991 con-

2053 2022 2223 2068 sortes
2242 2014 2429 2070 fierent
2447 2017 2830 2086 apostolorum,
2848 2029 2906 2076 et
2923 2021 3158 2092 ejusdem
3175 2039 3296 2080 cum
3317 2026 3422 2080 illis
3441 2028 3636 2095 praedae

2055 2106 2356 2176 participes.
2389 2108 2506 2177 Quo
2527 2109 2586 2164 fit
2617 2121 2674 2165 ut
2703 2128 2806 2166 non
2847 2113 2962 2170 haec
2989 2117 3160 2170 solum
3191 2117 3310 2172 talis
3347 2129 3510 2185 esset,
3538 2136 3636 2174 ve-

2054 2210 2171 2250 rum
2211 2197 2370 2252 etiam
2409 2215 2596 2256 omnes
2626 2202 2865 2273 reliqum.
2893 2204 3023 2260 Nam
3065 2216 3120 2262 ct
3146 2206 3216 2263 de
3259 2208 3476 2264 Perside
3503 2228 3636 2280 qua-

2054 2288 2176 2344 dam
2203 2290 2350 2360 dicit,
2385 2291 2512 2360 Quae
2537 2296 2750 2350 multum
2781 2297 3024 2353 laborauit
3055 2315 3177 2370 erga
3202 2317 3294 2355 nos
3319 2301 3337 2371 (
3359 2302 3508 2356 Rom.
3542 2305 3632 2361 16.

2057 2383 2181 2455 12),
2211 2395 2265 2439 et
2287 2385 2504 2442 Mariam
2541 2402 2605 2443 ac
2642 2388 2991 2460 Tryphaenam
3019 2394 3090 2447 ob
3121 2392 3381 2462 ejusmodi
3427 2394 3636 2450 labores

2057 2475 2265 2541 laudat,
2297 2478 2436 2548 quod
2462 2495 2584 2534 cum
2617 2483 2871 2552 apostolis
2905 2483 3244 2550 laborarent,
3275 2495 3330 2540 et
3353 2486 3418 2540 ad
3448 2487 3635 2542 eadem

2055 2568 2326 2624 subeunda
2353 2573 2644 2628 certamina
2672 2590 2732 2630 se
2750 2577 3105 2646 accingerent.
3135 2579 3240 2634 Sed
3268 2581 3358 2649 qui
3388 2581 3466 2644 fit,
3494 2592 3554 2636 ut
3569 2583 3636 2636 ad

2058 2661 2391 2718 Timotheum
2421 2665 2662 2723 scribens
2687 2668 2866 2735 dicat,
2892 2668 3102 2724 Mulieri
3139 2683 3308 2727 autem
3335 2675 3514 2728 docere
3536 2692 3637 2730 non

2068 2753 2300 2821 permitto
2323 2795 2336 2817 ,
2367 2771 2525 2826 neque
2559 2756 2810 2811 dominari
2847 2759 2898 2812 in
2935 2760 3096 2814 virum
3127 2762 3143 2829 (
3170 2763 3219 2816 1.
3255 2763 3386 2816 Tim.
3407 2763 3464 2818 2.
3487 2765 3556 2819 η
3579 2766 3638 2834 )ἳ

2061 2841 2285 2909 Quando
2307 2844 2426 2912 pius
2451 2855 2534 2899 est
2557 2846 2656 2912 vir,
2671 2856 2724 2902 et
2743 2849 2980 2904 eamdem
3005 2851 3313 2922 religionem
3340 2854 3636 2923 profitetur,

2060 2945 2112 2988 et
2142 2934 2382 3000 ejusdem
2414 2937 2678 3009 particeps
2724 2949 2807 2994 est
2855 2941 3167 3010 sapientiae:
3210 2944 3422 3013 quando
3460 2957 3636 3002 autem

2057 3025 2293 3082 infidelis
2323 3039 2403 3083 est
2429 3038 2483 3084 et
2521 3040 2703 3096 errat,
2732 3031 2899 3101 ipsam
2926 3033 3149 3088 docendi
3179 3037 3496 3092 auctoritate
3533 3055 3638 3093 non

2058 3120 2248 3188 privat.
2277 3119 2438 3174 Certe
2462 3136 2580 3174 cum
2611 3121 2678 3175 ad
2705 3121 3011 3179 Corinthios
3039 3125 3320 3191 scriberet,
3350 3127 3426 3180 ait
3455 3145 3469 3183 :
3503 3127 3570 3182 Et
3596 3129 3638 3183 si

2056 3225 2155 3276 qua
2181 3210 2360 3263 mulier
2390 3211 2535 3264 habet
2569 3212 2730 3266 virum
2754 3213 3039 3281 inﬁdelem,
3072 3232 3174 3270 non
3211 3218 3429 3272 dimittat
3472 3220 3636 3274 illum.

2061 3299 2208 3354 Unde
2239 3301 2371 3356 enim
2395 3303 2493 3355 scis
2511 3342 2528 3368 ,
2551 3304 2749 3371 mulier,
2777 3305 2818 3358 si
2843 3305 3006 3359 virum
3031 3307 3224 3362 saluum
3243 3310 3401 3378 facies
3425 3311 3502 3380 (1.
3519 3311 3638 3368 Cor.

2057 3393 2109 3447 7.
2137 3395 2223 3449 15.
2260 3394 2388 3464 16)ἳ
2417 3395 2533 3459 Quo
2562 3410 2690 3449 vero
2717 3406 2868 3465 pacto
2894 3396 3009 3452 fieri
3040 3407 3250 3468 potest,
3281 3410 3336 3455 ut
3361 3403 3552 3458 mulier
3573 3403 3641 3459 fi-

2056 3482 2190 3539 delis
2219 3485 2388 3540 virum
2421 3485 2684 3541 infidelem
2707 3487 2910 3542 salvum
2947 3488 3140 3543 faciat?
3168 3491 3446 3548 lnstruens
3479 3495 3643 3550 nimi-

2056 3590 2173 3629 rum
2213 3575 2358 3630 illum
2384 3586 2437 3630 et
2459 3576 2657 3631 docens
2686 3589 2844 3647 atque
2885 3579 2952 3632 ad
2990 3579 3146 3635 fidem
3173 3581 3441 3638 adducens
3460 3626 3476 3649 ,
3504 3587 3645 3642 sicut

2057 3676 2111 3720 et
2141 3666 2239 3720 ista
2271 3667 2508 3722 Priscilla
2540 3668 2749 3737 Apollo.
2781 3669 3050 3740 Alioquin,
3079 3687 3199 3725 cum
3236 3672 3399 3741 dicit,
3432 3673 3643 3731 Mulieri

2057 3758 2233 3812 docere
2260 3775 2361 3812 non
2390 3760 2638 3828 permitto.
2661 3758 2728 3814 de
2753 3759 3082 3817 institutione
3109 3779 3228 3832 quae
3257 3764 3314 3818 fit
3340 3780 3373 3820 e
3391 3779 3644 3838 suggestu

2058 3847 2323 3917 loquitur,
2349 3849 2415 3903 de
2441 3863 2686 3904 sermone
2721 3852 2809 3921 qui
2840 3851 3066 3907 habetur
3090 3853 3156 3908 ad
3187 3858 3440 3924 populum
3464 3899 3478 3920 ,
3507 3868 3564 3912 et
3577 3869 3648 3914 ut

2056 3938 2418 3993 sacerdotibus
2467 3956 2531 4016 ex
2585 3940 2764 3996 oflicio
2809 3942 3066 3998 incumbit
3107 3961 3120 3998 :
3167 3947 3411 4014 privatim
3459 3959 3643 4005 autem

2061 4027 2326 4082 cohortari
2371 4039 2424 4084 et
2468 4031 2746 4086 consilium
2790 4034 2918 4087 dare
2970 4049 3077 4088 non
3122 4035 3416 4105 prohibuit.
3457 4040 3647 4110 Neque

2056 4118 2219 4184 ettitn,
2245 4119 2288 4173 si
2314 4119 2414 4175 hoc
2442 4121 2761 4189 prohibitum
2790 4123 2993 4192 fuisset,
3023 4123 3163 4181 hanc
3197 4142 3316 4198 qua:
3358 4129 3408 4184 id
3435 4133 3648 4201 praesti-

2058 4219 2195 4265 terat
2221 4212 2594 4268 eollaudasset.

2126 4301 2183 4355 4.
2214 4302 2445 4356 Audiam
2471 4304 2588 4368 viri,
2619 4305 2834 4360 audiant
2859 4317 2912 4363 et
2943 4307 3039 4363 ista
3063 4310 3315 4366 mulieres
3346 4330 3360 4366 :
3396 4315 3498 4369 illa:
3523 4317 3647 4385 qui-

2056 4391 2177 4446 dem
2205 4435 2220 4460 ,
2249 4404 2305 4447 ιιι
2333 4409 2448 4448 eam
2490 4395 2793 4464 imitentur,
2819 4416 2938 4468 qua:
2976 4416 3135 4458 sexus
3173 4405 3412 4472 ejusdem
3439 4420 3520 4463 est
3543 4451 3558 4473 ,
3588 4421 3648 4465 et

2057 4492 2260 4537 natura:
2299 4487 2612 4544 cognatione
2649 4489 2975 4558 conjuncta:
3007 4491 3062 4547 hi
3092 4509 3254 4560 vero,
3301 4512 3371 4552 ne
3417 4502 3646 4558 muliere

2057 4575 2432 4631 imbecilliores
2462 4591 2770 4648 appareant.
2827 4581 2995 4648 Quam
3046 4586 3189 4640 enim
3235 4591 3644 4647 excusationem

2056 4667 2394 4736 habebimus,
2423 4687 2580 4741 quam
2609 4674 2815 4729 veniam
2849 4676 3273 4748 impetrabimus,
3303 4684 3348 4737 si
3373 4699 3496 4738 cum
3519 4695 3647 4742 tan-

2056 4770 2166 4816 tum
2187 4763 2347 4817 animi
2371 4765 2620 4831 studium,
2647 4775 2952 4838 tantamque
2975 4769 3363 4842 philosophiam
3389 4777 3648 4835 mulieres

2055 4855 2418 4924 exhibuerint,
2450 4875 2546 4912 nos
2575 4875 2786 4929 semper
2813 4863 2994 4916 mundi
3019 4864 3161 4918 affixi
3183 4868 3410 4936 negotiis
3438 4869 3650 4925 increa-

2057 4949 2202 5002 mus?
2220 4949 2343 5004 llaec
2364 4949 2571 5003 discant
2585 4960 2639 5005 et
2661 4953 2996 5022 magistratus
3018 4963 3072 5008 et
3093 4956 3303 5024 privati,
3319 4968 3375 5013 et
3393 4962 3651 5016 sacerdo-

2057 5051 2158 5108 tes,
2181 5052 2234 5098 et
2257 5043 2346 5113 qui
2365 5044 2414 5096 in
2441 5044 2630 5098 ordine
2654 5044 2908 5098 laicorum
2931 5055 3231 5114 versantur,
3250 5059 3308 5103 ut
3327 5051 3400 5104 illi
3425 5053 3647 5121 quidem

2055 5131 2248 5187 divites
2279 5133 2407 5186 tanti
2447 5149 2552 5187 non
2585 5132 2776 5188 faciant
2795 5176 2810 5201 ,
2835 5151 3006 5204 neque
3039 5136 3272 5192 illustres
3300 5139 3490 5196 domos
3514 5159 3645 5212 per-

2055 5233 2342 5292 sequantur
2361 5265 2374 5287 ,
2403 5224 2494 5278 scd
2525 5227 2770 5283 virtutem
2811 5241 2932 5280 cum
2975 5239 3284 5299 paupertate
3311 5231 3612 5304 disquirant
3632 5280 3649 5306 ,

2056 5330 2228 5385 neque
2267 5317 2642 5386 pattpcriorum
2675 5315 2895 5371 fratrum
2923 5319 3044 5373 illos
3081 5320 3308 5388 pudeat,
3343 5339 3518 5394 neque
3562 5338 3648 5382 ta-

2054 5409 2459 5465 bernaculorum
2491 5413 2757 5482 opificem,
2786 5422 2843 5468 et
2863 5415 3172 5478 coriarium,
3193 5426 3250 5474 et
3279 5432 3538 5490 purpura:
3563 5419 3652 5471 iu-

2055 5499 2292 5554 stitorem
2311 5540 2324 5563 ,
2356 5509 2414 5554 et
2430 5503 2674 5556 aerarium
2703 5505 3042 5571 omittentes,
3065 5519 3159 5558 eos
3187 5507 3276 5574 qui
3302 5508 3649 5576 magistratus

2055 5601 2247 5658 gerunt
2285 5593 2462 5648 colant
2489 5611 2503 5646 ε
2533 5595 2621 5665 qui
2651 5611 2778 5650 vero
2809 5597 2999 5665 privati
3026 5606 3188 5663 sunt,
3212 5613 3281 5653 ne
3303 5613 3364 5653 se
3392 5599 3646 5670 impediri

2054 5690 2273 5753 putent,
2306 5699 2421 5754 qua
2451 5687 2626 5742 minus
2665 5696 2879 5743 sanctos
2911 5688 3211 5759 excipiant,
3238 5688 3335 5744 sed
3373 5705 3647 5748 memores

2055 5774 2248 5847 viduae,
2277 5793 2393 5847 quae
2424 5777 2628 5837 lleliam
2655 5780 2915 5854 suscepit,
2945 5796 3068 5838 cum
3094 5781 3170 5842 illi
3197 5781 3386 5840 farina:
3413 5783 3648 5855 pugillus
