3964 6342
320 368 414 424 191
1067 376 1138 432 ΙΝ
1175 374 1405 441 ILLUD,
1449 369 1816 430 SALUTATE
1851 367 2262 425 PRISCILLAM
2300 367 2385 424 ET
2425 360 2760 434 AQUILAM.
2801 359 2844 413 1.
2884 378 2890 385 ·

313 485 410 556 ἀφ’
461 473 542 538 ὧν
610 497 748 553 μετα
814 479 991 534 ταῦτα
1051 477 1455 550 ἐμαρτύρησεν.
1522 477 1707 532 Εἰπὼν
1770 477 1901 549 γὰρ,

327 576 716 632 Ἀσπάσασθε
733 574 1112 644 Πρίσκιλλαν
1132 572 1234 627 καὶ
1269 573 1538 638 Ἀκύλαν,
1562 571 1904 645 προσέθηκεν

314 665 500 720 αὐτῶν
530 664 628 718 καὶ⁵
654 663 717 718 τὸ
737 662 976 733 ἀξίωμα.
1003 663 1162 716 Ποῖον
1187 660 1253 732 δὴ
1275 661 1462 728 τοῦτο;
1497 663 1612 716 Ούκ
1633 658 1756 716 εἶπε
1780 662 1907 724 τοὺς

311 758 635 822 πλουσίως,
675 758 806 818 τοὺς
855 757 1200 827 περιφανεῖς,
1223 754 1353 818 τοὺς
1376 754 1707 826 εύπάτριδας
1726 771 1742 787 ο
1770 753 1909 809 ἀλλά

311 847 394 913 τί;
418 845 568 913 Τοὺς
597 846 934 916 συνεργούς
957 863 1078 915 μου
1106 845 1176 898 ἐν
1202 844 1420 914 Κυρίῳ.
1444 844 1646 898 Τούτου
1674 845 1732 900 δὲ
1757 843 1908 898 οὐδὲν

313 942 428 994 ῖσαν
457 940 542 1003 εἰς
585 939 790 1010 ἀρετῆς
821 937 1020 1007 γένοιτ’
1043 937 1111 992 ἀν
1162 937 1320 1006 λόγον
1339 953 1354 967 ο
1386 937 1481 991 καὶ
1525 937 1625 991 οὐκ
1659 935 1908 990 ἐντεῦθεν

317 1029 503 1100 μόνον,
532 1028 668 1082 ἀλλά
691 1027 788 1082 καὶ
814 1028 874 1092 ἐξ
907 1021 984 1082 ὧν
1013 1027 1146 1100 παρ’
1171 1029 1355 1092 αὐτοῖς
1372 1027 1608 1099 ἔμεινεν,
1628 1028 1752 1099 ούχὶ
1779 1028 1909 1098 ὴμέο

316 1132 416 1187 ραν
464 1115 619 1185 μίαν,
660 1115 756 1170 δύο
802 1116 898 1170 καὶ
941 1119 1112 1188 τρεῖς,
1137 1115 1252 1169 ἀλλ’
1277 1117 1560 1181 ἐνιαυτοὺς
1587 1117 1909 1188 ὁλοκλήρους

311 1207 427 1271 δύο,
451 1207 551 1279 τὴν
572 1209 753 1263 αὐτῶν
779 1208 929 1263 ἐστιν
951 1209 1154 1280 ἀρετὴν
1183 1209 1334 1263 ἰδεῖν.
1364 1209 1578 1281 ’Ὠσπερ
1602 1209 1712 1282 γάρ
1734 1212 1783 1264 οί
1804 1210 1911 1264 τῶν

311 1300 517 1368 ἔξωθεν
568 1302 827 1375 ἄρχοντες
860 1304 962 1358 οὐκ
1007 1303 1075 1357 ἂν
1126 1302 1332 1357 ἕλοιντο
1376 1303 1505 1374 παρ’
1524 1304 1766 1358 εὐτελέσι
1821 1305 1913 1358 καὶ

309 1401 596 1463 ταπεινοῖς
621 1401 970 1472 καταχθῆναί
985 1417 1138 1468 ποτε,
1164 1402 1279 1456 ἀλλ’
1308 1404 1625 1473 ἐπιζητοῦσι
1653 1403 1914 1475 λαμπράς

310 1489 496 1554 οἰκίας
545 1491 838 1562 ἐπισήμων
867 1491 1079 1562 ἀνδρῶν
1112 1509 1294 1556 τινων,
1346 1492 1488 1546 ὥστε
1543 1493 1618 1565 μὴ
1663 1493 1762 1566 τήν
1805 1495 1912 1547 τῶν

311 1581 735 1653 ὑποδεχομένων
764 1583 964 1647 αὐτοὺς
989 1583 1266 1637 εὐτέλειαν
1283 1583 1360 1654 τῷ
1382 1586 1606 1654 μεγέθει
1634 1587 1735 1658 τῆς
1756 1586 1914 1653 ἀξίας

313 1673 695 1746 λυμήνασθαι·
729 1675 874 1729 οὕτω
904 1677 1001 1730 καὶ
1025 1677 1075 1728 οἰ
1103 1676 1389 1730 ἀπόστολοι
1419 1679 1636 1730 ἐποίουν
1654 1694 1668 1708 ·
1688 1678 1750 1730 οὐ
1779 1678 1916 1750 πρὸς

315 1768 584 1837 τυχόντας
609 1769 938 1838 κατήγοντο,
968 1767 1086 1820 ἀλλ’
1104 1768 1252 1823 ῶσπε
1261 1787 1293 1839 ρ
1336 1771 1532 1824 ἐκεῖνοι
1560 1771 1734 1835 οἰκίας
1777 1771 1917 1841 λαμ-

315 1857 588 1929 πρότητα,
626 1857 770 1911 οὓτω
801 1858 904 1928 τῆς
932 1859 1112 1930 ψυχῆς
1139 1860 1343 1932 ἀρετὴν
1398 1862 1696 1934 ἐπεζήτουν
1747 1857 1914 1922 οῦτοι,

318 1951 418 2004 καὶ
459 1951 599 2022 μετά
630 1950 920 2022 ἀκριϐείας
957 1951 1375 2024 διερευνώμενοι
1406 1956 1532 2019 τοὺς
1578 1957 1916 2027 ἐπιτηδείους

303 2047 532 2110 -αὑτοῖς,
569 2046 706 2116 πρὸς
725 2044 970 2108 ἐκείνους
1000 2048 1324 2114 κατήγοντο.
1357 2047 1468 2101 Καὶ
1489 2048 1598 2118 γὰρ
1628 2049 1722 2102 καὶ
1753 2049 1916 2120 νόμος

318 2138 474 2210 παρά
494 2137 587 2192 τοῦ
613 2137 855 2208 Χριστοῦ
881 2136 1040 2191 τοῦτο
1061 2137 1298 2190 κελεύων
1327 2138 1524 2194 ἔκειτο.
1559 2142 1662 2207 ΕῘς
1701 2139 1782 2208 ῆν
1807 2141 1916 2212 γάρ

318 2231 522 2296 πόλιν,
545 2230 732 2299 φησὶν,
757 2228 796 2297 ἢ
823 2229 1021 2282 οἰκίαν
1039 2229 1722 2298 εὶσέλθητε,ἐρωτήσατε
1738 2233 1827 2298 τίς
1848 2233 1918 2285 ἐν

318 2321 477 2389 αὐτῇ
515 2321 688 2386 ἄξιός
713 2322 864 2384 ἐστι,
892 2320 1070 2376 κάκεῖ
1088 2322 1352 2391 μείνατε.
1384 2324 1545 2375 Ὥστε
1603 2323 1742 2390 ἄξιοι
1773 2325 1917 2378 Παύ-

320 2413 415 2465 λου
437 2408 579 2483 ἦσαν
599 2407 746 2466 οῦτοι
761 2429 775 2443 ο
803 2413 928 2466 εἰδὲ
950 2412 1092 2478 ἄξιοι
1113 2413 1349 2478 Παύλου,
1379 2413 1488 2466 τῶν
1510 2415 1758 2483 ἀγγέλων
1777 2413 1916 2488 ἦσαν

319 2505 485 2571 ἄξιοι.
530 2505 674 2573 Ἐγὼ
735 2505 798 2558 τὸ
845 2505 1121 2576 δωμάτιον
1157 2506 1356 2568 ἐκεῖνο,
1412 2507 1509 2560 καὶ
1565 2508 1793 2579 οὐρανὸν
1823 2509 1916 2561 καί

333 2598 661 2668 Ἐκκλησίαν
691 2597 914 2668 θαρρῶν
944 2598 1011 2650 ἂν
1041 2597 1411 2667 προσείποιμι.
1428 2599 1601 2652 Ὅπου
1634 2600 1744 2671 γάρ
1771 2601 1907 2653 Παῦ-

317 2690 412 2752 λος
433 2685 522 2760 ἦν,
556 2691 676 2742 ἐκεῖ
704 2690 800 2742 καὶ
838 2690 866 2741 ό
905 2688 1146 2760 Χριστὸς
1175 2685 1264 2760 ἦν.
1297 2691 1368 2743 Εἰ
1413 2688 1673 2760 δοκιμὴν
1725 2690 1918 2760 ἐπιζηο

319 2782 497 2847 τεῖτε,
520 2781 676 2852 φησὶ,
708 2781 816 2835 τοῦ
832 2781 903 2833 ἐν
917 2779 1050 2850 ἐμοὶ
1080 2781 1421 2845 ,λαλοῦντος
1433 2783 1722 2848 Xpro'toﬁ;
1745 2785 1916 2836 Ὀπου

319 2873 384 2926 δέ
403 2872 640 2942 Χριστὸς
669 2867 760 2942 ἦν,
794 2873 914 2924 ἐκεῖ
944 2869 1040 2924 καὶ
1066 2870 1290 2938 ἄγγελοι
1322 2869 1565 2941 συνεχῶς
1594 2873 1844 2942 ἐφοίτων.

395 2966 460 3018 υί
487 2963 543 3017 δέ
574 2964 668 3017 καὶ
701 2962 808 3034 πρὸ
833 2961 1026 3015 τούτου
1074 2961 1450 3033 παρασχόντες
1485 2962 1711 3025 ἑαυτοὺς
1737 2961 1920 3025 ἀξίους

329 3055 435 3124 τῆς
459 3054 558 3108 τοῦ
592 3053 808 3108 Παύλου
843 3053 1164 3125 θεραπείας,
1189 3053 1443 3124 ἐννόησον
1473 3054 1618 3117 τίνες
1651 3053 1918 3122 ἐγένοντο,

320 3143 474 3201 ἔτεσι
528 3147 625 3200 δύο
657 3145 1035 3208 συνοικοῦντες
1068 3143 1241 3215 αὐτῷ,
1278 3145 1373 3199 καὶ
1415 3146 1625 3216 σχῆμα,
1675 3147 1770 3200 καὶ
1823 3145 1921 3217 βά-

321 3239 515 3309 δισμα,
546 3238 643 3292 καὶ
671 3235 914 3307 βλέμμα,
950 3237 1047 3290 καὶ
1084 3236 1289 3308 τρόπον
1315 3237 1532 3307 στολῆς,
1564 3237 1661 3290 καὶ
1681 3239 1922 3304 εἰσόδους

323 3331 422 3385 καὶ
449 3329 689 3394 ἐξόδους,
724 3329 820 3382 καὶ
851 3327 1022 3382 τᾶλλα
1054 3327 1238 3382 πάντα
1283 3329 1753 3402 παρατηροῦντες.
1799 3331 1923 3385 Ἐπί

323 3423 438 3494 γάρ
471 3421 581 3476 τῶν
609 3420 785 3489 ἁγίων
827 3420 951 3490 οὐχὶ
997 3419 1070 3472 τά
1113 3421 1336 3492 ῥήματα
1374 3419 1550 3474 ταῦτα
1590 3421 1770 3492 μόνον,
1799 3423 1922 3477 ούδέ

326 3514 386 3568 αἰ
413 3511 756 3568 διδασκαλίαι
789 3513 884 3565 καὶ
919 3511 977 3565 αἰ
1009 3511 1383 3583 παραινέσεις,
1406 3511 1542 3567 ἀλλά
1576 3513 1671 3567 καὶ
1699 3515 1730 3584 ἡ
1760 3513 1920 3586 λοιπὴ

325 3605 424 3659 τοῦ
479 3603 597 3676 βίου
628 3605 779 3658 πᾶσα
829 3603 1146 3676 ἀναστροφὴ
1194 3604 1440 3677 ἀρκοῦσα
1487 3605 1684 3674 γένοιτ’
1711 3607 1777 3661 ἂν
1808 3611 1922 3671 τοῖς

330 3695 486 3769 [176]
507 3697 837 3767 προσέχουσι
877 3695 1202 3750 διδασκαλία
1239 3696 1578 3768 φιλοσοφίας.
1635 3699 1921 3771 Ἐννόησον

328 3791 522 3862 ήλίκον
552 3785 624 3862 ἦν
670 3789 799 3844 ἰδεῖν
833 3789 1068 3855 Παῦλον,
1103 3791 1199 3843 καὶ
1252 3790 1789 3863 δειπνοποιούμενον,
1825 3793 1920 3846 καὶ

330 3881 694 3954 ἐπιτιμῶντα,
736 3882 831 3936 καὶ
868 3880 1317 3953 παρακαλοῦντα,
1355 3884 1450 3936 καὶ
1471 3885 1786 3956 εὐχόμενον,
1824 3885 1920 3939 καὶ

331 3973 663 4046 δακρύοντα,
687 3974 900 4041 ἐξιόντα
930 3975 1024 4028 καὶ
1051 3974 1309 4028 εἰσιόντα.
1345 3976 1409 4029 Εἰ
1442 3977 1552 4050 γὰρ
1586 3977 1919 4030 δεκατέσσα-

336 4085 438 4138 ρας
468 4066 759 4130 ἐπιστολάς
779 4066 995 4137 ἔχοντες
1021 4066 1202 4138 μόνον,
1237 4069 1518 4139 πανταχοῦ
1543 4069 1645 4140 τῆς
1668 4070 1923 4138 οἰκουμέ-

331 4176 436 4231 νης
466 4159 639 4224 αὐτὰς
666 4160 1058 4231 περιφέρομεν,
1083 4163 1131 4214 οἱ
1157 4161 1255 4233 τὴν
1272 4163 1455 4232 πηγὴν
1482 4162 1594 4215 τῶν
1623 4162 1921 4215 ἐπιστολῶν

333 4251 574 4322 ἔχοντες,
623 4253 674 4305 οἱ
708 4253 808 4322 τὴν
838 4252 1085 4322 γλῶτταν
1121 4255 1222 4324 τῆς
1251 4253 1576 4324 οἰκουμένης
1595 4294 1609 4318 ,
1645 4254 1694 4307 οἰ
1718 4254 1780 4307 τὸ
1808 4254 1922 4322 φῶς

330 4345 450 4400 τῶν
493 4343 848 4414 Ἑκκλησιῶν,
871 4346 922 4397 οἰ
955 4344 1049 4398 τὸν
1075 4343 1324 4416 θεμέλιον
1346 4348 1447 4416 τῆς
1467 4345 1722 4410 πίστεως,
1755 4346 1805 4399 οἰ
1829 4344 1922 4396 τὸν

335 4437 532 4492 στῦλον
556 4437 654 4491 καὶ
687 4436 750 4490 τὸ
779 4437 1060 4508 ἑδραίωμα
1088 4437 1189 4508 τῆς
1235 4435 1511 4506 ἀληθείας,
1541 4437 1687 4500 τίνες
1715 4437 1818 4490 οὐκ
1857 4437 1923 4490 ἂν

334 4527 590 4597 ἐγένοντο
620 4526 840 4596 ἀγγέλῳ
873 4525 1102 4596 τοιούτῳ
1134 4525 1407 4590 συζῶντες
1431 4542 1445 4590 ;
1481 4525 1543 4576 Εἰ
1572 4525 1681 4596 γὰρ
1706 4526 1774 4578 τὰ
1799 4528 1923 4595 ἰμά-

331 4639 429 4677 τια
461 4620 627 4675 αὐτοῦ
655 4620 907 4688 δαίμοσιν
955 4615 1024 4690 ἦν
1055 4618 1262 4690 φοϐερά
1287 4659 1302 4680 ,
1337 4619 1430 4672 καὶ
1474 4619 1743 4690 τοσαύτην
1778 4615 1922 4689 εἶχον

337 4713 515 4783 ἰσχὺν,
549 4713 584 4783 ὴ
615 4712 925 4782 συνοίκησις
959 4709 1124 4764 αὐτοῦ
1145 4709 1320 4780 πόσην
1350 4709 1452 4761 οὐκ
1484 4708 1548 4762 ἀν
1565 4709 1924 4762 ἐπεσπάσατο

336 4805 660 4876 Πνεύματος
688 4805 882 4876 χάριν;
919 4803 992 4855 Τὸ
1024 4802 1132 4873 γὰρ
1157 4802 1256 4872 τὴν
1285 4799 1471 4869 κλίνην
1495 4803 1627 4871 ὁρᾷν
1653 4803 1753 4870 τὴν
1779 4802 1924 4853 Παύ-

335 4896 456 4960 λου,
487 4897 549 4948 τὸ
577 4895 687 4967 γὰρ
715 4896 813 4964 τὴν
856 4893 1169 4965 στρωμνὴν,
1221 4891 1285 4944 τὸ
1322 4889 1431 4962 γὰρ
1479 4890 1550 4943 τὰ
1578 4891 1920 4962 ὑποδήματα,

337 4989 443 5042 οὐκ
477 4987 543 5041 ἂν
565 4987 802 5059 ἤρκεσεν
835 4987 1017 5048 αὐτοῖς
1047 4985 1128 5047 εἰς
1151 4983 1412 5036 ὑπόθεσιν
1461 4982 1808 5047 κατανύξεως
1849 4984 1925 5036 δι-

334 5079 570 5152 ηνεκοῦς
590 5097 604 5146 ;
623 5081 687 5133 Εἰ
708 5080 814 5149 γὰρ
837 5081 885 5131 οἰ
914 5077 1166 5148 δαίμονες
1194 5076 1429 5147 ὁρῶντες
1457 5075 1620 5128 αὐτοῦ
1639 5076 1704 5127 τὰ
1735 5075 1924 5146 ἱμάτια

337 5175 614 5244 ἔφριττον,
657 5171 840 5242 πολλῷ
895 5171 1095 5242 μᾶλλον
1141 5171 1191 5223 οἱ
1221 5169 1405 5222 πιστοὶ
1439 5170 1532 5222 καὶ
1588 5169 1925 5240 συζήσαντες

338 5265 490 5336 αὐτῷ
513 5265 906 5319 κατενύσσοντο
932 5264 1219 5334 βλέποντες
1241 5263 1401 5316 αὐτά.
1427 5262 1612 5326 ’Ἄξιον
1632 5262 1688 5314 δέ
1706 5263 1926 5314 κάκεῖνο

337 5357 618 5424 ἐξετάσαι,
648 5357 791 5419 τίνος
822 5356 1030 5419 ἕνεκεν,
1061 5353 1508 5426 προσαγορεύων,
1542 5353 1640 5423 τὴν
1671 5353 1926 5422 Πρίσκιλ-

335 5455 441 5505 λαν
467 5450 780 5524 προτέθεικε
801 5448 896 5505 τοῦ
920 5447 1124 5517 ἀνδρός.
1151 5447 1228 5502 Οὐ
1253 5446 1358 5519 γὰρ
1383 5447 1554 5509 εἶπεν,
1589 5445 1925 5498 Ἀσπάσασθε

352 5541 589 5597 Ἀκύλαν
618 5541 712 5594 καὶ
730 5539 1081 5611 Πρίσκιλλαν,
1115 5538 1272 5603 ἀλλὰ,
1293 5538 1626 5608 Πρίσκιλλαν
1653 5538 1747 5590 καὶ
1765 5538 1926 5590 Ἀκύ-

338 5637 460 5692 λαν.
497 5634 636 5688 υύδέ
663 5633 773 5705 γὰρ
803 5632 962 5686 τοῦτο
987 5631 1174 5695 ἁπλῶς
1194 5630 1470 5700 ἐποίησεν,
1496 5631 1612 5684 ἀλλ’
1629 5631 1751 5700 ἐμοὶ
1783 5630 1928 5683 δοκεῖ

341 5728 566 5780 πλείονα
610 5727 749 5796 αύτῇ
786 5722 1085 5778 συνειδέναι
1115 5722 1214 5776 τοῦ
1247 5723 1438 5792 ἀνδρὸς
1477 5721 1783 5776 εὐλάϐειαν.
1819 5725 1927 5774 Καὶ

339 5817 428 5875 δτι
455 5819 516 5872 ού
541 5817 847 5891 στοχασμὸς
881 5817 941 5870 τὸ
968 5815 1279 5886 εἰρημένον,
1309 5814 1484 5878 ἔξεστι
1535 5815 1627 5869 καὶ
1685 5814 1792 5869 ἀπὺ
1818 5817 1925 5870 τῶν

3482 353 3589 410 192

2018 476 2280 550 Πράξεων
2323 475 2483 531 τοῦτο
2537 477 2747 548 μαθεῖν.
2780 474 2885 530 Τὸν
2921 473 3032 544 γάρ
3104 467 3364 532 Ἀπολλὼ,
3421 469 3589 538 ἄνδρα

2015 570 2198 640 λόγιον
2253 570 2386 625 ὄντα
2423 569 2518 624 καὶ
2553 569 2776 623 δυνατὸν
2820 570 2878 621 ἐν
2909 568 3032 629 ταῖς
3086 565 3355 636 Γραφαῖς,
3405 559 3594 616 καὶτὸ

2020 664 2306 736 βάπτισμα
2339 663 2585 718 Ἰωάννου
2619 662 2776 732 μόνον
2802 659 3000 721 εἰδότα,
3027 657 3164 726 αῦτη
3196 655 3434 709 λαϐοῦσα
3460 669 3595 708 κατ·

2017 761 2193 831 ήχησε
2225 757 2326 829 τὴν
2363 757 2482 814 ὁδὸν
2529 755 2622 809 τοῦ
2653 753 2788 808 Θεοῦ
2811 794 2826 821 ,
2861 752 2955 806 καὶ
2987 749 3304 805 διδάσκαλον
3361 749 3595 819 ἀπηρτι-

2021 850 2220 922 σμένον
2260 848 2534 919 ἐποίησεν.
2567 848 2640 900 Ού
2675 846 2784 917 γὰρ
2821 845 2877 899 αἱ
2902 842 3122 896 ἐπὶτῶν
3147 839 3459 894 ἀποστόλων
3497 853 3598 908 γυ-

2018 947 2203 1006 ναῖκες
2232 941 2408 995 ταῦτα
2430 941 2760 1012 ἐμερίμνων,
2791 938 2932 1010 άπερ
2958 938 3014 990 αἱ
3048 935 3161 998 νῦν,
3188 936 3335 996 ὅπως
3363 931 3596 1002 λαμπρά

2023 1034 2213 1105 ἱμάτια
2245 1031 2624 1102 περιϐάλοιντο
2647 1071 2661 1094 ,
2695 1029 2789 1083 καὶ
2838 1026 3204 1098 ἐπιτρίμμασι
3233 1024 3327 1076 καὶ
3355 1024 3598 1091 ὑπογρα-

2021 1127 2148 1193 φαῖς
2175 1123 2273 1194 τὴν
2301 1122 2427 1192 ὄψιν
2457 1122 2556 1192 τὴν
2600 1120 2807 1174 ἑαυτῶν
2839 1117 3270 1180 καλλωπίσαιεν,
3328 1115 3422 1167 καὶ
3472 1113 3597 1174 τοὺς

2020 1218 2221 1288 ἄνδρας
2246 1215 2373 1279 τοὺς
2398 1213 2606 1269 ἑαυτῶν
2629 1215 2976 1283 ἐνάγχουσαι,
3004 1210 3103 1280 τῆς
3122 1208 3364 1277 γείτονος
3388 1205 3481 1258 καὶ
3499 1204 3598 1272 τῆς

2019 1309 2282 1380 ὁμοτίμου
2347 1307 2805 1377 πολυτελεστέραν
2864 1302 3270 1374 ἀναγκάζουσαι
3336 1297 3598 1369 πρίασθαι

2023 1402 2249 1474 στολὴν,
2297 1403 2395 1456 καὶ⁴
2447 1401 2674 1464 λευκοὺς
2724 1399 3002 1470 ἡμιόνους,
3051 1397 3144 1450 καὶ
3188 1392 3600 1464 χρυσοπάστους

2023 1494 2297 1566 χαλινοὺς,
2327 1493 2422 1548 καὶ
2453 1493 2747 1564 θεραπείαν
2771 1490 3076 1560 εὐνούχων,
3116 1487 3210 1541 καὶ
3242 1485 3408 1538 πολὺν
3439 1483 3601 1552 θερα-

2023 1587 2283 1641 παινίδων
2314 1586 2502 1658 ἐσμὸν,
2528 1586 2621 1639 καὶ
2648 1586 2749 1657 τὴν
2787 1585 2954 1655 ἄλλην
2995 1583 3212 1636 ἅπασαν
3247 1578 3343 1650 τὴν
3368 1573 3602 1642 καταγέ-

2022 1678 2217 1732 λαστον
2243 1679 2544 1749 φαντασίαν
2565 1696 2578 1708 ·
2597 1679 2734 1732 ἀλλὰ
2759 1676 2933 1730 ταῦτα
2954 1675 3132 1728 πάντα
3147 1667 3598 1738 ἀποσεισάμεναι,

2025 1772 2118 1825 καὶ
2163 1771 2256 1826 τὸν
2292 1772 2556 1843 κοσμικὸν
2577 1769 2947 1825 ἀποϐαλοῦσαι
2973 1766 3163 1835 τῦφον,
3198 1763 3256 1817 ἓν
3292 1761 3450 1832 μόνον
3471 1757 3600 1826 ἐξήο

2022 1883 2171 1931 τουν,
2207 1867 2358 1930 ὅπως
2396 1866 2644 1920 κοινωνοὶ
2675 1865 2943 1933 γένωνται
2971 1859 3081 1913 τῶν
3123 1854 3458 1917 ἀποστόλων,
3507 1851 3602 1903 καὶ

2022 1965 2122 2033 τῆς
2155 1961 2328 2032 θήρας
2381 1959 2560 2015 αὐτῶν
2599 1959 2921 2030 μετάσχοιεν
2961 1955 3061 2024 τῆς
3098 1951 3289 2021 αὐτῆς.
3317 1946 3416 2000 Διά
3443 1943 3605 1998 τοῦτο

2022 2057 2122 2108 οὐκ
2148 2054 2287 2127 αὐτὴ
2320 2055 2456 2126 μόνη
2487 2053 2732 2123 τοιαύτη,
2763 2050 2900 2105 ἀλλὰ
2944 2049 3041 2102 καὶ
3068 2049 3123 2100 αἰ
3171 2043 3358 2099 λοιπαὶ
3406 2043 3600 2094 πᾶσαι.

2025 2149 2137 2201 Καὶ
2181 2147 2291 2219 γὰρ
2337 2149 2466 2219 περὶ
2501 2145 2763 2218 Περσίδος
2803 2141 2950 2206 τινός
2985 2157 3170 2211 φησιν,
3207 2139 3367 2202 "Huc
3399 2131 3603 2188 πολλὰ

2022 2241 2350 2294 ἐκοπίασεν
2371 2242 2458 2306 εἰς
2477 2238 2654 2309 ἡμᾶς,
2674 2239 2768 2291 καὶ
2794 2236 3014 2306 Μαρίαν
3027 2233 3121 2286 καὶ
3149 2230 3464 2302 Τρύφαιναν
3494 2224 3603 2279 ἀπὸ

2023 2332 2230 2385 τούτων
2251 2331 2520 2402 θαυμάζει
2547 2330 2658 2384 τῶν
2683 2329 2864 2382 πόνων
2889 2368 2903 2392 ,
2929 2328 3011 2380 ὅτι
3045 2323 3282 2378 ἐκοπίων
3331 2319 3470 2392 μετὰ
3494 2319 3604 2372 τῶν

2025 2427 2359 2493 ἀποστόλων,
2388 2426 2484 2479 καὶ
2517 2425 2655 2496 πρὸς
2681 2423 2808 2485 τοὺς
2827 2421 3022 2482 αὐτοὺς
3056 2417 3274 2486 ἀγῶνας
3303 2411 3606 2468 ἀπεδύσαν-

2024 2539 2104 2576 το.
2137 2522 2248 2575 Καὶ
2278 2519 2395 2583 πῶς
2429 2518 2680 2589 Τιμοθέῳ
2708 2515 2934 2586 γράφων
2954 2511 3108 2584 φησί,
3156 2506 3407 2565 Γυναικί
3435 2503 3503 2557 δὲ
3520 2503 3605 2555 δι-

2025 2611 2278 2665 δάσκειν
2320 2611 2432 2665 οὐκ
2456 2608 2770 2677 ἐπιτρέπω,
2823 2604 2966 2659 οὐδὲ
3018 2599 3330 2656 αὐθεντεῖν
3357 2597 3463 2650 τοῦ
3496 2597 3604 2649 ἀν-

2026 2705 2200 2774 δρός;
2237 2707 2404 2758 Ὅταν
2431 2705 2526 2757 καὶ
2577 2707 2605 2756 ό
2643 2702 2784 2774 ἀνὴρ
2821 2698 3054 2770 εὐλαϐὴς
3083 2694 3139 2770 ᾖ,
3171 2694 3265 2748 καὶ
3308 2691 3408 2763 τήν
3435 2689 3606 2759 αὐτὴν

2029 2794 2209 2847 πίστιν
2238 2794 2595 2865 κεκτημένος,
2623 2794 2717 2846 καὶ
2746 2793 2844 2863 τῆς
2873 2790 3042 2860 αὐτῆς
3096 2786 3288 2856 σοφίας
3321 2781 3563 2854 μετέχων
3588 2795 3604 2808 ⁸

2027 2890 2157 2942 ὅταν
2185 2889 2242 2942 δὲ
2279 2889 2507 2951 ἄπιστος
2605 2889 2699 2940 καὶ
2722 2883 3160 2954 πεπλανημένος,
3191 2879 3291 2932 οὐκ
3313 2876 3608 2944 ἀποστερεῖ

2027 2982 2125 3054 τὴν
2142 2981 2428 3034 αὖθεντίαν
2449 2979 2546 3050 τῆς
2562 2977 2910 3038 διδασκαλίας
2931 2975 3138 3045 αὑτήν..
3152 2969 3460 3042 Κορινθίοις
3474 2965 3608 3035 γοῦν

2027 3075 2360 3128 ἐπιστέλλων
2389 3073 2568 3141 λέγει·
2599 3070 2707 3125 Καὶ
2727 3068 2881 3138 γυνὴ
2915 3067 3048 3135 ἣτις
3086 3065 3213 3131 ἔχει
3250 3060 3441 3128 ἄνδρα
3471 3057 3607 3110 ἀπι-

2018 3186 2199 3233 στον,
2219 3167 2304 3238 μὴ
2336 3165 2552 3236 ἀφιέτω
2578 3165 2786 3219 αὐτόν.
2824 3161 2884 3216 Τί
2931 3159 3040 3229 γὰρ
3083 3153 3272 3222 οἶδας,
3299 3155 3473 3223 γύναι
3493 3191 3508 3216 ,
3555 3153 3613 3203 εἰ

2028 3263 2138 3318 τὸν
2166 3261 2359 3330 ἄνδρα
2377 3258 2597 3324 σώσεις
2613 3273 2632 3322 ;
2659 3256 2784 3318 Πῶς
2806 3255 2863 3307 δὲ
2896 3255 2961 3307 ἂν
3001 3251 3202 3304 ἔσωσεν
3234 3245 3449 3318 ἠπιστὴ
3470 3243 3610 3313 γυνὴ

2029 3353 2121 3406 τὸν
2143 3352 2316 3425 ἄνδρα
2348 3350 2440 3404 τὸν
2471 3349 2729 3412 ἀπιστον;
2759 3343 3091 3415 Κατηχοῦσα
3133 3339 3374 3412 δηλονότι
3406 3336 3500 3390 καὶ
3530 3333 3608 3386 δι-

2028 3451 2303 3504 δάσκουσα
2333 3445 2484 3520 [ιτη
2513 3447 2608 3500 καὶ
2653 3444 2921 3513 ἐνάγουσα
2956 3439 3092 3512 πρὸς
3122 3437 3223 3508 τὴν
3256 3435 3462 3500 πίστιν,
3497 3431 3606 3486 ὦσ-

2031 3568 2135 3623 περ
2156 3547 2252 3604 οῦν
2277 3548 2376 3602 καὶ
2401 3545 2538 3616 αῦτη
2581 3541 2823 3597 ⁹Απολλὼ
2860 3543 2894 3612 ή
2925 3535 3246 3612 Πρίσκιλλα.
3286 3532 3496 3595 ΙἈλλως
3527 3531 3607 3593 δὲ,

2029 3649 2156 3704 ὅταν
2188 3647 2344 3718 λέγῃ,
2365 3642 2619 3699 Γυναικί
2637 3639 2950 3695 διδάσκειν
2995 3638 3108 3690 οὐκ
3135 3630 3448 3700 ἐπιτρέπω,
3480 3626 3608 3696 περὶ

2029 3749 2126 3819 τῆς
2151 3747 2210 3800 ἐν
2234 3743 2312 3816 τῷ
2369 3742 2576 3814 βήματι
2612 3736 2959 3799 διδασκαλίας
2987 3733 3178 3802 λέγει,
3234 3728 3364 3800 περὶ
3395 3727 3495 3797 τῆς
3551 3725 3608 3776 ἐν

2030 3843 2195 3916 κοινῷ
2227 3841 2535 3909 διαλέξιως,
2564 3837 2660 3892 καὶ
2685 3838 2785 3908 τῆς
2817 3832 2958 3888 κατά
2975 3831 3066 3885 τὸν
3095 3827 3393 3901 ἱερωσύνης
3414 3823 3570 3892 λόγον
3591 3840 3605 3854 ι

2032 3946 2139 4016 ἰδίᾳ
2169 3943 2228 3996 δέ
2260 3942 2544 4011 παραινεῖν
2582 3937 2676 3990 καὶ
2719 3929 3111 4005 συμϐουλεύειν
3159 3927 3260 3980 οὐκ
3312 3923 3607 3977 ἐκώλυσεν.

2031 4041 2240 4112 Οὐγγάρ
2261 4040 2348 4105 ἂν,
2373 4038 2422 4091 εί
2449 4031 2828 4105 κεκωλυμένον
2855 4025 2945 4101 ἦν,
2969 4025 3171 4096 ταύτην
3196 4021 3426 4093 ἐπῄνεσε
3454 4017 3613 4072 τοῦτο

2030 4141 2185 4197 ποιοῦ
2193 4157 2312 4196 σαν.

2099 4241 2161 4294 δ’.
2181 4237 2552 4292 Ἀκουέτωσαν
2582 4232 2794 4304 ἄνδρες,
2818 4226 3168 4282 ἀκουέτωσαν
3189 4220 3365 4275 ταῦτα
3389 4219 3482 4272 καὶ
3511 4234 3609 4287 γυ-

2031 4341 2249 4401 ναῖκες’
2287 4335 2489 4388 ἐκεῖναι
2529 4329 2648 4402 μὲν,
2682 4328 2772 4381 ἵνα
2810 4324 2909 4397 τὴν
2937 4320 3210 4393 ὁμόφυλον
3247 4317 3343 4372 καὶ
3377 4313 3610 4382 συγγενῆ

2036 4435 2410 4506 μιμήσωνταιο
2437 4424 2581 4484 οὗτοι
2609 4426 2686 4490 δέ,
2717 4425 2804 4478 ἵνα
2835 4421 2910 4494 μὴ
2940 4417 3200 4489 γυναικὸς
3233 4413 3613 4482 ἀσθενέστεροι

2033 4532 2351 4604 φαίνωνται.
2395 4529 2532 4580 Τίνα
2569 4523 2678 4595 γὰρ
2724 4521 2918 4591 ἕξομεν
2962 4515 3284 4584 ἀπολογίαν,
3327 4511 3450 4566 τίνα
3483 4524 3614 4577 συγ-

2031 4631 2278 4704 γνώμην,
2303 4630 2430 4682 ὃταν
2463 4619 2740 4694 γυναικῶν
2772 4615 3045 4687 τοσαύτην
3075 4609 3382 4683 προθυμίαν
3410 4606 3614 4661 ἐπιδει-

2034 4732 2314 4806 κνυμένων
2344 4728 2437 4782 καὶ
2464 4725 2737 4792 τοσαύτην
2784 4714 3122 4790 φιλοσοφίαν,
3157 4711 3320 4782 ἡμεῖς
3359 4709 3474 4769 τοῖς
3518 4702 3612 4758 τοῦ

2033 4837 2238 4906 κόσμου
2298 4829 2618 4902 πράγμασιν
2676 4815 2825 4892 ὦμεν
2888 4811 3256 4882 συνδεδεμένοι
3318 4804 3609 4877 διηνεκῶς;

2033 4904 2218 4986 Ταῦτα
2258 4927 2352 4982 καὶ
2387 4927 2644 4996 ἄρχοντες
2688 4915 3130 4990 μανθανέτωσαν,
3162 4907 3255 4962 καὶ
3288 4904 3608 4977 ἀρχόμενοι,

2033 5033 2125 5085 καὶ
2157 5029 2340 5098 ἱερεῖς,
2381 5023 2476 5077 καὶ
2509 5024 2556 5074 οἱ
2586 5019 2694 5072 τῶν
2726 5012 2930 5069 λαῖκῶν
2963 5009 3060 5081 τὴν
3099 5007 3252 5074 τάξιν
3281 5005 3516 5076 ἔχοντες,
3546 5003 3611 5055 ἵν’

2033 5131 2230 5183 ἐκεῖνοι
2274 5125 2372 5196 μὲν
2405 5121 2481 5193 μὴ
2513 5120 2639 5181 τοὺς
2672 5112 3040 5175 πλουτοῦντας
3081 5107 3434 5178 θαυμάζωσι,
3481 5103 3614 5176 μηδέ

2032 5226 2132 5289 τὰς
2173 5221 2493 5292 περιφανεῖς
2521 5215 2789 5269 διώκωσιν
2831 5210 3038 5275 οἰκίας,
3085 5206 3198 5260 ἀλλ’
3239 5205 3441 5276 ἀρετὴν
3477 5201 3614 5272 μετᾶ

2034 5323 2223 5384 πενίας
2263 5317 2500 5391 ζητῶσι,
2549 5313 2644 5367 καὶ
2673 5314 2786 5375 τοῖς
2823 5307 3190 5379 πτωχοτέροις
3223 5305 3330 5357 τῶν
3374 5299 3615 5367 ἀδελφῶν

2037 5422 2112 5493 μὴ
2149 5416 2617 5488 ἐπαισχύνωνται,
2661 5409 2798 5482 μηδέ
2847 5407 2938 5461 τὸν
2990 5401 3332 5474 σκηνοποιὸν,
3381 5399 3475 5452 καὶ
3526 5398 3614 5449 τὸ)

2036 5515 2392 5590 βυρσοδέψην,
2419 5513 2512 5568 καί
2539 5511 2632 5563 τὸν
2668 5503 3130 5578 πορφυροπώλην,
3163 5501 3257 5554 καὶ
3293 5497 3383 5552 τὸν
3417 5495 3614 5567 χαλκο-

2034 5617 2204 5670 τύπον
2237 5611 2696 5684 παρατρέχοντες,
2726 5607 2853 5669 τοὺς
2879 5606 2938 5656 ἐν
2974 5598 3318 5660 δυναστείαις
3349 5591 3606 5664 θεραπεύ-

2036 5729 2230 5768 σωσινο
2259 5713 2310 5764 οἱ
2343 5711 2401 5764 δὲ
2430 5707 2745 5779 ἀρχόμενοι,
2773 5703 2864 5756 ἵνα
2900 5701 2974 5773 μὴ
3007 5699 3302 5769 νομίζωσιν
3340 5688 3480 5760 εἶναι
3514 5687 3608 5741 κῶς

2037 5814 2181 5885 λυμα
2218 5809 2349 5882 πρὸς
2375 5806 2474 5878 τὴν
2507 5800 2768 5873 ὑποδοχὴν
2798 5798 2905 5854 τῶν
2951 5797 3140 5868 ἁγίων,
3167 5791 3282 5850 ἀλλ’
3313 5787 3613 5848 ἐννοοῦντες
