3964 6342
409 325 513 382 193

387 445 488 517 τὴν
522 447 718 518 χήραν,
751 446 782 518 ἡ
817 445 908 501 16v
942 447 1128 502 Ἦλίαν
1161 446 1476 515 ὑπεδέξατο,
1521 447 1698 519 δράκα
1738 447 1970 518 ἀλεύρου

391 539 552 610 μόνον
587 538 807 610 ἔχουσα,
847 539 943 594 καὶ
977 539 1204 604 τούτους
1225 579 1240 604 ,
1285 539 1336 593 οἳ
1370 541 1463 594 τὸν
1513 540 1724 594 Παῦλον
1770 538 1975 592 διετίαν

389 629 656 696 ἐξένισεν,
697 630 797 694 τὰς
825 629 1003 694 οἰκίας
1037 629 1351 699 διανοίγωοι
1390 632 1504 695 τοῖς
1535 630 1847 701 δεομένοις,
1877 629 1973 683 καὶ

390 722 570 777 πάντα
599 724 715 786 τοῖς
766 721 940 789 ξένοις
982 716 1085 777 ὦσι
1131 723 1288 778 κοινά
1320 721 1669 794 κεκτημένοι.
1715 721 1807 794 Μὴ
1863 722 1972 794 γάρ

391 830 484 885 μοι
517 812 676 868 τοῦτο
707 815 888 887 εἴπῃς,
925 816 1009 868 ὅτι
1051 815 1271 879 οἰκέτας
1312 815 1412 868 οὐκ
1449 813 1594 884 ἔχεις
1621 811 1972 884 διακονουμέ-

389 923 534 970 νους.
563 905 684 961 Κᾶν
725 906 835 982 γάρ
881 905 1109 979 μυρίους
1147 907 1296 981 ἔχῃς,
1323 908 1352 960 6
1380 905 1511 971 Θεός
1555 922 1615 959 σε
1643 903 1855 958 κελεύει
1882 902 1972 957 διά

393 997 590 1052 σαυτοῦ
619 997 721 1069 τῆς
747 997 1050 1068 φιλοξενίας
1072 998 1163 1053 τὸν
1193 998 1404 1070 καρπὸν
1428 998 1654 1070 τρυγᾷν.
1682 995 1784 1050 Διά
1812 994 1972 1050 τοῦτο

390 1090 604 1156 Παῦλος
653 1091 802 1164 χήρᾳ.
849 1091 1074 1160 γυναικὶ
1121 1090 1534 1163 διαλεγόμενος,
1585 1090 1679 1144 καὶ
1730 1087 1970 1143 κελεύων

389 1185 558 1256 αὐτὴν
613 1185 932 1256 ξενοδοχεῖν,
989 1185 1050 1238 οὐ
1100 1184 1168 1238 δι’
1199 1185 1424 1256 ἐτέρων,
1480 1181 1619 1237 ἀλλά
1665 1182 1734 1236 δι’
1766 1180 1968 1251 ἑαυτῆς

387 1277 546 1330 τοῦτο
593 1277 904 1330 ἐπέταττεν.
954 1274 1136 1331 Εἰπὼν
1191 1276 1322 1347 γάρ,
1373 1273 1442 1328 Εἰ
1501 1272 1965 1341 ἐξενοδόχησεν.

387 1368 688 1438 ἐπήγαγεν,
719 1371 789 1422 Εἰ
832 1367 1018 1438 ἁγίων
1045 1367 1238 1433 πόδας
1278 1367 1513 1434 ἔνιψεν.
1544 1365 1660 1420 Οὐκ
1709 1360 1883 1428 εἶπεν,
1915 1363 1966 1416 εἰ

386 1463 643 1532 χρήματα
665 1459 1025 1530 ἐδαπάνησεν,
1051 1459 1193 1521 ούδέ,
1220 1460 1268 1512 εί
1298 1460 1412 1522 τοῖς
1439 1457 1681 1522 οἰκέταις
1710 1456 1966 1510 ἐκέλευσε

377 1552 543 1606 τοῦτο
576 1553 822 1624 ποιῆσαι.
851 1553 988 1617 ἀλλ’,
1025 1554 1073 1606 εί
1105 1552 1172 1606 δι’
1206 1551 1408 1622 ἑαυτῆς
1442 1549 1601 1607 τοῦτο
1646 1549 1962 1622 εἰργάσατο.

384 1644 485 1696 Διά
511 1643 669 1697 τοῦτο
705 1644 797 1698 καὶ
820 1645 850 1697 6
888 1643 1140 1716 Ἀϐραὰμ
1167 1643 1510 1715 τριακοσίους
1533 1640 1680 1707 ὀκτὼ
1709 1641 1804 1694 καὶ
1830 1641 1968 1694 δέκα

384 1738 673 1804 οἰκογενεῖς
721 1735 878 1807 ἔχων,
921 1735 1081 1799 αὐτὸς
1116 1735 1210 1790 ἐπὶ
1255 1735 1356 1805 τὴν
1394 1733 1597 1806 ἀγέλην
1629 1733 1840 1803 ἔτρεχε,
1873 1732 1968 1785 καὶ

383 1827 476 1881 16v
505 1829 703 1899 μόσχον
737 1827 1030 1892 ἐϐάσταζε,
1065 1828 1160 1884 καὶ
1190 1827 1259 1881 τὰ
1297 1826 1434 1882 ἄλλα
1463 1827 1678 1884 ἅπαντα
1705 1825 1964 1897 διηκόνει,

385 1919 480 1972 καὶ
509 1919 609 1988 τὴν
641 1921 871 1987 γυναῖκα
905 1918 1159 1973 κοινωνὸν
1189 1918 1361 1972 ἐποίει
1393 1917 1501 1981 τῶν
1529 1919 1630 1989 τῆς
1661 1917 1966 1986 φιλοξενίας

385 2007 629 2077 καρπῶν.
655 2007 755 2062 Διά
779 2007 938 2069 τοῦτο
967 2008 1063 2074 καὶ
1096 2009 1126 2061 6
1165 2006 1369 2078 Κύριος
1406 2007 1565 2079 ἡμῶν
1599 2006 1804 2078 Ἰησοῦς
1832 2008 1967 2078 Χρι-

385 2100 506 2162 στὸς
540 2101 631 2152 καὶ
666 2101 723 2154 ἐν
752 2101 925 2172 φάτνῃ
956 2101 1222 2168 τίκτεται,
1252 2099 1349 2167 καὶ
1389 2101 1446 2152 ἐν
1471 2099 1619 2171 οἰκίᾳ.
1651 2099 1964 2169 τικτόμενος

380 2189 667 2258 τρέφετατ,
713 2189 806 2240 καὶ
850 2177 1105 2258 αὐξηθεὶς
1144 2187 1244 2241 οὐκ
1272 2182 1386 2256 εἷχε
1429 2185 1532 2240 ποῦ
1578 2186 1678 2257 τὴν
1723 2184 1966 2257 κεφαλὴν

383 2275 560 2346 κλίνῃ,
589 2275 676 2328 ἶνα
717 2291 777 2327 σε
808 2274 1072 2347 παιδεύσῃ
1099 2274 1186 2328 διὰ
1216 2273 1432 2328 πάντων
1464 2275 1539 2348 μὴ
1575 2275 1711 2346 πρὸς
1737 2274 1803 2328 τά
1828 2273 1966 2345 λαμ-

382 2365 499 2436 πρά
525 2365 616 2419 τοῦ
663 2365 781 2436 βίου
814 2365 1006 2429 τούτου
1046 2353 1329 2438 κεχηνέναι
1377 2367 1698 2437 πράγματα,
1728 2365 1843 2419 ἀλλ’
1872 2366 1964 2419 εὑ-

380 2459 590 2524 τελείας
619 2455 758 2513 εἰναι
795 2457 1028 2530 ἐραστὴν
1074 2459 1374 2530 πανταχοῦ,
1404 2458 1499 2513 καὶ
1531 2458 1806 2529 πτωχείαν
1842 2457 1966 2512 διώ-

382 2566 518 2612 κειν,
560 2549 652 2603 καὶ
689 2549 1008 2619 περιουσίαν
1053 2547 1296 2618 φεύγειν,
1330 2550 1424 2602 καὶ
1461 2547 1662 2602 ἔσωθεν
1693 2548 1965 2602 καλλωπί-

381 2640 589 2705 ζεσθαι.
624 2639 798 2704 Πᾶσα
835 2641 946 2712 γὰρ
981 2640 1020 2707 ἡ
1051 2639 1202 2706 δόξα
1238 2639 1350 2710 τῆς
1389 2639 1682 2712 θυγατρὸς
1714 2639 1820 2694 τοῦ
1855 2641 1966 2704 ,βα-

380 2730 620 2804 σιλέως,
669 2730 853 2805 φησὶν,
891 2731 1138 2786 ἔσωθεν.
1181 2731 1306 2785 Ἐἀν
1348 2729 1480 2803 ἔχῃς
1519 2727 1838 2802 προαίρεσιν
1877 2748 1964 2801 φι-

380 2824 614 2896 λόξενον,
640 2807 861 2890 ᾆπασαν
883 2824 981 2896 τῆς
1012 2823 1316 2894 φιλοξενίας
1341 2823 1483 2895 ἔχεις
1513 2823 1612 2894 τὴν
1639 2823 1832 2895 θήκην,
1861 2822 1964 2877 κᾶν

377 2917 566 2971 ὀϐολὸν
595 2914 664 2990 ᾖς
692 2917 1029 2996 κεκτημένος
1067 2917 1256 2990 μόνον·
1289 2917 1356 2972 ἃν
1386 2917 1444 2970 δέ
1487 2916 1872 2988 μισάνθρωπος
1897 2911 1964 2991 ᾖς

381 3008 476 3062 καὶ
519 3007 830 3078 μισόξενος,
884 3007 989 3062 κᾶν
1041 3007 1112 3061 τά
1150 3006 1330 3062 πάντα
1379 3003 1447 3081 ᾖς
1499 3006 1964 3080 περιϐεϐλημένος

379 3103 704 3172 πράγματα,
749 3097 1185 3183 ἐστενοχώρηταί
1231 3115 1314 3154 σοι
1347 3101 1459 3164 τοῖς
1501 3098 1672 3166 ξένοις
1712 3101 1744 3171 ἡ
1793 3099 1958 3154 οἰκία.

385 3193 501 3248 Οὐκ
528 3188 672 3264 εἶχεν
694 3191 832 3264 αῦτη
871 3191 1058 3261 κλίνας
1089 3191 1536 3265 ἀργυρενδέτους,
1567 3191 1682 3244 ἀλλ’
1710 3187 1826 3262 εἷχε
1861 3208 1964 3246 σω-

379 3285 657 3358 φροσύνην
686 3285 918 3357 πολλήν⁸
949 3285 1049 3339 οὐκ
1078 3269 1192 3356 εἶχε
1230 3285 1544 3356 στρωμνὴν,
1581 3285 1720 3338 ἀλλά
1766 3285 1963 3356 προαί-

380 3393 531 3449 ρεσιν
559 3377 823 3449 ἐκέκτητο
853 3377 1100 3449 προσηνῆ
1129 3375 1222 3430 καὶ
1251 3375 1523 3456 φιλόξενον
1541 3392 1555 3406 ·
1579 3377 1680 3429 οὐκ
1709 3373 1821 3447 εἶχε
1847 3377 1962 3430 κίο-

378 3487 475 3534 νας
507 3469 1023 3540 ἀπαστράπτοντας,
1070 3468 1191 3521 ἀλλ’
1230 3465 1343 3540 εἷχε
1375 3468 1553 3541 ψυχῆς
1581 3467 1733 3542 [178]
1769 3469 1964 3533 κάλλος

376 3562 730 3634 ἀπολάμπονο
759 3561 860 3614 οὐκ
892 3555 1005 3631 εἶχε
1033 3559 1242 3629 τοίχους
1277 3543 1590 3631 μαρμάηροις
1630 3560 1963 3633 περιϐεϐλη-

381 3635 610 3720 μένους,
655 3652 773 3706 οὺδὲ
813 3652 1008 3722 ἔδαφος
1045 3651 1248 3723 ψηφῖσι
1296 3643 1693 3725 διηνθισμένον,
1749 3651 1862 3704 ἀλλ’
1894 3649 1963 3724 ἦν

378 3746 519 3815 αὑτὴ
553 3745 682 3809 ναὸς
721 3744 815 3799 τοῦ
849 3743 1186 3816 Πνεύματος.
1231 3742 1419 3797 Ταῦτα
1452 3743 1715 3816 ἐπῄνεσεν
1739 3745 1766 3797 ό
1812 3744 1961 3798 Παῦ-

378 3836 492 3900 λος,
531 3835 737 3889 τούτων
772 3836 990 3908 ἠράσθη
1011 3852 1024 3867 ·
1060 3834 1150 3889 διὰ
1189 3834 1366 3888 ταῦτα
1395 3834 1490 3907 ἔτη
1523 3835 1616 3889 δύο
1653 3836 1841 3906 μείνας
1870 3837 1963 3889 ἐπὶ

378 3928 479 3999 τῆς
510 3929 688 3992 οἰκίας
725 3931 828 3983 οὐκ
874 3928 1244 3983 ιίιτιανίστατο⁹
1286 3927 1377 3982 διά
1419 3927 1591 3982 ταῦτα
1634 3929 1815 3983 αὐτῶν
1863 3929 1962 3999 μέ-

383 4033 582 4087 μνηται
629 4016 932 4088 διηνεκῶς,
981 4017 1076 4070 καὶ
1131 4016 1407 4090 ἐγκώμιον
1455 4019 1640 4082 αὐτοῖς
1679 4017 1962 4089 συντίθησι

383 4111 526 4180 μέγα
563 4112 658 4164 καὶ
689 4109 1025 4181 θαυμαστὸν,
1057 4111 1155 4183 οὐχ
1200 4112 1286 4165 ἵνα
1319 4111 1514 4175 αὐτοὺς
1549 4110 1963 4183 λαμπροτέρους

379 4205 698 4275 ἐργάσηται,
721 4203 834 4257 ἀλλ’
858 4204 945 4258 ἵνα
967 4205 1093 4268 τοὺς
1120 4205 1340 4268 λοιποὺς
1363 4207 1444 4269 εἰς
1465 4204 1559 4258 τὸν
1583 4204 1744 4258 αὐτὸν
1778 4207 1963 4278 ἀγάγῃ

379 4295 562 4366 ζῆλον,
585 4295 680 4348 καὶ
707 4295 868 4367 πείσῃ
898 4295 1245 4368 μακαρίζειν,
1269 4296 1390 4368 οὐχὶ
1417 4297 1544 4361 τοὺς
1572 4297 1960 4364 πλουτοῦντας,

376 4386 498 4440 οὐδέ
527 4386 653 4449 τοὺς
687 4387 744 4439 ἐν
776 4386 971 4457 ἀρχαῖς
1018 4385 1176 4458 δντας
1197 4427 1214 4453 ,
1255 4385 1392 4440 ἀλλά
1436 4389 1564 4451 τοὺς
1605 4386 1922 4456 φιλοξένους
1943 4425 1960 4452 ,

377 4477 504 4542 τοὺς
550 4475 877 4548 ἐλεήμονας,
929 4477 1057 4540 τοὺς
1087 4474 1533 4548 φιλανθρώπους,
1573 4477 1702 4540 τοὺς
1756 4475 1958 4549 πολλὴν

380 4570 509 4640 περὶ
539 4570 668 4633 τοὺς
698 4569 885 4637 ἁγίους
912 4568 1312 4642 φιλοφροσύνην
1339 4569 1839 4642 ἐπιδεικνυμένους.

447 4670 509 4718 ε’.
526 4665 712 4722 Ταῦτα
735 4662 800 4736 δὴ
826 4661 921 4717 καὶ
951 4664 1114 4735 ἡμεῖς
1129 4663 1239 4719 ἀπὸ
1254 4663 1356 4735 τῆς
1377 4665 1736 4736 προσρήσεως
1757 4662 1961 4735 ταύτης

379 4754 664 4827 μαθόντες,
692 4754 778 4809 διὰ
808 4753 917 4809 τῶν
961 4755 1142 4827 ἔργων
1173 4755 1353 4810 αὐτῶν
1400 4754 1826 4827 ἐπιᾶιξιῦμεθα·
1865 4754 1963 4809 καὶ

381 4851 518 4920 μήτε
544 4848 670 4912 τοὺς
708 4845 1073 4911 πλουτοῦντας
1114 4846 1298 4911 ἁπλῶς
1344 4847 1763 4919 μακαρίζωμεν,
1815 4849 1958 4920 μήτε

374 4945 502 5006 τοὺς
540 4943 786 5012 πτωχοὺς
826 4939 1273 5012 ἐξευτελίζωμεν,
1313 4941 1448 5012 μηδέ
1493 4941 1961 5013 ἐπαισχυνώμεθα

374 5033 624 5104 τέχναις,
677 5033 810 5103 μηδὲ
856 5033 1059 5097 ὄνειδος
1111 5028 1252 5086 εἶναι
1313 5033 1626 5104 νομίζωμεν
1677 5035 1958 5105 ἐργασίαν,

375 5123 514 5180 ἀλλά
539 5123 760 5193 ἀργίαν,
783 5123 879 5176 καὶ
903 5123 964 5176 16
995 5122 1070 5195 μὴ
1099 5123 1243 5193 ἔχειν
1269 5139 1321 5175 τι
1356 5127 1548 5177 ποιεῖν.
1581 5125 1642 5176 Εί
1685 5125 1794 5198 γάρ
1823 5125 1962 5178 δνει-

374 5218 466 5280 δος
487 5211 555 5287 ἦν
581 5215 641 5267 16
667 5208 1019 5286 ἐργάζεσθαι,
1059 5217 1158 5272 οὐκ
1197 5216 1263 5272 ἂν
1299 5217 1434 5270 αὐτὸ
1463 5217 1730 5288 μετῆλθεν
1757 5221 1786 5272 ό
1813 5217 1962 5272 Παῦ-

375 5310 490 5374 λος,
515 5308 616 5361 οὒκ
639 5306 707 5361 ἂν
745 5309 832 5359 ἐπ’
855 5307 1005 5378 αὐτῷ
1034 5308 1218 5379 μεῖζον
1242 5309 1564 5380 ἐφρόνησεν,
1587 5309 1728 5364 οὕτω
1756 5309 1958 5380 λέγων’

391 5403 533 5456 Ἐὰν
565 5401 674 5470 γὰρ
702 5400 1180 5471 εὐαγγελίζωμαι,
1209 5405 1321 5457 οὐκ
1351 5402 1484 5456 ἔστι
1521 5419 1626 5472 μοι
1659 5403 1957 5474 καύχημα.

382 5493 477 5560 Τίς
499 5493 612 5547 οὖν
640 5492 740 5562 μοι
763 5493 936 5545 ἐστιν
956 5495 990 5546 ό
1011 5495 1230 5561 μισθός
1249 5512 1267 5559 ;
1286 5495 1413 5549 "Ira
1437 5494 1961 5565 εὐαγγελιζόμενος

375 5585 692 5639 ἀδάπανον
729 5582 899 5650 θήσω
943 5584 1008 5638 τὸ
1027 5584 1398 5655 Εὐαγγέλιον
1428 5585 1536 5642 τοῦ
1581 5587 1861 5655 Χριστοῦ.
1898 5589 1961 5642 Εἰ

377 5675 436 5728 δέ
465 5675 626 5746 τέχνη
659 5675 865 5739 δνειδος
901 5669 990 5744 ἦν,
1035 5677 1140 5728 οὐκ
1177 5676 1243 5730 ἂν
1281 5677 1407 5739 τοὺς
1454 5677 1529 5748 μὴ
1558 5677 1960 5749 ἐργαζομένους

375 5767 635 5820 ἐκέλευσε
690 5768 824 5840 μηδὲ
880 5767 1101 5820 ἐσθίειν.
1156 5768 1426 5840 Ἀμαρτία
1465 5771 1571 5841 γὰρ
1619 5771 1778 5841 μόνον
1811 5773 1960 5826 ἐστὶν

378 5857 609 5924 δνειδοςυ
640 5859 844 5932 ταύτην
868 5859 923 5914 δὲ
953 5861 1116 5932 ἀργία
1147 5861 1349 5917 τίκτειν
1399 5862 1577 5930 εἴωθε,
1608 5863 1699 5918 καὶ
1730 5865 1789 5918 οὐ
1832 5865 1960 5936 μίαν

1069 347 1126 405 ε.
1167 347 1458 405 JOANNIS
1496 344 1998 404 CIIRYSOSTOMI
2040 345 2359 406 ARCIHEI’.
2399 345 2950 408 CONSTANTINOP.

3545 334 3644 392 19$

2083 450 2176 504 καὶ
2206 450 2300 506 δύο
2330 453 2424 506 xal
2451 453 2600 523 τρεῖς
2632 452 2814 523 μόνον,
2851 450 2988 506 ἀλλά
3034 451 3213 504 πᾶσαν
3257 447 3392 520 ὁμοῦ
3425 447 3523 521 τὴν
3566 466 3665 503 πο-

2079 543 2292 614 νηρίαν.
2317 544 2416 598 Διά
2445 542 2603 598 τοῦτο
2647 544 2743 599 καί
2775 561 2862 608 τις
2893 541 3057 612 σοφὸς
3083 542 3317 606 δεικνὺς,
3360 541 3446 594 ὅτι
3481 542 3666 595 πᾶσαν

2077 632 2178 706 τὴν
2210 635 2404 689 κακίαν
2447 633 2684 698 ἐδίδαξεν
2712 636 2745 706 ἡ
2774 633 2965 704 ἀργία,
3007 633 3101 687 καὶ
3132 632 3259 702 περί¹
3288 631 3518 685 οἰκετῶν
3549 631 3665 684 δια-

2077 723 2365 796 λεγόμενός
2407 742 2607 796 φησιν·
2655 726 2914 795 Ἐμόαλε
2954 723 3142 778 αὑτὸν
3191 725 3278 789 εἰς
3315 721 3516 792 ἔργον,
3563 723 3666 776 ἵνα

2072 814 2158 885 μὴ
2184 814 2359 887 ἀργῇ.
2385 816 2563 887 Ὅπερ
2595 816 2701 887 γάρ
2733 818 2881 869 ἐστιν
2903 815 2932 867 ὁ
2957 814 3170 886 χαλινὸς
3197 812 3276 883 τῷ
3301 813 3476 883 ἵππῳ,
3505 811 3664 866 τοῦτο

2075 906 2138 960 τὸ
2163 906 2324 979 ἔργον
2347 910 2412 980 τῇ
2443 907 2605 977 φύσει
2629 911 2694 980 τῇ
2723 907 2988 978 ἡμετέρᾳ.
3011 907 3079 962 Εἰ
3108 905 3273 960 καλὸν
3298 900 3367 976 ἦν
3404 906 3440 975 ἡ
3470 904 3660 975 ἀργία,

2075 996 2256 1052 πάντα
2283 999 2350 1051 ἂν
2378 998 2638 1069 ἄσπαρτα
2668 998 2765 1051 καὶ
2791 997 3032 1068 ἀνήροτα
3057 997 3092 1066 ἡ
3123 996 3194 1067 γῆ
3227 994 3658 1049 ἀνεϐλάστανεν·

2075 1089 2193 1144 ἀλλ’
2226 1089 2378 1145 οὐδὲν
2419 1089 2660 1145 τοιοῦτον
2697 1089 3010 1161 ἐργάζεται.
3051 1087 3252 1159 Πρώην
3287 1086 3388 1158 μέν
3420 1081 3516 1140 οῦν
3541 1085 3662 1139 ἐκέ-

2074 1182 2266 1237 λευσεν
2297 1183 2536 1254 ἀνήροτα
2568 1183 2747 1236 πάντα
2775 1181 3028 1235 ἐκϐαλεῖν
3055 1181 3084 1234 6
3113 1179 3245 1243 Θεός
3264 1195 3277 1209 ·
3322 1178 3440 1235 νυνὶ
3468 1179 3528 1232 δέ
3561 1180 3662 1232 οὐκ

2075 1274 2328 1348 ἐποίησεν
2353 1274 2545 1338 οῦτως,
2575 1274 2714 1328 ἀλλά
2747 1275 2840 1328 καὶ
2888 1272 3075 1338 ζεῦξαι
3111 1271 3259 1341 βόας,
3297 1273 3392 1324 καὶ
3429 1270 3663 1342 ἄροτρον

2074 1367 2318 1432 ἑλκύσαι,
2343 1369 2437 1422 καὶ
2469 1366 2680 1422 αῦλακα
2709 1368 3022 1437 ἀνατεμεῖν,
3047 1365 3141 1418 καὶ
3169 1364 3460 1436 σπέρματα
3491 1380 3662 1418 κατα·

2073 1459 2308 1526 ϐάλλειν,
2357 1460 2452 1513 καὶ
2512 1461 2717 1530 ἑτέροις
2764 1459 2976 1522 πολλοῖς
3031 1458 3254 1528 τρόποις
3316 1457 3661 1528 θεραπεῦσαι

2073 1551 2168 1605 καὶ
2207 1552 2452 1622 ἄμπελον
2487 1554 2581 1605 καὶ
2611 1551 2800 1623 δένδρα
2841 1552 2936 1605 xal
2968 1550 3260 1621 σπέρματα
3289 1552 3403 1614 τοῖς
3442 1548 3660 1620 ἀνθρώ-

2073 1659 2196 1706 ποις
2226 1643 2635 1714 ἐνομοθέτησεν,
2667 1642 2735 1695 ἵν’
2775 1644 2808 1714 ἡ
2851 1643 2950 1713 τῆς
2983 1641 3249 1712 ἐργασίας
3277 1642 3508 1713 ἀσχολία
3551 1641 3660 1694 πά-

2074 1751 2175 1804 σης
2195 1734 2384 1808 ἀπάγῃ
2408 1734 2673 1806 πονηρίας
2709 1735 2811 1804 τὴν
2842 1735 2952 1788 τῶν
2979 1735 3364 1806 ἐργαζόμενων
3394 1734 3656 1788 διάνοιαν.

2085 1825 2176 1893 Ἐξ
2211 1828 2386 1899 ἀρχῆς
2419 1827 2518 1898 μὲν
2543 1823 2657 1891 οῦν,
2686 1826 2774 1879 ῖνα
2801 1826 2902 1897 τὴν
2929 1825 3161 1897 δύναμιν
3195 1824 3534 1896 ἐπιδείξηται
3557 1823 3660 1893 τὴν

2072 1919 2289 1983 ἑαυτοῦ,
2335 1921 2505 1992 χωρὶς
2551 1919 2658 1973 τῶν
2697 1918 2876 1973 πόνων
2941 1918 3050 1972 τῶν
3099 1917 3387 1989 ἡμετέρων
3439 1916 3657 1970 ἅπαντα

2071 2011 2391 2083 ἀναδοθῆναι
2437 2010 2819 2084 παρεσκεύασε
2839 2027 2853 2040 ·
2888 2009 3302 2078 Βλαστησὰτω
3342 2008 3452 2078 ιμὰρ
3491 2009 3532 2075 ἡ
3579 2007 3656 2077 γῆ

2065 2103 2340 2172 βοτάνην
2379 2107 2621 2174 χόρτου,
2658 2104 2820 2174 φησί·
2856 2104 2952 2158 καὶ
2983 2103 3160 2156 πάντα
3198 2100 3374 2172 ἐκόμα
3405 2099 3613 2163 εὐθέως
3637 2115 3652 2128 ·

2073 2195 2212 2264 μετά
2242 2196 2299 2249 δέ
2328 2195 2498 2249 ταῦτα
2535 2197 2632 2266 οὐχ
2661 2195 2862 2260 οὕτως’
2893 2193 3030 2249 ἀλλά
3063 2194 3157 2247 καὶ
3192 2193 3281 2246 διὰ
3319 2193 3431 2246 τῶν
3466 2192 3660 2263 ἡμετέ-

2073 2305 2183 2360 ρων
2222 2287 2360 2342 αὐτά
2399 2288 2578 2342 πόνων
2605 2287 2932 2359 ἐκφέρεσθαι
2965 2286 3252 2340 ἐκέλευσεν
3280 2285 3346 2338 ἐκ
3387 2284 3487 2354 τῆς
3528 2282 3656 2352 γῆς,

2074 2380 2158 2433 ἵνα
2180 2379 2355 2452 μάθῃς
2379 2381 2461 2434 ὅτι
2494 2380 2584 2434 διὰ
2606 2379 2667 2434 16
2691 2382 2960 2452 χρήσιμον
2991 2381 3124 2448 ἡμῖν
3150 2376 3246 2432 καὶ
3265 2375 3543 2438 λυσιτελὲς
3564 2374 3656 2426 τὸν

2071 2471 2232 2526 πόνον
2275 2474 2558 2540 εἰσήγαγε.
2604 2471 2717 2526 Kal
2761 2471 2908 2525 δοκεῖ
2959 2471 3060 2542 μὲν
3109 2464 3251 2522 εἷναι
3289 2467 3513 2532 κόλασις
3562 2467 3656 2520 καὶ

2070 2563 2311 2634 τιμωρία
2349 2563 2410 2617 τὸ
2458 2562 2720 2629 ἀκοῦσαι,
2760 2563 2856 2615 Ἐν
2909 2560 3106 2630 ίδρῶτι
3160 2559 3270 2614 τοῦ
3332 2556 3655 2628 προσώπου

2070 2672 2188 2711 σου
2220 2656 2379 2728 φάγῃ
2409 2657 2516 2712 τὸν
2558 2657 2741 2727 ἄρτον
2778 2671 2922 2710 σου·
2957 2655 3018 2709 16
3047 2653 3104 2708 δέ
3145 2653 3373 2724 ἀληθὲς,
3401 2650 3656 2706 νουθεσία

2070 2749 2154 2813 τίς
2185 2751 2302 2803 ἐστι
2332 2750 2429 2804 καὶ
2461 2741 2864 2818 σωφρονισμδς,
2903 2743 2996 2798 καὶ
3032 2745 3142 2801 τῶν
3169 2744 3504 2818 τραυμάτων
3544 2743 3653 2795 τῶν

2070 2843 2178 2898 ἀπὸ
2218 2843 2319 2912 τῆς
2356 2842 2636 2913 ἁμαρτίας
2671 2839 2979 2910 γενομένων
3010 2838 3322 2909 φάρμακον.
3351 2833 3450 2888 Διά
3478 2830 3655 2886 ταῦτα

2070 2936 2166 2991 καὶ
2197 2933 2409 2998 Παῦλος
2435 2932 2718 3005 εἰργάζετο
2750 2931 3033 3002 διηνεκῶς,
3056 2930 3157 2982 οὐκ
3189 2931 3247 2982 ἐν
3276 2926 3462 2998 ἡμέρᾳ
3494 2924 3654 2995 μόνῃ,

2069 3027 2208 3082 ἀλλά
2236 3029 2332 3082 καὶ
2370 3029 2428 3081 ἐν
2471 3027 2607 3097 αὐτῇ
2647 3027 2713 3096 τῇ
2756 3023 2942 3078 νυκτί·
2975 3024 3071 3077 καὶ
3114 3021 3271 3075 τοῦτο
3318 3018 3419 3090 βοᾷ
3447 3017 3651 3085 λέγων’

2069 3116 2302 3183 Νυκτὸς
2327 3116 2436 3187 γὰρ
2470 3115 2569 3168 καὶ
2599 3113 2826 3184 ἡμέρας
2861 3110 3262 3182 ἐργαζόμενοι,
3289 3107 3442 3176 πρὸς
3470 3109 3539 3160 τὸ
3565 3105 3652 3174 μὴ

2068 3207 2431 3276 ἐπιϐαρῆσαί
2465 3224 2599 3260 τινα
2632 3203 2818 3276 ὑμῶν.
2860 3205 2972 3258 Kal
3022 3203 3122 3273 ούχ
3171 3200 3357 3263 ἀπλῶς
3407 3197 3654 3268 τέρψεως

2069 3300 2256 3353 ἔνεκεν
2286 3299 2382 3353 καὶ
2426 3298 2787 3368 ψυχαγωγίας
2826 3296 2888 3349 τὸ
2933 3295 3092 3367 ἔργον
3141 3293 3364 3365 μετῄει,
3401 3289 3657 3359 καθάπερ

2070 3389 2256 3443 πολλοὶ
2275 3389 2384 3442 τῶν
2404 3387 2671 3457 ἀδελφῶν,
2696 3385 2833 3440 άλλά
2853 3385 3105 3439 τοσοῦτον
3127 3382 3477 3436 ἐπεδείκνυτο
3501 3376 3652 3451 [179]

2071 3481 2199 3554 περὶ
2228 3480 2362 3535 αὐτὸ
2401 3479 2583 3545 πόνον,
2622 3477 2698 3541 ὡς
2730 3477 2825 3530 καὶ
2863 3474 3069 3547 ἑτέροις
3100 3471 3400 3542 δυνηθῆναι
3431 3471 3658 3524 ἐπικου-

2073 3574 2253 3645 ρῆσαι.
2289 3570 2424 3636 Ταῖς
2468 3569 2579 3640 γὰρ
2609 3569 2837 3638 χρείαις
2868 3584 3010 3637 μου,
3044 3563 3199 3635 φησὶ,
3225 3561 3326 3617 καί
3354 3561 3482 3627 τοῖς
3514 3555 3658 3616 οὖσι

2063 3666 2192 3734 μετ’
2214 3663 2360 3734 ἐμοῦ
2385 3660 2777 3730 ὑπηρέτησαν
2803 3661 2862 3712 αὶ
2889 3657 3083 3727 χεῖρες
3105 3651 3305 3712 αὗται.
3330 3652 3657 3724 Ἀνθρωπος

2067 3757 2319 3828 δαίμοσιν
2354 3755 2677 3817 ἐπιτάττων,
2703 3751 2802 3822 τῆς
2834 3748 3160 3820 οἰκουμένης
3195 3745 3521 3806 διδάσκαλος
3554 3744 3654 3810 ὢν,

2067 3849 2195 3913 τοὺς
2225 3848 2323 3920 τήν
2351 3847 2454 3916 γῆν
2478 3843 2758 3906 οἰκοῦντας
2784 3841 3029 3905 ἅπαντας
3057 3838 3406 3910 ἐπιτραπεὶς,
3431 3837 3529 3890 καὶ
3557 3835 3655 3899 τάς

2071 3937 2160 4005 ὑφ’
2197 3935 2334 4006 ἡλίῳ
2367 3933 2624 4004 κειμένας
2667 3930 2991 4001 Ἐκκλησίας
3038 3927 3272 3992 ἁπάσας,
3314 3927 3411 3979 καὶ
3448 3925 3655 3997 δήμους

2070 4031 2162 4082 καὶ
2191 4027 2318 4099 ἔθνη
2350 4027 2446 4082 καί¹
2482 4025 2666 4087 πόλεις
2703 4021 2842 4094 μετὰ
2875 4021 3076 4092 πολλῆς
3109 4017 3432 4092 θεραπεύων
3461 4018 3657 4087 ἐπιμε-

2067 4123 2238 4186 λείας,
2267 4121 2438 4184 νύκτα
2469 4120 2562 4173 καὶ
2591 4117 2804 4190 ἡμέραν
2831 4115 3140 4188 εἰργάζετο,
3182 4113 3278 4169 καὶ
3306 4113 3431 4167 οὐδὲ
3460 4113 3655 4184 μικρὸν

2069 4213 2290 4279 ἀνέπνει
2332 4213 2440 4266 τῶν
2473 4211 2651 4264 πόνων
2678 4209 2922 4264 ἐκείνων.
2959 4209 3149 4279 Ἡμεῖς
3185 4206 3262 4271 δέ,
3299 4203 3424 4258 οὐδὲ
3461 4203 3526 4256 16
3555 4220 3655 4276 μυ-

2072 4305 2282 4378 ριοστὸν
2309 4305 2408 4375 τῆς
2444 4302 2650 4370 ἐκείνου
2689 4301 2968 4372 φροντίδος
3017 4298 3321 4369 μετιόντες,
3365 4294 3573 4366 μᾶλλον
3601 4294 3655 4348 δέ

2067 4398 2187 4452 οὐδὲ
2208 4399 2288 4461 εἰς
2315 4396 2439 4449 νοῦν
2467 4395 2653 4449 λαϐεῖν
2679 4393 2985 4464 δυνάμενοι,
3009 4389 3364 4459 διατελοῦμεν
3392 4389 3453 4441 ἐν
3481 4385 3653 4456 ἀργία

2069 4489 2270 4556 ζῶντες
2301 4486 2584 4559 διηνεκῶς.
2637 4486 2750 4540 Kal
2788 4485 2951 4538 ποίαν
3004 4482 3200 4554 ἕξομεν
3252 4480 3578 4548 ἀπολογίαν,
3619 4477 3652 4548 ἢ

2067 4584 2191 4638 τίνα
2214 4579 2564 4652 συγγνώμην,
2582 4578 2702 4644 εἰπέ
2735 4595 2856 4649 μοις
2897 4575 3179 4631 Ἐντεῦθεν
3205 4574 3425 4628 ἅπαντα
3452 4572 3535 4635 εἰς
3565 4570 3652 4624 τὸν

2070 4676 2184 4748 βίον
2209 4675 2578 4746 εἰσενήνεκται
2599 4671 2668 4726 τά
2693 4672 2859 4736 κακά,
2882 4671 2965 4725 δτι
2996 4667 3180 4723 πολλοὶ
3211 4665 3476 4738 μεγίστην
3499 4662 3654 4728 ἀξίαν

2068 4763 2206 4822 εἶναι
2252 4764 2563 4838 νομίζωσι,
2611 4763 2674 4817 16
2715 4763 2791 4834 μὴ
2843 4762 2943 4826 τὰς
2987 4759 3195 4814 ἐαυτῶν
3249 4754 3653 4829 μεταχειρίξειν

2067 4861 2296 4932 τέχνας,
2341 4859 2437 4912 καὶ
2498 4856 2736 4928 ἐσχάτην
2795 4853 3132 4926 κατηγορίαν
3153 4893 3167 4916 ,
3218 4852 3280 4904 16
3316 4847 3557 4918 φανῆναί
3604 4862 3654 4899 τι

2067 4951 2305 5006 τοιοῦτον
2332 4949 2561 5013 εἰδότας.
2591 4949 2702 5005 Καὶ
2734 4946 2946 5010 Παῦλος
2979 4945 3078 5017 μέν
3105 4945 3205 4998 οὐκ
3228 4940 3496 5013 ᾐσχύνετο
3519 4937 3650 5009 ὁμοῦ

2068 5044 2164 5097 καὶ
2186 5043 2385 5115 σμίλην
2417 5039 2834 5113 μεταχειρίζων,
2859 5040 2955 5106 καὶ
2986 5038 3237 5108 δέρματα
3278 5036 3530 5107 ῥάπτων,
3559 5031 3651 5086 καὶ

2065 5137 2178 5199 τοῖς
2212 5136 2270 5188 ἐν
2301 5133 2572 5204 ἀξιώμασι
2599 5131 3000 5201 διαλεγόμενος,
3031 5129 3169 5184 ἀλλά
3213 5129 3311 5184 καὶ
3353 5125 3650 5181 ἐνεκαλλω-

2068 5228 2257 5293 πίζετο
2293 5227 2372 5296 τῷ
2414 5225 2722 5296 πράγματι,
2755 5224 2965 5296 μυρίων
3007 5223 3146 5294 πρὸς
3184 5221 3348 5276 αὐτὸν
3383 5219 3652 5291 λαμπρῶν

2069 5320 2166 5375 καὶ
2195 5320 2484 5390 ἐπισήμων
2515 5317 2932 5388 ἀφικνουμένων
2961 5315 3289 5389 ἀνθρώπων.
3326 5313 3440 5367 Kal
3463 5313 3527 5366 οὐ
3561 5312 3651 5382 μό-

2067 5427 2156 5463 νον
2180 5410 2281 5462 οὑκ
2315 5407 2654 5480 ἐπῃσχύνετο
2679 5407 2856 5462 ταῦτα
2890 5405 3082 5470 ποιῶν,
3109 5403 3248 5474 ἀλλά
3275 5405 3372 5458 καὶ
3397 5401 3648 5471 καθάπερ

2068 5503 2127 5555 ἐν
2165 5499 2335 5572 στήλῃ
2372 5498 2548 5570 χαλκῇ
2577 5501 2696 5561 ταῖς
2741 5496 3053 5559 ἐπιστολαῖς
3082 5493 3498 5563 ἐξεπόμπευσεν
3526 5493 3648 5544 ἐαυ-

2067 5593 2162 5648 τοῦ
2195 5593 2256 5647 τὸ
2294 5592 2652 5662 ἐπιτήδευμα.
2685 5592 2862 5661 Ὅπερ
2887 5585 2984 5644 οὖν
3014 5587 3076 5654 ἐξ
3120 5587 3293 5660 ἀρχῆς
3333 5585 3529 5657 ἔμαθε,
3557 5584 3646 5638 καὶ

2073 5687 2211 5758 μετά
2251 5685 2423 5739 ταῦτα
2460 5683 2594 5739 αὐτὸ
2628 5681 2983 5753 μετεχείριζε,
3025 5680 3118 5734 καὶ
3151 5678 3272 5732 τότε
3307 5677 3450 5748 μετά
3483 5677 3542 5730 τὸ
3566 5679 3644 5738 εἰς

2069 5777 2295 5849 οὐρανὸν
2327 5777 2505 5848 τρίτον
2540 5777 2875 5847 ἁρπαγῆναι,
2913 5773 3055 5842 μετά
3092 5772 3152 5826 16
3195 5773 3276 5835 εἰς
3323 5769 3642 5841 παράδεισον
3719 5758 3725 5766 ’

2069 5869 2452 5942 ἀπενεχθῆναι,
2493 5869 2630 5940 μετὰ
2680 5869 2735 5923 16
2790 5867 3116 5939 κοινωνῆσαι
3169 5863 3434 5938 ῥημάτων
3471 5863 3638 5934 ἀτιορ-
