3964 6342
315 329 409 383 I93

306 448 481 502 solum
525 448 835 512 suppeteret
869 438 887 511 (
915 439 970 495 ὅ.
1000 438 1129 510 Reg.
1166 438 1360 494 ΠΛΟ.
1389 439 1558 509 sqq.),
1586 447 1639 493 et
1680 437 1902 492 istorum

308 538 394 608 qui
418 536 642 592 Paulum
663 533 732 590 ad
755 532 894 590 duos
923 546 1094 587 annos
1124 530 1388 601 hospitem
1417 530 1687 595 aluerunt,
1716 528 1907 584 domos

306 629 487 700 egenis
514 628 792 698 aperiant,
822 635 878 681 et
900 624 1078 680 omnia
1111 623 1410 694 hospitibus
1438 623 1744 679 communia
1782 636 1904 678 esse

309 723 491 789 velint,
517 736 637 792 quae
662 719 957 790 possident.
982 716 1099 773 Noli
1126 716 1268 772 enim
1296 715 1399 771 hoc
1428 714 1559 770 mihi
1584 714 1763 769 dicere
1782 754 1798 779 ,
1829 712 1909 767 fa-

311 813 488 869 mulos
546 812 641 867 tibi
684 811 863 867 nullos
908 824 1068 875 esse,
1101 808 1191 880 qui
1235 807 1549 865 inserviant.
1583 806 1733 862 Licet
1760 805 1903 861 enim

310 904 540 960 haberes
560 905 892 967 innumeros,
925 900 1169 972 prmcipit
1195 900 1357 967 Deus,
1384 907 1444 954 ut
1472 914 1567 970 per
1590 907 1641 953 te
1665 898 1780 968 ipse
1804 899 1905 951 ho-

307 994 616 1066 spitalitatis
653 993 885 1049 fructum
910 993 1188 1062 decerpas.
1222 991 1508 1061 Propterea
1551 989 1746 1046 Paulus
1784 1005 1905 1044 cum

308 1088 589 1144 mulierem
632 1087 846 1143 viduam
887 1086 1285 1156 alloqueretur,
1314 1100 1541 1156 eamque
1587 1085 1903 1156 hospitalem

306 1196 427 1237 esse
470 1180 686 1250 iuberet
709 1222 725 1245 ,
758 1194 866 1234 non
896 1193 993 1249 per
1020 1177 1189 1244 alias,
1230 1176 1327 1232 sed
1367 1193 1463 1247 per
1509 1163 1737 1247 seipsam
1773 1185 1827 1232 ut
1853 1175 1906 1231 id

306 1282 492 1345 ageret
519 1273 819 1345 imperavit.
851 1272 984 1328 Cum
1015 1272 1156 1327 enim
1187 1271 1447 1338 dixisset,
1487 1271 1548 1326 Si
1578 1270 1798 1341 hospitio
1827 1288 1906 1325 re-

306 1368 457 1438 cepit,
482 1366 696 1441 adjecit,
731 1366 801 1441 Si
816 1375 1106 1421 sanctorum
1132 1365 1282 1437 pedes
1309 1365 1430 1420 lavit
1459 1365 1539 1435 (Ι.
1566 1364 1697 1418 Tim.
1717 1364 1770 1419 5.
1792 1362 1900 1436 10).

304 1460 421 1516 Non
450 1460 621 1525 dixit,
644 1440 699 1515 Si
742 1440 996 1530 pecunias
1020 1458 1308 1529 expendit,
1342 1472 1545 1529 neque,
1575 1457 1639 1513 Si
1656 1457 1903 1524 famulis,

309 1561 368 1607 ut
397 1552 452 1607 id
494 1561 743 1621 agerent,
776 1550 1097 1621 imperavit,
1131 1549 1262 1615 sed,
1292 1549 1359 1605 Si
1381 1565 1477 1620 per
1505 1564 1564 1604 se
1591 1549 1761 1619 ipsam
1804 1548 1907 1603 hoc

308 1646 576 1716 praestitit.
604 1646 895 1714 Propterea
913 1652 969 1699 et
996 1642 1289 1709 Abraham,
1318 1632 1407 1697 cui
1431 1642 1655 1698 trecenti
1679 1648 1734 1697 et
1757 1649 1907 1697 octo-

308 1738 484 1793 decim
512 1746 666 1791 erant
694 1735 1007 1801 vernaculi,
1036 1734 1104 1789 ad
1143 1749 1359 1805 gregem
1403 1735 1517 1803 ipse
1554 1734 1822 1803 perrexit,
1850 1740 1906 1788 et

307 1831 534 1886 vitulum
560 1830 820 1900 gestavit,
860 1840 913 1885 et
944 1829 1048 1883 alia
1079 1837 1267 1883 cuneta
1307 1827 1602 1883 ministeria
1626 1827 1792 1891 obiit,
1824 1836 1906 1880 at-

307 1938 411 1993 que
435 1932 660 1977 uxorem
683 1922 734 1976 in
764 1921 1095 1977 consortium
1122 1921 1393 1976 fructuum
1422 1920 1799 1991 hospitalitatis
1818 1919 1905 1975 ad-

306 2015 483 2070 scivit.
514 2014 803 2084 Propterea
833 2028 1047 2085 quoque
1072 2013 1331 2069 Dominus
1360 2022 1545 2069 noster
1566 2012 1723 2068 Jesus
1751 2012 1906 2069 Chri-

306 2115 421 2162 stus
470 2116 526 2162 et
574 2107 625 2160 in
680 2107 942 2175 praesepio
996 2106 1271 2170 nascitur,
1322 2113 1379 2161 et
1422 2104 1474 2159 in
1530 2104 1693 2159 domo
1745 2117 1900 2159 natus

306 2200 602 2265 educatur,
633 2214 809 2270 neque
846 2198 1060 2254 adultus
1105 2198 1291 2253 habuit
1321 2197 1408 2253 ubi
1446 2207 1604 2267 caput
1638 2212 1791 2252 suum
1819 2213 1905 2252 rc-

305 2296 552 2359 ctinaret,
588 2301 646 2347 ut
673 2294 756 2347 bis
780 2292 1030 2347 omnibus
1060 2300 1112 2346 te
1138 2291 1375 2357 doceret,
1405 2300 1464 2345 ut
1488 2305 1575 2345 res
1608 2290 1759 2344 istius
1780 2289 1903 2345 vita:

304 2386 611 2457 splendidas
637 2385 705 2440 ad
742 2396 1017 2455 stuporem
1045 2400 1113 2439 ne
1140 2384 1352 2439 mireris
1373 2425 1389 2451 ,
1421 2383 1516 2438 sed
1549 2382 1747 2438 vilioris
1775 2398 1904 2436 eon-

304 2480 526 2534 ditionis
554 2487 765 2533 amator
791 2477 989 2546 ubique
1018 2476 1114 2541 sis,
1147 2490 1210 2531 ac
1238 2475 1565 2546 paupertatis
1593 2473 1898 2538 Studiosus,

303 2587 467 2641 opum
514 2569 895 2625 abundantiam
944 2570 1145 2635 evites,
1190 2576 1245 2622 et
1291 2566 1433 2621 intus
1482 2567 1665 2621 ornari
1720 2581 1897 2622 cures.

306 2664 489 2719 Omnis
514 2663 712 2734 quippe
739 2660 905 2733 gloria
926 2662 1049 2731 ﬁlia:
1076 2661 1209 2733 regis
1232 2659 1294 2713 ab
1315 2661 1450 2714 intus
1475 2658 1647 2729 (Psal.
1669 2660 1759 2715 44.
1785 2660 1899 2728 id),

302 2756 477 2828 inquit
505 2755 805 2826 Scriptura.
838 2754 894 2810 Si
928 2753 1205 2825 proposito
1231 2751 1397 2807 animi
1428 2753 1499 2807 tui
1528 2751 1901 2822 hospitalitatis

302 2862 492 2901 amans
517 2847 594 2901 sis
616 2887 632 2913 ,
660 2860 875 2902 omnem
908 2843 1290 2915 hospitalitatis
1319 2842 1529 2899 thecam
1561 2843 1748 2909 habes,
1777 2842 1902 2899 licet

303 2940 521 2995 obolum
549 2948 755 2994 tantum
788 2937 1063 3008 possideas
1088 2957 1101 2992 :
1131 2937 1211 2991 sin
1242 2944 1420 2991 autem
1452 2935 1773 2990 inhumanus
1801 2935 1897 3002 sis,

302 3042 358 3087 et
386 3031 628 3101 hospites
655 3029 854 3097 oderis,
879 3030 1005 3085 licet
1028 3028 1324 3083 innumeris
1349 3027 1511 3082 rebus
1536 3025 1896 3091 circumfluas,

303 3123 469 3178 nimis
500 3130 726 3192 angusta
752 3129 835 3177 est
868 3136 964 3192 pro
992 3120 1288 3192 peregrinis
1311 3119 1503 3175 domus
1528 3129 1634 3173 tua.
1659 3118 1773 3174 Non
1808 3120 1905 3173 ha—

302 3217 467 3272 bebat
495 3217 597 3271 ista
625 3216 797 3271 lectos
832 3225 1055 3286 argento
1083 3223 1301 3269 ornatos
1321 3255 1336 3279 ,
1387 3213 1480 3269 sed
1509 3229 1771 3269 summam
1804 3214 1901 3269 ba-

304 3306 468 3363 bebat
490 3307 790 3363 castitatem
821 3327 834 3363 :
862 3322 968 3361 non
996 3305 1228 3361 habebat
1267 3306 1580 3377 stragulum,
1606 3307 1702 3362 sed
1739 3307 1901 3362 animi

308 3400 582 3469 proposito
630 3407 747 3453 erat
779 3406 1060 3454 mansueto
1086 3405 1140 3454 et
1171 3396 1418 3470 hospitali
1451 3419 1464 3454 :
1494 3414 1598 3452 non
1628 3399 1904 3455 columnas

306 3490 541 3546 habebat
569 3489 835 3561 fulgentes
861 3532 876 3556 ,
904 3490 998 3544 sed
1037 3490 1229 3544 animae
1254 3489 1706 3561 pulchritudinem
1735 3489 1904 3545 habe-

306 3584 401 3639 hat
432 3584 754 3641 emicantcm
789 3603 802 3640 :
835 3600 945 3641 non
989 3600 1259 3643 marmore
1301 3585 1631 3641 convestitos
1674 3585 1905 3641 habebat

308 3677 563 3745 parietes,
599 3693 705 3731 non
745 3677 972 3746 gemmis
1001 3676 1310 3737 distinctum
1362 3679 1721 3747 pavimentum
1746 3720 1761 3745 ,
1809 3680 1903 3734 sed

309 3772 421 3839 ipsa
453 3770 686 3839 Spiritus
740 3779 856 3825 erat
900 3771 1177 3841 templum.
1226 3771 1351 3826 limo
1400 3772 1632 3826 laudavit
1674 3774 1901 3838 Paulus,

309 3862 427 3917 lucc
455 3862 757 3927 adamavit;
790 3872 1006 3932 prepter
1044 3864 1157 3919 lucc
1181 3879 1302 3919 cum
1335 3864 1386 3918 in
1425 3866 1627 3919 aedibus
1664 3867 1729 3920 ad
1770 3867 1906 3922 duos

306 3967 480 4007 annos
503 3962 867 4007 commoratus
887 3963 1058 4018 esset,
1089 3954 1210 4009 inde
1235 3970 1341 4009 non
1370 3957 1629 4011 recessit:
1659 3967 1903 4026 propter-

308 4062 373 4102 ea
402 4046 645 4101 meminit
677 4061 891 4117 semper
918 4047 1153 4116 ipsorum
1177 4090 1191 4112 ,
1212 4063 1505 4119 eorumque
1547 4050 1902 4107 laudationem

309 4138 565 4192 eximiam
596 4138 701 4193 illis
727 4140 964 4194 contexit
989 4148 1045 4194 et
1084 4139 1363 4194 miriﬁcam
1384 4182 1399 4206 ,
1432 4156 1537 4195 non
1571 4151 1628 4196 ut
1650 4142 1906 4199 clariores

308 4230 429 4285 illos
456 4229 666 4297 reddat,
700 4230 793 4285 sed
819 4240 878 4285 ut
898 4240 1123 4289 cmteros
1152 4232 1217 4285 ad
1248 4232 1493 4287 eumdem
1523 4234 1694 4287 zelum
1723 4250 1908 4289 accen-

307 4322 422 4388 dat,
454 4324 639 4392 eisque
664 4324 1017 4393 persuadeat,
1046 4332 1103 4379 ut
1123 4323 1309 4379 beatos
1335 4326 1645 4393 praedicent,
1678 4343 1782 4382 non
1810 4343 1905 4383 eos

307 4416 398 4484 qui
435 4414 628 4468 divites
668 4424 819 4481 sunt,
850 4431 1023 4485 neque
1052 4416 1141 4486 qui
1174 4425 1370 4487 gerunt
1406 4418 1744 4485 magistratus
1768 4460 1783 4484 ,
1811 4419 1906 4474 sed

306 4509 398 4576 qui
429 4506 722 4577 hospitales
750 4516 805 4563 et
832 4508 1206 4564 misericordes
1250 4517 1410 4573 sunt,
1444 4522 1499 4565 et
1528 4511 1761 4581 benigni,
1786 4512 1906 4583 qui-

306 4614 415 4670 que
438 4598 658 4654 multam
688 4614 815 4669 erga
845 4611 1060 4655 sanctos
1080 4600 1338 4657 exhibent
1361 4603 1691 4659 comitatem.

380 4694 437 4748 5.
468 4690 722 4764 Epilogus
750 4694 995 4748 sermonis
1030 4703 1078 4748 et
1119 4695 1399 4750 cohortatio
1426 4697 1635 4751 moralis
1674 4697 1744 4750 ad
1780 4714 1907 4768 apus

308 4801 574 4837 manuum.
624 4784 747 4838 Non
786 4785 928 4839 debet
962 4802 1054 4839 nos
1092 4786 1282 4856 pudere
1306 4786 1495 4841 laboris
1525 4796 1569 4840 et
1604 4789 1815 4860 apiﬁeii.
1838 4819 1908 4829 —

307 4878 437 4933 llrec
477 4878 636 4948 igitur
677 4894 797 4933 cum
829 4892 929 4933 nos
954 4894 1168 4950 quoque
1205 4894 1271 4935 ex
1296 4879 1397 4935 hac
1416 4880 1738 4937 salutatione
1766 4882 1907 4937 didi-

307 4972 543 5026 cerimus
568 5010 583 5035 ,
616 4970 870 5039 operibus
924 4971 1052 5040 ipsis
1100 4972 1373 5040 specimen
1416 4986 1603 5027 eorum
1648 4973 1905 5040 edamus,

308 5076 485 5131 neque
521 5060 712 5115 divites
742 5069 946 5116 temere
969 5061 1157 5121 beatos
1179 5062 1550 5132 prtedicemus,
1579 5080 1752 5134 neque
1776 5081 1908 5135 pau-

309 5168 467 5221 peres
506 5151 896 5222 vilipendamus
918 5192 935 5219 ,
966 5167 1140 5222 neque
1185 5167 1286 5210 nos
1311 5152 1508 5223 pudeat
1545 5154 1739 5213 artium
1764 5196 1779 5221 ,
1810 5172 1911 5212 nec

310 5243 580 5313 opiﬁcium
610 5244 863 5312 probrum
892 5258 1015 5299 esse
1042 5243 1320 5311 ducamus,
1348 5244 1441 5299 sed
1467 5244 1631 5308 otium
1651 5288 1665 5313 ,
1696 5256 1751 5304 et
1778 5248 1909 5302 nulli

309 5334 649 5405 occupationi
674 5350 885 5391 vacare.
914 5336 971 5390 Si
1015 5336 1157 5391 enim
1199 5337 1452 5406 probrum
1481 5348 1626 5393 esset
1663 5342 1907 5410 operari,

311 5443 418 5481 non
446 5429 779 5483 exercuisset
802 5437 972 5483 artem
999 5428 1261 5496 ejusmodi
1290 5430 1486 5488 Paulus
1510 5473 1523 5499 ,
1556 5449 1731 5503 neque
1755 5450 1817 5490 ea
1845 5437 1911 5492 de

312 5533 472 5573 causa
504 5520 677 5590 magis
702 5518 960 5590 gloriatus
985 5530 1149 5586 esset,
1178 5521 1249 5577 ita
1276 5520 1460 5577 dicens
1484 5540 1498 5577 :
1524 5522 1589 5579 Si
1606 5525 1737 5582 enim
1762 5542 1913 5580 evan-

311 5614 593 5684 gelizarero
612 5655 627 5677 ,
660 5629 762 5667 non
807 5622 881 5667 est
921 5613 1045 5668 mihi
1082 5614 1267 5685 gloria.
1304 5613 1432 5681 Qum
1456 5625 1529 5670 est
1568 5633 1685 5688 ergo
1724 5634 1910 5672 merces

310 5703 461 5757 mea?
481 5702 551 5759 Ut
571 5703 884 5776 euangelium
908 5704 1188 5773 pra'dicans
1207 5706 1313 5758 sine
1333 5716 1538 5774 sumptu
1566 5725 1749 5775 ponam
1768 5725 1911 5763 evan-

315 5789 725 5878 geliumﬂhristr
763 5795 852 5864 (i.
887 5796 1004 5851 (lor.
1033 5795 1083 5851 9.
1120 5796 1204 5853 16.
1233 5794 1354 5867 i8).
1399 5796 1552 5864 Quod
1582 5798 1627 5853 si
1654 5800 1903 5870 probrum

1058 323 1123 378 IN
1163 322 1385 390 lLLUD,
1426 322 1786 378 SALUTATE
1828 320 2235 376 PRISCILLAM
2278 322 2365 377 ΕΤ
2408 322 2734 391 ΑΩυΙΙιᾹΜ.
2776 322 2816 378 ῐ.

3505 328 3606 387 194

2014 443 2155 488 esset
2183 450 2290 501 ars,
2310 450 2640 506 nequaquam
2672 452 2765 492 eos
2789 437 2877 507 qui
2906 451 3010 493 non
3046 449 3415 510 operarcntur,
3442 443 3605 500 etiam

2014 524 2339 581 manducare
2381 530 2639 584 vetuisset
2683 529 2777 601 (2.
2809 529 2982 585 Thess.
3003 532 3057 585 '5.
3086 531 3151 588 l0
3181 533 3221 603 ).
3254 532 3435 589 Solum
3463 552 3605 592 enim

2012 626 2290 687 peccatum
2323 626 2405 672 est
2432 621 2683 703 probrum
2724 638 2736 674 :
2770 632 2825 676 at
2854 622 2985 693 illud
3013 639 3078 679 cx
3104 624 3215 681 otio
3247 626 3394 695 nasci
3424 630 3563 684 solet
3589 673 3605 697 ,
3636 683 3645 705 ι

2012 724 2111 764 nec
2137 726 2298 764 unum
2328 720 2420 765 aut
2458 712 2564 765 duo
2601 714 2686 769 vel
2716 715 2812 769 tria
2840 724 3066 782 tantum,
3101 718 3194 774 sed
3240 721 3417 775 omnis
3445 722 3607 789 simul

2012 801 2345 871 improbitas,
2374 805 2665 876 Propterea
2708 808 2921 878 sapiens
2964 812 3125 877 etiam
3166 813 3382 896 quidam
3422 826 3607 870 osten—

2010 891 2145 947 dens
2171 908 2385 949 omnem
2416 898 2673 951 malitiam
2703 899 2949 956 docuisse
2988 903 3155 957 otium
3241 913 3296 960 et
3326 906 3487 976 verba
3530 907 3606 973 fa-

2009 984 2157 1038 ciens
2182 985 2249 1040 de
2278 987 2448 1042 servis
2473 990 2543 1043 ait
2576 1007 2588 1042 :
2622 989 2767 1044 Mitte
2791 992 2936 1045 illum
2959 993 3011 1048 in
3037 998 3399 1067 operationem,
3427 1016 3490 1053 ne
3512 1016 3606 1058 oa-

2009 1086 2085 1128 eet
2112 1076 2128 1145 (
2157 1075 2319 1131 Eccli.
2346 1080 2433 1135 55.
2463 1080 2580 1151 28).
2610 1082 2761 1148 Quod
2797 1084 2940 1139 enim
2972 1094 3054 1140 est
3080 1085 3302 1143 frzenum
3337 1106 3507 1161 equo,
3553 1092 3605 1152 id

2010 1177 2093 1225 est
2118 1184 2251 1239 Opus
2291 1183 2496 1226 naturae
2526 1186 2740 1229 νοείτω.
2766 1175 2820 1231 Si
2848 1177 3047 1232 bonum
3078 1181 3201 1250 quid
3228 1195 3370 1238 esset
3398 1186 3564 1240 otium
3586 1228 3602 1251 ,

2009 1262 2187 1315 omnia
2219 1263 2334 1318 sine
2358 1277 2598 1320 semente
2626 1277 2681 1322 et
2706 1270 3024 1339 agricultura
3056 1282 3191 1327 terra
3240 1276 3557 1344 produceret
3585 1295 3602 1334 :

2009 1354 2152 1422 atqui
2185 1356 2313 1410 nihil
2339 1358 2442 1413 tale
2482 1371 2717 1428 prtrsta'.
2741 1362 2877 1417 Olim
2921 1365 3077 1435 igitur
3113 1375 3307 1423 terram
3346 1370 3602 1428 inaratam

2010 1443 2149 1499 ferre
2174 1455 2363 1501 cuncta
2393 1453 2648 1521 prmeepit
2673 1454 2811 1509 Deus
2846 1472 2858 1507 :
2887 1456 2995 1525 jam
3020 1474 3148 1513 vero
3176 1477 3279 1514 non
3323 1465 3392 1516 ita
3432 1464 3558 1519 fecit
3585 1504 3602 1531 ,

2010 1535 2104 1591 sed
2132 1547 2185 1592 et
2210 1538 2374 1595 boves
2393 1542 2649 1612 jungere,
2678 1555 2731 1600 et
2758 1562 3028 1603 vomerem
3060 1550 3291 1618 trahere,
3316 1563 3371 1608 ct
3396 1556 3603 1611 sulcum

2008 1627 2225 1696 ducere,
2256 1640 2310 1687 et
2337 1646 2520 1689 semen
2546 1636 2747 1706 jacere,
2775 1648 2934 1710 atque
2958 1641 3078 1696 aliis
3112 1645 3290 1699 multis
3316 1648 3489 1703 modis
3512 1665 3606 1704 co-

2009 1720 2121 1776 lere
2160 1732 2213 1778 et
2256 1724 2416 1779 vitem
2447 1735 2502 1781 et
2524 1728 2746 1783 arbores
2773 1740 2827 1785 et
2870 1732 3073 1790 semina
3104 1735 3409 1794 hominibus
3438 1740 3606 1812 impe-

2010 1814 2169 1879 ravit,
2200 1823 2258 1869 ut
2286 1818 2613 1886 operationis
2636 1824 2915 1892 occupatio
2937 1835 3171 1881 mentem
3198 1844 3405 1895 eorum,
3433 1832 3606 1904 quise

2008 1906 2261 1977 operibus
2285 1921 2621 1979 exercerent,
2658 1913 2725 1969 ab
2753 1918 2897 1971 omni
2926 1916 3266 1988 improbitate
3299 1937 3599 1993 revocaret,

2011 1998 2278 2068 l'rincipio
2298 2001 2533 2070 quidem,
2559 2014 2615 2058 ut
2642 2009 2931 2076 potentiam
2959 2000 3109 2065 suam
3128 2016 3457 2084 ostenderet,
3476 2018 3605 2074 elle-

2006 2088 2077 2141 cit
2103 2098 2160 2143 ut
2175 2092 2351 2145 omnia
2369 2094 2484 2147 sine
2506 2097 2699 2150 nostris
2720 2098 2988 2157 laboribus
3010 2106 3378 2172 provenirent:
3404 2108 3605 2173 (ienui-

2006 2191 2088 2234 uet
2103 2183 2243 2240 enim
2256 2193 2387 2237 tenta
2404 2184 2610 2239 herbam
2632 2189 2753 2257 [teni
2773 2188 2924 2261 (Gen.
2947 2192 2998 2247 1.
3020 2194 3133 2264 li),
3152 2195 3337 2266 inquit,
3354 2206 3407 2253 et
3423 2201 3603 2270 statim

2005 2283 2195 2333 cuncta
2225 2278 2521 2333 vernabant
2543 2297 2556 2344 ;
2580 2290 2763 2351 postea
2791 2298 2919 2337 vero
2945 2300 3050 2339 non
3079 2287 3186 2353 ita;
3211 2289 3303 2343 sed
3325 2298 3378 2344 et
3396 2304 3607 2348 nostro-

2004 2381 2124 2419 rum
2151 2367 2392 2422 laborant
2419 2385 2582 2439 opera
2614 2372 2774 2441 jussit
2804 2375 2891 2430 illa
2920 2391 2951 2431 e
2986 2385 3126 2432 terra
3150 2380 3399 2448 produci,
3425 2391 3481 2437 ut
3519 2384 3604 2438 di-

2005 2471 2125 2513 scas
2145 2458 2215 2513 ob
2233 2460 2510 2516 utilitatem
2528 2472 2581 2517 et
2596 2464 2935 2521 commodum
2964 2479 3203 2525 nostrum
3226 2472 3460 2528 laborem
3484 2491 3606 2533 esse

2006 2550 2295 2607 invectum.
2314 2554 2391 2609 Ac
2415 2555 2627 2609 videtur
2642 2558 2855 2628 quidem
2882 2574 3041 2630 paena
3056 2570 3111 2617 et
3138 2565 3453 2634 supplicium
3484 2583 3606 2624 esse

2005 2659 2125 2698 cum
2147 2645 2298 2700 audis
2327 2663 2341 2701 :
2369 2645 2435 2701 In
2460 2648 2645 2703 sudore
2671 2652 2835 2707 vultus
2862 2656 2937 2721 tui
2956 2657 3165 2713 vesceris
3186 2676 3318 2730 pane
3338 2671 3423 2715 tuo
3446 2661 3602 2733 (Gen.

2006 2736 2059 2792 5.
2095 2735 2183 2810 19)
2222 2756 2236 2793 :
2272 2754 2333 2794 re
2366 2749 2543 2797 autem
2572 2758 2698 2798 vera
2724 2745 2971 2817 quaedam
3000 2759 3083 2805 est
3110 2751 3401 2809 admonitio
3430 2766 3483 2810 ct
3511 2772 3604 2823 ca-

2005 2830 2250 2902 stigatio,
2297 2844 2365 2888 et»
2392 2836 2707 2906 vulnerum,
2751 2855 2868 2910 qua:
2913 2852 3187 2912 peccatum
3222 2845 3448 2915 inﬂixit,
3481 2866 3600 2906 tne-

2005 2921 2145 2977 dela.
2172 2925 2341 2993 Quam
2365 2928 2433 2982 ob
2454 2943 2669 2985 causam
2690 2940 2745 2986 et
2760 2932 2955 2988 Paulus
2975 2937 3298 3005 operabatur
3321 2952 3602 3011 perpetuo,

2009 3031 2114 3071 non
2154 3016 2383 3086 interdiu
2426 3028 2630 3076 tantum
2651 3062 2667 3088 ,
2697 3023 2793 3079 sed
2822 3024 2983 3080 etiam
3010 3027 3123 3097 ipsa
3148 3038 3307 3085 nocte
3336 3048 3349 3084 :
3382 3034 3525 3102 quod
3550 3045 3606 3091 ct

2010 3105 2123 3176 ipse
2147 3107 2383 3163 clamans
2408 3118 2632 3167 testatur
2659 3130 2672 3162 :
2706 3113 2871 3168 Nocte
2889 3117 3022 3170 enim
3044 3126 3090 3172 et
3116 3118 3199 3173 die
3217 3134 3483 3191 operantes
3504 3166 3518 3191 ,
3543 3144 3607 3182 ue

2007 3216 2150 3270 quem
2169 3211 2384 3260 vestrum
2403 3220 2723 3274 gravaranus
2743 3205 2790 3268 (i
2803 3207 2999 3264 .Thess.
3020 3210 3073 3265 2.
3094 3210 3174 3281 9).
3188 3211 3370 3284 Neque
3386 3232 3513 3271 vero
3535 3218 3615 3274 te?

2008 3309 2157 3349 mere
2199 3294 2596 3365 delectationis,
2641 3309 2734 3353 aut
2766 3303 3041 3359 recreandi
3084 3306 3248 3361 animi
3281 3323 3442 3365 causa
3469 3326 3603 3379 opus

2010 3386 2299 3454 tractabat,
2343 3387 2481 3443 sicut
2524 3390 2674 3450 multi
2720 3391 2943 3459 fratres,
2990 3396 3083 3451 sed
3137 3406 3283 3452 tanto
3324 3413 3383 3455 se
3422 3402 3605 3458 labore

2009 3479 2326 3549 exercebat,
2360 3490 2417 3537 ut
2452 3494 2505 3538 et
2533 3486 2743 3540 caeteris
2773 3487 3011 3543 subsidio
3049 3504 3171 3547 esse
3210 3503 3410 3562 posset.
3436 3495 3519 3549 Ad
3544 3513 3606 3551 ea

2008 3572 2143 3625 enim
2177 3589 2292 3643 quae
2328 3574 2453 3628 mihi
2477 3591 2605 3646 opus
2632 3588 2806 3644 erant,
2837 3588 2885 3634 et
2910 3580 2972 3635 iis
2996 3582 3084 3651 qui
3110 3600 3303 3637 mecum
3329 3596 3479 3653 sunt,
3508 3588 3605 3641 mi-

1984 3663 2347 3741 lnistraverunt
2368 3682 2548 3721 manus
2573 3668 2681 3722 ista:
2702 3667 2941 3740 (Act.20.
2958 3671 3074 3741 54).
3100 3673 3272 3729 Homo
3293 3677 3382 3746 qui
3400 3676 3605 3733 daemo-

2011 3754 2167 3809 nibus
2211 3756 2537 3825 imperabat,
2582 3761 2671 3828 qui
2699 3760 2887 3816 doctor
2907 3772 3021 3817 erat
3047 3766 3193 3821 orbis
3215 3776 3495 3837 terrarum,
3519 3773 3607 3827 cui

2009 3848 2249 3902 omnium
2268 3888 2283 3913 ,
2311 3849 2399 3919 qui
2434 3859 2630 3905 terram
2659 3853 2932 3920 incolunt,
2954 3854 3128 3913 fuerat
3147 3874 3274 3915 cura
3296 3864 3603 3932 commissa,

2009 3939 2099 4008 qui
2139 3949 2359 3995 cunctas
2393 3942 2495 3997 sub
2523 3943 2639 3998 sole
2668 3948 2868 4014 positas
2893 3948 3162 4005 Ecclesias
3182 3993 3197 4017 ,
3222 3960 3277 4006 et
3304 3956 3526 4023 p0pulos
3552 3966 3609 4012 ct

2011 4030 2288 4097 nationes,
2320 4040 2375 4089 et
2415 4034 2578 4090 urbes
2605 4051 2813 4093 summa
2843 4040 3203 4109 sollicitudine
3229 4046 3479 4112 curabat,
3505 4063 3607 4103 no-

2011 4134 2096 4177 c:e
2115 4131 2172 4178 et
2195 4123 2281 4189 die
2308 4125 2631 4194 operabatur
2650 4169 2663 4191 ,
2691 4143 2755 4183 ac
2782 4144 2849 4184 ne
2880 4132 3143 4187 tantillum
3170 4135 3383 4203 quidem
3410 4137 3480 4191 ab
3502 4138 3610 4194 illis

2013 4213 2285 4271 laboribus
2320 4218 2639 4287 respirabat.
2677 4220 2787 4275 Nos
2822 4237 2984 4289 vero,
3012 4226 3206 4294 quibus
3228 4242 3296 4283 ne
3326 4228 3605 4285 millesima

2012 4307 2224 4377 quidem
2262 4309 2421 4371 illius,
2442 4326 2691 4366 curarum
2728 4329 2852 4383 pars
2881 4315 3174 4384 incumbit,
3207 4319 3289 4374 vel
3317 4321 3494 4390 potius
3517 4322 3605 4392 qui

2014 4416 2081 4455 ne
2118 4412 2297 4465 mente
2323 4403 2536 4473 quidem
2563 4420 2654 4459 eas
2679 4420 2872 4474 capere
2902 4422 3184 4477 possumus
3207 4451 3221 4477 ,
3261 4412 3313 4465 in
3343 4413 3605 4484 Otio'per-

2017 4503 2177 4562 petuo
2216 4496 2378 4557 vitam
2419 4497 2682 4557 ducimus.
2727 4500 2843 4567 Qua
2876 4517 3007 4557 vero
3045 4502 3190 4573 digni
3228 4508 3606 4573 excusatione.

2012 4587 2101 4641 vel
2126 4602 2227 4658 qua
2260 4588 2471 4651 tandem
2500 4592 2653 4646 venia
2674 4595 3052 4650 censebimur?
3074 4596 3201 4653 lude
3220 4610 3409 4655 cuncta
3438 4600 3491 4655 in
3511 4616 3610 4672 ge-

2015 4698 2114 4737 nus
2155 4683 2442 4739 humanum
2483 4688 2621 4741 mala
2655 4688 3029 4756 dimanarunt,
3071 4692 3213 4760 quod
3258 4692 3408 4748 multi
3453 4695 3507 4750 in
3543 4709 3614 4751 eo

2014 4778 2304 4835 maximum
2331 4778 2498 4834 decus
2520 4796 2640 4835 esse
2670 4782 2899 4851 positum
2922 4784 3246 4839 arbitrentur
3264 4826 3280 4853 ,
3304 4797 3364 4841 ut
3381 4799 3505 4844 suas
3526 4803 3615 4844 ar-

2017 4878 2094 4923 tes
2136 4869 2355 4927 minime
2392 4881 2657 4941 tractent,
2698 4884 2751 4930 et
2780 4891 2991 4930 summo
3018 4876 3118 4932 sibi
3144 4877 3352 4933 crimini
3376 4879 3611 4944 ducant,

2015 4961 2059 5015 si
2096 4976 2280 5016 carum
2321 4965 2565 5034 peritiam
2595 4982 2704 5035 prie
2735 4982 2794 5022 se
2824 4966 3018 5023 ferant.
3047 4968 3127 5023 Ae
3155 4968 3377 5026 Paulum
3397 4972 3612 5043 quidem

2017 5070 2123 5109 non
2165 5057 2326 5126 pudet
2368 5058 2527 5114 simul
2566 5070 2620 5115 et
2653 5062 2922 5132 scalprum
2970 5078 3132 5118 manu
3160 5071 3420 5131 tractare,
3449 5067 3618 5137 pelles

2016 5170 2278 5209 consuere
2302 5196 2317 5221 ,
2364 5164 2418 5209 et
2457 5155 2601 5209 viros
2640 5155 2837 5226 alloqui
2881 5155 2935 5210 in
2969 5156 3227 5227 dignitate
3253 5160 3576 5215 constitutos
3600 5200 3615 5220 .

2016 5245 2112 5301 sed
2160 5254 2216 5299 et
2256 5261 2314 5300 re
2352 5246 2441 5300 illa
2486 5246 2849 5316 gloriabatur,
2890 5262 3011 5302 eum
3043 5248 3109 5303 ad
3136 5264 3259 5304 eum
3287 5249 3385 5304 viri
3413 5251 3541 5305 clari
3566 5260 3620 5305 et

2018 5338 2251 5393 illustres
2286 5338 2628 5393 ventitarent.
2673 5338 2858 5408 Neque
2900 5350 3104 5393 tantum
3141 5340 3258 5396 hate
3283 5341 3431 5396 illum
3461 5356 3620 5410 agere

2018 5444 2124 5484 non
2166 5429 2416 5499 pudebat,
2455 5430 2547 5484 sed
2589 5429 2748 5484 etiam
2782 5430 2834 5484 in
2865 5431 3109 5500 epistolis
3134 5431 3245 5486 suis
3269 5441 3537 5501 tamquam
3565 5431 3617 5485 iu

2019 5535 2162 5575 aireo
2208 5522 2395 5591 cippo,
2446 5536 2605 5590 quam
2656 5521 2997 5591 profiteretur
3036 5532 3246 5585 artem,
3293 5522 3617 5591 divulgabat.

2020 5610 2174 5680 Quod
2204 5613 2362 5682 igitur
2386 5612 2453 5667 ab
2478 5613 2630 5668 initio
2657 5613 2952 5680 didicerat,
2982 5612 3112 5669 illud
3138 5623 3192 5670 et
3210 5622 3397 5685 postea
3422 5624 3623 5670 tracta-

2018 5703 2142 5770 bat,
2170 5702 2330 5774 idque
2355 5714 2633 5774 postquam
2667 5704 2835 5760 fuerat
2866 5707 3079 5761 tertium
3107 5714 3289 5774 raptus
3310 5705 3361 5759 in
3394 5706 3580 5759 cmi-tm
3604 5745 3617 5768 ,

2020 5807 2300 5868 postquam
2344 5796 2633 5857 translatus
2666 5794 2843 5855 fuerat
2880 5797 2930 5855 in
2959 5796 3264 5869 paradisum
3290 5838 3304 5867 ,
3334 5805 3617 5868 postquam
