3964 6342
337 272 442 330 195

336 392 409 446 illi
447 389 586 445 Deus
624 401 815 442 arcana
857 384 1018 440 verba
1054 383 1540 439 communicaverat
1581 400 1594 436 :
1634 397 1734 436 nos
1764 397 1928 447 vero,

334 482 424 553 qui
466 498 533 538 ne
551 481 1034 538 calceamentorum
1057 477 1270 548 quidem
1291 477 1409 544 ejus
1429 475 1600 547 pretio
1627 474 1926 531 :rstimandi

337 591 522 631 sumus
543 616 558 640 ,
597 572 753 628 nobis
785 587 848 628 ea
885 570 1082 643 probro
1115 569 1360 627 ducimus
1379 611 1394 634 ,
1425 568 1616 640 quibus
1645 583 1704 625 se
1734 568 1824 624 ille
1843 565 1923 638 ja-

332 668 544 733 clabat,
579 675 635 722 et
665 665 886 736 singulis
914 661 1130 736 quidem
1159 661 1348 718 diebus
1375 661 1501 716 dum
1529 659 1890 731 delinquimus
1909 700 1925 726 ,

332 777 440 830 non
479 744 877 823 convertimur,
927 771 1099 827 neque
1145 756 1397 826 probrum
1444 769 1564 810 esse
1605 769 1924 818 censemus;

331 872 395 910 cx
461 854 621 924 justis
673 862 849 908 autem
902 850 1172 908 laboribus
1222 850 1401 904 vivere
1453 859 1720 918 tamquam
1775 861 1928 918 turpe

329 963 393 1004 ac
445 946 727 1003 ridiculum
765 946 1048 1002 evitamus.
1097 944 1227 1011 Quae
1283 943 1497 999 tandem
1551 944 1738 1014 igitur,
1775 959 1926 1015 qua:-

329 1054 425 1104 so,
481 1038 636 1094 nobis
686 1037 874 1092 salutis
929 1051 1053 1106 spes
1108 1035 1308 1104 reliqua
1356 1035 1494 1091 erit?
1543 1035 1710 1102 Quem
1780 1035 1922 1094 enim

329 1130 525 1202 pudet,
562 1140 775 1200 Oportet
808 1130 1007 1201 peccati
1053 1129 1270 1200 pudere,
1309 1143 1373 1183 ac
1417 1128 1583 1183 Deum
1619 1127 1922 1196 offendisse,

329 1233 491 1296 atque
532 1222 728 1294 aliquid
767 1237 951 1280 eorum
995 1238 1114 1292 qua:
1157 1220 1361 1294 agenda
1406 1236 1512 1276 non
1562 1229 1685 1276 sunt
1734 1236 1920 1292 agere,

327 1317 421 1373 sed
440 1317 641 1373 artibus
659 1325 712 1373 ct
732 1316 956 1387 opificiis
984 1316 1219 1387 gloriari.
1250 1315 1338 1371 Sic
1353 1315 1494 1370 enim
1515 1315 1623 1382 fiet,
1649 1325 1779 1370 utet
1799 1331 1890 1385 pra
1909 1347 1918 1353 -

329 1425 424 1466 vas
443 1409 799 1481 cogitationes
825 1425 1048 1482 operum
1079 1409 1516 1478 occupationibus
1539 1423 1602 1463 ex
1633 1418 1811 1464 mente
1839 1408 1924 1470 fa-

327 1505 430 1560 cile
451 1503 808 1574 depellanms,
837 1513 891 1557 et
913 1502 1095 1574 egenis
1119 1501 1360 1558 subsidio
1388 1502 1586 1569 simus,
1615 1510 1671 1558 et
1698 1501 1923 1557 aliorum

321 1595 503 1664 Januis
539 1595 749 1650 molesti
786 1611 890 1648 non
931 1595 1134 1659 simus,
1162 1602 1216 1648 et
1239 1592 1439 1648 Christi
1465 1593 1634 1664 legem
1660 1591 1922 1662 adimple-

327 1702 514 1752 anms,
563 1687 653 1758 qui
696 1687 835 1742 dixit
882 1705 896 1741 :
941 1685 1149 1740 Beatius
1193 1695 1266 1740 est
1300 1686 1461 1752 dare,
1507 1703 1660 1756 quam
1699 1686 1926 1754 accipere

328 1776 464 1848 (Act.
507 1779 600 1835 ΩΟ.
650 1779 778 1849 55).
827 1779 1112 1849 Propterea
1159 1793 1388 1848 namque
1429 1778 1584 1834 nobis
1625 1778 1763 1833 data:
1800 1787 1926 1834 sunt

328 1887 518 1925 manus
543 1912 558 1937 ,
582 1880 640 1925 ut
669 1885 766 1926 nos
796 1871 937 1940 ipsos
959 1869 1210 1940 juventus
1228 1912 1242 1937 ,
1273 1879 1327 1944 et
1352 1871 1417 1925 iis
1445 1870 1534 1940 qui
1561 1885 1786 1940 corpore
1808 1886 1926 1925 mn-

327 1966 456 2019 tilati
484 1973 639 2029 sunt,
686 1981 752 2020 ex
787 1965 944 2020 rebus
979 1965 1212 2030 nostris,
1253 1979 1374 2035 qua}
1417 1963 1719 2019 necessaria
1760 1973 1922 2028 sunt,

325 2057 506 2111 omnia
559 2071 657 2127 pro
697 2066 880 2110 nostra
925 2055 1173 2111 facultate
1211 2056 1610 2126 suppediten'ms
1647 2072 1660 2108 :
1701 2055 1844 2126 quod
1878 2057 1923 2112 si

325 2149 446 2219 quis
485 2149 537 2204 in
580 2149 691 2204 otio
727 2159 1068 2221 perseveret,
1108 2148 1178 2203 sit
1205 2148 1330 2204 licet
1352 2163 1545 2213 sanus,
1574 2147 1641 2204 iis
1667 2149 1756 2220 qui
1787 2149 1923 2205 febri

325 2242 609 2310 laborant,
639 2251 726 2298 est
755 2242 1003 2296 miserior
1031 2259 1043 2296 :
1073 2241 1335 2312 siquidem
1367 2242 1445 2297 illi
1467 2251 1682 2312 propter
1708 2243 1926 2312 aegritu-

325 2333 508 2388 dinem
547 2331 786 2402 corporis
807 2333 1015 2388 veniam
1053 2343 1358 2398 merentur,
1397 2344 1452 2388 et
1480 2333 1633 2391 facile
1653 2333 1742 2404 qui
1764 2335 1925 2391 mise-

325 2435 507 2483 reatur
532 2423 772 2498 ipsorum
799 2426 1104 2482 invenient:
1132 2425 1184 2480 hi
1207 2442 1334 2482 vero
1354 2427 1442 2496 qui
1466 2425 1661 2482 bonam
1682 2428 1924 2497 corporis

325 2520 691 2578 habitudinem
718 2520 918 2590 probro
943 2519 1208 2586 afficiunt,
1233 2521 1426 2576 merito
1445 2519 1514 2575 ab
1534 2519 1778 2576 omnibus
1799 2519 1924 2574 odio

327 2612 620 2679 habentur,
652 2623 710 2668 nt
739 2611 828 2682 qui
862 2620 917 2667 ct
946 2611 1040 2667 Dei
1065 2610 1208 2683 leges
1234 2611 1466 2677 violent,
1495 2619 1550 2668 et
1572 2626 1816 2674 mensam
1842 2610 1922 2665 in-

326 2708 602 2760 firmorum
647 2703 876 2770 lmdant,
917 2711 973 2758 et
1007 2697 1159 2758 suam
1202 2703 1434 2758 animam
1460 2701 1782 2758 deteriorem
1808 2701 1921 2757 efli-

330 2798 496 2852 ciant.
544 2796 729 2868 Neque
769 2797 911 2854 enim
952 2797 1055 2853 hoc
1092 2798 1264 2853 solum
1300 2805 1382 2854 est
1419 2795 1580 2866 mali,
1621 2795 1766 2867 quod
1800 2810 1923 2852 cum

1110 267 1168 324 S.
1207 265 1484 324 JOANNIS
1523 265 1998 325 CllRYSOSTOMl
2040 267 2360 326 ARCIHEP.
2399 269 2936 336 CONSTANTINOP.

3529 284 3624 340 196

2036 397 2136 438 suo
2178 385 2278 437 sibi
2334 384 2514 439 labore
2554 386 2749 455 victum
2787 403 3030 463 quaerere
3069 387 3356 461 deberent,
3399 394 3624 450 aliorum

2035 473 2241 529 aedibus
2281 474 2388 530 sint
2431 477 2748 546 importuni,
2787 480 2881 543 sed
2906 481 3045 551 quod
3072 483 3172 551 ipsi
3197 484 3449 546 omnibus
3494 499 3630 555 pep-

2036 582 2126 626 rcs
2154 568 2400 623 evadant.
2434 570 2572 634 l\‘ihil
2601 573 2743 628 cnim
2773 583 2885 639 est,
2921 575 3049 632 nihil
3074 576 3227 645 plane
3256 580 3306 636 iu
3340 580 3498 636 rebus
3532 583 3630 635 hu-

2037 660 2206 715 manis
2227 701 2243 727 ,
2271 661 2410 734 quod
2440 677 2542 728 non
2573 665 2684 718 otio
2714 665 2985 734 perdatur.
3015 667 3144 722 Nam
3174 679 3228 723 et
3253 686 3390 742 aqua
3415 673 3460 730 si
3487 683 3627 737 stet.

2034 753 2429 824 corrumpitur;
2472 754 2518 810 si
2554 770 2681 812 vero
2714 767 2928 828 currat,
2961 773 3083 818 cum
3145 761 3340 832 ubique
3366 778 3588 834 vagetur
3609 807 3624 823 .

2035 861 2186 902 suam
2209 848 2457 904 virtutem
2483 858 2765 912 conservat
2795 869 2804 903 :
2831 862 2884 908 et
2914 851 3111 914 forrum
3138 856 3351 925 quidem
3374 857 3419 912 si
3444 858 3496 912 in
3517 860 3628 913 otio

2036 951 2280 1009 maneat,
2305 941 2519 998 mollius
2543 959 2607 1000 ac
2633 943 2867 1008 deterius
2896 945 2981 1012 fit,
3013 956 3068 1004 et
3093 949 3331 1018 rubigine
3348 953 3627 1007 consumi-

2035 1043 2155 1100 tur;
2197 1033 2339 1104 quod
2384 1044 2562 1090 autem
2606 1035 2673 1090 ad
2711 1037 2920 1106 opifieia
2952 1039 3301 1107 transfertur,
3334 1042 3503 1098 multo
3527 1046 3631 1097 uti-

2035 1125 2136 1181 lius
2181 1125 2274 1194 ftt,
2303 1136 2357 1198 et
2385 1128 2679 1198 elegantius
2700 1170 2715 1196 ,
2746 1129 3018 1202 nihiloque
3047 1133 3220 1192 minus
3243 1149 3404 1204 quam
3433 1151 3632 1206 argen-

2035 1227 2144 1273 tum
2171 1219 2393 1289 quodvis
2420 1221 2654 1290 effulget.
2687 1224 2764 1277 Ac
2793 1231 2988 1282 terram
3017 1225 3229 1294 quidem
3260 1229 3484 1282 otiosam
3510 1246 3628 1284 cer-

2033 1310 2207 1366 nimus
2238 1311 2367 1380 nihil
2392 1311 2720 1368 fructuosum
2749 1316 3044 1384 producere
3068 1357 3083 1382 ,
3111 1319 3202 1376 sed
3229 1320 3364 1376 mala
3384 1323 3629 1391 gramina

2031 1413 2086 1459 et
2125 1404 2339 1476 spinas,
2385 1413 2440 1462 et
2481 1407 2701 1464 tribulos
2724 1449 2740 1474 ,
2773 1419 2827 1465 et
2852 1401 3189 1480 iufrugiferas
3213 1391 3472 1468 arbores:
3505 1431 3628 1469 eam

2033 1515 2160 1555 vero
2185 1516 2305 1572 quas
2343 1501 2511 1566 multo
2541 1501 2724 1564 labore
2746 1503 2941 1574 colitur
2961 1544 2976 1568 ,
3001 1507 3184 1561 sativis
3203 1508 3439 1578 frugibus
3460 1509 3632 1564 abun-

2031 1593 2179 1654 dare.
2221 1594 2454 1666 Singulae
2493 1595 2724 1670 denique
2755 1613 2872 1664 res,
2912 1609 2970 1656 ut
2998 1614 3105 1654 uno
3133 1600 3297 1655 verbo
3315 1601 3488 1656 dicam
3511 1643 3527 1665 ,
3557 1602 3631 1666 ab

2029 1689 2141 1743 etio
2177 1697 2622 1758 corrumpuntur,
2650 1707 2681 1746 a
2711 1691 2923 1760 pr0pria
2954 1706 3080 1747 vero
3104 1693 3411 1762 operatione
3438 1695 3624 1750 utilio-

2032 1798 2118 1837 res
2159 1781 2478 1840 redduntur.
2528 1783 2653 1838 ΙΙωο
2691 1784 2850 1851 igitur
2889 1786 3072 1840 omnia
3117 1801 3240 1841 cum
3277 1787 3540 1855 sciamus,
3571 1797 3631 1844 et

2029 1884 2286 1944 quantum
2310 1874 2378 1928 ab
2405 1876 2516 1939 otio
2542 1875 2937 1934 incmnmodum
2964 1876 3239 1945 aﬂ‘eratur,
3268 1889 3521 1949 quantum
3551 1882 3625 1936 ab

2030 1983 2195 2038 Opere
2236 1969 2441 2031 lucrum
2484 1968 2795 2038 invehatur,
2835 1970 2961 2027 illud
2996 1970 3292 2041 fugiamus,
3324 1973 3423 2028 hoc
3451 1982 3632 2029 secte-

2031 2076 2186 2126 mur,
2219 2069 2276 2116 ut
2302 2071 2357 2118 et
2383 2061 2544 2116 vitam
2579 2072 2894 2130 pra-sentem
2921 2061 3146 2118 honeste
3172 2063 3545 2132 traducamus,
3573 2076 3630 2121 et

2029 2153 2211 2224 egenis
2239 2151 2306 2207 de
2333 2152 2532 2207 nostris
2563 2152 2902 2212 facultatibus
2929 2153 3169 2212 subsidio
3195 2155 3361 2211 simus
3380 2197 3397 2224 ,
3426 2167 3480 2213 et
3503 2160 3628 2213 ani-

2029 2261 2172 2300 mam
2212 2255 2449 2300 nostram
2493 2245 2769 2311 meliorem
2799 2245 3084 2302 reddentes
3102 2257 3301 2303 teterna
3329 2249 3466 2304 bona
3491 2267 3629 2306 con-

2029 2353 2351 2409 sequamur:
2378 2353 2499 2408 qua:
2529 2332 2626 2392 nos
2650 2352 2841 2394 omnes
2872 2339 3072 2394 utinam
3093 2341 3306 2410 assequi
3329 2343 3629 2413 contingat,

2029 2434 2196 2504 gratia
2223 2441 2278 2488 et
2305 2431 2632 2502 benignitate
2663 2431 2871 2488 Domini
2905 2433 3070 2488 nostri
3095 2432 3224 2488 Jesu
3241 2433 3475 2502 Christi,
3502 2452 3629 2491 cum

2028 2539 2134 2595 quo
2169 2523 2345 2590 Patri,
2380 2523 2643 2594 simulque
2685 2523 2904 2594 Spiritui
2948 2533 3135 2580 sancto
3175 2525 3381 2595 gloria,
3423 2535 3479 2582 et
3525 2528 3632 2581 im-

2030 2617 2237 2688 perium
2262 2657 2278 2685 ,
2320 2631 2463 2672 nunc
2499 2626 2554 2674 et
2600 2630 2815 2687 semper
2851 2624 2908 2672 et
2952 2615 3006 2672 in
3053 2617 3251 2672 saecula
3291 2617 3630 2684 seculorum.

2028 2712 2068 2764 Δ
2078 2724 2224 2766 tuen.

1273 2931 1926 2945 ————————

2036 2929 3623 2942 *οφ-*σ-

1498 3022 1605 3108 ιΝ
1655 3023 2026 3106 LOCUM
2085 3019 2435 3108 PAULI,

324 3200 648 3246 uxorm:
723 3199 1097 3246 PMSCILLAM
1139 3199 1220 3242 ει·
1262 3197 1546 3252 Αρυιιλιι
1593 3178 1822 3260 (Rom.
1870 3179 1969 3240 16.
2014 3177 2127 3258 3),
2175 3195 2255 3238 ενι·
2296 3196 2380 3238 ne
2443 3194 2749 3240 COLENDIS
2793 3196 2901 3238 ne:
2945 3195 3431 3255 SACERDOTIBUS,
3475 3199 3633 3244 san-

1811 3298 1903 3344 uo
1943 3281 1984 3340 2
2015 3279 2128 3361 (α).

1731 3438 2140 3480 «mum

397 3575 452 3631 Ι.
475 3569 782 3629 Sollicitudo
813 3566 967 3624 Pauli
995 3575 1206 3638 quanto.
1248 3562 1492 3619 Priscilla
1517 3570 1568 3617 et
1600 3559 1782 3632 Aquila
1809 3575 1921 3630 prae

326 3664 560 3722 omnibus
589 3661 739 3718 beati.
768 3657 1048 3714 --Nonne
1073 3656 1215 3712 docti
1241 3656 1392 3720 estis,
1421 3653 1556 3710 nilnl
1587 3653 1640 3708 itt
1665 3652 1833 3708 sacris
1856 3651 1924 3706 li-

328 3757 456 3814 teris
483 3755 623 3812 inter
642 3764 1040 3826 supervacanea
1065 3747 1368 3804 habendum
1397 3745 1422 3798 ?
1448 3744 1636 3800 Nonne
1659 3741 1920 3799 didicistis

325 3860 384 3907 et
410 3848 804 3918 inscriptiones,
831 3851 888 3902 et
906 3841 1144 3907 nomina,
1167 3853 1447 3910 morasque
1472 3836 1821 3896 salutationes
1839 3835 1923 3891 di-

328 3943 556 4013 ligenter
582 3941 633 3993 in
664 3937 954 4008 Scripturis
979 3929 1335 3992 excutienda!
1361 3930 1472 4002 Ego
1495 3944 1627 3989 Sane
1655 3925 1924 3984 studiosos

329 4033 562 4088 arbitror
590 4045 658 4086 ne
686 4030 886 4084 laturos
909 4027 1155 4098 quidem‘,
1189 4035 1247 4081 ut
1272 4024 1554 4080 verbulum
1605 4017 1821 4092 aliquod
1869 4017 1922 4074 in

329 4124 498 4180 sacris
519 4123 696 4180 Libris
718 4128 1081 4191 contemptum
1110 4115 1703 4189 przetereatur,etiamsi
1720 4121 1925 4168 tantum

331 4216 548 4272 nomina
574 4221 979 4277 recenseantur,
1003 4210 1086 4265 vel
1115 4220 1324 4279 tempus
1350 4215 1682 4269 numeretur,
1711 4204 1798 4260 vel
1827 4219 1928 4259 nu-

331 4309 398 4364 da
423 4309 493 4362 sit
520 4305 873 4378 quorumdam
900 4301 1170 4358 salutatio.
1219 4302 1466 4356 Attamen
1511 4308 1570 4352 ut
1608 4295 1782 4352 adhuc
1810 4310 1930 4351 cer-

332 4402 438 4456 tior
467 4400 581 4454 haec
610 4397 835 4453 monitio
861 4396 952 4450 fiat
982 4413 996 4448 :
1021 4409 1151 4466 age,
1179 4393 1336 4448 hodie
1366 4392 1430 4446 ad
1449 4407 1514 4446 ea
1539 4405 1658 4461 qua:
1686 4403 1854 4459 nuper
1876 4388 1926 4441 in

331 4492 652 4547 salutatione
698 4488 954 4544 Priscillae
983 4496 1036 4541 et
1060 4485 1270 4555 Aquilae
1299 4483 1481 4538 relicta
1511 4491 1669 4543 sunt,
1707 4478 1930 4534 acceda-

335 4600 454 4640 mus
481 4602 498 4641 :
523 4583 732 4639 tametsi
761 4598 870 4636 non
898 4595 1087 4651 parum
1117 4579 1270 4633 nobis
1306 4577 1565 4648 profuerit
1593 4574 1721 4630 illud
1754 4588 1931 4644 prooe-

333 4679 522 4734 mium.
570 4675 760 4732 Docuit
794 4675 939 4730 enim
983 4687 1116 4736 nos,
1148 4678 1403 4741 quantum
1435 4669 1634 4724 bonum
1665 4668 1736 4722 sit
1761 4681 1895 4736 opus
1915 4705 1928 4731 ,

332 4781 391 4827 et
413 4777 670 4842 quantum
707 4767 946 4832 malum,
986 4765 1186 4828 otium,
1232 4770 1288 4817 et
1326 4761 1500 4831 qualis
1543 4759 1720 4813 anima
1748 4757 1930 4825 Pauli,

331 4878 492 4934 quam
517 4861 665 4931 vigil,
691 4875 853 4931 quam
882 4857 1131 4922 sollicita,
1154 4869 1274 4925 qua:
1301 4869 1405 4908 non
1430 4862 1634 4907 tantum
1660 4851 1932 4906 civitatqu

332 4965 390 5010 et
437 4953 789 5024 populorum,
837 4959 893 5006 et
934 4949 1210 5019 gentium,
1241 4945 1334 5002 sed
1366 4955 1422 5000 et
1447 4945 1774 5015 singulorum
1802 4943 1934 4998 ﬁde-

337 5046 467 5100 lium
498 5057 746 5113 magnam
775 5057 958 5098 curam
1006 5048 1220 5113 gereret
1253 5057 1266 5094 :
1295 5037 1634 5108 ostenditque
1664 5037 1932 5108 quomodo

337 5133 674 5204 hospitalitas
716 5148 818 5188 nec
861 5133 1039 5202 inopia
1067 5130 1448 5202 prtepediatur,
1475 5139 1530 5184 et
1569 5128 1712 5199 quod
1731 5130 1930 5185 virtute

335 5241 401 5281 ae
429 5226 518 5296 pia
544 5223 820 5280 voluntate
846 5223 1043 5295 ubique
1069 5238 1208 5294 opus
1255 5221 1358 5288 sit,
1409 5236 1516 5276 non
1547 5221 1744 5276 divitiis
1768 5229 1824 5276 et
1850 5219 1932 5274 fa-

336 5315 626 5373 cultatibus
643 5356 659 5380 ,
679 5325 734 5372 et
760 5316 903 5386 quod
925 5315 1206 5371 clarissimi
1223 5314 1462 5370 omnium
1491 5323 1616 5368 sunt
1633 5315 1722 5385 qui
1746 5313 1839 5368 Dei
1869 5312 1934 5368 ti-

339 5424 542 5465 morem
570 5408 792 5477 habent,
809 5407 1015 5464 etiamsi
1045 5411 1098 5464 in
1118 5419 1412 5466 extremam
1431 5408 1542 5463 sint
1570 5415 1932 5478 paupertatem

338 5501 564 5572 delapsi.
593 5500 749 5558 Unde
773 5500 1016 5556 Priscilla
1034 5509 1093 5557 et
1115 5500 1304 5571 Aquila
1325 5499 1673 5556 tentoriorum
1691 5499 1932 5568 opifices,

343 5604 632 5662 pauperem
661 5599 882 5663 agentes
902 5589 1065 5645 vitam
1085 5631 1101 5656 ,
1131 5605 1243 5662 prae
1269 5589 1486 5660 regibus
1514 5590 1765 5645 omnibus
1795 5589 1935 5646 beati

402 5780 482 5849 (ι)
502 5782 712 5840 collatus
727 5800 838 5839 cum
861 5787 1084 5838 Vaticano
1107 5801 1203 5840 uno
1227 5794 1279 5840 et
1299 5800 1410 5838 eum
1431 5786 1717 5841 Coisliniano
1739 5789 1850 5840 243.
1929 5859 1946 5875 .

2029 3556 2385 3627 praedicantur
2411 3575 2426 3612 :
2453 3566 2512 3614 et
2538 3573 2661 3613 cum
2704 3559 2792 3614 alii
2821 3559 3164 3630 dignitatibus
3190 3569 3246 3616 et
3271 3562 3510 3632 potentia
3539 3563 3630 3618 in-

2032 3647 2420 3716 liati,silentio
2447 3658 2865 3720 praetereantur,
2911 3653 3261 3708 tentoriorum
3309 3653 3403 3710 ille
3449 3655 3631 3725 opifex

2049 3765 2160 3806 una
2184 3765 2309 3805 cum
2334 3764 2504 3804 utere
2525 3757 2642 3804 toto
2659 3748 2792 3804 orbe
2807 3748 3173 3804 decantantur
3193 3747 3335 3818 (Act.
3356 3747 3632 3819 {8).Quod

2050 3838 2102 3896 si
2141 3847 2297 3895 tanta
2333 3854 2526 3895 eorum
2571 3839 2624 3893 in
2673 3838 2926 3908 prmsenti
2955 3838 3066 3892 vita
3104 3845 3190 3892 est
3219 3837 3416 3908 gloria,
3446 3838 3629 3909 cogita

2049 3931 2273 4002 quantis
2294 3930 2388 3985 illo
2403 3930 2490 3986 die
2510 3929 2884 4001 dignabuntur
2906 3929 3360 3986 retributionibus
3381 3937 3438 3984 et
3462 3943 3623 3985 coro-

2046 4024 2152 4090 nis,
2177 4023 2272 4094 qui
2296 4033 2424 4078 ante
2447 4024 2600 4078 illum
2620 4023 2764 4078 diem
2785 4037 2892 4076 non
2913 4037 3135 4093 parvam
3155 4022 3510 4092 voluptatem,
3526 4021 3631 4076 uti-

2044 4115 2276 4182 litatem,
2295 4115 2592 4186 etgloriam
2610 4122 2968 4184 acceperunt,
2983 4115 3183 4183 quibus
3204 4115 3340 4168 tanti
3362 4116 3629 4184 temporis

2043 4207 2387 4263 consuetudo
2404 4221 2527 4260 cum
2544 4205 2716 4260 Paulo
2736 4205 2839 4260 fuit
2885 4205 3314 4277 (l.Cor.16.l9).
3334 4205 3628 4262 Enimvero

2042 4299 2189 4371 quod
2210 4299 2363 4370 prius
2375 4299 2622 4354 dicebam
2644 4307 2699 4354 et
2722 4300 3026 4364 nunedico,
3042 4314 3144 4355 nec
3158 4298 3625 4365 diceredesinam,

2044 4408 2156 4448 nou
2179 4392 2357 4448 solum
2381 4392 2652 4456 doctrina,
2674 4402 2728 4446 et
2753 4393 3087 4453 admonitio,
3111 4401 3163 4446 et
3187 4391 3505 4452 consilium,
3529 4390 3626 4446 sed

2041 4495 2098 4540 et
2116 4484 2235 4556 ipse
2261 4490 2578 4538 sanctorum
2605 4489 2882 4553 aspectus,
2907 4491 3070 4552 atque
3103 4482 3334 4537 vestium
3364 4481 3625 4548 amictus,

2038 4580 2099 4634 et
2135 4574 2446 4630 calceorum
2495 4573 2726 4637 modus,
2770 4573 3002 4628 multum
3058 4573 3224 4629 habet
3263 4572 3514 4628 utilitatis
3560 4587 3628 4627 ac

2041 4665 2364 4736 voluptatis.
2409 4663 2617 4719 Etenim
2665 4664 2794 4719 inde
2845 4680 2956 4720 non
3005 4665 3203 4734 exigua
3252 4664 3376 4718 vitae
3419 4673 3625 4719 nostra:

2034 4761 2390 4816 commoditas
2419 4759 2660 4819 accedit.
2691 4775 2813 4814 cum
2843 4759 3121 4826 discimus,
3157 4770 3422 4831 quatenus
3451 4761 3504 4816 hi
3535 4779 3636 4818 ne-

2037 4853 2285 4908 cessariis
2308 4853 2385 4906 usi
2417 4851 2629 4906 fuerint.
2665 4851 2778 4904 Non
2805 4853 2944 4905 enim
2983 4851 3155 4905 solum
3185 4851 3368 4907 utendi
3411 4853 3634 4908 modum

2039 4963 2146 5002 non
2172 4955 2298 5002 sunt
2327 4945 2668 5015 transgressi,
2697 4945 2791 4998 sed
2813 4945 3098 5015 aliquando
3121 4960 3188 4999 ne
3205 4945 3419 5014 quidem
3447 4963 3624 5002 neces-

2037 5039 2191 5096 sariis
2216 5039 2528 5094 fruebantur
2557 5056 2569 5092 :
2594 5038 2718 5107 quin
2747 5047 2801 5091 et
2827 5037 2877 5090 in
2910 5035 3050 5092 fame
3073 5079 3086 5102 ,
3126 5044 3182 5091 et
3210 5037 3264 5091 in
3293 5037 3379 5092 siti
3399 5049 3454 5092 et
3480 5035 3638 5092 nudi-

2041 5142 2149 5188 tate
2173 5130 2370 5188 versati
2399 5141 2543 5185 sunt.
2577 5131 2644 5184 Et
2673 5130 2867 5184 Paulus
2893 5129 3107 5198 quidem
3141 5128 3438 5198 imperabat
3482 5129 3638 5185 disci-

2040 5224 2200 5294 pulis,
2232 5223 2416 5278 dicens
2445 5240 2461 5277 :
2495 5221 2747 5275 Habentes
2777 5231 2944 5274 autem
2975 5221 3216 5274 alimenta
3235 5231 3282 5275 et
3308 5233 3595 5292 tegumenta
3614 5267 3629 5288 ,

2038 5317 2115 5371 his
2139 5317 2358 5370 contenti
2380 5317 2565 5369 erimus
2594 5314 2670 5386 (l.
2695 5313 2828 5367 Tim.
2851 5313 2903 5368 b'.
2933 5314 3009 5380 8);
3061 5322 3116 5367 et
3142 5312 3209 5368 de
3254 5314 3432 5383 seipso
3463 5313 3588 5368 dicit
3618 5332 3632 5363 τ

2042 5409 2211 5481 Usque
2230 5411 2283 5464 in
2313 5409 2444 5463 hanc
2487 5411 2666 5462 horam
2713 5420 2760 5461 et
2792 5409 3041 5462 esurimus
3062 5449 3076 5469 ,
3107 5420 3153 5462 et
3178 5408 3406 5470 sitimus,
3435 5418 3486 5462 et
3514 5407 3638 5460 nudi

2039 5518 2233 5568 sumus,
2265 5511 2310 5554 et
2349 5501 2578 5570 colaphis
2613 5501 2859 5554 credimur
2897 5499 2976 5570 (i.
3024 5499 3144 5555 Cor.
3196 5500 3251 5554 4.
3284 5499 3394 5569 Η).
3446 5498 3637 5568 Opera:

2042 5593 2270 5662 pretium
2318 5593 2402 5647 hic
2451 5592 2608 5647 fuerit
2653 5592 2704 5647 in
2749 5591 2983 5647 medium
3011 5592 3214 5662 aliquid
3237 5591 3636 5662 aﬂerre,quml

2042 5695 2166 5740 ante
2190 5685 2461 5746 dicebam,
2496 5693 2550 5738 et
2599 5684 2652 5739 in
2697 5700 2999 5740 sermonem
3045 5683 3268 5750 incidit,
3296 5684 3365 5741 de
3393 5702 3499 5757 quo
3542 5688 3638 5742 fre-

2044 5797 2213 5851 quens
2242 5789 2324 5836 est
2352 5779 2596 5850 qucestio.
2640 5779 2707 5834 Et
2748 5777 3000 5846 quidnam
3049 5777 3202 5834 hoc?
3243 5777 3492 5836 Dicebam
3525 5786 3634 5829 mo-
3718 5858 3722 5859 ν
