3964 6342
75 334 163 392 19⁵
851 360 914 414 IN
954 356 1180 417 ILLun,
1222 351 1589 407 SALU’IA'IL
1629 344 1659 398 υ

1772 340 2044 396 unum
2087 341 2173 396 ET
2214 342 2545 412 Αρυιωιι.
2587 343 2652 398 ιι.

75 461 243 536 ρήτων
265 457 342 529 τῷ
366 458 484 531 Θεῷ
503 476 516 490 ·
547 460 709 531 ἡμεῖς
730 459 808 524 δέ,
832 460 952 514 οὐδέ
977 461 1085 514 τῶν
1116 460 1474 532 ὑποδημάτων
1498 459 1650 522 ὄντες

72 552 198 618 ᾇξιοι
253 551 366 604 τῶν
421 552 669 616 ἐκείνου,
718 553 1086 625 αἰσχυνόμεθα
1137 553 1382 620 τούτοις,
1435 553 1521 622 ἐφ’
1570 545 1650 614 οἷς

73 646 269 708 ἐκεῖνος
306 643 668 717 ἐνηὸρύνετοο
717 645 811 696 καὶ
858 645 978 698 καθ’
1021 645 1259 715 ἑκάστην
1296 646 1394 715 μὲν
1436 643 1652 718 ἡμέραν

76 735 550 808 πλημμελοῦντες,
595 736 715 790 οὐδὲ
760 737 1236 809 ἑπιστρεςρόμεθα,
1284 737 1404 790 οὐδὲ
1451 737 1651 798 ὄνειδος

75 827 200 882 εἶναι
253 828 587 900 νομίζομεν·
617 827 680 882 τὸ
723 828 779 881 δὲ
815 831 881 882 ἐκ
917 829 1143 883 δικαίων
1195 830 1372 882 πόνων
1419 827 1539 898 ζῇν,
1575 829 1652 891 ὡς

76 920 290 992 αἰσχρὸν
330 923 428 975 καὶ
471 921 874 991 καταγέλαστον
920 922 1214 992 φεύγομεν.
1246 922 1380 976 Τίνα
1407 917 1499 975 οῦν
1532 921 1651 987 ἐξο-

79 1030 167 1084 μεν
192 1013 388 1067 ἐλπίδα
416 1014 713 1084 σωτηρίας,
742 1013 864 1068 εἰπέ
900 1031 1016 1083 μοι;
1051 1014 1155 1066 Τὸν
1184 1016 1290 1084 γὰρ
1326 1013 1653 1083 αἰσχυνόμε-

76 1121 173 1168 νον,
196 1104 478 1177 ἁμαρτίαν
513 1105 862 1176 αἰσχύνεσθαι
890 1105 986 1166 δεῖ,
1017 1105 1109 1158 καὶ
1136 1105 1198 1157 τὸ
1226 1105 1303 1175 τῷ
1336 1104 1456 1175 Θεῷ
1486 1123 1654 1177 προσ‹

79 1197 316 1270 κροῦσαι,
348 1200 447 1252 καὶ
495 1198 558 1252 τὸ
599 1199 825 1270 ποιῆσαί
868 1216 918 1252 τι
945 1197 1053 1251 τῶν
1081 1198 1140 1250 οὐ
1179 1198 1427 1263 δεόντων,
1469 1200 1559 1250 ἐπὶ
1595 1198 1652 1250 δέ

77 1291 281 1360 τέχναις
316 1290 414 1345 καὶ
455 1291 744 1362 ἐργασίαις
773 1291 868 1352 καὶ
908 1289 1318 1360 ἐναδρύνεσθαι.
1351 1287 1508 1342 Οὐτω
1547 1291 1653 1362 γὰρ

81 1383 162 1436 καὶ
193 1383 440 1455 πονηράν
482 1383 691 1446 ἔννοιαν
722 1384 787 1454 τῇ
832 1383 929 1451 τῆς
975 1381 1236 1451 ἐργασίας
1280 1381 1509 1452 ἀσχολίᾳ
1553 1385 1654 1452 τῆς

79 1473 300 1536 διανοίας
335 1472 680 1544 ἑκϐαλοῦμεν
715 1473 936 1546 ῥαδίως,
973 1474 1204 1535 καὶτοῖς
1231 1473 1507 1542 δεομένοις
1533 1474 1654 1526 ἐπι-

81 1567 437 1637 κουρήσομεν,
462 1567 557 1635 καὶ
588 1565 687 1635 τάς
714 1565 915 1635 ἐτέρων
933 1565 1041 1632 οὐκ
1070 1565 1432 1635 ἐνοχλήσομεν
1461 1563 1651 1637 θύρας,

81 1658 165 1710 καὶ
192 1657 287 1710 τὸν
315 1657 484 1728 νόμον
501 1655 598 1720 τοῦ
623 1655 861 1728 Χριστοῦ
893 1655 1256 1726 πληρώσομεν
1286 1655 1376 1706 τὸν
1400 1653 1648 1710 εἰπόντα·

79 1746 382 1817 Μακάριόν
413 1747 547 1803 ἐστι
579 1745 808 1808 διδόναι
835 1744 1080 1816 μᾶλλον
1114 1746 1153 1817 ᾖ
1186 1745 1531 1814 λαμϐάνειν.
1556 1744 1656 1798 Διά

78 1837 177 1911 γάρ
208 1839 373 1893 τοῦτο
403 1840 592 1911 χεῖρας
619 1837 833 1910 ἔχομεν,
861 1838 948 1892 ἵνα
980 1839 1194 1902 ἑαυτοῖς
1232 1837 1533 1910 βοηθῶμεν,
1559 1839 1656 1891 καὶ

77 1934 181 1994 τοῖς
221 1931 293 1984 τά
352 1928 584 2002 σώματα
631 1929 1054 2001 πεπηρωμένοις
1101 1931 1165 1982 ἐκ
1220 1929 1328 1982 τῶν
1373 1929 1656 2001 ἡμετέρων

77 2022 416 2093 εἰσφέρωμεν
459 2021 530 2076 τά
562 2021 704 2076 κατά
749 2021 978 2090 δύναμιν
1005 2020 1252 2074 ἅπαντα·
1308 2021 1384 2083 ὡς
1435 2021 1530 2073 ἐάν
1575 2037 1660 2083 τις

76 2109 252 2180 ἀργῶν
279 2109 524 2181 διατελῇ,
554 2110 658 2164 κᾶν
689 2111 930 2182 ὑγιαίνῃ,
958 2110 1069 2162 τῶν
1105 2111 1480 2180 πυρεττόντων
1511 2111 1658 2163 ἐστὶν

77 2197 435 2267 ἀθλιώτερος·
473 2201 523 2252 οί
565 2201 663 2272 μὲν
696 2201 806 2273 γάρ
842 2199 993 2271 παρά
1023 2201 1122 2271 τῆς
1163 2200 1448 2264 ἀσθενείας
1476 2200 1658 2271 έχουσι

77 2287 426 2360 συγγνώμην,
471 2290 565 2343 καὶ
596 2290 812 2362 τύχοιεν
845 2293 910 2344 ἂν
949 2290 1134 2346 ἐλέου”
1177 2282 1322 2343 οῦτοι
1364 2290 1421 2342 δέ
1467 2307 1658 2343 καται-

79 2381 361 2451 σχύνοντες
388 2381 484 2454 τὴν
509 2383 602 2436 τοῦ
636 2383 885 2454 σώματος
909 2384 1144 2449 εὐεξίαν,
1171 2384 1394 2446 εἰκότως
1418 2383 1483 2438 ἂν
1513 2382 1663 2454 παρὰ

78 2471 289 2526 πάντων
341 2471 650 2544 μισοῦνται,
697 2474 773 2538 ὡς
805 2475 900 2530 καὶ
941 2476 1068 2538 τοὺς
1099 2474 1193 2528 τοῦ
1222 2473 1357 2528 Θεοῦ
1390 2476 1662 2546 παραϐαί-

77 2580 255 2628 νοντες
306 2564 531 2636 νόμους,
582 2566 678 2620 καὶ
725 2570 792 2639 τῇ
849 2566 1098 2638 τραπέζῃ
1133 2565 1240 2634 τῶν
1295 2565 1664 2622 ἀσθενούντων

77 2656 499 2726 λυμαινόμενοι,
539 2658 636 2712 καὶ
667 2657 766 2730 τὴν
801 2657 981 2728 ψυχὴν
1021 2657 1120 2730 τὴν
1160 2658 1369 2718 ἑαυτῶν
1410 2659 1666 2728 φαυλοτέ-

81 2762 174 2814 ραν
204 2745 517 2812 ποιοῦντες.
545 2748 682 2802 Οὐδὲ
712 2747 822 2820 γὰρ
853 2748 1012 2803 τοῦτο
1047 2749 1208 2820 μόνον
1235 2749 1354 2804 ἐστὶ¹
1383 2749 1444 2802 τὸ
1471 2750 1662 2814 δεινὸν,

77 2837 152 2891 ᾶτι
184 2837 308 2892 δέον
357 2837 572 2893 οἴκοθεν
626 2839 722 2894 καὶ
760 2839 888 2912 παρ’
933 2839 1141 2894 ἑαυτῶν
1186 2841 1514 2912 τρέφεσθαι,
1567 2841 1666 2906 τας

3196 340 3330 396 ’196

1754 459 1954 531 ἑτέρων
1983 459 2293 530 ἐνοχλοῦσιν
2328 461 2526 524 οἰκίας,
2554 462 2667 516 ἀλλ’
2699 463 2780 516 ὅτι
2812 461 2906 515 καί⁵
2935 461 3154 516 πάντων
3181 459 3339 516 αὐτοὶ

1753 551 1991 619 γίνονται
2026 553 2262 623 χείρους.
2289 554 2362 606 Οὐ
2388 554 2501 626 γάρ
2539 555 2707 624 ἐστιν,
2754 554 2855 607 οὐκ
2896 553 3010 608 ἔστι
3045 553 3154 607 τῶν
3198 552 3338 606 πάν-

1752 660 1860 695 των
1883 643 2057 709 οὐδὲν,
2084 644 2112 695 ὃ
2145 643 2219 716 μὴ
2245 644 2333 698 διὰ
2357 645 2456 714 τῆς
2480 645 2678 716 ἀργίας
2701 644 3022 699 ἀπόλλυται.
3045 645 3154 698 Καὶ
3185 643 3336 715 [180]

1752 734 1860 806 γάρ
1903 734 2068 806 ὓδωρ,
2101 735 2160 787 τὸ
2201 735 2300 805 μέν
2359 736 2589 806 ἑστηκὸς
2644 738 2907 807 σήπεται,
2955 737 3016 790 τὸ
3047 737 3104 792 δὲ
3147 737 3340 807 τρέχον

1753 825 1847 878 καὶ
1881 827 2158 896 πανταχοῦ
2199 825 2551 898 πλανώμενον
2578 828 2678 897 τὴν
2711 829 2912 899 ἀρετὴν
2945 829 3201 894 διασώζει
3237 830 3337 898 τὴν

1754 915 1947 969 ἑαυτοῦ
1970 931 1982 944 ’
2017 917 2110 969 καὶ
2142 917 2379 989 σίδηρος,
2406 920 2435 971 6
2468 919 2564 989 μὲν
2595 921 2651 971 ἐν
2679 919 2850 990 ἀργία
2895 921 3166 990 κείμενος,
3196 921 3336 972 ἀπα-

1752 1006 1988 1078 λώτερός
2016 1026 2074 1060 τε
2107 1009 2200 1061 καὶ
2239 1008 2588 1080 φαυλότερος,
2624 1009 2686 1080 ἰῷ
2721 1010 2901 1081 πολλῷ
2929 1009 3338 1080 δαπανώμενος,

1752 1099 1993 1168 γίνεται*
2027 1100 2054 1151 6
2099 1099 2156 1151 δέ
2187 1100 2244 1151 ἐν
2282 1102 2568 1170 ἐργασίαις
2609 1099 2704 1165 ὢν,
2756 1101 2890 1154 πολύ
2930 1101 3344 1174 χρησιμώτερος

1754 1190 1847 1243 καὶ
1882 1189 2342 1264 εὐπρεπέστερος,
2396 1190 2640 1262 ἀργύρου
2694 1191 2891 1253 παντὸς
2925 1191 3077 1244 οὐδὲν
3127 1190 3344 1245 ἔλαττον

1753 1280 2116 1334 ἀποστίλϐων.
2152 1283 2260 1334 Καὶ
2289 1282 2391 1351 γῆν
2434 1282 2531 1351 μὲν
2561 1281 2659 1352 τὴν
2692 1280 2974 1351 ἀργοῦσαν
3009 1281 3109 1335 ἴδοι
3155 1299 3238 1342 τις
3277 1281 3345 1334 ἂν

1753 1373 1906 1426 οὐδὲν
1942 1374 2091 1442 ὑγιὲς
2125 1373 2482 1443 ἐκφέρουσαν,
2515 1373 2649 1434 άλλά
2697 1372 2940 1444 πονηρὰς
2989 1373 3220 1442 βοτάνας
3252 1375 3347 1426 καὶ

1755 1465 1996 1528 ἀκάνθας
2035 1466 2128 1518 καί
2175 1466 2454 1536 τριϐόλους
2489 1467 2584 1520 καὶ
2630 1467 2857 1540 ἄκαρπα
2902 1466 3115 1538 δένδρα,
3149 1466 3246 1537 τὴν
3287 1467 3346 1518 δέ

1755 1556 2016 1627 ἐργασίας
2049 1557 2446 1622 ἀπολαύουσαι),
2499 1563 2731 1631 καρποῖς
2778 1559 3005 1630 ἡμέροις
3060 1560 3340 1630 κομῶσαν.

1755 1651 1867 1703 Καὶ¹
1902 1651 2132 1705 ἑκαστον
2165 1651 2222 1704 δὲ
2256 1653 2365 1706 τῶν
2415 1652 2604 1717 ὄντων,
2636 1655 2710 1716 ὼς
2745 1655 2920 1706 εἰπεῖν
2972 1652 3192 1717 ἁπλῶς,
3241 1655 3347 1706 ὑπ’)

1761 1742 1862 1813 μὲν
1891 1744 1990 1814 τῆς
2022 1744 2224 1818 ἀργίας
2268 1744 2586 1815 φθείρεται,
2633 1745 2738 1798 ὑπὸ
2770 1746 2828 1798 δὲ
2872 1747 2971 1816 τῆς
3007 1746 3215 1810 οἰκείας
3261 1748 3351 1817 ἐρ-

1756 1837 1955 1904 γασίας
2013 1835 2429 1908 χρησιμώτερον
2479 1836 2707 1904 γίνεται.
2757 1836 2943 1892 Ταῦτα
2996 1833 3092 1891 οῦν
3151 1838 3352 1900 εἰδότες

1757 1930 1993 1990 ἃπαντα,
2041 1929 2135 1982 καὶ
2169 1928 2334 1982 πόσον
2383 1927 2480 1998 μὲν
2513 1928 2620 1981 άπὸ
2655 1929 2755 1999 τῆς
2799 1929 2998 2002 ἀργίας
3029 1930 3092 1982 τὸ
3122 1928 3351 1998 βλάϐος,

1759 2019 1923 2072 πόσον
1952 2020 2008 2072 δὲ
2041 2020 2150 2072 ἀπὸ
2181 2020 2283 2088 τῆς
2314 2019 2582 2090 ἐργασίας
2623 2019 2683 2072 τί)
2713 2020 2924 2092 κέρδος.
2959 2021 3059 2092 τὴν
3095 2022 3192 2091 μέν
3225 2021 3355 2090 φεύ⁶

1764 2125 1972 2179 γωμεν,
2001 2109 2098 2180 τὴν
2126 2109 2184 2162 δὲ
2212 2109 2518 2180 διώκωμεν,
2563 2111 2649 2164 ἵνα
2695 2110 2788 2162 καὶ
2818 2111 2908 2166 τὸν
2953 2110 3194 2182 παρόντα
3241 2110 3357 2180 βίον

1764 2203 2118 2274 εὐσχημόνως
2149 2202 2426 2273 ζήσωμεν,
2459 2203 2550 2255 καὶ
2583 2203 2859 2272 δεομένοις
2888 2203 2952 2256 ἐκ
2984 2203 3092 2256 τῶν
3127 2203 3358 2260 ἐνόντων

1765 2294 2239 2364 ἐπικουρήτωμεν,
2273 2295 2368 2348 καὶ
2405 2293 2504 2364 τὴν
2534 2293 2710 2372 ψυχὴν
2749 2294 2848 2364 τὴν
2896 2294 3104 2352 ἑαυτῶν
3149 2293 3359 2367 ἀμείνω

1767 2385 2277 2448 κατασκευάσαντες
2304 2383 2558 2454 τύχωμεν
2591 2385 2698 2437 τῶν
2734 2385 2968 2438 αἰωνίων
2993 2383 3216 2454 ἀγαθῶν
3235 2402 3247 2415 ·
3282 2379 3358 2438 ὧν

1764 2477 1975 2546 γένοιτο
2009 2477 2218 2540 πάντας
2273 2478 2421 2548 ἡμᾶς
2469 2478 2767 2547 ἐπιτυχεῖν,
2800 2478 2986 2548 χάριτι
3033 2478 3126 2537 καὶ
3167 2478 3358 2547 φιλαν-

1766 2569 1986 2640 θρωπία
2021 2568 2115 2621 τοῦ
2149 2569 2358 2640 Κυρίου
2405 2569 2562 2640 ἡμῶν
2598 2569 2774 2640 Ἰησοῦ
2803 2569 3064 2642 Χριστοῦ,
3092 2564 3196 2642 ᾦή
3231 2571 3358 2638 δόξα

1769 2662 1865 2715 καὶ¹
1902 2662 1963 2714 τὸ
2002 2664 2222 2735 κράτος,
2257 2662 2372 2732 ἅμα
2404 2661 2482 2732 τῷ
2525 2662 2701 2734 Πατρὶ
2747 2663 2841 2716 καὶ
2873 2661 2951 2733 τῷ
2997 2663 3140 2734 ἁγίῳ
3186 2663 3350 2716 Πνεύ-

1775 2771 1925 2824 ματι.
1953 2753 2049 2806 νῦν
2089 2754 2183 2806 καὶ
2222 2755 2328 2818 ἀεὶ,
2361 2755 2455 2808 καὶ
2482 2755 2561 2818 είς
2587 2755 2712 2816 τοὺς
2741 2753 2943 2816 αἰῶνας
2971 2754 3080 2806 τῶν
3122 2753 3356 2808 αἰώνων.

1784 2845 1842 2896 ’Λ
1851 2844 1979 2913 μήν.
3111 2838 3123 2847 ’

991 3158 1163 3243 ΕΙΣ
1197 3157 1653 3244 ΑΚΥΛΑΝ
1706 3159 1902 3244 ΚΑΙ
1949 3157 2638 3248 ΠΡΙΣΚΙΛΛΑΝ

788 3317 897 3376 Καὶ
923 3321 1009 3385 εἰς
1040 3319 1102 3374 τὸ
1135 3319 1222 3390 μὴ
1263 3321 1459 3385 κακῶς
1504 3320 1708 3392 λέγειν
1748 3322 1891 3387 τοὺς
1926 3321 2103 3390 ἱερεῖς
2146 3319 2254 3375 τοῦ
2297 3319 2466 3377 Θεοῦ.
2496 3320 2689 3388 Λόγος
2713 3318 2798 3382 β’.

139 3584 212 3634 α’.
243 3571 403 3647 Ἀρα
429 3573 789 3646 ἐπαιδεύθητε
827 3575 994 3646 μηδὲν
1028 3573 1168 3632 εἶναι
1210 3578 1454 3650 νομίζειν
1489 3581 1768 3652 πάρεργον

75 3663 182 3716 τῶν
229 3664 295 3715 ἐν
345 3663 416 3731 τῇ
471 3659 593 3730 θεία
643 3659 837 3729 Γραφῇ
877 3659 1180 3730 κειμένων;
1213 3657 1326 3732 ἆρα
1383 3662 1617 3733 ἐμάθετε
1673 3661 1770 3714 καὶ

74 3743 397 3817 ἐπιγραφὰς
425 3741 522 3796 καὶ
538 3742 777 3810 ὀνόματα
805 3741 899 3794 καλ⁸
923 3740 1084 3810 ψιλὰς
1113 3744 1576 3816 περιεργάζεσθαι
1605 3762 1772 3816 προσ-

77 3831 269 3900 ρήσεις
289 3865 306 3891 ,
335 3829 438 3889 τὰς
458 3826 535 3878 ἐν·
547 3827 663 3887 τοῖς
690 3822 855 3890 θείοις
876 3824 1093 3892 Λογίοις
1112 3827 1510 3897 γεγραμμένας
1539 3840 1596 3893 ﬂ;
1625 3827 1770 3895 Ἐγὼ

77 3913 173 3980 μὲν
208 3911 330 3980 γὰρ
365 3909 561 3963 οὐδένα
585 3903 741 3978 οἶμαι
763 3905 951 3960 λοιπὸν
975 3907 1084 3962 τῶν
1114 3909 1421 3977 φιλοπόνων
1459 3911 1552 3965 τὸν
1585 3912 1773 3977 ἀνεξό-

76 4009 239 4062 μενον
269 3989 663 4062 παραδραμεῖν
713 4006 765 4041 τι
795 3989 904 4042 τῶν
947 3991 1006 4042 ἐν
1055 3994 1178 4054 ταῖς
1211 3992 1456 4062 Γραφαῖς
1502 3994 1771 4064 κειμένων

75 4075 348 4146 ῥημάτων
379 4112 396 4136 ,
450 4071 556 4125 κᾶν
602 4071 883 4142 ὀνομάτων
941 4069 974 4146 ᾖ
1015 4073 1350 4141 κατάλογος,
1405 4075 1509 4134 κᾶν
1565 4075 1772 4146 χρόνων

71 4157 358 4230 ἀριθμὸς,
407 4152 512 4210 κᾶν
557 4152 688 4224 ψιλὴ
741 4153 877 4224 πρός
925 4147 1080 4217 τινας
1115 4155 1438 4227 πρόσρησις.
1491 4157 1636 4228 Πλὴν
1687 4159 1773 4211 ἵνα

73 4239 478 4310 ἀσφαλεστέρα
507 4235 647 4306 αὐτη
699 4237 732 4308 ἡ
762 4236 1045 4308 διόρθωσις
1076 4238 1326 4309 γένηται,
1379 4240 1511 4310 φέρε
1555 4242 1650 4294 καὶ
1678 4244 1775 4313 τή.

75 4340 244 4395 μερον
267 4321 347 4375 τὰ
373 4319 675 4389 λειπόμενα
700 4319 802 4388 τῆς
829 4320 1200 4394 προσηγορίας
1229 4325 1329 4392 τῆς
1357 4323 1492 4394 πρὸς
1518 4325 1776 4396 Πρίσκιλο

73 4407 170 4462 λαν
231 4407 342 4462 καὶ
396 4404 629 4462 Ἀκύλαν
663 4403 1013 4473 ἐπέλθωμεν
1071 4403 1247 4458 καίτοι
1282 4422 1344 4473 γε
1393 4407 1453 4458 οὐ
1501 4408 1672 4479 μικρά
1717 4409 1776 4461 τὸ

73 4490 377 4561 προοίμιον
407 4487 578 4557 αὐτῆς
600 4487 748 4555 ἡμᾶς
768 4483 1038 4555 ὠφέλησε.
1069 4485 1180 4538 Καὶ
1205 4485 1312 4557 γὰρ
1340 4486 1572 4554 ἐδίδαξεν
1606 4490 1774 4558 ἡμᾶς.

72 4575 242 4627 πόσον
273 4573 305 4612 b
349 4571 453 4641 μὲν
483 4569 716 4638 ἀγαθὸν,
748 4567 928 4638 ἔργον,
953 4568 1118 4621 πόσον
1149 4568 1206 4620 δέ
1237 4569 1427 4634 κακὸν,
1459 4571 1647 4642 ἀργία,
1686 4573 1778 4624 καὶ

73 4659 153 4722 τίς
180 4659 216 4729 ἡ
251 4655 488 4709 Παύλου
512 4653 658 4724 ψυχὴ
680 4693 694 4717 ,
729 4652 844 4715 πῶς
868 4653 1143 4723 ἄγρυπνος
1177 4653 1271 4707 καὶ
1301 4669 1437 4723 μεμε
1446 4673 1608 4725 ριμνη
1620 4656 1751 4726 μένη
1761 4695 1777 4720 ,

73 4741 129 4794 οὐ
169 4739 327 4794 κατὰ
363 4737 551 4800 πόλεις
571 4737 668 4790 καὶ
704 4735 910 4806 δήμους
934 4735 1028 4788 καὶ
1057 4734 1185 4805 ἔθνη
1209 4775 1222 4796 ,
1252 4735 1388 4788 ἀλλά
1413 4738 1505 4789 καὶ
1539 4737 1659 4792 καθ’
1685 4737 1781 4792 ’ἐνα

74 4824 316 4877 ἕκαστον
359 4821 475 4874 τῶν
510 4819 718 4873 πιστῶν
768 4818 972 4889 πολλὴν
1005 4819 1303 4888 ποιουμένη
1357 4819 1456 4890 τὴν
1499 4821 1775 4890 πρόνοιαν.

80 4905 296 4972 Ἕδειξε
347 4901 472 4966 πῶς
506 4900 658 4955 οὐδὲν
702 4901 783 4962 είς
816 4899 1122 4968 φιλοξενίαν
1148 4901 1181 4969 ἡ
1235 4900 1394 4953 πενία
1424 4901 1632 4968 γίνεται
1670 4902 1778 4955 κώ-

74 4985 216 5057 λυμα
241 5029 260 5053 ,
297 4985 408 5040 καὶ
446 4985 529 5037 ὅτι
559 4983 620 5036 οὐ
648 4981 880 5035 πλούτου
910 4982 1004 5037 καὶ
1032 4982 1331 5053 χρημάτων
1359 5023 1372 5044 ,
1404 4983 1540 5036 ἀλλά
1578 4986 1779 5056 ἀρετῆς

76 5069 374 5139 πανταχοῦ
431 5067 588 5138 χρεία
621 5067 712 5120 καὶ
775 5066 1149 5136 προαιρέσεως
1203 5066 1488 5120 εὐλάϐειαν
1527 5068 1777 5138 ἐχούσης,

73 5155 166 5208 καὶ
209 5157 304 5208 ὅτι
348 5151 576 5206 πάντων
615 5151 723 5204 εἰσὶ
776 5149 1150 5220 λαμπρότεροι
1182 5150 1232 5202 οἱ
1269 5151 1360 5202 τὸν
1395 5150 1490 5203 τοῦ
1529 5153 1664 5205 Θεοῦ
1697 5157 1793 5222 φό-

75 5239 168 5290 ϐον
201 5238 473 5308 ἔχοντες,
500 5233 604 5288 κᾶν
634 5235 715 5296 είς
763 5233 952 5286 πενίαν
986 5233 1221 5304 ἐσχάτην
1251 5234 1636 5302 κατενεχθῶσι.
1675 5239 1716 5292 Τ
1722 5240 1788 5311 ὴν

74 5320 206 5388 γοῦν
239 5318 596 5392 Πρίσκιλλαν
633 5316 729 5370 καὶ
768 5315 1038 5384 Ἀκύλαν,
1080 5318 1436 5387 σκηνοποιούς
1494 5317 1651 5384 ὄντας
1697 5324 1793 5377 καὶ

77 5409 449 5479 χειροτέχνας
474 5445 489 5468 ,
523 5407 619 5460 καὶ
668 5405 726 5457 ἐν
765 5405 1008 5476 πτωχεία
1062 5404 1272 5468 ζῶντας
1307 5417 1355 5467 ο,
1384 5405 1493 5459 τῶν
1521 5407 1788 5476 βασιλέων

75 5493 311 5547 πάντων
358 5490 565 5559 μᾶλλον
593 5486 1001 5558 ἐμακαρίζομεν
1030 5487 1126 5569 νῦν
1145 5505 1159 5519 ο
1185 5488 1279 5542 καὶ
1301 5489 1350 5540 οἱ
1386 5488 1486 5558 μὲν
1518 5491 1576 5542 ἐν
1617 5491 1784 5555 ἀξιώ-

79 5592 219 5646 μασι
251 5574 363 5626 καὶ
390 5570 732 5636 δυναστείαις
759 5569 1076 5640 σεσίγηνται
1097 5610 1112 5636 ,
1144 5571 1173 5624 6
1198 5571 1255 5624 δὲ
1287 5572 1610 5642 σκηνοποιὸς
1646 5574 1785 5647 μετά

141 5679 170 5707 ⁸
199 5675 384 5739 ναιὶο.
404 5679 457 5722 el
473 5673 678 5739 Coiplin,
698 5674 1086 5739 ἐγγεγραμμένας.
1110 5671 1242 5726 Edili
1265 5675 1600 5739 γεγραμμένας.

138 5739 171 5781 h
203 5738 458 5796 Uterque
483 5735 636 5784 codex
659 5735 844 5782 ὁπόσον
858 5735 953 5786 bis.

139 5803 165 5835 ⁸
196 5801 384 5852 Valic.
410 5798 456 5846 ἐν
472 5798 610 5858 πενίᾳ
632 5799 822 5852 ζῶντας.

1869 3576 1970 3645 τῆς
1999 3572 2260 3642 γυναικὸς
2297 3571 2513 3643 ᾅδονται
2557 3568 2833 3641 πανταχοῦ
2880 3568 2981 3639 τῆς
3007 3568 3357 3639 οἰκουμένης.
3415 3569 3559 3623 Εἰδέ

1872 3656 2106 3711 ἐνταῦθα
2135 3655 2402 3724 τοσαύτης
2426 3652 2758 3708 ἀπολαύουσι
2785 3650 2967 3722 δόξης,
2995 3649 3247 3722 ἐννόησον
3268 3651 3393 3704 ὅσον
3417 3652 3560 3706 κατὰ

1870 3742 1969 3812 τὴν
2007 3739 2224 3811 ἡμέραν
2259 3739 2476 3807 ἐκείνην
2529 3736 2922 3807 ἀξιωθήσονται
2958 3733 3067 3787 τῶν
3105 3733 3427 3787 ἀντιδόσεων
3462 3737 3558 3788 καὶ

1870 3825 1978 3877 τῶν
2013 3823 2166 3895 [ί81]
2197 3822 2476 3891 στεφάνων
2500 3839 2513 3851 ·
2549 3822 2644 3874 καὶ
2674 3819 2779 3893 πρὸ
2830 3819 2932 3889 τῆς
2976 3817 3190 3889 ἡμέρας
3220 3817 3276 3870 δὲ
3321 3819 3556 3889 ἐκείνης,

1871 3909 1932 3960 οὐ
1964 3907 2165 3978 μικράν
2198 3905 2295 3959 καὶ
2337 3903 2529 3974 ἡδονὴν
2571 3903 2664 3957 καὶ
2687 3901 2957 3970 ὠφέλειαν
2997 3901 3092 3954 καὶ
3121 3898 3279 3964 δόξαν
3306 3901 3562 3970 ἐκαρπώ-

1875 4006 2036 4042 σαντο
2064 3987 2089 4027 ά
2142 3987 2274 4050 νῦν,
2312 3985 2511 4057 Παύλῳ
2551 3985 2806 4037 τοσοῦτον
2849 3983 3184 4053 συζήσαντες
3220 3983 3428 4053 χρόνον.
3451 3984 3562 4037 Καὶ

1873 4073 1980 4144 γὰρ
2009 4113 2024 4136 ,
2054 4073 2192 4140 ὅπερ
2220 4069 2531 4140 ἔμπροσθεν
2567 4067 2774 4136 ἔλεγον,
2810 4066 2971 4119 τοῦτο
2999 4065 3096 4119 καὶ
3138 4065 3234 4119 νῦν
3264 4066 3405 4135 λέγω
3424 4110 3438 4132 ,
3467 4069 3562 4121 καὶ

1873 4156 2046 4224 λέγων
2077 4156 2134 4208 οὐ
2173 4153 2475 4223 παύσομαι,
2506 4154 2586 4205 δτι
2609 4152 2706 4222 οὐχ
2749 4153 2782 4222 ἡ
2811 4149 3130 4203 διδασκαλία
3160 4150 3340 4220 μόνον⁹
3373 4151 3492 4204 οὐδὲ
3525 4154 3558 4222 ἡ

1877 4239 2200 4309 παραίνεσις
2233 4238 2327 4290 καὶ
2374 4235 2689 4306 συμϐουλὴ,
2721 4234 2857 4287 ἀλλά
2904 4236 2998 4296 καὶ
3046 4233 3185 4306 αὕτη
3236 4235 3422 4306 ἡὸψις
3451 4236 3564 4288 τῶν

1875 4327 2046 4393 ἁγίων
2103 4324 2304 4395 πολλὴν
2342 4319 2488 4393 εἶχεν
2521 4322 2713 4392 ἡδονὴν
2742 4322 2835 4374 καὶ
2864 4321 3154 4390 ὠφέλειαν,
3183 4321 3277 4374 καὶ
3317 4321 3478 4384 αὐτὸς
3507 4321 3565 4373 δέ

1876 4409 1984 4461 τῶν
2022 4409 2256 4478 ἱματίων
2279 4410 2308 4460 6
2339 4405 2624 4476 στολισμὸς
2649 4446 2663 4469 ,
2697 4406 2792 4458 καὶ
2821 4405 2985 4467 αὐτὸς
3011 4405 3120 4457 τῶν
3150 4404 3512 4475 ὑποδημάτων
3536 4404 3565 4458 6

1877 4494 2098 4563 τρόπος.
2133 4492 2245 4544 Καὶ
2269 4491 2378 4561 γάρ
2405 4488 2656 4544 ἐντεῦθεν
2700 4488 2868 4558 πολλή
2909 4504 2993 4552 τις
3045 4490 3126 4550 εἰς
3177 4488 3268 4540 τὸν
3296 4489 3566 4558 ἡμέτερον

1879 4576 2246 4645 εἰσενήνεκται
2279 4573 2391 4640 βίον
2419 4572 2686 4641 ὠφέλεια,
2731 4573 2793 4624 τὸ
2843 4571 3036 4642 μαθεῖν
3088 4571 3250 4641 μέχρι
3301 4570 3402 4623 ποῦ
3449 4573 3566 4634 τοῖς

1881 4657 2196 4725 ἀναγκαίοις
2251 4656 2510 4726 ἐχρῶντο.
2547 4655 2683 4709 Οὐδέ
2737 4655 2862 4726 γάρ-
2898 4654 3056 4724 μόνον
3109 4654 3170 4706 τὸ
3222 4654 3418 4724 μέτρον
3467 4654 3566 4722 οὐχ

1883 4741 2238 4813 ὑπερέϐαινον
2288 4742 2388 4810 τῆς
2445 4739 2671 4810 χρείας,
2732 4738 2847 4790 ἀλλ’
2902 4737 3049 4790 ἐστιν
3097 4738 3232 4792 ὅπου
3293 4735 3415 4788 οὔτε
3467 4736 3567 4804 τῆς

1883 4826 2071 4896 χρείας
2100 4825 2271 4894 αὐτῆς
2299 4823 2570 4878 ἀπέλαυον
2603 4821 2818 4892 ἀπάσης
2841 4839 2854 4852 ·
2897 4821 3034 4874 ἀλλὰ
3084 4822 3178 4878 καὶ
3210 4822 3267 4872 ἐν
3306 4817 3448 4888 λιμῷ
3476 4820 3569 4871 καὶ

1884 4906 2025 4976 δίψει
2059 4908 2149 4959 καὶ
2175 4906 2472 4976 γυμνότητι
2501 4904 2826 4958 διετέλεσαν.
2865 4905 2975 4958 Καὶ
3011 4906 3122 4965 τοῖς
3163 4903 3260 4972 μὲν
3299 4901 3568 4972 μαθηταῖς

1889 4990 2188 5044 ἐπιτάττων
2222 4992 2250 5042 6
2303 4990 2516 5052 Παῦλος
2569 4988 2788 5058 ἔλεγεν·
2851 4991 3135 5056 Ἔχοντες
3189 4987 3410 5055 τροφὰς
3467 4987 3567 5040 καὶ

1887 5074 2285 5142 σκεπάσματα
2305 5114 2319 5137 ,
2348 5075 2582 5137 τούτοις
2625 5074 3147 5141 ἀρκεσθησόμεθα·
3183 5071 3312 5140 περὶ
3359 5069 3414 5121 δέ
3445 5071 3569 5121 ἐαυ-

1889 5156 1981 5209 τοῦ
2011 5156 2258 5224 φαίνεται
2288 5155 2460 5222 λέγων
2482 5194 2495 5216 ,
2520 5156 2602 5207 ὅτι
2641 5157 2802 5222 Ἄχρι
2837 5151 2944 5220 τῆς
2975 5154 3106 5220 ἄρτι
3137 5152 3293 5220 ὧρας
3319 5149 3418 5203 καὶ
3445 5165 3570 5202 πει-

1887 5239 2106 5308 νῶμεν,
2145 5239 2243 5291 καὶ
2277 5236 2547 5305 διψῶμεν
2569 5276 2582 5299 ,
2613 5237 2711 5289 καὶ
2739 5237 3192 5306 γισμνητεύομεν
3214 5274 3228 5297 ,
3255 5231 3352 5285 καὶ
3388 5235 3568 5284 κολα-

1887 5320 2185 5389 φιζόμεθα.
2235 5319 2393 5371 Ἀλλά
2421 5319 2531 5388 γὰρ
2559 5317 2594 5371 ἆ
2629 5318 2830 5387 μεταξύ
2864 5317 3070 5384 ἔλεγον,
3097 5317 3191 5370 καὶ
3229 5312 3365 5385 μετά
3395 5309 3571 5364 ταῦτα

1887 5403 2173 5472 εἰσῆλθεν,
2218 5404 2512 5470 ἀναγκαῖον
2567 5401 2646 5463 εἰς
2703 5401 2864 5470 μέσον
2919 5399 3247 5470 παραθεῖναι
3287 5406 3310 5433 ο
3366 5391 3569 5462 πολλὴν

1887 5483 2079 5552 ἔχοντα
2107 5485 2205 5556 τὴν
2231 5485 2476 5555 ζήτησιν.
2511 5482 2576 5535 Τί
2601 5482 2658 5535 δὲ
2682 5482 2839 5535 τοῦτό
2866 5483 3014 5535 ἐστιν
3040 5499 3054 5549 ;
3087 5481 3334 5547 Ἔλεγον,
3363 5477 3443 5528 ὃτι
3475 5473 3583 5528 καὶ·

1957 5603 1984 5643 d
2008 5604 2120 5666 Duo
2144 5616 2262 5652 mss.
2287 5603 2632 5666 καρπώσονται
2709 5664 2720 5666 _
2960 5661 3004 5666 __
3195 5658 3207 5666 ,
3257 5657 3270 5666 ,
3348 5652 3370 5662 ..
3461 5655 3475 5666 .

1962 5669 1985 5694 (³
2010 5665 2121 5736 Duo
2153 5679 2268 5736 msls.
2302 5657 2554 5736 προθεῖναι.
2607 5664 2757 5736 1³31310
2775 5666 2902 5736 post
2937 5661 3089 5734 iigem
3133 5658 3216 5736 καὶ
3238 5657 3276 5736 ‘6
3456 5657 3578 5736 ὒτὶςξτ

1898 5727 2121 5837 δημῖτων
2153 5711 2457 5791 τρόπος’τῶν
2498 5711 2830 5775 ἀποστολικῶν
2869 5725 3064 5788 παρέχει
3105 5719 3284 5776 πολλὴν
3323 5711 3437 5778 ἡμῖν
3490 5716 3576 5770 τὴν

1898 5804 1996 5837 mea
2029 5805 2142 5837 ειαν.

1897 5804 2142 5853 ωφελειαν.
