3964 6342
204 376 307 432 197

194 490 323 543 dm
350 487 763 557 apostolicarum
809 483 1034 540 vestium
1083 484 1307 539 multum
1349 485 1505 539 nobis
1543 485 1789 542 conferre

196 578 440 635 utilitatis
477 595 492 632 :
522 577 619 634 sed
643 590 766 631 cum
798 575 899 631 hoc
924 576 1077 645 dico,
1118 576 1305 632 incidit
1334 577 1462 631 mihi
1515 578 1595 632 lex
1636 593 1796 647 quam

199 670 441 725 Christus
470 670 680 739 posuit,
708 667 893 723 dicens
922 686 935 723 :
978 667 1101 723 Non
1127 668 1378 738 possidete
1403 685 1583 722 aurum
1604 710 1617 731 ,
1642 685 1800 739 neque

198 770 481 831 argentarii,
506 776 664 831 neque
690 776 760 815 tes
785 761 837 813 in
867 761 1008 814 zonis
1042 762 1237 827 vestris,
1270 776 1429 830 neque
1447 761 1642 815 calceos
1666 800 1680 825 ,
1710 778 1800 814 ne-

196 869 288 918 que
314 852 510 923 virgam
529 853 583 905 in
605 853 684 906 uia
709 851 921 921 (Matth.
958 852 1046 907 10.
1085 850 1140 907 9.
1169 852 1274 923 10)
1298 870 1310 906 :
1337 851 1674 907 manifestum
1704 868 1799 906 au-

196 955 299 999 tem
333 956 420 1000 est
450 945 664 999 Petrum
692 943 943 999 habuisse
968 943 1225 999 sandalia.
1250 943 1404 1000 Unde
1427 960 1549 999 cum
1574 944 1794 1015 angelus

196 1052 315 1090 cum
364 1035 727 1090 dormientem
776 1036 1075 1103 excitaret,
1108 1046 1161 1090 et
1187 1051 1217 1091 e
1261 1050 1478 1091 carcere
1506 1035 1792 1102 educeret,

194 1130 265 1182 ait
295 1145 310 1181 :
337 1129 524 1183 Calcea
545 1140 592 1183 te
620 1128 869 1183 sandaliis
896 1130 994 1184 tuis
1018 1171 1032 1194 ,
1057 1140 1105 1184 et
1129 1130 1392 1184 circumda
1420 1130 1506 1183 tibi
1526 1133 1795 1186 vestimen-

197 1232 301 1272 tum
329 1229 495 1284 tuum,
524 1228 568 1273 et
588 1236 793 1290 sequere
818 1236 897 1275 me
925 1218 1061 1292 (Act.
1084 1220 1171 1275 12.
1207 1219 1285 1292 8).
1310 1220 1378 1275 Et
1398 1220 1595 1276 Paulus
1609 1220 1795 1277 Timo-

196 1312 321 1365 theo
341 1310 531 1366 scribit
556 1329 571 1364 :
596 1308 848 1364 Penulam
869 1326 1021 1382 quam
1050 1312 1231 1381 reliqui
1265 1311 1469 1365 Troade
1494 1311 1634 1381 apud
1662 1310 1794 1365 Car-

198 1420 315 1459 um
340 1446 354 1469 ,
385 1421 501 1457 cum
526 1404 689 1458 uenies
715 1403 864 1470 affer,
889 1415 936 1458 et
963 1405 1137 1472 libros,
1168 1406 1450 1475 praesertim
1477 1407 1795 1460 membranas

196 1496 269 1567 (ἲ.
297 1494 433 1550 Tim.
456 1497 509 1552 4.
539 1497 650 1568 15).
666 1497 804 1565 Quid
823 1497 998 1552 dicis?
1021 1497 1266 1553 Christus
1286 1498 1438 1568 jubet
1462 1513 1567 1552 non
1594 1498 1794 1554 habere

192 1588 441 1653 calceos,
477 1598 532 1641 tu
556 1596 733 1642 autem
762 1588 1010 1658 penulam
1047 1588 1235 1654 habes,
1262 1597 1317 1643 et
1344 1588 1480 1644 alius
1504 1588 1739 1645 sandalia
1769 1588 1794 1643 ?

192 1679 346 1749 Quod
394 1679 440 1733 si
486 1678 540 1733 hi
568 1689 755 1735 tenues
802 1678 1012 1750 quidam
1040 1691 1253 1745 essent,
1283 1681 1538 1751 magistro
1563 1695 1668 1735 non
1698 1670 1805 1749 per

193 1771 373 1825 omnia
395 1771 852 1841 obtemperantes,
876 1772 1019 1826 nulla
1034 1784 1149 1827 erat
1171 1772 1258 1827 hic
1273 1771 1515 1829 facienda
1535 1773 1789 1843 quaestio:

194 1862 287 1917 sed
315 1878 441 1917 cum
471 1862 569 1932 ipsi
600 1863 855 1934 prtccipui
884 1864 1011 1929 sint,
1032 1879 1096 1919 ac
1124 1864 1379 1933 primates
1398 1866 1789 1935 apostolorum,

191 1965 246 2009 et
271 1954 484 2008 animas
522 1968 647 2010 suas
688 1955 1094 2025 impenderent,
1121 1956 1446 2027 Christoque
1472 1974 1569 2028 per
1610 1961 1791 2015 omnia

190 2046 507 2111 obcdirent,
538 2054 595 2101 et
644 2046 841 2102 Paulus
881 2063 991 2102 non
1037 2048 1212 2103 solum
1266 2049 1524 2119 imperata
1571 2050 1789 2117 fecerit,

192 2139 291 2192 sed
314 2147 373 2193 et
396 2153 560 2207 supra
589 2148 881 2194 scammata
904 2140 1200 2206 saltaverit;
1222 2156 1449 2212 cumque
1479 2144 1792 2213 prmciperet

191 2246 254 2284 ex
296 2232 594 2303 Evangelio
620 2231 940 2299 vivendum,
985 2232 1183 2288 victum
1228 2235 1344 2303 ipse
1392 2235 1641 2290 manibus
1680 2236 1791 2291 suis

189 2323 543 2389 qumsiverit,
600 2325 750 2393 plus,
799 2340 956 2394 quam
1010 2326 1332 2396 imperatum
1389 2339 1538 2395 erat,
1588 2327 1791 2385 faciens

189 2416 267 2478 (ί.
296 2413 418 2468 Cor.
452 2416 506 2469 4.
556 2415 639 2470 12.
668 2415 785 2470 Act.
815 2417 905 2471 20.
939 2418 1008 2473 51
1036 2419 1080 2491 ).
1120 2419 1318 2474 idcirco
1342 2419 1557 2490 dignum
1586 2431 1704 2491 est,
1733 2431 1792 2482 ut

187 2523 530 2575 quaeramus,
564 2524 732 2579 quare
757 2510 847 2580 qui
877 2510 929 2565 in
960 2511 1212 2567 omnibus
1258 2511 1471 2567 Christo
1501 2514 1789 2583 parebant.

187 2596 278 2651 hic
306 2597 485 2668 legem
511 2597 627 2668 ejus
656 2598 940 2654 vidcantur
969 2600 1267 2672 transgredi
1297 2601 1321 2657 ἳ
1347 2603 1416 2657 At
1440 2616 1549 2657 non
1586 2618 1645 2659 re
1677 2604 1790 2674 ipsa

186 2687 678 2759 transgrediuntur.
712 2690 810 2746 Hic
833 2706 1017 2747 sermo
1044 2708 1151 2747 non
1196 2693 1251 2749 in
1299 2692 1407 2751 hoc
1444 2696 1618 2752 solum
1645 2697 1787 2753 utilis

185 2780 325 2845 erit,
371 2788 431 2835 ut
472 2789 803 2838 excusentur
835 2783 1004 2838 sancti
1035 2783 1144 2850 illi,
1175 2783 1273 2840 sed
1313 2793 1372 2840 nt
1411 2795 1467 2842 et
1510 2786 1789 2858 gentilium

184 2875 547 2931 obstruantur
572 2890 687 2931 ora.
722 2875 1163 2948 Quandoquidem
1203 2879 1357 2934 ntulti
1384 2879 1663 2936 viduarum
1693 2881 1790 2936 do-

180 2982 305 3023 mos
329 2967 714 3023 subvertentes
730 3010 746 3034 ,
775 2968 1048 3039 orphanos
1064 2969 1329 3026 nudantes
1347 3008 1363 3037 ,
1389 2971 1597 3043 ipsique
1613 2974 1788 3027 omni-

182 3059 285 3113 bus
322 3059 519 3115 alienis
542 3059 877 3116 abundantes
897 3103 914 3130 ,
946 3069 999 3116 et
1030 3060 1170 3132 lupis
1205 3062 1375 3119 nihilo
1404 3064 1692 3133 meliores,
1717 3082 1784 3122 ex

178 3154 486 3223 alienisque
512 3153 789 3209 laboribus
813 3155 1088 3223 viventes,
1130 3170 1252 3211 cum
1281 3155 1465 3211 vident
1511 3156 1783 3219 interdum

178 3245 426 3300 ﬁdelium
456 3245 663 3316 aliquos
685 3246 928 3317 pluribus
949 3248 1020 3302 ob
1049 3248 1272 3318 aegritud
1288 3248 1432 3304 inem
1449 3250 1630 3305 vestiri
1652 3252 1786 3307 ami-

175 3337 319 3392 culis
338 3379 355 3402 ,
381 3337 638 3392 continuo
677 3337 831 3393 nobis
861 3339 1033 3408 legem
1063 3338 1260 3393 Christi
1288 3338 1582 3409 objiciunt,
1626 3351 1681 3397 et
1705 3342 1781 3397 di-

175 3440 314 3483 cunt
350 3448 364 3482 :
397 3427 589 3483 Nonne
619 3429 872 3499 prrecepit
915 3430 1067 3484 vobis
1107 3428 1385 3496 Christus,
1436 3447 1507 3518 ne
1545 3431 1784 3490 habeatitl

175 3524 316 3578 duas
352 3524 597 3585 tunicas,
627 3523 713 3577 vel
740 3522 1103 3578 calceamenta
1137 3523 1283 3588 (Luc.
1328 3524 1378 3580 9.
1415 3524 1515 3595 3)?
1552 3525 1787 3593 Quomo-

172 3617 249 3671 do
280 3631 417 3685 ergo
442 3631 538 3670 vos
564 3616 735 3685 legem
766 3615 910 3669 illam
940 3615 1359 3685 prtevaricamini
1379 3618 1402 3670 ?
1424 3617 1490 3671 Et
1514 3627 1631 3686 post
1648 3617 1779 3687 hzrc,

171 3725 302 3764 cum
356 3706 571 3763 abunde
620 3707 836 3762 fratrem
886 3708 1139 3774 riserint,
1188 3717 1242 3763 et
1286 3709 1697 3775 subsannarint,
1729 3720 1785 3769 et

172 3803 399 3872 probris
446 3800 759 3865 afl‘ecerint,
815 3800 1117 3857 discedunt.
1169 3800 1333 3872 Igitur
1358 3818 1427 3857 ne
1455 3802 1580 3856 talia
1620 3803 1780 3867 ﬁant,

168 3914 276 3968 age
308 3908 368 3951 et
395 3897 608 3951 illorum
637 3898 949 3953 obturemus
974 3896 1384 3966 impudentiam.
1413 3898 1479 3951 Et
1504 3912 1785 3967 possemus

167 3989 400 4058 quidem
423 3989 492 4043 ab
518 3989 597 4043 eis
624 3989 775 4043 facile
796 3989 1041 4054 liberari,
1071 3991 1116 4042 si
1145 3989 1247 4043 hoc
1277 4004 1437 4042 unum
1464 3989 1544 4043 eis
1572 3989 1783 4043 dicere-

168 4097 321 4135 mus.
358 4079 529 4148 Quale
557 4080 701 4136 hoe?
732 4080 790 4135 Si
816 4079 1089 4135 Christum
1118 4089 1176 4135 ut
1202 4080 1306 4135 ﬁde
1325 4080 1543 4152 dignum
1565 4082 1781 4151 probas,

164 4173 381 4227 merito
424 4172 544 4227 haec
594 4172 782 4242 objicis
803 4214 819 4241 ,
852 4181 905 4228 et
936 4189 965 4227 a
1013 4172 1170 4227 nobis
1195 4173 1391 4242 quazris
1419 4191 1432 4226 :
1463 4173 1546 4227 sin
1597 4174 1645 4228 ei
1674 4190 1783 4229 non

164 4264 361 4319 credis
383 4305 398 4327 ,
429 4279 596 4333 quare
630 4264 801 4335 legem
828 4264 945 4334 ejus
974 4264 1200 4334 opponis
1224 4264 1249 4317 'l
1274 4264 1344 4318 At
1367 4265 1580 4335 quando
1622 4280 1781 4320 accc-

163 4372 303 4410 sare
327 4370 433 4410 nos
456 4355 540 4410 vis
561 4396 577 4419 ,
618 4355 810 4426 dignus
841 4355 934 4410 tibi
961 4355 1170 4410 videtur
1196 4354 1302 4410 ﬁde
1330 4355 1600 4426 legislator
1622 4354 1782 4410 Chri-

162 4459 291 4502 stus
332 4464 349 4501 :
394 4446 608 4517 quando
651 4454 826 4501 autem
859 4462 980 4516 eum
1025 4445 1279 4500 admirari
1324 4454 1540 4516 oportet
1584 4456 1638 4501 et
1685 4446 1782 4501 ad-

160 4553 361 4605 orare,
390 4536 586 4592 nullius
610 4546 692 4592 est
716 4536 856 4607 apud
885 4546 936 4591 te
964 4536 1219 4591 momenti
1235 4535 1397 4592 totius
1419 4536 1569 4591 orbis
1596 4536 1780 4591 Domi-

162 4645 275 4686 nus
302 4631 330 4685 ?
1066 4645 1071 4649 '

237 4723 303 4777 2.
350 4722 580 4777 Solvitur
606 4722 836 4793 quintio,
866 4738 958 4775 cur
986 4720 1214 4776 Christus
1234 4721 1446 4792 jusserit
1474 4736 1574 4774 non
1602 4720 1785 4775 habere

162 4818 308 4871 duas
360 4815 578 4868 tunicas.
614 4844 681 4853 -—
710 4813 907 4869 Verum
953 4828 1021 4868 ne
1074 4813 1189 4868 haec
1232 4813 1409 4882 inopia
1455 4812 1783 4867 delensionis

160 4909 368 4963 dicere
396 4920 495 4960 nos
524 4913 731 4976 putent,
759 4904 826 4960 ad
873 4905 1192 4960 solutionem
1220 4905 1359 4974 ejus,
1387 4904 1528 4974 quod
1572 4920 1782 4974 quaare-

162 5003 365 5067 batur,
396 5000 695 5055 veniamus.
740 5000 996 5067 Qumnam
1026 5013 1156 5069 ergo
1177 5000 1280 5054 erit
1308 4997 1550 5052 solutio?
1582 4997 1782 5053 Viden-

160 5095 309 5151 dum
335 5092 502 5148 estin
532 5091 859 5163 hujusmodi,
890 5091 1106 5162 quibus,
1128 5099 1184 5146 et
1206 5090 1442 5161 quando,
1461 5098 1517 5144 et
1532 5105 1693 5160 quare
1720 5105 1783 5145 ea

158 5186 432 5243 Christus
455 5184 757 5254 imperavit.
786 5182 906 5237 Non
929 5183 1074 5237 enim
1109 5181 1301 5247 obiter,
1325 5193 1381 5237 et
1423 5181 1565 5236 nude
1606 5182 1784 5250 inqui-

162 5277 351 5335 renda
377 5283 505 5331 sunt
542 5274 658 5330 haec
684 5292 700 5329 :
728 5275 823 5330 sed
863 5289 1044 5349 opera;
1074 5274 1304 5343 pretium
1347 5272 1506 5328 fuerit
1541 5273 1701 5328 simul
1731 5283 1787 5327 et

162 5383 495 5442 personam,
522 5376 580 5423 et
606 5376 834 5437 tempus,
863 5375 917 5419 ct
941 5380 1156 5421 causam
1208 5375 1264 5420 et
1290 5365 1468 5420 omnia
1516 5364 1633 5419 haec
1671 5364 1786 5418 dili-

159 5472 376 5532 genter
395 5460 741 5530 perscrutari.
765 5459 861 5514 His
908 5460 1051 5514 enim
1081 5458 1366 5530 diligenter
1408 5457 1782 5522 consideratis,

162 5553 548 5617 inveniemus,
576 5551 722 5623 quod
750 5552 864 5621 ipsa
904 5566 1014 5606 non
1063 5551 1172 5605 sint
1208 5550 1457 5605 omnibus
1502 5550 1784 5620 imperata,

162 5646 272 5703 sed
324 5645 457 5700 solis
504 5644 882 5716 apostolis:et
921 5658 1093 5713 neque
1131 5642 1235 5698 illis
1278 5642 1332 5697 in
1380 5656 1559 5709 cuine,
1584 5640 1680 5698 sed
1715 5640 1785 5695 ad

164 5736 561 5809 praescriptum
605 5745 660 5792 et
683 5737 1094 5791 determinatum
1125 5743 1357 5804 tempus.
1392 5734 1458 5788 Et
1506 5734 1648 5789 unde
1677 5733 1782 5789 hoc

167 5828 583 5888 manifestum?
632 5828 707 5883 Ex
758 5828 915 5884 dictis
960 5828 1088 5899 ipsis
1126 5846 1137 5883 :
1170 5827 1392 5894 etenim,
1422 5826 1621 5884 vocalis
1649 5826 1781 5884 duo-

987 368 1053 425 IN
1094 368 1319 437 ILLUD,
1360 369 1724 426 SALUTATE
1762 369 2169 427 PRISCILLAM
2210 371 2299 428 ΕΤ
2337 373 2668 442 AQUILAM.
2709 374 2773 431 ll.

3408 377 3510 432 me

1906 486 2079 541 decim
2109 487 2405 557 discipulis,
2434 488 2569 544 dixit
2597 490 2677 544 eis
2702 506 2715 543 :
2748 486 2815 544 In
2844 490 2977 544 riam
2997 489 3233 547 Gentium
3261 507 3323 545 ne
3372 490 3507 545 abie-

1901 580 2042 646 ritis,
2076 588 2123 633 et
2150 580 2203 633 in
2231 582 2481 634 civitatem
2503 582 2949 637 Samaritanorum
2981 599 3044 638 ne
3070 581 3395 638 intraveritis.
3427 580 3508 635 Ite

1902 671 2071 742 potius
2113 671 2182 724 ad
2225 688 2338 726 oves
2377 672 2558 727 domus
2587 671 2758 728 Israel
2799 689 2912 744 qua:
2948 675 3201 745 perierunt
3230 675 3508 743 :in/irmos

1900 771 2072 815 curate
2088 801 2105 828 ,
2137 760 2360 831 leprosos
2380 763 2641 828 mandate,
2670 762 2921 817 dtemonia
2950 764 3115 833 ejicite
3133 778 3154 820 :
3172 764 3330 835 gratis
3356 764 3517 818 accc;

1901 854 2066 924 pistis,
2095 854 2251 924 gratis
2278 852 2395 908 date
2424 870 2442 907 :
2470 870 2534 907 ne
2557 853 2855 924 possidentis
2888 870 3069 908 aurum
3106 856 3183 910 uel
3209 864 3500 926 argentum,

1901 949 1978 1001 vel
2000 962 2069 1001 tes
2093 949 2147 1001 in
2175 947 2316 1002 sonis
2344 947 2519 1001 vestris
2559 946 3013 1019 (Mattlt.l0.6-9).
3040 946 3268 1003 Attende
3295 958 3492 1018 quanta

1901 1038 2139 1107 magistri
2168 1038 2449 1108 sapientia,
2483 1038 2755 1109 quomodo
2782 1039 2899 1094 leve
2935 1039 3037 1094 hoc
3058 1030 3378 1109 praeceptum
3417 1040 3491 1092 fc-

1900 1129 2056 1183 cerit.
2106 1127 2242 1183 Nam
2282 1144 2403 1183 cum
2431 1130 2581 1200 prius
2614 1129 2878 1185 dixisset:
2909 1128 3155 1200 Inﬁrmos
3197 1140 3390 1196 curate,
3420 1132 3497 1184 le.

1901 1237 2077 1293 prosos
2123 1222 2362 1275 mandate
2386 1262 2401 1286 ,
2432 1222 2687 1277 dtumones
2715 1222 2878 1293 ejicite
2899 1220 3008 1293 (Ib.
3033 1238 3080 1277 υ.
3105 1222 3182 1292 8),
3216 1238 3492 1291 magnam-

1900 1326 2007 1380 que
2029 1311 2109 1366 eis
2137 1311 2361 1382 gratiam
2382 1312 2678 1367 liberaliter
2703 1311 2960 1378 dedisset,
2994 1322 3119 1368 tunc
3145 1312 3356 1368 tandem
3379 1312 3497 1368 haec

1900 1401 2201 1471 imperavit,
2228 1403 2480 1457 nimirum
2510 1413 2880 1474 paupertatem
2909 1405 3182 1475 signorum
3232 1414 3496 1474 potestate

1901 1494 2073 1550 levem
2102 1503 2157 1550 et
2199 1494 2408 1551 facilem
2435 1496 2685 1551 reddens.
2716 1495 2901 1568 Neque
2930 1512 2995 1551 ex
3028 1497 3115 1552 his
3140 1497 3314 1553 solum
3333 1538 3349 1563 ,
3398 1497 3495 1553 sed

1898 1600 1965 1641 ex
1994 1585 2175 1641 multis
2220 1586 2341 1643 aliis
2390 1588 2730 1643 manifestum
2773 1596 2877 1655 est,
2904 1588 3033 1643 solis
3057 1587 3336 1659 discipulis
3373 1603 3496 1644 esse

1898 1676 2237 1747 imperatum.
2266 1676 2402 1732 Nam
2431 1686 2487 1733 et
2526 1679 2782 1749 virgines,
2808 1679 2934 1748 quia
2985 1678 3164 1733 oleum
3207 1679 3259 1733 in
3294 1679 3496 1749 lampa-

1898 1767 2058 1823 dibus
2083 1768 2197 1824 suis
2222 1784 2329 1823 non
2362 1768 2650 1838 habebant,
2680 1770 2888 1840 punivit
2938 1768 3153 1842 (Matth.
3178 1770 3270 1826 25.
3300 1770 3490 1839 1-12):

1900 1870 1956 1915 et
1984 1861 2120 1916 alios
2143 1877 2357 1932 quoque
2397 1862 2575 1934 arguit
2613 1872 2667 1918 et
2708 1864 2969 1934 increpat,
3002 1864 3122 1934 quia
3163 1864 3490 1921 esurientem

1900 1951 2074 2021 ipsum
2116 1952 2389 2020 viderunt,
2419 1964 2475 2009 et
2500 1970 2609 2009 non
2656 1963 2938 2025 paverunt,
2968 1963 3024 2011 et
3057 1955 3328 2011 sitientem
3380 1970 3490 2011 non

1897 2052 2151 2114 potaruut
2178 2043 2287 2114 (Ib.
2337 2062 2385 2100 υ.
2412 2046 2502 2101 ll.
2531 2044 2689 2116 sqq.).
2721 2046 2890 2101 Porro
2927 2046 2973 2101 is
3000 2046 3085 2101 cui
3134 2061 3241 2101 non
3291 2055 3376 2102 est
3414 2061 3492 2102 aes

1897 2152 2070 2207 neque
2115 2139 2540 2195 calceamentum
2565 2181 2580 2205 ,
2611 2146 2707 2196 sed
2760 2156 2869 2195 una
2918 2149 3123 2196 tantum
3150 2128 3336 2210 vestis,
3359 2157 3492 2211 quo-

1897 2229 2057 2284 modo
2084 2230 2246 2284 alium
2294 2246 2535 2301 pascere,
2565 2232 2835 2303 quomodo
2860 2234 3061 2289 nudum
3088 2235 3320 2300 vestire,
3357 2252 3491 2305 quu-

1897 2319 2058 2374 modo
2088 2320 2354 2391 hospitem
2384 2323 2435 2376 in
2461 2322 2679 2377 domum
2727 2323 2979 2379 inducere
3020 2325 3259 2393 poterit?
3284 2325 3391 2381 Sed
3418 2326 3488 2381 ad

1897 2409 2013 2466 huic
2038 2421 2093 2466 et
2117 2412 2333 2467 aliunde
2358 2414 2560 2468 clarum
2590 2429 2711 2469 esse
2751 2425 2982 2486 poterat.
3019 2416 3150 2474 Nam
3198 2418 3488 2475 accedente

1895 2516 1951 2560 et
2004 2506 2219 2563 dicente
2265 2506 2539 2577 quodam:
2575 2506 2846 2580 Magister,
2892 2509 3014 2579 quid
3062 2509 3296 2580 faciendo
3335 2511 3491 2565 vitam

1894 2608 2137 2652 (sternam
2180 2599 2445 2668 possidebo
2496 2598 2710 2673 (Matth.
2756 2601 2843 2657 19.
2888 2601 3018 2673 l6)?
3056 2617 3177 2658 cum
3225 2603 3487 2657 recensita

1895 2699 2080 2746 essent
2108 2695 2307 2756 omnia,
2340 2708 2461 2763 qua:
2490 2693 2542 2747 in
2566 2693 2685 2763 lege
2715 2701 3003 2763 praecepta,
3028 2703 3082 2749 et
3110 2693 3201 2749 ille
3224 2695 3489 2749 curiosius

1896 2795 2338 2855 percontaretur,
2385 2796 2441 2842 et
2491 2786 2695 2843 diceret
2742 2805 2754 2839 :
2809 2787 2935 2843 Haec
2963 2789 3135 2842 omnia
3180 2790 3372 2843 servavi
3423 2791 3488 2843 ab

1895 2876 2237 2932 adolescentia
2288 2894 2434 2944 mea,
2468 2879 2592 2949 quid
2640 2879 2811 2933 adhuc
2859 2880 2985 2933 mihi
3038 2879 3372 2936 deestfdicit
3417 2881 3486 2935 ad

1894 2969 2091 3038 ipsum,
2123 2968 2184 3024 Si
2209 2968 2282 3023 vis
2304 2968 2554 3039 perfectus
2572 2986 2701 3034 esse,
2726 2970 2871 3035 uade,
2903 2970 3060 3024 vende
3086 2987 3201 3041 qua:
3232 2972 3405 3038 habes,
3434 2982 3487 3026 et

1891 3062 1961 3114 da
2011 3061 2353 3131 pauperibus,
2393 3070 2440 3116 et
2491 3062 2607 3116 veni
2629 3104 2644 3129 ,
2677 3079 2884 3137 sequere
2919 3080 2998 3118 me
3022 3062 3129 3137 (Ib.
3176 3080 3224 3117 υ.
3249 3064 3341 3120 20.
3367 3064 3483 3136 21).

1894 3153 1991 3211 llic
2037 3154 2083 3209 si
2127 3155 2421 3225 praecipere
2454 3154 2730 3223 voluisset,
2760 3156 3043 3227 oportebat
3071 3157 3172 3212 hoc
3223 3158 3485 3228 principio

1889 3247 2092 3311 dicere,
2121 3255 2177 3302 et
2200 3245 2372 3317 legem
2411 3246 2464 3301 in
2504 3246 2695 3303 ordine
2732 3257 3121 3318 praeceptorum
3167 3263 3400 3319 ponere,
3432 3258 3488 3305 et

1894 3355 1999 3393 non
2039 3347 2310 3409 tamquam
2347 3338 2632 3394 consilium
2678 3347 2733 3393 et
2781 3340 3209 3395 exhortationem
3241 3356 3484 3396 narrare.

1892 3432 2182 3489 Enimvero
2225 3439 2347 3487 cum
2392 3432 2543 3498 dicit,
2580 3431 2756 3487 Nolite
2782 3432 3037 3503 possidere
3064 3450 3268 3501 aurum,
3294 3434 3371 3488 uel
3398 3450 3486 3487 ar-

1890 3534 2092 3596 gentum
2138 3524 2356 3593 (Matth.
2398 3525 2486 3580 10.
2513 3524 2592 3593 9),
2627 3523 2940 3594 imperando
2988 3524 3147 3591 dicit;
3175 3540 3295 3580 cum
3352 3541 3482 3582 vero

1890 3618 2039 3684 dicit,
2075 3616 2137 3672 Si
2164 3618 2236 3670 vis
2260 3620 2512 3688 perfectus
2542 3616 2873 3687 esse(Matth.
2901 3617 2989 3673 l9.
3010 3617 3130 3690 2i),
3157 3618 3486 3674 consulendo

1889 3720 1945 3764 et
1972 3708 2312 3763 admonendo
2340 3708 2489 3763 dicit.
2520 3708 2635 3763 Non
2668 3719 2749 3763 est
2785 3719 2965 3764 autem
2994 3709 3157 3777 idem,
3180 3710 3480 3777 consulere,

1889 3809 1945 3855 et
1971 3800 2142 3869 legem
2170 3815 2389 3869 ponere.
2414 3799 2543 3853 Nam
2567 3800 2657 3868 qui
2685 3799 2857 3870 legem
2883 3800 3088 3868 statuit,
3114 3801 3285 3856 modis
3310 3802 3485 3857 omni-

1890 3892 1989 3946 bus
2029 3892 2144 3946 fieri
2180 3893 2294 3945 vult
2341 3891 2482 3961 quod
2527 3891 2765 3962 praecipit
2796 3908 2810 3946 :
2838 3892 2929 3962 qui
2979 3908 3109 3947 vero
3149 3896 3381 3948 consulit
3429 3904 3485 3952 et

1889 3983 2226 4049 adhortatur,
2254 3986 2533 4037 sententia:
2562 3994 2617 4037 et
2646 3983 2869 4038 arbitrio
2893 3984 3152 4039 auditoris
3183 3985 3438 4055 permittit
3462 4028 3480 4052 ,

1890 4084 1947 4128 ut
1974 4092 2037 4130 ex
2064 4074 2221 4129 dictis
2251 4074 2391 4143 quod
2417 4075 2647 4129 voluerit
2670 4074 2868 4145 eligat,
2900 4076 3081 4146 sicque
3112 4075 3478 4134 faciendorum

1889 4168 2164 4222 dominum
2190 4166 2487 4221 auditorem
2515 4166 2785 4236 relinquit.
2812 4166 3099 4237 Propterea
3135 4184 3240 4223 non
3271 4165 3482 4239 simpu-

1888 4260 2022 4315 citer
2046 4258 2197 4323 dixit,
2243 4258 2415 4326 Vade,
2434 4260 2590 4313 vende
2615 4274 2728 4325 qua:
2757 4258 2929 4327 habes,
2958 4275 3025 4316 ne
3068 4260 3118 4316 id
3164 4262 3332 4333 legem
3362 4278 3484 4319 esse

1893 4362 2105 4422 putares
2136 4369 2148 4405 :
2183 4352 2275 4407 sed
2308 4351 2614 4422 quomodo?
2644 4351 2706 4405 Si
2758 4352 2831 4405 vis
2880 4356 3130 4424 perfectus
3156 4369 3293 4421 esse,
3319 4356 3480 4423 uade,

1887 4447 2044 4501 vende
2057 4462 2172 4518 quae
2202 4446 2353 4501 habes
2374 4444 2587 4519 (Matth.
2617 4445 2705 4501 19.
2737 4444 2869 4517 21).
2900 4453 2961 4501 ut
2979 4446 3156 4503 discas
3180 4450 3233 4502 in
3262 4449 3483 4505 arbitrio

1888 4538 2216 4595 audientium
2247 4552 2335 4593 res
2362 4552 2504 4592 esse.

1963 4627 2015 4684 Ν
2019 4647 2083 4684 on
2112 4645 2308 4698 semper
2335 4630 2444 4699 lege
2472 4627 2715 4700 obstringi
2739 4628 2894 4684 uoluit
2920 4627 3152 4686 Christus
3175 4632 3473 4702 discipulos.

1888 4719 2252 4789 --Apostolis
2288 4720 2418 4774 solis
2465 4734 2593 4791 ergo
2636 4719 2754 4775 hzec
2804 4718 2970 4775 fuisse
3000 4730 3261 4790 pra-cepta
3309 4723 3482 4792 palam

1888 4821 2007 4877 est;
2028 4827 2212 4867 verum
2241 4811 2465 4882 qumstio
2496 4811 2730 4866 nondum
2756 4811 2928 4866 soluta
2960 4822 3064 4866 est.
3105 4812 3237 4868 Nam
3267 4815 3311 4868 si
3341 4830 3478 4883 prte-

1888 4913 2042 4974 ccpta
2065 4914 2189 4958 sunt
2216 4902 2331 4957 lucc
2358 4902 2487 4958 solis
2524 4903 2811 4973 apostolis,
2841 4917 2939 4957 cur
2958 4903 3093 4973 jussi
3127 4920 3233 4959 non
3280 4904 3481 4963 habere

1888 4998 2119 5059 calceos,
2136 4994 2225 5051 vel
2242 4996 2483 5064 geminas
2508 5004 2707 5059 vestes,
2735 4994 2940 5049 inventi
2967 5004 3093 5049 sunt
3116 4995 3254 5051 alius
3278 4996 3478 5053 habere

1888 5089 2149 5155 sandalio,
2178 5089 2315 5144 alius
2350 5102 2483 5143 vero
2528 5086 2817 5156 penulam?
2847 5084 2986 5154 Quid
3034 5085 3196 5157 igitur
3242 5088 3311 5143 ad
3360 5088 3478 5144 lucc

1890 5181 2166 5239 dicemus?
2217 5180 2466 5235 Christus
2512 5195 2687 5250 neque
2741 5180 3015 5250 apostolos
3057 5195 3271 5252 semper
3322 5181 3482 5253 hujus

1889 5276 2025 5345 legis
2050 5275 2369 5330 necessitate
2393 5272 2649 5341 obstringi
2679 5272 2874 5338 voluit,
2906 5272 3002 5328 sed
3032 5288 3127 5328 eos
3150 5275 3387 5330 absolvit
3413 5277 3482 5329 ab

1891 5366 1993 5425 hac
2025 5366 2160 5436 lege,
2189 5380 2310 5420 cum
2330 5365 2438 5433 jam
2468 5364 2535 5418 ad
2556 5363 2845 5418 salutarem
2874 5378 3089 5419 crucem
3122 5364 3294 5420 iturus
3314 5377 3483 5422 esset.

1890 5460 1958 5520 Et
1984 5459 2125 5515 unde
2148 5458 2253 5515 hoc
2280 5458 2483 5529 liquet?
2514 5457 2593 5511 Ex
2625 5456 2915 5511 Salvatoris
2947 5459 3308 5514 sermonibus.
3343 5459 3478 5513 Nam

1891 5553 2193 5626 passionem
2221 5563 2569 5621 aggressurus
2590 5589 2608 5614 ,
2639 5547 2841 5603 vocatis
2885 5548 2993 5604 illis
3037 5548 3205 5614 dixit,
3234 5546 3360 5605 Cum
3385 5566 3474 5605 vos

1889 5645 2135 5702 mitterem
2155 5641 2262 5696 sine
2288 5640 2548 5709 marsupio
2572 5648 2617 5693 et
2640 5655 2782 5710 pera,
2809 5639 3069 5710 aliquidue
3088 5640 3304 5696 deerat?
3336 5640 3398 5694 At
3424 5640 3480 5696 hi

1890 5739 2248 5804 respondentes
2286 5732 2523 5785 dixerunt
2552 5746 2572 5785 :
2615 5729 2783 5784 Nihil.
2808 5728 2931 5800 Ipse
2959 5739 3127 5784 autem
3148 5729 3341 5784 dicebat
3363 5732 3435 5785 eis
3454 5769 3474 5786 .

1896 5828 1997 5885 Sed
2020 5847 2151 5886 mmr
2182 5826 2264 5897 qui
2292 5824 2435 5878 habet
2457 5823 2791 5895 marsupium,
2823 5822 2990 5891 tollat,
3015 5831 3061 5877 et
3085 5839 3253 5894 peram
3283 5838 3297 5877 :
3322 5832 3369 5877 et
3391 5836 3481 5891 qui
