3964 6342
471 343 572 399 190

467 485 563 522 mn
592 466 756 528 habet.
789 461 970 523 nudat
1016 470 1200 518 castam
1247 473 1413 521 suam,
1444 466 1491 510 ct
1539 465 1784 510 mercetur
1831 450 2059 524 gladium

463 557 619 630 (Luc.
646 555 737 612 Μ.
759 554 850 612 35.
872 555 988 618 36).
1011 551 1129 610 lam
1171 548 1311 605 forte
1355 547 1502 603 dicet
1544 545 1759 615 aliquis,
1785 541 2061 612 apostolos

463 647 678 718 quidem
726 645 810 702 his
849 643 1008 702 dictis
1053 658 1085 700 ιι
1137 639 1364 698 crimine
1416 637 1692 694 absolutos
1724 652 1738 689 :
1769 633 1864 692 sed
1922 632 2059 687 ultra

463 741 742 811 qua-ritur,
770 752 938 808 quare
964 733 1212 791 Christus
1244 729 1511 790 contraria
1553 725 1867 798 praeceperit
1891 742 1904 778 :
1934 738 2058 778 nam

465 830 735 886 interdum
767 828 917 894 dicit,
945 824 1032 881 Ne
1058 823 1354 894 possidentis
1377 837 1550 892 peram
1577 818 1791 892 (Matth.
1811 816 1898 872 l0.
1930 815 2056 886 id):

465 923 734 979 interdum
761 930 966 986 autem,
997 918 1096 987 Qui
1131 919 1278 974 habet
1319 915 1663 984 marsupium,
1691 911 1865 974 tollat,
1893 919 1940 964 et
1967 925 2059 978 pe-

465 1031 576 1068 ram
788 1012 882 1068 2‘2.
913 1009 1026 1085 56).
1047 1013 1224 1078 Quare
1245 1008 1348 1063 hoc
1377 1005 1539 1062 fecit?
1566 1004 1709 1062 Sane
1734 1002 1850 1058 haec
1874 1001 2061 1058 adnuo-

463 1110 591 1168 tlum
640 1105 800 1176 digne
849 1102 976 1160 (erit
1019 1117 1115 1162 sua
1160 1099 1443 1169 sapientia,
1474 1109 1929 1166 curaque,quam
1963 1105 2060 1163 pro

466 1199 743 1269 discipulis
770 1196 1012 1268 gerebat.
1042 1193 1126 1251 Ab
1153 1192 1306 1252 initio
1334 1191 1478 1248 enim
1509 1189 1614 1246 hoc
1642 1187 1959 1259 imperavit,
2005 1194 2063 1239 ιιι

463 1309 631 1362 opere
681 1300 737 1346 et
781 1288 1154 1358 experimento
1210 1283 1466 1354 potentia:
1515 1297 1629 1337 sua:
1679 1280 2059 1336 documentum

462 1385 772 1454 acciperent
795 1420 814 1449 ,
855 1395 922 1436 ac
944 1378 1139 1438 deinde
1162 1391 1284 1434 eum
1315 1373 1506 1432 fiducia
1537 1387 1632 1443 per
1661 1380 1832 1428 totum
1874 1369 2060 1425 urbem

466 1488 733 1533 terrarum
796 1480 1165 1546 peragrarunt.
1221 1469 1419 1525 Verum
1471 1466 1561 1522 ubi
1605 1465 1719 1536 jam
1767 1463 2060 1533 potentiam

465 1570 634 1641 ipsius
683 1574 1052 1640 agnoverunt,
1081 1563 1285 1634 optavit
1324 1568 1465 1616 utet
1505 1559 1605 1629 ipsi
1629 1573 1696 1612 ex
1749 1571 1810 1612 se
1851 1555 2062 1609 virtutis

464 1663 740 1736 specimen
769 1661 1090 1732 pra-herent,
1121 1672 1297 1728 neque
1320 1655 1466 1726 ipsos
1491 1653 1560 1709 ad
1587 1654 1744 1708 finem
1775 1665 1944 1720 usque
1970 1665 2063 1718 ge-

465 1767 612 1812 stare
663 1753 870 1818 voluit;
898 1751 994 1806 sed
1041 1751 1186 1820 ipsos
1223 1762 1370 1818 saepe
1417 1745 1672 1816 exposuit
1715 1741 2063 1812 permisitque

465 1861 593 1902 suas
644 1844 789 1901 ferre
836 1845 1195 1907 tentationes,
1241 1856 1310 1895 ne
1352 1839 1556 1894 scilicet
1605 1845 1864 1907 perpetuo
1905 1833 2062 1886 otiosi

467 1937 767 1993 residerent
795 1953 811 1990 :
838 1946 894 1991 et
913 1933 1368 2006 quemadmodum
1403 1930 1494 2002 qui
1524 1938 1692 1984 artem
1721 1925 1938 1982 natandi
1967 1925 2064 1980 do-

465 2039 610 2097 cent,
643 2029 906 2100 principio
951 2027 1244 2098 suppositis
1282 2025 1530 2080 manibus
1577 2021 1744 2077 multa
1791 2020 2064 2089 diligentia

467 2120 764 2191 discipulus
790 2127 1042 2191 gestant;
1077 2126 1198 2188 post
1245 2131 1408 2171 unum
1441 2124 1618 2170 autem
1653 2122 1708 2168 et
1734 2112 1961 2167 alterum
2007 2117 2065 2166 et

471 2212 686 2268 tertium
713 2210 858 2267 diem
904 2209 1178 2265 subtracta
1225 2207 1448 2264 dextera
1492 2201 1600 2260 illis
1629 2204 1978 2276 pratcipiunt,
2007 2212 2066 2256 nt

467 2307 678 2378 seipsos
696 2305 910 2376 juvent,
941 2313 997 2360 et
1027 2317 1410 2372 nonnunquam
1439 2300 1558 2354 illos
1585 2313 1872 2368 parumper
1897 2295 2064 2365 mergi

469 2399 688 2466 sinunt,
733 2398 803 2452 ita
853 2406 913 2452 ut
950 2405 1008 2451 et
1065 2396 1291 2452 multum
1332 2392 1617 2462 salsuginis
1669 2391 1923 2445 sorbeam
1955 2391 2064 2443 :ita

470 2505 602 2547 sane
629 2499 686 2546 et
710 2506 832 2546 cum
874 2489 1154 2561 discipulis
1202 2488 1315 2542 suis
1357 2485 1604 2540 Christus
1651 2483 1896 2540 faciebat.
1930 2481 2064 2536 Nam

473 2585 628 2640 initio
675 2583 807 2639 nihil
842 2598 940 2638 eos
998 2581 1106 2652 pati
1152 2580 1384 2646 sinebat,
1416 2578 1501 2634 vel
1554 2591 1776 2648 parvum
1813 2576 1897 2631 vel
1948 2591 2064 2629 nm-

470 2692 658 2748 gnum,
688 2675 782 2733 sed
815 2677 1010 2747 ubique
1038 2674 1226 2730 aderat
1254 2672 1525 2737 muniens,
1554 2680 1612 2727 et
1653 2669 2067 2726 circumvallans

470 2784 590 2838 eos,
621 2768 926 2840 faciensque
953 2776 1010 2822 ut
1030 2765 1209 2822 omnia
1233 2765 1463 2820 ubertim
1488 2764 1567 2820 eis
1585 2763 1870 2818 affluerent
1897 2779 1910 2814 :
1941 2776 2066 2816 cum

471 2878 604 2919 vero
631 2872 842 2933 tempus
871 2870 1050 2926 esset,
1074 2871 1133 2914 ut
1154 2859 1464 2914 virilitatem
1510 2871 1664 2912 suam
1694 2853 1794 2925 ipsi
1824 2854 2066 2908 declara—

472 2965 616 3024 rent,
659 2954 922 3010 subtraxit
963 2952 1232 3008 modicum
1261 2950 1470 3021 gratiae,
1502 2946 1825 3019 prmcipiens
1860 2947 1940 3002 eis
1962 2985 1976 3009 ,
2013 2952 2069 2998 nt

472 3048 634 3104 etiam
665 3062 760 3118 per
803 3046 1014 3116 scipsos
1052 3043 1218 3097 multa
1253 3041 1594 3112 perlicerent.
1625 3039 1800 3108 Atque
1829 3036 1968 3091 hanc
1997 3036 2069 3090 ob

472 3154 719 3204 causam,
746 3153 869 3193 cum
909 3152 1016 3192 non
1046 3134 1314 3190 habebant
1342 3131 1556 3188 calceos
1577 3172 1592 3198 ,
1627 3130 1711 3185 vel
1732 3144 1920 3184 zonam
1941 3169 1955 3191 ,
1985 3128 2069 3182 vel

474 3231 746 3297 baculum,
772 3231 856 3285 vel
881 3245 986 3293 ms,
1009 3227 1142 3282 nihil
1168 3227 1247 3282 eis
1272 3225 1458 3280 deerat
1490 3241 1504 3278 :
1537 3223 1667 3278 dicit
1709 3223 1852 3276 enim
1873 3261 1889 3287 ,
1928 3219 2070 3273 Num

473 3325 667 3396 aliquid
698 3323 836 3379 vobis
870 3321 1076 3392 defuit?
1104 3317 1175 3373 Et
1203 3317 1562 3390 respondentes
1605 3315 1842 3370 dixerunt
1873 3327 1890 3366 :
1919 3310 2069 3364 Nihil

476 3417 639 3489 (Ibid.
683 3433 729 3472 υ.
764 3416 882 3483 55).
909 3416 1027 3482 Quo
1077 3421 1320 3481 tempore
1369 3418 1549 3465 autem
1601 3406 1845 3478 permisit
1876 3406 1988 3469 eis,
2014 3411 2072 3458 ιιι

476 3509 805 3580 marsupium
839 3508 1098 3561 baberent
1125 3513 1180 3559 et
1225 3518 1407 3574 peram
1453 3511 1508 3556 et
1547 3500 1792 3564 calceos,
1828 3496 2068 3551 invenie-

475 3605 671 3659 bantur
705 3610 759 3657 et
787 3601 1108 3663 esurientes,
1141 3604 1195 3651 et
1220 3596 1485 3660 sitientes,
1509 3601 1566 3648 et
1587 3591 1712 3646 nudi
1733 3591 2068 3646 incedentes.

478 3693 632 3750 Unde
662 3691 948 3762 liquidum,
979 3686 1121 3758 quod
1148 3688 1344 3756 passim
1375 3699 1471 3739 eos
1499 3681 1787 3753 periclitari
1815 3691 1870 3737 et
1907 3681 2068 3749 affligi

474 3790 673 3843 sineret
699 3803 714 3842 :
746 3798 959 3852 nempe,
994 3790 1052 3835 ιιι
1076 3778 1378 3834 mercedem
1407 3778 1640 3848 aliquam
1675 3775 1952 3830 haberent.
1982 3776 2071 3829 Sic

474 3879 726 3936 videlicet
753 3891 882 3932 aves
907 3874 1084 3947 pullos
1122 3886 1250 3926 suos
1303 3869 1547 3925 foventes
1593 3868 1796 3923 tamdiu
1845 3869 1896 3922 in
1943 3867 2070 3921 nido

476 3971 688 4039 sedent,
717 3968 892 4027 donec
921 3967 1134 4021 illorum
1175 3951 1392 4033 plumae
1412 3961 1750 4025 increscant;
1783 3975 1916 4028 quas
1942 3960 2069 4013 dunt

477 4065 768 4122 increvisse
789 4061 1040 4125 viderint,
1075 4059 1300 4129 illosque
1325 4070 1508 4111 aerem
1547 4069 1734 4110 secare
1761 4068 1949 4125 posse,
1979 4068 2073 4108 eos

477 4159 706 4229 primum
756 4155 902 4210 circa
949 4152 1132 4208 nidum
1183 4150 1408 4204 volitare
1435 4147 1654 4212 docent,
1689 4159 1871 4216 postea
1917 4144 2073 4215 paulo

477 4250 688 4320 longius
713 4264 728 4302 :
757 4247 908 4301 initio
932 4258 1028 4300 eos
1052 4252 1345 4311 sequuntur
1373 4247 1423 4294 et
1453 4247 1786 4308 supportant,
1811 4236 1934 4293 dein
1973 4239 2072 4290 ad-

479 4339 733 4396 miniculo
757 4352 856 4392 suo
885 4346 1026 4391 totos
1048 4334 1360 4390 destituunt.
1386 4331 1460 4385 Ita
1483 4329 1714 4386 faciebat
1736 4343 1789 4386 et
1805 4331 2071 4385 Christus.

479 4431 536 4488 In
568 4430 850 4486 Palmstina
876 4428 1042 4493 enim,
1071 4426 1221 4496 quasi
1259 4426 1312 4478 in
1344 4423 1469 4478 nido
1499 4423 1800 4477 nntrieabat
1837 4422 2074 4491 discipu-

480 4527 602 4591 los;
634 4535 688 4579 et
716 4533 996 4594 postquam
1035 4536 1130 4574 eos
1159 4518 1341 4572 volare
1371 4517 1554 4572 docuit
1590 4531 1860 4586 prtesens,
1887 4526 1940 4569 et
1982 4531 2076 4585 ge-

480 4630 668 4685 stans,
735 4615 949 4672 tandem
992 4611 1196 4668 dimisit
1237 4625 1369 4675 eos,
1400 4619 1458 4663 ut
1507 4610 1750 4664 volarent
1800 4607 1853 4661 in
1909 4617 2074 4661 totum

479 4713 690 4773 orbem,
714 4707 842 4764 dato
867 4706 947 4762 eis
968 4703 1240 4765 mandato,
1264 4711 1322 4755 ut
1343 4715 1463 4755 sese
1489 4699 1779 4754 identidem
1805 4699 2073 4768 juvarcnt.

482 4803 550 4860 Et
575 4799 718 4872 quod
751 4802 855 4853 hoc
876 4810 1062 4852 verum
1090 4795 1193 4858 sit,
1219 4792 1468 4862 quodque
1515 4791 1638 4846 ideo
1685 4805 1782 4845 eos
1823 4791 2074 4844 omnibus

484 4893 752 4958 nudatos,
791 4899 846 4946 et
884 4904 989 4944 una
1047 4896 1252 4940 tantum
1305 4893 1455 4938 veste
1497 4883 1719 4936 amictos
1772 4882 1994 4945 miserit,
2024 4889 2078 4935 et

487 4988 688 5055 absque
711 4981 906 5039 calceis
945 4979 1223 5034 ambulare
1249 4975 1492 5045 jusserit,
1523 4982 1582 5028 ut
1627 4988 1778 5028 suam
1821 4974 2072 5028 virtutem

487 5087 542 5133 et
569 5076 861 5146 potentiam
909 5078 1323 5141 cognoscerent,
1356 5068 1502 5122 clare
1548 5067 1814 5130 sciemus,
1860 5069 1904 5120 si
1946 5067 2078 5121 illud

487 5170 691 5223 dictum
739 5163 1038 5218 audiamus.
1087 5160 1202 5216 Non
1249 5159 1392 5213 enim
1445 5157 1760 5228 simpliciter
1801 5157 1935 5212 dixit
1960 5159 2070 5219 eis,

491 5259 688 5315 'l‘ollite
715 5256 1044 5326 marsupinm
1065 5264 1118 5308 et
1143 5267 1325 5322 peram
1349 5267 1363 5316 ;
1387 5249 1480 5304 sed
1507 5249 1741 5318 priorum
1765 5250 2076 5303 memoriam

491 5346 790 5406 reiricando
810 5345 887 5399 sic
910 5345 1156 5405 dicebat,
1187 5342 1314 5397 Cum
1345 5343 1590 5394 mitterem
1618 5357 1704 5395 vos
1729 5343 1840 5395 sine
1876 5358 2077 5396 marsu-

492 5445 575 5514 pio
609 5451 655 5496 et
688 5455 830 5511 pera,
859 5437 1115 5508 aliquidue
1148 5436 1365 5490 deerat?
1392 5435 1492 5488 hoc
1540 5442 1642 5498 est,
1680 5448 1860 5488 nonne
1899 5436 2076 5489 omnia

497 5532 724 5587 ubertim
757 5527 912 5582 vobis
932 5525 1221 5581 afﬂuebant
1241 5566 1256 5591 ,
1289 5526 1563 5594 multaque
1598 5524 1844 5594 largitate
1870 5525 2079 5581 frueba-

493 5623 663 5682 tnini?
687 5621 793 5678 Sed
817 5635 960 5674 nunc
983 5619 1103 5674 volo
1121 5634 1217 5672 vus
1235 5634 1328 5688 per
1354 5635 1448 5670 vos
1465 5618 1609 5686 ipsos
1633 5627 1928 5684 ccrtare,et
1949 5635 2078 5688 pau-

496 5724 754 5783 pertatem
799 5711 1076 5782 experiri;
1107 5721 1161 5766 et
1204 5720 1488 5780 eapropter
1531 5710 1648 5780 lege
1679 5710 1841 5780 priori
1880 5711 2080 5766 obstri-

496 5815 616 5862 ctos
651 5807 796 5876 nolo,
823 5805 916 5863 sed
945 5804 1194 5877 permitto
1214 5842 1230 5872 ,
1257 5812 1312 5857 ut
1340 5809 1395 5858 et
1423 5801 1747 5872 marsupium
1793 5813 1846 5860 et
1891 5818 2086 5869 peram

1211 341 1269 402 5.
1308 337 1589 404 ιοΑΝΝιδ
1625 331 2068 400 CHRYSOSTON

2176 332 2462 390 ιΠϐΙίΙΕΡ.
2503 333 3044 392 CONSTANTINOP.

3651 337 3760 392 200

2167 446 2430 516 habeatis,
2461 459 2616 506 utne
2661 451 2811 520 quasi
2857 465 2954 521 per
2998 449 3228 508 inanima
3260 449 3616 508 instrumenta
3663 469 3760 521 per

2166 559 2264 601 vos
2291 545 2503 616 operari
2531 546 2846 611 existimer;
2877 544 2971 606 sed
3013 553 3071 600 et
3117 559 3211 600 vos
3242 551 3477 603 vestram
3519 544 3761 614 plu'loso.

2165 636 2344 708 phiam
2370 637 2625 694 exhibere
2651 646 2884 709 oportet.

2238 730 2292 786 3.
2331 728 2482 798 Quod
2507 730 2551 785 si
2573 729 2749 786 adhuc
2772 729 2906 786 dicis
2937 746 2954 786 :
2980 731 3060 786 An
3090 745 3197 784 non
3228 730 3402 798 major
3427 729 3540 786 visa
3574 729 3764 784 fuisset

2165 820 2336 891 gratia
2355 861 2372 887 ,
2406 821 2451 875 si
2479 835 2693 892 semper
2721 820 2797 876 ita
2827 821 3030 876 versati
3057 820 3281 875 essent?
3311 818 3514 875 Verum
3553 835 3663 874 non
3693 821 3761 877 ita

2167 911 2376 982 probati
2418 910 2685 968 fuissent:
2718 911 2765 968 si
2814 911 2956 968 enim
3003 911 3203 966 nullam
3245 910 3334 967 vel
3373 909 3761 976 afﬂictionem,

2167 1003 2252 1059 vel
2280 1003 2511 1074 inopiam
2530 1045 2546 1070 ,
2571 1004 2656 1060 vel
2696 1005 3165 1074 persequutionetn
3185 1044 3200 1069 ,
3224 1003 3310 1060 vel
3337 1003 3636 1074 angustiam
3666 1020 3760 1058 ex-

2169 1097 2305 1167 perti
2334 1105 2553 1163 essent,
2599 1097 2925 1154 mansissent
2966 1097 3143 1166 ignavi
3181 1106 3237 1153 et
3279 1097 3417 1168 pigri
3446 1113 3461 1151 :
3492 1111 3639 1152 nunc
3667 1112 3764 1150 au-

2169 1199 2302 1256 tem,
2351 1205 2459 1246 non
2509 1189 2684 1246 solum
2735 1189 2963 1260 gratiam
3015 1189 3217 1245 Christi
3269 1189 3529 1254 relucere,
3561 1187 3660 1244 sed
3709 1199 3767 1243 et

2166 1281 2503 1338 subditorum
2532 1282 2904 1352 probationem
2942 1281 3186 1337 exhiberi
3219 1281 3450 1348 volebat,
3481 1294 3550 1335 ne
3577 1289 3764 1350 postea

2165 1375 2383 1446 quidam
2415 1375 2595 1432 dicere
2641 1385 2898 1445 possent,
2926 1389 3021 1432 eos
3046 1375 3179 1430 nihil
3203 1391 3233 1429 a
3264 1375 3456 1446 seipsis
3485 1375 3764 1441 attulisse,

2166 1468 2262 1524 sed
2292 1468 2426 1524 facta
2455 1483 2578 1523 esse
2601 1469 2779 1523 omnia
2803 1467 3004 1524 auxilio
3030 1467 3146 1523 Dei.
3180 1467 3394 1522 Poterat
3436 1468 3583 1522 enim
3622 1467 3768 1521 Deus

2167 1575 2263 1618 eos
2287 1575 2455 1630 usque
2505 1559 2573 1616 ad
2621 1559 2780 1616 linem
2805 1559 2860 1616 in
2883 1574 2950 1615 ea
2972 1559 3297 1614 abundantia
3324 1558 3596 1613 custodire
3625 1575 3640 1611 :
3668 1557 3768 1612 sed

2167 1651 2340 1710 noluit
2381 1653 2452 1707 ob
2493 1652 2702 1716 varias,
2735 1652 3174 1720 necessariasqne
3200 1663 3422 1715 causas,
3445 1664 3579 1720 quas
3621 1664 3769 1718 saepe

2166 1747 2374 1802 caritati
2406 1755 2600 1802 vestrae
2643 1745 2898 1801 diximus.
2934 1743 3045 1800 Una
3076 1744 3291 1814 quidem
3320 1744 3435 1798 hanc
3479 1753 3564 1798 est
3605 1757 3768 1812 quam

2168 1841 2403 1899 diximus
2437 1841 2581 1896 :alia
2633 1850 2813 1896 autem
2866 1840 2968 1894 hac
3011 1855 3118 1894 non
3154 1839 3349 1904 minor,
3378 1849 3438 1893 ut
3489 1838 3770 1893 modestia:

2168 1933 2566 1990 assueliercnt:
2620 1933 2776 1988 tertia
2814 1947 2981 1997 vero,
3026 1940 3087 1986 ut
3123 1946 3190 1988 ne
3236 1930 3407 1999 major
3454 1930 3560 1984 illis
3605 1945 3770 2000 quam

2170 2025 2478 2082 hominibus
2517 2025 2765 2093 debetur,
2797 2025 2970 2080 honor
3010 2025 3377 2082 exhiberetur.
3420 2023 3608 2094 Itaque
3641 2041 3770 2094 pro-

2170 2125 2288 2186 pter
2317 2118 2449 2180 luec,
2483 2126 2538 2172 et
2563 2117 2646 2171 his
2667 2118 2834 2172 multo
2863 2117 3014 2187 plura
3037 2157 3051 2181 ,
3075 2132 3195 2172 cum
3222 2115 3584 2186 permissurus
3619 2125 3771 2170 esset

2169 2207 2248 2264 eis
2284 2207 2448 2263 multa
2481 2210 2844 2277 inexspectata
2890 2206 3140 2264 accidere
3161 2247 3177 2274 ,
3205 2206 3374 2261 noluit
3414 2207 3648 2276 priorem
3693 2205 3772 2261 le-

2167 2313 2289 2368 gem
2322 2310 2429 2357 tam
2457 2309 2661 2355 arctam
2686 2315 2924 2365 manere,
2959 2299 3053 2354 sed
3080 2298 3196 2368 ejus
3226 2297 3582 2369 philosophia:
3611 2313 3772 2354 seve-

2170 2394 2381 2450 ritatem
2426 2393 2668 2449 nonnihil
2718 2392 2997 2458 relaxavit,
3030 2401 3087 2446 ut
3129 2401 3184 2447 et
3227 2393 3298 2446 ita
3350 2405 3456 2445 non
3498 2399 3646 2445 esset
3687 2391 3772 2445 eis

2169 2487 2349 2556 gravis
2396 2495 2451 2542 et
2504 2485 2857 2541 intolerabilis
2903 2485 3042 2551 vita,
3098 2483 3143 2538 si
3207 2497 3354 2553 smpe
3405 2481 3759 2551 derelinque-

2172 2589 2382 2647 rentur,
2409 2589 2463 2634 ot
2489 2578 2649 2634 simul
2677 2578 2865 2632 duram
2918 2578 3064 2631 illam
3118 2577 3292 2648 legem
3342 2592 3558 2632 servare
3605 2591 3775 2646 coge-

2173 2681 2380 2728 rentur.
2411 2672 2677 2739 Quoniam
2720 2678 2904 2726 autem
2943 2670 3228 2741 oportebat
3265 2668 3496 2724 obscure
3526 2669 3775 2739 proposi-

2175 2776 2286 2822 tum
2309 2767 2508 2822 clarius
2535 2765 2754 2833 docere,
2787 2765 2988 2820 idcirco
3019 2773 3301 2835 postquam
3347 2761 3482 2816 dixit
3503 2803 3520 2827 ,
3552 2761 3654 2826 Qui
3679 2761 3778 2814 ha-

2173 2859 2253 2912 bet
2280 2858 2613 2929 marsupium,
2646 2855 2812 2924 tollat,
2845 2866 2893 2911 et
2937 2872 3112 2926 peram
3137 2871 3158 2909 :
3187 2855 3401 2924 subjicit
3419 2895 3435 2921 ,
3465 2853 3532 2907 Et
3555 2857 3641 2924 qui
3668 2870 3777 2908 non

2175 2949 2321 3004 habet
2340 2990 2356 3014 ,
2380 2950 2562 3003 vendat
2590 2957 2776 3004 restent
2802 2964 2971 3014 mm,
3003 2957 3050 3001 et
3083 2955 3216 3001 emat
3255 2946 3483 3017 gladium
3504 2945 3654 3017 (Luc.
3678 2944 3778 3000 22.

2177 3041 2295 3114 36).
2323 3041 2588 3111 Quidnam
2619 3040 2757 3095 hoc?
2787 3042 3052 3096 Armatne
3078 3039 3372 3108 discipulos
3399 3039 3490 3109 qui
3509 3038 3642 3093 dicit
3667 3057 3684 3090 :
3716 3038 3780 3094 Si

2177 3133 2290 3204 quis
2328 3143 2376 3188 te
2417 3132 2717 3202 percusserit
2763 3132 2816 3186 in
2869 3132 3128 3189 dextaam
3153 3130 3435 3195 maxillam,
3467 3140 3600 3184 verte
3639 3130 3690 3184 ei
3733 3140 3780 3184 et

2174 3229 2387 3282 alteram
2410 3225 2623 3298 (Matth.
2645 3227 2699 3282 5.
2728 3225 2821 3292 59,
2839 3234 2886 3279 et
2912 3223 3040 3279 Luc.
3064 3225 3117 3280 6.
3141 3223 3260 3295 39).
3291 3223 3393 3292 Qui
3419 3223 3701 3293 praecepit,
3723 3232 3780 3277 ut

2177 3318 2559 3375 benedicamus
2585 3319 2670 3383 iis,
2693 3317 2784 3388 qui
2812 3333 2912 3372 nos
2937 3317 3196 3372 conviciis
3226 3316 3520 3380 lacessunt,
3541 3313 3780 3370 feramus

2178 3412 2469 3492 lzedentes,
2500 3425 2718 3468 oremus
2756 3424 2854 3480 pro
2902 3407 3368 3480 persequentibus,
3398 3422 3544 3462 nunc
3567 3404 3780 3461 armat?

2175 3513 2456 3574 armatque
2508 3517 2616 3557 uno
2691 3511 2898 3555 tantum
2946 3500 3170 3571 gladio?
3225 3500 3292 3555 Et
3337 3499 3615 3568 quomodo
3666 3498 3780 3553 bare

2178 3596 2372 3650 rationi
2403 3609 2642 3650 etmsoua
2690 3595 2860 3648 sunt?
2886 3592 3022 3648 Nam
3072 3593 3119 3647 si
3169 3592 3392 3648 omnino
3433 3591 3606 3645 armis
3641 3605 3776 3660 opus

2175 3697 2312 3754 erat,
2337 3704 2444 3743 non
2470 3688 2586 3743 solo
2610 3687 2808 3758 gladio,
2832 3687 2929 3742 sed
2955 3695 3010 3742 et
3037 3696 3211 3750 scuto,
3242 3694 3298 3741 et
3315 3685 3490 3756 galea,
3513 3694 3571 3740 et
3593 3701 3782 3740 crura-

2177 3782 2314 3836 libus
2331 3797 2541 3836 armare
2565 3781 2870 3851 Oportebat.
2892 3781 2958 3834 Et
2983 3779 3247 3849 profecto.
3275 3780 3319 3833 si
3344 3781 3584 3834 humano
3613 3795 3762 3834 more

2178 3872 2296 3927 tunc
2318 3872 2632 3942 dispensare
2648 3881 2702 3927 et
2727 3886 2886 3943 agere
2919 3871 3197 3936 voluisset,
3211 3869 3354 3940 apud
3373 3886 3470 3925 vos
3499 3870 3780 3926 ridiculum

2179 3982 2284 4020 non
2303 3975 2418 4021 erat
2435 3967 2537 4021 hoc
2558 3963 2911 4036 prmeeptum?
2923 3963 3363 4033 Quandoquidem
3387 3962 3516 4018 licet
3531 3973 3782 4018 sexcenta

2180 4059 2229 4113 id
2251 4075 2418 4129 genus
2443 4074 2591 4112 arma
2612 4057 2977 4128 possedissent
2988 4057 3242 4112 adversus
3267 4065 3344 4111 tot
3363 4056 3588 4112 insidias
3607 4067 3662 4112 et
3683 4057 3782 4110 im-

2183 4159 2338 4220 petus
2367 4149 2685 4219 populorum
2707 4189 2721 4213 ,
2770 4157 3115 4220 tyrannorum
3132 4189 3150 4213 ,
3185 4148 3480 4212 civitatum,
3506 4149 3783 4218 gentium,

2177 4241 2447 4310 quomodo
2467 4243 2533 4296 iis
2546 4243 2872 4312 potentiores
2888 4239 3112 4295 fuissent
3129 4239 3374 4295 undecim
3386 4238 3410 4291 ἳ
3424 4238 3565 4292 Num
3585 4241 3786 4309 potuis-

2182 4342 2298 4388 sent
2317 4333 2504 4388 audire
2520 4349 2707 4390 vocem
2727 4332 3079 4387 hinnientium
3102 4330 3388 4401 equorum?
3412 4346 3594 4386 annon
3611 4332 3694 4386 vel
3715 4332 3783 4385 ad

2182 4426 2354 4478 solum
2385 4425 2656 4479 exercitus
2688 4432 2965 4494 aSpectum
3004 4422 3284 4478 conterriti
3311 4431 3501 4478 essent
3537 4424 3637 4476 viri
3675 4440 3783 4478 non

2181 4516 2284 4570 nisi
2307 4517 2361 4570 in
2384 4517 2589 4586 stagnis
2608 4525 2662 4570 et
2690 4514 3001 4570 ﬂuminibus
3035 4523 3090 4570 et
3118 4515 3310 4569 lembis
3335 4517 3537 4568 versati
3554 4516 3579 4568 ?
3600 4515 3778 4581 Quare

2183 4624 2311 4678 ergo
2342 4609 2444 4662 hoc
2469 4607 2640 4663 dicit?
2665 4607 2973 4663 Judmorum
3018 4607 3238 4662 insidias
3267 4607 3505 4662 indicare
3527 4608 3742 4663 volebat
3765 4649 3781 4675 ,

2185 4699 2410 4770 illosque
2451 4700 2625 4770 ipsum
2675 4699 3164 4769 comprehensurus
3204 4713 3325 4753 esse
3355 4716 3370 4752 :
3404 4697 3567 4768 idque
3612 4699 3786 4752 mani-

2183 4791 2318 4845 festo
2368 4791 2546 4846 dicere
2587 4790 2832 4855 nolebat,
2863 4790 2959 4846 sed
2999 4805 3096 4860 per
3125 4789 3444 4861 zenigmata,
3486 4806 3556 4846 ne
3587 4792 3786 4847 iterum

2183 4884 2652 4938 conturbarentur.
2686 4881 2868 4952 Itaque
2899 4883 3038 4936 sicut
3065 4897 3187 4936 cum
3217 4881 3373 4936 audis
3398 4881 3673 4937 Christum
3705 4883 3790 4938 di-

2185 4985 2394 5031 centem
2436 4992 2450 5028 :
2505 4975 2653 5041 Quod
2702 4974 2916 5028 audistis
2963 4974 3017 5027 in
3059 4989 3252 5037 aurem,
3310 4973 3586 5043 prcdicate
3633 4992 3789 5044 super

2184 5079 2313 5122 tecta
2333 5083 2353 5122 :
2379 5078 2426 5122 et
2446 5067 2581 5137 quod
2601 5065 2813 5120 audistis
2842 5066 2893 5119 in
2924 5064 3158 5132 tenebris,
3182 5064 3333 5120 dicite
3352 5065 3405 5118 in
3427 5063 3542 5120 luce
3565 5065 3786 5135 (Matth.

2187 5161 2274 5216 10.
2309 5159 2400 5225 27,
2426 5170 2470 5212 et
2496 5157 2625 5210 Luc.
2647 5157 2734 5212 i2.
2759 5157 2816 5228 ὅ)
2843 5173 2858 5223 ;
2889 5171 2996 5211 non
3025 5155 3298 5226 intelligis,
3325 5157 3482 5226 quasi
3509 5158 3790 5227 praecipiat

2186 5253 2391 5308 relictis
2420 5251 2550 5305 foris
2569 5260 2624 5305 et
2653 5251 2824 5304 triviis
2851 5265 2947 5322 eos
2973 5264 3138 5320 super
3178 5257 3317 5303 tecta
3343 5249 3544 5304 debere
3589 5250 3788 5320 pradi-

2185 5361 2347 5413 care;
2380 5360 2554 5416 neque
2607 5345 2750 5399 enim
2798 5344 2850 5398 id
2893 5345 3136 5399 fecerunt
3192 5343 3437 5413 discipuli
3469 5361 3484 5397 :
3516 5345 3611 5400 sed
3659 5361 3787 5399 cum

2186 5439 2354 5508 dicit,
2382 5439 2554 5509 Super
2577 5447 2728 5503 tecta,
2759 5446 2816 5493 et
2851 5435 2921 5490 In
2948 5437 3082 5502 luce,
3117 5435 3366 5490 ﬁduciam
3395 5445 3453 5491 et
3480 5436 3785 5491 libertatem

2187 5530 2398 5600 publice
2424 5529 2749 5600 praedicandi
2780 5528 3056 5595 insinuat;
3088 5543 3210 5583 cum
3238 5542 3370 5582 vero
3397 5527 3566 5594 dicit,
3589 5525 3661 5581 In
3683 5545 3784 5581 au-

2188 5639 2294 5676 rem
2347 5631 2402 5676 et
2436 5620 2504 5674 In
2549 5620 2800 5688 tenebris,
2833 5619 3136 5689 significat,
3166 5627 3224 5674 ut
3269 5618 3468 5688 ubique
3517 5628 3784 5673 terrarum

2189 5722 2428 5780 narrent,
2453 5712 2593 5783 quod
2617 5713 2670 5767 in
2697 5727 2855 5782 parva
2883 5711 3067 5766 mundi
3095 5720 3266 5781 parte,
3297 5720 3354 5767 et
3387 5710 3440 5765 in
3469 5725 3576 5764 uno
3602 5709 3784 5763 Palae-

2193 5805 2346 5862 stina:
2373 5805 2490 5862 loco
2515 5804 2813 5861 audierant.
2861 5803 3044 5875 Neque
3071 5803 3215 5860 enim
3263 5802 3319 5859 in
3365 5801 3598 5859 tenebris
3624 5811 3689 5858 ct
3728 5801 3781 5858 in
