3964 6342
83 367 183 423 199

76 499 215 550 μιαν·
241 484 346 536 καί
393 487 426 536 'd
453 483 542 552 μὴ
573 483 764 552 ἔχων,
807 485 1146 552 πωλησάτω
1173 486 1242 540 τὸ
1273 483 1506 555 ἱμάτιον
1543 483 1753 551 αὐτοῦ,

80 567 169 619 καὶ
204 565 500 636 ἀγοράσει
541 567 868 636 μάχαιραν.
908 567 1047 621 Ἀλλ’
1096 570 1228 632 ῑσως
1258 571 1402 622 εῐποι
1430 587 1512 631 τις
1536 568 1603 622 ἀν
1629 608 1644 632 ,
1675 569 1759 621 ὃτι

77 654 201 719 Τοὺς
233 650 341 720 μὲν
365 650 695 714 ἀποστόλους
724 650 814 704 διά
837 650 950 704 τῶν
973 652 1282 723 εἰρημένων
1309 652 1624 723 ἁπήλλαξας
1649 651 1762 704 τῶν

80 742 469 813 ἐγκλημάτων·
497 742 558 795 τὸ
593 743 650 795 δέ
682 744 1014 814 ζητούμενόν
1052 746 1200 797 ἐστιν
1231 747 1405 798 εἰπεῖν
1425 785 1442 809 ,
1467 744 1613 808 τίνος
1644 744 1760 798 ’ἐνε-

81 842 169 877 κεν
212 826 440 879 ἐναντία
483 828 512 878 ὁ
556 827 789 897 Χριστὸς
822 828 1216 896 ἐνομοθέτησε,
1248 830 1378 881 ποτέ
1419 829 1517 898 μέν
1559 827 1755 895 λέγων,

81 919 169 984 Μὴ
195 919 511 986 κτήσησθε
548 919 784 987 πήραν,
820 919 950 971 ποτὲ
988 920 1044 972 δέ
1091 921 1266 990 λέγων
1292 961 1307 983 ,
1347 921 1408 990 ,Ὁ
1443 921 1600 990 ἔχων
1645 920 1759 983 ,ϐα-

81 1001 359 1066 λόντιον,
399 1003 596 1070 ἀράτω
619 1042 634 1064 ,
660 1003 758 1055 καὶ
791 1003 1012 1069 πήραν.
1046 1004 1203 1065 Τίνος
1240 1001 1332 1058 οὖν
1367 1005 1554 1056 ’ἐνεκεν
1601 1003 1758 1056 τοῦτο

84 1085 380 1156 πεποίηκεν
407 1102 421 1149 ;
462 1086 654 1152 Ἀξίως
686 1087 787 1156 τῆς
817 1087 983 1140 αὑτοῦ
1014 1087 1204 1157 σοφίας
1245 1089 1339 1141 καὶ
1373 1085 1630 1159 προνοίας
1661 1087 1760 1157 τῆς

85 1184 214 1254 ὑπὲρ
261 1185 372 1236 τῶν
418 1183 694 1254 μαθητῶν.
730 1184 888 1255 Παρά
941 1183 1038 1254 μὲν
1092 1185 1199 1256 γάρ
1229 1185 1325 1254 τὴν
1363 1183 1536 1255 ἀρχὴν
1587 1183 1758 1236 ταῦτα

85 1267 339 1332 ἐπέταξεν
366 1307 380 1332 ,
414 1267 502 1320 ἴνα
549 1268 696 1339 ἔργῳ
727 1271 822 1320 καὶ
852 1268 1018 1339 πείρᾳ
1042 1268 1140 1340 τὴν
1168 1269 1439 1334 ἀπόδειξιν
1465 1269 1566 1338 τῆς
1593 1269 1758 1322 αὑτοῦ

85 1350 358 1420 δυνάμεως
395 1350 634 1412 λάϐωσι,
668 1351 762 1402 καὶ
794 1351 1054 1414 λαϐόντες
1106 1350 1423 1422 θαρῤᾕσωσι
1455 1353 1640 1404 λοιπὸν
1680 1351 1760 1412 εἰς

84 1431 173 1502 τὴν
221 1432 554 1502 οἰκουμένην
593 1432 830 1496 ἐξελθεῖν
884 1433 1120 1486 ἃπασαν.
1187 1432 1402 1502 Ἐπειδὴ
1466 1434 1521 1484 δέ
1575 1432 1760 1485 λοιπὸν

89 1512 279 1575 ἱκανῶς
306 1513 557 1582 ἔγνωσαν
581 1513 745 1567 αὑτοῦ
762 1515 860 1583 τὴν
890 1515 1142 1584 δύναμιν,
1170 1514 1420 1567 ἐϐούλετο
1443 1515 1534 1567 καὶ
1565 1515 1759 1577 αὑτοὺς

84 1595 285 1648 οἴκοθεν
311 1599 417 1665 τὴν
460 1597 638 1650 αὐτῶν
668 1598 873 1669 ἀρετὴν
911 1597 1282 1663 ἐπιδείξασθαι
1309 1639 1321 1658 ,
1350 1600 1444 1650 καὶ
1477 1599 1549 1669 μὴ
1595 1598 1759 1669 μέχρι

84 1679 263 1740 τέλους
297 1678 500 1741 αὑτοὺς
526 1679 1009 1742 διαϐαστάξεσθαι,
1050 1679 1166 1733 ἀλλ’
1197 1680 1454 1733 ἐνδιδόναι
1490 1679 1760 1749 πολλαχοῦ

85 1761 171 1813 καὶ
197 1764 507 1830 συγχωρεῖν
537 1801 552 1825 ,
581 1761 674 1815 καὶ
705 1765 1049 1836 πειρασμοὺς
1075 1765 1274 1826 αὐτοὺς
1313 1765 1606 1835 ὑπομένειν
1627 1804 1641 1826 ,
1675 1765 1761 1816 ἵνα

87 1846 155 1913 μὴ
184 1843 272 1897 διὰ
317 1844 507 1908 τέλους
536 1846 696 1916 ἀργοὶ
730 1847 954 1916 μένωσι.
989 1849 1097 1900 Καὶ
1127 1847 1378 1919 καθάπερ
1426 1852 1473 1901 οί
1502 1847 1758 1918 νήχεσθαι

83 1928 422 1991 διδάσκοντες
448 1968 462 1992 ,
516 1929 669 2000 παρά
719 1931 818 2001 μὲν
869 1930 967 1993 τὰς
1011 1930 1188 2001 ἀρχάς
1225 1933 1323 1994 τὰς
1357 1932 1535 1984 αὑτῶν
1574 1933 1761 1983 ὑποτι-

84 2009 260 2072 θέντες
297 2012 491 2081 χεῖρας
536 2011 674 2081 μετά
720 2012 921 2082 πολλῆς
967 2013 1069 2082 τῆς
1100 2013 1385 2083 ἀκριϐείας
1428 2015 1553 2076 τοὺς
1589 2013 1762 2083 μαθη-

84 2091 175 2152 τὰς
224 2093 354 2153 τώς
397 2091 608 2144 ἑαυτῶν
647 2092 1068 2155 διαϐαστάζουσι
1093 2134 1107 2158 ,
1141 2095 1278 2163 μετά
1323 2093 1380 2146 δέ
1411 2094 1633 2164 πρώτην
1667 2093 1761 2146 καὶ

82 2173 336 2245 δευτέραν
369 2176 468 2228 καὶ
501 2177 694 2248 τρίτην
725 2178 941 2248 ἡμέραν
963 2177 1232 2247 πολλαχοῦ
1255 2178 1356 2248 τὴν
1381 2177 1561 2243 δεξιάν
1582 2177 1760 2231 αὐτῶν

84 2256 455 2328 ὑποσύραντες
483 2259 743 2323 ἐκείνοις,
780 2258 1096 2314 κελεύουσιν
1139 2262 1350 2323 ἑαυτοῖς
1386 2258 1630 2330 βοηθεῖν,
1669 2259 1762 2311 καί

85 2357 178 2392 που
217 2342 314 2393 καὶ
353 2341 554 2412 μικρὸν
598 2341 955 2410 βαπτίζεσθαι
1006 2343 1396 2414 ἐπιτρέπουσι,
1442 2344 1536 2396 καὶ
1563 2343 1762 2413 πολλὴν

82 2423 157 2493 τῷ
181 2424 414 2494 στόματι
435 2424 688 2495 δέχεσθαι
717 2426 817 2496 τὴν
843 2425 1025 2498 ἀλμην
1048 2444 1060 2456 ·
1093 2425 1237 2479 οὕτω
1263 2427 1327 2496 δὴ
1359 2427 1451 2479 καὶ
1473 2429 1500 2480 ὁ
1528 2426 1764 2497 Χριστὸς

84 2508 336 2578 ἐποίησεν
366 2509 462 2560 ἐπὶ
487 2507 594 2562 τῶν
627 2509 906 2579 μαθητῶν.
945 2511 1034 2564 Ἐν
1063 2512 1206 2581 ἀρχῇ
1241 2511 1336 2562 καὶ
1373 2511 1430 2563 ἑν
1459 2509 1764 2580 προοιμίοις

84 2590 140 2642 ού
172 2591 407 2662 μικρὸν,
441 2589 505 2645 οὐ
541 2592 685 2662 μέγα
709 2591 908 2657 αὐτοὺς
927 2594 1108 2664 ἀφῆκε
1139 2593 1330 2647 παθεῖν
1349 2631 1364 2657 ,
1393 2592 1528 2646 ἀλλὰ
1559 2607 1765 2645 παντα-

85 2679 176 2747 χοῦ
203 2679 391 2750 παρῆν
420 2679 675 2750 τειχίζων
697 2681 925 2746 αὐτοὺς,
961 2681 1369 2752 περιφράττων,
1405 2680 1582 2733 πάντα
1609 2679 1764 2751 [-184]

87 2761 219 2830 μετά
247 2762 532 2836 ἀφθονίας
558 2764 743 2827 αὑτοῖς
775 2765 1023 2836 ἐπιρρεῖν
1068 2763 1508 2834 παρασκευάζων
1535 2781 1546 2793 ⁸
1576 2765 1764 2834 ἐπειδὴ

84 2844 132 2896 δὲ
160 2845 268 2897 ἔδει
290 2847 390 2900 καὶ
421 2835 536 2917 τὴν⁸
548 2847 799 2920 ἀνδρείαν
825 2835 1022 2912 αὐτοὺς
1046 2848 1415 2916 ἐπιδείξασθαι
1444 2848 1542 2920 τὴν
1564 2848 1762 2914 αὐτῶν,

86 2927 424 2982 συνέστειλεν
474 2929 640 3000 ὀλίγῳ
675 2931 776 3002 τὴν
823 2931 1016 3002 χάριν,
1065 2933 1528 3003 ἐγκελευσάμενος
1578 2933 1767 2995 αὑτοῖς

86 3011 250 3064 πολλά
280 3012 378 3065 καὶ⁸
403 3011 470 3064 δι’
510 3012 721 3067 ἑαυτῶν
743 3015 948 3070 ἀνύειν.
982 3015 1082 3068 Διά
1106 3033 1188 3069 τοι
1215 3016 1394 3082 τοῦτο,
1428 3018 1515 3070 ὅτε
1545 3017 1644 3088 μὲν
1667 3017 1767 3069 οὑκ

85 3092 223 3165 εἶχον
259 3097 590 3167 ὑποδήματα
615 3139 628 3159 ,
659 3098 778 3152 οὐδὲ
805 3099 984 3170 ζώνην
1010 3140 1025 3164 ,
1061 3100 1181 3154 οὑδέ
1214 3101 1406 3172 ῥάϐδον
1426 3141 1440 3164 ,
1483 3101 1604 3154 οὑδέ
1634 3099 1767 3170 χαλ-

84 3181 207 3244 κὸν,
258 3181 479 3244 οὐδενὸς
539 3181 956 3254 ὑστερήθησανο
1007 3183 1104 3249 Μή
1160 3199 1324 3250 τινος
1374 3184 1524 3253 γὰρ,
1579 3185 1764 3254 φησὶν,

85 3274 499 3342 {rt-amicam;
546 3279 612 3329 οι
665 3275 733 3328 δὲ
767 3275 1193 3344 ἀποκριθέντες
1239 3273 1444 3330 εἷπον·
1483 3276 1764 3343 Οὐδενός.

95 3356 314 3428 Ἐπειδὴ
369 3358 426 3410 δὲ
462 3359 660 3422 αὐτοὺς
703 3358 959 3412 ἐκέλευσε
992 3361 1089 3413 καὶ
1136 3359 1421 3428 βαλάντιον
1452 3360 1625 3431 ἔχειν,
1673 3361 1768 3414 καὶ

86 3442 290 3508 πήραν,
320 3443 419 3494 καὶ
447 3442 794 3512 ὑποδήματα,
830 3443 1174 3514 εὑρίσκονται
1215 3444 1308 3497 καὶ
1347 3445 1638 3507 πεινῶντες
1674 3444 1769 3498 καὶ

83 3522 348 3591 διψῶντες
373 3526 470 3578 καὶ
497 3525 952 3597 γυμνητεύοντες.
983 3525 1145 3580 Ὅθεν
1183 3526 1362 3598 δῆλον,
1391 3528 1472 3580 ὅτι
1498 3527 1769 3598 πολλαχοῦ

87 3605 389 3676 συνεχώρει
417 3609 512 3661 καὶ
546 3608 1032 3679 παρακινδυνεύειν
1065 3609 1260 3673 αὐτοὺς
1293 3610 1387 3662 καὶ
1420 3614 1770 3682 στενοχωρεῖ-

88 3686 229 3751 σθαι,
267 3690 362 3743 ἵνα
395 3690 516 3744 τι.νά
544 3689 736 3760 μισθὸν
769 3690 982 3762 ἔχωσιν.
1019 3692 1176 3745 Οὕτω
1214 3711 1316 3746 που
1354 3692 1448 3746 καὶ
1479 3693 1528 3745 οἱ
1559 3693 1771 3764 ὄρνιθες

85 3774 190 3835 τοῖς
211 3776 461 3836 νεοττοῖς
489 3772 700 3826 ποιοῦσι
736 3777 849 3838 τοῖς
875 3775 1081 3829 ἑαυτῶν
1104 3791 1118 3805 ⁸
1151 3776 1248 3829 καὶ
1279 3776 1388 3847 γὰρ
1418 3778 1637 3840 ἐκεῖνοι,
1667 3776 1772 3839 ἕως

90 3864 185 3933 μὲν
210 3866 285 3919 τά
322 3866 505 3938 πτερά
529 3867 715 3920 ἀπαλά
746 3866 959 3938 ἔχουσιν
982 3909 998 3934 ,
1038 3869 1132 3922 ἐπὶ
1177 3871 1278 3941 τῆς
1299 3869 1494 3932 καλιᾶς
1524 3869 1771 3940 καθήμε-

87 3965 161 4001 νοι
192 3947 500 4002 θάλπουσιν
525 3966 539 3980 ⁸
581 3949 798 4004 ἐπειδὰν
839 3951 895 4004 δὲ
937 3950 1086 4005 ἴδωσι
1120 3953 1612 4022 πτεροφυήσαντας
1633 3991 1646 4013 ,
1681 3952 1774 4005 καὶ

85 4032 427 4103 δυναμένους
459 4033 551 4087 τὸν
595 4035 732 4105 ἀέρα
757 4036 1007 4105 τέμνειν,
1064 4037 1280 4106 πρῶτον
1315 4037 1411 4107 μὲν
1443 4035 1570 4108 περὶ
1605 4036 1774 4108 αὐτὴν

86 4117 181 4189 τὴν
213 4116 425 4171 καλιάν
459 4119 719 4173 ἵπτασθαι
765 4121 1281 4192 παρασκευάζουσιν
1301 4165 1314 4188 ,
1350 4120 1543 4175 ἔπειτα
1573 4121 1631 4175 δὲ
1680 4123 1776 4175 καὶ

88 4201 430 4273 πορρωτέρω
462 4203 821 4274 περιάγουσι,
857 4203 1010 4274 παρά
1054 4205 1150 4276 μὲν
1179 4205 1280 4276 τὴν
1309 4205 1484 4277 ἀρχὴν
1512 4205 1774 4277 ἑπόμεναι

88 4286 179 4336 καὶ
231 4285 734 4354 διαϐαστάζουσαι,
790 4287 926 4358 μετά
977 4288 1034 4340 δέ
1090 4287 1264 4342 ταῦτα
1317 4289 1512 4353 αὐτοὺς
1565 4290 1776 4354 ἑαυτοῖς

88 4368 338 4436 ἀφιεῖσαι
369 4368 606 4439 βοηθεῖν.
631 4368 789 4422 Οὑτω
818 4370 914 4422 καὶ
935 4371 962 4422 ὁ
987 4371 1222 4441 Χριστὸς
1245 4372 1491 4442 ἐποίησε,
1525 4371 1777 4443 καθάπερ

89 4454 142 4503 ἐν
167 4452 342 4524 καλιᾷ
360 4494 377 4516 ,
410 4455 476 4524 τῇ
510 4452 841 4525 Παλαιστίνῃ
863 4453 1080 4524 τρέφων
1107 4455 1234 4518 τοὺς
1272 4454 1522 4525 μαθητάς
1546 4471 1559 4484 ⁸
1588 4455 1775 4528 ἐπειδὴ

88 4535 139 4589 δέ
169 4535 444 4590 πέτεσθαι
499 4535 706 4600 ἐδίδαξε
745 4535 938 4608 παρὼν
992 4535 1086 4590 καὶ
1136 4535 1511 4602 διαϐαστάζων
1555 4538 1773 4600 αὐτοὺς,

87 4628 235 4691 τέλος
269 4627 495 4698 ἀφῆκεν
521 4630 601 4692 εἰς
643 4629 745 4699 τὴν
781 4629 1108 4700 οἰκουμένην
1156 4631 1376 4700 πτῆναι,
1399 4630 1660 4694 κελεύσας
1685 4631 1778 4684 καὶ

91 4714 304 4776 ἑαυτοῖς
340 4711 616 4783 πολλαχοῦ
649 4712 884 4782 βοηθεῖν.
916 4713 1024 4766 Καὶ
1048 4715 1129 4766 ὅτι
1162 4713 1320 4767 τοῦτό
1373 4715 1520 4767 ἐστιν
1556 4713 1774 4784 ἀληθὲς,

91 4795 176 4848 καὶ
223 4797 322 4849 ἵνα
367 4795 470 4866 τὴν
530 4795 762 4866 δύναμιν
816 4796 981 4850 αὑτοῦ
1021 4796 1273 4866 μάθωσι,
1328 4798 1544 4851 πάντων
1582 4798 1780 4861 αὐτοὺς

91 4879 384 4950 ἐγύμνωσε
405 4918 420 4943 ,
452 4879 549 4932 καὶ¹
580 4879 942 4950 μονοχίτωνας
971 4880 1288 4943 ἀπέστειλε,
1319 4882 1414 4934 καὶ
1442 4881 1612 4952 χωρὶς
1649 4881 1780 4933 ὑπο-

91 4963 354 5032 δημάτων
405 4963 661 5016 ἐκέλευσε
715 4963 986 5032 βαδίζειν,
1041 4965 1211 5035 αὐτῆς
1267 4961 1363 5018 οὗν
1419 4967 1519 5036 τῆς
1571 4968 1779 5037 ρήσεως

93 5045 436 5108 ἀκούσαντες
489 5045 674 5111 σαφῶς
711 5045 991 5115 εἰσόμεθα.
1024 5047 1099 5100 Οὑ
1132 5048 1239 5119 γὰρ
1272 5049 1461 5112 ἁπλῶς
1503 5043 1658 5102 εἶπεν
1686 5050 1782 5101 αὑ-

92 5129 198 5190 τοῖς
221 5144 238 5160 ⁸
275 5128 493 5197 Ἀρατε
522 5127 806 5197 βαλάντιον
835 5128 931 5181 καὶ
965 5129 1166 5200 πήραν,
1203 5130 1316 5183 ἀλλ’
1349 5131 1654 5201 ἀνέμνησεν
1685 5131 1782 5183 αὐ-

92 5223 214 5282 τοὺς
270 5220 393 5274 τῶν
440 5220 722 5290 προτέρων
746 5258 761 5283 ,
795 5219 970 5284 οὑτως
1024 5219 1195 5276 εἰπών
1218 5238 1232 5255 ⁸
1271 5223 1402 5276 Ὅτε
1451 5221 1783 5276 ἀπέστειλα

94 5303 249 5372 ὑμᾶς
272 5304 425 5372 ἄτερ
456 5305 796 5368 ,ϐαλαντίου
833 5305 933 5357 καὶ
963 5305 1158 5373 πήρας
1179 5345 1192 5368 ,
1220 5305 1304 5374 μή
1333 5324 1498 5373 τινος
1525 5307 1781 5374 ὑστερή-

95 5404 279 5454 cate;
313 5388 599 5442 τουτέστιν
619 5430 634 5455 ,
670 5390 744 5444 Οὑ
775 5387 953 5442 πάντα
993 5390 1130 5458 μετά
1163 5389 1420 5457 ἀφθονίας
1455 5391 1584 5461 ὑμῖν
1627 5391 1784 5461 ἐπέρ-

99 5477 212 5544 ρει,
238 5472 347 5526 καὶ
381 5472 587 5542 πολλῆς
621 5471 964 5526 ἀπελαύσατε
991 5471 1306 5541 δαψιλείαςς
1341 5474 1478 5528 ἀλλά
1529 5474 1626 5528 νῦν
1657 5473 1780 5543 βούο

97 5556 264 5627 λομαι
299 5556 453 5625 ὑμᾶς
483 5556 580 5609 καὶ
607 5555 674 5609 δι’
699 5555 907 5609 ἑαυτῶν
940 5555 1322 5624 ἀγωνίζεσθαιο
1350 5557 1609 5628 Βούλομαι
1640 5558 1784 5627 ὑμᾶς

99 5641 191 5692 καὶ
241 5639 448 5703 πενίας
477 5641 674 5710 πεῖραν
715 5638 931 5692 λαϐεῖν·
985 5639 1072 5694 διὰ
1118 5639 1277 5693 τοῦτο
1324 5639 1508 5694 λοιπὸν
1549 5642 1643 5694 ἐπὶ
1683 5641 1784 5710 τὴν

99 5725 359 5796 ἀνάγκην
383 5725 484 5778 οὐκ
525 5726 646 5793 ἀγω
676 5725 769 5778 τοῦ
799 5725 1065 5796 προτέρου
1116 5725 1283 5796 νόμου
1302 5768 1317 5793 ,
1341 5726 1458 5780 ἀλλ’
1504 5726 1784 5798 ἐπιτρέπω

101 5809 194 5862 καὶ
233 5807 530 5880 βαλάντιον
565 5807 710 5878 ἔχειν
748 5810 842 5864 καὶ
894 5810 1078 5876 πήραν
1103 5848 1119 5875 ,
1163 5808 1250 5862 ἵνα
1286 5809 1385 5874 μὴ,
1434 5808 1685 5871 καθάπερ
1713 5809 1780 5862 δι’

904 377 970 432 IN
1010 376 1238 440 ILLUD,
1282 373 1655 432 SALUTATE
1697 371 2111 432 PRISCILIAM
2156 377 2241 432 ΕΤ
2281 371 2616 444 AQUILAM.
2653 348 2720 428 Π.

3423 340 3532 422 200

1859 485 2083 556 ἀψύχων
2118 486 2399 557 ὁργάνων,
2455 489 2698 556 ἐνεργεῖν
2741 483 2810 538 τά
2851 465 2970 538 καθ’
3013 481 3155 554 ὑμᾶς
3199 472 3555 555 νομίζωμᾱιί

1859 569 1994 623 ἀλλὰ
2023 571 2118 622 καὶ
2146 572 2304 641 ὑμεῖς
2343 572 2442 640 τὴν
2470 570 2678 623 οἰκείαν
2704 569 2863 640 ἔχητε
2891 566 3294 622 ἐπιδείκνυσθαι
3325 579 3351 608 α
3381 567 3530 638 φιλο-

1861 669 2076 722 σοφιαν.

1931 771 1999 831 γ’.
2017 765 2126 819 Καὶ
2146 766 2218 829 τί,
2244 765 2428 836 φησὶν,
2450 767 2552 819 οὑκ
2570 764 2637 818 ἂν
2667 764 2867 835 μείζων
2890 766 3062 834 ἐφάνη
3087 767 3120 835 ὴ
3145 764 3326 835 χάρις,
3347 765 3395 816 εἰ
3415 763 3534 817 δια-

1860 850 2061 913 παντὸς
2097 851 2270 915 οὑτως
2301 853 2554 905 ἐτέλεσαν
2581 851 2768 914 ὅντες;
2813 852 2951 904 Ἀλλ’
2978 851 3132 904 αὑτοὶ
3158 851 3257 903 οὑκ
3285 849 3532 919 ἐγένοντο

1859 933 2001 987 οὕτω
2025 934 2236 1005 δόκιμοι
2255 951 2268 964 ⁸
2310 937 2358 988 εἰ
2387 935 2493 1005 γὰρ
2533 935 2802 1005 μηδεμιᾶς
2824 935 3015 987 ἔλαϐον
3043 934 3273 1004 θλίψεως
3311 935 3528 1002 πεῖραν,

1863 1015 1937 1086 μὴ
1967 1017 2155 1080 πενίας
2175 1058 2187 1078 ,
2221 1016 2296 1088 μὴ
2320 1018 2560 1087 διωγμοῦ
2585 1058 2600 1081 ,
2653 1017 2727 1088 μὴ
2769 1019 3126 1087 στενοχωρίας
3151 1058 3164 1078 ,
3212 1017 3432 1085 ἔμειναν
3465 1014 3531 1068 ἂν

1859 1097 2018 1166 ἀργοὶ
2043 1100 2138 1152 καὶ
2167 1099 2358 1163 νωθεῖς
2379 1118 2391 1131 ·
2418 1101 2512 1153 νῦν
2541 1100 2596 1152 δὲ
2628 1100 2748 1169 οὐχὶ
2785 1100 2882 1170 τὴν
2908 1101 3064 1171 χάριν
3109 1099 3408 1168 διαλάμψαι
3439 1098 3532 1166 μό-

1859 1197 1968 1242 νον,
2005 1182 2142 1236 ἀλλά
2181 1183 2274 1234 καὶ
2303 1183 2400 1254 τὴν
2434 1183 2540 1234 τῶν
2591 1183 2972 1234 ὑπακουόντων
3014 1181 3242 1251 δοκιμὴν
3271 1181 3534 1251 ἠθέλησεν

1861 1264 2297 1336 ἐπιδειχθῆναιιδ,
2337 1268 2423 1319 ἵνα
2471 1266 2544 1337 μὴ
2579 1265 2716 1336 μετὰ
2759 1265 2932 1318 ταῦτά
2962 1281 3103 1326 τινες
3135 1264 3300 1333 ἔχωσι
3329 1263 3530 1331 λέγειν,

1860 1345 1940 1398 ὃτι
1970 1347 2132 1399 Οὐδὲν
2163 1352 2290 1418 παρ’
2321 1351 2528 1402 ἑαυτῶν
2558 1350 2883 1419 εἰσήνεγκαν
2913 1350 3131 1412 ἐκεῖνοι,
3167 1347 3302 1400 ἀλλά
3335 1347 3394 1398 τὸ
3425 1347 3534 1399 πᾶν

1857 1429 1956 1499 τῆς
1983 1430 2080 1482 τοῦ
2109 1430 2242 1484 Θεοῦ
2275 1434 2448 1504 ῥοπῆς
2482 1434 2717 1499 ἐγένετο.
2761 1431 3022 1484 Ἥδύνατο
3073 1431 3170 1500 μὲν
3196 1430 3306 1501 γάρ
3337 1430 3535 1491 αὐτοὺς

1858 1514 1886 1564 ὁ
1933 1512 2065 1576 Θεὸς
2113 1515 2273 1585 μέχρι
2305 1515 2491 1577 τέλους
2531 1517 2588 1566 ἐν
2623 1515 2851 1586 ἀφθονίᾳ
2901 1515 3240 1584 καταστῆσαι
3275 1513 3532 1582 τοσαύτῃ,

1859 1596 1975 1648 ἀλλ’
1997 1598 2098 1650 οὑκ
2136 1600 2366 1668 ἠθέλησε
2399 1599 2485 1651 διὰ
2517 1599 2717 1661 πολλὰς
2747 1601 2839 1651 καὶ
2867 1599 3174 1666 ἀναγκαίας
3210 1597 3533 1668 προφάσεις,

1860 1679 1925 1743 ἃς
1960 1681 2217 1744 πολλάκις
2251 1684 2384 1754 πρὸς
2432 1683 2528 1752 τὴν
2581 1683 2851 1754 ὑμετέραν
2885 1683 3104 1751 ἀγάπην
3141 1683 3443 1752 εἰρήκαμεν
3469 1690 3491 1718 ο
3517 1695 3532 1710 ⁸

1864 1763 1990 1832 μίαν
2037 1765 2133 1833 μὲν
2159 1765 2223 1836 δὴ
2261 1766 2501 1835 ταύτην,
2531 1767 2724 1837 ἑτέραν
2770 1765 2826 1817 δὲ
2875 1767 2974 1817 οὑκ
3021 1764 3281 1817 ἐλάττονα
3309 1762 3534 1832 ταύτης,

1863 1847 1948 1900 ἵνα
1972 1848 2065 1900 καὶ
2096 1849 2409 1920 μετριάζειν
2445 1848 2626 1901 εἰδῶσι
2674 1864 2691 1879 ⁸
2723 1849 2914 1919 τρίτην
2946 1847 3002 1901 δὲ
3022 1888 3036 1911 ,
3065 1847 3153 1900 ἵνα
3192 1845 3267 1916 μὴ
3315 1845 3537 1912 μείζονα

1860 1930 1893 1997 ἢ
1925 1930 2067 1982 κατά
2109 1930 2394 2002 ἄνθρωπον
2456 1930 2611 2003 [185]
2649 1931 2854 1985 λάϐωσι
2884 1929 3060 1994 δόξαν.
3096 1929 3196 1982 Διά
3241 1929 3304 1998 δὴ
3343 1927 3538 1994 ταῦτα,

1861 2013 1954 2064 καὶ
1984 2013 2165 2084 πολλῴ
2191 2014 2412 2068 πλείονα
2454 2015 2692 2074 τούτων.
2724 2016 2885 2085 ἀφεὶς
2923 2015 3118 2076 αὑτοὺς
3164 2011 3378 2076 πολλοῖς
3421 2010 3539 2064 τῶν

1860 2095 2139 2166 ἀδοκήτων
2167 2097 2547 2168 περιπίπτειν,
2571 2098 2670 2149 οὑκ
2695 2096 2970 2167 ἠϐουλήθη
2994 2096 3097 2148 ὑπὸ
3122 2095 3222 2164 τὴν
3252 2092 3540 2164 ἀκρίϐειαν

1861 2178 1961 2246 τῆς
1990 2179 2308 2248 νομοθεσίας
2339 2179 2438 2248 τῆς
2465 2179 2736 2249 προτέρας
2766 2179 3008 2247 ἀφεῖναι,
3037 2176 3149 2230 ἀλλ’
3182 2175 3415 2246 ἐχάλασε
3445 2177 3541 2227 καὶ

1862 2260 2030 2330 ἀνῆκε
2053 2261 2150 2331 τῆς
2185 2261 2502 2330 φιλοσοφίας
2541 2261 2632 2316 τὸν
2655 2261 2807 2314 τόνον
2840 2261 3056 2331 ἐκείνης
3081 2301 3096 2325 ,
3139 2258 3278 2312 ὥστε
3333 2258 3409 2330 μὴ
3445 2258 3542 2326 βα-

1865 2342 1961 2412 ρύν
1987 2360 2107 2396 τινα
2153 2345 2245 2397 καὶ
2269 2345 2544 2415 ἀφόρητον
2591 2346 2775 2407 αὐτοῖς
2805 2344 3058 2412 γενέσθαι
3090 2343 3185 2396 τὸν
3215 2342 3326 2412 βίον
3351 2382 3366 2406 ,
3413 2341 3542 2393 πυλ-

1861 2425 2026 2495 λαχοῦ
2054 2427 2685 2497 ἐγκαταλιμπανομένοις
2705 2469 2720 2491 ,
2746 2428 2840 2481 καὶ
2868 2429 2962 2482 τὸν
2988 2426 3190 2498 ἀκριϐῆ
3218 2426 3384 2496 νόμον
3403 2426 3540 2477 ἐκεῖ·

1862 2525 1952 2560 νον
1981 2511 2442 2581 ἀναγκαζομένοις
2470 2529 2536 2582 τη
2547 2513 2678 2581 ρεῖν.
2723 2510 2944 2582 Ἐπειδὴ
2971 2511 3026 2563 δὲ
3054 2509 3161 2580 χρὴ
3189 2509 3284 2562 καὶ⁹
3323 2509 3386 2561 τὺ
3407 2523 3542 2578 προ-

1863 2591 2113 2661 κείμενον
2145 2594 2352 2661 ἀσαφὲς
2377 2592 2437 2646 ὂν
2471 2594 2694 2664 ποιῆσαι
2727 2594 3036 2663 καταφανὲς
3057 2633 3071 2656 ,
3103 2595 3399 2660 ἀναγκαῖον
3446 2591 3542 2645 καὶ

1862 2674 2020 2726 τοῦτο
2046 2677 2238 2729 εἰπεῖν.
2268 2674 2450 2730 Εἰπὼν
2478 2677 2589 2749 γάρ
2606 2719 2620 2742 ,
2661 2679 2713 2730 ὐ
2737 2678 2896 2746 ἔχων
2920 2676 3261 2741 ,βαλάντιον
3283 2715 3297 2738 ,
3321 2674 3538 2744 ἀράτω,

1863 2757 1961 2810 καὶ
1992 2756 2211 2825 πήραν,
2256 2762 2503 2830 ἐπήγαγε
2534 2776 2548 2792 ⁸
2581 2761 2690 2814 Καὶ
2735 2764 2768 2814 ὀ
2815 2760 2904 2830 μὴ
2938 2762 3094 2828 ἔχων
3121 2799 3136 2823 ,
3171 2758 3442 2824 πωλήσει
3472 2758 3542 2812 τὸ

1865 2837 2096 2906 ἱμάτιον
2123 2842 2330 2905 αὐτοῦ,
2358 2844 2452 2896 καὶ
2485 2842 2767 2913 ἀγοράσει
2789 2843 3110 2911 μάχαιραν.
3133 2843 3198 2895 Τί
3225 2859 3355 2894 ποτε
3382 2841 3543 2894 τοῦτό

1864 2922 2010 2989 ἐστι;
2043 2924 2360 2990 καθοπλίζει
2406 2927 2532 2989 τοὺς
2585 2926 2831 2997 μαθητὰς
2865 2929 2892 2979 ὁ
2928 2925 3134 2996 λέγων,
3173 2924 3309 2979 Ἐάν
3345 2926 3438 2990 τίς
3467 2940 3544 2977 σε

1857 3007 2094 3074 ῤαίσῃ
2135 3009 2222 3073 εἰς
2253 3008 2368 3075 τὴν
2392 3007 2600 3072 δεξιὰν
2627 3011 2905 3078 σιαγόνα,
2942 3009 3212 3076 στρέψον
3242 3007 3404 3072 αὑτῷ
3443 3006 3543 3060 και

1864 3087 1980 3155 τὴν
2012 3089 2246 3158 timur;
2275 3091 2302 3142 ὁ
2349 3090 2587 3144 κελεύων
2640 3091 2881 3160 εὐλογεῖν
2914 3093 3037 3154 τοὺς
3072 3089 3540 3161 λοιδορουμένους,

1865 3171 2153 3242 ἀνέχεσθαι
2192 3173 2296 3226 τῶν
2325 3175 2741 3247 ἐπηρεαζόντων
2769 3217 2782 3239 ,
2816 3176 3072 3246 εὔχεσθαι
3104 3176 3244 3247 ὑπὲρ
3282 3175 3390 3227 τῶν
3417 3171 3544 3224 διω-

1866 3256 2091 3318 κόντων,
2127 3251 2246 3310 εἶτα
2271 3258 2607 3325 καθοπλίζει,
2640 3261 2735 3313 καλ¹
2765 3260 2852 3313 διά
2885 3259 3161 3331 μαχαίρας
3194 3259 3395 3328 μόνης;
3432 3257 3545 3310 Καὶ

1867 3341 2016 3392 ποῖον
2042 3339 2108 3393 ἂν
2137 3340 2246 3410 ἔχοι
2275 3341 2431 3394 τοῦτο
2463 3342 2659 3411 λόγον;
2692 3344 2755 3395 Et
2797 3342 2906 3412 γάρ
2947 3343 3082 3404 ὅλως
3132 3341 3240 3394 ἔδει
3285 3337 3546 3393 καθοπλίη

1869 3437 1978 3483 σαι,
2008 3421 2068 3474 οὑ
2105 3423 2377 3494 μαχαίρας
2402 3424 2507 3476 ἔδει
2527 3424 2829 3494 κτήσασθαι
2855 3424 3036 3494 μόνον.
3063 3422 3200 3476 ἀλλά
3220 3423 3314 3475 καὶ
3340 3425 3544 3480 ἀσπίδα

1869 3505 1964 3556 καὶ
1995 3506 2188 3576 κράνος
2219 3507 2314 3558 καὶ
2350 3505 2637 3576 κνημῖδας.
2671 3506 2848 3569 ’Όλως
2873 3506 2959 3568 δὲ,
2995 3507 3048 3558 εἴ
3090 3522 3153 3573 γε
3185 3505 3543 3575 ἀνθρωπίνως

1867 3586 1936 3640 τὰ
1963 3587 2188 3641 τοιαῦτα
2230 3588 2453 3658 ἔμελλεν
2489 3591 2792 3656 οἰκονομεῖν
2817 3627 2832 3652 ,
2863 3590 3050 3652 πόσοις
3087 3590 3188 3642 οὑκ
3219 3585 3288 3658 ἦν
3325 3589 3387 3642 τὸ
3425 3591 3545 3643 ἐπί-

1868 3689 2056 3742 ταγμα
2078 3673 2292 3742 γέλως;
2336 3675 2400 3727 Εἰ
2433 3673 2540 3746 γάρ
2595 3674 2766 3744 μυρία
2800 3673 3026 3726 τοιαῦτα
3059 3673 3201 3726 ὅπλα
3244 3675 3548 3744 ἐκτήσαντο

1871 3757 2007 3826 πρὸς
2037 3758 2306 3828 τοσαύτην
2337 3758 2524 3829 ἔφοδον
2552 3761 2646 3812 καὶ
2669 3758 2959 3829 ἐπιϐουλὴν
2993 3759 3182 3830 δήμων
3203 3799 3218 3821 ,
3245 3760 3544 3829 τυράννων,

1873 3840 2101 3905 πόλεων,
2135 3841 2325 3906 ἐθνῶν,
2353 3843 2495 3904 τίνες
2519 3842 2743 3913 ἔμελλον
2769 3844 2818 3894 οἰ
2845 3842 3038 3894 ἑνδεκα
3069 3842 3353 3910 φανεῖσθαι
3383 3859 3398 3907 ;
3429 3844 3547 3896 Φω-

1872 3925 1968 3994 νῆς
1993 3925 2103 3995 γὰρ
2124 3925 2352 3978 ἀκοῦσαι
2373 3925 2787 3996 χρεμετίζοντος
2815 3926 2983 3978 ἵππου
3005 3924 3229 3977 δυνατὸν
3247 3921 3314 3994 ἦν
3337 3924 3544 3990 αὑτοῖς;

1874 4013 2010 4084 πρὸς
2038 4013 2096 4066 δὲ
2117 4013 2216 4083 τὴν
2231 4013 2354 4082 ϐψιν
2383 4015 2552 4084 μόνην
2575 4013 2676 4066 οὑκ
2701 4013 2767 4066 ἂν
2793 4012 3218 4082 κατεπλάγησαν
3247 4011 3358 4064 τῶν
3389 4027 3550 4084 στρα-

1874 4102 2134 4168 τοπέδων,
2160 4105 2218 4156 ἐν
2253 4103 2468 4191 λίμναις
2499 4102 2593 4155 καὶ
2621 4103 2888 4172 ποταμοῖς
2917 4101 3010 4154 καὶ
3037 4101 3282 4162 ἀκατίοις
3313 4100 3548 4169 τραφέν-

1874 4207 1966 4253 τες
2001 4193 2244 4262 μικροῖς;
2269 4187 2425 4254 Τίνος
2463 4187 2556 4244 οὖν
2583 4191 2770 4242 ἕνεκεν
2810 4192 2968 4242 τοῦτο
2995 4189 3172 4258 λέγεις
3205 4189 3317 4258 Τὴν
3361 4187 3547 4255 ἑφοδον

1875 4279 1982 4332 τῶν
2035 4277 2301 4332 Ἰουδαίων
2347 4278 2684 4342 ἐνδείξασθαι
2741 4277 3093 4348 βουλόμενος,
3146 4278 3238 4329 καὶ
3292 4277 3374 4329 δτι
3420 4275 3550 4346 μέλ-

1875 4365 2055 4418 λουσιν
2085 4365 2245 4417 αὑτὸν
2269 4365 2684 4435 συλλαμϐάνειν.
2716 4366 2826 4418 Καὶ
2853 4364 3011 4417 τοῦτο
3040 4363 3292 4434 φανερῶς
3319 4363 3416 4434 μὲν
3446 4365 3550 4417 οὑκ

1874 4452 2137 4523 ὴθέλησεν
2166 4454 2358 4516 εἰπεῖν,
2389 4452 2456 4504 δι’
2481 4452 2820 4521 αἰνιγμάτων
2839 4451 2896 4505 δὲ
2915 4493 2930 4518 ,
2965 4451 3105 4504 ῶστε
3141 4452 3216 4521 μὴ
3245 4451 3548 4523 θορυϐῆσαι

1878 4539 2036 4594 πάλιν
2076 4539 2290 4603 αὑτούς.
2335 4541 2545 4610 ”Ωσπερ
2593 4536 2682 4592 οὑν
2724 4541 2851 4592 ὅταν
2880 4538 3119 4610 ἀκούσῃς
3163 4538 3328 4592 αὑτοῦ
3361 4539 3549 4607 λέγον-

1877 4646 1995 4694 τος,
2035 4629 2117 4682 ὅτι
2166 4630 2235 4680 Ὃ
2265 4628 2570 4695 ἠκούσατε
2594 4629 2682 4693 εἰς
2710 4627 2778 4680 τὸ
2817 4621 2948 4693 οὖς,
2979 4627 3279 4694 κηρύξατε
3302 4627 3401 4679 ἐπὶ
3430 4626 3550 4678 τῶν

1877 4715 2180 4786 δωμάτων,
2217 4715 2318 4769 καὶ
2355 4714 2388 4768 ὃ
2419 4715 2721 4783 ἠκούσατε
2752 4715 2821 4768 ἐν
2855 4713 2931 4782 τῇ
2969 4714 3203 4779 σκοτίᾳ,
3243 4713 3448 4766 εἴπατε
3479 4713 3551 4766 ἐν

1879 4801 1958 4866 τῷ
2000 4801 2177 4870 φωτὶ,
2227 4802 2289 4854 οὑ
2333 4802 2492 4855 τοῦτο
2526 4801 2874 4864 ὑποπτεύεις,
2921 4801 3002 4853 ὅτι
3039 4800 3246 4854 κελεύει
3275 4801 3400 4863 τοὺς
3429 4817 3550 4853 στε-

1879 4891 2093 4952 νωποὺς
2113 4889 2206 4941 καὶ
2231 4889 2331 4959 τὴν
2363 4887 2570 4960 ἀγορὰν
2615 4888 2852 4957 ἀφέντας
2887 4888 2979 4939 ἐπὶ
3005 4887 3114 4940 τῶν
3152 4887 3416 4957 δωμάτων
3446 4904 3550 4957 κη-

1882 4975 2129 5046 ρύττεινο
2179 4975 2298 5028 οὑδέ
2329 4975 2439 5046 γὰρ
2487 4975 2768 5044 φαίνονται
2809 4973 2968 5027 τοῦτο
3002 4975 3322 5044 ποιήσαντες
3359 4974 3409 5026 οί
3445 4991 3551 5043 μα-

1881 5063 2069 5135 θηταί*
2112 5063 2246 5117 ἀλλά
2292 5064 2373 5126 τὸ,
2397 5064 2521 5117 Ἐπί
2568 5063 2694 5116 τῶν
2732 5062 3042 5131 δωμάτων,
3084 5063 3177 5115 κοιλ⁵
3205 5061 3295 5127 τὸ,
3341 5063 3443 5116 Ἐν
3469 5061 3552 5129 τῷ

1879 5153 2059 5222 φωτὶ,
2100 5152 2160 5204 τὸ
2207 5152 2344 5222 μετά
2393 5151 2700 5224 παρρησίας
2747 5150 3076 5203 αἰνίττεται·
3112 5150 3171 5203 τὸ
3212 5150 3300 5214 δὲ,
3332 5154 3438 5214 Εἰς
3480 5150 3549 5204 τὸ

1879 5233 2022 5306 οὖς,
2056 5239 2150 5293 καὶ
2183 5241 2272 5304 τὸ,
2319 5241 2422 5292 Ἐν
2464 5237 2540 5307 τῇ
2571 5238 2784 5304 σκοτίᾳ
2805 5278 2818 5304 ,
2856 5237 3013 5290 τοῦτο
3060 5237 3241 5310 δηλοῖ,
3276 5239 3358 5291 ὅτι
3377 5240 3552 5310 Ὅπερ

1881 5330 1939 5381 ἑν
1969 5327 2146 5400 μικρῷ
2197 5328 2350 5399 μέρει
2385 5328 2483 5398 τῆς
2516 5325 2867 5396 οἰκουμένης,
2909 5327 3003 5379 καὶ
3036 5328 3093 5379 ἐν
3131 5327 3212 5379 ἑνὶ¹
3243 5325 3425 5398 χωρίῳ
3448 5327 3551 5391 τῆς

1882 5416 2245 5484 Παλαιστίνης
2287 5412 2591 5484 ἠκούσατε,
2655 5413 2815 5466 τοῦτο
2860 5412 3132 5482 πανταχοῦ
3191 5413 3292 5484 τῆς
3332 5413 3433 5484 γῆς
3459 5411 3550 5479 ἐξ-

1947 5560 1974 5588 “
1999 5559 2106 5608 Duo
2127 5556 2237 5604 Mss.
2264 5555 2557 5618 φιλοσοφίαν.
2581 5553 2887 5618 ΕἷταΑοὺκ-ἀν
2912 5551 3098 5613 μείζων.

1943 5620 1972 5660 δ
2009 5615 2353 5681 Ἐπιδειχθῇναι
2371 5615 2516 5666 ὀρέξει
2536 5619 2584 5664 in
2606 5615 2799 5681 1_J_u0bus
2821 5615 2956 5681 ἤιξε.Δ
3228 5674 3242 5681 ᾳ
3307 5670 3332 5681 _

1946 5686 1968 5713 ο
1994 5682 2084 5730 Hic
2125 5670 2393 5729 innhl'orel.
2423 5684 2476 5739 et.
2517 5677 2667 5725 Savil.
2708 5683 2819 5735 post
2862 5677 3130 5739 εἰρήκαμεν,
3167 5674 3259 5739 καὶ-
3281 5670 3362 5739 νῦν
3385 5670 3439 5720 δέ
3484 5670 3557 5739 εί-

1882 5761 2069 5806 ποιμεν,
2091 5755 2204 5806 quae
2225 5742 2406 5806 θεσμοὶ
2426 5738 2474 5788 in
2497 5732 2843 5806 utroque'_ms.
2865 5732 2919 5786 ei
2934 5732 3196 5806 ἐσῄει-ηυξ
3218 5735 3465 5788 videnlur.
3505 5732 3561 5781 In

1885 5799 2208 5870 sequentibus
2229 5799 2476 5855 levissima
2493 5807 2606 5851 sum.
2630 5801 2896 5852 lectionum
2916 5799 3209 5851 discrimina.
