  <div class='ocr_page' id='page_1' title='image "/cluster/home/n/w/nwhite01/storage/ocr_20150623/51/nnc1.0046978275/199.png"; bbox 0 0 3964 6342; ppageno 0'>
   <div class='ocr_carea' id='block_1_1' title="bbox 403 311 506 372">
    <p class='ocr_par' dir='ltr' id='par_1_1' title="bbox 403 311 506 372">
     <span class='ocr_line' id='line_1_1' title="bbox 403 311 506 372; baseline 0.019 -2"><span class='ocrx_word' id='word_1_1' title='bbox 403 311 506 372; x_wconf 68' lang='lat'>$0!</span> 
     </span>
    </p>
   </div>
   <div class='ocr_carea' id='block_1_2' title="bbox 389 427 2073 502">
    <p class='ocr_par' dir='ltr' id='par_1_2' title="bbox 389 427 2073 502">
     <span class='ocr_line' id='line_1_2' title="bbox 389 427 2073 502; baseline 0.001 -19"><span class='ocrx_word' id='word_1_2' title='bbox 389 431 650 501; x_wconf 73' lang='grc' dir='ltr'>ηχήσατε.</span> <span class='ocrx_word' id='word_1_3' title='bbox 681 430 757 484; x_wconf 77' lang='grc' dir='ltr'>οὑ</span> <span class='ocrx_word' id='word_1_4' title='bbox 779 429 888 501; x_wconf 80' lang='grc' dir='ltr'>γάρ</span> <span class='ocrx_word' id='word_1_5' title='bbox 915 429 980 500; x_wconf 79' lang='grc' dir='ltr'>δὴ</span> <span class='ocrx_word' id='word_1_6' title='bbox 1006 429 1064 482; x_wconf 85' lang='grc' dir='ltr'>ἐν</span> <span class='ocrx_word' id='word_1_7' title='bbox 1094 429 1306 502; x_wconf 79' lang='grc' dir='ltr'>σκοτίᾳ,</span> <span class='ocrx_word' id='word_1_8' title='bbox 1336 430 1456 484; x_wconf 86' lang='grc' dir='ltr'>οὐδέ</span> <span class='ocrx_word' id='word_1_9' title='bbox 1489 431 1570 494; x_wconf 89' lang='grc' dir='ltr'>εἰς</span> <span class='ocrx_word' id='word_1_10' title='bbox 1595 429 1656 484; x_wconf 84' lang='grc' dir='ltr'>τδ</span> <span class='ocrx_word' id='word_1_11' title='bbox 1680 427 1773 495; x_wconf 81' lang='grc' dir='ltr'>οῦς</span> <span class='ocrx_word' id='word_1_12' title='bbox 1803 431 2073 499; x_wconf 75' lang='grc' dir='ltr'>διελέγετο</span> 
     </span>
    </p>
   </div>
   <div class='ocr_carea' id='block_1_3' title="bbox 394 507 2071 579">
    <p class='ocr_par' dir='ltr' id='par_1_3' title="bbox 394 507 2071 579">
     <span class='ocr_line' id='line_1_3' title="bbox 394 507 2071 579; baseline 0.003 -20"><span class='ocrx_word' id='word_1_13' title='bbox 394 508 605 573; x_wconf 84' lang='grc' dir='ltr'>αὐτοῖς,</span> <span class='ocrx_word' id='word_1_14' title='bbox 645 507 760 563; x_wconf 85' lang='grc' dir='ltr'>ἀλλ’</span> <span class='ocrx_word' id='word_1_15' title='bbox 791 510 876 576; x_wconf 80' lang='grc' dir='ltr'>ἐφ’</span> <span class='ocrx_word' id='word_1_16' title='bbox 907 507 1125 579; x_wconf 73' lang='grc' dir='ltr'>ὑψηλῶν</span> <span class='ocrx_word' id='word_1_17' title='bbox 1149 507 1260 562; x_wconf 89' lang='grc' dir='ltr'>τῶν</span> <span class='ocrx_word' id='word_1_18' title='bbox 1304 509 1508 578; x_wconf 83' lang='grc' dir='ltr'>ὀρέων,</span> <span class='ocrx_word' id='word_1_19' title='bbox 1562 512 1658 562; x_wconf 76' lang='grc' dir='ltr'>καὶ</span> <span class='ocrx_word' id='word_1_20' title='bbox 1699 511 1756 563; x_wconf 85' lang='grc' dir='ltr'>ἐν</span> <span class='ocrx_word' id='word_1_21' title='bbox 1784 512 1904 573; x_wconf 87' lang='grc' dir='ltr'>ταῖς</span> <span class='ocrx_word' id='word_1_22' title='bbox 1944 527 2071 564; x_wconf 89' lang='grc' dir='ltr'>συν-</span> 
     </span>
    </p>
   </div>
   <div class='ocr_carea' id='block_1_4' title="bbox 395 587 2066 657">
    <p class='ocr_par' dir='ltr' id='par_1_4' title="bbox 395 587 2066 657">
     <span class='ocr_line' id='line_1_4' title="bbox 395 587 2066 657; baseline 0.002 -18"><span class='ocrx_word' id='word_1_23' title='bbox 395 592 644 657; x_wconf 88' lang='grc' dir='ltr'>αγωγαῖς</span> <span class='ocrx_word' id='word_1_24' title='bbox 705 588 985 652; x_wconf 82' lang='grc' dir='ltr'>πολλάκις.</span> <span class='ocrx_word' id='word_1_25' title='bbox 1069 588 1225 643; x_wconf 80' lang='grc' dir='ltr'>Οὕτω</span> <span class='ocrx_word' id='word_1_26' title='bbox 1273 589 1368 643; x_wconf 79' lang='grc' dir='ltr'>καὶ</span> <span class='ocrx_word' id='word_1_27' title='bbox 1420 587 1654 642; x_wconf 90' lang='grc' dir='ltr'>ἐνταῦθα</span> <span class='ocrx_word' id='word_1_28' title='bbox 1711 589 2066 657; x_wconf 83' lang='grc' dir='ltr'>ὑποληπτέον.</span> 
     </span>
    </p>
   </div>
   <div class='ocr_carea' id='block_1_5' title="bbox 393 663 2067 739">
    <p class='ocr_par' dir='ltr' id='par_1_5' title="bbox 393 663 2067 739">
     <span class='ocr_line' id='line_1_5' title="bbox 393 663 2067 739; baseline 0.002 -21"><span class='ocrx_word' id='word_1_29' title='bbox 393 665 605 738; x_wconf 82' lang='grc' dir='ltr'>Ὥσπερ</span> <span class='ocrx_word' id='word_1_30' title='bbox 635 663 728 722; x_wconf 82' lang='grc' dir='ltr'>οὖν</span> <span class='ocrx_word' id='word_1_31' title='bbox 750 670 868 722; x_wconf 85' lang='grc' dir='ltr'>ἐκεῖ</span> <span class='ocrx_word' id='word_1_32' title='bbox 896 667 1124 739; x_wconf 86' lang='grc' dir='ltr'>δώματα</span> <span class='ocrx_word' id='word_1_33' title='bbox 1158 668 1453 730; x_wconf 87' lang='grc' dir='ltr'>ἀκούοντες</span> <span class='ocrx_word' id='word_1_34' title='bbox 1473 709 1486 727; x_wconf 92' lang='grc'>,</span> <span class='ocrx_word' id='word_1_35' title='bbox 1513 668 1715 739; x_wconf 81' lang='grc' dir='ltr'>ἑτέρως</span> <span class='ocrx_word' id='word_1_36' title='bbox 1745 669 2067 738; x_wconf 84' lang='grc' dir='ltr'>ἐνοήσαμεν,</span> 
     </span>
    </p>
   </div>
   <div class='ocr_carea' id='block_1_6' title="bbox 391 745 2068 818">
    <p class='ocr_par' dir='ltr' id='par_1_6' title="bbox 391 745 2068 818">
     <span class='ocr_line' id='line_1_6' title="bbox 391 745 2068 818; baseline 0.001 -20"><span class='ocrx_word' id='word_1_37' title='bbox 391 745 534 800; x_wconf 84' lang='grc' dir='ltr'>οὑτω</span> <span class='ocrx_word' id='word_1_38' title='bbox 571 747 666 800; x_wconf 68' lang='grc' dir='ltr'>κα)⁸</span> <span class='ocrx_word' id='word_1_39' title='bbox 713 747 945 800; x_wconf 90' lang='grc' dir='ltr'>ἐνταῦθα</span> <span class='ocrx_word' id='word_1_40' title='bbox 995 747 1271 818; x_wconf 79' lang='grc' dir='ltr'>μαχαίρας</span> <span class='ocrx_word' id='word_1_41' title='bbox 1311 747 1637 810; x_wconf 89' lang='grc' dir='ltr'>ἀκούοντες,</span> <span class='ocrx_word' id='word_1_42' title='bbox 1691 746 1764 818; x_wconf 82' lang='grc' dir='ltr'>μὴ</span> <span class='ocrx_word' id='word_1_43' title='bbox 1796 745 1952 800; x_wconf 90' lang='grc' dir='ltr'>τοῦτο</span> <span class='ocrx_word' id='word_1_44' title='bbox 1982 764 2068 799; x_wconf 92' lang='grc' dir='ltr'>νο-</span> 
     </span>
    </p>
   </div>
   <div class='ocr_carea' id='block_1_7' title="bbox 392 823 2069 898">
    <p class='ocr_par' dir='ltr' id='par_1_7' title="bbox 392 823 2069 898">
     <span class='ocr_line' id='line_1_7' title="bbox 392 823 2069 898; baseline 0.001 -23"><span class='ocrx_word' id='word_1_45' title='bbox 392 824 669 892; x_wconf 84' lang='grc' dir='ltr'>μίσωμεν,</span> <span class='ocrx_word' id='word_1_46' title='bbox 709 827 792 880; x_wconf 75' lang='grc' dir='ltr'>ὅτι</span> <span class='ocrx_word' id='word_1_47' title='bbox 843 824 1073 890; x_wconf 82' lang='grc' dir='ltr'>ἐπέταξε</span> <span class='ocrx_word' id='word_1_48' title='bbox 1137 825 1408 898; x_wconf 79' lang='grc' dir='ltr'>μαχαίρας</span> <span class='ocrx_word' id='word_1_49' title='bbox 1462 824 1793 894; x_wconf 82' lang='grc' dir='ltr'>κεκτῆσθαι,</span> <span class='ocrx_word' id='word_1_50' title='bbox 1847 823 2069 878; x_wconf 83' lang='grc' dir='ltr'>ἀλλ’ὅτι</span> 
     </span>
    </p>
   </div>
   <div class='ocr_carea' id='block_1_8' title="bbox 390 900 2064 974">
    <p class='ocr_par' dir='ltr' id='par_1_8' title="bbox 390 900 2064 974">
     <span class='ocr_line' id='line_1_8' title="bbox 390 900 2064 974; baseline 0.001 -22"><span class='ocrx_word' id='word_1_51' title='bbox 390 900 478 953; x_wconf 82' lang='grc' dir='ltr'>διά</span> <span class='ocrx_word' id='word_1_52' title='bbox 511 901 621 955; x_wconf 89' lang='grc' dir='ltr'>τῶν</span> <span class='ocrx_word' id='word_1_53' title='bbox 647 904 932 974; x_wconf 78' lang='grc' dir='ltr'>μαχαιρῶν</span> <span class='ocrx_word' id='word_1_54' title='bbox 963 903 1059 974; x_wconf 83' lang='grc' dir='ltr'>τήν</span> <span class='ocrx_word' id='word_1_55' title='bbox 1084 903 1392 956; x_wconf 75' lang='grc' dir='ltr'>ἐνεστῶσαν</span> <span class='ocrx_word' id='word_1_56' title='bbox 1426 904 1718 956; x_wconf 72' lang='grc' dir='ltr'><strong>αἰνίττεται</strong></span> <span class='ocrx_word' id='word_1_57' title='bbox 1745 903 2064 971; x_wconf 82' lang='grc' dir='ltr'>ἐπιϐουλὴν,</span> 
     </span>
    </p>
   </div>
   <div class='ocr_carea' id='block_1_9' title="bbox 389 981 2066 1053">
    <p class='ocr_par' dir='ltr' id='par_1_9' title="bbox 389 981 2066 1053">
     <span class='ocr_line' id='line_1_9' title="bbox 389 981 2066 1053; baseline 0.002 -23"><span class='ocrx_word' id='word_1_58' title='bbox 389 981 484 1032; x_wconf 78' lang='grc' dir='ltr'>καὶ</span> <span class='ocrx_word' id='word_1_59' title='bbox 527 982 608 1035; x_wconf 82' lang='grc' dir='ltr'>ὅτι</span> <span class='ocrx_word' id='word_1_60' title='bbox 669 983 854 1053; x_wconf 79' lang='grc' dir='ltr'>μέλλει</span> <span class='ocrx_word' id='word_1_61' title='bbox 913 982 1144 1052; x_wconf 81' lang='grc' dir='ltr'>πάσχειν</span> <span class='ocrx_word' id='word_1_62' title='bbox 1202 981 1355 1052; x_wconf 84' lang='grc' dir='ltr'>παρά</span> <span class='ocrx_word' id='word_1_63' title='bbox 1399 983 1509 1036; x_wconf 89' lang='grc' dir='ltr'>τῶν</span> <span class='ocrx_word' id='word_1_64' title='bbox 1571 983 1868 1045; x_wconf 78' lang='grc' dir='ltr'>Ἰουδαίων,</span> <span class='ocrx_word' id='word_1_65' title='bbox 1921 983 2066 1053; x_wconf 77' lang='grc' dir='ltr'>άπερ</span> 
     </span>
    </p>
   </div>
   <div class='ocr_carea' id='block_1_10' title="bbox 389 1059 2060 1130">
    <p class='ocr_par' dir='ltr' id='par_1_10' title="bbox 389 1059 2060 1130">
     <span class='ocr_line' id='line_1_10' title="bbox 389 1059 2060 1130; baseline 0.002 -19"><span class='ocrx_word' id='word_1_66' title='bbox 389 1059 580 1118; x_wconf 73' lang='grc' dir='ltr'>ἔπαθε.</span> <span class='ocrx_word' id='word_1_67' title='bbox 645 1062 750 1116; x_wconf 80' lang='grc' dir='ltr'>Καὶ</span> <span class='ocrx_word' id='word_1_68' title='bbox 794 1062 950 1116; x_wconf 90' lang='grc' dir='ltr'>τοῦτο</span> <span class='ocrx_word' id='word_1_69' title='bbox 1005 1063 1069 1116; x_wconf 86' lang='grc' dir='ltr'>ἐκ</span> <span class='ocrx_word' id='word_1_70' title='bbox 1108 1061 1217 1115; x_wconf 89' lang='grc' dir='ltr'>τῶν</span> <span class='ocrx_word' id='word_1_71' title='bbox 1273 1062 1400 1130; x_wconf 78' lang='grc' dir='ltr'>ἑξῆς</span> <span class='ocrx_word' id='word_1_72' title='bbox 1453 1061 1630 1130; x_wconf 85' lang='grc' dir='ltr'>δῆλον.</span> <span class='ocrx_word' id='word_1_73' title='bbox 1690 1061 1875 1115; x_wconf 84' lang='grc' dir='ltr'>Εἰπὼν</span> <span class='ocrx_word' id='word_1_74' title='bbox 1932 1061 2060 1130; x_wconf 82' lang='grc' dir='ltr'>γὰρ,</span> 
     </span>
    </p>
   </div>
   <div class='ocr_carea' id='block_1_11' title="bbox 401 1138 2062 1212">
    <p class='ocr_par' dir='ltr' id='par_1_11' title="bbox 401 1138 2062 1212">
     <span class='ocr_line' id='line_1_11' title="bbox 401 1138 2062 1212; baseline 0.001 -22"><span class='ocrx_word' id='word_1_75' title='bbox 401 1138 693 1208; x_wconf 85' lang='grc' dir='ltr'>Ἀγοράσει</span> <span class='ocrx_word' id='word_1_76' title='bbox 733 1141 1040 1212; x_wconf 90' lang='grc' dir='ltr'>μάχαιραν,</span> <span class='ocrx_word' id='word_1_77' title='bbox 1077 1141 1358 1211; x_wconf 86' lang='grc' dir='ltr'>ἐπήγαγε·</span> <span class='ocrx_word' id='word_1_78' title='bbox 1417 1141 1517 1194; x_wconf 85' lang='grc' dir='ltr'>Δεῖ</span> <span class='ocrx_word' id='word_1_79' title='bbox 1539 1140 1648 1210; x_wconf 72' lang='grc' dir='ltr'>γὰρ</span> <span class='ocrx_word' id='word_1_80' title='bbox 1693 1139 1766 1194; x_wconf 85' lang='grc' dir='ltr'>τὰ</span> <span class='ocrx_word' id='word_1_81' title='bbox 1815 1156 2062 1210; x_wconf 68' lang='grc' dir='ltr'>γεγραμ-</span> 
     </span>
    </p>
   </div>
   <div class='ocr_carea' id='block_1_12' title="bbox 381 1218 2065 1289">
    <p class='ocr_par' dir='ltr' id='par_1_12' title="bbox 381 1218 2065 1289">
     <span class='ocr_line' id='line_1_12' title="bbox 381 1218 2065 1289; baseline 0.001 -18"><span class='ocrx_word' id='word_1_82' title='bbox 381 1218 538 1287; x_wconf 81' lang='grc' dir='ltr'>μένα</span> <span class='ocrx_word' id='word_1_83' title='bbox 561 1220 694 1288; x_wconf 84' lang='grc' dir='ltr'>περί</span> <span class='ocrx_word' id='word_1_84' title='bbox 725 1220 871 1289; x_wconf 82' lang='grc' dir='ltr'>ἐμοῦ</span> <span class='ocrx_word' id='word_1_85' title='bbox 896 1221 1272 1288; x_wconf 77' lang='grc' dir='ltr'>τελεσθῆναι,</span> <span class='ocrx_word' id='word_1_86' title='bbox 1301 1219 1390 1273; x_wconf 84' lang='grc' dir='ltr'>ὅτι</span> <span class='ocrx_word' id='word_1_87' title='bbox 1417 1221 1486 1274; x_wconf 85' lang='grc' dir='ltr'>ἐν</span> <span class='ocrx_word' id='word_1_88' title='bbox 1516 1219 1641 1286; x_wconf 80' lang='grc' dir='ltr'>τοῖς</span> <span class='ocrx_word' id='word_1_89' title='bbox 1664 1219 1910 1289; x_wconf 77' lang='grc' dir='ltr'>ἀνόμοις</span> <span class='ocrx_word' id='word_1_90' title='bbox 1929 1221 2065 1274; x_wconf 83' lang='grc' dir='ltr'>ἐλο-</span> 
     </span>
    </p>
   </div>
   <div class='ocr_carea' id='block_1_13' title="bbox 382 1291 2064 1367">
    <p class='ocr_par' dir='ltr' id='par_1_13' title="bbox 382 1291 2064 1367">
     <span class='ocr_line' id='line_1_13' title="bbox 382 1291 2064 1367; baseline 0 -17"><span class='ocrx_word' id='word_1_91' title='bbox 382 1299 622 1366; x_wconf 75' lang='grc' dir='ltr'>γίσθην.</span> <span class='ocrx_word' id='word_1_92' title='bbox 663 1300 938 1352; x_wconf 86' lang='grc' dir='ltr'>Εἰπόντων</span> <span class='ocrx_word' id='word_1_93' title='bbox 981 1300 1036 1352; x_wconf 79' lang='grc' dir='ltr'>δὲ</span> <span class='ocrx_word' id='word_1_94' title='bbox 1078 1297 1320 1364; x_wconf 87' lang='grc' dir='ltr'>ἐκείνων,</span> <span class='ocrx_word' id='word_1_95' title='bbox 1352 1299 1434 1352; x_wconf 87' lang='grc' dir='ltr'>ὄτι</span> <span class='ocrx_word' id='word_1_96' title='bbox 1475 1297 1649 1352; x_wconf 79' lang='grc' dir='ltr'>Εἰσὶν</span> <span class='ocrx_word' id='word_1_97' title='bbox 1677 1291 1794 1351; x_wconf 84' lang='grc' dir='ltr'>ὧδε</span> <span class='ocrx_word' id='word_1_98' title='bbox 1817 1297 1927 1351; x_wconf 81' lang='grc' dir='ltr'>δύο</span> <span class='ocrx_word' id='word_1_99' title='bbox 1950 1297 2064 1367; x_wconf 72' lang='grc' dir='ltr'>μάο</span> 
     </span>
    </p>
   </div>
   <div class='ocr_carea' id='block_1_14' title="bbox 384 1376 2062 1448">
    <p class='ocr_par' dir='ltr' id='par_1_14' title="bbox 384 1376 2062 1448">
     <span class='ocr_line' id='line_1_14' title="bbox 384 1376 2062 1448; baseline -0.004 -15"><span class='ocrx_word' id='word_1_100' title='bbox 384 1393 624 1444; x_wconf 76' lang='grc' dir='ltr'>χαιραι,</span> <span class='ocrx_word' id='word_1_101' title='bbox 661 1379 755 1431; x_wconf 69' lang='grc' dir='ltr'>καὶ¹</span> <span class='ocrx_word' id='word_1_102' title='bbox 796 1378 856 1432; x_wconf 85' lang='grc' dir='ltr'>τὺ</span> <span class='ocrx_word' id='word_1_103' title='bbox 886 1377 1074 1447; x_wconf 87' lang='grc' dir='ltr'>λεχθὲν</span> <span class='ocrx_word' id='word_1_104' title='bbox 1118 1377 1194 1448; x_wconf 83' lang='grc' dir='ltr'>μὴ</span> <span class='ocrx_word' id='word_1_105' title='bbox 1237 1377 1556 1440; x_wconf 86' lang='grc' dir='ltr'>συνιέντων,</span> <span class='ocrx_word' id='word_1_106' title='bbox 1593 1377 1778 1448; x_wconf 81' lang='grc' dir='ltr'>φησὶν,</span> <span class='ocrx_word' id='word_1_107' title='bbox 1827 1376 2062 1430; x_wconf 80' lang='grc' dir='ltr'>Ἱκανόν</span> 
     </span>
    </p>
   </div>
   <div class='ocr_carea' id='block_1_15' title="bbox 381 1451 2061 1526">
    <p class='ocr_par' dir='ltr' id='par_1_15' title="bbox 381 1451 2061 1526">
     <span class='ocr_line' id='line_1_15' title="bbox 381 1451 2061 1526; baseline 0.001 -19"><span class='ocrx_word' id='word_1_108' title='bbox 381 1455 530 1509; x_wconf 85' lang='grc' dir='ltr'>ἐστι.</span> <span class='ocrx_word' id='word_1_109' title='bbox 577 1458 766 1512; x_wconf 84' lang='grc' dir='ltr'>Καίτοι</span> <span class='ocrx_word' id='word_1_110' title='bbox 811 1474 874 1526; x_wconf 90' lang='grc' dir='ltr'>γε</span> <span class='ocrx_word' id='word_1_111' title='bbox 906 1459 1006 1510; x_wconf 91' lang='grc' dir='ltr'>οὐκ</span> <span class='ocrx_word' id='word_1_112' title='bbox 1047 1451 1115 1526; x_wconf 76' lang='grc' dir='ltr'>ἦν</span> <span class='ocrx_word' id='word_1_113' title='bbox 1146 1456 1328 1511; x_wconf 80' lang='grc' dir='ltr'>ἰκανόν</span> <span class='ocrx_word' id='word_1_114' title='bbox 1352 1473 1368 1488; x_wconf 77' lang='grc' dir='ltr'><strong><em>ο</em></strong></span> <span class='ocrx_word' id='word_1_115' title='bbox 1401 1457 1449 1509; x_wconf 86' lang='grc' dir='ltr'>εἰ</span> <span class='ocrx_word' id='word_1_116' title='bbox 1480 1457 1578 1526; x_wconf 81' lang='grc' dir='ltr'>μὲν</span> <span class='ocrx_word' id='word_1_117' title='bbox 1607 1456 1716 1526; x_wconf 88' lang='grc' dir='ltr'>γάρ</span> <span class='ocrx_word' id='word_1_118' title='bbox 1744 1453 2061 1526; x_wconf 80' lang='grc' dir='ltr'>ἀνθρωπίνῃ</span> 
     </span>
    </p>
   </div>
   <div class='ocr_carea' id='block_1_16' title="bbox 383 1532 2060 1606">
    <p class='ocr_par' dir='ltr' id='par_1_16' title="bbox 383 1532 2060 1606">
     <span class='ocr_line' id='line_1_16' title="bbox 383 1532 2060 1606; baseline -0.002 -19"><span class='ocrx_word' id='word_1_119' title='bbox 383 1532 607 1606; x_wconf 73' lang='grc' dir='ltr'>βοηθείᾳ</span> <span class='ocrx_word' id='word_1_120' title='bbox 651 1535 951 1606; x_wconf 89' lang='grc' dir='ltr'>κεχρῆσθαι</span> <span class='ocrx_word' id='word_1_121' title='bbox 991 1535 1186 1598; x_wconf 75' lang='grc' dir='ltr'>αὐτοὺς</span> <span class='ocrx_word' id='word_1_122' title='bbox 1236 1533 1510 1595; x_wconf 87' lang='grc' dir='ltr'>ἐϐούλετο,</span> <span class='ocrx_word' id='word_1_123' title='bbox 1544 1533 1605 1586; x_wconf 90' lang='grc' dir='ltr'>οὐ</span> <span class='ocrx_word' id='word_1_124' title='bbox 1655 1533 1813 1604; x_wconf 92' lang='grc' dir='ltr'>μόνον</span> <span class='ocrx_word' id='word_1_125' title='bbox 1842 1532 1935 1586; x_wconf 86' lang='grc' dir='ltr'>δύο</span> <span class='ocrx_word' id='word_1_126' title='bbox 1967 1535 2060 1586; x_wconf 80' lang='grc' dir='ltr'>καὶ</span> 
     </span>
    </p>
   </div>
   <div class='ocr_carea' id='block_1_17' title="bbox 380 1609 2060 1684">
    <p class='ocr_par' dir='ltr' id='par_1_17' title="bbox 380 1609 2060 1684">
     <span class='ocr_line' id='line_1_17' title="bbox 380 1609 2060 1684; baseline 0.001 -20"><span class='ocrx_word' id='word_1_127' title='bbox 380 1614 566 1682; x_wconf 80' lang='grc' dir='ltr'>τρεῖς,</span> <span class='ocrx_word' id='word_1_128' title='bbox 602 1613 715 1666; x_wconf 80' lang='grc' dir='ltr'>ἀλλ’</span> <span class='ocrx_word' id='word_1_129' title='bbox 759 1614 880 1667; x_wconf 89' lang='grc' dir='ltr'>οὑδέ</span> <span class='ocrx_word' id='word_1_130' title='bbox 933 1612 1126 1666; x_wconf 82' lang='grc' dir='ltr'>ἐκατδν</span> <span class='ocrx_word' id='word_1_131' title='bbox 1171 1609 1312 1684; x_wconf 76' lang='grc' dir='ltr'>ἦσαν</span> <span class='ocrx_word' id='word_1_132' title='bbox 1359 1611 1540 1666; x_wconf 70' lang='grc' dir='ltr'>ἰκαναὶ</span> <span class='ocrx_word' id='word_1_133' title='bbox 1587 1613 1884 1683; x_wconf 75' lang='grc' dir='ltr'>μάχαιραιο</span> <span class='ocrx_word' id='word_1_134' title='bbox 1917 1613 1965 1664; x_wconf 88' lang='grc' dir='ltr'>εἰ</span> <span class='ocrx_word' id='word_1_135' title='bbox 2002 1612 2060 1666; x_wconf 75' lang='grc' dir='ltr'>δέ</span> 
     </span>
    </p>
   </div>
   <div class='ocr_carea' id='block_1_18' title="bbox 380 1690 2058 1764">
    <p class='ocr_par' dir='ltr' id='par_1_18' title="bbox 380 1690 2058 1764">
     <span class='ocr_line' id='line_1_18' title="bbox 380 1690 2058 1764; baseline 0.001 -22"><span class='ocrx_word' id='word_1_136' title='bbox 380 1691 482 1744; x_wconf 84' lang='grc' dir='ltr'>οὐκ</span> <span class='ocrx_word' id='word_1_137' title='bbox 511 1691 760 1745; x_wconf 89' lang='grc' dir='ltr'>ἐϐούλετο</span> <span class='ocrx_word' id='word_1_138' title='bbox 791 1691 1106 1764; x_wconf 80' lang='grc' dir='ltr'>ἀνθρωπίνῃ</span> <span class='ocrx_word' id='word_1_139' title='bbox 1138 1690 1360 1763; x_wconf 75' lang='grc' dir='ltr'>βοηθείᾳ</span> <span class='ocrx_word' id='word_1_140' title='bbox 1389 1691 1588 1754; x_wconf 81' lang='grc' dir='ltr'>αὐτοὺς</span> <span class='ocrx_word' id='word_1_141' title='bbox 1611 1690 1910 1761; x_wconf 86' lang='grc' dir='ltr'>κεχρῆσθαι</span> <span class='ocrx_word' id='word_1_142' title='bbox 1929 1729 1944 1753; x_wconf 95' lang='grc'>,</span> <span class='ocrx_word' id='word_1_143' title='bbox 1965 1691 2058 1743; x_wconf 80' lang='grc' dir='ltr'>καὶ</span> 
     </span>
    </p>
   </div>
   <div class='ocr_carea' id='block_1_19' title="bbox 380 1768 2058 1843">
    <p class='ocr_par' dir='ltr' id='par_1_19' title="bbox 380 1768 2058 1843">
     <span class='ocr_line' id='line_1_19' title="bbox 380 1768 2058 1843; baseline -0.001 -20"><span class='ocrx_word' id='word_1_144' title='bbox 380 1773 434 1823; x_wconf 90' lang='grc' dir='ltr'>αἰ</span> <span class='ocrx_word' id='word_1_145' title='bbox 463 1770 556 1823; x_wconf 86' lang='grc' dir='ltr'>δύο</span> <span class='ocrx_word' id='word_1_146' title='bbox 599 1771 866 1843; x_wconf 89' lang='grc' dir='ltr'>περιτταί.</span> <span class='ocrx_word' id='word_1_147' title='bbox 929 1770 1068 1823; x_wconf 81' lang='grc' dir='ltr'>’Λλλ“</span> <span class='ocrx_word' id='word_1_148' title='bbox 1118 1771 1266 1841; x_wconf 83' lang='grc' dir='ltr'>ὅμως</span> <span class='ocrx_word' id='word_1_149' title='bbox 1299 1768 1452 1842; x_wconf 78' lang='grc'>[186]</span> <span class='ocrx_word' id='word_1_150' title='bbox 1495 1770 1597 1822; x_wconf 78' lang='grc' dir='ltr'>οὐκ</span> <span class='ocrx_word' id='word_1_151' title='bbox 1655 1768 1952 1838; x_wconf 73' lang='grc' dir='ltr'>ἐξεκάλυψε</span> <span class='ocrx_word' id='word_1_152' title='bbox 1998 1769 2058 1821; x_wconf 77' lang='grc' dir='ltr'>τὸ</span> 
     </span>
    </p>
   </div>
   <div class='ocr_carea' id='block_1_20' title="bbox 380 1846 2053 1920">
    <p class='ocr_par' dir='ltr' id='par_1_20' title="bbox 380 1846 2053 1920">
     <span class='ocr_line' id='line_1_20' title="bbox 380 1846 2053 1920; baseline -0.003 -17"><span class='ocrx_word' id='word_1_153' title='bbox 380 1849 648 1919; x_wconf 71' lang='grc' dir='ltr'>αἴνιγμαο</span> <span class='ocrx_word' id='word_1_154' title='bbox 701 1849 933 1920; x_wconf 76' lang='grc' dir='ltr'>καὶγὰρ</span> <span class='ocrx_word' id='word_1_155' title='bbox 995 1847 1263 1918; x_wconf 86' lang='grc' dir='ltr'>πολλαχοῦ</span> <span class='ocrx_word' id='word_1_156' title='bbox 1331 1848 1577 1916; x_wconf 84' lang='grc' dir='ltr'>φαίνεται</span> <span class='ocrx_word' id='word_1_157' title='bbox 1649 1846 1808 1900; x_wconf 89' lang='grc' dir='ltr'>τοῦτο</span> <span class='ocrx_word' id='word_1_158' title='bbox 1866 1847 2053 1900; x_wconf 83' lang='grc' dir='ltr'>ποιῶν·</span> 
     </span>
    </p>
   </div>
   <div class='ocr_carea' id='block_1_21' title="bbox 382 1924 2054 1998">
    <p class='ocr_par' dir='ltr' id='par_1_21' title="bbox 382 1924 2054 1998">
     <span class='ocr_line' id='line_1_21' title="bbox 382 1924 2054 1998; baseline -0.001 -20"><span class='ocrx_word' id='word_1_159' title='bbox 382 1927 600 1979; x_wconf 76' lang='grc' dir='ltr'>ἐπειδάν</span> <span class='ocrx_word' id='word_1_160' title='bbox 629 1927 704 1998; x_wconf 82' lang='grc' dir='ltr'>μή</span> <span class='ocrx_word' id='word_1_161' title='bbox 739 1929 972 1997; x_wconf 81' lang='grc' dir='ltr'>νοήσωσι</span> <span class='ocrx_word' id='word_1_162' title='bbox 1009 1927 1069 1978; x_wconf 81' lang='grc' dir='ltr'>τὸ</span> <span class='ocrx_word' id='word_1_163' title='bbox 1101 1927 1304 1996; x_wconf 84' lang='grc' dir='ltr'>λεχθὲν,</span> <span class='ocrx_word' id='word_1_164' title='bbox 1335 1924 1671 1996; x_wconf 82' lang='grc' dir='ltr'>παρατρέχει</span> <span class='ocrx_word' id='word_1_165' title='bbox 1703 1926 1798 1978; x_wconf 70' lang='grc' dir='ltr'>καλ⁸</span> <span class='ocrx_word' id='word_1_166' title='bbox 1827 1925 2016 1995; x_wconf 70' lang='grc' dir='ltr'>ἀφίησι</span> <span class='ocrx_word' id='word_1_167' title='bbox 2039 1965 2054 1989; x_wconf 91' lang='grc'>,</span> 
     </span>
    </p>
   </div>
   <div class='ocr_carea' id='block_1_22' title="bbox 380 2004 2055 2078">
    <p class='ocr_par' dir='ltr' id='par_1_22' title="bbox 380 2004 2055 2078">
     <span class='ocr_line' id='line_1_22' title="bbox 380 2004 2055 2078; baseline -0.001 -20"><span class='ocrx_word' id='word_1_168' title='bbox 380 2010 450 2078; x_wconf 76' lang='grc' dir='ltr'>τῇ</span> <span class='ocrx_word' id='word_1_169' title='bbox 480 2007 588 2060; x_wconf 90' lang='grc' dir='ltr'>τῶν</span> <span class='ocrx_word' id='word_1_170' title='bbox 626 2007 969 2078; x_wconf 83' lang='grc' dir='ltr'>πραγμάτων</span> <span class='ocrx_word' id='word_1_171' title='bbox 997 2007 1220 2060; x_wconf 87' lang='grc' dir='ltr'>ἐκϐάσει</span> <span class='ocrx_word' id='word_1_172' title='bbox 1255 2005 1363 2059; x_wconf 90' lang='grc' dir='ltr'>τῶν</span> <span class='ocrx_word' id='word_1_173' title='bbox 1395 2007 1531 2076; x_wconf 86' lang='grc' dir='ltr'>μετά</span> <span class='ocrx_word' id='word_1_174' title='bbox 1553 2004 1724 2057; x_wconf 82' lang='grc' dir='ltr'>ταῦτα</span> <span class='ocrx_word' id='word_1_175' title='bbox 1753 2005 1852 2074; x_wconf 84' lang='grc' dir='ltr'>τὴν</span> <span class='ocrx_word' id='word_1_176' title='bbox 1885 2021 2055 2057; x_wconf 91' lang='grc' dir='ltr'>κατα-</span> 
     </span>
    </p>
   </div>
   <div class='ocr_carea' id='block_1_23' title="bbox 383 2079 2056 2158">
    <p class='ocr_par' dir='ltr' id='par_1_23' title="bbox 383 2079 2056 2158">
     <span class='ocr_line' id='line_1_23' title="bbox 383 2079 2056 2158; baseline -0.001 -20"><span class='ocrx_word' id='word_1_177' title='bbox 383 2087 570 2156; x_wconf 79' lang='grc' dir='ltr'>νόησιν</span> <span class='ocrx_word' id='word_1_178' title='bbox 595 2086 704 2138; x_wconf 89' lang='grc' dir='ltr'>τῶν</span> <span class='ocrx_word' id='word_1_179' title='bbox 735 2086 1040 2158; x_wconf 73' lang='grc' dir='ltr'>εἰρημένων</span> <span class='ocrx_word' id='word_1_180' title='bbox 1080 2085 1390 2154; x_wconf 88' lang='grc' dir='ltr'>ἐπιτρέπων</span> <span class='ocrx_word' id='word_1_181' title='bbox 1433 2083 1619 2136; x_wconf 86' lang='grc' dir='ltr'>λοιπόν</span> <span class='ocrx_word' id='word_1_182' title='bbox 1637 2101 1652 2115; x_wconf 87' lang='grc'><strong>·</strong></span> <span class='ocrx_word' id='word_1_183' title='bbox 1677 2084 1815 2154; x_wconf 82' lang='grc' dir='ltr'>ὅπερ</span> <span class='ocrx_word' id='word_1_184' title='bbox 1843 2079 1936 2136; x_wconf 84' lang='grc' dir='ltr'>οὖν</span> <span class='ocrx_word' id='word_1_185' title='bbox 1961 2084 2056 2137; x_wconf 80' lang='grc' dir='ltr'>καὶ</span> 
     </span>
    </p>
   </div>
   <div class='ocr_carea' id='block_1_24' title="bbox 381 2162 2054 2235">
    <p class='ocr_par' dir='ltr' id='par_1_24' title="bbox 381 2162 2054 2235">
     <span class='ocr_line' id='line_1_24' title="bbox 381 2162 2054 2235; baseline -0.002 -17"><span class='ocrx_word' id='word_1_186' title='bbox 381 2164 613 2235; x_wconf 78' lang='grc' dir='ltr'>ἀλλαχοῦ</span> <span class='ocrx_word' id='word_1_187' title='bbox 659 2164 904 2235; x_wconf 88' lang='grc' dir='ltr'>ἐποίησε.</span> <span class='ocrx_word' id='word_1_188' title='bbox 941 2165 1049 2216; x_wconf 78' lang='grc' dir='ltr'>Καὶ</span> <span class='ocrx_word' id='word_1_189' title='bbox 1075 2163 1180 2234; x_wconf 78' lang='grc' dir='ltr'>γάρ</span> <span class='ocrx_word' id='word_1_190' title='bbox 1213 2164 1342 2233; x_wconf 79' lang='grc' dir='ltr'>περί⁹</span> <span class='ocrx_word' id='word_1_191' title='bbox 1373 2162 1471 2232; x_wconf 90' lang='grc' dir='ltr'>τῆς</span> <span class='ocrx_word' id='word_1_192' title='bbox 1504 2162 1856 2226; x_wconf 79' lang='grc' dir='ltr'>ἀναστάσεως</span> <span class='ocrx_word' id='word_1_193' title='bbox 1888 2162 2054 2215; x_wconf 89' lang='grc' dir='ltr'>αὐτοῦ</span> 
     </span>
    </p>
   </div>
   <div class='ocr_carea' id='block_1_25' title="bbox 380 2241 2056 2314">
    <p class='ocr_par' dir='ltr' id='par_1_25' title="bbox 380 2241 2056 2314">
     <span class='ocr_line' id='line_1_25' title="bbox 380 2241 2056 2314; baseline -0.001 -18"><span class='ocrx_word' id='word_1_194' title='bbox 380 2242 796 2314; x_wconf 87' lang='grc' dir='ltr'>διαλεγόμενος.</span> <span class='ocrx_word' id='word_1_195' title='bbox 850 2242 991 2296; x_wconf 82' lang='grc' dir='ltr'>οὕτω</span> <span class='ocrx_word' id='word_1_196' title='bbox 1041 2259 1158 2305; x_wconf 83' lang='grc' dir='ltr'>πως</span> <span class='ocrx_word' id='word_1_197' title='bbox 1203 2241 1390 2308; x_wconf 70' lang='grc' dir='ltr'>έλεγεσ</span> <span class='ocrx_word' id='word_1_198' title='bbox 1450 2242 1690 2294; x_wconf 77' lang='grc' dir='ltr'>Λύσατε</span> <span class='ocrx_word' id='word_1_199' title='bbox 1739 2242 1846 2293; x_wconf 83' lang='grc' dir='ltr'>τὸν</span> <span class='ocrx_word' id='word_1_200' title='bbox 1905 2243 2056 2295; x_wconf 86' lang='grc' dir='ltr'>ναὸν</span> 
     </span>
    </p>
   </div>
   <div class='ocr_carea' id='block_1_26' title="bbox 379 2318 2054 2388">
    <p class='ocr_par' dir='ltr' id='par_1_26' title="bbox 379 2318 2054 2388">
     <span class='ocr_line' id='line_1_26' title="bbox 379 2318 2054 2388; baseline -0.001 -14"><span class='ocrx_word' id='word_1_201' title='bbox 379 2321 627 2385; x_wconf 85' lang='grc' dir='ltr'>τοῦτον,</span> <span class='ocrx_word' id='word_1_202' title='bbox 687 2320 784 2372; x_wconf 80' lang='grc' dir='ltr'>καὶ</span> <span class='ocrx_word' id='word_1_203' title='bbox 825 2320 896 2372; x_wconf 89' lang='grc' dir='ltr'>ἐν</span> <span class='ocrx_word' id='word_1_204' title='bbox 942 2319 1140 2388; x_wconf 76' lang='grc' dir='ltr'>τρισὶν</span> <span class='ocrx_word' id='word_1_205' title='bbox 1187 2319 1435 2388; x_wconf 75' lang='grc' dir='ltr'>ἡμέραις</span> <span class='ocrx_word' id='word_1_206' title='bbox 1481 2318 1664 2387; x_wconf 75' lang='grc' dir='ltr'>ἐγερῶ</span> <span class='ocrx_word' id='word_1_207' title='bbox 1700 2320 1907 2372; x_wconf 84' lang='grc' dir='ltr'>αὑτὸν.</span> <span class='ocrx_word' id='word_1_208' title='bbox 1946 2320 2054 2374; x_wconf 86' lang='lat' dir='ltr'><strong><em>Kal</em></strong></span> 
     </span>
    </p>
   </div>
   <div class='ocr_carea' id='block_1_27' title="bbox 378 2397 2054 2469">
    <p class='ocr_par' dir='ltr' id='par_1_27' title="bbox 378 2397 2054 2469">
     <span class='ocr_line' id='line_1_27' title="bbox 378 2397 2054 2469; baseline 0.001 -18"><span class='ocrx_word' id='word_1_209' title='bbox 378 2399 529 2469; x_wconf 84' lang='grc' dir='ltr'>ὅμως</span> <span class='ocrx_word' id='word_1_210' title='bbox 554 2399 655 2451; x_wconf 89' lang='grc' dir='ltr'>οὐκ</span> <span class='ocrx_word' id='word_1_211' title='bbox 675 2399 897 2469; x_wconf 75' lang='grc' dir='ltr'>ᾔδεισαν</span> <span class='ocrx_word' id='word_1_212' title='bbox 928 2400 976 2450; x_wconf 84' lang='grc' dir='ltr'>οἰ</span> <span class='ocrx_word' id='word_1_213' title='bbox 1011 2397 1248 2468; x_wconf 74' lang='grc' dir='ltr'>μαθηταὶ</span> <span class='ocrx_word' id='word_1_214' title='bbox 1282 2397 1344 2450; x_wconf 82' lang='grc' dir='ltr'>τὸ</span> <span class='ocrx_word' id='word_1_215' title='bbox 1369 2397 1659 2468; x_wconf 90' lang='grc' dir='ltr'>λεγόμενον</span> <span class='ocrx_word' id='word_1_216' title='bbox 1683 2413 1696 2428; x_wconf 73' lang='grc' dir='ltr'>ο</span> <span class='ocrx_word' id='word_1_217' title='bbox 1728 2400 1824 2451; x_wconf 73' lang='grc' dir='ltr'>καὶ</span> <span class='ocrx_word' id='word_1_218' title='bbox 1849 2400 1930 2452; x_wconf 79' lang='grc' dir='ltr'>ὅτι</span> <span class='ocrx_word' id='word_1_219' title='bbox 1953 2400 2054 2452; x_wconf 82' lang='grc' dir='ltr'>οὐκ</span> 
     </span>
    </p>
   </div>
   <div class='ocr_carea' id='block_1_28' title="bbox 379 2476 2054 2548">
    <p class='ocr_par' dir='ltr' id='par_1_28' title="bbox 379 2476 2054 2548">
     <span class='ocr_line' id='line_1_28' title="bbox 379 2476 2054 2548; baseline 0 -18"><span class='ocrx_word' id='word_1_220' title='bbox 379 2477 618 2548; x_wconf 62' lang='grc' dir='ltr'>⁴εἱδεισαν,</span> <span class='ocrx_word' id='word_1_221' title='bbox 650 2479 678 2530; x_wconf 85' lang='grc'>6</span> <span class='ocrx_word' id='word_1_222' title='bbox 706 2477 1096 2546; x_wconf 84' lang='grc' dir='ltr'>εὐαγγελιστὴς</span> <span class='ocrx_word' id='word_1_223' title='bbox 1131 2477 1552 2547; x_wconf 89' lang='grc' dir='ltr'>ἐπεσημήνατο,</span> <span class='ocrx_word' id='word_1_224' title='bbox 1582 2476 1754 2544; x_wconf 81' lang='grc' dir='ltr'>λέγων</span> <span class='ocrx_word' id='word_1_225' title='bbox 1775 2493 1788 2507; x_wconf 89' lang='grc'><strong>·</strong></span> <span class='ocrx_word' id='word_1_226' title='bbox 1821 2477 1958 2530; x_wconf 83' lang='grc' dir='ltr'>Ὅτε</span> <span class='ocrx_word' id='word_1_227' title='bbox 1985 2477 2054 2529; x_wconf 79' lang='grc' dir='ltr'>δὲ</span> 
     </span>
    </p>
   </div>
   <div class='ocr_carea' id='block_1_29' title="bbox 378 2553 2048 2625">
    <p class='ocr_par' dir='ltr' id='par_1_29' title="bbox 378 2553 2048 2625">
     <span class='ocr_line' id='line_1_29' title="bbox 378 2553 2048 2625; baseline -0.001 -15"><span class='ocrx_word' id='word_1_228' title='bbox 378 2555 606 2624; x_wconf 78' lang='grc' dir='ltr'>ἀνέστη</span> <span class='ocrx_word' id='word_1_229' title='bbox 642 2559 674 2609; x_wconf 83' lang='grc' dir='ltr'><em>ό</em></span> <span class='ocrx_word' id='word_1_230' title='bbox 712 2555 970 2622; x_wconf 85' lang='grc' dir='ltr'>Ἰησοῦς,</span> <span class='ocrx_word' id='word_1_231' title='bbox 1002 2557 1134 2608; x_wconf 84' lang='grc' dir='ltr'>τότε</span> <span class='ocrx_word' id='word_1_232' title='bbox 1159 2555 1533 2608; x_wconf 77' lang='grc' dir='ltr'>ἐπίστευσαν</span> <span class='ocrx_word' id='word_1_233' title='bbox 1553 2553 1631 2620; x_wconf 85' lang='grc' dir='ltr'>τῷ</span> <span class='ocrx_word' id='word_1_234' title='bbox 1657 2557 1816 2625; x_wconf 80' lang='grc' dir='ltr'>λόγῳ</span> <span class='ocrx_word' id='word_1_235' title='bbox 1841 2556 2048 2619; x_wconf 85' lang='grc' dir='ltr'>αὑτοῦ,</span> 
     </span>
    </p>
   </div>
   <div class='ocr_carea' id='block_1_30' title="bbox 381 2632 2052 2703">
    <p class='ocr_par' dir='ltr' id='par_1_30' title="bbox 381 2632 2052 2703">
     <span class='ocr_line' id='line_1_30' title="bbox 381 2632 2052 2703; baseline 0 -16"><span class='ocrx_word' id='word_1_236' title='bbox 381 2634 484 2688; x_wconf 77' lang='grc' dir='ltr'>καί</span> <span class='ocrx_word' id='word_1_237' title='bbox 514 2632 588 2702; x_wconf 79' lang='grc' dir='ltr'>τῇ</span> <span class='ocrx_word' id='word_1_238' title='bbox 615 2632 849 2703; x_wconf 68' lang='grc' dir='ltr'>Γραφῆ.</span> <span class='ocrx_word' id='word_1_239' title='bbox 902 2633 1012 2686; x_wconf 81' lang='grc' dir='ltr'>Καὶ</span> <span class='ocrx_word' id='word_1_240' title='bbox 1051 2633 1211 2687; x_wconf 89' lang='grc' dir='ltr'>πάλιν</span> <span class='ocrx_word' id='word_1_241' title='bbox 1258 2633 1522 2703; x_wconf 77' lang='grc' dir='ltr'>ἀλλαχοῦ·</span> <span class='ocrx_word' id='word_1_242' title='bbox 1564 2633 1719 2687; x_wconf 78' lang='grc' dir='ltr'>Οὐδὲ</span> <span class='ocrx_word' id='word_1_243' title='bbox 1753 2635 1864 2702; x_wconf 72' lang='grc' dir='ltr'>γὰρ</span> <span class='ocrx_word' id='word_1_244' title='bbox 1895 2634 2052 2703; x_wconf 73' lang='grc' dir='ltr'>ᾕδει-</span> 
     </span>
    </p>
   </div>
   <div class='ocr_carea' id='block_1_31' title="bbox 379 2711 1730 2781">
    <p class='ocr_par' dir='ltr' id='par_1_31' title="bbox 379 2711 1730 2781">
     <span class='ocr_line' id='line_1_31' title="bbox 379 2711 1730 2781; baseline -0.002 -14"><span class='ocrx_word' id='word_1_245' title='bbox 379 2729 535 2778; x_wconf 84' lang='grc' dir='ltr'>σαν,</span> <span class='ocrx_word' id='word_1_246' title='bbox 568 2713 657 2767; x_wconf 85' lang='grc' dir='ltr'>ὅτι</span> <span class='ocrx_word' id='word_1_247' title='bbox 686 2713 784 2766; x_wconf 83' lang='grc' dir='ltr'>δεῖ</span> <span class='ocrx_word' id='word_1_248' title='bbox 804 2712 992 2766; x_wconf 88' lang='grc' dir='ltr'>αὑτὸν</span> <span class='ocrx_word' id='word_1_249' title='bbox 1019 2711 1087 2766; x_wconf 77' lang='grc' dir='ltr'>ἐκ</span> <span class='ocrx_word' id='word_1_250' title='bbox 1115 2711 1346 2781; x_wconf 72' lang='grc' dir='ltr'>νεκρῶν</span> <span class='ocrx_word' id='word_1_251' title='bbox 1371 2711 1730 2780; x_wconf 78' lang='grc' dir='ltr'>ἀναστῆναι.</span> 
     </span>
    </p>
   </div>
   <div class='ocr_carea' id='block_1_32' title="bbox 445 2798 2051 2872">
    <p class='ocr_par' dir='ltr' id='par_1_32' title="bbox 445 2798 2051 2872">
     <span class='ocr_line' id='line_1_32' title="bbox 445 2798 2051 2872; baseline -0.001 -19"><span class='ocrx_word' id='word_1_252' title='bbox 445 2800 510 2856; x_wconf 81' lang='grc' dir='ltr'>δ’.</span> <span class='ocrx_word' id='word_1_253' title='bbox 540 2800 702 2854; x_wconf 81' lang='grc' dir='ltr'>Ἀλλά</span> <span class='ocrx_word' id='word_1_254' title='bbox 730 2799 792 2854; x_wconf 82' lang='grc' dir='ltr'>τὸ</span> <span class='ocrx_word' id='word_1_255' title='bbox 821 2800 920 2871; x_wconf 75' lang='grc' dir='ltr'>μὲν</span> <span class='ocrx_word' id='word_1_256' title='bbox 945 2800 1166 2872; x_wconf 78' lang='grc' dir='ltr'>ζήτημα</span> <span class='ocrx_word' id='word_1_257' title='bbox 1204 2798 1391 2870; x_wconf 81' lang='grc' dir='ltr'>ἱκανὴν</span> <span class='ocrx_word' id='word_1_258' title='bbox 1417 2799 1530 2870; x_wconf 72' lang='grc' dir='ltr'>ἔχει</span> <span class='ocrx_word' id='word_1_259' title='bbox 1554 2799 1653 2870; x_wconf 84' lang='grc' dir='ltr'>τὴν</span> <span class='ocrx_word' id='word_1_260' title='bbox 1681 2798 1856 2852; x_wconf 73' lang='grc' dir='ltr'>λύσινο</span> <span class='ocrx_word' id='word_1_261' title='bbox 1889 2799 2051 2870; x_wconf 81' lang='grc' dir='ltr'>ἡμεῖς</span> 
     </span>
    </p>
   </div>
   <div class='ocr_carea' id='block_1_33' title="bbox 376 2877 2050 2949">
    <p class='ocr_par' dir='ltr' id='par_1_33' title="bbox 376 2877 2050 2949">
     <span class='ocr_line' id='line_1_33' title="bbox 376 2877 2050 2949; baseline -0.001 -16"><span class='ocrx_word' id='word_1_262' title='bbox 376 2879 434 2933; x_wconf 79' lang='grc' dir='ltr'>δέ</span> <span class='ocrx_word' id='word_1_263' title='bbox 462 2879 554 2932; x_wconf 62' lang='grc' dir='ltr'>ἐπὶ</span> <span class='ocrx_word' id='word_1_264' title='bbox 575 2878 635 2932; x_wconf 86' lang='grc' dir='ltr'>τδ</span> <span class='ocrx_word' id='word_1_265' title='bbox 667 2878 986 2949; x_wconf 88' lang='grc' dir='ltr'>λειπόμενον</span> <span class='ocrx_word' id='word_1_266' title='bbox 1015 2877 1116 2948; x_wconf 82' lang='grc' dir='ltr'>τῆς</span> <span class='ocrx_word' id='word_1_267' title='bbox 1153 2878 1506 2949; x_wconf 86' lang='grc' dir='ltr'>προσρήσεως</span> <span class='ocrx_word' id='word_1_268' title='bbox 1527 2889 1552 2917; x_wconf 84' lang='grc' dir='ltr'>ι</span> <span class='ocrx_word' id='word_1_269' title='bbox 1589 2877 1753 2949; x_wconf 93' lang='grc' dir='ltr'>μέρος</span> <span class='ocrx_word' id='word_1_270' title='bbox 1779 2877 1870 2930; x_wconf 78' lang='grc' dir='ltr'>τὸν</span> <span class='ocrx_word' id='word_1_271' title='bbox 1896 2877 2050 2946; x_wconf 89' lang='grc' dir='ltr'>λόγον</span> 
     </span>
    </p>
   </div>
   <div class='ocr_carea' id='block_1_34' title="bbox 377 2953 2052 3029">
    <p class='ocr_par' dir='ltr' id='par_1_34' title="bbox 377 2953 2052 3029">
     <span class='ocr_line' id='line_1_34' title="bbox 377 2953 2052 3029; baseline 0.001 -18"><span class='ocrx_word' id='word_1_272' title='bbox 377 2958 694 3029; x_wconf 84' lang='grc' dir='ltr'>ἀγάγωμεν.</span> <span class='ocrx_word' id='word_1_273' title='bbox 735 2957 802 3011; x_wconf 91' lang='grc' dir='ltr'>Τί</span> <span class='ocrx_word' id='word_1_274' title='bbox 842 2957 962 3011; x_wconf 81' lang='grc' dir='ltr'>ποτ’</span> <span class='ocrx_word' id='word_1_275' title='bbox 993 2953 1086 3010; x_wconf 82' lang='grc' dir='ltr'>οὖν</span> <span class='ocrx_word' id='word_1_276' title='bbox 1135 2960 1250 3011; x_wconf 84' lang='grc' dir='ltr'>ἐστι</span> <span class='ocrx_word' id='word_1_277' title='bbox 1287 2957 1350 3011; x_wconf 82' lang='grc' dir='ltr'>τὸ</span> <span class='ocrx_word' id='word_1_278' title='bbox 1395 2957 1720 3027; x_wconf 87' lang='grc' dir='ltr'>λεγόμενον,</span> <span class='ocrx_word' id='word_1_279' title='bbox 1761 2957 1856 3010; x_wconf 81' lang='grc' dir='ltr'>καὶ</span> <span class='ocrx_word' id='word_1_280' title='bbox 1885 2957 2052 3012; x_wconf 88' lang='grc' dir='ltr'>πόθεν</span> 
     </span>
    </p>
   </div>
   <div class='ocr_carea' id='block_1_35' title="bbox 377 3033 2050 3108">
    <p class='ocr_par' dir='ltr' id='par_1_35' title="bbox 377 3033 2050 3108">
     <span class='ocr_line' id='line_1_35' title="bbox 377 3033 2050 3108; baseline 0.001 -20"><span class='ocrx_word' id='word_1_281' title='bbox 377 3038 459 3100; x_wconf 84' lang='grc' dir='ltr'>εἰς</span> <span class='ocrx_word' id='word_1_282' title='bbox 506 3036 679 3090; x_wconf 88' lang='grc' dir='ltr'>ταῦτα</span> <span class='ocrx_word' id='word_1_283' title='bbox 732 3035 1034 3106; x_wconf 74' lang='grc' dir='ltr'>ἐξέϐημενς</span> <span class='ocrx_word' id='word_1_284' title='bbox 1091 3033 1528 3108; x_wconf 72' lang='grc' dir='ltr'>Ἐμακαρίζομεν</span> <span class='ocrx_word' id='word_1_285' title='bbox 1569 3035 1666 3107; x_wconf 82' lang='grc' dir='ltr'>τήν</span> <span class='ocrx_word' id='word_1_286' title='bbox 1719 3036 2050 3106; x_wconf 88' lang='grc' dir='ltr'>Πρίσκιλλαν</span> 
     </span>
    </p>
   </div>
   <div class='ocr_carea' id='block_1_36' title="bbox 377 3114 2050 3186">
    <p class='ocr_par' dir='ltr' id='par_1_36' title="bbox 377 3114 2050 3186">
     <span class='ocr_line' id='line_1_36' title="bbox 377 3114 2050 3186; baseline 0.002 -18"><span class='ocrx_word' id='word_1_287' title='bbox 377 3117 475 3169; x_wconf 77' lang='grc' dir='ltr'>καὶ</span> <span class='ocrx_word' id='word_1_288' title='bbox 500 3117 592 3170; x_wconf 84' lang='grc' dir='ltr'>τὸν</span> <span class='ocrx_word' id='word_1_289' title='bbox 645 3114 875 3170; x_wconf 82' lang='grc' dir='ltr'>Ἀκύλαν</span> <span class='ocrx_word' id='word_1_290' title='bbox 898 3153 912 3178; x_wconf 94' lang='grc'>,</span> <span class='ocrx_word' id='word_1_291' title='bbox 940 3115 1022 3167; x_wconf 86' lang='grc' dir='ltr'>ὅτι</span> <span class='ocrx_word' id='word_1_292' title='bbox 1057 3115 1331 3186; x_wconf 81' lang='grc' dir='ltr'>συνῴκουν</span> <span class='ocrx_word' id='word_1_293' title='bbox 1355 3114 1433 3185; x_wconf 86' lang='grc' dir='ltr'>τῷ</span> <span class='ocrx_word' id='word_1_294' title='bbox 1465 3114 1660 3185; x_wconf 85' lang='grc' dir='ltr'>Παύλῳ</span> <span class='ocrx_word' id='word_1_295' title='bbox 1680 3155 1694 3176; x_wconf 87' lang='grc'>,</span> <span class='ocrx_word' id='word_1_296' title='bbox 1725 3116 1808 3168; x_wconf 80' lang='grc' dir='ltr'>ὅτι</span> <span class='ocrx_word' id='word_1_297' title='bbox 1839 3117 1932 3169; x_wconf 78' lang='grc' dir='ltr'>καὶ</span> <span class='ocrx_word' id='word_1_298' title='bbox 1957 3118 2050 3171; x_wconf 86' lang='grc' dir='ltr'>τὸν</span> 
     </span>
    </p>
   </div>
   <div class='ocr_carea' id='block_1_37' title="bbox 377 3192 2046 3266">
    <p class='ocr_par' dir='ltr' id='par_1_37' title="bbox 377 3192 2046 3266">
     <span class='ocr_line' id='line_1_37' title="bbox 377 3192 2046 3266; baseline 0.002 -20"><span class='ocrx_word' id='word_1_299' title='bbox 377 3194 579 3264; x_wconf 82' lang='grc' dir='ltr'>τρόπον</span> <span class='ocrx_word' id='word_1_300' title='bbox 617 3197 717 3265; x_wconf 84' lang='grc' dir='ltr'>τῆς</span> <span class='ocrx_word' id='word_1_301' title='bbox 752 3192 943 3263; x_wconf 85' lang='grc' dir='ltr'>στολῆς</span> <span class='ocrx_word' id='word_1_302' title='bbox 964 3233 979 3256; x_wconf 91' lang='grc'>,</span> <span class='ocrx_word' id='word_1_303' title='bbox 1033 3194 1126 3247; x_wconf 75' lang='grc' dir='ltr'>καὶ</span> <span class='ocrx_word' id='word_1_304' title='bbox 1156 3193 1247 3246; x_wconf 81' lang='grc' dir='ltr'>τὸν</span> <span class='ocrx_word' id='word_1_305' title='bbox 1287 3194 1486 3264; x_wconf 79' lang='grc' dir='ltr'>τρόπον</span> <span class='ocrx_word' id='word_1_306' title='bbox 1515 3195 1624 3248; x_wconf 89' lang='grc' dir='ltr'>τῶν</span> <span class='ocrx_word' id='word_1_307' title='bbox 1654 3193 2046 3266; x_wconf 83' lang='grc' dir='ltr'>ὑποδημάτων,</span> 
     </span>
    </p>
   </div>
   <div class='ocr_carea' id='block_1_38' title="bbox 377 3272 2050 3343">
    <p class='ocr_par' dir='ltr' id='par_1_38' title="bbox 377 3272 2050 3343">
     <span class='ocr_line' id='line_1_38' title="bbox 377 3272 2050 3343; baseline 0.003 -18"><span class='ocrx_word' id='word_1_308' title='bbox 377 3272 473 3326; x_wconf 81' lang='grc' dir='ltr'>καὶ</span> <span class='ocrx_word' id='word_1_309' title='bbox 519 3273 586 3326; x_wconf 85' lang='grc' dir='ltr'>τά</span> <span class='ocrx_word' id='word_1_310' title='bbox 625 3275 758 3328; x_wconf 74' lang='grc' dir='ltr'>ἄλλα</span> <span class='ocrx_word' id='word_1_311' title='bbox 796 3272 1011 3326; x_wconf 72' lang='grc' dir='ltr'>ἅπαντα</span> <span class='ocrx_word' id='word_1_312' title='bbox 1057 3272 1195 3342; x_wconf 89' lang='grc' dir='ltr'>μετά</span> <span class='ocrx_word' id='word_1_313' title='bbox 1245 3273 1531 3342; x_wconf 88' lang='grc' dir='ltr'>ἀκριϐείας</span> <span class='ocrx_word' id='word_1_314' title='bbox 1576 3273 1743 3326; x_wconf 85' lang='grc' dir='ltr'>αὑτοῦ</span> <span class='ocrx_word' id='word_1_315' title='bbox 1776 3276 2050 3343; x_wconf 75' lang='grc' dir='ltr'>κατεμάν-</span> 
     </span>
    </p>
   </div>
   <div class='ocr_carea' id='block_1_39' title="bbox 377 3346 2050 3426">
    <p class='ocr_par' dir='ltr' id='par_1_39' title="bbox 377 3346 2050 3426">
     <span class='ocr_line' id='line_1_39' title="bbox 377 3346 2050 3426; baseline -0.001 -21"><span class='ocrx_word' id='word_1_316' title='bbox 377 3349 559 3405; x_wconf 86' lang='grc' dir='ltr'>θανον.</span> <span class='ocrx_word' id='word_1_317' title='bbox 620 3349 900 3404; x_wconf 82' lang='grc' dir='ltr'>Ἐντεῦθεν</span> <span class='ocrx_word' id='word_1_318' title='bbox 931 3351 991 3402; x_wconf 86' lang='grc' dir='ltr'>τὸ</span> <span class='ocrx_word' id='word_1_319' title='bbox 1017 3347 1236 3421; x_wconf 71' lang='grc' dir='ltr'>ζήτημα</span> <span class='ocrx_word' id='word_1_320' title='bbox 1275 3353 1408 3422; x_wconf 81' lang='grc' dir='ltr'>ἡμῖν</span> <span class='ocrx_word' id='word_1_321' title='bbox 1439 3351 1630 3422; x_wconf 86' lang='grc' dir='ltr'>ἐτέχθη</span> <span class='ocrx_word' id='word_1_322' title='bbox 1672 3350 1850 3405; x_wconf 86' lang='grc' dir='ltr'>τοῦτο.</span> <span class='ocrx_word' id='word_1_323' title='bbox 1892 3346 2050 3426; x_wconf 70' lang='grc' dir='ltr'>Ἐζη.</span> 
     </span>
    </p>
   </div>
   <div class='ocr_carea' id='block_1_40' title="bbox 375 3427 2048 3504">
    <p class='ocr_par' dir='ltr' id='par_1_40' title="bbox 375 3427 2048 3504">
     <span class='ocr_line' id='line_1_40' title="bbox 375 3427 2048 3504; baseline 0.002 -21"><span class='ocrx_word' id='word_1_324' title='bbox 375 3428 578 3500; x_wconf 85' lang='grc' dir='ltr'>τοῦμεν</span> <span class='ocrx_word' id='word_1_325' title='bbox 611 3429 750 3500; x_wconf 89' lang='grc' dir='ltr'>γάρ,</span> <span class='ocrx_word' id='word_1_326' title='bbox 784 3429 930 3492; x_wconf 91' lang='grc' dir='ltr'>τίνος</span> <span class='ocrx_word' id='word_1_327' title='bbox 963 3427 1170 3492; x_wconf 74' lang='grc' dir='ltr'>ἐνεκεν,</span> <span class='ocrx_word' id='word_1_328' title='bbox 1201 3427 1295 3482; x_wconf 90' lang='grc' dir='ltr'>τοῦ</span> <span class='ocrx_word' id='word_1_329' title='bbox 1336 3430 1571 3500; x_wconf 80' lang='grc' dir='ltr'>Χριστοῦ</span> <span class='ocrx_word' id='word_1_330' title='bbox 1614 3430 2048 3504; x_wconf 87' lang='grc' dir='ltr'>ἀπαγορεύοντος</span> 
     </span>
    </p>
   </div>
   <div class='ocr_carea' id='block_1_41' title="bbox 383 3506 2048 3579">
    <p class='ocr_par' dir='ltr' id='par_1_41' title="bbox 383 3506 2048 3579">
     <span class='ocr_line' id='line_1_41' title="bbox 383 3506 2048 3579; baseline 0.005 -21"><span class='ocrx_word' id='word_1_331' title='bbox 383 3508 550 3578; x_wconf 75' lang='grc' dir='ltr'>μηδὲν</span> <span class='ocrx_word' id='word_1_332' title='bbox 574 3507 709 3570; x_wconf 83' lang='grc' dir='ltr'>ὅλως</span> <span class='ocrx_word' id='word_1_333' title='bbox 755 3507 930 3578; x_wconf 75' lang='grc' dir='ltr'>ἔχειν,</span> <span class='ocrx_word' id='word_1_334' title='bbox 976 3509 1024 3559; x_wconf 90' lang='grc' dir='ltr'>εἰ</span> <span class='ocrx_word' id='word_1_335' title='bbox 1067 3506 1141 3579; x_wconf 79' lang='grc' dir='ltr'>μή</span> <span class='ocrx_word' id='word_1_336' title='bbox 1177 3507 1336 3578; x_wconf 85' lang='grc' dir='ltr'>μόνον</span> <span class='ocrx_word' id='word_1_337' title='bbox 1367 3509 1609 3579; x_wconf 74' lang='grc' dir='ltr'>ἱμάτιον,</span> <span class='ocrx_word' id='word_1_338' title='bbox 1641 3510 1923 3577; x_wconf 80' lang='grc' dir='ltr'>ἐφαίνοντο</span> <span class='ocrx_word' id='word_1_339' title='bbox 1953 3513 2048 3566; x_wconf 69' lang='grc' dir='ltr'>καὶ</span> 
     </span>
    </p>
   </div>
   <div class='ocr_carea' id='block_1_42' title="bbox 379 3583 2048 3657">
    <p class='ocr_par' dir='ltr' id='par_1_42' title="bbox 379 3583 2048 3657">
     <span class='ocr_line' id='line_1_42' title="bbox 379 3583 2048 3657; baseline 0.003 -20"><span class='ocrx_word' id='word_1_340' title='bbox 379 3586 704 3654; x_wconf 78' lang='grc' dir='ltr'>ὑποδήματα</span> <span class='ocrx_word' id='word_1_341' title='bbox 751 3587 846 3639; x_wconf 70' lang='grc' dir='ltr'>καὶ</span> <span class='ocrx_word' id='word_1_342' title='bbox 899 3584 1128 3656; x_wconf 81' lang='grc' dir='ltr'>φελόνην</span> <span class='ocrx_word' id='word_1_343' title='bbox 1181 3585 1415 3655; x_wconf 74' lang='grc' dir='ltr'>ἔχοντες.</span> <span class='ocrx_word' id='word_1_344' title='bbox 1472 3583 1606 3640; x_wconf 77' lang='grc' dir='ltr'>Εἶτα</span> <span class='ocrx_word' id='word_1_345' title='bbox 1656 3587 1685 3638; x_wconf 85' lang='grc' dir='ltr'>ὑ</span> <span class='ocrx_word' id='word_1_346' title='bbox 1737 3587 1894 3657; x_wconf 84' lang='grc' dir='ltr'>λόγος</span> <span class='ocrx_word' id='word_1_347' title='bbox 1940 3591 2048 3644; x_wconf 84' lang='grc' dir='ltr'>ἀπ-</span> 
     </span>
    </p>
   </div>
   <div class='ocr_carea' id='block_1_43' title="bbox 377 3661 2048 3736">
    <p class='ocr_par' dir='ltr' id='par_1_43' title="bbox 377 3661 2048 3736">
     <span class='ocr_line' id='line_1_43' title="bbox 377 3661 2048 3736; baseline 0.003 -21"><span class='ocrx_word' id='word_1_348' title='bbox 377 3661 580 3727; x_wconf 79' lang='grc' dir='ltr'>έδειξεν</span> <span class='ocrx_word' id='word_1_349' title='bbox 597 3705 612 3728; x_wconf 91' lang='grc'>,</span> <span class='ocrx_word' id='word_1_350' title='bbox 644 3663 725 3716; x_wconf 85' lang='grc' dir='ltr'>ὃτι</span> <span class='ocrx_word' id='word_1_351' title='bbox 749 3663 812 3716; x_wconf 90' lang='grc' dir='ltr'>οὐ</span> <span class='ocrx_word' id='word_1_352' title='bbox 835 3663 1264 3734; x_wconf 89' lang='grc' dir='ltr'>παραϐαίνοντες</span> <span class='ocrx_word' id='word_1_353' title='bbox 1289 3664 1382 3717; x_wconf 86' lang='grc' dir='ltr'>τὸν</span> <span class='ocrx_word' id='word_1_354' title='bbox 1405 3664 1590 3734; x_wconf 88' lang='grc' dir='ltr'>νόμον,</span> <span class='ocrx_word' id='word_1_355' title='bbox 1625 3663 1761 3718; x_wconf 89' lang='grc' dir='ltr'>ἀλλά</span> <span class='ocrx_word' id='word_1_356' title='bbox 1789 3666 1884 3720; x_wconf 75' lang='grc' dir='ltr'>καὶ</span> <span class='ocrx_word' id='word_1_357' title='bbox 1921 3668 2048 3736; x_wconf 77' lang='grc' dir='ltr'>σφό-</span> 
     </span>
    </p>
   </div>
   <div class='ocr_carea' id='block_1_44' title="bbox 375 3739 2043 3816">
    <p class='ocr_par' dir='ltr' id='par_1_44' title="bbox 375 3739 2043 3816">
     <span class='ocr_line' id='line_1_44' title="bbox 375 3739 2043 3816; baseline 0.003 -24"><span class='ocrx_word' id='word_1_358' title='bbox 375 3740 479 3811; x_wconf 87' lang='grc' dir='ltr'>δρα</span> <span class='ocrx_word' id='word_1_359' title='bbox 526 3739 819 3813; x_wconf 87' lang='grc' dir='ltr'>τηροῦντες</span> <span class='ocrx_word' id='word_1_360' title='bbox 869 3740 1080 3803; x_wconf 88' lang='grc' dir='ltr'>τούτοις</span> <span class='ocrx_word' id='word_1_361' title='bbox 1127 3741 1385 3812; x_wconf 88' lang='grc' dir='ltr'>ἐχρῶντο.</span> <span class='ocrx_word' id='word_1_362' title='bbox 1435 3740 1620 3796; x_wconf 89' lang='grc' dir='ltr'>Ταῦτα</span> <span class='ocrx_word' id='word_1_363' title='bbox 1665 3743 1723 3795; x_wconf 87' lang='grc' dir='ltr'>δέ</span> <span class='ocrx_word' id='word_1_364' title='bbox 1758 3744 2043 3816; x_wconf 85' lang='grc' dir='ltr'>ἐλέγομεν,</span> 
     </span>
    </p>
   </div>
   <div class='ocr_carea' id='block_1_45' title="bbox 371 3818 2045 3891">
    <p class='ocr_par' dir='ltr' id='par_1_45' title="bbox 371 3818 2045 3891">
     <span class='ocr_line' id='line_1_45' title="bbox 371 3818 2045 3891; baseline 0.004 -20"><span class='ocrx_word' id='word_1_365' title='bbox 371 3819 477 3871; x_wconf 82' lang='grc' dir='ltr'>οῦκ</span> <span class='ocrx_word' id='word_1_366' title='bbox 509 3821 589 3883; x_wconf 89' lang='grc' dir='ltr'>εἰς</span> <span class='ocrx_word' id='word_1_367' title='bbox 637 3818 953 3890; x_wconf 81' lang='grc' dir='ltr'>περιουσίαν</span> <span class='ocrx_word' id='word_1_368' title='bbox 1002 3820 1298 3890; x_wconf 84' lang='grc' dir='ltr'>χρημάτων</span> <span class='ocrx_word' id='word_1_369' title='bbox 1345 3820 1490 3891; x_wconf 75' lang='grc' dir='ltr'>ὑμᾶς</span> <span class='ocrx_word' id='word_1_370' title='bbox 1541 3821 1884 3891; x_wconf 77' lang='grc' dir='ltr'>ἀλείφοντες,</span> <span class='ocrx_word' id='word_1_371' title='bbox 1924 3825 2045 3878; x_wconf 87' lang='grc' dir='ltr'>οὑδέ</span> 
     </span>
    </p>
   </div>
   <div class='ocr_carea' id='block_1_46' title="bbox 377 3897 2044 3970">
    <p class='ocr_par' dir='ltr' id='par_1_46' title="bbox 377 3897 2044 3970">
     <span class='ocr_line' id='line_1_46' title="bbox 377 3897 2044 3970; baseline 0.004 -19"><span class='ocrx_word' id='word_1_372' title='bbox 377 3897 820 3968; x_wconf 84' lang='grc' dir='ltr'>παρακαλοῦντες</span> <span class='ocrx_word' id='word_1_373' title='bbox 866 3897 1035 3951; x_wconf 87' lang='grc' dir='ltr'>πλείω</span> <span class='ocrx_word' id='word_1_374' title='bbox 1080 3898 1180 3968; x_wconf 89' lang='grc' dir='ltr'>τῆς</span> <span class='ocrx_word' id='word_1_375' title='bbox 1211 3897 1399 3968; x_wconf 89' lang='grc' dir='ltr'>χρείας</span> <span class='ocrx_word' id='word_1_376' title='bbox 1438 3901 1770 3970; x_wconf 83' lang='grc' dir='ltr'>κεκτῆσθαι,</span> <span class='ocrx_word' id='word_1_377' title='bbox 1803 3902 1919 3956; x_wconf 74' lang='grc' dir='ltr'>ἀλλ’</span> <span class='ocrx_word' id='word_1_378' title='bbox 1959 3905 2044 3957; x_wconf 83' lang='grc' dir='ltr'>ἵνα</span> 
     </span>
    </p>
   </div>
   <div class='ocr_carea' id='block_1_47' title="bbox 375 3976 2045 4051">
    <p class='ocr_par' dir='ltr' id='par_1_47' title="bbox 375 3976 2045 4051">
     <span class='ocr_line' id='line_1_47' title="bbox 375 3976 2045 4051; baseline 0.005 -23"><span class='ocrx_word' id='word_1_379' title='bbox 375 3976 534 4047; x_wconf 76' lang='grc' dir='ltr'>ἔχητε</span> <span class='ocrx_word' id='word_1_380' title='bbox 565 3977 702 4048; x_wconf 65' lang='grc' dir='ltr'>πρὸς</span> <span class='ocrx_word' id='word_1_381' title='bbox 751 3977 879 4040; x_wconf 77' lang='grc' dir='ltr'>τοὺς</span> <span class='ocrx_word' id='word_1_382' title='bbox 909 3977 1174 4040; x_wconf 84' lang='grc' dir='ltr'>ἀπίστους</span> <span class='ocrx_word' id='word_1_383' title='bbox 1198 3976 1497 4046; x_wconf 77' lang='grc' dir='ltr'>ἀντιλέγειν</span> <span class='ocrx_word' id='word_1_384' title='bbox 1525 3979 1649 4037; x_wconf 78' lang='grc' dir='ltr'>τοὺς</span> <span class='ocrx_word' id='word_1_385' title='bbox 1669 3979 2045 4051; x_wconf 78' lang='grc' dir='ltr'>διαχλευάζον-</span> 
     </span>
    </p>
   </div>
   <div class='ocr_carea' id='block_1_48' title="bbox 373 4054 2043 4132">
    <p class='ocr_par' dir='ltr' id='par_1_48' title="bbox 373 4054 2043 4132">
     <span class='ocr_line' id='line_1_48' title="bbox 373 4054 2043 4132; baseline 0.005 -25"><span class='ocrx_word' id='word_1_386' title='bbox 373 4071 472 4118; x_wconf 89' lang='grc' dir='ltr'>τας</span> <span class='ocrx_word' id='word_1_387' title='bbox 493 4055 563 4108; x_wconf 88' lang='grc' dir='ltr'>τά</span> <span class='ocrx_word' id='word_1_388' title='bbox 583 4057 843 4126; x_wconf 85' lang='grc' dir='ltr'>ήμέτερα,</span> <span class='ocrx_word' id='word_1_389' title='bbox 873 4056 982 4107; x_wconf 80' lang='lat' dir='ltr'><strong><em>Kal</em></strong></span> <span class='ocrx_word' id='word_1_390' title='bbox 1010 4054 1118 4125; x_wconf 82' lang='grc' dir='ltr'>γάρ</span> <span class='ocrx_word' id='word_1_391' title='bbox 1151 4057 1180 4108; x_wconf 83' lang='grc' dir='ltr'>ό</span> <span class='ocrx_word' id='word_1_392' title='bbox 1207 4056 1442 4124; x_wconf 86' lang='grc' dir='ltr'>Χριστὸς</span> <span class='ocrx_word' id='word_1_393' title='bbox 1469 4056 1636 4120; x_wconf 89' lang='grc' dir='ltr'>λύσας</span> <span class='ocrx_word' id='word_1_394' title='bbox 1661 4059 1751 4112; x_wconf 81' lang='grc' dir='ltr'>τὸν</span> <span class='ocrx_word' id='word_1_395' title='bbox 1782 4061 2043 4132; x_wconf 86' lang='grc' dir='ltr'>πρότερον</span> 
     </span>
    </p>
   </div>
   <div class='ocr_carea' id='block_1_49' title="bbox 375 4134 2042 4206">
    <p class='ocr_par' dir='ltr' id='par_1_49' title="bbox 375 4134 2042 4206">
     <span class='ocr_line' id='line_1_49' title="bbox 375 4134 2042 4206; baseline 0.004 -18"><span class='ocrx_word' id='word_1_396' title='bbox 375 4135 538 4206; x_wconf 89' lang='grc' dir='ltr'>νόμον</span> <span class='ocrx_word' id='word_1_397' title='bbox 557 4175 571 4198; x_wconf 94' lang='grc'>,</span> <span class='ocrx_word' id='word_1_398' title='bbox 597 4136 716 4206; x_wconf 77' lang='grc' dir='ltr'>οὐχὶ</span> <span class='ocrx_word' id='word_1_399' title='bbox 752 4136 928 4198; x_wconf 83' lang='grc' dir='ltr'>οἰκίας</span> <span class='ocrx_word' id='word_1_400' title='bbox 947 4173 962 4196; x_wconf 91' lang='grc'>,</span> <span class='ocrx_word' id='word_1_401' title='bbox 991 4135 1111 4187; x_wconf 85' lang='grc' dir='ltr'>οὐδὲ</span> <span class='ocrx_word' id='word_1_402' title='bbox 1142 4134 1481 4206; x_wconf 75' lang='grc' dir='ltr'>ἀνδράποδα,</span> <span class='ocrx_word' id='word_1_403' title='bbox 1523 4137 1646 4189; x_wconf 87' lang='grc' dir='ltr'>οὐδέ</span> <span class='ocrx_word' id='word_1_404' title='bbox 1683 4137 1888 4202; x_wconf 85' lang='grc' dir='ltr'>κλίνας,</span> <span class='ocrx_word' id='word_1_405' title='bbox 1923 4142 2042 4195; x_wconf 82' lang='grc' dir='ltr'>οὐδὲ</span> 
     </span>
    </p>
   </div>
   <div class='ocr_carea' id='block_1_50' title="bbox 375 4217 2042 4290">
    <p class='ocr_par' dir='ltr' id='par_1_50' title="bbox 375 4217 2042 4290">
     <span class='ocr_line' id='line_1_50' title="bbox 375 4217 2042 4290; baseline 0.004 -21"><span class='ocrx_word' id='word_1_406' title='bbox 375 4217 783 4290; x_wconf 80' lang='grc' dir='ltr'>ἀργυρώματα,</span> <span class='ocrx_word' id='word_1_407' title='bbox 828 4217 949 4270; x_wconf 82' lang='grc' dir='ltr'>οὐδὲ</span> <span class='ocrx_word' id='word_1_408' title='bbox 998 4217 1124 4271; x_wconf 81' lang='grc' dir='ltr'>ἄλλο</span> <span class='ocrx_word' id='word_1_409' title='bbox 1169 4233 1221 4269; x_wconf 90' lang='grc' dir='ltr'>τι</span> <span class='ocrx_word' id='word_1_410' title='bbox 1268 4217 1504 4270; x_wconf 88' lang='grc' dir='ltr'>τοιοῦτον</span> <span class='ocrx_word' id='word_1_411' title='bbox 1557 4219 1708 4272; x_wconf 78' lang='grc' dir='ltr'>οὐδὲν</span> <span class='ocrx_word' id='word_1_412' title='bbox 1760 4221 2042 4276; x_wconf 82' lang='grc' dir='ltr'>ἐκέλευσεν</span> 
     </span>
    </p>
   </div>
   <div class='ocr_carea' id='block_1_51' title="bbox 375 4295 2043 4372">
    <p class='ocr_par' dir='ltr' id='par_1_51' title="bbox 375 4295 2043 4372">
     <span class='ocr_line' id='line_1_51' title="bbox 375 4295 2043 4372; baseline 0.003 -25"><span class='ocrx_word' id='word_1_413' title='bbox 375 4296 538 4366; x_wconf 77' lang='grc' dir='ltr'>ἐχειν,</span> <span class='ocrx_word' id='word_1_414' title='bbox 569 4298 703 4350; x_wconf 87' lang='grc' dir='ltr'>ἀλλά</span> <span class='ocrx_word' id='word_1_415' title='bbox 721 4296 818 4366; x_wconf 85' lang='grc' dir='ltr'>τῆς</span> <span class='ocrx_word' id='word_1_416' title='bbox 847 4296 1092 4366; x_wconf 85' lang='grc' dir='ltr'>ἀνάγκης</span> <span class='ocrx_word' id='word_1_417' title='bbox 1106 4295 1445 4366; x_wconf 80' lang='grc' dir='ltr'>ἀπηλλάχθαι</span> <span class='ocrx_word' id='word_1_418' title='bbox 1467 4297 1574 4349; x_wconf 91' lang='grc' dir='ltr'>τῶν</span> <span class='ocrx_word' id='word_1_419' title='bbox 1606 4298 1868 4371; x_wconf 87' lang='grc' dir='ltr'>πρότερον</span> <span class='ocrx_word' id='word_1_420' title='bbox 1894 4303 2043 4372; x_wconf 85' lang='grc' dir='ltr'>εἰρη-</span> 
     </span>
    </p>
   </div>
   <div class='ocr_carea' id='block_1_52' title="bbox 378 4373 2042 4447">
    <p class='ocr_par' dir='ltr' id='par_1_52' title="bbox 378 4373 2042 4447">
     <span class='ocr_line' id='line_1_52' title="bbox 378 4373 2042 4447; baseline 0.003 -21"><span class='ocrx_word' id='word_1_421' title='bbox 378 4375 573 4445; x_wconf 81' lang='grc' dir='ltr'>μένων.</span> <span class='ocrx_word' id='word_1_422' title='bbox 608 4375 716 4428; x_wconf 79' lang='lat' dir='ltr'><strong><em>Kal</em></strong></span> <span class='ocrx_word' id='word_1_423' title='bbox 751 4376 780 4427; x_wconf 88' lang='grc' dir='ltr'>ὁ</span> <span class='ocrx_word' id='word_1_424' title='bbox 813 4373 1020 4436; x_wconf 84' lang='grc' dir='ltr'>Παῦλος</span> <span class='ocrx_word' id='word_1_425' title='bbox 1051 4373 1107 4426; x_wconf 79' lang='grc' dir='ltr'>δέ</span> <span class='ocrx_word' id='word_1_426' title='bbox 1144 4373 1288 4426; x_wconf 83' lang='grc' dir='ltr'>οῦτω</span> <span class='ocrx_word' id='word_1_427' title='bbox 1319 4374 1549 4445; x_wconf 79' lang='grc' dir='ltr'>παρῄνει</span> <span class='ocrx_word' id='word_1_428' title='bbox 1587 4374 1792 4444; x_wconf 80' lang='grc' dir='ltr'>λέγων’</span> <span class='ocrx_word' id='word_1_429' title='bbox 1830 4379 2042 4447; x_wconf 83' lang='grc' dir='ltr'>Ἔχον-</span> 
     </span>
    </p>
   </div>
   <div class='ocr_carea' id='block_1_53' title="bbox 374 4452 2042 4526">
    <p class='ocr_par' dir='ltr' id='par_1_53' title="bbox 374 4452 2042 4526">
     <span class='ocr_line' id='line_1_53' title="bbox 374 4452 2042 4526; baseline 0.002 -18"><span class='ocrx_word' id='word_1_430' title='bbox 374 4471 474 4521; x_wconf 80' lang='grc' dir='ltr'>τες</span> <span class='ocrx_word' id='word_1_431' title='bbox 518 4455 738 4522; x_wconf 68' lang='grc' dir='ltr'>τροφὰς</span> <span class='ocrx_word' id='word_1_432' title='bbox 786 4455 880 4507; x_wconf 82' lang='grc' dir='ltr'>καί</span> <span class='ocrx_word' id='word_1_433' title='bbox 925 4452 1320 4522; x_wconf 78' lang='grc' dir='ltr'>σκεπάσματα</span> <span class='ocrx_word' id='word_1_434' title='bbox 1341 4495 1352 4510; x_wconf 87' lang='grc'><strong>.</strong></span> <span class='ocrx_word' id='word_1_435' title='bbox 1393 4456 1628 4520; x_wconf 83' lang='grc' dir='ltr'>τούτοις</span> <span class='ocrx_word' id='word_1_436' title='bbox 1671 4456 2042 4526; x_wconf 83' lang='grc' dir='ltr'>ἀρκεσθησό-</span> 
     </span>
    </p>
   </div>
   <div class='ocr_carea' id='block_1_54' title="bbox 369 4531 2040 4607">
    <p class='ocr_par' dir='ltr' id='par_1_54' title="bbox 369 4531 2040 4607">
     <span class='ocr_line' id='line_1_54' title="bbox 369 4531 2040 4607; baseline 0.003 -22"><span class='ocrx_word' id='word_1_437' title='bbox 369 4538 542 4602; x_wconf 87' lang='grc' dir='ltr'>μεθα.</span> <span class='ocrx_word' id='word_1_438' title='bbox 590 4533 662 4585; x_wconf 77' lang='grc' dir='ltr'>Τὸ</span> <span class='ocrx_word' id='word_1_439' title='bbox 703 4532 812 4604; x_wconf 80' lang='grc' dir='ltr'>γὰρ</span> <span class='ocrx_word' id='word_1_440' title='bbox 843 4531 1094 4603; x_wconf 81' lang='grc' dir='ltr'>περιττὸν</span> <span class='ocrx_word' id='word_1_441' title='bbox 1122 4532 1218 4602; x_wconf 88' lang='grc' dir='ltr'>τῆς</span> <span class='ocrx_word' id='word_1_442' title='bbox 1245 4533 1437 4607; x_wconf 82' lang='grc' dir='ltr'>χρείας</span> <span class='ocrx_word' id='word_1_443' title='bbox 1485 4534 1566 4607; x_wconf 88' lang='grc' dir='ltr'>εἰς</span> <span class='ocrx_word' id='word_1_444' title='bbox 1597 4535 1722 4598; x_wconf 66' lang='grc' dir='ltr'>τοὺς</span> <span class='ocrx_word' id='word_1_445' title='bbox 1753 4536 2040 4607; x_wconf 78' lang='grc' dir='ltr'>δεομένους</span> 
     </span>
    </p>
   </div>
   <div class='ocr_carea' id='block_1_55' title="bbox 375 4605 2038 4687">
    <p class='ocr_par' dir='ltr' id='par_1_55' title="bbox 375 4605 2038 4687">
     <span class='ocr_line' id='line_1_55' title="bbox 375 4605 2038 4687; baseline 0.001 -21"><span class='ocrx_word' id='word_1_446' title='bbox 375 4610 758 4666; x_wconf 85' lang='grc' dir='ltr'>ἀναλίσκεσθαι</span> <span class='ocrx_word' id='word_1_447' title='bbox 787 4611 894 4663; x_wconf 84' lang='grc' dir='ltr'>δεῖ·</span> <span class='ocrx_word' id='word_1_448' title='bbox 929 4609 1177 4687; x_wconf 87' lang='grc' dir='ltr'>καθάπερ</span> <span class='ocrx_word' id='word_1_449' title='bbox 1208 4605 1300 4662; x_wconf 86' lang='grc' dir='ltr'>οὑν</span> <span class='ocrx_word' id='word_1_450' title='bbox 1330 4611 1424 4662; x_wconf 82' lang='grc' dir='ltr'>καὶ</span> <span class='ocrx_word' id='word_1_451' title='bbox 1453 4606 1597 4664; x_wconf 77' lang='grc' dir='ltr'>οὗτοι</span> <span class='ocrx_word' id='word_1_452' title='bbox 1631 4605 1866 4678; x_wconf 73' lang='grc' dir='ltr'>ἐποίουν,</span> <span class='ocrx_word' id='word_1_453' title='bbox 1902 4616 2038 4687; x_wconf 85' lang='grc' dir='ltr'>Πρί-</span> 
     </span>
    </p>
   </div>
   <div class='ocr_carea' id='block_1_56' title="bbox 376 4686 2031 4757">
    <p class='ocr_par' dir='ltr' id='par_1_56' title="bbox 376 4686 2031 4757">
     <span class='ocr_line' id='line_1_56' title="bbox 376 4686 2031 4757; baseline 0.002 -14"><span class='ocrx_word' id='word_1_454' title='bbox 376 4690 564 4744; x_wconf 84' lang='grc' dir='ltr'>σκιλλα</span> <span class='ocrx_word' id='word_1_455' title='bbox 613 4691 707 4742; x_wconf 76' lang='grc' dir='ltr'>καὶ</span> <span class='ocrx_word' id='word_1_456' title='bbox 766 4687 1012 4749; x_wconf 83' lang='grc' dir='ltr'>Ἀκύλας.</span> <span class='ocrx_word' id='word_1_457' title='bbox 1049 4686 1247 4757; x_wconf 84' lang='grc' dir='ltr'>Διόπερ</span> <span class='ocrx_word' id='word_1_458' title='bbox 1295 4689 1492 4750; x_wconf 83' lang='grc' dir='ltr'>αὐτοὺς</span> <span class='ocrx_word' id='word_1_459' title='bbox 1518 4691 1732 4742; x_wconf 86' lang='grc' dir='ltr'>ἐπαινεῖ</span> <span class='ocrx_word' id='word_1_460' title='bbox 1773 4694 1866 4745; x_wconf 74' lang='grc' dir='ltr'>καὶ</span> <span class='ocrx_word' id='word_1_461' title='bbox 1906 4686 2031 4746; x_wconf 88' lang='grc' dir='ltr'>θαυ-</span> 
     </span>
    </p>
   </div>
   <div class='ocr_carea' id='block_1_57' title="bbox 377 4765 2040 4841">
    <p class='ocr_par' dir='ltr' id='par_1_57' title="bbox 377 4765 2040 4841">
     <span class='ocr_line' id='line_1_57' title="bbox 377 4765 2040 4841; baseline 0.001 -17"><span class='ocrx_word' id='word_1_462' title='bbox 377 4771 567 4841; x_wconf 79' lang='grc' dir='ltr'>μάζει,</span> <span class='ocrx_word' id='word_1_463' title='bbox 609 4769 703 4822; x_wconf 77' lang='grc' dir='ltr'>καὶ</span> <span class='ocrx_word' id='word_1_464' title='bbox 745 4769 1000 4839; x_wconf 88' lang='grc' dir='ltr'>μέγιστον</span> <span class='ocrx_word' id='word_1_465' title='bbox 1041 4765 1220 4818; x_wconf 89' lang='grc' dir='ltr'>αὐτῶν</span> <span class='ocrx_word' id='word_1_466' title='bbox 1271 4765 1584 4837; x_wconf 89' lang='grc' dir='ltr'>συντίθησιν</span> <span class='ocrx_word' id='word_1_467' title='bbox 1617 4768 1912 4839; x_wconf 87' lang='grc' dir='ltr'>ἐγκώμιον.</span> <span class='ocrx_word' id='word_1_468' title='bbox 1949 4773 2040 4825; x_wconf 83' lang='grc' dir='ltr'>Εἰ-</span> 
     </span>
    </p>
   </div>
   <div class='ocr_carea' id='block_1_58' title="bbox 374 4848 2050 4926">
    <p class='ocr_par' dir='ltr' id='par_1_58' title="bbox 374 4848 2050 4926">
     <span class='ocr_line' id='line_1_58' title="bbox 374 4848 2050 4926; baseline -0.002 -15"><span class='ocrx_word' id='word_1_469' title='bbox 374 4859 492 4912; x_wconf 83' lang='grc' dir='ltr'>πὼν</span> <span class='ocrx_word' id='word_1_470' title='bbox 511 4859 641 4926; x_wconf 90' lang='grc' dir='ltr'>γάρ.</span> <span class='ocrx_word' id='word_1_471' title='bbox 688 4852 1071 4910; x_wconf 74' lang='grc' dir='ltr'>Ἀσπάσασθε</span> <span class='ocrx_word' id='word_1_472' title='bbox 1101 4848 1480 4915; x_wconf 74' lang='grc' dir='ltr'>Πρίσκιλλαν</span> <span class='ocrx_word' id='word_1_473' title='bbox 1504 4849 1603 4901; x_wconf 82' lang='grc' dir='ltr'>καί</span> <span class='ocrx_word' id='word_1_474' title='bbox 1638 4848 1891 4906; x_wconf 82' lang='grc' dir='ltr'>Ἀκύλαν</span> <span class='ocrx_word' id='word_1_475' title='bbox 1911 4855 2050 4922; x_wconf 85' lang='grc' dir='ltr'>τοὺς</span> 
     </span>
    </p>
   </div>
   <div class='ocr_carea' id='block_1_59' title="bbox 377 4927 2053 5005">
    <p class='ocr_par' dir='ltr' id='par_1_59' title="bbox 377 4927 2053 5005">
     <span class='ocr_line' id='line_1_59' title="bbox 377 4927 2053 5005; baseline 0.012 -38"><span class='ocrx_word' id='word_1_476' title='bbox 377 4937 714 5005; x_wconf 65' lang='grc' dir='ltr'>συνεργούς</span> <span class='ocrx_word' id='word_1_477' title='bbox 755 4951 874 5002; x_wconf 79' lang='grc' dir='ltr'>μου</span> <span class='ocrx_word' id='word_1_478' title='bbox 910 4932 981 4984; x_wconf 84' lang='grc' dir='ltr'>ἐν</span> <span class='ocrx_word' id='word_1_479' title='bbox 1019 4929 1234 4996; x_wconf 81' lang='grc' dir='ltr'>Κυρίῳ,</span> <span class='ocrx_word' id='word_1_480' title='bbox 1265 4928 1358 4979; x_wconf 68' lang='grc' dir='ltr'>καί⁸</span> <span class='ocrx_word' id='word_1_481' title='bbox 1390 4928 1488 4996; x_wconf 86' lang='grc' dir='ltr'>τὴν</span> <span class='ocrx_word' id='word_1_482' title='bbox 1523 4927 1702 4981; x_wconf 86' lang='grc' dir='ltr'>αἰτίαν</span> <span class='ocrx_word' id='word_1_483' title='bbox 1741 4930 1921 5002; x_wconf 87' lang='grc' dir='ltr'>τίθησι</span> <span class='ocrx_word' id='word_1_484' title='bbox 1951 4934 2053 5003; x_wconf 87' lang='grc' dir='ltr'>τῆς</span> 
     </span>
    </p>
   </div>
   <div class='ocr_carea' id='block_1_60' title="bbox 381 5005 2052 5092">
    <p class='ocr_par' dir='ltr' id='par_1_60' title="bbox 381 5005 2052 5092">
     <span class='ocr_line' id='line_1_60' title="bbox 381 5005 2052 5092; baseline -0.003 -24"><span class='ocrx_word' id='word_1_485' title='bbox 381 5013 629 5092; x_wconf 73' lang='grc' dir='ltr'>τοιαύτης</span> <span class='ocrx_word' id='word_1_486' title='bbox 669 5014 918 5092; x_wconf 32' lang='grc' dir='ltr'>ἀγάπης.-</span> <span class='ocrx_word' id='word_1_487' title='bbox 945 5009 1112 5092; x_wconf 80' lang='grc' dir='ltr'>Ποίαν</span> <span class='ocrx_word' id='word_1_488' title='bbox 1136 5007 1213 5092; x_wconf 36' lang='grc' dir='ltr'>’δὴ</span> <span class='ocrx_word' id='word_1_489' title='bbox 1239 5005 1914 5092; x_wconf 30' lang='grc' dir='ltr'>ταύτηνχοῖτινεςΔύπέρ</span> <span class='ocrx_word' id='word_1_490' title='bbox 1940 5013 2052 5081; x_wconf 81' lang='grc' dir='ltr'>τῆς</span> 
     </span>
    </p>
   </div>
   <div class='ocr_carea' id='block_1_61' title="bbox 382 5083 2048 5160">
    <p class='ocr_par' dir='ltr' id='par_1_61' title="bbox 382 5083 2048 5160">
     <span class='ocr_line' id='line_1_61' title="bbox 382 5083 2048 5160; baseline 0.009 -29"><span class='ocrx_word' id='word_1_491' title='bbox 382 5089 589 5160; x_wconf 61' lang='grc' dir='ltr'>ψυχῆς</span> <span class='ocrx_word' id='word_1_492' title='bbox 618 5106 758 5158; x_wconf 81' lang='grc' dir='ltr'>μου,</span> <span class='ocrx_word' id='word_1_493' title='bbox 799 5088 952 5156; x_wconf 77' lang='grc' dir='ltr'>φησὶ,</span> <span class='ocrx_word' id='word_1_494' title='bbox 986 5086 1094 5138; x_wconf 82' lang='grc' dir='ltr'>τὸν</span> <span class='ocrx_word' id='word_1_495' title='bbox 1124 5083 1355 5137; x_wconf 83' lang='grc' dir='ltr'>ἑαυτῶν</span> <span class='ocrx_word' id='word_1_496' title='bbox 1386 5083 1693 5152; x_wconf 80' lang='grc' dir='ltr'>τράχηλον</span> <span class='ocrx_word' id='word_1_497' title='bbox 1719 5087 2048 5155; x_wconf 76' lang='grc' dir='ltr'>ὑπέθηκαν.</span> 
     </span>
    </p>
   </div>
   <div class='ocr_carea' id='block_1_62' title="bbox 382 5163 2048 5234">
    <p class='ocr_par' dir='ltr' id='par_1_62' title="bbox 382 5163 2048 5234">
     <span class='ocr_line' id='line_1_62' title="bbox 382 5163 2048 5234; baseline -0.002 -11"><span class='ocrx_word' id='word_1_498' title='bbox 382 5168 593 5224; x_wconf 85' lang='grc' dir='ltr'>υὺκοῦν</span> <span class='ocrx_word' id='word_1_499' title='bbox 616 5167 704 5219; x_wconf 84' lang='grc' dir='ltr'>διὰ</span> <span class='ocrx_word' id='word_1_500' title='bbox 733 5165 891 5222; x_wconf 87' lang='grc' dir='ltr'>τοῦτο</span> <span class='ocrx_word' id='word_1_501' title='bbox 922 5165 1118 5226; x_wconf 79' lang='grc' dir='ltr'>αὐτοὺς</span> <span class='ocrx_word' id='word_1_502' title='bbox 1146 5163 1365 5234; x_wconf 84' lang='grc' dir='ltr'>ἀγαπᾷς</span> <span class='ocrx_word' id='word_1_503' title='bbox 1395 5163 1490 5216; x_wconf 72' lang='grc' dir='ltr'>καὶ</span> <span class='ocrx_word' id='word_1_504' title='bbox 1521 5163 1715 5234; x_wconf 84' lang='grc' dir='ltr'>φιλεῖς,</span> <span class='ocrx_word' id='word_1_505' title='bbox 1751 5165 1880 5230; x_wconf 75' lang='grc' dir='ltr'>ἴσως</span> <span class='ocrx_word' id='word_1_506' title='bbox 1906 5168 2048 5226; x_wconf 80' lang='grc' dir='ltr'>εἴποι</span> 
     </span>
    </p>
   </div>
   <div class='ocr_carea' id='block_1_63' title="bbox 375 5243 2035 5323">
    <p class='ocr_par' dir='ltr' id='par_1_63' title="bbox 375 5243 2035 5323">
     <span class='ocr_line' id='line_1_63' title="bbox 375 5243 2035 5323; baseline 0.011 -35"><span class='ocrx_word' id='word_1_507' title='bbox 375 5250 537 5316; x_wconf 57' lang='lat' dir='ltr'>amb;</span> <span class='ocrx_word' id='word_1_508' title='bbox 571 5248 818 5303; x_wconf 80' lang='grc' dir='ltr'>Μάλιστα</span> <span class='ocrx_word' id='word_1_509' title='bbox 851 5248 949 5319; x_wconf 85' lang='grc' dir='ltr'>μὲν</span> <span class='ocrx_word' id='word_1_510' title='bbox 973 5243 1065 5302; x_wconf 86' lang='grc' dir='ltr'>οῦν</span> <span class='ocrx_word' id='word_1_511' title='bbox 1086 5265 1100 5279; x_wconf 93' lang='grc'><strong>·</strong></span> <span class='ocrx_word' id='word_1_512' title='bbox 1133 5249 1181 5301; x_wconf 89' lang='grc' dir='ltr'>εἰ</span> <span class='ocrx_word' id='word_1_513' title='bbox 1208 5248 1302 5301; x_wconf 79' lang='grc' dir='ltr'>καὶ</span> <span class='ocrx_word' id='word_1_514' title='bbox 1330 5246 1487 5302; x_wconf 90' lang='grc' dir='ltr'>τοῦτο</span> <span class='ocrx_word' id='word_1_515' title='bbox 1515 5249 1676 5319; x_wconf 86' lang='grc' dir='ltr'>μόνον</span> <span class='ocrx_word' id='word_1_516' title='bbox 1697 5246 1765 5322; x_wconf 85' lang='grc' dir='ltr'>ἦν</span> <span class='ocrx_word' id='word_1_517' title='bbox 1785 5293 1800 5316; x_wconf 94' lang='grc'>,</span> <span class='ocrx_word' id='word_1_518' title='bbox 1831 5253 2035 5323; x_wconf 87' lang='grc' dir='ltr'>ἀρκοῦν</span> 
     </span>
    </p>
   </div>
   <div class='ocr_carea' id='block_1_64' title="bbox 376 5326 2034 5408">
    <p class='ocr_par' dir='ltr' id='par_1_64' title="bbox 376 5326 2034 5408">
     <span class='ocr_line' id='line_1_64' title="bbox 376 5326 2034 5408; baseline 0.002 -23"><span class='ocrx_word' id='word_1_519' title='bbox 376 5329 647 5402; x_wconf 86' lang='grc' dir='ltr'>ἐγκώμιον</span> <span class='ocrx_word' id='word_1_520' title='bbox 669 5326 758 5400; x_wconf 80' lang='grc' dir='ltr'>ἦν.</span> <span class='ocrx_word' id='word_1_521' title='bbox 807 5329 865 5381; x_wconf 88' lang='lat'>&#39;0</span> <span class='ocrx_word' id='word_1_522' title='bbox 891 5329 998 5399; x_wconf 90' lang='grc' dir='ltr'>γάρ</span> <span class='ocrx_word' id='word_1_523' title='bbox 1024 5329 1114 5382; x_wconf 79' lang='grc' dir='ltr'>τὸν</span> <span class='ocrx_word' id='word_1_524' title='bbox 1140 5331 1440 5401; x_wconf 85' lang='grc' dir='ltr'>στρατηγὸν</span> <span class='ocrx_word' id='word_1_525' title='bbox 1475 5330 1684 5397; x_wconf 86' lang='grc' dir='ltr'>σώσας,</span> <span class='ocrx_word' id='word_1_526' title='bbox 1714 5335 1840 5398; x_wconf 78' lang='grc' dir='ltr'>τοὺς</span> <span class='ocrx_word' id='word_1_527' title='bbox 1869 5353 2034 5408; x_wconf 87' lang='grc' dir='ltr'>στρα-</span> 
     </span>
    </p>
   </div>
   <div class='ocr_carea' id='block_1_65' title="bbox 378 5411 2037 5484">
    <p class='ocr_par' dir='ltr' id='par_1_65' title="bbox 378 5411 2037 5484">
     <span class='ocr_line' id='line_1_65' title="bbox 378 5411 2037 5484; baseline 0.005 -18"><span class='ocrx_word' id='word_1_528' title='bbox 378 5413 576 5476; x_wconf 83' lang='grc' dir='ltr'>τιώτας</span> <span class='ocrx_word' id='word_1_529' title='bbox 619 5411 874 5466; x_wconf 80' lang='grc' dir='ltr'>διέσωσεν</span> <span class='ocrx_word' id='word_1_530' title='bbox 911 5412 976 5466; x_wconf 78' lang='grc' dir='ltr'>ἄν</span> <span class='ocrx_word' id='word_1_531' title='bbox 995 5428 1008 5442; x_wconf 93' lang='grc'><strong>·</strong></span> <span class='ocrx_word' id='word_1_532' title='bbox 1052 5414 1080 5465; x_wconf 83' lang='grc' dir='ltr'>ὁ</span> <span class='ocrx_word' id='word_1_533' title='bbox 1106 5412 1195 5466; x_wconf 81' lang='grc' dir='ltr'>τὸν</span> <span class='ocrx_word' id='word_1_534' title='bbox 1239 5413 1421 5484; x_wconf 77' lang='grc' dir='ltr'>ἰατρὸν</span> <span class='ocrx_word' id='word_1_535' title='bbox 1450 5414 1765 5482; x_wconf 81' lang='grc' dir='ltr'>ἀπαλλάξας</span> <span class='ocrx_word' id='word_1_536' title='bbox 1787 5419 1894 5473; x_wconf 89' lang='grc' dir='ltr'>τῶν</span> <span class='ocrx_word' id='word_1_537' title='bbox 1927 5438 2037 5474; x_wconf 87' lang='grc' dir='ltr'>κιν-</span> 
     </span>
    </p>
   </div>
   <div class='ocr_carea' id='block_1_66' title="bbox 374 5488 2034 5569">
    <p class='ocr_par' dir='ltr' id='par_1_66' title="bbox 374 5488 2034 5569">
     <span class='ocr_line' id='line_1_66' title="bbox 374 5488 2034 5569; baseline 0.004 -18"><span class='ocrx_word' id='word_1_538' title='bbox 374 5496 572 5560; x_wconf 89' lang='grc' dir='ltr'>δύνων,</span> <span class='ocrx_word' id='word_1_539' title='bbox 621 5497 748 5558; x_wconf 81' lang='grc' dir='ltr'>τοὺς</span> <span class='ocrx_word' id='word_1_540' title='bbox 796 5494 1100 5564; x_wconf 86' lang='grc' dir='ltr'>κάμνοντας</span> <span class='ocrx_word' id='word_1_541' title='bbox 1147 5497 1228 5558; x_wconf 87' lang='grc' dir='ltr'>εἰς</span> <span class='ocrx_word' id='word_1_542' title='bbox 1251 5496 1438 5563; x_wconf 82' lang='grc' dir='ltr'>ὑγείαν</span> <span class='ocrx_word' id='word_1_543' title='bbox 1484 5499 1857 5569; x_wconf 83' lang='grc' dir='ltr'>ἐπανήγαγεν·</span> <span class='ocrx_word' id='word_1_544' title='bbox 1886 5488 1924 5557; x_wconf 77' lang='grc' dir='ltr'>ἀ</span> <span class='ocrx_word' id='word_1_545' title='bbox 1943 5505 2034 5559; x_wconf 81' lang='grc' dir='ltr'>τὸν</span> 
     </span>
    </p>
   </div>
   <div class='ocr_carea' id='block_1_67' title="bbox 376 5576 2034 5650">
    <p class='ocr_par' dir='ltr' id='par_1_67' title="bbox 376 5576 2034 5650">
     <span class='ocr_line' id='line_1_67' title="bbox 376 5576 2034 5650; baseline 0.005 -19"><span class='ocrx_word' id='word_1_546' title='bbox 376 5580 714 5650; x_wconf 84' lang='grc' dir='ltr'>κυϐερνήτην</span> <span class='ocrx_word' id='word_1_547' title='bbox 755 5576 1063 5648; x_wconf 82' lang='grc' dir='ltr'>ἐξαρπάσας</span> <span class='ocrx_word' id='word_1_548' title='bbox 1094 5578 1188 5631; x_wconf 88' lang='grc' dir='ltr'>τοῦ</span> <span class='ocrx_word' id='word_1_549' title='bbox 1235 5579 1530 5646; x_wconf 82' lang='grc' dir='ltr'>κλύδωνος,</span> <span class='ocrx_word' id='word_1_550' title='bbox 1581 5583 1643 5635; x_wconf 81' lang='grc' dir='ltr'>τὸ</span> <span class='ocrx_word' id='word_1_551' title='bbox 1688 5586 1866 5638; x_wconf 89' lang='grc' dir='ltr'>πλοῖον</span> <span class='ocrx_word' id='word_1_552' title='bbox 1912 5587 2034 5644; x_wconf 86' lang='grc' dir='ltr'>ὅλον</span> 
     </span>
    </p>
   </div>
   <div class='ocr_carea' id='block_1_68' title="bbox 438 5695 1937 5770">
    <p class='ocr_par' dir='ltr' id='par_1_68' title="bbox 438 5695 1937 5770">
     <span class='ocr_line' id='line_1_68' title="bbox 438 5695 1937 5770; baseline 0.002 -22"><span class='ocrx_word' id='word_1_553' title='bbox 438 5701 468 5770; x_wconf 62' lang='grc' dir='ltr'><strong><em>ς</em></strong></span> <span class='ocrx_word' id='word_1_554' title='bbox 491 5700 571 5770; x_wconf 60' lang='grc' dir='ltr'>ᾓίο</span> <span class='ocrx_word' id='word_1_555' title='bbox 587 5699 785 5770; x_wconf 62' lang='grc' dir='ltr'>βοίςιὶη.</span> <span class='ocrx_word' id='word_1_556' title='bbox 810 5705 954 5770; x_wconf 60' lang='grc' dir='ltr'>ιςεειιε</span> <span class='ocrx_word' id='word_1_557' title='bbox 989 5695 1038 5748; x_wconf 79' lang='lat' dir='ltr'>In</span> <span class='ocrx_word' id='word_1_558' title='bbox 1062 5697 1229 5770; x_wconf 66' lang='grc' dir='ltr'>Ἀρι-ει.</span> <span class='ocrx_word' id='word_1_559' title='bbox 1255 5701 1416 5770; x_wconf 64' lang='grc' dir='ltr'>πριζιην</span> <span class='ocrx_word' id='word_1_560' title='bbox 1437 5704 1636 5765; x_wconf 76' lang='grc' dir='ltr'>ῥήσεως,</span> <span class='ocrx_word' id='word_1_561' title='bbox 1660 5719 1937 5770; x_wconf 73' lang='lat' dir='ltr'>perperam,</span> 
     </span>
    </p>
   </div>
   <div class='ocr_carea' id='block_1_69' title="bbox 434 5757 1387 5824">
    <p class='ocr_par' dir='ltr' id='par_1_69' title="bbox 434 5757 1387 5824">
     <span class='ocr_line' id='line_1_69' title="bbox 434 5757 1387 5824; baseline -0.002 -13"><span class='ocrx_word' id='word_1_562' title='bbox 434 5757 466 5801; x_wconf 73' lang='grc' dir='ltr'>δ</span> <span class='ocrx_word' id='word_1_563' title='bbox 489 5761 633 5811; x_wconf 73' lang='lat' dir='ltr'><strong>Forte</strong></span> <span class='ocrx_word' id='word_1_564' title='bbox 655 5762 916 5824; x_wconf 66' lang='lat' dir='ltr'>legendum</span> <span class='ocrx_word' id='word_1_565' title='bbox 935 5759 1053 5815; x_wconf 82' lang='grc' dir='ltr'>ἴσως</span> <span class='ocrx_word' id='word_1_566' title='bbox 1078 5760 1200 5808; x_wconf 80' lang='grc' dir='ltr'>εἴποι</span> <span class='ocrx_word' id='word_1_567' title='bbox 1219 5757 1387 5817; x_wconf 52' lang='lat' dir='ltr'>ma».</span> 
     </span>
    </p>
   </div>
   <div class='ocr_carea' id='block_1_70' title="bbox 1190 322 2755 396">
    <p class='ocr_par' dir='ltr' id='par_1_70' title="bbox 1190 322 2755 396">
     <span class='ocr_line' id='line_1_70' title="bbox 1190 322 2755 396; baseline 0.008 -16"><span class='ocrx_word' id='word_1_568' title='bbox 1190 322 1248 380; x_wconf 84' lang='lat'>8.</span> <span class='ocrx_word' id='word_1_569' title='bbox 1289 325 1578 386; x_wconf 74' lang='lat' dir='ltr'>JOANNIS</span> <span class='ocrx_word' id='word_1_570' title='bbox 1609 330 2104 390; x_wconf 70' lang='lat' dir='ltr'>CHRYSOSTOMI</span> <span class='ocrx_word' id='word_1_571' title='bbox 2140 333 2462 396; x_wconf 78' lang='lat' dir='ltr'>ARCHIEP.</span> <span class='ocrx_word' id='word_1_572' title='bbox 2499 338 2755 394; x_wconf 67' lang='lat' dir='ltr'>CONST!</span> 
     </span>
    </p>
   </div>
   <div class='ocr_carea' id='block_1_71' title="bbox 1480 322 3045 396">
    <p class='ocr_par' dir='ltr' id='par_1_71' title="bbox 1480 329 3045 396">
     <span class='ocr_line' id='line_1_71' title="bbox 1480 329 3045 396; baseline 0.005 -13"><span class='ocrx_word' id='word_1_573' title='bbox 1480 329 1578 386; x_wconf 62' lang='lat' dir='ltr'>HS</span> <span class='ocrx_word' id='word_1_574' title='bbox 1609 330 2104 390; x_wconf 68' lang='lat' dir='ltr'>CHRYSOSTOMI</span> <span class='ocrx_word' id='word_1_575' title='bbox 2140 333 2462 396; x_wconf 78' lang='lat' dir='ltr'>ARCHIEP.</span> <span class='ocrx_word' id='word_1_576' title='bbox 2499 337 3045 394; x_wconf 70' lang='lat' dir='ltr'>CONSTANTINOP.</span> 
     </span>
    </p>
   </div>
   <div class='ocr_carea' id='block_1_72' title="bbox 3739 338 3838 394">
    <p class='ocr_par' dir='ltr' id='par_1_72' title="bbox 3739 338 3838 394">
     <span class='ocr_line' id='line_1_72' title="bbox 3739 338 3838 394; baseline 0.04 -4"><span class='ocrx_word' id='word_1_577' title='bbox 3739 338 3838 394; x_wconf 73' lang='grc' dir='ltr'>9.οΞ</span> 
     </span>
    </p>
   </div>
   <div class='ocr_carea' id='block_1_73' title="bbox 2183 439 3839 513">
    <p class='ocr_par' dir='ltr' id='par_1_73' title="bbox 2183 439 3839 513">
     <span class='ocr_line' id='line_1_73' title="bbox 2183 439 3839 513; baseline 0.007 -20"><span class='ocrx_word' id='word_1_578' title='bbox 2183 439 2296 494; x_wconf 87' lang='grc' dir='ltr'>τῶν</span> <span class='ocrx_word' id='word_1_579' title='bbox 2336 439 2597 512; x_wconf 89' lang='grc' dir='ltr'>κυμάτων</span> <span class='ocrx_word' id='word_1_580' title='bbox 2645 441 2976 513; x_wconf 72' lang='grc' dir='ltr'>ἀπήλλαξεν⁸</span> <span class='ocrx_word' id='word_1_581' title='bbox 3001 441 3146 496; x_wconf 86' lang='grc' dir='ltr'>οῦτω</span> <span class='ocrx_word' id='word_1_582' title='bbox 3193 443 3288 498; x_wconf 76' lang='grc' dir='ltr'>καὶ</span> <span class='ocrx_word' id='word_1_583' title='bbox 3322 445 3370 499; x_wconf 91' lang='grc' dir='ltr'>οἰ</span> <span class='ocrx_word' id='word_1_584' title='bbox 3411 446 3505 500; x_wconf 65' lang='grc' dir='ltr'>τὸν</span> <span class='ocrx_word' id='word_1_585' title='bbox 3536 446 3839 505; x_wconf 82' lang='grc' dir='ltr'>διδάσκαλον</span> 
     </span>
    </p>
   </div>
   <div class='ocr_carea' id='block_1_74' title="bbox 2182 523 3838 600">
    <p class='ocr_par' dir='ltr' id='par_1_74' title="bbox 2182 523 3838 600">
     <span class='ocr_line' id='line_1_74' title="bbox 2182 523 3838 600; baseline 0.004 -22"><span class='ocrx_word' id='word_1_586' title='bbox 2182 526 2282 596; x_wconf 83' lang='grc' dir='ltr'>τῆς</span> <span class='ocrx_word' id='word_1_587' title='bbox 2333 525 2658 598; x_wconf 73' lang='grc' dir='ltr'>οἰκουμένης</span> <span class='ocrx_word' id='word_1_588' title='bbox 2707 526 3100 592; x_wconf 85' lang='grc' dir='ltr'>διασώσαντες,</span> <span class='ocrx_word' id='word_1_589' title='bbox 3133 529 3228 580; x_wconf 77' lang='grc' dir='ltr'>καὶ</span> <span class='ocrx_word' id='word_1_590' title='bbox 3273 529 3336 582; x_wconf 80' lang='grc' dir='ltr'>τὸ</span> <span class='ocrx_word' id='word_1_591' title='bbox 3373 523 3518 600; x_wconf 74' lang='grc' dir='ltr'>αἷμα</span> <span class='ocrx_word' id='word_1_592' title='bbox 3552 531 3614 584; x_wconf 82' lang='grc' dir='ltr'>τὸ</span> <span class='ocrx_word' id='word_1_593' title='bbox 3647 532 3838 586; x_wconf 78' lang='grc' dir='ltr'>ἑαυτῶν</span> 
     </span>
    </p>
   </div>
   <div class='ocr_carea' id='block_1_75' title="bbox 2181 607 3837 682">
    <p class='ocr_par' dir='ltr' id='par_1_75' title="bbox 2181 607 3837 682">
     <span class='ocr_line' id='line_1_75' title="bbox 2181 607 3837 682; baseline 0.005 -21"><span class='ocrx_word' id='word_1_594' title='bbox 2181 607 2472 677; x_wconf 81' lang='grc' dir='ltr'>ἐκχέαντες</span> <span class='ocrx_word' id='word_1_595' title='bbox 2497 608 2641 679; x_wconf 77' lang='grc' dir='ltr'>ὑπὲρ</span> <span class='ocrx_word' id='word_1_596' title='bbox 2671 609 2771 679; x_wconf 82' lang='grc' dir='ltr'>τῆς</span> <span class='ocrx_word' id='word_1_597' title='bbox 2800 609 3010 663; x_wconf 78' lang='grc' dir='ltr'>ἐκείνου</span> <span class='ocrx_word' id='word_1_598' title='bbox 3040 611 3331 682; x_wconf 86' lang='grc' dir='ltr'>σωτηρίας,</span> <span class='ocrx_word' id='word_1_599' title='bbox 3359 613 3531 666; x_wconf 75' lang='grc' dir='ltr'>κοινοὶ</span> <span class='ocrx_word' id='word_1_600' title='bbox 3551 613 3652 682; x_wconf 84' lang='grc' dir='ltr'>τῆς</span> <span class='ocrx_word' id='word_1_601' title='bbox 3672 617 3837 668; x_wconf 81' lang='grc' dir='ltr'>οἱκουο</span> 
     </span>
    </p>
   </div>
   <div class='ocr_carea' id='block_1_76' title="bbox 2183 685 3837 769">
    <p class='ocr_par' dir='ltr' id='par_1_76' title="bbox 2183 685 3837 769">
     <span class='ocr_line' id='line_1_76' title="bbox 2183 685 3837 769; baseline 0.005 -27"><span class='ocrx_word' id='word_1_602' title='bbox 2183 688 2351 760; x_wconf 88' lang='grc' dir='ltr'>μένης</span> <span class='ocrx_word' id='word_1_603' title='bbox 2386 685 2526 761; x_wconf 74' lang='grc' dir='ltr'>ἦσαν</span> <span class='ocrx_word' id='word_1_604' title='bbox 2563 691 2848 762; x_wconf 89' lang='grc' dir='ltr'>εὐεργέται</span> <span class='ocrx_word' id='word_1_605' title='bbox 2869 732 2886 756; x_wconf 94' lang='grc'>,</span> <span class='ocrx_word' id='word_1_606' title='bbox 2915 693 2974 746; x_wconf 92' lang='grc' dir='ltr'>ἐν</span> <span class='ocrx_word' id='word_1_607' title='bbox 2993 695 3060 763; x_wconf 77' lang='grc' dir='ltr'>τῇ</span> <span class='ocrx_word' id='word_1_608' title='bbox 3097 694 3225 763; x_wconf 74' lang='grc' dir='ltr'>περὶ</span> <span class='ocrx_word' id='word_1_609' title='bbox 3259 693 3354 747; x_wconf 82' lang='grc' dir='ltr'>τὸν</span> <span class='ocrx_word' id='word_1_610' title='bbox 3373 693 3690 749; x_wconf 85' lang='grc' dir='ltr'>διδάσκαλον</span> <span class='ocrx_word' id='word_1_611' title='bbox 3715 715 3837 769; x_wconf 84' lang='grc' dir='ltr'>προ-</span> 
     </span>
    </p>
   </div>
   <div class='ocr_carea' id='block_1_77' title="bbox 2180 774 3836 846">
    <p class='ocr_par' dir='ltr' id='par_1_77' title="bbox 2180 774 3836 846">
     <span class='ocr_line' id='line_1_77' title="bbox 2180 774 3836 846; baseline 0.005 -20"><span class='ocrx_word' id='word_1_612' title='bbox 2180 774 2300 844; x_wconf 68' lang='grc' dir='ltr'>νοίᾳ.</span> <span class='ocrx_word' id='word_1_613' title='bbox 2349 775 2477 838; x_wconf 77' lang='grc' dir='ltr'>τοὺς</span> <span class='ocrx_word' id='word_1_614' title='bbox 2542 775 2791 846; x_wconf 84' lang='grc' dir='ltr'>μαθητὰς</span> <span class='ocrx_word' id='word_1_615' title='bbox 2859 775 3105 840; x_wconf 74' lang='grc' dir='ltr'>ἅπαντας</span> <span class='ocrx_word' id='word_1_616' title='bbox 3159 775 3544 840; x_wconf 83' lang='grc' dir='ltr'>διασώσαντες.</span> <span class='ocrx_word' id='word_1_617' title='bbox 3596 778 3715 834; x_wconf 84' lang='grc' dir='ltr'>Ἵνα</span> <span class='ocrx_word' id='word_1_618' title='bbox 3786 781 3836 834; x_wconf 76' lang='grc' dir='ltr'>δέ</span> 
     </span>
    </p>
   </div>
   <div class='ocr_carea' id='block_1_78' title="bbox 2182 856 3834 932">
    <p class='ocr_par' dir='ltr' id='par_1_78' title="bbox 2182 856 3834 932">
     <span class='ocr_line' id='line_1_78' title="bbox 2182 856 3834 932; baseline 0.003 -22"><span class='ocrx_word' id='word_1_619' title='bbox 2182 859 2360 931; x_wconf 82' lang='grc' dir='ltr'>μάθῃς</span> <span class='ocrx_word' id='word_1_620' title='bbox 2379 898 2395 923; x_wconf 91' lang='grc'>,</span> <span class='ocrx_word' id='word_1_621' title='bbox 2427 861 2509 914; x_wconf 82' lang='grc' dir='ltr'>ὅτι</span> <span class='ocrx_word' id='word_1_622' title='bbox 2537 861 2596 913; x_wconf 90' lang='grc' dir='ltr'>οὑ</span> <span class='ocrx_word' id='word_1_623' title='bbox 2631 861 2760 931; x_wconf 83' lang='grc' dir='ltr'>περί</span> <span class='ocrx_word' id='word_1_624' title='bbox 2789 858 2884 913; x_wconf 85' lang='grc' dir='ltr'>τδν</span> <span class='ocrx_word' id='word_1_625' title='bbox 2910 859 3226 914; x_wconf 88' lang='grc' dir='ltr'>διδάσκαλον</span> <span class='ocrx_word' id='word_1_626' title='bbox 3253 856 3393 931; x_wconf 75' lang='grc' dir='ltr'>ἦσαν</span> <span class='ocrx_word' id='word_1_627' title='bbox 3415 860 3645 914; x_wconf 89' lang='grc' dir='ltr'>τοιοῦτο.</span> <span class='ocrx_word' id='word_1_628' title='bbox 3669 864 3834 932; x_wconf 79' lang='grc' dir='ltr'>μόνον,</span> 
     </span>
    </p>
   </div>
   <div class='ocr_carea' id='block_1_79' title="bbox 2177 941 3836 1015">
    <p class='ocr_par' dir='ltr' id='par_1_79' title="bbox 2177 941 3836 1015">
     <span class='ocr_line' id='line_1_79' title="bbox 2177 941 3836 1015; baseline 0.004 -22"><span class='ocrx_word' id='word_1_629' title='bbox 2177 941 2312 994; x_wconf 85' lang='grc' dir='ltr'>ἀλλά</span> <span class='ocrx_word' id='word_1_630' title='bbox 2349 941 2442 994; x_wconf 74' lang='grc' dir='ltr'>καὶ</span> <span class='ocrx_word' id='word_1_631' title='bbox 2494 941 2621 1014; x_wconf 80' lang='grc' dir='ltr'>περὶ</span> <span class='ocrx_word' id='word_1_632' title='bbox 2661 941 2771 995; x_wconf 88' lang='grc' dir='ltr'>τῶν</span> <span class='ocrx_word' id='word_1_633' title='bbox 2821 941 3063 1011; x_wconf 72' lang='grc' dir='ltr'>ἀδελφῶν</span> <span class='ocrx_word' id='word_1_634' title='bbox 3113 943 3212 1012; x_wconf 79' lang='grc' dir='ltr'>τὴν</span> <span class='ocrx_word' id='word_1_635' title='bbox 3258 944 3429 1015; x_wconf 77' lang='grc' dir='ltr'>αὐτὴν</span> <span class='ocrx_word' id='word_1_636' title='bbox 3473 944 3836 1000; x_wconf 82' lang='grc' dir='ltr'>ἐπεδείκνυντο</span> 
     </span>
    </p>
   </div>
   <div class='ocr_carea' id='block_1_80' title="bbox 2176 1023 3835 1096">
    <p class='ocr_par' dir='ltr' id='par_1_80' title="bbox 2176 1023 3835 1096">
     <span class='ocr_line' id='line_1_80' title="bbox 2176 1023 3835 1096; baseline 0.002 -20"><span class='ocrx_word' id='word_1_637' title='bbox 2176 1023 2434 1094; x_wconf 83' lang='grc' dir='ltr'>πρόνοιαν</span> <span class='ocrx_word' id='word_1_638' title='bbox 2452 1065 2467 1089; x_wconf 93' lang='grc'>,</span> <span class='ocrx_word' id='word_1_639' title='bbox 2497 1025 2728 1079; x_wconf 76' lang='grc' dir='ltr'>ἄκουσον</span> <span class='ocrx_word' id='word_1_640' title='bbox 2758 1024 2868 1078; x_wconf 85' lang='grc' dir='ltr'>τῶν</span> <span class='ocrx_word' id='word_1_641' title='bbox 2893 1024 3041 1094; x_wconf 76' lang='grc' dir='ltr'>ἐξῆς.</span> <span class='ocrx_word' id='word_1_642' title='bbox 3068 1024 3251 1078; x_wconf 86' lang='grc' dir='ltr'>Εἰπὼν</span> <span class='ocrx_word' id='word_1_643' title='bbox 3277 1025 3408 1096; x_wconf 73' lang='grc' dir='ltr'>γάρ,</span> <span class='ocrx_word' id='word_1_644' title='bbox 3441 1029 3670 1094; x_wconf 85' lang='grc' dir='ltr'>Οἵτινες</span> <span class='ocrx_word' id='word_1_645' title='bbox 3699 1029 3835 1096; x_wconf 76' lang='grc' dir='ltr'>ὑπὲρ</span> 
     </span>
    </p>
   </div>
   <div class='ocr_carea' id='block_1_81' title="bbox 2173 1105 3833 1178">
    <p class='ocr_par' dir='ltr' id='par_1_81' title="bbox 2173 1105 3833 1178">
     <span class='ocr_line' id='line_1_81' title="bbox 2173 1105 3833 1178; baseline 0.002 -18"><span class='ocrx_word' id='word_1_646' title='bbox 2173 1107 2285 1175; x_wconf 82' lang='grc' dir='ltr'>τῆς</span> <span class='ocrx_word' id='word_1_647' title='bbox 2330 1107 2539 1178; x_wconf 71' lang='grc' dir='ltr'>ψυχῆς</span> <span class='ocrx_word' id='word_1_648' title='bbox 2573 1126 2694 1178; x_wconf 88' lang='grc' dir='ltr'>μου</span> <span class='ocrx_word' id='word_1_649' title='bbox 2745 1108 2854 1162; x_wconf 84' lang='grc' dir='ltr'>τὸν</span> <span class='ocrx_word' id='word_1_650' title='bbox 2880 1105 3110 1162; x_wconf 73' lang='grc' dir='ltr'>ἑαυτῶν</span> <span class='ocrx_word' id='word_1_651' title='bbox 3154 1108 3463 1177; x_wconf 76' lang='grc' dir='ltr'>τράχηλον</span> <span class='ocrx_word' id='word_1_652' title='bbox 3509 1111 3833 1178; x_wconf 78' lang='grc' dir='ltr'>ὑπέθηκαν,</span> 
     </span>
    </p>
   </div>
   <div class='ocr_carea' id='block_1_82' title="bbox 2173 1185 3834 1261">
    <p class='ocr_par' dir='ltr' id='par_1_82' title="bbox 2173 1185 3834 1261">
     <span class='ocr_line' id='line_1_82' title="bbox 2173 1185 3834 1261; baseline 0.004 -18"><span class='ocrx_word' id='word_1_653' title='bbox 2173 1191 2418 1261; x_wconf 83' lang='grc' dir='ltr'>ἐπήγαγε</span> <span class='ocrx_word' id='word_1_654' title='bbox 2451 1191 2625 1260; x_wconf 86' lang='grc' dir='ltr'>λέγων</span> <span class='ocrx_word' id='word_1_655' title='bbox 2647 1208 2658 1220; x_wconf 93' lang='grc'><strong>·</strong></span> <span class='ocrx_word' id='word_1_656' title='bbox 2687 1185 2788 1257; x_wconf 81' lang='grc' dir='ltr'>Οἷς</span> <span class='ocrx_word' id='word_1_657' title='bbox 2815 1192 2926 1245; x_wconf 74' lang='grc' dir='ltr'>οὐκ</span> <span class='ocrx_word' id='word_1_658' title='bbox 2946 1190 3061 1260; x_wconf 74' lang='grc' dir='ltr'>ἐγὼ</span> <span class='ocrx_word' id='word_1_659' title='bbox 3087 1192 3276 1260; x_wconf 87' lang='grc' dir='ltr'>μόνος</span> <span class='ocrx_word' id='word_1_660' title='bbox 3303 1191 3664 1260; x_wconf 83' lang='grc' dir='ltr'>εὐχαριστῶ.</span> <span class='ocrx_word' id='word_1_661' title='bbox 3686 1195 3834 1249; x_wconf 69' lang='grc' dir='ltr'>ἀλλὰ</span> 
     </span>
    </p>
   </div>
   <div class='ocr_carea' id='block_1_83' title="bbox 2172 1273 3830 1346">
    <p class='ocr_par' dir='ltr' id='par_1_83' title="bbox 2172 1273 3830 1346">
     <span class='ocr_line' id='line_1_83' title="bbox 2172 1273 3830 1346; baseline 0.001 -18"><span class='ocrx_word' id='word_1_662' title='bbox 2172 1275 2269 1328; x_wconf 78' lang='grc' dir='ltr'>καὶ</span> <span class='ocrx_word' id='word_1_663' title='bbox 2303 1273 2493 1329; x_wconf 81' lang='grc' dir='ltr'>πᾶσαι</span> <span class='ocrx_word' id='word_1_664' title='bbox 2511 1277 2571 1328; x_wconf 84' lang='grc' dir='ltr'>αἰ</span> <span class='ocrx_word' id='word_1_665' title='bbox 2613 1274 2957 1342; x_wconf 78' lang='grc' dir='ltr'>Ἐκκλησίαι</span> <span class='ocrx_word' id='word_1_666' title='bbox 2981 1273 3101 1327; x_wconf 84' lang='grc' dir='ltr'>τῶν</span> <span class='ocrx_word' id='word_1_667' title='bbox 3130 1273 3342 1328; x_wconf 79' lang='grc' dir='ltr'>ἐθνῶν.</span> <span class='ocrx_word' id='word_1_668' title='bbox 3364 1273 3512 1346; x_wconf 77' lang='grc'>[187]</span> <span class='ocrx_word' id='word_1_669' title='bbox 3544 1276 3610 1327; x_wconf 86' lang='grc' dir='ltr'>Τί</span> <span class='ocrx_word' id='word_1_670' title='bbox 3632 1275 3830 1344; x_wconf 84' lang='grc' dir='ltr'>λέγεις;</span> 
     </span>
    </p>
   </div>
   <div class='ocr_carea' id='block_1_84' title="bbox 2173 1359 3833 1430">
    <p class='ocr_par' dir='ltr' id='par_1_84' title="bbox 2173 1359 3833 1430">
     <span class='ocr_line' id='line_1_84' title="bbox 2173 1359 3833 1430; baseline 0.003 -20"><span class='ocrx_word' id='word_1_671' title='bbox 2173 1360 2535 1429; x_wconf 86' lang='grc' dir='ltr'>σκηνοποιοῖς,</span> <span class='ocrx_word' id='word_1_672' title='bbox 2554 1361 2790 1430; x_wconf 82' lang='grc' dir='ltr'>πτωχοῖς</span> <span class='ocrx_word' id='word_1_673' title='bbox 2804 1359 3188 1429; x_wconf 87' lang='grc' dir='ltr'>χειροτέχναις,</span> <span class='ocrx_word' id='word_1_674' title='bbox 3212 1359 3362 1412; x_wconf 83' lang='grc' dir='ltr'>οὐδὲν</span> <span class='ocrx_word' id='word_1_675' title='bbox 3381 1359 3542 1412; x_wconf 85' lang='grc' dir='ltr'>πλέον</span> <span class='ocrx_word' id='word_1_676' title='bbox 3555 1359 3659 1429; x_wconf 87' lang='grc' dir='ltr'>τῆς</span> <span class='ocrx_word' id='word_1_677' title='bbox 3680 1362 3833 1429; x_wconf 85' lang='grc' dir='ltr'>ἀναγ-</span> 
     </span>
    </p>
   </div>
   <div class='ocr_carea' id='block_1_85' title="bbox 2171 1441 3833 1514">
    <p class='ocr_par' dir='ltr' id='par_1_85' title="bbox 2171 1441 3833 1514">
     <span class='ocr_line' id='line_1_85' title="bbox 2171 1441 3833 1514; baseline 0.001 -20"><span class='ocrx_word' id='word_1_678' title='bbox 2171 1441 2332 1505; x_wconf 91' lang='grc' dir='ltr'>καίας</span> <span class='ocrx_word' id='word_1_679' title='bbox 2363 1441 2544 1511; x_wconf 77' lang='grc' dir='ltr'>ῐχουσι</span> <span class='ocrx_word' id='word_1_680' title='bbox 2583 1443 2818 1514; x_wconf 79' lang='grc' dir='ltr'>τροφῆς,</span> <span class='ocrx_word' id='word_1_681' title='bbox 2861 1443 3034 1494; x_wconf 82' lang='grc' dir='ltr'>πᾶσαι</span> <span class='ocrx_word' id='word_1_682' title='bbox 3082 1443 3139 1494; x_wconf 88' lang='grc' dir='ltr'>αἰ</span> <span class='ocrx_word' id='word_1_683' title='bbox 3186 1441 3501 1511; x_wconf 83' lang='grc' dir='ltr'>Ἐκκλησίαι</span> <span class='ocrx_word' id='word_1_684' title='bbox 3533 1443 3646 1494; x_wconf 88' lang='grc' dir='ltr'>τῶν</span> <span class='ocrx_word' id='word_1_685' title='bbox 3679 1444 3833 1496; x_wconf 78' lang='grc' dir='ltr'>ἐθνῶν</span> 
     </span>
    </p>
   </div>
   <div class='ocr_carea' id='block_1_86' title="bbox 2170 1517 3832 1597">
    <p class='ocr_par' dir='ltr' id='par_1_86' title="bbox 2170 1517 3832 1597">
     <span class='ocr_line' id='line_1_86' title="bbox 2170 1517 3832 1597; baseline 0.001 -19"><span class='ocrx_word' id='word_1_686' title='bbox 2170 1524 2582 1595; x_wconf 85' lang='grc' dir='ltr'>εὐχαριστοῦσι;</span> <span class='ocrx_word' id='word_1_687' title='bbox 2623 1525 2720 1578; x_wconf 70' lang='grc' dir='ltr'>καὶ</span> <span class='ocrx_word' id='word_1_688' title='bbox 2748 1525 2802 1577; x_wconf 88' lang='grc' dir='ltr'>τί</span> <span class='ocrx_word' id='word_1_689' title='bbox 2845 1523 3098 1578; x_wconf 88' lang='grc' dir='ltr'>τοσοῦτον</span> <span class='ocrx_word' id='word_1_690' title='bbox 3125 1525 3174 1578; x_wconf 85' lang='grc' dir='ltr'>οἰ</span> <span class='ocrx_word' id='word_1_691' title='bbox 3200 1524 3294 1578; x_wconf 87' lang='grc' dir='ltr'>δύο</span> <span class='ocrx_word' id='word_1_692' title='bbox 3329 1517 3477 1578; x_wconf 75' lang='grc' dir='ltr'>οὑτοι</span> <span class='ocrx_word' id='word_1_693' title='bbox 3515 1526 3832 1597; x_wconf 75' lang='grc' dir='ltr'>Ἐκκλησίας</span> 
     </span>
    </p>
   </div>
   <div class='ocr_carea' id='block_1_87' title="bbox 2166 1607 3832 1680">
    <p class='ocr_par' dir='ltr' id='par_1_87' title="bbox 2166 1607 3832 1680">
     <span class='ocr_line' id='line_1_87' title="bbox 2166 1607 3832 1680; baseline -0.002 -18"><span class='ocrx_word' id='word_1_694' title='bbox 2166 1609 2434 1671; x_wconf 83' lang='grc' dir='ltr'>τοσαύτας</span> <span class='ocrx_word' id='word_1_695' title='bbox 2459 1607 2733 1678; x_wconf 75' lang='grc' dir='ltr'>ὠφελῆσαι</span> <span class='ocrx_word' id='word_1_696' title='bbox 2766 1609 3024 1677; x_wconf 80' lang='grc' dir='ltr'>ίσχυσαν;</span> <span class='ocrx_word' id='word_1_697' title='bbox 3060 1607 3218 1662; x_wconf 91' lang='grc' dir='ltr'>ποίαν</span> <span class='ocrx_word' id='word_1_698' title='bbox 3241 1609 3538 1680; x_wconf 87' lang='grc' dir='ltr'>χρημάτων</span> <span class='ocrx_word' id='word_1_699' title='bbox 3571 1607 3720 1679; x_wconf 77' lang='grc' dir='ltr'>εἶχον</span> <span class='ocrx_word' id='word_1_700' title='bbox 3741 1626 3832 1660; x_wconf 85' lang='grc' dir='ltr'>πε-</span> 
     </span>
    </p>
   </div>
   <div class='ocr_carea' id='block_1_88' title="bbox 2169 1690 3830 1762">
    <p class='ocr_par' dir='ltr' id='par_1_88' title="bbox 2169 1690 3830 1762">
     <span class='ocr_line' id='line_1_88' title="bbox 2169 1690 3830 1762; baseline -0.001 -19"><span class='ocrx_word' id='word_1_701' title='bbox 2169 1691 2450 1762; x_wconf 84' lang='grc' dir='ltr'>ριουσίαν;</span> <span class='ocrx_word' id='word_1_702' title='bbox 2476 1694 2625 1744; x_wconf 87' lang='grc' dir='ltr'>ποῖον</span> <span class='ocrx_word' id='word_1_703' title='bbox 2649 1690 2969 1754; x_wconf 86' lang='grc' dir='ltr'>δυναστείας</span> <span class='ocrx_word' id='word_1_704' title='bbox 3001 1690 3262 1761; x_wconf 80' lang='grc' dir='ltr'>μέγεθοςς</span> <span class='ocrx_word' id='word_1_705' title='bbox 3289 1693 3411 1746; x_wconf 83' lang='grc' dir='ltr'>τίνα</span> <span class='ocrx_word' id='word_1_706' title='bbox 3442 1691 3594 1761; x_wconf 85' lang='grc' dir='ltr'>παρά</span> <span class='ocrx_word' id='word_1_707' title='bbox 3616 1692 3830 1762; x_wconf 78' lang='grc' dir='ltr'>ἄρχουσι</span> 
     </span>
    </p>
   </div>
   <div class='ocr_carea' id='block_1_89' title="bbox 2168 1774 3830 1846">
    <p class='ocr_par' dir='ltr' id='par_1_89' title="bbox 2168 1774 3830 1846">
     <span class='ocr_line' id='line_1_89' title="bbox 2168 1774 3830 1846; baseline -0.004 -18"><span class='ocrx_word' id='word_1_708' title='bbox 2168 1774 2516 1846; x_wconf 75' lang='grc' dir='ltr'>παρῤησίανς</span> <span class='ocrx_word' id='word_1_709' title='bbox 2562 1775 2876 1844; x_wconf 85' lang='grc' dir='ltr'>Χρημάτων</span> <span class='ocrx_word' id='word_1_710' title='bbox 2908 1774 3008 1844; x_wconf 82' lang='grc' dir='ltr'>μὲν</span> <span class='ocrx_word' id='word_1_711' title='bbox 3051 1775 3367 1846; x_wconf 83' lang='grc' dir='ltr'>περιουσίαν</span> <span class='ocrx_word' id='word_1_712' title='bbox 3397 1777 3491 1829; x_wconf 80' lang='grc' dir='ltr'>καὶ</span> <span class='ocrx_word' id='word_1_713' title='bbox 3523 1774 3830 1828; x_wconf 83' lang='grc' dir='ltr'>δυναστείαν</span> 
     </span>
    </p>
   </div>
   <div class='ocr_carea' id='block_1_90' title="bbox 2167 1857 3830 1930">
    <p class='ocr_par' dir='ltr' id='par_1_90' title="bbox 2167 1857 3830 1930">
     <span class='ocr_line' id='line_1_90' title="bbox 2167 1857 3830 1930; baseline 0 -19"><span class='ocrx_word' id='word_1_714' title='bbox 2167 1861 2318 1930; x_wconf 84' lang='grc' dir='ltr'>παρά</span> <span class='ocrx_word' id='word_1_715' title='bbox 2354 1861 2465 1921; x_wconf 83' lang='grc' dir='ltr'>τοῖς</span> <span class='ocrx_word' id='word_1_716' title='bbox 2499 1857 2792 1929; x_wconf 89' lang='grc' dir='ltr'>κρατοῦσιν</span> <span class='ocrx_word' id='word_1_717' title='bbox 2814 1858 2914 1912; x_wconf 83' lang='grc' dir='ltr'>οὐκ</span> <span class='ocrx_word' id='word_1_718' title='bbox 2947 1859 3260 1928; x_wconf 85' lang='grc' dir='ltr'>ἐκέκτηντο·</span> <span class='ocrx_word' id='word_1_719' title='bbox 3295 1859 3323 1912; x_wconf 82' lang='grc' dir='ltr'><strong>ὃ</strong></span> <span class='ocrx_word' id='word_1_720' title='bbox 3353 1859 3409 1912; x_wconf 89' lang='grc' dir='ltr'>δέ</span> <span class='ocrx_word' id='word_1_721' title='bbox 3432 1859 3639 1912; x_wconf 87' lang='grc' dir='ltr'>τούτων</span> <span class='ocrx_word' id='word_1_722' title='bbox 3671 1859 3830 1912; x_wconf 79' lang='grc' dir='ltr'>ἁπάν-</span> 
     </span>
    </p>
   </div>
   <div class='ocr_carea' id='block_1_91' title="bbox 2164 1938 3829 2013">
    <p class='ocr_par' dir='ltr' id='par_1_91' title="bbox 2164 1938 3829 2013">
     <span class='ocr_line' id='line_1_91' title="bbox 2164 1938 3829 2013; baseline -0.002 -17"><span class='ocrx_word' id='word_1_723' title='bbox 2164 1960 2274 1996; x_wconf 88' lang='grc' dir='ltr'>των</span> <span class='ocrx_word' id='word_1_724' title='bbox 2321 1943 2505 2013; x_wconf 75' lang='grc' dir='ltr'>μεῖζον</span> <span class='ocrx_word' id='word_1_725' title='bbox 2545 1938 2634 2012; x_wconf 80' lang='grc' dir='ltr'>ἦν,</span> <span class='ocrx_word' id='word_1_726' title='bbox 2680 1941 2990 2013; x_wconf 85' lang='grc' dir='ltr'>προθυμίαν</span> <span class='ocrx_word' id='word_1_727' title='bbox 3031 1943 3286 2011; x_wconf 83' lang='grc' dir='ltr'>γενναίαν</span> <span class='ocrx_word' id='word_1_728' title='bbox 3340 1943 3433 1995; x_wconf 74' lang='grc' dir='ltr'>καὶ</span> <span class='ocrx_word' id='word_1_729' title='bbox 3483 1941 3665 2012; x_wconf 67' lang='grc' dir='ltr'>ψυχὴν</span> <span class='ocrx_word' id='word_1_730' title='bbox 3707 1941 3829 2010; x_wconf 73' lang='grc' dir='ltr'>πρὸς</span> 
     </span>
    </p>
   </div>
   <div class='ocr_carea' id='block_1_92' title="bbox 2164 2023 3828 2096">
    <p class='ocr_par' dir='ltr' id='par_1_92' title="bbox 2164 2023 3828 2096">
     <span class='ocr_line' id='line_1_92' title="bbox 2164 2023 3828 2096; baseline -0.004 -16"><span class='ocrx_word' id='word_1_731' title='bbox 2164 2025 2441 2090; x_wconf 88' lang='grc' dir='ltr'>κινδύνους</span> <span class='ocrx_word' id='word_1_732' title='bbox 2467 2025 2955 2096; x_wconf 88' lang='grc' dir='ltr'>παρατεταγμένην</span> <span class='ocrx_word' id='word_1_733' title='bbox 2984 2024 3124 2096; x_wconf 86' lang='grc' dir='ltr'>μετά</span> <span class='ocrx_word' id='word_1_734' title='bbox 3153 2025 3351 2096; x_wconf 82' lang='grc' dir='ltr'>πολλῆς</span> <span class='ocrx_word' id='word_1_735' title='bbox 3388 2025 3485 2094; x_wconf 88' lang='grc' dir='ltr'>τῆς</span> <span class='ocrx_word' id='word_1_736' title='bbox 3515 2023 3828 2093; x_wconf 84' lang='grc' dir='ltr'>περιουσίας</span> 
     </span>
    </p>
   </div>
   <div class='ocr_carea' id='block_1_93' title="bbox 2164 2105 3826 2180">
    <p class='ocr_par' dir='ltr' id='par_1_93' title="bbox 2164 2105 3826 2180">
     <span class='ocr_line' id='line_1_93' title="bbox 2164 2105 3826 2180; baseline -0.003 -18"><span class='ocrx_word' id='word_1_737' title='bbox 2164 2105 2328 2180; x_wconf 79' lang='grc' dir='ltr'>εἶχον.</span> <span class='ocrx_word' id='word_1_738' title='bbox 2353 2109 2451 2163; x_wconf 89' lang='grc' dir='ltr'>Διά</span> <span class='ocrx_word' id='word_1_739' title='bbox 2462 2108 2621 2162; x_wconf 84' lang='grc' dir='ltr'>τοῦτο</span> <span class='ocrx_word' id='word_1_740' title='bbox 2647 2107 2855 2162; x_wconf 87' lang='grc' dir='ltr'>πολλῶν</span> <span class='ocrx_word' id='word_1_741' title='bbox 2878 2108 3163 2179; x_wconf 83' lang='grc' dir='ltr'>εὐεργέται</span> <span class='ocrx_word' id='word_1_742' title='bbox 3187 2108 3430 2175; x_wconf 87' lang='grc' dir='ltr'>ἐγένοντο</span> <span class='ocrx_word' id='word_1_743' title='bbox 3453 2107 3548 2160; x_wconf 73' lang='grc' dir='ltr'>καὶ</span> <span class='ocrx_word' id='word_1_744' title='bbox 3573 2109 3826 2176; x_wconf 84' lang='grc' dir='ltr'>σωτῆρες.</span> 
     </span>
    </p>
   </div>
   <div class='ocr_carea' id='block_1_94' title="bbox 2164 2191 3828 2268">
    <p class='ocr_par' dir='ltr' id='par_1_94' title="bbox 2164 2191 3828 2268">
     <span class='ocr_line' id='line_1_94' title="bbox 2164 2191 3828 2268; baseline -0.005 -17"><span class='ocrx_word' id='word_1_745' title='bbox 2164 2198 2238 2251; x_wconf 90' lang='grc' dir='ltr'>Οὐ</span> <span class='ocrx_word' id='word_1_746' title='bbox 2261 2196 2369 2268; x_wconf 79' lang='grc' dir='ltr'>γὰρ</span> <span class='ocrx_word' id='word_1_747' title='bbox 2402 2197 2573 2260; x_wconf 82' lang='grc' dir='ltr'>οὑτως</span> <span class='ocrx_word' id='word_1_748' title='bbox 2602 2197 2652 2250; x_wconf 89' lang='grc' dir='ltr'>οἰ</span> <span class='ocrx_word' id='word_1_749' title='bbox 2680 2195 3035 2257; x_wconf 82' lang='grc' dir='ltr'>πλουτοῦντες</span> <span class='ocrx_word' id='word_1_750' title='bbox 3067 2195 3161 2248; x_wconf 75' lang='grc' dir='ltr'>καὶ</span> <span class='ocrx_word' id='word_1_751' title='bbox 3181 2193 3461 2264; x_wconf 73' lang='grc' dir='ltr'>ψοφοδεεῖς</span> <span class='ocrx_word' id='word_1_752' title='bbox 3493 2194 3568 2257; x_wconf 84' lang='grc' dir='ltr'>ὡς</span> <span class='ocrx_word' id='word_1_753' title='bbox 3596 2195 3646 2245; x_wconf 84' lang='grc' dir='ltr'>οἱ</span> <span class='ocrx_word' id='word_1_754' title='bbox 3678 2191 3828 2262; x_wconf 74' lang='grc' dir='ltr'>πενία</span> 
     </span>
    </p>
   </div>
   <div class='ocr_carea' id='block_1_95' title="bbox 2164 2278 3827 2354">
    <p class='ocr_par' dir='ltr' id='par_1_95' title="bbox 2164 2278 3827 2354">
     <span class='ocr_line' id='line_1_95' title="bbox 2164 2278 3827 2354; baseline -0.004 -16"><span class='ocrx_word' id='word_1_755' title='bbox 2164 2284 2434 2349; x_wconf 75' lang='grc' dir='ltr'>συζῶντες</span> <span class='ocrx_word' id='word_1_756' title='bbox 2456 2285 2550 2337; x_wconf 69' lang='grc' dir='ltr'>καὶ</span> <span class='ocrx_word' id='word_1_757' title='bbox 2585 2283 2950 2354; x_wconf 79' lang='grc' dir='ltr'>μεγαλόψυχοι</span> <span class='ocrx_word' id='word_1_758' title='bbox 2989 2282 3088 2346; x_wconf 81' lang='grc' dir='ltr'>τάς</span> <span class='ocrx_word' id='word_1_759' title='bbox 3131 2281 3459 2352; x_wconf 85' lang='grc' dir='ltr'>Ἐκκλησίας</span> <span class='ocrx_word' id='word_1_760' title='bbox 3485 2280 3718 2349; x_wconf 82' lang='grc' dir='ltr'>ὠφελεῖν</span> <span class='ocrx_word' id='word_1_761' title='bbox 3742 2278 3827 2331; x_wconf 75' lang='grc' dir='ltr'>δύο</span> 
     </span>
    </p>
   </div>
   <div class='ocr_carea' id='block_1_96' title="bbox 2162 2365 3826 2442">
    <p class='ocr_par' dir='ltr' id='par_1_96' title="bbox 2162 2365 3826 2442">
     <span class='ocr_line' id='line_1_96' title="bbox 2162 2365 3826 2442; baseline -0.005 -16"><span class='ocrx_word' id='word_1_762' title='bbox 2162 2373 2331 2426; x_wconf 81' lang='grc' dir='ltr'>ναιντ’</span> <span class='ocrx_word' id='word_1_763' title='bbox 2372 2372 2456 2427; x_wconf 81' lang='grc' dir='ltr'>ἀν.</span> <span class='ocrx_word' id='word_1_764' title='bbox 2490 2371 2600 2424; x_wconf 82' lang='lat' dir='ltr'><strong><em>Kal</em></strong></span> <span class='ocrx_word' id='word_1_765' title='bbox 2633 2371 2820 2442; x_wconf 72' lang='grc' dir='ltr'>μηδεὶς</span> <span class='ocrx_word' id='word_1_766' title='bbox 2852 2368 3148 2442; x_wconf 79' lang='grc' dir='ltr'>παράδοξον</span> <span class='ocrx_word' id='word_1_767' title='bbox 3179 2365 3322 2422; x_wconf 76' lang='grc' dir='ltr'>εἶναι</span> <span class='ocrx_word' id='word_1_768' title='bbox 3365 2367 3635 2439; x_wconf 79' lang='grc' dir='ltr'>νομιζέτω</span> <span class='ocrx_word' id='word_1_769' title='bbox 3663 2366 3723 2419; x_wconf 78' lang='grc' dir='ltr'>τὸ</span> <span class='ocrx_word' id='word_1_770' title='bbox 3745 2365 3826 2418; x_wconf 83' lang='grc' dir='ltr'>λε-</span> 
     </span>
    </p>
   </div>
   <div class='ocr_carea' id='block_1_97' title="bbox 2161 2455 3828 2531">
    <p class='ocr_par' dir='ltr' id='par_1_97' title="bbox 2161 2455 3828 2531">
     <span class='ocr_line' id='line_1_97' title="bbox 2161 2455 3828 2531; baseline -0.005 -18"><span class='ocrx_word' id='word_1_771' title='bbox 2161 2461 2430 2531; x_wconf 87' lang='grc' dir='ltr'>γόμενον·</span> <span class='ocrx_word' id='word_1_772' title='bbox 2477 2459 2677 2530; x_wconf 79' lang='grc' dir='ltr'>ἀληθές</span> <span class='ocrx_word' id='word_1_773' title='bbox 2727 2457 2836 2530; x_wconf 93' lang='grc' dir='ltr'>γάρ</span> <span class='ocrx_word' id='word_1_774' title='bbox 2887 2458 3036 2524; x_wconf 83' lang='grc' dir='ltr'>ἐστι,</span> <span class='ocrx_word' id='word_1_775' title='bbox 3086 2457 3182 2511; x_wconf 77' lang='grc' dir='ltr'>καὶ</span> <span class='ocrx_word' id='word_1_776' title='bbox 3230 2458 3325 2510; x_wconf 79' lang='grc' dir='ltr'>ἀπ’</span> <span class='ocrx_word' id='word_1_777' title='bbox 3354 2455 3535 2510; x_wconf 84' lang='grc' dir='ltr'>αὐτῶν</span> <span class='ocrx_word' id='word_1_778' title='bbox 3567 2455 3828 2510; x_wconf 81' lang='grc' dir='ltr'>δείκνυται</span> 
     </span>
    </p>
   </div>
   <div class='ocr_carea' id='block_1_98' title="bbox 2159 2541 3823 2620">
    <p class='ocr_par' dir='ltr' id='par_1_98' title="bbox 2159 2541 3823 2620">
     <span class='ocr_line' id='line_1_98' title="bbox 2159 2541 3823 2620; baseline -0.004 -19"><span class='ocrx_word' id='word_1_779' title='bbox 2159 2548 2272 2602; x_wconf 89' lang='grc' dir='ltr'>τῶν</span> <span class='ocrx_word' id='word_1_780' title='bbox 2300 2549 2662 2620; x_wconf 87' lang='grc' dir='ltr'>πραγμάτων.</span> <span class='ocrx_word' id='word_1_781' title='bbox 2707 2548 2768 2600; x_wconf 90' lang='lat'>&#39;0</span> <span class='ocrx_word' id='word_1_782' title='bbox 2805 2546 2902 2613; x_wconf 82' lang='grc' dir='ltr'>μὲν</span> <span class='ocrx_word' id='word_1_783' title='bbox 2928 2545 3038 2616; x_wconf 88' lang='grc' dir='ltr'>γὰρ</span> <span class='ocrx_word' id='word_1_784' title='bbox 3074 2543 3330 2606; x_wconf 89' lang='grc' dir='ltr'>πλούσιος</span> <span class='ocrx_word' id='word_1_785' title='bbox 3362 2543 3564 2606; x_wconf 85' lang='grc' dir='ltr'>πολλὰς</span> <span class='ocrx_word' id='word_1_786' title='bbox 3595 2543 3711 2614; x_wconf 75' lang='grc' dir='ltr'>ἔχει</span> <span class='ocrx_word' id='word_1_787' title='bbox 3738 2541 3823 2594; x_wconf 80' lang='grc' dir='ltr'>τοῦ</span> 
     </span>
    </p>
   </div>
   <div class='ocr_carea' id='block_1_99' title="bbox 2162 2631 3826 2706">
    <p class='ocr_par' dir='ltr' id='par_1_99' title="bbox 2162 2631 3826 2706">
     <span class='ocr_line' id='line_1_99' title="bbox 2162 2631 3826 2706; baseline -0.004 -16"><span class='ocrx_word' id='word_1_788' title='bbox 2162 2633 2649 2706; x_wconf 88' lang='grc' dir='ltr'>παραϐλάπτεσθαι</span> <span class='ocrx_word' id='word_1_789' title='bbox 2673 2634 2773 2698; x_wconf 79' lang='grc' dir='ltr'>τὰς</span> <span class='ocrx_word' id='word_1_790' title='bbox 2797 2633 2989 2698; x_wconf 88' lang='grc' dir='ltr'>λαϐάς.</span> <span class='ocrx_word' id='word_1_791' title='bbox 3023 2633 3270 2687; x_wconf 87' lang='grc' dir='ltr'>Δέδοικεν</span> <span class='ocrx_word' id='word_1_792' title='bbox 3293 2633 3434 2702; x_wconf 82' lang='grc' dir='ltr'>ὑπὲρ</span> <span class='ocrx_word' id='word_1_793' title='bbox 3454 2631 3662 2693; x_wconf 82' lang='grc' dir='ltr'>οἰκίας,</span> <span class='ocrx_word' id='word_1_794' title='bbox 3698 2631 3826 2700; x_wconf 81' lang='grc' dir='ltr'>ὑπὲρ</span> 
     </span>
    </p>
   </div>
   <div class='ocr_carea' id='block_1_100' title="bbox 2159 2717 3825 2795">
    <p class='ocr_par' dir='ltr' id='par_1_100' title="bbox 2159 2717 3825 2795">
     <span class='ocr_line' id='line_1_100' title="bbox 2159 2717 3825 2795; baseline -0.005 -17"><span class='ocrx_word' id='word_1_795' title='bbox 2159 2724 2408 2787; x_wconf 87' lang='grc' dir='ltr'>οἰκετῶν,</span> <span class='ocrx_word' id='word_1_796' title='bbox 2443 2724 2581 2795; x_wconf 87' lang='grc' dir='ltr'>ὑπέρ</span> <span class='ocrx_word' id='word_1_797' title='bbox 2611 2722 2818 2794; x_wconf 86' lang='grc' dir='ltr'>ἀγρῶν,</span> <span class='ocrx_word' id='word_1_798' title='bbox 2845 2721 2987 2792; x_wconf 79' lang='grc' dir='ltr'>ὑπὲρ</span> <span class='ocrx_word' id='word_1_799' title='bbox 3018 2721 3351 2791; x_wconf 87' lang='grc' dir='ltr'>χρημάτων,</span> <span class='ocrx_word' id='word_1_800' title='bbox 3386 2720 3460 2791; x_wconf 90' lang='grc' dir='ltr'>μή</span> <span class='ocrx_word' id='word_1_801' title='bbox 3487 2734 3572 2782; x_wconf 87' lang='grc' dir='ltr'>τις</span> <span class='ocrx_word' id='word_1_802' title='bbox 3595 2717 3756 2771; x_wconf 81' lang='grc' dir='ltr'>αὐτόν</span> <span class='ocrx_word' id='word_1_803' title='bbox 3780 2735 3825 2769; x_wconf 91' lang='grc' dir='ltr'>τι</span> 
     </span>
    </p>
   </div>
   <div class='ocr_carea' id='block_1_101' title="bbox 2157 2802 3828 2882">
    <p class='ocr_par' dir='ltr' id='par_1_101' title="bbox 2157 2802 3828 2882">
     <span class='ocr_line' id='line_1_101' title="bbox 2157 2802 3828 2882; baseline -0.006 -16"><span class='ocrx_word' id='word_1_804' title='bbox 2157 2811 2365 2866; x_wconf 89' lang='grc' dir='ltr'>τούτων</span> <span class='ocrx_word' id='word_1_805' title='bbox 2394 2811 2688 2882; x_wconf 78' lang='grc' dir='ltr'>ἀφέληται.</span> <span class='ocrx_word' id='word_1_806' title='bbox 2728 2809 2834 2864; x_wconf 78' lang='grc' dir='ltr'>Καὶ</span> <span class='ocrx_word' id='word_1_807' title='bbox 2859 2809 2922 2862; x_wconf 85' lang='grc' dir='ltr'>τὸ</span> <span class='ocrx_word' id='word_1_808' title='bbox 2948 2807 3161 2862; x_wconf 87' lang='grc' dir='ltr'>πολλῶν</span> <span class='ocrx_word' id='word_1_809' title='bbox 3205 2802 3346 2860; x_wconf 80' lang='grc' dir='ltr'>εἶναι</span> <span class='ocrx_word' id='word_1_810' title='bbox 3369 2805 3558 2877; x_wconf 88' lang='grc' dir='ltr'>κύριον</span> <span class='ocrx_word' id='word_1_811' title='bbox 3575 2848 3591 2872; x_wconf 90' lang='grc'>,</span> <span class='ocrx_word' id='word_1_812' title='bbox 3627 2805 3828 2858; x_wconf 84' lang='grc' dir='ltr'>πολλῶν</span> 
     </span>
    </p>
   </div>
   <div class='ocr_carea' id='block_1_102' title="bbox 2159 2890 3826 2964">
    <p class='ocr_par' dir='ltr' id='par_1_102' title="bbox 2159 2890 3826 2964">
     <span class='ocr_line' id='line_1_102' title="bbox 2159 2890 3826 2964; baseline -0.005 -13"><span class='ocrx_word' id='word_1_813' title='bbox 2159 2893 2300 2951; x_wconf 82' lang='grc' dir='ltr'>εἰναι</span> <span class='ocrx_word' id='word_1_814' title='bbox 2347 2896 2530 2951; x_wconf 87' lang='grc' dir='ltr'>δοῦλον</span> <span class='ocrx_word' id='word_1_815' title='bbox 2573 2897 2736 2950; x_wconf 85' lang='grc' dir='ltr'>ποιεῖ.</span> <span class='ocrx_word' id='word_1_816' title='bbox 2801 2896 2861 2948; x_wconf 90' lang='lat'><strong>&#39;0</strong></span> <span class='ocrx_word' id='word_1_817' title='bbox 2913 2894 3097 2963; x_wconf 90' lang='grc' dir='ltr'>μέντοι</span> <span class='ocrx_word' id='word_1_818' title='bbox 3137 2892 3340 2964; x_wconf 88' lang='grc' dir='ltr'>πένης,</span> <span class='ocrx_word' id='word_1_819' title='bbox 3371 2890 3610 2956; x_wconf 73' lang='grc' dir='ltr'>εὑζωνός</span> <span class='ocrx_word' id='word_1_820' title='bbox 3639 2908 3724 2954; x_wconf 90' lang='grc' dir='ltr'>τις</span> <span class='ocrx_word' id='word_1_821' title='bbox 3757 2891 3826 2942; x_wconf 83' lang='grc' dir='ltr'>ὦν</span> 
     </span>
    </p>
   </div>
   <div class='ocr_carea' id='block_1_103' title="bbox 2159 2979 3828 3053">
    <p class='ocr_par' dir='ltr' id='par_1_103' title="bbox 2159 2979 3828 3053">
     <span class='ocr_line' id='line_1_103' title="bbox 2159 2979 3828 3053; baseline -0.006 -13"><span class='ocrx_word' id='word_1_822' title='bbox 2159 2986 2255 3040; x_wconf 72' lang='grc' dir='ltr'>καὶ</span> <span class='ocrx_word' id='word_1_823' title='bbox 2297 2986 2478 3048; x_wconf 90' lang='grc' dir='ltr'>πάσας</span> <span class='ocrx_word' id='word_1_824' title='bbox 2523 2983 2729 3047; x_wconf 88' lang='grc' dir='ltr'>ταύτας</span> <span class='ocrx_word' id='word_1_825' title='bbox 2775 2983 3108 3053; x_wconf 80' lang='grc' dir='ltr'>ἀποθέμενος</span> <span class='ocrx_word' id='word_1_826' title='bbox 3150 2980 3253 3045; x_wconf 72' lang='grc' dir='ltr'>τὰς</span> <span class='ocrx_word' id='word_1_827' title='bbox 3299 2979 3504 3044; x_wconf 80' lang='grc' dir='ltr'>λαϐάς,</span> <span class='ocrx_word' id='word_1_828' title='bbox 3546 2979 3687 3032; x_wconf 85' lang='grc' dir='ltr'>λέων</span> <span class='ocrx_word' id='word_1_829' title='bbox 3719 2979 3828 3031; x_wconf 84' lang='grc' dir='ltr'>ἐστὶ</span> 
     </span>
    </p>
   </div>
   <div class='ocr_carea' id='block_1_104' title="bbox 2159 3065 3828 3144">
    <p class='ocr_par' dir='ltr' id='par_1_104' title="bbox 2159 3065 3828 3144">
     <span class='ocr_line' id='line_1_104' title="bbox 2159 3065 3828 3144; baseline -0.004 -18"><span class='ocrx_word' id='word_1_830' title='bbox 2159 3073 2272 3144; x_wconf 89' lang='grc' dir='ltr'>πῦρ</span> <span class='ocrx_word' id='word_1_831' title='bbox 2299 3072 2498 3136; x_wconf 87' lang='grc' dir='ltr'>πνέων,</span> <span class='ocrx_word' id='word_1_832' title='bbox 2537 3071 2635 3125; x_wconf 75' lang='grc' dir='ltr'>καὶ</span> <span class='ocrx_word' id='word_1_833' title='bbox 2666 3070 2845 3141; x_wconf 78' lang='grc' dir='ltr'>ψυχὴν</span> <span class='ocrx_word' id='word_1_834' title='bbox 2874 3070 2986 3141; x_wconf 75' lang='grc' dir='ltr'>ἔχει</span> <span class='ocrx_word' id='word_1_835' title='bbox 3020 3069 3308 3138; x_wconf 89' lang='grc' dir='ltr'>γενναίαν,</span> <span class='ocrx_word' id='word_1_836' title='bbox 3355 3068 3450 3122; x_wconf 72' lang='grc' dir='ltr'>καὶ</span> <span class='ocrx_word' id='word_1_837' title='bbox 3498 3067 3719 3121; x_wconf 86' lang='grc' dir='ltr'>πάντων</span> <span class='ocrx_word' id='word_1_838' title='bbox 3750 3065 3828 3130; x_wconf 80' lang='grc' dir='ltr'>ἐξ·</span> 
     </span>
    </p>
   </div>
   <div class='ocr_carea' id='block_1_105' title="bbox 2157 3151 3827 3230">
    <p class='ocr_par' dir='ltr' id='par_1_105' title="bbox 2157 3151 3827 3230">
     <span class='ocr_line' id='line_1_105' title="bbox 2157 3151 3827 3230; baseline -0.005 -17"><span class='ocrx_word' id='word_1_839' title='bbox 2157 3158 2515 3230; x_wconf 83' lang='grc' dir='ltr'>ανιστάμενος</span> <span class='ocrx_word' id='word_1_840' title='bbox 2544 3157 2743 3228; x_wconf 75' lang='grc' dir='ltr'>ῥᾳδίως</span> <span class='ocrx_word' id='word_1_841' title='bbox 2785 3157 3001 3210; x_wconf 71' lang='grc' dir='ltr'>ἅπαντα</span> <span class='ocrx_word' id='word_1_842' title='bbox 3046 3155 3277 3223; x_wconf 89' lang='grc' dir='ltr'>πράττει</span> <span class='ocrx_word' id='word_1_843' title='bbox 3322 3153 3391 3208; x_wconf 89' lang='grc' dir='ltr'>τά</span> <span class='ocrx_word' id='word_1_844' title='bbox 3427 3153 3706 3222; x_wconf 86' lang='grc' dir='ltr'>δυνάμενα</span> <span class='ocrx_word' id='word_1_845' title='bbox 3738 3151 3827 3214; x_wconf 71' lang='grc' dir='ltr'>τάς</span> 
     </span>
    </p>
   </div>
   <div class='ocr_carea' id='block_1_106' title="bbox 2171 3240 3823 3318">
    <p class='ocr_par' dir='ltr' id='par_1_106' title="bbox 2171 3240 3823 3318">
     <span class='ocr_line' id='line_1_106' title="bbox 2171 3240 3823 3318; baseline -0.005 -17"><span class='ocrx_word' id='word_1_846' title='bbox 2171 3246 2496 3318; x_wconf 85' lang='grc' dir='ltr'>Ἐκκλησίας</span> <span class='ocrx_word' id='word_1_847' title='bbox 2523 3245 2784 3314; x_wconf 82' lang='grc' dir='ltr'>ὠφελεῖν,</span> <span class='ocrx_word' id='word_1_848' title='bbox 2815 3243 2916 3298; x_wconf 77' lang='grc' dir='ltr'>κᾶν</span> <span class='ocrx_word' id='word_1_849' title='bbox 2946 3241 3161 3312; x_wconf 80' lang='grc' dir='ltr'>ἐλέγξαι</span> <span class='ocrx_word' id='word_1_850' title='bbox 3183 3242 3278 3312; x_wconf 85' lang='grc' dir='ltr'>δέῃ</span> <span class='ocrx_word' id='word_1_851' title='bbox 3301 3281 3316 3304; x_wconf 95' lang='grc'>,</span> <span class='ocrx_word' id='word_1_852' title='bbox 3342 3240 3444 3294; x_wconf 73' lang='grc' dir='ltr'>κᾶν</span> <span class='ocrx_word' id='word_1_853' title='bbox 3479 3240 3823 3310; x_wconf 86' lang='grc' dir='ltr'>ἐπιτιμῆσαι,</span> 
     </span>
    </p>
   </div>
   <div class='ocr_carea' id='block_1_107' title="bbox 2158 3326 3823 3404">
    <p class='ocr_par' dir='ltr' id='par_1_107' title="bbox 2158 3326 3823 3404">
     <span class='ocr_line' id='line_1_107' title="bbox 2158 3326 3823 3404; baseline -0.005 -17"><span class='ocrx_word' id='word_1_854' title='bbox 2158 3333 2263 3387; x_wconf 80' lang='grc' dir='ltr'><strong>κᾶν</strong></span> <span class='ocrx_word' id='word_1_855' title='bbox 2309 3332 2509 3404; x_wconf 90' lang='grc' dir='ltr'>μυρίας</span> <span class='ocrx_word' id='word_1_856' title='bbox 2551 3330 2638 3385; x_wconf 82' lang='grc' dir='ltr'>διά</span> <span class='ocrx_word' id='word_1_857' title='bbox 2673 3331 2764 3384; x_wconf 83' lang='grc' dir='ltr'>τὸν</span> <span class='ocrx_word' id='word_1_858' title='bbox 2812 3329 3047 3402; x_wconf 84' lang='grc' dir='ltr'>Χριστὸν</span> <span class='ocrx_word' id='word_1_859' title='bbox 3091 3328 3454 3394; x_wconf 77' lang='grc' dir='ltr'>ἀναδέξασθαι</span> <span class='ocrx_word' id='word_1_860' title='bbox 3499 3326 3823 3398; x_wconf 84' lang='grc' dir='ltr'>ἐπαχθείας·</span> 
     </span>
    </p>
   </div>
   <div class='ocr_carea' id='block_1_108' title="bbox 2157 3415 3822 3491">
    <p class='ocr_par' dir='ltr' id='par_1_108' title="bbox 2157 3415 3822 3491">
     <span class='ocr_line' id='line_1_108' title="bbox 2157 3415 3822 3491; baseline -0.003 -17"><span class='ocrx_word' id='word_1_861' title='bbox 2157 3421 2250 3474; x_wconf 74' lang='grc' dir='ltr'>καὶ</span> <span class='ocrx_word' id='word_1_862' title='bbox 2302 3420 2490 3491; x_wconf 81' lang='grc' dir='ltr'>ἐπειδὴ</span> <span class='ocrx_word' id='word_1_863' title='bbox 2535 3419 2685 3486; x_wconf 71' lang='grc' dir='ltr'>ἅπαξ</span> <span class='ocrx_word' id='word_1_864' title='bbox 2737 3419 2837 3489; x_wconf 86' lang='grc' dir='ltr'>τῆς</span> <span class='ocrx_word' id='word_1_865' title='bbox 2892 3418 3038 3488; x_wconf 77' lang='grc' dir='ltr'>ζιιιῆς</span> <span class='ocrx_word' id='word_1_866' title='bbox 3077 3418 3326 3490; x_wconf 85' lang='grc' dir='ltr'>ὑπερεῖδε</span> <span class='ocrx_word' id='word_1_867' title='bbox 3370 3417 3471 3488; x_wconf 85' lang='grc' dir='ltr'>τῆς</span> <span class='ocrx_word' id='word_1_868' title='bbox 3518 3415 3822 3488; x_wconf 78' lang='grc' dir='ltr'>παρούσης,</span> 
     </span>
    </p>
   </div>
   <div class='ocr_carea' id='block_1_109' title="bbox 2156 3501 3824 3581">
    <p class='ocr_par' dir='ltr' id='par_1_109' title="bbox 2156 3501 3824 3581">
     <span class='ocr_line' id='line_1_109' title="bbox 2156 3501 3824 3581; baseline -0.005 -19"><span class='ocrx_word' id='word_1_869' title='bbox 2156 3508 2336 3562; x_wconf 88' lang='grc' dir='ltr'>πάντα</span> <span class='ocrx_word' id='word_1_870' title='bbox 2375 3507 2574 3581; x_wconf 78' lang='grc' dir='ltr'>ῥᾳδίως</span> <span class='ocrx_word' id='word_1_871' title='bbox 2607 3507 2700 3561; x_wconf 72' lang='grc' dir='ltr'>καὶ</span> <span class='ocrx_word' id='word_1_872' title='bbox 2737 3506 2877 3577; x_wconf 84' lang='grc' dir='ltr'>μετά</span> <span class='ocrx_word' id='word_1_873' title='bbox 2923 3505 3125 3576; x_wconf 79' lang='grc' dir='ltr'>πολλῆς</span> <span class='ocrx_word' id='word_1_874' title='bbox 3153 3507 3300 3558; x_wconf 87' lang='grc' dir='ltr'>ποιεῖ</span> <span class='ocrx_word' id='word_1_875' title='bbox 3322 3505 3422 3576; x_wconf 84' lang='grc' dir='ltr'>τῆς</span> <span class='ocrx_word' id='word_1_876' title='bbox 3455 3504 3729 3566; x_wconf 70' lang='grc' dir='ltr'>εὐκολίας.</span> <span class='ocrx_word' id='word_1_877' title='bbox 3765 3501 3824 3554; x_wconf 88' lang='grc' dir='ltr'>Τί</span> 
     </span>
    </p>
   </div>
   <div class='ocr_carea' id='block_1_110' title="bbox 2155 3591 3823 3668">
    <p class='ocr_par' dir='ltr' id='par_1_110' title="bbox 2155 3591 3823 3668">
     <span class='ocr_line' id='line_1_110' title="bbox 2155 3591 3823 3668; baseline -0.006 -17"><span class='ocrx_word' id='word_1_878' title='bbox 2155 3595 2264 3668; x_wconf 79' lang='grc' dir='ltr'>γὰρ</span> <span class='ocrx_word' id='word_1_879' title='bbox 2299 3599 2394 3651; x_wconf 76' lang='grc' dir='ltr'>καὶ</span> <span class='ocrx_word' id='word_1_880' title='bbox 2419 3596 2689 3661; x_wconf 85' lang='grc' dir='ltr'>δέδοικεν,</span> <span class='ocrx_word' id='word_1_881' title='bbox 2733 3595 2852 3648; x_wconf 87' lang='grc' dir='ltr'>εἰπέ</span> <span class='ocrx_word' id='word_1_882' title='bbox 2885 3611 3005 3664; x_wconf 76' lang='grc' dir='ltr'>μοις</span> <span class='ocrx_word' id='word_1_883' title='bbox 3042 3593 3133 3665; x_wconf 84' lang='grc' dir='ltr'>Μή</span> <span class='ocrx_word' id='word_1_884' title='bbox 3175 3610 3259 3658; x_wconf 83' lang='grc' dir='ltr'>τις</span> <span class='ocrx_word' id='word_1_885' title='bbox 3285 3593 3450 3647; x_wconf 84' lang='grc' dir='ltr'>αὐτοῦ</span> <span class='ocrx_word' id='word_1_886' title='bbox 3477 3591 3546 3646; x_wconf 80' lang='grc' dir='ltr'>τά</span> <span class='ocrx_word' id='word_1_887' title='bbox 3577 3593 3823 3662; x_wconf 77' lang='grc' dir='ltr'>χρήματα</span> 
     </span>
    </p>
   </div>
   <div class='ocr_carea' id='block_1_111' title="bbox 2155 3676 3821 3755">
    <p class='ocr_par' dir='ltr' id='par_1_111' title="bbox 2155 3676 3821 3755">
     <span class='ocr_line' id='line_1_111' title="bbox 2155 3676 3821 3755; baseline -0.005 -16"><span class='ocrx_word' id='word_1_888' title='bbox 2155 3685 2458 3755; x_wconf 79' lang='grc' dir='ltr'>ἀφέληταις</span> <span class='ocrx_word' id='word_1_889' title='bbox 2515 3681 2654 3736; x_wconf 72' lang='grc' dir='ltr'>Ἀλλ’</span> <span class='ocrx_word' id='word_1_890' title='bbox 2699 3683 2802 3736; x_wconf 88' lang='grc' dir='ltr'>οὐκ</span> <span class='ocrx_word' id='word_1_891' title='bbox 2833 3680 2948 3735; x_wconf 74' lang='grc' dir='ltr'>ἐστι</span> <span class='ocrx_word' id='word_1_892' title='bbox 2997 3678 3154 3733; x_wconf 90' lang='grc' dir='ltr'>τοῦτο</span> <span class='ocrx_word' id='word_1_893' title='bbox 3183 3682 3382 3736; x_wconf 86' lang='grc' dir='ltr'>εἰπεῖν.</span> <span class='ocrx_word' id='word_1_894' title='bbox 3428 3678 3593 3732; x_wconf 80' lang='grc' dir='ltr'>Ἀλλά</span> <span class='ocrx_word' id='word_1_895' title='bbox 3629 3677 3703 3748; x_wconf 77' lang='grc' dir='ltr'>μὴ</span> <span class='ocrx_word' id='word_1_896' title='bbox 3732 3676 3821 3745; x_wconf 82' lang='grc' dir='ltr'>τῆς</span> 
     </span>
    </p>
   </div>
   <div class='ocr_carea' id='block_1_112' title="bbox 2154 3767 3820 3844">
    <p class='ocr_par' dir='ltr' id='par_1_112' title="bbox 2154 3767 3820 3844">
     <span class='ocr_line' id='line_1_112' title="bbox 2154 3767 3820 3844; baseline -0.006 -18"><span class='ocrx_word' id='word_1_897' title='bbox 2154 3773 2411 3844; x_wconf 86' lang='grc' dir='ltr'>πατρίδος</span> <span class='ocrx_word' id='word_1_898' title='bbox 2451 3771 2690 3842; x_wconf 86' lang='grc' dir='ltr'>ἐκπέση;</span> <span class='ocrx_word' id='word_1_899' title='bbox 2758 3768 2920 3822; x_wconf 69' lang='lat' dir='ltr'>‘Am</span> <span class='ocrx_word' id='word_1_900' title='bbox 2972 3770 3123 3822; x_wconf 72' lang='grc' dir='ltr'>πᾶσα</span> <span class='ocrx_word' id='word_1_901' title='bbox 3169 3769 3203 3839; x_wconf 91' lang='grc' dir='ltr'>ή</span> <span class='ocrx_word' id='word_1_902' title='bbox 3258 3769 3350 3821; x_wconf 86' lang='grc' dir='ltr'>ὑπ’</span> <span class='ocrx_word' id='word_1_903' title='bbox 3385 3767 3620 3837; x_wconf 82' lang='grc' dir='ltr'>οὐρανὸν</span> <span class='ocrx_word' id='word_1_904' title='bbox 3679 3767 3820 3826; x_wconf 71' lang='grc' dir='ltr'>πόλις</span> 
     </span>
    </p>
   </div>
   <div class='ocr_carea' id='block_1_113' title="bbox 2154 3853 3818 3931">
    <p class='ocr_par' dir='ltr' id='par_1_113' title="bbox 2154 3853 3818 3931">
     <span class='ocr_line' id='line_1_113' title="bbox 2154 3853 3818 3931; baseline -0.002 -18"><span class='ocrx_word' id='word_1_905' title='bbox 2154 3859 2302 3931; x_wconf 88' lang='grc' dir='ltr'>αὑτῷ</span> <span class='ocrx_word' id='word_1_906' title='bbox 2338 3861 2484 3913; x_wconf 88' lang='grc' dir='ltr'>ἐστιν</span> <span class='ocrx_word' id='word_1_907' title='bbox 2503 3870 2552 3914; x_wconf 72' lang='grc' dir='ltr'>ο.</span> <span class='ocrx_word' id='word_1_908' title='bbox 2594 3857 2754 3912; x_wconf 85' lang='grc' dir='ltr'>Ἀλλά</span> <span class='ocrx_word' id='word_1_909' title='bbox 2785 3857 2860 3928; x_wconf 82' lang='grc' dir='ltr'>μὴ</span> <span class='ocrx_word' id='word_1_910' title='bbox 2885 3857 2980 3925; x_wconf 83' lang='grc' dir='ltr'>τῆς</span> <span class='ocrx_word' id='word_1_911' title='bbox 3007 3857 3222 3928; x_wconf 78' lang='grc' dir='ltr'>τρυφῆς</span> <span class='ocrx_word' id='word_1_912' title='bbox 3249 3855 3413 3910; x_wconf 83' lang='grc' dir='ltr'>αὐτόν</span> <span class='ocrx_word' id='word_1_913' title='bbox 3440 3872 3530 3920; x_wconf 91' lang='grc' dir='ltr'>τις</span> <span class='ocrx_word' id='word_1_914' title='bbox 3556 3853 3818 3926; x_wconf 59' lang='grc' dir='ltr'>περικῄ</span> 
     </span>
    </p>
   </div>
   <div class='ocr_carea' id='block_1_114' title="bbox 2153 3944 3820 4020">
    <p class='ocr_par' dir='ltr' id='par_1_114' title="bbox 2153 3944 3820 4020">
     <span class='ocr_line' id='line_1_114' title="bbox 2153 3944 3820 4020; baseline -0.005 -17"><span class='ocrx_word' id='word_1_915' title='bbox 2153 3949 2247 4004; x_wconf 70' lang='grc' dir='ltr'>καὶ</span> <span class='ocrx_word' id='word_1_916' title='bbox 2289 3949 2387 4020; x_wconf 87' lang='grc' dir='ltr'>τῆς</span> <span class='ocrx_word' id='word_1_917' title='bbox 2427 3947 2791 4020; x_wconf 75' lang='grc' dir='ltr'>δορυφορίαςς</span> <span class='ocrx_word' id='word_1_918' title='bbox 2840 3945 3004 4000; x_wconf 77' lang='grc' dir='ltr'>Ἀλλά</span> <span class='ocrx_word' id='word_1_919' title='bbox 3040 3947 3134 3998; x_wconf 73' lang='grc' dir='ltr'>καὶ</span> <span class='ocrx_word' id='word_1_920' title='bbox 3163 3944 3380 4008; x_wconf 86' lang='grc' dir='ltr'>τούτοις</span> <span class='ocrx_word' id='word_1_921' title='bbox 3411 3945 3588 3998; x_wconf 73' lang='grc' dir='ltr'>ἅπασι</span> <span class='ocrx_word' id='word_1_922' title='bbox 3619 3944 3820 4014; x_wconf 82' lang='grc' dir='ltr'>χαίρειν</span> 
     </span>
    </p>
   </div>
   <div class='ocr_carea' id='block_1_115' title="bbox 2152 4031 3820 4108">
    <p class='ocr_par' dir='ltr' id='par_1_115' title="bbox 2152 4031 3820 4108">
     <span class='ocr_line' id='line_1_115' title="bbox 2152 4031 3820 4108; baseline -0.005 -18"><span class='ocrx_word' id='word_1_923' title='bbox 2152 4037 2324 4091; x_wconf 82' lang='grc' dir='ltr'>εἰπὼν</span> <span class='ocrx_word' id='word_1_924' title='bbox 2341 4078 2357 4104; x_wconf 94' lang='grc'>,</span> <span class='ocrx_word' id='word_1_925' title='bbox 2385 4037 2442 4090; x_wconf 85' lang='grc' dir='ltr'>ἐν</span> <span class='ocrx_word' id='word_1_926' title='bbox 2470 4035 2686 4108; x_wconf 85' lang='grc' dir='ltr'>οὐρανῷ</span> <span class='ocrx_word' id='word_1_927' title='bbox 2714 4033 3076 4096; x_wconf 82' lang='grc' dir='ltr'>πολιτεύεται,</span> <span class='ocrx_word' id='word_1_928' title='bbox 3105 4033 3201 4086; x_wconf 77' lang='grc' dir='ltr'>καὶ</span> <span class='ocrx_word' id='word_1_929' title='bbox 3233 4032 3371 4104; x_wconf 81' lang='grc' dir='ltr'>πρὸς</span> <span class='ocrx_word' id='word_1_930' title='bbox 3397 4031 3498 4104; x_wconf 83' lang='grc' dir='ltr'>τήν</span> <span class='ocrx_word' id='word_1_931' title='bbox 3529 4032 3820 4100; x_wconf 83' lang='grc' dir='ltr'>μέλλουσαν</span> 
     </span>
    </p>
   </div>
   <div class='ocr_carea' id='block_1_116' title="bbox 2152 4117 3818 4194">
    <p class='ocr_par' dir='ltr' id='par_1_116' title="bbox 2152 4117 3818 4194">
     <span class='ocr_line' id='line_1_116' title="bbox 2152 4117 3818 4194; baseline -0.007 -16"><span class='ocrx_word' id='word_1_932' title='bbox 2152 4125 2433 4194; x_wconf 84' lang='grc' dir='ltr'>ἐπείγεται</span> <span class='ocrx_word' id='word_1_933' title='bbox 2478 4123 2645 4193; x_wconf 79' lang='grc' dir='ltr'>ζωήν.</span> <span class='ocrx_word' id='word_1_934' title='bbox 2672 4121 2792 4174; x_wconf 77' lang='grc' dir='ltr'>Κᾶν</span> <span class='ocrx_word' id='word_1_935' title='bbox 2830 4121 3000 4192; x_wconf 73' lang='grc' dir='ltr'>αὐτὴν</span> <span class='ocrx_word' id='word_1_936' title='bbox 3034 4120 3311 4174; x_wconf 84' lang='grc' dir='ltr'>ἐπιδοῦναι</span> <span class='ocrx_word' id='word_1_937' title='bbox 3336 4119 3432 4191; x_wconf 85' lang='grc' dir='ltr'>δέῃ</span> <span class='ocrx_word' id='word_1_938' title='bbox 3469 4120 3573 4188; x_wconf 83' lang='grc' dir='ltr'>τὴν</span> <span class='ocrx_word' id='word_1_939' title='bbox 3615 4117 3818 4189; x_wconf 74' lang='grc' dir='ltr'>ψυχήν,</span> 
     </span>
    </p>
   </div>
   <div class='ocr_carea' id='block_1_117' title="bbox 2150 4205 3818 4280">
    <p class='ocr_par' dir='ltr' id='par_1_117' title="bbox 2150 4205 3818 4280">
     <span class='ocr_line' id='line_1_117' title="bbox 2150 4205 3818 4280; baseline -0.005 -14"><span class='ocrx_word' id='word_1_940' title='bbox 2150 4213 2245 4266; x_wconf 73' lang='grc' dir='ltr'>καὶ</span> <span class='ocrx_word' id='word_1_941' title='bbox 2279 4210 2341 4264; x_wconf 78' lang='grc' dir='ltr'>τὸ</span> <span class='ocrx_word' id='word_1_942' title='bbox 2368 4205 2508 4280; x_wconf 82' lang='grc' dir='ltr'>αἷμα</span> <span class='ocrx_word' id='word_1_943' title='bbox 2542 4211 2895 4277; x_wconf 83' lang='grc' dir='ltr'>εἰσενεγκεῖν,</span> <span class='ocrx_word' id='word_1_944' title='bbox 2925 4209 2985 4262; x_wconf 88' lang='grc' dir='ltr'>οὐ</span> <span class='ocrx_word' id='word_1_945' title='bbox 3027 4208 3446 4280; x_wconf 86' lang='grc' dir='ltr'>παραιτήσεται.</span> <span class='ocrx_word' id='word_1_946' title='bbox 3490 4205 3818 4260; x_wconf 84' lang='grc' dir='ltr'>Ἐντεῦθενό</span> 
     </span>
    </p>
   </div>
   <div class='ocr_carea' id='block_1_118' title="bbox 2148 4293 3817 4368">
    <p class='ocr_par' dir='ltr' id='par_1_118' title="bbox 2148 4293 3817 4368">
     <span class='ocr_line' id='line_1_118' title="bbox 2148 4293 3817 4368; baseline -0.005 -14"><span class='ocrx_word' id='word_1_947' title='bbox 2148 4299 2388 4362; x_wconf 86' lang='grc' dir='ltr'>τοιοῦτος</span> <span class='ocrx_word' id='word_1_948' title='bbox 2430 4298 2526 4351; x_wconf 72' lang='grc' dir='ltr'>καὶ</span> <span class='ocrx_word' id='word_1_949' title='bbox 2565 4298 2843 4368; x_wconf 89' lang='grc' dir='ltr'>τυράννων</span> <span class='ocrx_word' id='word_1_950' title='bbox 2862 4338 2877 4362; x_wconf 92' lang='grc'>,</span> <span class='ocrx_word' id='word_1_951' title='bbox 2911 4298 3010 4352; x_wconf 77' lang='grc' dir='ltr'>καὶ</span> <span class='ocrx_word' id='word_1_952' title='bbox 3033 4295 3331 4365; x_wconf 78' lang='grc' dir='ltr'>βασιλέων,</span> <span class='ocrx_word' id='word_1_953' title='bbox 3354 4295 3450 4350; x_wconf 80' lang='grc' dir='ltr'>καὶ</span> <span class='ocrx_word' id='word_1_954' title='bbox 3496 4295 3712 4366; x_wconf 86' lang='grc' dir='ltr'>δήμων,</span> <span class='ocrx_word' id='word_1_955' title='bbox 3736 4293 3817 4345; x_wconf 71' lang='lat' dir='ltr'><strong><em>ml</em></strong></span> 
     </span>
    </p>
   </div>
   <div class='ocr_carea' id='block_1_119' title="bbox 2148 4381 3816 4455">
    <p class='ocr_par' dir='ltr' id='par_1_119' title="bbox 2148 4381 3816 4455">
     <span class='ocr_line' id='line_1_119' title="bbox 2148 4381 3816 4455; baseline -0.005 -14"><span class='ocrx_word' id='word_1_956' title='bbox 2148 4387 2366 4441; x_wconf 88' lang='grc' dir='ltr'>πάντων</span> <span class='ocrx_word' id='word_1_957' title='bbox 2410 4387 2529 4440; x_wconf 75' lang='grc' dir='ltr'>ἐστὶ</span> <span class='ocrx_word' id='word_1_958' title='bbox 2558 4381 2928 4455; x_wconf 85' lang='grc' dir='ltr'>δυνατώτερός</span> <span class='ocrx_word' id='word_1_959' title='bbox 2954 4401 3015 4437; x_wconf 88' lang='grc' dir='ltr'>τε</span> <span class='ocrx_word' id='word_1_960' title='bbox 3047 4385 3143 4438; x_wconf 64' lang='grc' dir='ltr'>καὶ⁹</span> <span class='ocrx_word' id='word_1_961' title='bbox 3173 4382 3573 4454; x_wconf 84' lang='grc' dir='ltr'>εὐπορώτερος.</span> <span class='ocrx_word' id='word_1_962' title='bbox 3601 4383 3712 4436; x_wconf 79' lang='grc' dir='ltr'>Καὶ</span> <span class='ocrx_word' id='word_1_963' title='bbox 3744 4383 3816 4433; x_wconf 80' lang='grc' dir='ltr'>ἵνα</span> 
     </span>
    </p>
   </div>
   <div class='ocr_carea' id='block_1_120' title="bbox 2151 4468 3815 4544">
    <p class='ocr_par' dir='ltr' id='par_1_120' title="bbox 2151 4468 3815 4544">
     <span class='ocr_line' id='line_1_120' title="bbox 2151 4468 3815 4544; baseline -0.006 -16"><span class='ocrx_word' id='word_1_964' title='bbox 2151 4472 2329 4544; x_wconf 81' lang='grc' dir='ltr'>μάθῃς</span> <span class='ocrx_word' id='word_1_965' title='bbox 2357 4473 2440 4526; x_wconf 83' lang='grc' dir='ltr'>ὃτι</span> <span class='ocrx_word' id='word_1_966' title='bbox 2478 4473 2540 4525; x_wconf 90' lang='grc' dir='ltr'>οὐ</span> <span class='ocrx_word' id='word_1_967' title='bbox 2582 4471 2841 4526; x_wconf 90' lang='grc' dir='ltr'>κολακεία</span> <span class='ocrx_word' id='word_1_968' title='bbox 2872 4472 2934 4525; x_wconf 73' lang='grc' dir='ltr'><strong>τὸ</strong></span> <span class='ocrx_word' id='word_1_969' title='bbox 2977 4471 3292 4542; x_wconf 85' lang='grc' dir='ltr'>λεγόμενον,</span> <span class='ocrx_word' id='word_1_970' title='bbox 3333 4470 3450 4524; x_wconf 74' lang='grc' dir='ltr'>ἀλλ’</span> <span class='ocrx_word' id='word_1_971' title='bbox 3490 4468 3746 4537; x_wconf 86' lang='grc' dir='ltr'>άληθῶς,</span> <span class='ocrx_word' id='word_1_972' title='bbox 3774 4468 3815 4518; x_wconf 79' lang='grc' dir='ltr'>οἰ</span> 
     </span>
    </p>
   </div>
   <div class='ocr_carea' id='block_1_121' title="bbox 2150 4553 3814 4632">
    <p class='ocr_par' dir='ltr' id='par_1_121' title="bbox 2150 4553 3814 4632">
     <span class='ocr_line' id='line_1_121' title="bbox 2150 4553 3814 4632; baseline -0.004 -17"><span class='ocrx_word' id='word_1_973' title='bbox 2150 4561 2316 4632; x_wconf 84' lang='grc' dir='ltr'>μηδὲν</span> <span class='ocrx_word' id='word_1_974' title='bbox 2348 4559 2708 4630; x_wconf 89' lang='grc' dir='ltr'>κεκτημένοι,</span> <span class='ocrx_word' id='word_1_975' title='bbox 2745 4553 2889 4614; x_wconf 77' lang='grc' dir='ltr'>οὗτοι</span> <span class='ocrx_word' id='word_1_976' title='bbox 2921 4559 3158 4628; x_wconf 85' lang='grc' dir='ltr'>μάλιστα</span> <span class='ocrx_word' id='word_1_977' title='bbox 3189 4559 3411 4613; x_wconf 90' lang='grc' dir='ltr'>πάντων</span> <span class='ocrx_word' id='word_1_978' title='bbox 3446 4556 3814 4630; x_wconf 74' lang='grc' dir='ltr'>ἐλευθεροστο·</span> 
     </span>
    </p>
   </div>
   <div class='ocr_carea' id='block_1_122' title="bbox 2149 4641 3814 4719">
    <p class='ocr_par' dir='ltr' id='par_1_122' title="bbox 2149 4641 3814 4719">
     <span class='ocr_line' id='line_1_122' title="bbox 2149 4641 3814 4719; baseline -0.006 -16"><span class='ocrx_word' id='word_1_979' title='bbox 2149 4653 2270 4719; x_wconf 87' lang='grc' dir='ltr'>μεῖν</span> <span class='ocrx_word' id='word_1_980' title='bbox 2296 4648 2529 4702; x_wconf 86' lang='grc' dir='ltr'>δύναιντ’</span> <span class='ocrx_word' id='word_1_981' title='bbox 2554 4649 2649 4711; x_wconf 76' lang='grc' dir='ltr'>ἂν,</span> <span class='ocrx_word' id='word_1_982' title='bbox 2686 4647 2845 4700; x_wconf 88' lang='grc' dir='ltr'>πόσοι</span> <span class='ocrx_word' id='word_1_983' title='bbox 2879 4646 3125 4700; x_wconf 84' lang='grc' dir='ltr'>πλούσιοι</span> <span class='ocrx_word' id='word_1_984' title='bbox 3154 4647 3295 4701; x_wconf 84' lang='grc' dir='ltr'>κατά</span> <span class='ocrx_word' id='word_1_985' title='bbox 3324 4646 3418 4700; x_wconf 84' lang='grc' dir='ltr'>τὸν</span> <span class='ocrx_word' id='word_1_986' title='bbox 3457 4648 3655 4718; x_wconf 77' lang='grc' dir='ltr'>καιρὸν</span> <span class='ocrx_word' id='word_1_987' title='bbox 3683 4641 3814 4716; x_wconf 75' lang='grc' dir='ltr'>ἦσαν</span> 
     </span>
    </p>
   </div>
   <div class='ocr_carea' id='block_1_123' title="bbox 2157 4732 3811 4808">
    <p class='ocr_par' dir='ltr' id='par_1_123' title="bbox 2157 4732 3811 4808">
     <span class='ocr_line' id='line_1_123' title="bbox 2157 4732 3811 4808; baseline -0.004 -18"><span class='ocrx_word' id='word_1_988' title='bbox 2157 4735 2429 4808; x_wconf 74' lang='grc' dir='ltr'>Ἦρώδους</span> <span class='ocrx_word' id='word_1_989' title='bbox 2475 4734 2630 4787; x_wconf 85' lang='grc' dir='ltr'>πόσοι</span> <span class='ocrx_word' id='word_1_990' title='bbox 2677 4733 2971 4801; x_wconf 76' lang='grc' dir='ltr'>δυνάσταις</span> <span class='ocrx_word' id='word_1_991' title='bbox 3013 4733 3098 4797; x_wconf 90' lang='grc' dir='ltr'>τίς</span> <span class='ocrx_word' id='word_1_992' title='bbox 3161 4732 3440 4804; x_wconf 88' lang='grc' dir='ltr'>παρῆλθεν</span> <span class='ocrx_word' id='word_1_993' title='bbox 3490 4734 3573 4796; x_wconf 87' lang='grc' dir='ltr'>εἰς</span> <span class='ocrx_word' id='word_1_994' title='bbox 3621 4734 3811 4804; x_wconf 77' lang='grc' dir='ltr'>μέσονς</span> 
     </span>
    </p>
   </div>
   <div class='ocr_carea' id='block_1_124' title="bbox 2143 4820 3811 4893">
    <p class='ocr_par' dir='ltr' id='par_1_124' title="bbox 2143 4820 3811 4893">
     <span class='ocr_line' id='line_1_124' title="bbox 2143 4820 3811 4893; baseline -0.005 -15"><span class='ocrx_word' id='word_1_995' title='bbox 2143 4823 2225 4886; x_wconf 90' lang='grc' dir='ltr'>τίς</span> <span class='ocrx_word' id='word_1_996' title='bbox 2271 4822 2570 4893; x_wconf 80' lang='grc' dir='ltr'>ἐπετίμησε</span> <span class='ocrx_word' id='word_1_997' title='bbox 2614 4821 2692 4892; x_wconf 84' lang='grc' dir='ltr'>τῷ</span> <span class='ocrx_word' id='word_1_998' title='bbox 2735 4823 3018 4892; x_wconf 83' lang='grc' dir='ltr'>τυράννῳ;</span> <span class='ocrx_word' id='word_1_999' title='bbox 3075 4821 3156 4885; x_wconf 86' lang='grc' dir='ltr'>τίς</span> <span class='ocrx_word' id='word_1_1000' title='bbox 3194 4823 3402 4892; x_wconf 83' lang='grc' dir='ltr'>ῆμυνεν</span> <span class='ocrx_word' id='word_1_1001' title='bbox 3450 4820 3811 4889; x_wconf 84' lang='grc' dir='ltr'>ἀδικουμένοις</span> 
     </span>
    </p>
   </div>
   <div class='ocr_carea' id='block_1_125' title="bbox 2141 4908 3812 4980">
    <p class='ocr_par' dir='ltr' id='par_1_125' title="bbox 2141 4908 3812 4980">
     <span class='ocr_line' id='line_1_125' title="bbox 2141 4908 3812 4980; baseline -0.004 -16"><span class='ocrx_word' id='word_1_1002' title='bbox 2141 4914 2252 4975; x_wconf 79' lang='grc' dir='ltr'>τοῖς</span> <span class='ocrx_word' id='word_1_1003' title='bbox 2302 4911 2396 4964; x_wconf 85' lang='grc' dir='ltr'>τοῦ</span> <span class='ocrx_word' id='word_1_1004' title='bbox 2455 4908 2588 4962; x_wconf 78' lang='grc' dir='ltr'>Θεοῦ</span> <span class='ocrx_word' id='word_1_1005' title='bbox 2641 4909 2864 4979; x_wconf 87' lang='grc' dir='ltr'>νόμοις;</span> <span class='ocrx_word' id='word_1_1006' title='bbox 2911 4909 3032 4961; x_wconf 85' lang='grc' dir='ltr'>Τῶν</span> <span class='ocrx_word' id='word_1_1007' title='bbox 3077 4909 3176 4980; x_wconf 80' lang='grc' dir='ltr'>μὲν</span> <span class='ocrx_word' id='word_1_1008' title='bbox 3236 4908 3485 4980; x_wconf 82' lang='grc' dir='ltr'>εὐπόρων</span> <span class='ocrx_word' id='word_1_1009' title='bbox 3534 4908 3742 4970; x_wconf 74' lang='grc' dir='ltr'>οὐδείς’</span> <span class='ocrx_word' id='word_1_1010' title='bbox 3790 4908 3812 4957; x_wconf 77' lang='grc' dir='ltr'>ί</span> 
     </span>
    </p>
   </div>
   <div class='ocr_carea' id='block_1_126' title="bbox 2142 4995 3810 5068">
    <p class='ocr_par' dir='ltr' id='par_1_126' title="bbox 2142 4995 3810 5068">
     <span class='ocr_line' id='line_1_126' title="bbox 2142 4995 3810 5068; baseline -0.002 -18"><span class='ocrx_word' id='word_1_1011' title='bbox 2142 4999 2198 5051; x_wconf 86' lang='grc' dir='ltr'>δέ</span> <span class='ocrx_word' id='word_1_1012' title='bbox 2247 4998 2415 5067; x_wconf 77' lang='grc' dir='ltr'>πένης</span> <span class='ocrx_word' id='word_1_1013' title='bbox 2463 4996 2556 5049; x_wconf 71' lang='grc' dir='ltr'>καὶ</span> <span class='ocrx_word' id='word_1_1014' title='bbox 2591 4996 2824 5066; x_wconf 81' lang='grc' dir='ltr'>πτωχὸς,</span> <span class='ocrx_word' id='word_1_1015' title='bbox 2863 4996 2892 5048; x_wconf 84' lang='grc' dir='ltr'>ὁ</span> <span class='ocrx_word' id='word_1_1016' title='bbox 2929 4995 3006 5068; x_wconf 80' lang='grc' dir='ltr'>μὴ</span> <span class='ocrx_word' id='word_1_1017' title='bbox 3051 4996 3275 5067; x_wconf 89' lang='grc' dir='ltr'>κλίνην,</span> <span class='ocrx_word' id='word_1_1018' title='bbox 3330 4999 3470 5068; x_wconf 86' lang='grc' dir='ltr'>μήτε</span> <span class='ocrx_word' id='word_1_1019' title='bbox 3517 4995 3810 5067; x_wconf 78' lang='grc' dir='ltr'>τράπεζαν,</span> 
     </span>
    </p>
   </div>
   <div class='ocr_carea' id='block_1_127' title="bbox 2147 5084 3810 5156">
    <p class='ocr_par' dir='ltr' id='par_1_127' title="bbox 2147 5084 3810 5156">
     <span class='ocr_line' id='line_1_127' title="bbox 2147 5084 3810 5156; baseline 0.003 -18"><span class='ocrx_word' id='word_1_1020' title='bbox 2147 5087 2280 5156; x_wconf 80' lang='grc' dir='ltr'>μήτε</span> <span class='ocrx_word' id='word_1_1021' title='bbox 2348 5085 2544 5153; x_wconf 86' lang='grc' dir='ltr'>στέγην</span> <span class='ocrx_word' id='word_1_1022' title='bbox 2597 5084 2756 5154; x_wconf 81' lang='grc' dir='ltr'>ἔχων,</span> <span class='ocrx_word' id='word_1_1023' title='bbox 2807 5086 2835 5137; x_wconf 86' lang='grc' dir='ltr'>ό</span> <span class='ocrx_word' id='word_1_1024' title='bbox 2868 5084 2969 5155; x_wconf 88' lang='grc' dir='ltr'>τῆς</span> <span class='ocrx_word' id='word_1_1025' title='bbox 3022 5085 3231 5156; x_wconf 84' lang='grc' dir='ltr'>ἐρήμου</span> <span class='ocrx_word' id='word_1_1026' title='bbox 3265 5085 3494 5154; x_wconf 87' lang='grc' dir='ltr'>πολίτης</span> <span class='ocrx_word' id='word_1_1027' title='bbox 3532 5085 3810 5153; x_wconf 76' lang='grc' dir='ltr'>Ἰωάννης.</span> 
     </span>
    </p>
   </div>
   <div class='ocr_carea' id='block_1_128' title="bbox 2142 5169 3808 5244">
    <p class='ocr_par' dir='ltr' id='par_1_128' title="bbox 2142 5169 3808 5244">
     <span class='ocr_line' id='line_1_128' title="bbox 2142 5169 3808 5244; baseline 0.001 -20"><span class='ocrx_word' id='word_1_1028' title='bbox 2142 5169 2296 5236; x_wconf 74' lang='grc' dir='ltr'>οὗτος</span> <span class='ocrx_word' id='word_1_1029' title='bbox 2370 5173 2530 5241; x_wconf 89' lang='grc' dir='ltr'>μόνος</span> <span class='ocrx_word' id='word_1_1030' title='bbox 2591 5173 2685 5223; x_wconf 75' lang='grc' dir='ltr'>καὶ</span> <span class='ocrx_word' id='word_1_1031' title='bbox 2741 5170 2953 5242; x_wconf 88' lang='grc' dir='ltr'>πρῶτος</span> <span class='ocrx_word' id='word_1_1032' title='bbox 3015 5173 3156 5242; x_wconf 87' lang='grc' dir='ltr'>μετά</span> <span class='ocrx_word' id='word_1_1033' title='bbox 3218 5174 3536 5244; x_wconf 73' lang='grc' dir='ltr'>παρρησίας</span> <span class='ocrx_word' id='word_1_1034' title='bbox 3605 5174 3808 5238; x_wconf 71' lang='grc' dir='ltr'>ἀπάσης</span> 
     </span>
    </p>
   </div>
   <div class='ocr_carea' id='block_1_129' title="bbox 2142 5258 3806 5332">
    <p class='ocr_par' dir='ltr' id='par_1_129' title="bbox 2142 5258 3806 5332">
     <span class='ocr_line' id='line_1_129' title="bbox 2142 5258 3806 5332; baseline -0.004 -19"><span class='ocrx_word' id='word_1_1035' title='bbox 2142 5261 2232 5313; x_wconf 77' lang='grc' dir='ltr'>τὸν</span> <span class='ocrx_word' id='word_1_1036' title='bbox 2288 5258 2548 5329; x_wconf 86' lang='grc' dir='ltr'>τύραννον</span> <span class='ocrx_word' id='word_1_1037' title='bbox 2603 5259 2832 5328; x_wconf 73' lang='grc' dir='ltr'>ἤλεγχε,</span> <span class='ocrx_word' id='word_1_1038' title='bbox 2904 5260 2998 5312; x_wconf 70' lang='grc' dir='ltr'>καὶ</span> <span class='ocrx_word' id='word_1_1039' title='bbox 3056 5261 3184 5325; x_wconf 76' lang='grc' dir='ltr'>τοὺς</span> <span class='ocrx_word' id='word_1_1040' title='bbox 3238 5261 3556 5332; x_wconf 82' lang='grc' dir='ltr'>μοιχαλίους</span> <span class='ocrx_word' id='word_1_1041' title='bbox 3625 5258 3806 5323; x_wconf 79' lang='grc' dir='ltr'>ἐξεκά-</span> 
     </span>
    </p>
   </div>
   <div class='ocr_carea' id='block_1_130' title="bbox 2141 5345 3802 5419">
    <p class='ocr_par' dir='ltr' id='par_1_130' title="bbox 2141 5345 3802 5419">
     <span class='ocr_line' id='line_1_130' title="bbox 2141 5345 3802 5419; baseline -0.001 -20"><span class='ocrx_word' id='word_1_1042' title='bbox 2141 5347 2307 5400; x_wconf 86' lang='grc' dir='ltr'>λυπτε</span> <span class='ocrx_word' id='word_1_1043' title='bbox 2349 5345 2592 5416; x_wconf 86' lang='grc' dir='ltr'>γάμους,</span> <span class='ocrx_word' id='word_1_1044' title='bbox 2634 5348 2719 5400; x_wconf 68' lang='grc' dir='ltr'>καὶ</span> <span class='ocrx_word' id='word_1_1045' title='bbox 2772 5347 3058 5419; x_wconf 87' lang='grc' dir='ltr'>παρόντων</span> <span class='ocrx_word' id='word_1_1046' title='bbox 3123 5349 3379 5402; x_wconf 86' lang='grc' dir='ltr'>ἀπάντων</span> <span class='ocrx_word' id='word_1_1047' title='bbox 3426 5349 3524 5403; x_wconf 73' lang='grc' dir='ltr'>καὶ</span> <span class='ocrx_word' id='word_1_1048' title='bbox 3590 5348 3802 5402; x_wconf 82' lang='grc' dir='ltr'>ἀκουόν-</span> 
     </span>
    </p>
   </div>
   <div class='ocr_carea' id='block_1_131' title="bbox 2141 5431 3808 5506">
    <p class='ocr_par' dir='ltr' id='par_1_131' title="bbox 2141 5431 3808 5506">
     <span class='ocr_line' id='line_1_131' title="bbox 2141 5431 3808 5506; baseline -0.002 -17"><span class='ocrx_word' id='word_1_1049' title='bbox 2141 5454 2278 5499; x_wconf 85' lang='grc' dir='ltr'>των,</span> <span class='ocrx_word' id='word_1_1050' title='bbox 2308 5434 2406 5504; x_wconf 80' lang='grc' dir='ltr'><strong>τὴν</strong></span> <span class='ocrx_word' id='word_1_1051' title='bbox 2443 5433 2910 5497; x_wconf 81' lang='grc' dir='ltr'>καταδικάζουσαν</span> <span class='ocrx_word' id='word_1_1052' title='bbox 2960 5435 3124 5489; x_wconf 82' lang='grc' dir='ltr'>αὐτὸν</span> <span class='ocrx_word' id='word_1_1053' title='bbox 3170 5435 3395 5506; x_wconf 75' lang='grc' dir='ltr'>ἐξέφερε</span> <span class='ocrx_word' id='word_1_1054' title='bbox 3447 5435 3652 5505; x_wconf 75' lang='grc' dir='ltr'>ψῆφον.</span> <span class='ocrx_word' id='word_1_1055' title='bbox 3707 5431 3808 5486; x_wconf 78' lang='grc' dir='ltr'>Καὶ</span> 
     </span>
    </p>
   </div>
   <div class='ocr_carea' id='block_1_132' title="bbox 2143 5530 3804 5605">
    <p class='ocr_par' dir='ltr' id='par_1_132' title="bbox 2143 5530 3804 5605">
     <span class='ocr_line' id='line_1_132' title="bbox 2143 5530 3804 5605; baseline -0.001 -19"><span class='ocrx_word' id='word_1_1056' title='bbox 2143 5534 2250 5604; x_wconf 83' lang='grc' dir='ltr'>πρὸ</span> <span class='ocrx_word' id='word_1_1057' title='bbox 2301 5530 2486 5584; x_wconf 89' lang='grc' dir='ltr'>τούτου</span> <span class='ocrx_word' id='word_1_1058' title='bbox 2545 5530 2602 5584; x_wconf 84' lang='grc' dir='ltr'>δὲ</span> <span class='ocrx_word' id='word_1_1059' title='bbox 2657 5532 2816 5586; x_wconf 88' lang='grc' dir='ltr'>πάλιν</span> <span class='ocrx_word' id='word_1_1060' title='bbox 2852 5533 2880 5586; x_wconf 76' lang='grc' dir='ltr'><strong>ὁ</strong></span> <span class='ocrx_word' id='word_1_1061' title='bbox 2937 5532 3111 5602; x_wconf 86' lang='grc' dir='ltr'>μέγας</span> <span class='ocrx_word' id='word_1_1062' title='bbox 3154 5533 3378 5598; x_wconf 84' lang='grc' dir='ltr'>Ἠλίας,</span> <span class='ocrx_word' id='word_1_1063' title='bbox 3424 5534 3524 5605; x_wconf 86' lang='grc' dir='ltr'>τῆς</span> <span class='ocrx_word' id='word_1_1064' title='bbox 3554 5531 3804 5604; x_wconf 78' lang='grc' dir='ltr'>μηλωτῆς</span> 
     </span>
    </p>
   </div>
   <div class='ocr_carea' id='block_1_133' title="bbox 2143 5636 3802 5714">
    <p class='ocr_par' dir='ltr' id='par_1_133' title="bbox 2143 5636 3802 5714">
     <span class='ocr_line' id='line_1_133' title="bbox 2143 5636 3802 5714; baseline 0.003 -22"><span class='ocrx_word' id='word_1_1065' title='bbox 2143 5641 2310 5711; x_wconf 82' lang='grc' dir='ltr'>μηδὲν</span> <span class='ocrx_word' id='word_1_1066' title='bbox 2356 5636 2690 5710; x_wconf 84' lang='grc' dir='ltr'>κεκτημένος</span> <span class='ocrx_word' id='word_1_1067' title='bbox 2747 5637 2946 5705; x_wconf 85' lang='grc' dir='ltr'>πλέον,</span> <span class='ocrx_word' id='word_1_1068' title='bbox 2997 5639 3089 5693; x_wconf 80' lang='grc' dir='ltr'>τὸν</span> <span class='ocrx_word' id='word_1_1069' title='bbox 3131 5640 3308 5710; x_wconf 86' lang='grc' dir='ltr'>ἀσεϐῆ</span> <span class='ocrx_word' id='word_1_1070' title='bbox 3359 5641 3456 5694; x_wconf 71' lang='grc' dir='ltr'>καὶ</span> <span class='ocrx_word' id='word_1_1071' title='bbox 3495 5642 3802 5714; x_wconf 78' lang='grc' dir='ltr'>παράνομον</span> 
     </span>
    </p>
   </div>
   <div class='ocr_carea' id='block_1_134' title="bbox 2206 5766 3511 5832">
    <p class='ocr_par' dir='ltr' id='par_1_134' title="bbox 2206 5766 3511 5832">
     <span class='ocr_line' id='line_1_134' title="bbox 2206 5766 3511 5832; baseline 0 -14"><span class='ocrx_word' id='word_1_1072' title='bbox 2206 5769 2230 5798; x_wconf 65' lang='grc'><strong>⁸</strong></span> <span class='ocrx_word' id='word_1_1073' title='bbox 2251 5767 2401 5818; x_wconf 72' lang='lat' dir='ltr'>SaVil.</span> <span class='ocrx_word' id='word_1_1074' title='bbox 2423 5767 2474 5817; x_wconf 73' lang='lat' dir='ltr'><strong>in</strong></span> <span class='ocrx_word' id='word_1_1075' title='bbox 2497 5779 2648 5830; x_wconf 75' lang='lat' dir='ltr'><strong>marg.</strong></span> <span class='ocrx_word' id='word_1_1076' title='bbox 2672 5766 2793 5818; x_wconf 85' lang='grc' dir='ltr'>ἀλλὰ</span> <span class='ocrx_word' id='word_1_1077' title='bbox 2817 5766 2926 5829; x_wconf 85' lang='grc' dir='ltr'>μίαν</span> <span class='ocrx_word' id='word_1_1078' title='bbox 2951 5767 3067 5818; x_wconf 76' lang='grc' dir='ltr'>εἶναι</span> <span class='ocrx_word' id='word_1_1079' title='bbox 3091 5770 3268 5832; x_wconf 76' lang='grc' dir='ltr'>νομίζει</span> <span class='ocrx_word' id='word_1_1080' title='bbox 3293 5769 3380 5828; x_wconf 77' lang='grc' dir='ltr'><strong>τήν</strong></span> <span class='ocrx_word' id='word_1_1081' title='bbox 3396 5771 3511 5818; x_wconf 71' lang='grc' dir='ltr'>ἀνω.</span> 
     </span>
    </p>
   </div>
  </div>
