3964 6342
224 338 333 393 SOI

218 464 419 504 aurem
464 448 545 504 eis
569 448 909 519 loquebatur,
942 450 1039 505 sed
1076 465 1221 521 saepe
1264 453 1319 505 in
1367 451 1491 506 altis
1538 454 1829 517 montibus,

218 548 283 593 et
317 539 371 593 in
401 539 690 610 synagogis
754 538 830 594 Ita
856 546 915 594 et
957 537 1046 593 hic
1089 539 1348 612 intellige.
1390 541 1523 597 Nam
1578 544 1719 598 sicut
1764 544 1833 599 ibi

216 631 511 686 audientes
548 638 709 693 tecta,
739 630 848 685 alio
890 631 1053 686 modo
1106 631 1492 701 intelleximus,
1522 635 1596 689 ita
1644 643 1698 690 et
1742 635 1831 692 hic

216 739 350 779 cum
373 723 586 794 gladios
614 722 864 780 audimus
883 764 897 789 ,
927 739 998 779 ne
1027 733 1272 794 putemus
1300 742 1425 781 eum
1463 726 1691 797 jussisse
1731 728 1831 783 ha—

214 814 340 869 beri
364 813 608 884 gladios,
640 812 736 869 sed
787 830 885 884 per
928 814 1137 886 gladios
1186 816 1488 874 insinuasse
1546 819 1829 876 imminere

213 907 470 974 insidias,
496 916 551 963 et
574 922 858 978 passurum
885 922 944 964 se
974 923 1005 962 a
1030 907 1230 964 Judaais
1257 926 1375 979 qua:
1404 921 1461 965 et
1508 926 1696 980 passus
1721 922 1824 968 est.

214 1001 402 1071 Atque
448 999 554 1056 hoc
590 1016 658 1056 ex
705 1001 1054 1070 sequentibus
1096 999 1437 1057 manifestum
1485 1012 1583 1058 est.
1607 1003 1739 1059 Nam
1770 1014 1828 1059 ut

214 1091 354 1146 dixit
399 1090 688 1147 emendum
724 1092 986 1163 gladium,
1018 1108 1144 1147 mox
1192 1093 1430 1163 adjecit:
1460 1094 1591 1160 Quia
1631 1108 1824 1168 oportet

214 1183 496 1254 adimpleri
544 1201 604 1238 ea
634 1200 751 1256 qua:
788 1184 852 1238 de
899 1201 980 1239 me
1025 1195 1142 1239 sunt
1180 1188 1372 1257 scripta
1394 1186 1547 1256 (Luc.
1571 1188 1661 1243 2?...
1686 1190 1818 1260 57),

216 1273 373 1343 Quod
392 1291 511 1329 cum
538 1275 723 1345 iniquis
749 1284 1013 1345 reputatus
1046 1292 1160 1330 sum
1201 1275 1352 1347 (Isai.
1382 1278 1559 1333 55.12
1584 1282 1623 1349 ).
1653 1279 1822 1335 Disci-

211 1369 354 1438 pulis
380 1378 562 1424 autem
592 1368 913 1434 dicentibus,
945 1367 1043 1421 Hic
1059 1378 1175 1423 sunt
1192 1369 1293 1422 duo
1317 1371 1497 1441 gladii,
1527 1381 1581 1427 et
1603 1388 1707 1427 non
1734 1373 1819 1426 in-

212 1460 580 1531 telligentibus
605 1459 657 1514 id
685 1458 827 1530 quod
847 1458 1047 1514 dictum
1077 1458 1271 1527 fuerat,
1293 1460 1389 1528 ait,
1412 1460 1553 1516 Satis
1572 1473 1643 1516 est
1661 1461 1812 1534 (Luc.

208 1551 299 1606 22.
334 1550 452 1622 '58).
486 1550 723 1606 Tametsi
765 1566 873 1605 non
919 1549 1049 1605 satis
1073 1558 1232 1606 erat:
1261 1565 1436 1622 neque
1476 1552 1620 1606 enim
1650 1552 1815 1608 sull‘e-

207 1646 417 1701 eissent
433 1645 520 1700 vel
540 1643 669 1707 duo,
685 1643 768 1698 vel
792 1650 921 1708 tres,
944 1643 1028 1698 vel
1051 1654 1286 1709 centum,
1301 1643 1348 1697 si
1370 1643 1603 1698 humano
1617 1645 1815 1699 auxilio

208 1752 304 1791 eos
332 1736 415 1791 uti
445 1736 745 1802 voluisset;
776 1735 919 1805 quod
949 1735 993 1788 si
1022 1735 1194 1790 noluit
1219 1750 1315 1791 eos
1355 1735 1589 1791 humano
1621 1738 1812 1806 praesi-

206 1826 299 1881 dio
327 1827 406 1881 uti
434 1867 449 1893 ,
479 1836 603 1881 sunt
628 1826 812 1896 utique
837 1836 894 1881 et
922 1826 976 1880 hi
1006 1825 1115 1881 duo
1140 1825 1421 1897 superflui.
1453 1828 1684 1883 Proinde
1725 1830 1812 1884 hie

206 1920 442 1989 :enigma
489 1934 595 1973 non
619 1918 901 1989 exposuit;
933 1918 984 1972 id
1012 1918 1157 1989 quod
1198 1934 1344 1991 sape
1390 1920 1568 1976 facere
1615 1922 1810 1992 depre-

203 2009 505 2076 henditur,
542 2018 602 2065 ut
628 2011 839 2081 quoties
890 2008 1034 2063 dicta
1080 2011 1259 2065 minus
1304 2012 1608 2082 intelligunt
1651 2012 1811 2068 disci-

204 2102 339 2173 puli,
373 2101 590 2156 eventui
640 2116 819 2155 rerum
858 2099 1124 2155 dictorum
1161 2088 1574 2191 intelligentiam
1622 2105 1808 2191 expla-

201 2193 441 2248 nandam
487 2192 794 2263 relinquens
819 2233 834 2260 ,
864 2200 1165 2261 praetereat.
1196 2192 1271 2247 lta
1301 2202 1354 2247 et
1390 2194 1517 2248 alibi
1545 2188 1691 2249 facit.
1730 2188 1808 2251 De

200 2285 604 2340 resurrectione
653 2285 794 2339 enim
850 2285 1154 2351 disserens,
1199 2286 1277 2340 sic
1327 2284 1538 2341 dicebat
1568 2303 1581 2340 :
1616 2287 1808 2373 solvite

198 2379 453 2450 templum
482 2378 576 2432 hoc
595 2418 610 2443 ,
637 2386 681 2431 et
710 2379 764 2431 in
810 2376 969 2431 tribus
1012 2376 1189 2432 diebus
1213 2378 1441 2433 excitabo
1467 2380 1598 2433 illud
1620 2378 1800 2454 (loan.

197 2471 253 2525 2.
288 2471 385 2539 l9)
416 2488 429 2523 :
463 2480 518 2525 et
568 2484 674 2524 non
706 2469 1074 2540 intelligebant
1101 2469 1349 2540 discipuli
1392 2471 1519 2541 quid
1566 2471 1801 2540 diceret,

194 2568 342 2621 sicut
382 2574 437 2620 et
487 2563 809 2636 evangelista
853 2571 1101 2630 testatur,
1130 2562 1314 2619 dicens
1344 2581 1357 2619 :
1390 2564 1609 2630 Quando
1638 2576 1805 2621 autem

192 2660 476 2715 resurrexit
508 2658 684 2725 Iesus,
709 2658 1030 2712 crediderunt
1082 2655 1226 2735 verba
1263 2657 1394 2728 ejus,
1437 2666 1485 2713 et
1515 2656 1805 2727 Scriptura:

192 2752 305 2819 (Ib.
335 2766 389 2803 υ.
417 2748 536 2820 22).
570 2750 638 2804 Et
661 2751 854 2803 iterum
895 2748 1022 2803 alibi
1054 2765 1067 2800 :
1106 2747 1354 2802 Nondum
1393 2752 1526 2804 enim
1555 2751 1797 2818 sciebant,

187 2844 333 2916 quod
357 2844 618 2914 oportebat
644 2843 811 2913 ipsum
831 2858 860 2896 e
877 2842 1090 2897 mortuis
1115 2859 1373 2914 resurgere
1396 2840 1575 2917 (Joan.
1597 2844 1688 2899 20.
1719 2844 1798 2917 9).

261 2938 319 2992 Δ.
350 2936 461 2991 Sed
483 2935 706 3005 quazstio
722 2935 851 2990 satis
867 2934 1042 2989 soluta
1058 2943 1159 2991 est.
1178 2935 1286 2991 Nos
1300 2951 1440 2992 nunc
1455 2936 1521 2992 ad
1539 2938 1798 3009 reliquam

185 3028 537 3085 salutationis
584 3037 789 3099 partem
834 3042 1143 3082 sermonem
1186 3027 1487 3084 ﬂectamus.
1531 3028 1797 3097 Quidnam

183 3138 322 3194 ergo
368 3130 454 3176 est
490 3161 506 3187 ,
536 3121 677 3191 quod
724 3120 926 3176 dictum
951 3128 1035 3175 est
1058 3161 1075 3187 ,
1122 3129 1177 3176 et
1226 3121 1366 3176 unde
1396 3122 1535 3178 istuc
1571 3123 1797 3195 digressi

183 3215 424 3271 sumus?
453 3214 749 3269 Priscillam
792 3222 846 3269 et
871 3213 1118 3284 Aquilam
1148 3214 1335 3271 beatos
1359 3214 1624 3285 diximus,
1654 3218 1796 3288 quod

181 3326 315 3366 eum
342 3308 517 3365 Paulo
544 3307 883 3373 habitarent,
914 3306 1201 3378 diligenter
1226 3306 1564 3363 addiscentes
1590 3324 1795 3365 morem

180 3405 408 3461 habitus
431 3410 488 3459 et
512 3403 1017 3466 calceamentorum,
1050 3410 1209 3472 atque
1230 3402 1411 3457 omnia
1437 3418 1559 3473 qua:
1579 3404 1794 3473 agebat.

178 3494 325 3550 llinc
367 3493 528 3549 nobis
574 3502 728 3549 enata
775 3501 861 3548 est
888 3493 1115 3563 quaestio
1148 3510 1163 3548 :
1193 3493 1346 3563 cujus
1388 3494 1557 3565 gratia
1584 3493 1796 3551 Christo

177 3586 513 3657 prohibente
541 3583 743 3655 aliquid
778 3592 974 3655 praeter
1002 3599 1163 3638 unam
1206 3592 1406 3639 vestem
1433 3584 1618 3640 haberi
1646 3628 1662 3653 ,
1694 3587 1794 3641 visi

175 3688 315 3734 sunt
366 3677 425 3732 hi
481 3676 683 3732 habere
726 3675 963 3731 sandalia
1011 3684 1065 3731 et
1104 3676 1502 3746 penulam?Et
1545 3693 1795 3734 sermone

172 3772 618 3827 demonstratum
644 3776 728 3823 est
752 3808 769 3835 ,
798 3754 1074 3838 apostolos
1118 3768 1202 3822 his
1233 3767 1432 3823 utendo
1471 3768 1642 3840 legem
1686 3786 1790 3826 non

173 3874 557 3934 transgressos
602 3876 764 3929 esse,
808 3860 907 3917 sed
936 3860 1219 3931 diligenter
1280 3862 1617 3917 observasse.
1671 3864 1793 3919 Ilaec

170 3964 367 4009 autem
388 3952 719 4016 dicebamus,
750 3967 857 4006 non
884 3961 941 4006 ut
961 3966 1059 4006 vos
1082 3951 1149 4006 ad
1169 3953 1559 4007 coaeervandas
1581 3953 1793 4009 divitias

171 4046 600 4101 exhortaremur
619 4085 636 4108 ,
669 4052 725 4097 et
751 4057 1169 4114 provocaremus
1200 4053 1257 4098 ut
1276 4044 1393 4114 plus
1420 4060 1579 4115 quam
1606 4062 1796 4102 neces-

168 4140 315 4194 sitas
339 4137 595 4208 postulat,
617 4136 953 4207 possideatis,
977 4137 1071 4193 sed
1091 4138 1142 4193 in
1169 4148 1416 4210 promptu
1447 4141 1554 4195 sint
1573 4157 1692 4210 qua:
1708 4143 1787 4197 in-

170 4233 444 4288 ﬁdelibus
525 4240 707 4286 nostra
761 4231 1060 4287 ridentibus
1124 4232 1517 4304 respondeatis.
1575 4234 1790 4291 Etenim

167 4327 432 4383 Christus
474 4325 806 4395 superiorem
836 4325 1006 4395 legem
1052 4324 1304 4391 solvens,
1355 4341 1461 4381 non
1486 4327 1647 4396 jussit
1692 4343 1791 4383 nos

168 4419 389 4474 habere
414 4417 628 4483 domos,
652 4431 858 4481 servos,
882 4416 1069 4479 lectos,
1092 4431 1216 4472 vasa
1237 4426 1508 4487 argentea,
1537 4418 1616 4473 vel
1637 4419 1792 4488 quid-

168 4514 324 4583 piam
379 4510 572 4564 horum
602 4526 615 4563 :
644 4508 739 4563 sed
782 4522 882 4563 nos
906 4524 936 4564 a
965 4511 1111 4578 prius
1156 4509 1421 4565 dictorum
1471 4512 1789 4566 necessitate

166 4605 387 4659 liberos
415 4617 538 4657 esse
566 4601 751 4656 voluit.
782 4600 937 4656 Unde
979 4611 1035 4657 et
1076 4602 1271 4656 Paulus
1312 4604 1390 4657 sic
1424 4603 1747 4659 admonebat
1768 4646 1783 4670 ,

164 4696 415 4751 dicens:
451 4691 707 4747 Habentes
749 4693 937 4748 victum
980 4702 1027 4746 et
1072 4701 1378 4764 tegumenta,
1434 4694 1513 4748 his
1569 4698 1788 4750 contenti

163 4802 360 4842 sumus
384 4783 402 4851 (
426 4786 481 4841 1.
503 4784 636 4839 Tim.
653 4784 705 4840 6.
726 4785 759 4840 8
783 4783 827 4855 ).
846 4784 1211 4840 Tribuendum
1230 4786 1371 4840 enim
1400 4789 1679 4857 egentibus
1696 4828 1713 4855 ,
1741 4789 1785 4842 si

162 4877 302 4950 quid
334 4877 461 4931 usui
486 4887 672 4931 n05tro
696 4884 973 4945 superest:
998 4877 1051 4931 id
1074 4877 1215 4946 quod
1246 4877 1482 4933 Priscilla
1513 4887 1568 4933 et
1594 4880 1786 4949 Aquila

162 4985 445 5044 perquam
474 4968 715 5025 studiose
757 4969 1042 5025 faciebant.
1073 4969 1141 5024 Et
1166 4969 1366 5025 idcirco
1392 4986 1487 5025 eos
1529 4971 1706 5025 laudat
1731 4979 1787 5026 et

159 5064 483 5121 admiratur
510 5062 805 5133 apostolus,
838 5062 1046 5131 insigne
1077 5063 1293 5118 illorum
1325 5064 1654 5133 praeconium
1684 5080 1782 5134 ap-

163 5166 413 5226 ponens.
442 5151 576 5207 Nam
603 5161 663 5207 ut
686 5152 856 5217 dixit,
889 5152 1126 5209 Salutate
1150 5152 1447 5209 Priscillam
1470 5164 1518 5209 et
1544 5155 1784 5228 Aquilam

163 5247 507 5321 cooperarios
551 5263 687 5301 meos
728 5247 783 5301 in
824 5246 1047 5301 Domino
1088 5247 1285 5318 (Rom.
1334 5247 1421 5303 16.
1469 5247 1579 5321 5),
1620 5251 1782 5305 etiam

162 5318 400 5397 causam
441 5339 589 5409 ponit
625 5347 785 5394 tantm
813 5339 1073 5394 caritatis.
1102 5339 1364 5406 Qualem?
1395 5338 1494 5405 Qui
1523 5318 1620 5410 pro
1646 5358 1775 5405 mea,

164 5436 290 5499 ait,
327 5435 505 5487 anima
561 5434 801 5488 cervicem
848 5450 993 5488 suam
1030 5451 1340 5505 supposuere
1386 5434 1571 5506 (Ibid.
1603 5451 1652 5489 υ.
1680 5435 1713 5489 4
1736 5434 1778 5503 ).

172 5527 373 5598 Igitur,
405 5524 549 5578 dicet
576 5524 804 5580 fortasse
826 5524 1019 5594 aliquis
1038 5566 1053 5589 ,
1082 5525 1182 5580 hac
1207 5526 1275 5581 de
1298 5540 1459 5581 causa
1486 5540 1582 5580 eos
1608 5525 1781 5597 diligis

163 5628 223 5671 et
253 5628 417 5670 amas
444 5612 469 5666 ?
496 5614 726 5670 Maxime
753 5632 765 5668 :
808 5616 931 5685 quia
964 5616 1081 5670 etsi
1115 5616 1166 5669 id
1210 5632 1370 5670 unum
1400 5617 1666 5686 egissent,
1698 5616 1779 5671 vel

165 5707 306 5760 hinc
338 5703 494 5759 laude
522 5702 665 5775 digni
696 5716 867 5759 crant.
891 5704 991 5772 Qui
1012 5706 1153 5760 enim
1175 5706 1363 5760 ducem
1392 5707 1658 5760 exercitus
1678 5708 1781 5760 stl-

163 5812 305 5853 vum
339 5794 463 5852 fecit
482 5838 497 5865 ,
523 5805 580 5853 et
605 5797 801 5853 milites
828 5797 955 5855 fecit
984 5798 1162 5853 salvos
1192 5799 1319 5870 :qui
1350 5797 1616 5854 medicum
1644 5799 1774 5855 libe-

989 338 1053 394 ΙΝ
1099 338 1321 407 ILLUD,
1361 340 1729 396 SALUTATE
1771 342 2173 413 PRISCll.l..\M
2218 356 2304 438 ΕΤ
2345 359 2680 426 AQUILAM.
2722 366 2786 423 ll.

3424 384 3533 438 20?.

1954 461 2093 516 ravit
2118 466 2392 535 periculis,
2424 481 2480 527 et
2508 473 2795 534 liberantes
2820 481 3023 540 morbis
3050 485 3117 541 ad
3141 488 3422 549 sanitatem
3450 513 3535 552 re-

1939 548 2123 607 duxit:
2140 556 2228 626 qui
2250 560 2658 628 gubernatorem
2675 567 2923 627 fluctibus
2938 575 3151 645 eripuit,
3167 548 3533 643 navemtotam

1938 654 2003 695 ex
2031 645 2188 702 undis
2211 648 2456 709 liberavit
2474 672 2490 709 :
2506 657 2587 712 sic
2610 659 2791 732 utique
2812 665 2901 734 qui
2929 670 3240 740 magistrum
3268 677 3411 733 orbis
3433 683 3533 737 sal.

1936 743 2146 801 varunt,
2169 747 2220 793 et
2250 755 2345 809 pro
2360 742 2503 800 illius
2518 747 2689 804 salute
2705 756 3017 823 sanguinem
3042 776 3195 817 suum
3209 764 3527 839 effuderunt,

1934 824 2081 880 orbis
2106 842 2318 901 quoque
2348 835 2513 892 totius
2538 837 2755 898 fuerunt
2800 845 3200 920 benefactores,
3232 867 3414 927 utpote
3439 824 3529 933 qui

1936 927 2034 970 sua
2076 932 2201 990 erga
2248 937 2637 998 praeceptorem
2667 936 2999 1003 providentia
3024 942 3314 1016 discipulos
3341 927 3527 1011 omnes

1930 1012 2279 1068 servaverint.
2307 1014 2377 1071 Ut
2395 1027 2577 1076 autem
2600 1022 2796 1093 discas,
2828 1042 2923 1085 eos
2945 1046 3049 1087 non
3071 1012 3241 1091 solum
3264 1054 3387 1113 erga
3410 1058 3526 1098 ma-

1928 1095 2152 1164 gistrum
2190 1102 2323 1160 tales
2351 1106 2517 1165 fuisse
2537 1152 2554 1179 ,
2580 1114 2677 1169 sed
2706 1125 2762 1171 et
2790 1116 3043 1178 fratribus
3069 1127 3309 1184 eamdem
3324 1095 3523 1191 "curam

1931 1186 2263 1260 impendisse
2287 1239 2303 1265 ,
2332 1201 2455 1256 audi
2477 1208 2777 1276 sequentia.
2800 1210 2932 1267 Nam
2963 1230 3084 1272 cum
3114 1218 3375 1290 dixisset,
3410 1226 3518 1281 Pro

1924 1284 2097 1338 anima
2128 1304 2240 1343 mea
2288 1294 2533 1351 cervicem
2587 1316 3001 1375 supposuerunt,
3047 1309 3285 1381 adjecit:
3331 1317 3523 1385 Quibus

1923 1389 2027 1428 non
2051 1393 2143 1448 ego
2168 1380 2308 1438 solus
2330 1389 2522 1456 gratias
2546 1406 2646 1462 ago
2670 1433 2685 1458 ,
2715 1395 2806 1449 sed
2833 1406 2881 1451 et
2922 1415 3096 1456 omnes
3118 1380 3371 1463 Ecclesia;
3401 1427 3522 1481 gen-

1923 1468 2067 1527 tium.
2113 1473 2250 1543 Quid
2292 1479 2412 1535 ais?
2453 1482 2830 1544 Tentoriorum
2874 1493 3157 1563 Opilicibus
3190 1538 3206 1565 ,
3269 1468 3521 1572 pauperi-

1920 1560 2023 1618 bus
2043 1603 2059 1630 ,
2090 1568 2417 1639 artiﬁcibus,
2447 1576 2640 1646 quibus
2669 1580 2799 1636 nihil
2830 1560 3025 1652 praeter
3050 1560 3247 1647 vietum
3271 1560 3523 1652 necessa-

1920 1652 2063 1711 rium
2113 1664 2455 1732 suppetebat,
2501 1682 2692 1727 omnes
2737 1671 2993 1731 Ecclesia:
3039 1682 3274 1749 gentium
3320 1689 3521 1753 gratias

1918 1748 2126 1817 agunt?
2174 1749 2243 1805 Et
2272 1754 2413 1823 quid'
2442 1764 2645 1814 tantum
2685 1759 2793 1816 duo
2821 1764 2896 1818 illi
2940 1748 3197 1835 prodesse
3236 1748 3520 1843 potuerunt

1918 1848 1996 1894 tot
2025 1841 2322 1898 Ecclesiis?
2350 1862 2455 1917 qua
2503 1864 2666 1919 opum
2708 1853 3029 1911 abundantia
3054 1900 3070 1926 ,
3119 1841 3518 1934 qua—potentiae

1916 1932 2305 2001 magnitudine,
2338 1952 2444 2006 quo
2476 1941 2619 2010 apud
2651 1943 2926 2016 principes
2952 1946 3141 2006 favore
3166 1932 3518 2013 claruerunt?

1915 2021 2087 2092 Opum
2112 2024 2329 2095 quidem
2355 2029 2703 2101 abundantia,
2735 2043 2791 2090 et
2814 2040 3073 2107 potentia,
3101 2051 3156 2096 et
3178 2046 3347 2113 gratia
3374 2049 3515 2117 apud

1914 2113 2239 2184 imperantes
2263 2119 2392 2173 nihil
2415 2122 2717 2192 valuerunt,
2752 2128 2845 2182 sed
2877 2140 2990 2184 erat
3034 2132 3133 2198 eis,
3161 2135 3247 2204 qui
3269 2139 3517 2195 omnibus

1912 2207 2086 2277 major
2131 2218 2216 2264 est
2243 2252 2258 2278 ,
2290 2212 2502 2269 animus
2527 2216 2593 2271 ad
2621 2219 2855 2287 pericula
2895 2223 3183 2281 admodum
3214 2242 3511 2301 promptus.

1913 2298 2049 2355 Hinc
2084 2310 2166 2356 est
2197 2305 2341 2374 quod
2369 2305 2437 2361 de
2465 2308 2649 2363 multis
2672 2311 2810 2367 bene
2837 2327 3183 2384 meruerunt,
3215 2298 3515 2393 multosque

1910 2401 2216 2447 servarunt.
2248 2394 2434 2467 Neque
2459 2399 2603 2453 enim
2635 2400 2888 2458 Eeclesiis
2914 2414 3020 2460 tam
3053 2409 3307 2477 prodesse
3335 2414 3514 2470 valent

1909 2481 2102 2539 divites
2130 2485 2202 2539 illi
2236 2485 2418 2542 fastosi
2439 2529 2455 2555 ,
2488 2498 2546 2544 ut
2571 2506 2834 2561 pauperes
2862 2500 3204 2567 magnanimi.
3232 2501 3401 2558 Nemo
3425 2507 3510 2559 di-

1909 2582 2051 2629 ctum
2081 2576 2181 2631 hoc
2211 2579 2436 2635 miretur
2461 2598 2476 2636 :
2505 2597 2692 2638 verum
2722 2586 2866 2640 enim
2905 2598 3028 2654 est,
3060 2592 3203 2661 quod
3234 2593 3459 2652 dicimus
3484 2640 3500 2663 ,

1907 2667 2068 2739 idque
2097 2670 2259 2727 rebus
2289 2670 2419 2745 ipsis
2446 2675 2828 2748 comprobatur
2856 2700 2870 2737 :
2900 2695 3022 2739 nam
3048 2687 3229 2743 multa:
3256 2698 3382 2746 sunt
3424 2692 3508 2745 di-

1907 2764 2029 2818 vitis
2065 2766 2325 2823 molestia:
2355 2777 2410 2824 et
2436 2772 2697 2840 pericula.
2735 2774 2911 2831 Timet
2941 2794 3039 2849 pro
3067 2780 3260 2849 domo,
3299 2802 3393 2854 pro
3424 2788 3505 2841 fa-

1905 2857 2066 2913 mulis
2089 2899 2104 2925 ,
2134 2874 2230 2929 pro
2258 2862 2399 2931 agris
2423 2903 2439 2927 ,
2486 2879 2582 2933 pro
2612 2867 2804 2937 Opibus
2826 2909 2841 2935 ,
2871 2886 2939 2925 ne
2980 2874 3098 2942 quis
3126 2877 3324 2947 aliquid
3351 2897 3414 2936 ex
3443 2884 3508 2939 iis

1905 2948 2133 3007 aul'brat.
2164 2950 2230 3006 Et
2256 2953 2345 3023 qui
2385 2955 2677 3012 multorum
2708 2970 2791 3014 est
2818 2960 3098 3030 dominus,
3131 2966 3268 3023 idem
3314 2973 3510 3029 multo-

1904 3053 2022 3094 rum
2048 3055 2236 3098 servus
2264 3058 2385 3100 esse
2406 3046 2633 3117 cogitur.
2662 3048 2873 3122 Pauper
2899 3063 3076 3110 autem
3103 3058 3184 3112 his
3204 3063 3503 3131 expeditus,

1904 3140 1959 3185 et
1984 3132 2128 3187 curis
2156 3136 2407 3192 omnibus
2435 3152 2647 3204 carens,
2679 3140 2763 3196 leo
2789 3152 2894 3210 est,
2918 3144 3092 3216 ignem
3128 3152 3313 3219 spirat,
3343 3170 3508 3225 gese-

1904 3239 2029 3280 roso
2050 3234 2104 3281 et
2125 3225 2246 3282 forti
2272 3238 2355 3284 est
2378 3230 2578 3299 animo,
2602 3233 2669 3288 de
2689 3236 2937 3293 omnibus
2957 3254 3076 3297 sese
3096 3246 3327 3313 expedit,
3353 3250 3505 3308 facile

1902 3318 2082 3373 omnia
2106 3319 2237 3390 agit,
2269 3336 2389 3391 qua:
2411 3324 2665 3393 prodesse
2687 3338 2911 3397 possunt
2938 3332 3209 3402 Ecclesiis,
3240 3338 3351 3393 sive
3372 3356 3504 3411 opus

1901 3411 2048 3465 situt
2072 3421 2360 3483 arguantur
2388 3416 2571 3487 aliqui,
2603 3419 2718 3474 sive
2749 3428 2806 3474 ut
2832 3421 3178 3495 inerepentur
3198 3468 3213 3494 ,
3245 3430 3358 3486 sive
3384 3448 3505 3488 sex-

1901 3515 2057 3560 centa
2085 3518 2303 3579 propter
2321 3509 2593 3567 Christum
2612 3528 2775 3583 opera
2802 3517 3076 3572 subeunda
3103 3521 3211 3575 sint
3242 3541 3256 3578 :
3282 3539 3345 3579 ac
3370 3542 3504 3596 quo-

1900 3598 2043 3651 niam
2071 3600 2237 3654 semel
2264 3601 2426 3657 vitam
2455 3602 2700 3673 despexit
2725 3616 3045 3675 prmsentem
3066 3653 3082 3679 ,
3112 3627 3304 3684 magna
3325 3613 3501 3672 facili-

1903 3697 2012 3744 tate
2036 3690 2250 3746 coniicit
2275 3695 2476 3748 omnia.
2507 3694 2645 3761 Quid
2670 3698 2815 3752 enim
2847 3700 3079 3767 timeret,
3104 3702 3211 3769 die,
3243 3706 3503 3765 obsecro?

1897 3780 2033 3835 Num
2062 3797 2130 3836 ne
2155 3797 2287 3853 opes
2312 3784 2430 3855 ejus
2466 3787 2822 3843 auferantur?
2861 3789 2973 3846 Hoc
3002 3807 3162 3848 nemo
3188 3795 3370 3853 dicere
3408 3815 3504 3870 po-

1900 3876 2042 3929 terit.
2074 3875 2211 3931 Num
2248 3893 2316 3934 ne
2346 3879 2578 3948 pellatur
2602 3896 2634 3936 e
2666 3882 2875 3951 patria?
2903 3885 3009 3940 Sed
3037 3888 3313 3945 universus
3356 3893 3502 3948 orbis

1900 3975 2161 4021 terrarum
2186 3968 2233 4023 ei
2279 3968 2468 4025 civitas
2497 3980 2580 4025 est
2607 3972 2822 4027 ‘?Num
2870 3990 2938 4030 ne
2979 3979 3099 4047 quis
3138 3978 3418 4038 imminuat
3446 3986 3497 4039 ei

1899 4057 2122 4113 delicias
2156 4069 2209 4114 et
2239 4061 2585 4117 satellitium?
2613 4061 2717 4118 Sed
2748 4066 2828 4120 his
2864 4069 3113 4124 omnibus
3138 4072 3314 4128 valere
3335 4074 3499 4143 jussis

1899 4148 1949 4202 in
1987 4149 2121 4202 caelo
2169 4150 2410 4218 habitat,
2456 4162 2510 4207 et
2538 4154 2604 4207 ad
2647 4154 2876 4237 fututam
2910 4157 3125 4214 festinat
3170 4162 3355 4218 vitam.
3382 4165 3497 4221 Non

1896 4240 2273 4309 deprecahitur
2298 4242 2451 4309 item,
2484 4244 2529 4299 si
2559 4246 2735 4300 anima
2778 4247 2889 4316 ipsa
2923 4251 3179 4307 tradenda
3208 4256 3296 4321 sit,
3330 4265 3384 4310 et
3411 4257 3495 4312 ef-

1897 4332 2195 4387 fundendus
2212 4334 2448 4404 sanguis.
2475 4335 2606 4390 llinc
2626 4345 2729 4405 est,
2756 4340 2897 4408 quod
2919 4341 3038 4398 talis
3064 4345 3222 4399 etiam
3247 4355 3497 4419 ettyran-

1897 4425 1979 4477 nis
2002 4466 2016 4488 ,
2044 4431 2098 4477 et
2122 4423 2367 4493 regibus,
2395 4435 2449 4479 et
2480 4427 2687 4495 populis
2712 4468 2726 4493 ,
2760 4438 2813 4482 et
2840 4432 3089 4487 omnibus
3118 4438 3388 4503 potentior
3415 4446 3497 4495 est

1895 4531 1957 4570 ac
1985 4514 2165 4569 ditior.
2197 4514 2261 4568 Et
2290 4524 2342 4569 ut
2369 4515 2565 4581 discas,
2589 4518 2729 4587 quod
2759 4535 2882 4574 vere
2906 4520 3039 4585 hmo,
3064 4534 3116 4577 et
3143 4540 3249 4579 non
3271 4528 3497 4581 adulan-

1897 4618 1977 4662 ter
2006 4608 2111 4660 sint
2133 4605 2295 4669 dicta,
2327 4614 2382 4661 et
2409 4608 2549 4676 quod
2575 4609 2661 4677 qui
2691 4610 2820 4664 nihil
2852 4613 3143 4680 possident,
3172 4614 3222 4669 hi
3254 4620 3493 4676 omnium

1894 4700 2151 4754 liherrimi
2172 4699 2277 4752 sint
2304 4700 2371 4752 ad
2400 4684 2721 4769 loquendum
2756 4720 2769 4756 :
2800 4714 2930 4772 quot
2956 4704 3147 4761 divites
3174 4718 3327 4763 erant
3356 4720 3493 4765 tem-

1895 4809 2023 4863 pore
2052 4791 2296 4856 Herodis,
2320 4802 2449 4861 quot
2480 4795 2770 4861 potentes?
2797 4803 2852 4849 et
2877 4796 2996 4865 quis
3025 4798 3075 4851 in
3107 4799 3339 4855 medium
3367 4817 3493 4872 pro-

1894 4882 2080 4952 rupit?
2126 4882 2246 4951 quis
2305 4891 2587 4952 tyrannum
2640 4883 3125 4956 increpavit?quis
3152 4901 3488 4962 contemptus

1891 4976 2037 5046 leges
2068 4975 2156 5029 Dei
2189 4974 2328 5029 ultus
2355 4985 2437 5029 est
2461 4975 2484 5027 ?
2508 4974 2736 5029 Divitum
2765 4977 2979 5047 quidem
3010 4981 3209 5045 nullus,
3240 4984 3333 5038 sed
3366 5001 3493 5054 pau-

1891 5083 1987 5138 per
2013 5068 2104 5122 ille
2133 5076 2188 5121 et
2214 5082 2390 5137 inops,
2420 5071 2508 5137 qui
2539 5084 2709 5137 neque
2736 5070 2930 5123 lectum
2957 5113 2972 5137 ,
3003 5087 3174 5140 neque
3212 5092 3488 5141 mensam.

1892 5175 2065 5229 neque
2094 5168 2293 5213 tectum
2325 5158 2556 5214 habebat
2587 5176 2600 5213 :
2631 5160 2717 5214 ille
2742 5200 2755 5223 ,
2791 5160 3005 5230 inquam
3026 5205 3043 5229 ,
3074 5165 3377 5222 solitudinis
3406 5170 3490 5223 in-

1891 5250 2130 5322 quilinus
2158 5248 2393 5304 Joannes
2415 5290 2431 5315 ,
2464 5249 2553 5303 ille
2590 5250 2738 5304 solus
2765 5260 2819 5305 et
2845 5251 3045 5321 primus
3073 5256 3217 5309 onnti
3249 5257 3492 5317 libertate

1891 5350 2173 5412 tyrannum
2212 5340 2414 5411 arguit,
2464 5348 2517 5395 et
2560 5342 2890 5396 adulterinas
2928 5345 3142 5413 nuptias
3163 5347 3405 5415 detexit,
3438 5362 3493 5405 et

1891 5434 2242 5504 praesentibus
2270 5434 2518 5489 omnibus
2545 5449 2609 5488 ac
2636 5432 2982 5491 audientibus
3001 5439 3342 5505 pronuntiata
3369 5455 3491 5494 sen-

1890 5527 2053 5581 tentia
2069 5541 2192 5581 eum
2208 5523 2602 5581 condemnavit.
2629 5526 2694 5580 Et
2712 5534 2835 5580 ante
2860 5525 3003 5583 hunc
3028 5542 3252 5598 magnus
3273 5545 3487 5601 quoque

1947 5744 1965 5776 ί
2000 5742 2140 5792 Savil.
2166 5743 2213 5791 iu
2237 5742 2458 5806 margine
2481 5743 2551 5793 sic
2573 5742 2744 5805 habet,
2768 5742 2853 5795 sed
2877 5756 3022 5795 unam
3044 5741 3256 5808 patriam
3279 5755 3468 5813 rerum!

1884 5819 1993 5862 (tua:
2016 5818 2204 5857 sursum
2226 5812 2315 5855 est.
