3964 6342
366 355 474 413 203

374 471 570 530 tlelias,
589 463 677 536 qui
705 460 832 518 nihil
852 466 1045 532 praeter
1067 455 1298 511 meloten
1319 446 1647 523 possidebat,
1676 441 1897 512 impium
1922 447 1978 493 et

381 533 845 632 (ir:i:\-arlealorem
874 553 1026 607 illum
1056 545 1242 604 Achab
1271 544 1418 599 solus
1443 539 1667 594 viriliter
1697 533 1974 603 corripuit.

372 621 515 709 i‘tihil
545 650 686 706 enim
717 643 970 716 loquendi
1009 640 1312 696 libertatem
1341 675 1356 702 ,
1402 642 1458 688 et
1483 631 1535 686 in
1565 642 1743 684 rerum
1786 621 1978 716 discri-

376 745 520 800 mine
544 715 888 798 ﬁducismiita
911 733 1134 805 przebet,
1163 728 1293 786 nihil
1316 725 1563 782 homines
1591 720 1728 774 adeo
1748 715 1980 771 munitos

373 847 426 888 et
457 833 623 888 fortes
647 829 833 894 efﬁcit,
881 834 938 879 ut
967 821 1102 879 nihil
1137 818 1418 892 possidere
1441 858 1457 882 ,
1487 821 1543 869 et
1569 811 1728 867 nullis
1755 805 1981 862 smeula-

375 930 524 986 ribus
566 920 919 981 circumvolvi
950 915 1202 988 negotiis.
1235 913 1412 981 Atque
1436 907 1572 962 adeo
1594 947 1609 971 ,
1644 905 1688 958 si
1717 900 1835 971 quis
1877 897 1985 952 vir-

375 1029 541 1075 tutem
555 1017 774 1072 multam
791 1010 1062 1082 possidere
1077 1006 1612 1076 cupit,paupertatem
1626 991 1980 1062 amplexetur,

381 1117 703 1184 praesentem
734 1106 900 1160 vitam
931 1099 1213 1170 despiciat,
1243 1093 1380 1150 nihil
1409 1103 1531 1145 esse
1562 1094 1708 1158 putet
1733 1088 1981 1137 mortem.

379 1172 477 1258 ilic
503 1215 609 1256 non
640 1198 813 1255 solum
844 1195 962 1265 plus
984 1205 1144 1262 quam
1177 1188 1369 1242 divites
1400 1191 1454 1238 ct
1480 1178 1777 1251 principes,
1808 1172 1901 1227 sed
1931 1180 1985 1225 et

381 1296 500 1367 plus
522 1307 680 1365 quam
711 1304 866 1361 reges
893 1285 993 1356 ipsi
1025 1281 1282 1339 Ecelesiis
1323 1277 1576 1349 prodesse
1606 1269 1822 1344 poterit.
1853 1265 1986 1322 Nam

391 1358 682 1460 regnantes
712 1358 864 1439 illi—et
892 1377 1226 1435 abundantes
1255 1377 1606 1443 quzccumque
1648 1363 1885 1426 faciunt,
1936 1358 1986 1412 id

386 1481 578 1551 opibus
597 1477 798 1536 faciunt
825 1491 839 1528 :
867 1472 954 1526 hic
979 1478 1158 1524 autem
1185 1477 1372 1534 magna
1397 1461 1707 1530 plerumque
1736 1461 1989 1524 operatur

385 1588 479 1644 per
511 1569 748 1642 pericula
778 1575 833 1622 et
875 1572 1105 1620 mortem
1151 1559 1344 1629 ipsam.
1388 1555 1600 1622 Quanto
1645 1553 1989 1635 autemauro

385 1626 530 1723 hinni
572 1661 857 1735 pretiosior
885 1665 969 1714 est
1014 1652 1272 1724 sanguis,
1323 1656 1471 1703 tanto
1516 1649 1800 1715 panpertas
1829 1626 1990 1708 quam

386 1758 718 1818 abundantia
748 1754 960 1811 melior.

457 1896 512 1952 5.
553 1891 712 1950 Tales
738 1886 954 1960 quidam
983 1889 1138 1940 erant
1163 1879 1239 1935 illi
1286 1874 1436 1933 Pauli
1480 1869 1721 1942 hospites
1751 1863 1990 1921 Priscilla

394 2001 451 2048 et
473 1989 688 2061 Aquila,
712 1987 798 2058 qui
821 1997 984 2056 opum
1011 1979 1270 2037 carebant
1295 1971 1641 2036 abundantia,
1671 1975 1725 2024 et
1746 1963 1995 2022 omnibus

389 2083 591 2140 divitiis
633 2077 1038 2149 locupletiorem
1065 2071 1302 2142 animum
1330 2064 1716 2137 possidebant,
1765 2071 1994 2117 mortem

391 2180 768 2246 exspectantes
794 2165 1053 2240 quotidie,
1087 2163 1141 2218 in
1165 2158 1315 2218 czede
1345 2166 1401 2213 et
1426 2155 1685 2226 sanguine
1713 2153 1954 2208 viventes
1979 2190 1994 2217 ,

397 2276 559 2338 atque
582 2270 846 2336 perpetuo
867 2255 1181 2329 martyrium
1211 2253 1500 2324 patientes.
1532 2247 1654 2302 Ideo
1682 2261 1770 2300 res
1799 2253 1997 2298 nostra:

394 2361 501 2416 illis
526 2356 859 2427 temporibus
878 2350 1161 2413 ﬂorebant,
1188 2347 1311 2418 quia
1334 2347 1413 2399 sic
1437 2341 1682 2412 discipuli
1707 2338 1995 2409 magistris,

395 2461 450 2508 ct
476 2449 716 2522 magistri
746 2443 1024 2515 discipulis
1047 2438 1282 2510 colligati
1306 2445 1481 2493 erant.
1511 2433 1643 2490 Nam
1671 2431 1866 2488 Paulus
1898 2429 2001 2484 hoc

398 2559 506 2599 non
529 2543 702 2598 solum
723 2539 792 2595 de
817 2537 922 2602 his,
951 2533 1047 2590 sed
1069 2541 1122 2589 et
1143 2532 1209 2587 de
1235 2529 1418 2584 multis
1447 2527 1565 2582 aliis
1591 2533 1836 2580 testatur.
1868 2522 2000 2577 Nam

400 2634 662 2699 Hebraeis,
695 2641 752 2687 et
769 2622 1344 2686 Thessalonicensibus
1375 2661 1391 2687 ,
1425 2629 1478 2674 et
1509 2616 1714 2674 Galatis
1735 2614 1999 2679 scribens,

398 2727 590 2785 asserit
613 2738 804 2781 omnes
825 2722 1008 2777 multis
1038 2715 1424 2774 tentationibus
1452 2711 1701 2778 afﬂictos,
1733 2719 1788 2764 et
1809 2708 2005 2762 indicat

399 2822 454 2875 in
482 2817 723 2889 epistolis
750 2815 862 2871 suis
894 2814 1041 2883 ipsos
1065 2809 1214 2882 pelli,
1246 2805 1417 2877 patria
1446 2803 1720 2866 excidere,
1747 2801 2000 2854 substan-

401 2913 502 2967 tias
527 2909 758 2983 perdere
784 2950 799 2975 ,
823 2915 879 2961 et
899 2904 967 2958 ad
997 2901 1308 2972 sanguinem
1336 2911 1504 2967 usque
1530 2893 1819 2964 periclitari
1854 2910 1867 2946 :
1895 2900 2004 2947 tota

405 3019 591 3060 eorum
633 3002 740 3055 vita
788 2999 840 3053 in
884 2995 1141 3068 gravibus
1185 2987 1570 3046 certaminibus
1599 2994 1718 3041 erat
1743 3027 1758 3054 ,
1785 2993 1841 3039 et
1879 2983 2008 3054 ipsis

403 3093 637 3152 mutilari
659 3091 914 3146 membris
937 3103 1032 3158 pro
1049 3082 1469 3157 praeceptoribus
1489 3097 1593 3136 non
1616 3077 2006 3136 detrectabant.

405 3187 562 3244 Unde
588 3183 791 3241 Galatis
821 3181 1062 3237 scribens
1086 3219 1100 3245 ,
1149 3177 1282 3232 dicit
1312 3192 1328 3230 '.
1353 3174 1533 3230 Testor
1558 3173 1690 3227 enim
1714 3213 1729 3240 ,
1777 3171 1934 3241 quod,
1966 3171 2009 3226 si

408 3276 645 3337 possibile
673 3275 851 3346 fuisset
876 3314 892 3338 ,
915 3272 1086 3326 oculos
1114 3282 1303 3324 vestros
1346 3265 1554 3334 effossos
1583 3266 1707 3318 mihi
1748 3263 2012 3318 dedissetis

408 3370 626 3438 ,‘Galat.
655 3368 712 3422 4.
729 3363 854 3438 15).
875 3365 943 3420 Et
969 3361 1271 3433 Epaphram
1297 3359 1386 3430 qui
1408 3357 1644 3414 Colossis
1664 3365 1798 3421 erat,
1824 3355 2012 3411 eadem

411 3464 482 3520 de
505 3480 566 3520 re
593 3460 775 3520 laudat
805 3458 890 3512 bis
927 3456 1105 3511 verbis
1138 3471 1150 3508 :
1184 3452 1476 3524 zEgrotauit
1506 3466 1662 3520 usque
1685 3450 1752 3501 ad
1783 3458 2012 3513 mortem,

413 3569 462 3614 et
492 3557 632 3612 Deus
658 3556 766 3624 ejus
795 3551 1030 3606 misertus
1059 3559 1130 3602 est
1160 3564 1177 3602 :
1205 3563 1307 3600 non
1336 3545 1498 3599 solum
1530 3552 1700 3596 autem
1746 3542 1854 3610 ejus
1879 3581 1895 3605 ,
1927 3539 2016 3593 sed

414 3661 460 3706 et
481 3651 598 3715 mei,
616 3665 679 3702 ne
700 3647 956 3702 tristitiam
975 3659 1124 3713 super
1145 3640 1400 3694 tristitiam
1427 3635 1658 3690 haberem
1681 3634 1939 3704 (Philipp.
1959 3633 2014 3687 2.

415 3745 484 3799 27
509 3741 547 3815 ).
597 3740 700 3798 Ubi
740 3739 883 3793 clare
911 3735 1247 3790 demonstrat
1275 3745 1334 3786 se
1358 3729 1478 3798 jure
1517 3726 1822 3781 habiturum
1858 3724 2020 3777 fuisse

417 3836 655 3891 dolorem
685 3831 753 3887 de
797 3839 969 3884 morte
1013 3823 1276 3894 discipuli.
1325 3820 1488 3891 Cujus
1529 3820 1784 3874 virtutem
1829 3816 2020 3870 alicubi

418 3926 667 3982 omnibus
693 3924 884 3978 iterum
915 3916 1116 3988 detegit
1140 3916 1345 3980 dicens,
1372 3911 1593 3967 Accessit
1617 3926 1775 3980 usque
1792 3908 1860 3962 ad
1889 3926 2022 3962 mar-

421 4027 542 4084 tem,
575 4015 800 4084 neglecta
824 4013 994 4065 anima
1019 4025 1132 4073 sua,
1157 4016 1212 4060 ut
1237 4005 1486 4075 impleret,
1515 4002 1651 4070 quod
1671 4003 1723 4054 in
1752 4001 1889 4055 vobis
1908 4018 2025 4072 erga

425 4125 504 4162 me
521 4109 688 4160 deerat
710 4102 1043 4157 ministerium
1075 4097 1333 4170 (Philipp.
1358 4095 1412 4148 2.
1437 4094 1552 4164 50).
1582 4092 1720 4159 Quid
1743 4091 1850 4146 Illis
1873 4090 2028 4146 fuerit

425 4200 636 4256 beatius
660 4241 676 4264 ,
708 4195 835 4268 quid
878 4203 1057 4249 autem
1093 4190 1247 4245 nobis
1275 4187 1521 4243 miserius
1547 4186 1570 4240 ?
1599 4182 2028 4255 quandoquidem

431 4295 505 4350 illi
532 4292 844 4362 sanguinem
890 4297 945 4343 et
970 4285 1200 4341 animam
1235 4297 1332 4352 pro
1365 4278 1782 4351 prmceptoribus
1813 4275 2033 4346 profun-

431 4384 631 4439 debant
653 4423 668 4449 ,
699 4395 798 4434 nos
839 4389 1017 4432 autem
1048 4389 1222 4444 neque
1268 4372 1490 4426 verbum
1531 4385 1627 4439 pro
1660 4368 2032 4422 communibus

434 4475 672 4547 patribus
688 4472 935 4528 emittere
954 4467 1234 4532 audemus,
1258 4463 1351 4520 sed
1374 4479 1498 4518 cum
1517 4461 1794 4516 audiamus
1813 4460 1892 4514 eis
1917 4475 2031 4513 ma-

435 4568 590 4624 ledici
614 4605 631 4633 ,
675 4574 730 4620 et
771 4559 1023 4617 conviciis
1050 4573 1142 4613 eos
1173 4552 1512 4611 dehonestari
1537 4591 1552 4619 ,
1585 4561 1638 4606 et
1667 4567 1697 4604 a
1726 4551 1858 4616 suis,
1887 4560 1941 4604 et
1967 4550 2034 4604 ab

437 4659 626 4715 alienis
644 4700 658 4722 ,
692 4654 1073 4711 maledicentes
1099 4662 1276 4718 neque
1305 4644 1727 4715 compescimus,
1753 4655 1926 4711 neque
1953 4656 2036 4694 re-

437 4749 834 4822 prehendimus,
870 4757 1044 4814 neque
1069 4739 1436 4811 prohibemus.

519 4885 776 4952 Quantum
800 4881 862 4934 sit
890 4887 1147 4948 peccatum
1163 4871 1405 4927 Ecclesiw
1425 4869 1697 4924 rectoribus
1722 4867 2037 4921 maledicere.

443 5009 513 5018 --
535 4977 744 5032 Utinam
768 4989 835 5027 ne
856 4971 954 5042 ipsi
977 4967 1133 5041 primi
1158 4966 1538 5020 maledicorum
1561 4963 1746 5018 simus.
1773 4963 1914 5016 Sane
1935 4975 2038 5015 non

449 5079 593 5124 tanta
623 5069 689 5123 ab
713 5066 1015 5121 infidelibus
1036 5061 1270 5117 convicia
1294 5067 1347 5112 et
1369 5057 1583 5128 probra,
1606 5064 1800 5126 quanta
1821 5055 1873 5108 in
1899 5054 2046 5124 prin-

450 5161 602 5228 cipes
628 5158 694 5212 ab
721 5157 820 5219 iis,
861 5156 951 5226 qui
999 5153 1151 5208 nobis
1172 5150 1340 5220 juncti
1381 5148 1640 5228 religione
1663 5154 1720 5200 et
1747 5145 1930 5201 ﬁdeles
1963 5145 2044 5200 vi-

452 5251 668 5313 dentur,
703 5245 926 5316 proferri
956 5245 1218 5300 videmus.
1250 5241 1397 5297 Ultra
1427 5216 1515 5294 hic
1540 5252 1841 5310 qumrcmus
1860 5279 1874 5303 ,
1904 5237 2046 5293 unde

459 5349 604 5396 tanta
638 5338 864 5408 ignavia,
894 5346 947 5391 et
969 5336 1107 5390 unde
1135 5335 1221 5388 hic
1244 5331 1456 5403 pietatis
1479 5340 1822 5398 contemptus
1847 5329 2044 5392 evenit,

455 5433 597 5503 quod
627 5433 705 5486 sic
737 5429 996 5484 hostiliter
1019 5443 1140 5497 erga
1171 5437 1348 5496 patres
1373 5433 1586 5478 nostros
1612 5423 1777 5476 simus
1803 5421 2014 5477 aﬁ'eeti?

457 5520 594 5582 Nihil
626 5522 863 5595 profecto
897 5531 980 5575 est
1006 5520 1146 5590 quod
1192 5518 1484 5573 Ecelesiam
1530 5515 1626 5570 Dei
1676 5515 1745 5568 ita
1790 5513 2050 5569 destitue-

461 5632 522 5672 re
575 5630 629 5670 et
674 5612 997 5676 dissolvere,
1049 5611 1178 5664 nihil
1215 5609 1355 5678 quod
1391 5609 1460 5661 ita
1511 5605 1666 5660 facile
1707 5604 2052 5674 pessumdare

465 5707 653 5773 possit,
682 5715 740 5759 ut
765 5701 979 5774 quando
1004 5700 1250 5770 discipuli
1277 5698 1568 5769 magistris,
1600 5708 1654 5752 et
1677 5697 1918 5766 patribus
1937 5696 2050 5760 ﬁlii,

470 5807 526 5850 et
556 5797 881 5876 principibus
902 5793 1134 5861 subditi,
1169 5806 1273 5846 non
1311 5805 1503 5861 magno
1552 5788 1730 5844 studio
1760 5787 2050 5844 cohaerent.

1152 341 1210 398 S.
1251 334 1527 396 JOANNIS
1561 325 2038 402 CllfiYSOSTOMI
2080 320 2397 380 ARCHIEP.
2438 315 2969 379 CONSTANTINOP.

3567 311 3678 368 204

2085 434 2141 490 Si
2169 435 2288 504 quis
2308 434 2532 489 fratrum
2561 432 2791 503 cuipiam
2828 427 3132 494 maledicit,
3158 439 3189 481 a
3216 439 3490 481 sacrarum
3533 424 3687 480 Scri-

2085 539 2362 595 pturarum
2393 523 2624 580 lectione
2665 521 2982 578 excluditur.
3016 518 3084 574 Ut
3109 517 3232 589 quid
3257 519 3400 573 enim
3430 518 3681 578 assumis,

2083 621 2158 675 ait
2184 621 2343 684 Deus,
2365 626 2714 673 testamentum
2743 630 2908 669 meum
2925 629 3012 682 per
3027 629 3083 666 os
3099 621 3240 666 tuum
3259 609 3429 682 (Psal.
3455 607 3688 679 49.16)?

2085 725 2140 769 et
2163 728 2322 768 causa
2359 711 2531 782 posita
2569 707 2729 765 dicit°
2765 707 2960 763 Sedens
2985 713 3163 759 contra
3191 704 3400 775 fratrem
3429 711 3570 756 tuum
3601 703 3689 755 lo-

2085 805 2319 873 quebaris
2346 801 2508 874 (Ibid.
2538 817 2586 856 υ.
2614 799 2730 871 20).
2763 799 2980 854 Patrem
3016 810 3146 852 vero
3167 794 3502 866 spiritualem
3525 801 3690 847 aecu-

2087 912 2214 950 sans
2241 937 2256 960 ,
2304 904 2357 949 te
2400 894 2617 964 dignum
2666 900 2921 961 reputas,
2955 889 3046 958 qui
3085 887 3152 942 ad
3200 887 3380 941 divina
3426 886 3692 940 vestibula

2087 987 2352 1042 accedas?
2379 984 2660 1054 Quomodo
2682 983 2785 1038 hoc
2809 979 3102 1052 congruet?
3125 977 3259 1034 Nam
3287 978 3333 1032 si
3362 977 3690 1033 maledicen-

2090 1091 2171 1136 tes
2200 1080 2337 1151 patri
2363 1079 2448 1134 vel
2467 1077 2622 1132 matri
2652 1083 2824 1131 morte
2844 1074 3144 1128 moriuntur
3163 1069 3458 1126 secunditm
3487 1069 3681 1139 legem.

2093 1171 2301 1240 (Exod.
2332 1171 2425 1226 2L
2459 1171 2524 1226 l7
2549 1169 2589 1239 ),
2623 1168 2764 1239 quali
2790 1165 2993 1236 judicio
3018 1164 3208 1234 dignus
3235 1162 3339 1218 erit
3360 1204 3377 1230 ,
3406 1161 3496 1232 qui
3523 1161 3690 1215 male-

2092 1266 2271 1321 dicere
2306 1263 2468 1320 audet
2504 1263 2585 1329 ei,
2615 1262 2704 1332 qui
2735 1259 3044 1331 parentibus
3089 1258 3194 1312 illis
3235 1256 3403 1326 magis
3432 1264 3681 1311 neceSsa-

2094 1359 2206 1414 rius
2233 1367 2336 1425 est,
2363 1369 2418 1412 et
2445 1353 2680 1411 melior?
2701 1357 2895 1409 Annon
2926 1352 3095 1418 timet,
3116 1365 3183 1406 ne
3206 1351 3408 1419 aperiat
3438 1363 3494 1403 se
3522 1359 3691 1412 terra,

2093 1462 2148 1507 et
2179 1454 2351 1522 ipsum
2378 1449 2681 1515 absorbeat,
2711 1447 2795 1503 vel
2818 1447 3017 1501 fulmen
3046 1455 3278 1514 Superne
3299 1442 3554 1497 decidens
3572 1455 3696 1494 nia-

2095 1544 2321 1600 ledicam
2362 1543 2504 1598 illam
2550 1542 2785 1612 linguam
2812 1538 3130 1595 comburat?
3158 1534 3272 1592 Non
3303 1535 3530 1601 audisti,
3563 1533 3698 1605 (ιιιιά

2095 1650 2252 1709 passa
2272 1638 2338 1692 sit
2367 1638 2528 1692 Mosis
2551 1651 2706 1692 soror
2729 1677 2743 1701 ,
2776 1633 3000 1704 principi
3026 1629 3395 1686 maledicens?
3420 1627 3698 1699 quomodo

2096 1731 2232 1784 facta
2254 1730 2323 1783 sit
2349 1726 2640 1791 immunda,
2663 1723 2911 1780 inciderit
2939 1723 2992 1778 in
3019 1724 3249 1793 lepram,
3275 1733 3536 1776 summam
3564 1733 3695 1772 sus-

2099 1825 2317 1880 tinuerit
2339 1821 2706 1895 ignominiam,
2735 1819 2900 1873 fratre
2931 1815 3100 1872 Deum
3123 1823 3324 1879 orante,
3345 1813 3551 1866 veniam
3578 1824 3695 1864 non

2097 1917 2422 1981 obtinuerit;
2447 1913 2658 1970 tametsi
2685 1909 2772 1967 illa
2801 1912 2913 1981 ipsa
2940 1919 3104 1974 esset,
3131 1922 3250 1978 qua:
3279 1915 3520 1961 sanctum
3548 1903 3699 1958 illum

2098 2018 2458 2083 exposuerat,
2489 2017 2544 2064 et
2580 2021 2678 2078 pro
2712 2007 2828 2076 ejus
2865 2002 3183 2059 educatione
3211 2001 3264 2056 id
3300 1993 3550 2055 effecerat
3579 2039 3596 2064 ,
3637 2007 3704 2051 ut

2101 2107 2217 2174 ejus
2247 2111 2418 2157 mater
2449 2101 2501 2155 in
2545 2099 2807 2154 nutricem
2841 2101 3206 2149 assumeretur
3232 2132 3248 2158 ,
3279 2103 3336 2145 et
3375 2105 3443 2144 ne
3484 2087 3706 2158 puellus

2101 2197 2154 2251 in
2180 2193 2460 2250 barbarico
2477 2191 2596 2245 sinu
2623 2187 2950 2244 enutriretur
2973 2203 2988 2251 ;
3017 2181 3210 2239 deinde
3231 2196 3359 2237 vero
3382 2179 3706 2235 feminarum

2101 2288 2370 2344 exercitiis
2413 2283 2522 2339 dux
2562 2280 2662 2337 fuit
2703 2281 2844 2335 sicut
2888 2275 3065 2333 Moses
3105 2276 3375 2337 virorum;
3403 2285 3708 2340 omnesque

2102 2389 2223 2436 cum
2264 2380 2357 2435 illo
2393 2377 2512 2432 tulit
2553 2386 2820 2431 aerumnas
2849 2413 2865 2439 ,
2893 2385 3022 2426 vere
3051 2381 3203 2423 soror
3233 2365 3397 2422 Mosis
3430 2363 3704 2419 existens:

2103 2481 2470 2528 verumtamen
2506 2473 2628 2523 eum
2655 2463 2974 2527 maledixit,
3006 2459 3139 2516 nihil
3170 2459 3220 2514 ei
3247 2456 3562 2528 profuerunt
3585 2453 3710 2507 haec

2105 2565 2283 2617 omnia
2306 2560 2370 2615 ad
2393 2555 2751 2629 effugiendam
2781 2556 2912 2610 iram
2946 2552 3074 2608 Dei:
3103 2549 3200 2607 sed
3243 2563 3343 2604 nec
3369 2545 3543 2602 Moses
3569 2587 3583 2609 ,
3604 2543 3702 2614 qui

2107 2662 2310 2708 tantum
2341 2651 2596 2723 populum
2625 2690 2640 2716 ,
2687 2655 2811 2719 post
2839 2645 3109 2716 ingentem
3142 2641 3285 2697 illam
3323 2637 3653 2709 impietatem
3688 2677 3707 2702 ,

2107 2745 2358 2816 precibus
2379 2743 2713 2812 expiaverat,
2747 2754 2848 2810 pro
2873 2750 3060 2792 sorore
3085 2734 3391 2805 supplicans
3417 2740 3471 2786 et
3489 2729 3709 2785 veniam

2113 2847 2322 2910 petens,
2356 2836 2567 2906 placare
2595 2833 2762 2888 Deum
2787 2829 2979 2901 potuit,
3009 2826 3104 2882 sed
3135 2825 3203 2880 ab
3230 2839 3296 2880 eo
3321 2821 3477 2878 valde
3502 2821 3591 2876 illa
3620 2821 3713 2874 in-

2109 2937 2360 2999 crepatur
2385 2945 2398 2981 :
2427 2941 2535 2996 quo
2571 2925 2841 2980 discamus
2865 2930 2922 2976 et
2953 2933 3052 2974 nos
3082 2960 3097 2983 ,
3121 2927 3378 2988 quantum
3410 2914 3607 2969 malum
3635 2911 3713 2966 sit

2113 3021 2442 3093 principibus
2468 3016 2788 3073 maledicere
2816 3057 2832 3084 ,
2863 3023 2917 3069 et
2947 3012 3016 3068 de
3041 3012 3266 3066 aliorum
3295 3007 3535 3079 judicare
3579 3006 3711 3060 vita.

2113 3113 2324 3169 Etenim
2348 3113 2400 3166 in
2427 3108 2626 3166 dieillo
2652 3123 2756 3162 non
2782 3107 2956 3161 solum"
2981 3104 3049 3159 de
3076 3103 3140 3157 iis
3169 3117 3287 3172 qua:
3329 3115 3429 3154 nos
3457 3097 3708 3169 peccavi-

2118 3222 2256 3271 mus,
2285 3202 2378 3259 sed
2405 3201 2546 3257 etde
2570 3201 2652 3266 iis,
2669 3199 2739 3254 ob
2764 3214 2883 3269 qum
2907 3197 2959 3251 in
2978 3195 3110 3250 alios
3133 3191 3452 3248 sententiam
3474 3190 3716 3252 tulimus,

2116 3297 2336 3352 omnino
2358 3294 2618 3366 judicabit
2645 3301 2744 3347 nos
2773 3290 2932 3345 Deus.
2951 3288 3020 3343 Et
3048 3285 3191 3357 quod
3217 3299 3360 3354 smpe
3384 3291 3573 3337 natura
3595 3281 3723 3336 levo

2119 3397 2397 3459 peccatum
2431 3395 2534 3453 est,
2567 3385 2671 3439 hoc
2697 3396 2858 3452 grave
2885 3387 2940 3435 et
2977 3395 3085 3434 non
3127 3377 3440 3449 ignoscibite
3470 3374 3565 3440 ﬁt,
3589 3373 3722 3427 dum

2122 3493 2349 3550 peccans
2392 3477 2459 3533 de
2501 3476 2607 3530 alio
2630 3475 2854 3545 jadieat.
2898 3471 3059 3526 Forte
3083 3485 3188 3524 non
3215 3469 3346 3522 satis
3386 3468 3556 3521 claret
3579 3464 3727 3536 quod

2121 3573 2374 3636 diximus,
2407 3570 2567 3641 igitur
2587 3567 2783 3622 clarius
2810 3564 3072 3620 dicemus.
3107 3561 3354 3617 Peccavit
3380 3558 3577 3628 aliquis
3605 3598 3622 3622 ,
3673 3565 3729 3611 et

2123 3667 2285 3718 alium
2311 3663 2452 3718 idem
2481 3659 2908 3716 committentem
2933 3650 3647 3726 peccatumcondemaavit:
3680 3649 3728 3703 is

2125 3755 2179 3810 in
2206 3755 2296 3809 die
2337 3753 2432 3807 illo
2473 3751 2626 3805 valde
2653 3763 2837 3804 amaro
2864 3759 2969 3801 non
2997 3757 3114 3800 eam
3141 3755 3355 3814 poenam
3383 3742 3495 3796 luet
3521 3781 3538 3803 ,
3565 3755 3730 3811 quam

2127 3845 2331 3917 peccati
2363 3853 2548 3899 natura
2567 3841 2827 3913 esposcit,
2847 3839 2941 3894 sed
2969 3837 3224 3908 majorem
3250 3848 3410 3906 quam
3432 3834 3731 3904 duplicent,

2127 3952 2182 3997 et
2199 3940 2458 4010 triplicem
2483 3955 2498 3991 :
2519 3952 2625 3992 non
2643 3935 2784 3990 enim
2805 3932 2946 4003 quod
2971 3932 3084 4001 ipse
3107 3929 3428 4000 peccaverit,
3457 3925 3555 3982 sed
3583 3925 3734 3996 quod

2131 4035 2184 4089 in
2213 4033 2373 4088 alium
2403 4029 2654 4084 similiter
2692 4026 2901 4096 lapsum
2934 4032 3041 4078 tam
3078 4036 3296 4094 gravem
3341 4017 3610 4074 calculum
3643 4026 3734 4071 tu-

2137 4127 2259 4182 lerit
2283 4166 2298 4192 ,
2343 4123 2662 4194 supplicium
2696 4119 2774 4174 illi
2801 4117 3092 4174 destinabit
3135 4115 3293 4170 Deus.
3323 4111 3392 4168 Et
3413 4112 3518 4167 hoc
3542 4124 3734 4166 verum

2133 4233 2270 4280 esse,
2301 4231 2366 4272 ex
2397 4214 2460 4270 iis
2491 4228 2611 4284 qua:
2655 4212 2766 4282 jam
2798 4210 2934 4264 facta
2965 4216 3092 4264 sunt
3117 4215 3171 4262 et
3201 4205 3543 4275 contigerunt
3570 4243 3586 4266 ,
3614 4201 3739 4257 cla-

2134 4313 2281 4373 rius,
2322 4317 2382 4363 ut
2431 4307 2703 4378 promisi,
2744 4301 3150 4360 demonStrabo.
3197 4298 3331 4354 Nam
3389 4296 3739 4361 Pharisaeus,

2137 4401 2381 4474 quamvis
2411 4401 2523 4470 ipse
2549 4398 2680 4453 nihil
2708 4403 3024 4467 peccaverat
3046 4435 3062 4461 ,
3095 4390 3190 4448 sed
3219 4399 3270 4446 et
3291 4389 3438 4460 juste
3474 4389 3690 4442 vixerat
3719 4427 3737 4451 ,

2137 4507 2192 4550 et
2222 4496 2384 4549 multa
2421 4495 2488 4548 de
2523 4507 2582 4547 se
2606 4491 2745 4546 bona
2786 4488 3080 4559 praedicare
3134 4482 3529 4554 poterat:quia
3556 4478 3744 4535 tamen

2141 4588 2484 4660 publicanum
2503 4592 2798 4654 raptorem,
2827 4589 3073 4645 avarum,
3105 4588 3158 4634 et
3184 4575 3579 4646 iniquissimum
3600 4583 3743 4628 con-

2141 4677 2432 4742 demnavit,
2464 4681 2638 4729 tantas
2666 4671 2814 4728 dedit
2834 4685 3053 4741 pugnas,
3082 4677 3140 4722 ut
3167 4667 3234 4722 ad
3263 4663 3586 4736 supplieium
3621 4675 3744 4716 ωδε

2141 4773 2249 4842 jus,
2277 4785 2435 4841 quam
2460 4767 2745 4839 publicano
2767 4763 3062 4819 debebatur
3081 4803 3095 4826 ,
3130 4765 3440 4814 reservatus
3468 4754 3538 4809 sit
3563 4754 3581 4824 (
3604 4752 3744 4806 Luc.

2145 4864 2235 4920 18.
2279 4862 2351 4916 10
2373 4891 2401 4902 -
2429 4861 2538 4928 Μ).
2568 4856 2719 4926 Quod
2747 4856 2792 4910 si
2823 4857 2892 4922 is,
2919 4855 3011 4925 qui
3040 4852 3172 4907 nihil
3195 4849 3435 4920 peccavit
3465 4890 3480 4914 ,
3520 4855 3576 4901 et
3613 4859 3746 4915 pec-

2145 4963 2354 5008 cantem
2406 4951 2605 5014 alium,
2660 4947 2750 5017 qui
2792 4944 3111 5000 manifestus
3152 4949 3270 4996 erat
3313 4938 3562 4995 omnibus
3589 4977 3605 5002 ,
3636 4936 3749 4991 levi

2146 5045 2312 5100 verbo
2339 5039 2749 5104 condemnavit,
2779 5045 2986 5092 tantum
3003 5034 3104 5089 sibi
3128 5031 3350 5088 attraxit
3375 5027 3703 5100 supplicium
3730 5045 3745 5080 :

2149 5139 2241 5209 qui
2272 5137 2494 5191 multum
2534 5131 2774 5204 quotidie
2821 5139 3140 5200 peccamus,
3189 5126 3526 5192 aliorumque
3573 5122 3747 5175 vitam

2151 5230 2576 5287 condemnamus
2596 5267 2610 5292 ,
2643 5226 2805 5281 etiam
2833 5223 2951 5278 aliis
2989 5223 3292 5292 ignotorum
3316 5260 3330 5284 ,
3359 5215 3533 5288 cogita
3571 5227 3753 5284 quan-

2154 5331 2261 5378 tam
2292 5318 2675 5376 sustinebimus
2697 5329 2932 5386 pcenam,
2963 5310 3234 5384 quomodo
3254 5310 3404 5365 omni
3425 5307 3576 5363 venia
3603 5305 3758 5360 exci-

2155 5417 2364 5471 demus.
2397 5413 2422 5467 Ι
2433 5430 2464 5467 η
2488 5428 2586 5482 quo
2613 5411 2748 5465 enim
2781 5408 2981 5480 judicio
3006 5405 3258 5477 judicatis
3285 5443 3302 5471 ,
3339 5400 3509 5474 inquit
3539 5441 3553 5466 ,
3588 5409 3634 5453 et
3664 5413 3756 5453 ves

2149 5507 2510 5582 judicabimini
2539 5503 2752 5575 (Matth.
2783 5502 2834 5555 7.
2853 5500 2937 5573 2).

2229 5600 2282 5654 6.
2313 5598 2538 5666 PrOpter
2566 5594 2680 5648 haec
2722 5591 2906 5661 utique
2933 5597 2988 5644 et
3012 5586 3256 5658 supplico
3285 5626 3300 5651 ,
3331 5598 3558 5656 precor,
3589 5589 3646 5636 et
3667 5595 3764 5636 ex-

2161 5695 2369 5756 hortor,
2402 5700 2460 5744 ut
2492 5689 2560 5743 ab
2585 5687 2686 5741 hac
2721 5685 2859 5741 mala
2885 5679 3280 5739 consuetudine
3297 5676 3588 5734 desistatis.
3611 5672 3766 5730 Nihil

2164 5785 2306 5842 enim
2334 5781 2646 5840 nocebimus
2676 5775 3047 5837 sacerdotibus
3066 5815 3082 5847 ,
3109 5771 3305 5846 quibus
3330 5767 3713 5829 maledicimus
3743 5805 3766 5838 ,
