3964 6342
196 274 318 344 ὲ.ὸὸ

213 405 432 475 Ἂχαάϐ
471 393 679 458 ἐκεῖνον
733 393 894 477 μόνος
944 392 1142 476 ἤλεγξε
1180 405 1319 476 μετὰ
1369 405 1570 476 πολλῆς
1625 403 1901 476 ἀνδρείας.

198 483 380 538 υζρδέν
420 483 532 554 γὰρ
581 481 756 546 οὕτως
801 483 1284 556 ἐλευθεροστομεῖν
1325 483 1786 555 παρασκευάζειν·
1810 483 1904 537 καὶ

197 563 436 635 θαρρεῖν
479 566 538 616 ἐν
587 564 760 616 ἀπασι
803 562 981 615 πείθει
1034 565 1149 624 τοῖς
1178 562 1401 627 δεινοῖς,
1451 563 1546 616 xui
1596 561 1904 626 ἀναλώτους

197 643 508 713 ἐργάζεται
538 643 635 696 καὶ
677 644 965 712 ἰσχυροὺς,
995 641 1070 706 ὡς
1113 641 1174 694 τὸ
1204 641 1370 712 μηδὲν
1403 641 1736 713 κεκτῆσθαι,
1771 642 1902 712 μηδὲ
1937 702 1943 706 ,

199 722 510 792 περιϐολήν
540 739 662 774 τινα
691 721 1034 792 πραγμάτων
1079 720 1244 792 ἔχειν.
1275 722 1439 773 Ὥστε
1471 720 1526 774 εί
1556 738 1638 784 τις
1663 720 1906 791 βούλοιτο

199 801 409 872 πολλὴν
455 800 758 870 κεκτῆσθαι
791 799 1049 870 δύναμιν,
1095 799 1440 854 άσπασάσθω
1479 801 1700 865 πενίαν,
1733 815 1904 852 κατα-

197 880 479 951 φρονείτω
516 881 616 949 τῆς
667 878 952 950 παρούσης
1017 879 1192 950 ζωῆς,
1253 879 1419 950 μηδὲν
1461 875 1602 933 εἶναι
1635 879 1902 950 νομιζέτω

199 959 462 1013 θάνατον.
505 955 675 1020 Οὗτος
721 957 844 1026 οὐχ)⁸
888 957 998 1010 τῶν
1048 957 1298 1028 εὐπόρων
1361 957 1560 1028 μόνον,
1617 959 1738 1012 οὐδέ
1793 957 1901 1011 τῶν

194 1039 517 1109 ἀρχόντων,
559 1036 696 1090 ἀλλά
726 1037 824 1089 καὶ
870 1035 1052 1090 αὐτῶν
1096 1038 1206 1091 τῶν
1245 1037 1640 1108 βασιλευόντων
1681 1038 1900 1092 πλείονα

196 1120 299 1182 τὰς
345 1117 678 1188 Ἐκκλησίας
705 1116 989 1187 ὠφελῆσαι
1024 1115 1178 1188 [I88]
1213 1117 1523 1189 δυνήσεται.
1563 1119 1626 1172 Οί
1660 1118 1761 1190 μὲν
1790 1118 1900 1190 γάρ

195 1200 586 1271 βασιλεύοντες
631 1199 727 1252 xui
775 1199 824 1252 οί
853 1197 1114 1271 εὐποροι,
1146 1200 1248 1253 ὅσα
1297 1200 1366 1254 ἂν
1399 1202 1735 1272 ποιήσωσιν,
1790 1203 1899 1255 ἀπὺ

193 1284 507 1354 χρημάτων
564 1281 843 1335 ποιοῦσιν·
890 1284 920 1335 6
971 1282 1029 1334 δέ
1061 1281 1305 1346 τοιοῦτος
1359 1283 1622 1347 πολλάκις
1666 1286 1761 1338 xui
1793 1286 1900 1338 ἀπὸ

195 1363 468 1415 κινδύνων
514 1361 609 1414 xui
654 1360 764 1413 ἀπὸ
813 1359 1062 1414 θανάτων
1105 1360 1275 1414 πολλά
1304 1363 1399 1415 xui
1429 1363 1640 1432 μεγάλα
1680 1365 1898 1417 συνετέ-

195 1440 374 1494 λεσεν.
423 1441 576 1510 Ὂσῳ
603 1438 663 1492 δὲ
710 1440 938 1510 χρυσίου
983 1439 1188 1502 παντὸς
1230 1439 1560 1512 τιμιώτερον
1609 1436 1781 1513 αἷμα,
1812 1460 1899 1496 το-

196 1521 377 1590 σούτῳ
412 1519 638 1590 βελτίων
661 1520 879 1590 ἐκείνης
915 1518 1055 1590 αὕτη
1084 1522 1118 1592 ή
1152 1521 1405 1592 εἰσφορά.

264 1606 328 1654 ε’.
348 1599 603 1652 Τοιοῦτοί
631 1617 778 1663 τινες
803 1595 944 1670 ἦσαν
968 1600 1066 1652 xui
1095 1593 1243 1653 οὗτοι
1276 1601 1326 1652 οἱ
1356 1600 1572 1654 Παύλου
1609 1600 1894 1673 ξενοδόχοι,

193 1680 226 1750 ή
275 1678 589 1751 Πρίσκιλλα
621 1679 714 1732 xui
741 1680 769 1732 6
822 1677 1089 1744 Ἀκύλας,
1124 1680 1174 1731 οἳ
1205 1681 1509 1751 χρημάτων
1547 1681 1646 1753 μὲν
1673 1700 1896 1754 περιουο

195 1760 320 1812 σίαν
347 1760 454 1812 οὐκ
483 1754 662 1829 εἶχον,
695 1757 929 1811 πλούτου
983 1757 1041 1810 δέ
1089 1759 1294 1822 παντὸς
1340 1759 1724 1833 εὐπορωτέραν
1771 1761 1894 1815 ἐκέ-

193 1853 402 1908 κτηντο
445 1837 712 1908 γνώμην,
750 1835 874 1890 καθ’
925 1835 1167 1907 ἑκάστην
1225 1837 1615 1892 ἀποθανεῖσθαι
1671 1842 1896 1912 προσδο⁸

194 1920 407 1984 κῶντες
428 1921 667 1990 ἡμέραν,
695 1919 790 1973 xui
821 1921 879 1972 ἐν
906 1921 1146 1988 σφαγαῖς
1175 1920 1270 1972 xui
1305 1921 1502 1991 αἵμασι
1537 1921 1770 1986 ζῶντες,
1802 1924 1896 1977 xui

190 2001 282 2054 διὰ
315 2001 524 2062 παντὸς
564 1997 972 2071 μαρτυροῦντες
1022 1997 1118 2052 τοῦ
1165 2001 1382 2070 χρόνου.
1416 2001 1516 2053 Διά
1558 2001 1718 2054 τοῦτο
1742 2003 1894 2072 ἤνθει

190 2083 261 2134 τά
294 2081 544 2153 ἡμέτερα
583 2080 726 2133 κατὰ
767 2079 895 2142 τοὺς
934 2080 1162 2150 καιροὺς
1200 2081 1444 2144 ἐκείνους
1467 2120 1481 2140 ,
1507 2081 1590 2133 ὅτι
1620 2081 1762 2134 οὓτω
1796 2082 1894 2151 μέν

187 2163 243 2214 οἱ
279 2161 529 2231 μαθηταὶ
543 2161 656 2222 τοῖς
685 2157 1053 2223 διδασκάλοις,
1080 2157 1227 2211 οὕτω
1255 2158 1312 2210 δὲ
1345 2163 1393 2212 οἱ
1414 2160 1728 2214 διδάσκαλοι
1766 2179 1893 2214 συν-

188 2239 440 2293 εδέδεντο
467 2239 581 2298 τοῖς
627 2236 920 2307 μαθηταῖς.
961 2238 1037 2290 Οὐ
1083 2237 1194 2308 γὰρ
1231 2237 1294 2308 δὴ
1337 2241 1467 2309 περὶ
1492 2239 1698 2293 τούτων
1735 2241 1893 2311 μόνον

190 2319 362 2389 φησὶν
408 2319 438 2372 6
487 2316 729 2381 Παῦλος,
759 2317 898 2371 ἀλλά
942 2317 1038 2370 xui
1079 2317 1211 2386 περὶ
1259 2317 1468 2390 ἐτέρων
1519 2319 1750 2374 πολλῶν.
1785 2323 1893 2374 Καὶ

189 2400 304 2469 γὰρ
335 2397 618 2470 Ἑϐραίοις
648 2397 744 2451 xui
766 2396 1224 2451 Θεσσαλονικεῦσι
1245 2398 1473 2468 γράφων
1495 2399 1588 2452 xui
1603 2399 1891 2464 Γαλάταις,

190 2482 402 2552 πολλὴν
443 2481 620 2536 ἅπασι
651 2480 920 2551 μαρτυρεί
949 2477 1273 2550 πειρασμῶν
1302 2479 1600 2551 ἐπαγωγὴν
1621 2521 1634 2545 ,
1667 2481 1761 2534 xui
1787 2481 1895 2533 δείο

189 2580 354 2617 κνυσι
385 2563 452 2616 δι’
485 2554 560 2616 ὧν
609 2559 964 2621 ἐπέστελλεν,
991 2560 1073 2612 ὅτι
1103 2560 1197 2612 xui
1220 2559 1514 2628 ἠλαύνοντο
1546 2559 1641 2615 xui
1669 2563 1768 2632 τῆς
1791 2581 1895 2615 πα-

188 2643 375 2714 τρίδος
411 2641 706 2708 ἐξέπιπτον
725 2681 739 2705 ,
776 2639 878 2693 καῖ
895 2637 995 2702 τάς
1023 2639 1211 2702 οὐσίας
1230 2639 1514 2692 ἀπώλλυον
1537 2681 1550 2702 ,
1571 2643 1665 2694 xui
1701 2642 1894 2712 μέχρις

191 2722 360 2775 αὐτοῦ
386 2720 478 2774 τοῦ
498 2720 732 2790 αἵματος
749 2718 1091 2772 ἐκινδύνευον
1104 2735 1116 2746 ·
1137 2719 1233 2770 xui
1245 2718 1389 2782 ἅπας
1406 2721 1700 2788 ἐναγώνιος
1713 2724 1895 2783 αὐτοῖς

190 2802 220 2853 6
249 2801 368 2872 βίος
401 2796 494 2872 ἦν,
517 2800 613 2854 xui
647 2799 788 2852 αὐτά
808 2799 865 2851 δέ
895 2798 1418 2870 ἀκρωτηριασθῆναι
1446 2801 1513 2852 τά
1543 2801 1678 2872 μέλη
1704 2802 1804 2854 οὐκ
1828 2801 1894 2854 ἀν
1920 2854 1934 2868 ,

190 2881 338 2951 ὑπὲρ
364 2880 477 2932 τῶν
506 2878 847 2931 διδασκάλων
877 2879 1285 2949 παρῃτήσαντο.
1319 2877 1360 2928 Τ
1364 2879 1443 2941 οῖς
1465 2879 1595 2946 γοῦν
1624 2879 1895 2942 Γαλάταις

191 2961 534 3014 ἐπιστέλλων
586 2959 739 3026 ἐλεγε
760 2975 775 2990 ο
812 2956 1109 3028 Μαρτυρῶ
1141 2957 1253 3027 γὰρ
1289 2957 1454 3027 ὑμῖν,
1488 2958 1599 3014 ὅτι.
1629 2962 1682 3013 εί
1714 2959 1895 3014 δυνα-

189 3043 322 3107 τὸν,
347 3043 497 3110 τοὺς
521 3043 870 3112 ὀφθαλμοὺς
901 3041 1071 3111 ὑμῶν
1103 3041 1502 3110 ἐξορύξαντες
1540 3041 1616 3096 ἂν
1638 3043 1895 3097 ἐδώκατέ

187 3139 312 3192 μοι.
347 3124 460 3177 Καὶ
479 3123 572 3176 τὸν
613 3123 900 3192 Ἐπαφρᾶν
932 3123 988 3176 δέ
1013 3121 1105 3175 τὸν
1130 3123 1188 3174 ἐν
1221 3121 1523 3185 Κολοσσαῖς
1551 3123 1642 3175 ἐπὶ
1662 3127 1774 3187 τοῖς
1800 3125 1895 3176 αὐ-

187 3210 305 3270 τοῖς
323 3207 654 3277 ἀποδέχεται
677 3207 863 3270 πάλιν,
887 3204 1079 3271 εἰπών,
1103 3206 1185 3259 ὅτι
1225 3205 1559 3273 ἸΙσθένησε
1585 3208 1895 3276 παραπλή-

190 3302 336 3339 σιον
360 3286 627 3339 θανάτου
651 3331 662 3351 ,
681 3287 780 3340 καὶ
804 3286 1076 3354 ἠλέησεν
1102 3284 1291 3339 αὐτὸν
1317 3288 1349 3339 ὀ
1377 3285 1543 3350 Θεὸς,
1575 3289 1685 3339 οὐκ
1706 3288 1894 3342 αὑτὸν

190 3369 262 3422 δὲ
273 3370 496 3439 μόνον,
523 3370 684 3423 ἀλλὰ
711 3369 810 3422 καὶ
839 3369 964 3439 ἐμὲ,
983 3371 1084 3422 ἵνα
1110 3368 1419 3439 μὴλύπην
1433 3369 1530 3422 ἐπὶ
1551 3369 1718 3438 λύπῃ
1736 3369 1886 3438 σχῶ.

192 3448 356 3502 Οῦτω
397 3449 457 3501 δὲ
499 3443 624 3500 εἷπε
666 3447 918 3510 δεικνὺς,
965 3447 1046 3500 ὅτι
1073 3446 1300 3510 δικαίως
1329 3446 1554 3517 ἔμελλεν
1589 3448 1774 3516 ἀλγεῖν
1801 3450 1894 3502 ἐπὶ

191 3530 258 3598 τῇ
284 3526 522 3598 τελευτῇ
545 3523 640 3579 τοῦ
669 3525 934 3596 μαθητοῦ.
971 3525 1080 3578 Καὶ
1106 3525 1208 3597 τὴν
1234 3526 1436 3596 ἀρετὴν
1463 3525 1518 3579 δέ
1543 3525 1706 3579 αὐτοῦ
1731 3527 1892 3581 πάλιν

191 3606 541 3660 ἐκκαλύπτει
598 3607 796 3670 πᾶσιν,
826 3604 1027 3658 οὑτωσὶ
1061 3603 1268 3672 λέγων,
1307 3606 1388 3657 ὅτι
1441 3606 1684 3676 "unum:
1715 3607 1892 3676 μέχρι

192 3689 467 3746 θανάτου
489 3687 1144 3758 παραϐουλευσάμενος
1166 3687 1240 3756 τῇ
1267 3685 1440 3757 ψυχῇ
1455 3729 1468 3752 ,
1493 3689 1593 3741 ἵνα
1621 3691 1894 3758 ἀναπλη-

185 3773 365 3841 ρώσῃ
408 3768 477 3824 τὸ
515 3767 684 3838 ὑμῶν
721 3767 1032 3836 ὑστέρημα
1076 3765 1187 3835 τῆς
1217 3768 1368 3834 πρός
1397 3783 1475 3835 με
1495 3770 1888 3837 λειτοιφγίας.

192 3851 260 3903 Τί
286 3848 494 3920 γένοιτ’
529 3849 594 3902 ἂν
624 3847 850 3901 ἐκείνων
882 3845 1318 3918 μακαριώτερον,
1341 3845 1395 3898 τί
1424 3847 1480 3900 δέ
1505 3847 1662 3918 ήμῶν
1701 3847 1893 3900 ἀθλιώ-

191 3948 439 4008 τερονδ;
475 3933 614 4002 εἴγε
647 3934 846 3986 ἐκεῖνοι
895 3932 996 4002 μὲν
1033 3931 1131 3986 xui
1166 3931 1229 3984 τὸ
1257 3921 1397 4002 αἷμα
1417 3970 1432 3994 ,
1465 3932 1561 3984 xui
1588 3931 1686 4002 τὴν
1711 3932 1891 4003 ψυχὴν

192 4016 338 4086 ὑπὲρ
383 4013 495 4067 τῶν
535 4012 872 4066 διδασκάλων
911 4011 1200 4084 προΐεντο,
1256 4012 1420 4081 ἡμεῖς
1463 4011 1520 4063 δὲ
1559 4011 1681 4064 οὐδὲ
1739 4014 1890 4083 ῥῆμα

189 4094 352 4165 ψιλὸν
393 4093 659 4156 πολλάκις
698 4089 967 4164 προέσθαι
1005 4091 1296 4161 τολμῶμεν
1344 4090 1483 4160 ὐπέρ
1530 4089 1640 4144 τῶν
1696 4094 1891 4146 κοινῶν

192 4171 491 4243 πατέρων,
541 4170 679 4226 ἀλλά
733 4170 1026 4233 ἀκούοντες
1073 4170 1271 4232 αὐτοὺς
1323 4167 1888 4239 βλασφημουμένους,

191 4255 646 4327 λοιδορουμένους
676 4253 867 4316 κακῶς
896 4253 990 4306 xui
1025 4252 1176 4323 παρά
1205 4252 1314 4304 τῶν
1355 4251 1574 4304 οἰκείων
1608 4254 1703 4304 xui
1737 4254 1892 4325 παρά

188 4336 306 4389 τῶν
346 4333 680 4405 ἀλλοτρίων,
709 4333 810 4387 οὐκ
851 4332 1283 4404 ἐπιστομίςομεν
1323 4332 1451 4394 τοὺς
1490 4329 1780 4400 λέγοντας,
1828 4335 1888 4386 οὐ

190 4419 511 4492 κωλύομεν,
539 4419 642 4471 οὐκ
671 4417 990 4488 ἐλέγχομεν.

263 4514 401 4570 Εἴθε
442 4511 544 4583 μὲν
581 4508 674 4567 οῦν
707 4513 781 4584 μὴ
809 4513 966 4565 αὐτοὶ
990 4513 1090 4584 τῆς
1119 4511 1460 4582 κακηγορίας
1487 4512 1732 4583 ἤρχομεν
1756 4511 1889 4564 ταύ-

188 4613 318 4668 της.
360 4594 504 4647 Νυνὶ
555 4593 613 4646 δέ
658 4593 720 4645 οὐ
757 4593 1000 4646 τοσαῦτα
1042 4593 1196 4663 παρά
1250 4593 1358 4645 τῶν
1401 4593 1647 4646 ἀπίστων
1700 4593 1889 4663 σκώμ-

191 4697 351 4752 ματα
385 4679 484 4730 xui
531 4677 729 4746 ὀνείδη,
783 4678 884 4730 ὅσα
927 4674 1081 4747 παρὰ
1127 4676 1235 4729 τῶν
1287 4675 1587 4728 δοκούντων
1623 4672 1762 4728 εἶναι
1799 4693 1891 4729 πι-

191 4759 346 4814 στῶν
381 4759 479 4811 καὶ
511 4756 632 4828 μεθ’
656 4755 814 4828 ήμῶν
838 4756 1098 4827 τετάχθαι
1129 4755 1394 4827 γινόμενα
1420 4757 1503 4818 είς
1535 4757 1661 4819 τοὺς
1693 4757 1891 4827 ἄρχον-

191 4865 296 4911 τας
337 4847 442 4910 ἴδοι
475 4863 560 4908 τις
587 4845 672 4899 ἄν.
710 4846 832 4898 Ἔτι
862 4841 954 4899 οῦν
978 4845 1284 4918 ζητήσομεν
1312 4843 1496 4898 πόθεν·
1520 4844 1764 4916 ῥᾳθυμία
1803 4863 1891 4897 το-

197 4937 381 5007 σαύτη
403 4935 500 4989 xui
525 4933 816 4998 εὐλαϐείας
838 4933 1109 5006 ὑπεροψία
1130 4934 1374 5001 γέγονεν,
1395 4934 1525 4986 ὅταν
1545 4933 1720 4996 οὕτως
1739 4926 1890 5003 ὦμεν

193 5023 465 5097 ἀπεχθῶς
502 5023 640 5094 πρὸς
679 5024 806 5087 τοὺς
853 5022 1098 5092 πατέρας
1146 5020 1481 5093 διακείμενοι
1530 5021 1656 5083 τοὺς
1691 5022 1888 5092 ήμετέ-

197 5130 368 5186 ρους;
409 5112 484 5165 Οὐ
516 5111 624 5182 γάρ
649 5112 822 5174 ἐστιν,
853 5111 954 5163 οὐκ
989 5109 1138 5162 ἐστιν
1185 5109 1360 5171 οὐδὲν,
1406 5109 1434 5161 ὃ
1464 5108 1765 5163 καταλῦσαι
1793 5111 1888 5164 xui

192 5199 516 5269 διαφθεῖραι
551 5196 884 5269 Ἐκκλησίαν
916 5197 1118 5250 δύναιτ’
1153 5195 1239 5260 ἂν,
1273 5196 1473 5266 μᾶλλον
1501 5195 1558 5248 δέ
1597 5197 1700 5249 οὐκ
1742 5195 1888 5250 ἔστιν

194 5290 346 5346 οῦτω
381 5287 638 5356 γενέσθαι
682 5287 843 5346 τοῦτο
890 5286 1188 5358 ἀλλαχόθεν
1219 5285 1439 5357 ῥᾳδίως,
1472 5285 1587 5337 ἀλλ’
1612 5285 1646 5354 ἢ
1679 5285 1806 5340 ὅταν
1840 5287 1886 5332 οῖ

197 5377 453 5450 μαθηταὶ
487 5377 602 5438 τοῖς
623 5375 991 5438 διδασκάλοις,
1020 5374 1114 5426 xui
1141 5376 1253 5438 τοῖς
1291 5372 1563 5444 πατράσιν
1597 5373 1645 5424 οἱ
1678 5372 1884 5436 παῖδες,

200 5465 298 5522 καὶ
340 5465 460 5527 τοῖς
508 5465 772 5535 ἄρχουσιν
818 5464 870 5516 οἱ
909 5463 1204 5534 ἀρχόμενοι
1251 5461 1327 5532 μὴ
1372 5461 1509 5530 μετά
1553 5459 1756 5530 πολλῆς
1786 5455 1888 5515 ὦσι

203 5550 581 5622 συνδεδεμένοι
600 5551 702 5620 τῆς
729 5549 1038 5621 ἀκριϐείας.
1069 5546 1206 5604 Εἶτα
1221 5551 1288 5604 ἂν
1316 5551 1414 5621 μὲν
1441 5549 1532 5604 τὸν
1553 5549 1783 5620 ἀδελφόν
1803 5567 1888 5613 τις

263 5723 294 5753 ⁸
313 5723 452 5787 Hac,
475 5725 520 5787 τί
541 5725 595 5774 δὲ
613 5726 752 5787 ἡμῶν
775 5725 1075 5787 ἀθλιώτερον,
1096 5725 1279 5782 desunt
1298 5725 1348 5774 in
1375 5723 1547 5774 Morel.
1577 5723 1676 5774 Sed
1699 5721 1887 5774 haben-

197 5790 287 5838 tur
305 5789 360 5838 in
377 5786 580 5837 Coislin.
609 5786 662 5836 et
681 5802 710 5835 a
734 5788 943 5836 Gelenio
976 5786 1103 5835 lecta
1126 5795 1258 5834 sunt.

627 5881 900 5946 PATBOL.
945 5879 1064 5942 Gn.
1117 5878 1212 5941 LI.

1073 293 1144 351 ιΝ
1177 297 1402 362 ILLUD,
1443 291 1817 353 SALUTATE
1853 290 2266 358 PRISCILLAM
2308 297 2395 352 ΕΤ
2433 298 2770 366 AQUILAM.
2804 298 2869 354 Π.

3595 287 3696 346 901

2017 401 2150 476 εἴπῃ
2181 402 2390 467 κακῶς,
2409 403 2504 456 καὶ
2532 404 2633 474 τῆς
2661 401 3027 472 ἀναγνώσεως
3057 403 3165 456 τῶν
3189 403 3349 457 θείων
3377 403 3701 477 ἀπείργεται

2017 490 2270 560 Γραφῶν.
2297 492 2423 547 Ἵνα
2442 492 2498 546 τι
2524 493 2632 564 γὰρ
2659 490 3104 560 ἀναλαμϐάνεις
3131 491 3246 560 τὴν
3269 490 3566 562 διαθήκην
3581 510 3701 563 μου

2014 578 2112 631 διὰ
2146 579 2450 650 στόματός
2480 597 2599 634 σου
2616 596 2634 644 ;
2669 581 2837 651 φησὶν
2867 581 2896 634 ὁ
2924 579 3058 644 Θεός
3077 597 3092 612 ο
3131 575 3254 634 εἶτα
3278 579 3377 651 τὴν
3406 581 3588 636 αἰτίαν
3616 599 3703 635 τι-

2014 665 2158 730 θεὶς,
2191 667 2461 738 ἐπήγαγε·
2518 665 2870 735 Καθήμενος
2911 665 3062 720 κατὰ
3109 667 3219 720 τοῦ
3266 666 3532 736 ἀδελφοῦ
3582 683 3700 722 σου

2013 754 2392 820 κατελάλεις.
2449 753 2602 827 [189]
2637 755 2740 808 Τὸν
2790 754 3164 825 πνευματικὸν
3200 755 3256 808 δέ
3309 755 3526 828 πατέρα
3570 773 3701 810 κατ-

2011 840 2250 912 ηγορῶν,
2281 841 2430 908 ἀξιον
2457 837 2598 896 εἶναι
2629 840 2871 913 νομίζεις
2901 843 3097 896 σαυτὸν
3120 843 3376 913 ἐπιϐῆναι
3405 845 3512 896 τῶν
3535 844 3700 916 ἱερῶν

2013 929 2340 1001 προθύρων;
2372 917 2483 984 Kui
2522 929 2641 995 πῶς
2677 929 2743 984 ἂν
2773 929 2887 1000 ἔχοι
2917 929 3107 999 λόγον;
3153 931 3215 983 Εἰ
3243 931 3353 1000 γὰρ
3384 933 3434 984 οἱ
3466 933 3698 986 κακολο-

2011 1019 2237 1088 γοῦντες
2291 1021 2505 1092 πατέρα
2552 1021 2586 1092 ἢ
2641 1019 2856 1092 μητέρα
2898 1019 3117 1092 θανάτῳ
3167 1019 3487 1086 τελευτῶσι,
3536 1022 3700 1086 ποίας

2009 1107 2160 1174 ἄξιος
2207 1109 2359 1162 ἐσται
2406 1109 2565 1181 δίκης
2617 1110 2647 1160 6
2693 1108 2784 1160 τὸν
2834 1106 3015 1178 πολλῷ
3059 1107 3168 1160 τῶν
3215 1109 3418 1176 γονέων
3469 1110 3697 1164 ἐκείνων

2010 1197 2432 1267 ἀναγκαιότερον
2460 1197 2590 1250 ὄντα
2626 1197 2722 1250 xui
2767 1195 2962 1266 βελτίω
3007 1195 3223 1266 τολμῶν
3259 1196 3440 1264 λέγειν
3478 1198 3694 1263 κακῶς;

2013 1286 2126 1338 Καὶ
2159 1287 2220 1339 οὐ
2251 1287 2479 1352 δέδοικε,
2514 1286 2726 1356 μήποτε
2751 1285 3018 1338 διαστᾶσα
3047 1286 3080 1354 ὴ
3111 1285 3184 1354 γῆ
3219 1284 3501 1348 παντελῶς
3536 1285 3697 1338 αὐτὸν

2009 1373 2274 1445 ἀφανίσῃ,
2311 1374 2346 1446 ἢ
2377 1373 2620 1444 σκηπτὸς
2649 1372 2858 1427 ἀνωθεν
2891 1371 3241 1443 κατενεχθεὶς
3265 1373 3574 1446 καταφλέξῃ
3598 1374 3696 1446 τὴν

2009 1464 2316 1533 κατήγορον
2343 1461 2628 1530 γλῶτταν;
2663 1461 2777 1514 Οὐκ
2805 1461 3046 1531 ἤκουσας
3077 1461 3130 1512 τί
3171 1460 3438 1513 πέπονθεν
3464 1464 3498 1532 ὴ
3530 1464 3697 1516 Μωῡ-

2009 1549 2148 1612 σέως
2198 1547 2402 1618 ἀδελφὴ
2431 1546 2770 1600 κατειποῦσα
2795 1546 2888 1599 τοῦ
2920 1547 3210 1619 ἄρχοντοςς
3239 1547 3356 1610 πῶς
3385 1548 3696 1620 ἀκάθαρτος

2007 1635 2218 1705 γέγονε,
2239 1638 2331 1689 xui
2350 1637 2429 1698 είς
2455 1635 2664 1706 λέπραν
2689 1636 2933 1699 ἐνέπεσε,
2962 1635 3056 1689 xui
3079 1635 3178 1707 τὴν
3200 1636 3438 1707 ἐσχάτην
3463 1637 3693 1706 ὑπέμει-

2006 1741 2094 1777 νεν
2124 1723 2386 1794 ἀτιμίαν,
2428 1723 2525 1776 xui
2562 1722 2658 1776 τοῦ
2712 1723 2944 1793 ἀδελφοῦ
2979 1723 3432 1795 παρακαλοῦντος
3474 1727 3568 1778 καὶ
3614 1726 3694 1798 τῷ

2004 1811 2126 1883 Θεῷ
2179 1811 2617 1884 προσπίπτοντος
2637 1853 2652 1876 ,
2694 1813 2952 1881 οὐδεμιᾶς
2980 1811 3139 1882 ἔτυχε
3177 1812 3529 1884 συγγνώμης,
3559 1814 3692 1867 ἀλλά

2005 1900 2104 1952 xui
2151 1899 2427 1971 ἐκθεμένη
2460 1899 2550 1952 τὸν
2585 1901 2740 1968 ἀγιον
2768 1901 2996 1965 ἐκεῖνον,
3031 1900 3125 1952 xui
3156 1898 3292 1970 πρὸς
3331 1899 3430 1971 τὴν
3463 1899 3694 1971 ἀνατρο-

2005 1987 2112 2058 φὴν
2169 1986 2333 2040 αὐτοῦ
2383 1987 2784 2052 συντελέσασα,
2843 1989 2938 2041 xui
2975 1988 3123 2050 ὅπως
3168 1991 3201 2058 ἡ
3256 1989 3442 2059 μήτηρ
3483 1989 3693 2057 γένοιτο

2003 2075 2204 2148 τροφὸς
2227 2115 2242 2141 ,
2277 2076 2483 2146 καὶμὴ
2519 2077 2578 2127 ἐν
2625 2074 2934 2146 βαρϐαρικῇ
2969 2075 3114 2146 χειρὶ
3155 2078 3338 2147 τραφῇ
3374 2075 3435 2129 τὸ
3478 2077 3692 2128 παιδίον

2003 2164 2242 2235 ἐξαρχῆς
2277 2163 2680 2236 συμπράξασα,
2719 2163 2813 2218 xui
2857 2164 2996 2234 μετά
3042 2163 3216 2216 ταῦτα
3258 2165 3690 2236 στρατηγήσασα

2002 2253 2098 2305 τοῦ
2134 2253 2449 2322 γυναικείου
2493 2253 2686 2321 γένους
2711 2295 2725 2318 ,
2757 2251 3013 2321 καθάπερ
3057 2252 3301 2321 Μωῠοῆς
3326 2252 3418 2304 τοῦ
3449 2252 3557 2304 τῶν
3598 2254 3689 2306 ἀν-

2002 2343 2166 2412 δρῶν,
2198 2345 2293 2396 xui
2319 2343 2498 2396 πάντα
2528 2341 2984 2411 συνδιενεγκοῦσα
3021 2341 3090 2394 τὰ
3129 2341 3300 2407 δεινά,
3346 2344 3440 2396 xui
3485 2343 3690 2414 ἀδελφὴ

1969 2461 1975 2467 -
2004 2431 2285 2495 Μωῡσέως
2313 2429 2469 2498 οὖσα,
2511 2431 2665 2484 οὐδὲν
2695 2432 2848 2501 ὅμως
2880 2431 2988 2483 ἀπὸ
3021 2431 3226 2484 τούτων
3257 2431 3514 2484 ἁπάντων
3540 2432 3692 2502 ἐκέρ-

2002 2517 2160 2572 δανεν
2193 2519 2274 2582 εἰς
2301 2516 2363 2570 τὸ
2391 2519 2678 2587 διαφυγεῖν
2721 2518 2822 2588 τὴν
2865 2517 3036 2588 ὀργὴν
3066 2517 3160 2570 τοῦ
3188 2518 3322 2571 Θεοῦ
3357 2518 3450 2570 ἐπὶ
3489 2520 3555 2589 τῇ
3587 2537 3689 2571 κα-

2015 2607 2284 2678 κηγορίᾳ;
2320 2605 2435 2659 ἀλλ’
2457 2607 2486 2658 ὁ
2512 2605 2756 2677 Μωύσῆς
2779 2645 2794 2668 ,
2819 2607 2850 2660 6
2874 2605 3131 2659 τοσοῦτον
3155 2605 3283 2659 λαὸν
3318 2607 3687 2678 ἐξαιτησάμε-

2005 2712 2093 2758 νος
2127 2695 2265 2766 μετά
2297 2697 2396 2766 τὴν
2424 2693 2631 2764 ἄφατον
2661 2694 2918 2747 ἀσέϐειαν
2945 2694 3163 2766 ἐκείνην
3181 2736 3197 2762 ,
3243 2689 3399 2759 οὗτος
3424 2697 3565 2767 ὐπέρ
3589 2697 3690 2766 τῆς

2004 2783 2242 2852 ἀδελφῆς
2276 2782 2638 2853 προσπίπτων
2681 2783 2777 2835 xui
2813 2781 3147 2853 συγγνώμην
3175 2783 3366 2848 αἰτῶν,
3400 2785 3503 2838 οὐκ
3536 2785 3688 2856 ἴσχυ-

2006 2889 2098 2925 σεν
2130 2871 2256 2924 ἵλεω
2301 2871 2526 2942 ποιῆσαι
2568 2869 2659 2923 τὸν
2704 2867 2859 2935 Θεὸν,
2903 2869 3039 2923 ἀλλά
3084 2871 3179 2923 xui
3218 2873 3516 2944 ἐπετιμᾶτο
3561 2891 3690 2943 σφο-

2002 2959 2146 3032 δρῶς
2166 2975 2178 2989 ·
2221 2958 2310 3011 ἵνα
2344 2957 2607 3029 μάθωμεν
2637 2960 2801 3030 ἡμεῖς
2826 2960 2950 3013 ὅσον
2973 2959 3143 3013 κακόν
3170 2961 3308 3022 ἐστι,
3347 2961 3408 3013 τὸ
3434 2962 3560 3024 τοὺς
3590 2963 3690 3034 ἄρ-

2003 3065 2200 3118 χοντας
2235 3046 2412 3115 λέγειν
2453 3046 2677 3112 κακῶς,
2730 3047 2827 3101 καὶ
2868 3049 2993 3111 τοὺς
3037 3047 3242 3120 ἐτέρων
3275 3049 3483 3120 κρίνειν
3515 3050 3686 3121 βίους.

2004 3135 2116 3189 Καὶ
2141 3134 2253 3207 γάρ
2287 3134 2381 3186 ἐπὶ
2407 3135 2507 3204 τῆς
2535 3135 2750 3206 ἡμέρας
2781 3136 3022 3206 ἐκείνης,
3052 3135 3156 3189 οὐκ
3187 3135 3280 3204 ἀφ’
3324 3132 3399 3190 ὧν
3436 3138 3688 3208 ἁμαρτά-

2003 3240 2167 3294 νομεν
2199 3222 2376 3294 μόνον,
2397 3220 2530 3274 ἀλλά
2552 3223 2640 3273 καὶ
2667 3219 2755 3290 ἀφ’
2785 3215 2858 3277 ὧν
2897 3223 3109 3295 ἐτέροις
3134 3223 3545 3296 ἐψηφισάμεθα,
3566 3243 3689 3297 κρι-

2004 3315 2085 3366 νεῖ
2108 3311 2327 3373 πάντως
2353 3311 2488 3381 ἡμῖν
2520 3312 2548 3364 6
2574 3309 2736 3375 Θεός’
2785 3313 2878 3365 xui
2905 3311 3166 3376 πολλάκις
3197 3311 3224 3364 ὃ
3256 3315 3322 3382 τῇ
3362 3311 3524 3380 φύσει
3559 3316 3688 3367 κοῦ-

2005 3395 2104 3464 φόν
2141 3397 2291 3447 ἐστιν
2319 3393 2648 3466 ἁμάρτημα,
2703 3395 2863 3448 τοῦτο
2894 3395 3131 3465 χαλεπὸν
3175 3396 3269 3449 xui
3303 3396 3688 3466 ἀσύγγνωστον

2003 3485 2249 3552 γίγνεται
2273 3484 2338 3552 τῇ
2370 3480 2462 3534 τοῦ
2484 3482 2894 3553 ἁμαρτάνοντος
2923 3482 3054 3554 περὶ
3081 3483 3272 3555 ἐτέρου
3300 3484 3504 3556 κρίσει.
3533 3485 3689 3544 Τάχα

2003 3571 2213 3640 ἀσαφὲς
2243 3563 2305 3624 τὸ
2346 3569 2637 3643 εἰρημένον
2657 3583 2669 3598 ³
2701 3570 2898 3624 οὐκοῦν
2933 3571 3066 3624 αὐτὸ
3104 3571 3276 3641 σαφὲς
3310 3573 3536 3643 ποιῆσαι
3566 3591 3690 3625 πει-

2007 3660 2263 3730 ράσομαι.
2292 3657 2551 3728 ’Ἢμαρτέ
2583 3675 2698 3721 τις·
2735 3658 2924 3728 ἕτερον
2952 3659 3340 3729 ἁμαρτάνοντα
3383 3659 3483 3732 τὴν
3518 3660 3689 3731 αὐτὴν

2001 3743 2279 3814 ἁμαρτίαν
2312 3741 2636 3796 κατεδίκασε
2666 3740 2931 3812 σφοδρῶς.
2973 3742 3063 3796 Ἐν
3094 3745 3161 3814 τῇ
3193 3743 3377 3815 ημέρᾳ
3409 3744 3592 3816 ἐκείνῃ
3625 3746 3686 3796 οὐ

2001 3831 2274 3904 τοσαύτην
2301 3832 2601 3885 ἐπισπᾶται
2633 3829 2878 3892 κόλασιν,
2921 3831 3055 3901 ὅσην
3098 3833 3133 3902 ή
3172 3832 3336 3902 φύσις
3369 3832 3469 3902 τῆς
3513 3833 3690 3905 ἀμαρ-

2001 3919 2124 3982 τίας
2151 3920 2415 3983 ἀπαιτεῖ,
2448 3917 2586 3972 ἀλλά
2630 3917 2727 3970 καὶ
2773 3917 3098 3973 διπλασίονα
3126 3918 3307 3989 πολλῷ
3337 3921 3432 3973 xui
3460 3918 3690 3990 τριπλα-

2004 4008 2156 4061 σίονα
2177 4024 2190 4036 ⁸
2222 4009 2284 4059 οὐ
2321 4006 2431 4078 γὰρ
2461 4007 2554 4076 ἀφ’
2587 4000 2663 4059 ὧν
2704 4005 2867 4070 αὐτὺς
2897 4007 3168 4079 ἥμαρτεν,
3196 4005 3311 4060 ἀλλ’
3345 4007 3440 4076 ἀφ’
3472 3995 3547 4061 ὧν
3571 4008 3688 4060 ’ἐτε-

2003 4113 2097 4168 ρον
2127 4096 2514 4167 ἁμαρτάνοντα
2558 4096 2628 4149 τὰ
2673 4095 2814 4148 αὐτά
2847 4094 3101 4166 χαλεπῶς
3129 4095 3378 4158 ἐκόλασε,
3402 4095 3688 4166 ψηφιεῖται

2001 4185 2150 4256 αὐτῷ
2179 4185 2277 4256 τὴν
2305 4185 2577 4257 τιμωρίαν
2601 4186 2629 4237 6
2659 4183 2812 4246 Θεὸς.
2855 4183 2963 4238 Καὶ
2988 4184 3069 4236 δτι
3101 4182 3263 4238 τοῦτό
3286 4186 3435 4237 ἐστιν
3463 4183 3684 4254 ἀληθὲς,

2000 4275 2108 4327 ἀπὸ
2151 4273 2262 4327 τῶν
2303 4273 2688 4344 γεγενημένων
2727 4273 2824 4325 xui
2869 4272 3171 4335 ἐκϐάντων,
3216 4271 3504 4342 μειζόνως,
3546 4272 3687 4340 ὅπερ

2002 4360 2318 4432 ὑπεσχόμην
2368 4361 2519 4431 ὑμῖν,
2566 4359 2700 4413 αὐτὸ
2750 4361 2962 4430 ποιήσω
3015 4359 3346 4428 καταφανές.
3406 4360 3464 4412 Ὁ
3513 4361 3685 4430 Φαρι-

2003 4453 2175 4513 σαῖος,
2215 4449 2392 4502 καίτοι
2421 4465 2485 4516 γε
2519 4447 2684 4512 αὐτὸς
2714 4447 2865 4500 οὐδὲν
2893 4447 3181 4520 ἁμαρτὼν,
3214 4448 3350 4501 ἀλλά
3383 4447 3477 4501 xui
3515 4448 3575 4500 ἐν
3606 4447 3687 4500 δι-

1999 4539 2260 4609 καιοσύνῃ
2297 4536 2490 4608 ξήσας,
2525 4537 2621 4590 xui
2667 4535 2843 4590 πολλά
2871 4536 3010 4607 ἔχων
3040 4535 3445 4609 κατορθώματα
3485 4536 3682 4596 εἰπεῖν,

2001 4626 2191 4696 ἐπειδὴ
2239 4627 2331 4678 τὸν
2373 4623 2634 4694 τελώνην,
2675 4624 2767 4677 τὸν
2803 4625 3028 4695 άρπαγα
3070 4626 3164 4676 xui
3209 4623 3539 4693 πλεονέκτην
3589 4623 3684 4677 xui

1999 4711 2464 4785 παρανομώτατον
2498 4712 2845 4776 κατεδίκασε,
2877 4711 3148 4782 τοσαύτην
3194 4710 3363 4763 ἔδωκε
3394 4711 3574 4780 δίκην,
3605 4711 3685 4773 ὡς

1999 4803 2209 4858 ἐκείνου
2245 4801 2455 4872 μείζονι
2489 4801 2774 4873 τηρεῖσθαι
2815 4801 3055 4854 κολάσει.
3108 4801 3171 4852 Εἰ
3218 4799 3276 4852 δὲ
3303 4801 3332 4852 6
3365 4799 3532 4870 μηδὲν
3584 4801 3684 4870 μὲν

1998 4887 2263 4961 ἁμαρτὼν
2291 4889 2454 4952 αὐτὸς
2479 4930 2495 4954 ,
2531 4889 2917 4959 ἁμαρτάνοντα
2943 4888 3001 4941 δὲ
3039 4887 3226 4959 ἓτερον
3270 4886 3364 4939 xui
3404 4887 3682 4957 περιφανῆ

1999 4979 2164 5030 πᾶσιν
2192 4978 2282 5029 ἐπὶ
2316 4978 2689 5047 παρανομίαις
2717 4977 2868 5039 ὄντα,
2895 4977 3100 5048 ῥήματι
3138 4975 3280 5046 ψιλῷ
3309 4973 3681 5038 καταδικάσας

1998 5067 2266 5136 τοσαύτην
2309 5066 2663 5120 ἐπεσπάσατο
2703 5066 2946 5129 κόλασιν,
2980 5068 3026 5119 οἱ
3057 5065 3226 5118 πολλὰ
3269 5064 3368 5136 μέν
3399 5063 3524 5117 καθ’
3549 5063 3679 5116 ἐκά-

2000 5172 2130 5225 στην
2166 5152 2379 5225 ἡμέραν
2405 5154 2836 5224 ἁμαρτάνοντες,
2865 5153 3069 5224 ἐτέρων
3103 5153 3158 5206 δὲ
3199 5152 3351 5223 βίους
3381 5150 3676 5205 καταδικά-

1997 5243 2200 5308 ζοντες,
2227 5241 2348 5293 οὐδέ
2378 5241 2640 5310 ἐμφανεῖς
2673 5241 2833 5304 ὄντας
2867 5242 2996 5305 τινὶ,
3027 5243 3149 5295 οὐδέ
3177 5241 3390 5313 δήλους,
3421 5239 3676 5308 ἐννόησον

1903 5354 1949 5368 ο-
1995 5334 2126 5400 ὅσην
2172 5328 2594 5398 ὑποστησόμεθα
2641 5330 2881 5395 κόλασιν,
2919 5331 3036 5393 πῶς
3081 5327 3465 5400 ἐκπεσούμεθα
3492 5327 3674 5398 πάσης

1998 5415 2352 5486 συγγνώμης.
2404 5417 2501 5468 Ἐν
2534 5409 2582 5481 ᾧ
2617 5418 2727 5485 γὰρ
2771 5418 3006 5488 κρίματι
3027 5459 3042 5483 ,
3070 5418 3241 5488 φησὶ,
3270 5415 3504 5485 κρίνετε
3526 5454 3544 5480 ,
3576 5416 3675 5468 καὶ

1995 5505 2163 5575 ὑμεῖς
2195 5503 2576 5572 κριθήσεσθε.

2069 5594 2141 5661 ς’.
2169 5594 2267 5647 Διά
2293 5593 2359 5662 δὴ
2382 5593 2558 5647 ταῦτα
2586 5593 2873 5660 ἀντιϐολῶ,
2899 5595 2995 5649 xui
3024 5593 3296 5666 παραινῶ,
3331 5593 3428 5646 xui
3458 5591 3668 5664 δέομαι,

1994 5683 2199 5752 ταύτης
2235 5679 2545 5750 ἀποστῆναι
2593 5681 2695 5751 τῆς
2739 5685 2984 5754 πονηρᾶς
3025 5679 3332 5752 συνηθείας.
3380 5679 3520 5742 Τοὺς
3570 5682 3668 5752 μὲν

1998 5768 2150 5846 [190]
2176 5767 2286 5840 γὰρ
2307 5767 2490 5840 ἱερέας
2516 5769 2704 5835 κακῶς
2722 5771 3021 5835 ἀκούοντας
3043 5769 3194 5824 οὐδὲν
3218 5761 3660 5839 παραϐλάψομεν,

3178 5869 3255 5936 13
