3964 6342
306 264 417 319 203

315 386 376 439 οὐ
420 383 574 452 μόνον
627 377 694 432 ἂν
726 375 893 448 ψευδῆ
938 373 1006 427 τὰ
1052 372 1323 443 λεγόμενα
1356 367 1412 444 ᾗ,
1445 367 1582 422 άλλά
1631 362 1989 452 κᾶνγάληθῆο

314 449 440 520 ἐπεί.
485 466 580 519 καὶ
615 465 644 517 6
682 465 976 535 Φαρισαῖος
1016 460 1111 514 τὸν
1158 459 1396 529 τελώνην
1443 455 1596 509 οὐδὲν
1632 449 1991 517 κατέϐλαψεν,

313 555 452 609 ἀλλά
482 555 576 609 καὶ
603 553 872 623 ὠφέλησε,
908 549 1086 604 καίτοι
1115 565 1179 618 γε
1209 547 1386 616 ἀληθῆ
1416 545 1546 614 περὶ
1589 538 1754 594 αὐτοῦ
1782 538 1956 605 λέγων
1977 551 1989 562 ·

313 643 475 714 ἡμεῖς
520 641 575 694 δὲ
615 641 843 702 ἑαυτοὺς
877 641 988 702 τοῖς
1031 638 1284 706 ἐσχάτοις
1329 630 1735 704 περιϐαλοῦμεν
1763 628 1990 686 κακοῖς·

313 712 436 782 ἐπεὶ
483 731 576 784 καὶ
627 730 654 780 ὁ
697 729 985 799 Φαρισαῖος
1015 725 1139 778 καθ’
1169 721 1365 776 ἐαυτοῦ
1391 721 1450 772 τὸ
1481 715 1865 787 ξίφος-ὥθησε,
1901 712 1995 764 καὶ

313 818 536 888 καιρίαν
565 817 780 886 πληγὴν
811 815 992 868 λαϐὼν
1031 812 1292 883 ἀπῆλθεν.
1320 812 1438 863 Ἵνα
1468 805 1561 862 οὖν
1601 805 1676 877 μὴ
1712 803 1807 856 καὶ
1833 803 1995 872 ἡμεῖς

311 908 381 961 τά
429 907 568 961 αὐτὰ
617 907 911 976 πάθωμεν,
943 904 1239 976 κρατῶμεν
1275 901 1572 955 ἀκολάστου
1625 896 1890 965 γλώττης.
1931 894 1993 945 Εἰ

313 997 422 1068 γάρ
452 997 543 1049 τδν
575 995 816 1065 τελώνην
845 992 1014 1046 εἰπὼν
1047 991 1257 1054 κακῶς,
1287 990 1348 1041 οὐ
1383 987 1638 1055 διέφυγεν
1677 985 1901 1045 ἐκεῖνος,
1943 981 1991 1032 οί

313 1086 440 1147 τοὺς
472 1083 714 1155 πατέρας
743 1081 899 1152 ἡμῶν
931 1080 1117 1141 κακῶς
1145 1078 1419 1146 λέγοντες,
1447 1077 1609 1128 ποίαν
1643 1071 1837 1140 ἕξομεν
1866 1070 1995 1122 ἀπο-

311 1173 540 1241 λογίαν;
585 1153 633 1224 εί
677 1170 766 1223 τὸν
806 1168 1035 1237 ἀδελφὺν
1089 1165 1533 1237 βλασφημήσασα
1581 1159 1772 1230 Μαρία
1823 1153 1972 1218 ἅπαξ

310 1260 585 1328 τοσαύτην
618 1259 786 1311 ἔδωκε
815 1259 994 1328 δίκην,
1026 1257 1187 1318 ποίας
1211 1251 1482 1322 σωτηρίας
1507 1250 1639 1319 ἡμῖν
1672 1244 1993 1307 ἐλπὶς,ὅταν

317 1350 542 1421 μυρίαις
586 1347 708 1401 καθ’
745 1347 982 1414 ἑκάστην
1009 1343 1221 1415 ἡμέραν
1253 1340 1377 1403 τοὺς
1408 1338 1675 1409 ἄρχοντας
1703 1331 1993 1401 πλύνωμεν

311 1437 640 1509 λοιδορίαις;
693 1435 784 1504 Μὴ
825 1433 930 1505 γάρ
963 1450 1053 1503 μοι
1085 1430 1244 1484 τοῦτο
1290 1427 1495 1496 λεγέτω
1532 1442 1651 1487 τις,
1677 1423 1758 1475 ὅτι
1788 1421 1992 1480 ἐκεῖνος

313 1507 564 1594 Μωῢσῆς
592 1519 681 1594 ἦν·
717 1523 1019 1592 δυνήσομαι
1042 1519 1149 1590 γὰρ
1175 1519 1348 1570 εἰπεῖν
1379 1515 1474 1568 καὶ
1495 1511 1626 1582 ἐγὼ,
1654 1512 1736 1564 δτι
1765 1507 1990 1577 κάκείνη

312 1614 505 1685 Μαρία
530 1608 618 1682 ἧν.
648 1611 860 1672 ’Ἀλλως
883 1609 960 1671 δὲ,
991 1608 1079 1660 ἵνα
1104 1606 1201 1660 καὶ
1233 1604 1392 1658 τοῦτο
1417 1601 1548 1656 αὐτὸ
1579 1599 1757 1670 μάθῃς
1785 1595 1992 1664 σαφῶς,

312 1683 422 1756 δτιή
445 1703 492 1754 εἰ
534 1700 629 1753 καὶ
657 1697 1023 1767 ἐγκλημάτων
1053 1693 1348 1748 ὑπεύθυνοι
1390 1685 1525 1746 ὦσιν
1563 1690 1613 1741 οἱ
1646 1688 1833 1758 ἱερεῖς,
1872 1683 1994 1736 οὐδέ

315 1789 458 1842 οὕτω
506 1805 588 1840 σοι
635 1786 792 1856 Θέμις
834 1785 924 1838 τὸν
961 1784 1184 1837 ἐκείνων
1236 1780 1352 1852 βίον
1406 1778 1633 1850 κρίνειν,
1677 1776 1906 1829 ἄκουσον
1941 1771 1994 1824 τί

316 1892 452 1946 φησι
505 1874 634 1944 περὶ
675 1872 784 1924 τῶν
822 1871 1102 1942 ἀρχόντων
1144 1867 1251 1921 τῶν
1304 1863 1612 1917 Ἰουδαῖκῶν
1655 1863 1684 1914 6
1723 1858 1990 1946 Χριστός·

327 1945 455 2017 Ἐπί
476 1961 587 2030 τῆς
617 1959 912 2024 Μωϋο-ἐως
932 1956 1225 2024 καθέδρας
1247 1952 1538 2007 ἐκάθισαν
1562 1953 1616 2004 oi
1639 1945 1997 2018 γραμματεῖς

315 2053 416 2107 καί
457 2056 512 2107 οἱ
542 2049 882 2119 Φαρισαῖοι·
916 2047 1114 2100 πάντα
1141 2040 1276 2107 οὖν,
1303 2042 1421 2095 ὅσα
1445 2039 1522 2094 ἂν
1555 2038 1816 2108 λέγωσιν
1852 2035 1996 2104 ὑμῖν

315 2140 533 2207 ποιεῖν,
565 2137 786 2192 ποιεῖτε
807 2153 818 2166 ·
859 2135 1010 2190 κατὰ
1037 2133 1104 2186 δὲ
1137 2132 1210 2186 τὰ
1236 2131 1380 2200 ἔργα
1403 2125 1602 2182 αὐτῶν
1632 2125 1718 2196 μὴ
1755 2123 1974 2177 ποιεῖτε

316 2231 427 2284 Καὶ
450 2229 504 2281 τί
533 2227 732 2296 γένοιτ’
778 2226 841 2279 ἂν
880 2226 1064 2296 χεῖρον
1094 2220 1316 2274 ἐκείνων
1330 2231 1380 2280 α,
1420 2209 1495 2271 ὧν
1527 2218 1554 2270 6
1584 2213 1744 2285 ζῆλος
1778 2211 1994 2282 ἔφθειρε

319 2320 444 2380 τοὺς
483 2315 989 2387 μαθητευομένους;
1030 2310 1168 2363 Ἀλλ’
1197 2311 1348 2379 ὅμως
1379 2305 1500 2359 οὐδέ
1529 2304 1672 2358 οὕτω
1705 2298 1996 2355 κατεϐίϐα-

1977 1194 1990 1217 ν

319 2423 413 2459 σεν
441 2407 641 2467 αὐτοὺς
668 2405 775 2458 ἀπὸ
805 2405 902 2473 τῆς
926 2401 1103 2467 ἀξίας,
1129 2399 1251 2452 οὐδέ
1274 2397 1782 2465 εὐκαταφρονήτους
1811 2388 2019 2457 ἐποίη-·

321 2511 413 2547 σεν
447 2488 588 2546 εἷναι
619 2494 730 2553 τοῖς
764 2488 1120 2561 ἀρχομένοις*
1175 2486 1270 2540 καὶ
1316 2485 1461 2556 μάλα
1490 2482 1735 2543 εἰκότως.
1782 2477 1847 2530 Εἰ
1887 2477 1996 2543 γάρ

319 2580 525 2650 ταύτης
573 2577 918 2631 ἐπιλάϐοιντο
950 2577 1048 2646 τῆς
1089 2573 1341 2638 ἐξουσίας
1372 2573 1421 2624 οἱ
1462 2570 1791 2642 ἀρχόμενοι,
1829 2563 1998 2632 ὀφθη-

323 2685 508 2722 σονται
548 2669 758 2730 πάντας
794 2661 1369 2733 ἀποχειροτονοῦντες,
1403 2660 1498 2712 καὶ
1530 2660 1594 2711 ἐκ
1623 2655 1717 2708 τοῦ
1753 2653 1996 2723 βήματος

321 2755 799 2818 καταϐιϐἀζοντες.
829 2754 928 2808 Διὰ
946 2753 1106 2805 τοῦτο
1130 2751 1225 2804 καὶ
1248 2748 1459 2812 Παῦλος
1487 2747 1578 2798 τὸν
1602 2741 1866 2815 ἀρχιερέα
1889 2739 1996 2791 τῶν

335 2842 606 2898 Ἰουδαίων
645 2841 906 2913 ὑϐρίσας,
949 2839 1042 2892 καὶ
1076 2837 1279 2904 εἰπὼν,
1325 2837 1575 2891 Τύπτειν
1603 2848 1676 2887 σε
1715 2831 1929 2899 μέλλει
1966 2831 1998 2880 ό

324 2931 503 2996 Θεὸς,
556 2931 712 3000 τοῖχε
750 2925 1157 2999 κεκονιαμένε’
1199 2923 1296 2982 καί
1333 2927 1414 2980 σὺ
1452 2922 1600 2990 κάθῃ
1641 2921 1860 2988 κρίνων
1892 2933 2001 2988 με;

322 3018 512 3089 ἐπειδή
544 3034 705 3070 τινων
731 3018 966 3089 ἤκουσεν
998 3011 1458 3082 ἐπιστομιζὸντων
1485 3009 1671 3069 αὐτὸν,
1702 3009 1796 3059 καὶ
1823 3004 2002 3072 λεγόν-

323 3123 454 3171 των,
485 3105 596 3159 Τὸν
619 3104 897 3174 ἀρχιερέα
924 3103 1031 3157 τοῦ
1074 3102 1222 3156 Θεοῦ
1245 3099 1540 3166 λοιδορεῖς
1557 3113 1575 3161 ;
1608 3096 1778 3160 δεῖξαι
1821 3091 2003 3163 βουλόο

325 3211 508 3264 μενος,
538 3194 670 3263 ὅσην
700 3194 996 3264 ἀπονέμειν
1017 3193 1094 3245 δεῖ
1117 3194 1228 3254 τοῖς
1255 3191 1481 3260 ἄρχουσι
1505 3187 1603 3257 τὴν
1625 3183 1757 3237 αἰδῶ
1791 3184 1884 3236 καὶ
1905 3182 2002 3252 τὴν

321 3282 512 3352 τιμὴν,
546 3281 599 3334 τί
634 3299 833 3352 (manv;
863 3284 985 3335 Οὐκ
1025 3281 1194 3349 ᾔδειν
1225 3278 1314 3331 ὅτι
1357 3275 1670 3345 ἀρχιερεὺς
1710 3273 1816 3326 τοῦ
1853 3271 2002 3325 Θεοῦ

321 3367 423 3439 ἦν.
481 3369 580 3422 Διά
621 3369 780 3422 τοῦτο
838 3371 931 3422 καὶ
982 3368 1146 3421 Δαυῒδ
1210 3364 1631 3436 παρανομοῦντα
1685 3361 1868 3414 λαϐὼν
1915 3361 2004 3414 τδν

324 3457 498 3510 Σαοὺλ
518 3497 532 3521 ,
575 3459 670 3510 καὶ
708 3461 870 3525 φόνου
903 3459 1134 3510 πνέοντα
1155 3497 1170 3523 ,
1201 3455 1296 3507 καὶ
1332 3454 1534 3524 μυρίας
1568 3452 1698 3504 ὄντα
1730 3451 2003 3514 κολάσεως

323 3544 497 3609 ἄξιον,
541 3546 602 3597 οὐ
652 3545 814 3615 μόνον
865 3544 1033 3597 αὐτοῦ
1068 3544 1168 3614 τῆς
1205 3543 1349 3612 ζωῆς
1382 3541 1674 3610 ἐφείσατο,
1718 3539 1833 3591 ἀλλ’
1882 3537 2003 3590 οὐτε

327 3631 483 3702 ῥῆμα
531 3632 789 3702 φορτικὸν
836 3634 914 3694 εἰς
948 3631 1112 3683 αὐτὸν
1161 3629 1412 3683 ἐκϐαλεῖν
1441 3627 1734 3698 ὑπέμεινε·
1781 3626 1876 3679 καὶ
1907 3625 2005 3695 τὴν

325 3719 506 3773 αἰτίαν
545 3719 725 3790 τίθησι
767 3720 973 3788 λέγων,
1007 3720 1089 3773 ὅτι
1120 3718 1375 3786 Χριστὸς
1407 3716 1630 3783 Κυρίου
1665 3715 1858 3768 ἐστίν.
1891 3714 2008 3766 Οὐκ

324 3808 578 3862 ἐντεῦθεν
616 3809 672 3861 δὲ
707 3808 886 3878 μόνον,
937 3806 1073 3860 ἀλλά
1117 3809 1212 3861 καὶ
1247 3805 1515 3878 ἑτέρωθεν
1557 3807 1622 3858 ἐκ
1663 3803 1867 3874 πολλῆς
1909 3807 2006 3874 τῆς

324 3898 648 3968 περιουσίας
693 3896 841 3950 ἔστιν
874 3897 1021 3961 ἰδεῖν,
1053 3895 1171 3960 πῶς
1199 3895 1390 3966 πόρρω
1419 3911 1522 3948 που
1553 3894 1624 3947 τὰ
1665 3891 1774 3946 τῶν
1816 3892 2006 3962 ἱερέων

323 3984 571 4056 διορθοῦν
602 3985 693 4038 τὸν
719 3985 1021 4056 ἀρχόμενον
1061 3985 1351 4055 ἐστηκέναι
1386 3985 1516 4056 χρή.
1555 3983 1668 4052 Τῆς
1697 3981 1806 4052 γὰρ
1837 3981 2006 4034 κιϐω-

323 4071 420 4126 τοῦ
449 4089 578 4125 ποτε
609 4073 1174 4145 ἀναγομένης,ἐπειδή
1203 4091 1346 4136 τινες
1370 4072 1478 4126 τῶν
1502 4072 1823 4142 ἀρχομένων
1847 4088 2007 4141 περι-

325 4161 671 4231 τρεπομένην
710 4161 804 4214 καὶ
840 4161 1209 4214 καταπίπτειν
1241 4161 1542 4232 μέλλουσαν
1588 4160 1788 4222 ἰδόντες
1832 4158 2010 4230 ἀνώρ-

323 4245 530 4312 θωσαν,
556 4250 616 4300 ἐν
643 4247 793 4318 αὐτῷ
819 4249 896 4318 τῷ
922 4249 1106 4320 χωρίῳ
1133 4249 1287 4320 δίκην
1313 4249 1522 4315 ἔδοσαν,
1554 4247 1658 4301 ὑπὸ
1680 4247 1774 4300 τοῦ
1799 4247 2008 4316 Κυρίου

328 4333 632 4405 πληγέντες
655 4337 751 4388 καὶ¹
775 4337 960 4407 νεκροί
988 4336 1294 4407 μείναντες.
1332 4335 1526 4390 Καίτοι
1553 4354 1616 4406 γε
1638 4336 1790 4390 οὐδέν
1811 4337 2009 4390 ἄτοπον

328 4426 546 4480 ἐποίουν
567 4443 579 4454 ·
607 4427 728 4480 οὐδέ
755 4426 864 4498 γὰρ
899 4428 1200 4498 ἀνέτρεπον
1227 4429 1324 4499 τὴν
1359 4428 1611 4493 κιϐωτὸν,
1641 4428 1756 4481 ἀλλ’
1788 4427 2012 4497 ἀνατρέ-

325 4513 527 4569 πεσθαι
562 4515 860 4585 μέλλουσαν
895 4516 990 4567 καὶ
1018 4515 1384 4570 καταπίπτειν
1408 4517 1707 4588 ἀνώρθουν.
1755 4515 1893 4568 Ἀλλ’
1923 4517 2010 4570 ἵνα

326 4599 392 4651 ἐκ
427 4598 630 4669 πολλῆς
659 4599 976 4670 περιουσίας
1005 4599 1186 4670 μάθῃς
1214 4601 1323 4653 τῶν
1357 4601 1550 4672 ἱερέων
1570 4600 1630 4654 τὸ
1653 4598 1892 4669 ἀξίωμα,
1915 4601 2010 4654 καὶ

325 4681 446 4745 πῶς
497 4682 558 4734 οὐ
605 4680 764 4752 θέμις
798 4682 889 4734 τὸν
937 4683 1382 4752 ὑποτεταγμένον
1412 4685 1507 4736 καὶ
1535 4685 1594 4737 ἐν
1627 4684 1778 4750 τάξει
1803 4683 2009 4737 λαῖκῶν

325 4765 454 4820 δντα
503 4765 730 4818 τοιαῦτα
755 4766 1110 4837 ἐπανορθοῦν,
1159 4767 1481 4821 ἀπέκτεινεν
1515 4769 1714 4831 αὐτοὺς
1760 4769 1817 4820 ἐν
1859 4767 2011 4836 μέσῳ

324 4850 404 4920 τῷ
449 4850 668 4919 πλήθει,
718 4853 843 4914 τοὺς
891 4851 1084 4914 ἄλλους
1117 4852 1323 4916 πάντας
1356 4854 1418 4906 ἐκ
1454 4852 1655 4921 πολλῆς
1688 4851 1868 4921 φοϐῶν
1910 4855 2009 4922 τῆς

327 4933 659 5004 ὑπερϐολῆς,
716 4935 812 4988 καὶ
854 4935 1060 4988 πείθων
1105 4935 1376 5006 μηδέποτε
1407 4938 1521 5000 τοῖς
1561 4937 1660 5006 τῆς
1711 4935 2010 5007 ἱερωσύνης

327 5017 612 5087 προσιέναι
639 5017 873 5078 ἀδύτοις.
905 5021 968 5072 Εἰ
998 5021 1107 5089 γὰρ
1139 5019 1201 5090 δὴ
1229 5019 1473 5089 μέλλοιεν
1504 5019 1726 5074 ἕκαστοι
1754 5020 1846 5072 ἐπὶ
1879 5036 2012 5089 προ-

329 5101 493 5168 φάσει
529 5098 625 5151 τοῦ
653 5099 722 5152 τὰ
750 5102 936 5162 κακῶς
970 5105 1231 5174 γινόμενα
1261 5102 1508 5174 διορθοῦν
1532 5104 1611 5166 είς
1639 5103 1699 5156 τὸ
1728 5103 1826 5172 τῆς
1856 5102 2011 5173 ἱερω-

332 5185 496 5252 σύνης
541 5183 782 5250 εἰσάγειν
828 5187 1053 5249 ἑαυτοὺς
1086 5187 1339 5257 ἀξίωμα,
1396 5185 1518 5238 οὔτε
1551 5185 1699 5258 [191]
1736 5186 2011 5257 πρόφασις

333 5265 602 5335 ἐπιλείψει
627 5265 966 5336 διορθώσεως
995 5286 1145 5335 ποτε,
1178 5268 1302 5321 οὔτε
1335 5269 1592 5339 ἄρχοντα,
1624 5269 1747 5322 οὐτε
1771 5269 2010 5341 ἀρχόμε-

334 5367 422 5400 νον
471 5349 906 5418 διαγνωσὸμεθα,
959 5351 1424 5424 ἀναμεμιγμένων
1469 5353 1688 5406 πάντων
1735 5354 2007 5422 ἀλλήλοις.

336 5433 446 5483 Καὶ
483 5433 556 5502 μή
607 5431 674 5501 μέ
710 5449 794 5494 τις
829 5432 1022 5504 νομίσῃ
1066 5435 1174 5487 τῶν
1203 5436 1392 5508 ἱερέων
1428 5439 1812 5505 κατεγνωκότα
1837 5438 2010 5490 ταῦτα

334 5518 512 5584 λέγειν
549 5518 659 5587 (διά
702 5517 810 5588 γὰρ
851 5517 949 5587 τὴν
983 5517 1077 5571 τοῦ
1107 5518 1244 5573 Θεοῦ
1284 5521 1476 5591 χάριν,
1518 5520 1755 5591 πολλὴν,
1797 5521 1874 5584 ὼς
1916 5522 2011 5575 καὶ

337 5600 494 5668 ὑμεῖς
526 5602 659 5666 ἴστε,
685 5602 785 5671 τὴν
816 5601 1114 5655 ἐπιείκειαν
1142 5604 1200 5658 ἐν
1234 5604 1437 5658 ἆπασιν
1464 5604 1885 5674 ἐπιδείκνυνται,
1917 5605 2010 5658 καὶ

345 5739 528 5855 yﬂj‘rgi’c
550 5739 748 5808 Coislin,
767 5741 962 5803 melius,
983 5757 1124 5805 quam
1165 5744 1337 5796 Morel.
1362 5745 1407 5795 τί
1431 5747 1481 5796 δὲ
1507 5747 1678 5810 γένοιτ’
1713 5749 1768 5798 ἂν
1794 5748 1880 5799 τοῦ
1905 5750 2009 5815 βίον

365 5817 445 5855 ,ιὶιδ
476 5819 486 5830 “
507 5837 519 5850 ι
1553 5813 1571 5822 ⁴

365 5813 519 5861 [ειρον.
1553 5813 1571 5822 ·

1076 275 1134 332 S.
1177 272 1466 332 JOANNIS
1507 261 2006 328 CIIRYSOSTOMI
2045 260 2369 319 ARCHIEP.
2413 247 2966 316 CONS'I'ANTINOP.

3667 229 3771 286 9.0-3

2099 359 2358 429 οὐδεμίαν
2383 360 2559 413 οὐδενί
2584 377 2712 413 ποτε
2740 357 3123 430 παρεσχήκασι
3139 351 3352 422 λαϐὴν),
3373 351 3486 404 axx
3507 349 3594 403 ἵνα
3614 348 3774 418 ὑμεῖς

2099 447 2330 516 μάθητε,
2368 447 2451 500 ὅτι
2485 450 2533 500 εί
2564 448 2659 500 καὶ
2694 445 3002 517 μοχθηροὺς
3038 442 3212 512 εἴχετε
3240 439 3481 508 πατέρας
3515 439 3610 491 καὶ
3635 452 3774 507 φορ·-

2096 535 2280 597 τικοῦς
2313 534 2686 598 διδασκάλους,
2719 535 2838 588 οὐδέ
2861 533 3033 594 οὕτως
3062 529 3342 583 ἀκίνδυνον
3380 529 3507 596 ὑμῖν
3534 522 3624 594 ἦν,
3649 523 3775 576 οὐδὲ

2096 622 2333 690 ἀσφαλὲς
2379 623 2720 693 βλασφημεῖν
2753 622 2952 683 αὐτοὺς
2997 620 3092 672 καὶ
3135 615 3510 687 λοιδορεῖσθαι.
3553 615 3613 666 Εἰ
3661 611 3775 682 γὰρ

2096 709 2188 762 ἐπὶ
2223 709 2330 762 τῶν
2366 711 2696 779 σωματικῶν
2732 709 2934 778 γονέων
2980 707 3139 775 σοφός
3166 706 3247 767 τίς
3279 721 3433 775 φησι,
3466 703 3593 757 Κᾶν
3625 702 3777 755 ἀπο-

2095 798 2243 866 λίπῃ
2279 800 2558 860 σύνεσιν,
2595 796 2964 868 συγγνώμην
2997 795 3130 864 ἔχε·
3176 794 3227 846 τί
3270 794 3380 861 γὰρ
3426 792 3607 853 αὐτοῖς
3639 791 3777 842 ἀπο-

2095 883 2308 949 δώσεις,
2341 886 2522 950 καθὼς
2554 887 2708 940 αὐτοί
2745 903 2856 950 σοι;
2894 881 3076 952 πολλῷ
3118 881 3320 952 μᾶλλον
3351 880 3445 932 ἐπὶ
3472 879 3579 930 τῶν
3611 895 3776 931 πνευ-

2099 975 2344 1042 ματικῶν
2396 976 2584 1029 τοῦτον
2633 972 2998 1044 φυλάττεσθαι
3041 972 3146 1042 χρὴ
3197 970 3290 1022 τὸν
3328 959 3510 1039 νόμόν,
3555 968 3645 1020 καί
3687 966 3776 1018 τὸν

2096 1061 2328 1114 ἑκάστου
2363 1061 2478 1132 βίον
2504 1063 2702 1116 ἑαυτὸν
2730 1062 2962 1116 ἕκαστον
2991 1057 3453 1130 περιεργάζεσθαι
3485 1057 3581 1108 καὶ
3615 1055 3777 1106 πολυ-

2096 1153 2468 1219 πραγμονεῖν,
2505 1149 2592 1204 ἵνα
2627 1149 2701 1221 μὴ
2738 1147 3068 1218 ἀκούσωμεν
3107 1145 3225 1199 κατ’
3255 1147 3474 1215 ἐκείνην
3511 1144 3611 1214 τὴν
3637 1143 3776 1213 ἡμέ-

2097 1254 2216 1307 ραν,
2275 1239 2609 1306 Ὑποκριτὰ,
2668 1240 2726 1291 τί
2766 1237 3025 1302 βλέπεις
3070 1235 3136 1288 τὸ
3181 1234 3408 1302 κάρφος
3457 1232 3524 1284 τό
3577 1233 3645 1283 ἑν
3702 1229 3776 1294 τῷ

2096 1327 2382 1396 ὀφθαλμῷ
2399 1327 2504 1381 τοῦ
2536 1326 2804 1395 ἀδελφοῦ
2835 1343 2972 1390 σου,
3000 1325 3114 1393 τὴν
3146 1324 3213 1376 δὲ
3236 1324 3306 1376 ἐν
3336 1321 3417 1386 τῷ
3444 1319 3534 1385 σῷ
3558 1321 3776 1388 ὀφθαλ-

2093 1413 2184 1483 μῷ
2217 1416 2289 1468 οὺ
2324 1415 2639 1481 κατανοεῖς
2664 1415 2881 1478 δοκόν;
2909 1415 3019 1466 Καὶ
3042 1413 3150 1483 γὰρ
3177 1410 3486 1482 ὑποκριτῶν
3513 1409 3695 1479 ἔργον,
3721 1408 3777 1462 τὸ

2094 1499 2329 1574 δημοσία
2379 1504 2476 1574 μὲν
2524 1504 2620 1557 καὶ
2665 1505 2882 1558 πάντων
2916 1502 3172 1574 ὁρώντων
3216 1500 3318 1564 τὰς
3365 1504 3555 1570 χεῖρας
3602 1499 3777 1566 φιλεῖν

2093 1587 2204 1642 τῶν
2260 1591 2482 1661 ἱερέων,
2526 1593 2620 1646 καὶ
2665 1593 2906 1660 γονάτων
2941 1590 3244 1656 ἅπτεσθαι,
3297 1589 3391 1641 καὶ
3443 1587 3774 1658 παρακαλεῖν

2095 1676 2237 1748 ὑπέρ
2279 1678 2460 1732 αὐτῶν
2503 1680 2759 1750 εὔχεσθαι
2781 1721 2794 1744 ,
2828 1680 2920 1732 καὶ
2953 1679 3239 1748 δεομένους
3275 1676 3650 1747 βαπτίσματος
3687 1674 3776 1726 ἐττί⁵

2095 1762 2192 1826 τάς
2217 1765 2442 1818 ἐκείνων
2462 1767 2677 1838 τρέχειν
2710 1767 2902 1838 θύρας,
2934 1768 3074 1820 οἴκοι
3100 1766 3156 1819 δὲ
3183 1768 3278 1818 καὶ
3308 1766 3364 1817 ἐν
3397 1764 3625 1834 ἀγοραῖς
3650 1763 3775 1823 τοὺς

2095 1849 2367 1906 τοσούτων
2413 1854 2634 1923 ἀγαθῶν
2670 1856 2878 1920 αἰτίους
2911 1855 3044 1925 ἡμῖν
3094 1855 3188 1906 καὶ
3223 1853 3505 1914 διακόνους
3564 1850 3775 1920 μυρίοις

2097 1938 2320 1994 πλύνειν
2336 1941 2653 2013 δνείδεσιν,ἣ
2670 1942 2872 2013 ἐτέρων
2887 1942 3254 2006 ὀνειδιζόντων
3270 1939 3580 2011 ἀνέχεσθαι.
3599 1939 3660 1992 Εἰ
3682 1939 3774 2006 μὲν

2097 2027 2204 2096 γὰρ
2227 2028 2442 2100 ἀληθῶς
2476 2031 2652 2094 κακὸς¹
2675 2034 2702 2084 ό
2734 2033 2940 2103 πατὴρ,
2971 2031 3090 2094 πῶς
3114 2030 3278 2083 αὐτὸν
3299 2029 3612 2092 ἀξιόπιστον
3641 2022 3775 2080 εἶναι

2096 2117 2338 2187 νομίζεις
2351 2117 2596 2173 διάκονον
2613 2119 2713 2189 τῆς
2728 2119 2837 2172 τῶν
2858 2119 3100 2190 φρικτῶν
3116 2118 3342 2171 ἐκείνων
3358 2135 3426 2188 μυ
3436 2116 3774 2184 σταγωγίαςὶ

2099 2203 2160 2257 Εἰ
2197 2204 2254 2258 δὲ
2291 2206 2605 2270 ἀξιόπιστος
2631 2207 2859 2260 ἐκείνων
2883 2203 3024 2261 εἶναί
3059 2224 3142 2260 σοι
3171 2207 3323 2260 δοκεῖ
3350 2204 3775 2266 διάκονος.τίνος

2097 2291 2281 2344 ἕνεκεν
2329 2293 2500 2366 ἀνέχῃ
2548 2295 2737 2358 κακῶς
2791 2294 2994 2366 ἐτέρων
3027 2294 3294 2362 λεγόντων
3337 2293 3521 2357 αὐτὸν,
3551 2293 3647 2345 καὶ
3684 2291 3775 2343 οὐκ

2098 2381 2472 2452 ἐπιστομίζεις
2493 2423 2507 2447 ,
2539 2384 2662 2436 οὐδὲ
2695 2385 3029 2452 ἀγανακτεῖς
3053 2424 3067 2445 ,
3096 2384 3218 2436 οὐδὲ
3245 2382 3623 2454 δυσχεραίνεις
3644 2423 3656 2446 ,
3695 2379 3775 2431 ἵνα

2099 2469 2253 2538 παρὰ
2279 2470 2374 2522 τοῦ
2408 2469 2544 2523 Θεοῦ
2579 2471 2747 2526 πολὺν
2791 2472 2881 2525 τὸν
2919 2472 3111 2542 μισθὸν
3159 2471 3477 2541 ἀπολάϐης,
3517 2471 3614 2524 καὶ
3655 2474 3774 2537 παρ’

2101 2555 2279 2608 αὐτῶν
2327 2556 2550 2610 ἐκείνων
2586 2557 2696 2611 τῶν
2739 2559 3194 2630 κατηγορούντων
3228 2560 3320 2612 τὸν
3363 2559 3623 2624 ἐπαινονς
3667 2557 3776 2610 Κάν

2101 2644 2208 2715 γάρ
2241 2646 2502 2715 μυριάκις
2543 2640 2678 2699 ὦσιν
2718 2646 3026 2718 ὑϐρισταὶ,’
3053 2648 3271 2711 πάντως
3309 2647 3685 2700 ἐπαινέσονταί
3721 2664 3774 2698 σε

2104 2733 2196 2785 καὶ
2241 2732 2593 2798 ἀποδέξονται
2644 2736 2742 2805 τῆς
2789 2737 2918 2806 περὶ
2967 2737 3093 2799 τους
3144 2735 3387 2806 πατέρας
3428 2735 3772 2806 κηδεμονίαςο

2102 2821 2252 2874 ὥσπε
2262 2840 2314 2892 ρ,
2345 2821 2411 2876 ἂν
2445 2823 2519 2894 μὴ
2544 2823 2704 2876 τοῦτο
2749 2825 3013 2894 ποιῶμεν,
3047 2825 3284 2886 ἅπαντες
3315 2823 3474 2893 ἡμῶν
3504 2822 3774 2892 καταγνώ-

2104 2927 2308 2969 σονται.
2348 2911 2442 2964 καί
2481 2913 2635 2964 αὐτοί
2667 2914 2716 2964 οἱ
2751 2913 2937 2975 κακῶς
2968 2912 3237 2980 λέγοντες.
3267 2913 3380 2964 Καὶ
3407 2911 3468 2964 οὐ
3504 2910 3660 2963 τοῦτο
3685 2911 3772 2980 μό-

2103 3015 2191 3049 νον
2216 2998 2333 3050 ἐστί.
2361 2999 2420 3052 τὸ
2450 2999 2642 3064 δεινὸν,
2673 3001 2788 3054 ἀλλ’
2817 3001 2899 3053 ὅτι
2940 2999 3034 3052 καὶ
3069 3002 3186 3052 ἐκεῖ
3220 2999 3318 3070 τὴν
3353 2999 3593 3069 ἐσχάτην
3622 2998 3774 3050 δώσο-

2107 3104 2206 3156 μεν
2235 3086 2408 3159 δίκην.
2440 3088 2606 3140 Οὐδὲν
2633 3089 2741 3160 γάρ
2771 3087 2914 3140 οῦτω
2940 3088 3037 3150 τὰς
3080 3086 3409 3158 Ἐκκλησίας
3439 3087 3768 3157 λυμαίνεται,

2103 3175 2179 3239 ῶς
2216 3177 2372 3229 τοῦτο
2400 3176 2462 3229 τὸ
2484 3177 2697 3248 νόσημα
2717 3195 2730 3206 ·
2761 3178 2851 3230 καὶ
2888 3177 3142 3247 καθάπερ
3167 3175 3327 3246 σῶμα
3372 3177 3446 3246 μὴ
3481 3176 3617 3245 μετά
3639 3177 3773 3244 ἀκρι·

2107 3263 2259 3328 ϐείας
2294 3264 2672 3333 συνδεδεμένον
2716 3266 2781 3334 τῇ
2832 3263 2942 3316 τῶν
2992 3263 3198 3333 νευρῶν
3257 3263 3542 3334 περιϐολῇ,
3592 3262 3774 3324 πολλάς

2105 3353 2278 3405 τίκτει
2305 3352 2401 3415 τὰς
2431 3353 2765 3423 ἀρρωστίας,
2798 3353 2892 3404 καὶ
2919 3351 3149 3405 ἀϐίωτον
3184 3355 3330 3404 ποιεῖ
3362 3352 3454 3403 τὶν
3485 3351 3617 3419 βίον·
3643 3351 3772 3402 οῦτω

2107 3439 2199 3490 καὶ
2238 3437 2558 3506 Ἐκκλησία,
2603 3437 2677 3506 μὴ
2713 3436 2918 3506 σφοδρᾷ
2949 3437 3044 3488 καὶ
3078 3437 3314 3507 ἀρραγεῖ
3346 3437 3411 3505 τῇ
3446 3437 3545 3505 τῆς
3580 3434 3771 3501 ἀγάπης

2109 3521 2299 3574 ἁλύσει
2326 3519 2795 3590 περιϐεϐλημένη,
2821 3519 3048 3590 μυρίους
3072 3519 3245 3571 τίκτει
3264 3518 3555 3587 πολέμους,
3575 3523 3660 3569 καὶ
3685 3524 3770 3584 τὴν

2109 3607 2278 3677 ὀργὴν
2312 3605 2407 3658 τοῦ
2452 3606 2587 3657 Θεοῦ
2639 3603 2814 3668 αῦξει,
2857 3604 2952 3656 καὶ
2986 3602 3196 3655 πολλῶν
3224 3603 3550 3672 πειρασμῶν
3583 3601 3769 3670 γίνεται

2110 3688 2383 3752 ὑπόθεσις.
2416 3690 2532 3742 ’Ίνα
2559 3685 2650 3741 οῦν
2688 3688 2762 3758 μὴ
2797 3687 2972 3741 ταῦτα
3015 3686 3323 3757 συμϐαίνῃ,
3379 3685 3514 3756 μηδέ
3540 3685 3626 3738 τδν
3652 3683 3769 3735 Θεὸν

2112 3772 2534 3844 παροξύνωμεν,
2577 3774 2669 3824 καὶ
2699 3772 2767 3824 τά
2795 3771 3042 3842 ἡμέτερα
3074 3769 3475 3839 ἐπαυξήσωμεν
3501 3768 3654 3832 κακά,
3683 3767 3768 3819 καὶ

2107 3857 2206 3928 τὴν
2237 3857 2458 3910 κόλασιν
2492 3856 2871 3926 ἀπαραίτητον
2905 3851 3432 3925 παρεσκευάζωμεν,
3466 3853 3558 3905 καὶ
3587 3849 3768 3918 πολλῆς

2108 3942 2301 4012 ἀηδίας
2336 3939 2634 4011 πληρῶμεν
2667 3939 2764 4010 τὴν
2797 3939 2944 4008 ζωὴν
2986 3937 3082 4008 τὴν
3119 3935 3418 4007 ἡμετέραν,
3467 3937 3494 3974 b
3540 3934 3662 4003 πρὸς
3689 3931 3770 3983 εὐ-

2111 4011 2322 4094 μίαν
2349 4021 2448 4093 τὴν
2478 4020 2725 4090 γλῶτταν
2761 4019 3088 4090 μεταθέντες
3107 4058 3122 4082 ,
3149 4017 3241 4070 τὸν
3271 4017 3482 4069 ἐαυτῶν
3515 4014 3622 4067 καθ’
3647 4011 3768 4064 ἐκά-

2113 4123 2243 4176 στην
2270 4104 2482 4175 ἡμέραν
2501 4100 3004 4175 περιεργαζώμεθα
3031 4101 3165 4171 βίον,
3183 4100 3278 4154 καὶ
3303 4100 3405 4170 τὴν
3432 4100 3620 4170 ἐτέρων
3635 4096 3769 4165 ζωὴν

2109 4189 2187 4259 τῷ
2221 4189 2291 4242 τὰ
2319 4189 2612 4260 ἀπόρρητα
2649 4186 2788 4258 μετά
2821 4186 3109 4258 ἀκριϐείας
3140 4185 3304 4238 εἰδότι
3334 4185 3540 4253 κρίνειν
3571 4181 3770 4249 ἐπιτρέ-

2108 4273 2310 4343 ψαντες
2331 4313 2346 4338 ,
2374 4272 2528 4326 αὐτοὶ
2561 4269 2631 4324 τά
2660 4269 2868 4324 ἑαυτῶν
2903 4271 3279 4341 ἁμαρτήματα
3311 4270 3595 4339 κρίνωμεν.
3625 4263 3768 4316 Οὐτω

2109 4353 2220 4422 γὰρ
2262 4352 2354 4405 καὶ
2406 4352 2466 4406 τὸ
2515 4351 2614 4422 τῆς
2659 4351 2886 4422 γεέννης
2937 4349 3282 4421 δυνησόμεθα
3319 4348 3595 4417 διαφυγεῖν
3640 4342 3767 4410 πῦρ.

2113 4437 2324 4507 Ὥσπερ
2356 4436 2466 4507 γάρ
2506 4437 2557 4489 οἰ
2585 4435 2657 4489 τά
2701 4435 2955 4506 ἀλλότρια
2998 4431 3575 4505 πολυπραγμονοῦντες
3609 4427 3764 4491 κακά,

2109 4521 2218 4573 τῶν
2246 4520 2462 4574 οἰκείων
2486 4519 2674 4572 οὐδένα
2705 4518 2985 4572 ποιοῦνται
3017 4517 3174 4584 λόγον
3191 4534 3204 4547 ·
3252 4515 3406 4587 [192]
3431 4514 3594 4576 οὕτως
3617 4513 3657 4563 οξ
3683 4509 3766 4561 δε-

2109 4604 2349 4667 δοικότες
2396 4605 2477 4666 εἰς
2512 4603 2604 4656 τὸν
2647 4601 2851 4673 ἐτέρων
2891 4599 3219 4671 παρακύψαι
3263 4597 3398 4668 βίον,
3431 4594 3617 4664 πολλὴν
3645 4593 3765 4643 ἐαυ-

2108 4690 2221 4751 τοῖς
2261 4689 2369 4742 τῶν
2401 4685 2958 4757 πεπλημμελημένων
3004 4685 3324 4754 ποιήσονται
3375 4680 3472 4751 τὴν
3500 4675 3758 4749 φροντίδα·

2109 4773 2160 4824 οἱ
2199 4771 2257 4823 δὲ
2303 4771 2373 4826 τά
2419 4771 2631 4824 ἐαυτῶν
2673 4768 3124 4840 ἀναλογιζόμενοι
3152 4765 3320 4830 κακὰ,
3348 4761 3626 4818 καὶταῦτα
3649 4757 3762 4812 καθ’

2110 4854 2348 4927 ἑκάστην
2378 4855 2656 4926 κρίνοντες
2679 4855 2780 4926 τὴν
2804 4854 3041 4925 ἡμέραν,
3070 4852 3166 4905 καὶ
3194 4851 3352 4912 δίκας
3377 4847 3593 4908 ἑαυτοὺς
3613 4845 3761 4927 ἀπαιξ

2109 4926 2328 5001 τοῦντες
2348 4980 2362 5003 ,
2394 4939 2599 5011 ἥμερον
2628 4937 2811 5002 ἕξουσι
2843 4936 2966 4989 τότε
2997 4936 3089 4988 τὸν
3118 4933 3401 5003 δικαστήν.
3429 4931 3534 4985 Καὶ
3562 4926 3708 5011 τοῦτο
3733 4926 3761 4976 ό

2111 5021 2321 5085 Παῦλος
2347 5009 2520 5092 δηλῶν
2551 5021 2734 5089 ἔλεγεν
2755 5039 2768 5052 ·
2795 5022 2839 5073 Ε
2844 5023 2861 5073 ἱ
2896 5019 3005 5090 γὰρ
3030 5017 3286 5081 ἑαυτοὺς
3317 5016 3636 5084 ἐκρίνομεν,
3658 5009 3759 5092 οὑκ

2111 5103 2188 5157 ἂν
2214 5090 2567 5172 ἐκρινόμεθα
2597 5103 2718 5158 ὑπὸ
2763 5103 3008 5171 Κυρίου.
3045 5101 3140 5155 ”Ιν’
3173 5095 3264 5152 οῦν
3300 5097 3640 5168 διαφύγωμεν
3669 5090 3760 5160 τὴν

2109 5188 2286 5258 ψῆφον
2313 5189 2550 5260 ἐκείνην,
2568 5189 2745 5241 πάντα
2769 5187 2839 5240 τά
2864 5187 2999 5241 ἄλλα
3024 5185 3276 5253 ἀφέντες,
3298 5173 3757 5260 περιεργαζώμεθα

2109 5256 2210 5343 την
2258 5256 2692 5343 ἐαυτῶνζωὴν,
2741 5271 2835 5324 καὶ
2879 5269 3200 5339 κολάζωμεν
3245 5267 3338 5320 τὸν
3387 5263 3632 5333 λογισμὸν
3674 5256 3756 5310 τὸν

2113 5355 2446 5425 ἁμαρτάνειν
2496 5354 2890 5416 ἀναπείθοντα,
2933 5354 3028 5407 καὶ
3079 5350 3504 5419 κατανύττωμεν
3551 5346 3607 5398 τὸ
3646 5356 3756 5394 συνι-

2111 5438 2248 5502 ειδὸς
2275 5479 2289 5502 ,
2330 5439 2424 5491 καὶ
2452 5438 2609 5506 λόγον
2637 5439 2864 5500 ἑαυτοὺς
2891 5436 3216 5506 ἀπαιτῶμεν
3241 5434 3352 5487 τῶν
3383 5427 3754 5503 πεπραγμένων

2111 5523 2261 5593 ἡμῖν.
2291 5521 2448 5575 Οὕτω
2477 5523 2585 5592 γὰρ
2618 5521 2962 5593 δυνησόμεθα
2989 5520 3191 5590 κοῦφον
3218 5517 3330 5571 τῶν
3375 5513 3755 5588 ἁμαρτημάτων

2112 5606 2435 5674 ποιήσαντες
2469 5607 2527 5659 τὸ
2569 5607 2809 5677 φορτίον,
2853 5607 3184 5678 συγγνώμης
3230 5606 3534 5660 ἀπολαῦσαι
3564 5595 3752 5678 πολλῆς.

2113 5690 2320 5743 καὶτὸν
2351 5689 2595 5761 παρόντα
2621 5675 2736 5760 βίον
2765 5691 2882 5761 μεθ’
2912 5675 3110 5762 ἡδονῆς
3134 5675 3364 5760 διάγειν,
3400 5690 3495 5743 καὶ
3525 5684 3623 5737 τῶν
3654 5675 3758 5747 μελ-

2179 5810 2207 5852 b
2224 5811 2358 5872 Haec,
2381 5825 2490 5873 quae
2513 5815 2564 5864 in
2586 5813 2706 5865 Mor.
2729 5829 2897 5868 manca
2915 5820 3074 5881 erant,
3099 5820 3150 5869 in
3180 5818 3330 5869 (ἰδίει.
3354 5817 3423 5867 sic
3440 5807 3752 5863 τρειὶιιιιῖῑιίιίῐο
