3964 6342
277 306 390 361 265

281 422 395 474 sive
436 420 695 476 ementita
721 462 736 486 ,
767 420 881 477 sive
910 436 1035 477 vera
1077 424 1184 477 sint
1220 440 1341 494 qua:
1371 425 1438 480 de
1479 426 1561 481 eis
1602 425 1871 480 dicimus:

287 513 539 580 quoniam
572 522 629 566 et
658 511 961 567 Phariszeus
988 514 1272 583 publicano
1308 515 1439 569 nihil
1464 518 1665 583 nocuit,
1710 518 1803 570 sed
1831 528 1883 570 et

286 606 387 673 ipsi
416 605 634 675 profuit,
668 605 795 660 licet
814 622 939 660 vera
966 606 1034 661 de
1059 623 1125 661 eo
1150 608 1374 663 diceret.
1407 608 1669 663 Cieterum
1698 611 1880 663 nobis-

292 698 425 765 ipsis
453 697 589 751 mala
620 707 861 752 extrema
903 699 1001 767 ipsi
1038 702 1363 754 accersimus
1385 741 1400 765 ,
1438 701 1577 755 sicut
1604 711 1658 756 et
1690 701 1878 755 Phari-

286 806 426 844 smus
460 792 511 844 in
543 790 779 860 seipsnm
812 791 1046 861 gladium
1087 793 1297 861 impulit
1324 834 1339 853 .
1383 802 1439 847 et
1478 794 1625 847 letali
1666 802 1882 863 accepta

287 884 439 952 plaga
472 883 621 936 abiit.
658 882 724 938 Ut
752 883 913 953 igitur
938 898 1007 937 ne
1028 893 1082 938 et
1110 884 1365 939 nosidem
1396 885 1680 953 patiamur,
1714 885 1882 953 impe-

287 990 471 1029 remus
506 975 783 1029 indomitae
835 976 1047 1045 lingum.
1091 974 1224 1030 Nam
1264 977 1310 1030 si
1342 977 1385 1029 is
1417 1018 1432 1042 ,
1476 976 1567 1045 qui
1599 976 1883 1045 publicano

287 1069 588 1133 maledixit,
618 1084 831 1138 poenam
863 1084 969 1123 non
1000 1068 1184 1139 effugit
1209 1110 1223 1133 ,
1259 1086 1357 1123 nos
1378 1069 1466 1138 qui
1511 1068 1751 1138 patribus
1782 1084 1883 1123 no-

287 1162 415 1214 stris
460 1161 830 1214 maledicimus
859 1204 873 1225 ,
902 1176 1003 1229 qua
1060 1175 1157 1213 nos
1205 1160 1447 1229 apologia
1499 1160 1808 1214 tuebimur?
1839 1161 1882 1215 si

286 1251 489 1315 Maria,
523 1251 662 1320 quod
695 1249 842 1305 fratri
870 1252 1034 1306 semel
1078 1251 1407 1305 maledixerit
1442 1292 1457 1317 ,
1504 1260 1704 1306 tantam
1735 1251 1883 1306 dedit

287 1358 501 1413 poenam
526 1342 711 1414 (Nam.
749 1342 835 1396 t2.
864 1341 980 1413 10):
1011 1341 1162 1409 cujus
1192 1341 1347 1396 nobis
1374 1343 1561 1396 salutis
1585 1357 1728 1409 spes,
1754 1358 1876 1396 cum

288 1448 391 1486 nos
421 1432 661 1502 quotidie
701 1433 969 1502 principes
1010 1432 1228 1487 inﬁnitis
1273 1433 1526 1487 conviciis
1571 1432 1883 1486 allicimus?

288 1523 369 1579 Ne
395 1523 533 1577 mihi
554 1523 657 1577 hoc
683 1523 801 1593 quis
822 1523 1032 1588 dixerit,
1060 1524 1150 1577 Ille
1175 1523 1348 1578 Moses
1364 1532 1479 1577 erat
1501 1541 1513 1577 :
1537 1536 1720 1592 potero
1738 1524 1880 1578 enim

287 1626 343 1669 et
365 1631 464 1685 ego
494 1614 693 1675 dicere,
724 1614 814 1668 Illa
839 1614 1000 1667 Maria
1027 1621 1161 1668 erat.
1193 1614 1476 1680 Czeterum,
1506 1623 1564 1667 ut
1592 1624 1646 1668 et
1670 1614 1769 1666 alia
1794 1630 1878 1668 ra-

288 1706 437 1760 tione
467 1706 567 1758 hoc
597 1704 878 1759 manifeste
907 1718 1198 1773 cognoscas
1227 1745 1242 1771 ,
1292 1703 1432 1773 quod
1483 1720 1580 1757 nec
1614 1704 1657 1757 si
1699 1704 1882 1757 crimi-

289 1812 417 1851 num
443 1798 520 1851 rei
543 1798 648 1850 sint
672 1796 979 1851 sacerdotes
1001 1836 1016 1861 ,
1048 1796 1113 1849 de
1145 1796 1354 1850 illorum
1388 1796 1480 1850 tibi
1513 1797 1617 1850 vita
1642 1796 1883 1866 judicare

288 1890 373 1945 fas
410 1890 518 1955 sit,
556 1889 683 1943 audi
734 1888 861 1958 quid
903 1889 1044 1942 dicat
1088 1887 1155 1941 de
1205 1887 1532 1957 principibus
1576 1886 1881 1942 Judarorum

286 1982 571 2038 Christus:
604 1980 776 2051 Super
815 1980 1108 2033 cathedram
1160 1979 1320 2033 Mosis
1356 1980 1590 2033 sederunt
1631 1980 1809 2033 scriba:
1836 1990 1883 2034 et

288 2072 548 2127 Pharisari
574 2088 590 2125 :
620 2074 791 2125 omnia
818 2073 971 2143 igitur
991 2086 1317 2142 quacumque
1355 2070 1577 2124 dixerint
1605 2070 1747 2124 vobis
1776 2112 1791 2134 ,
1829 2080 1884 2123 nt

289 2167 524 2237 faciatis,
561 2164 711 2232 facite
734 2166 923 2235 :juxta
963 2180 1120 2233 Opera
1165 2174 1333 2216 autem
1376 2180 1550 2217 eorum
1587 2179 1650 2217 ne
1680 2165 1881 2234 faciatis

292 2256 512 2324 (Matth.
540 2255 699 2311 25.2.
723 2254 799 2327 5).
833 2254 970 2317 Jam,
997 2254 1122 2323 quid
1148 2255 1249 2307 illis
1268 2254 1419 2323 pejus
1450 2253 1625 2320 fuerit,
1657 2270 1883 2324 quorum

289 2349 437 2402 zelus
467 2346 660 2401 futuris
684 2347 958 2416 discipulis
1012 2347 1202 2401 noxius
1241 2348 1394 2401 erat?
1424 2348 1673 2402 Attamen
1706 2362 1879 2417 neque

290 2440 371 2493 sic
390 2455 484 2492 eos
504 2437 749 2509 deposuit
770 2453 799 2492 a
826 2438 1103 2508 dignitate,
1139 2454 1310 2507 neque
1334 2439 1557 2493 subditis
1572 2437 1875 2507 despicabi-

291 2530 373 2583 les
400 2530 560 2583 l‘ecit:
590 2529 749 2598 idque
768 2529 890 2599 jure
919 2530 1129 2583 merito.
1158 2529 1288 2583 Nam
1325 2530 1369 2583 si
1400 2531 1565 2584 semel
1613 2529 1749 2584 hanc
1785 2545 1882 2598 po-

287 2630 538 2675 testatem
557 2621 880 2689 arripuerint
899 2620 1115 2684 subditi,
1129 2621 1304 2673 statim
1324 2619 1631 2689 magistratu
1650 2620 1886 2690 privatos

289 2715 563 2782 principes
605 2713 673 2767 de
707 2713 965 2783 dignitate
1005 2713 1277 2767 deturbari
1326 2712 1644 2767 videbimus.
1677 2713 1883 2781 Eapro-

292 2818 411 2876 pter
441 2806 638 2861 Paulus
666 2822 786 2860 cum
840 2808 1131 2876 principem
1182 2806 1518 2861 sacerdotum
1576 2805 1883 2859 Judmorum

290 2902 617 2954 contumelia
647 2900 912 2955 affecisset
932 2942 946 2960 ,
976 2916 1039 2954 ac
1067 2901 1292 2955 dixisset
1324 2918 1337 2954 :
1366 2899 1617 2954 Pcrcutiet
1648 2909 1695 2952 te
1720 2898 1881 2963 Deus,

291 2994 461 3068 paries
487 2993 718 3051 dealbate
741 3010 758 3050 :
788 3004 832 3047 et
863 3004 914 3046 tu
936 2995 1181 3065 judicans
1208 3011 1285 3047 me
1307 2992 1489 3065 sedes(
1517 2998 1629 3047 Act.
1656 2993 1746 3048 25.
1776 2993 1885 3061 3)?

294 3102 580 3161 postquam
610 3103 786 3144 autem
823 3088 1080 3160 quosdam
1103 3088 1304 3141 audivit
1337 3103 1395 3142 se
1420 3087 1758 3156 increpantes
1788 3129 1801 3151 ,
1832 3096 1887 3140 et

292 3184 537 3237 dicentes
563 3200 575 3235 :
612 3181 687 3235 Po
701 3182 919 3250 ntificem
950 3180 1042 3233 Dei
1070 3180 1304 3233 conviciis
1332 3179 1535 3233 incessis
1579 3178 1683 3249 (Ib.
1712 3197 1756 3232 r.
1781 3178 1836 3247 4)
1863 3184 1884 3231 1’

292 3287 597 3329 monstrare
614 3275 831 3338 volens,
861 3282 1116 3343 quantum
1149 3282 1357 3341 oportet
1389 3271 1753 3326 sacerdotibus
1796 3272 1887 3326 Dei

292 3365 552 3420 exhibere
588 3365 845 3418 honorem
884 3374 936 3418 et
980 3364 1333 3418 reverentiam
1371 3404 1385 3429 ,
1425 3362 1552 3432 quid
1580 3362 1749 3417 dicit?
1780 3361 1881 3415 Ne-

294 3454 517 3509 sciebam
543 3455 677 3524 quod
717 3456 943 3525 pontifex
973 3454 1067 3506 Dei
1086 3464 1213 3507 esset
1248 3455 1264 3523 (
1298 3452 1376 3506 Ib.
1404 3469 1451 3506 υ.
1486 3452 1581 3523 5
1602 3453 1889 3522 Propterea

294 3554 353 3600 et
380 3545 546 3599 David
572 3587 585 3610 ,
617 3560 737 3599 cum
780 3545 994 3599 Saulem
1030 3545 1474 3612 apprehendisset
1514 3544 1888 3612 prtevaricato-

296 3652 438 3702 rem,
463 3646 518 3690 et
545 3638 838 3706 spirantem
871 3635 1214 3689 homicidium
1236 3678 1248 3699 ,
1278 3635 1561 3705 multisque
1594 3636 1765 3704 poenis
1813 3635 1891 3687 di—

294 3745 498 3800 gnum:
525 3746 632 3783 non
664 3730 834 3784 solum
863 3730 979 3799 ejus
1012 3730 1133 3782 vita:
1159 3729 1399 3798 pepercit
1430 3770 1445 3793 ,
1496 3728 1590 3781 sed
1635 3742 1809 3797 neque
1835 3736 1891 3781 ut

297 3822 526 3877 verbum
556 3838 806 3892 asperum
850 3812 901 3875 in
936 3838 1057 3875 eum
1081 3822 1348 3891 jaceretur
1380 3863 1394 3886 ,
1437 3822 1686 3875 sustinuit
1715 3863 1729 3885 ,
1759 3836 1888 3875 cau-

297 3930 524 3985 samque
545 3930 748 3984 ponens
765 3915 893 3968 dicit
910 3933 921 3967 :
938 3913 1164 3969 Christus
1179 3914 1381 3968 Domini
1397 3924 1466 3967 est
1486 3914 1531 3984 (l
1548 3953 1561 3966 .
1580 3912 1887 3985 Reg.24.7).

298 4005 486 4076 Neque
508 4006 631 4060 hinc
656 4007 852 4071 solum,
876 4005 969 4060 sed
1000 4013 1053 4059 et
1077 4006 1291 4059 aliunde
1311 4005 1491 4059 videre
1513 4006 1635 4059 licet
1652 4006 1887 4074 copiose,

299 4099 573 4169 quomodo
598 4099 869 4153 subditum
907 4098 1091 4168 procul
1123 4114 1152 4150 a
1184 4098 1523 4152 sacerdotum
1551 4096 1892 4166 correptione

302 4193 496 4246 abesse
520 4200 749 4261 oportet.
769 4191 898 4246 Nam
917 4206 1036 4245 cum
1068 4192 1354 4261 aliquando
1381 4207 1501 4245 arca
1525 4190 1887 4253 reduceretur,

302 4294 358 4338 et
386 4282 721 4337 subditorum
745 4284 906 4353 aliqui
944 4283 1008 4336 ad
1036 4284 1239 4352 lapsum
1269 4283 1620 4337 declinantem
1652 4282 1893 4337 videntes

303 4377 594 4446 erigerent,
629 4391 694 4431 eo
720 4377 835 4444 ipso
863 4376 913 4428 in
937 4376 1053 4429 loco
1080 4391 1287 4445 ptermm
1313 4374 1613 4439 dederunt,
1646 4383 1700 4428 et
1724 4388 1751 4426 a
1784 4374 1891 4427 Do-

305 4470 457 4523 mino
502 4467 783 4537 pereussi,
840 4466 1033 4520 mortui
1100 4475 1452 4531 manserunt,
1504 4465 1711 4519 tametsi
1765 4465 1895 4518 nihil

303 4568 529 4630 agerent
566 4559 855 4613 absurdum
886 4559 962 4628 (2.
994 4558 1118 4629 Reg.
1151 4558 1203 4612 6.
1235 4558 1311 4626 7).
1343 4556 1459 4611 Non
1488 4558 1630 4610 enim
1658 4557 1888 4610 subver-

305 4653 527 4715 tebant,
551 4651 645 4706 sed
672 4652 940 4721 lapsuram
980 4652 1274 4721 erigebant.
1304 4651 1372 4704 Et
1412 4660 1468 4704 ut
1506 4666 1569 4705 ex
1600 4648 1893 4705 abundanti

303 4744 643 4800 sacerdotum
666 4743 975 4813 dignitatem
1007 4744 1200 4809 discas,
1229 4742 1566 4812 etquomodo
1586 4756 1690 4795 non
1720 4742 1791 4795 sit
1817 4742 1895 4794 fas

305 4837 579 4891 subditum
608 4878 623 4899 ,
648 4846 699 4890 et
729 4836 780 4889 in
802 4836 989 4890 ordine
1010 4835 1265 4889 laicorum
1288 4836 1603 4889 existentem
1629 4833 1751 4887 talia
1774 4848 1895 4886 eor-

306 4930 516 4999 rigere:
560 4928 681 4981 illos
724 4929 776 4981 in
827 4926 1000 4981 media
1032 4926 1369 4982 multitudine
1410 4926 1649 4989 occidit,
1676 4935 1898 4980 cancros

307 5035 502 5074 omnes
525 5018 626 5070 hoc
656 5017 895 5086 prodigio
919 5016 1205 5070 admodum
1236 5026 1461 5078 terrens,
1490 5026 1544 5071 et
1574 5015 1898 5084 persuadens

307 5113 388 5164 eis
413 5151 428 5175 ,
484 5126 549 5163 ne
591 5110 656 5164 ad
688 5109 845 5181 adyta
886 5110 1171 5164 sacerdotii
1218 5110 1492 5164 accedant.
1521 5110 1576 5163 Si
1605 5109 1746 5163 enim
1790 5109 1899 5161 sin-

308 5203 421 5271 guli
441 5203 665 5255 obtentu
697 5202 838 5256 male
861 5210 979 5255 acta
1000 5201 1297 5271 corrigendi
1328 5204 1378 5255 in
1408 5200 1693 5255 sacerdotii
1720 5199 1898 5268 digni-

311 5305 476 5348 tatem
500 5308 559 5348 se
579 5293 828 5358 inferant,
854 5309 1143 5363 numquam
1163 5293 1333 5348 deerit
1349 5291 1647 5363 corrigendi
1665 5292 1896 5355 occasio,

308 5394 365 5439 et
393 5383 634 5437 confusis
660 5384 797 5437 inter
823 5398 883 5437 se
910 5384 1154 5437 omnibus
1173 5425 1186 5448 ,
1213 5384 1349 5439 inter
1380 5382 1672 5452 principem
1702 5388 1757 5436 et
1777 5380 1902 5434 sub.

309 5476 483 5529 ditum
510 5490 617 5529 non
644 5473 1034 5531 discernentus.
1067 5474 1235 5529 Nemo
1263 5477 1375 5530 hzec
1402 5490 1486 5529 me
1502 5475 1681 5530 dicere
1711 5475 1898 5543 Opine-

310 5577 431 5631 tur,
452 5566 605 5636 quasi
636 5564 702 5620 ad
721 5566 1028 5621 sacerdotes
1057 5566 1383 5621 accusandos
1409 5568 1528 5636 (per
1552 5566 1645 5620 Dei
1672 5579 1901 5633 namque

312 5658 540 5727 gratiam
564 5658 617 5711 in
648 5658 898 5712 omnibus
925 5698 941 5724 ,
975 5666 1034 5712 ut
1062 5669 1115 5712 et
1140 5672 1233 5712 vos
1257 5658 1404 5712 scitis
1431 5698 1447 5723 ,
1477 5671 1722 5727 magnam
1744 5655 1897 5710 exhi-

312 5751 441 5807 bent
482 5749 805 5823 probitatem
829 5792 843 5819 ,
871 5762 925 5805 et
954 5750 1151 5806 nemini
1179 5764 1426 5820 umquam
1457 5745 1771 5805 criminandi
1801 5761 1899 5801 an-

1034 308 1101 364 lN
1139 309 1362 379 ILLUD,
1402 310 1582 368 SAL‘U
1597 311 1771 369 l'ATE
1805 311 2210 370 PRISCILLAM
2242 312 2328 369 ET
2367 314 2695 383 AQUILAM.
2735 318 2800 372 ll.

3464 324 3568 382 206

1992 441 2107 481 sam
2130 426 2433 499 dederunt),
2463 429 2557 486 sed
2585 440 2645 486 ut
2673 431 2909 496 discatis,
2944 433 3152 489 etiamsi
3178 433 3451 505 improbos
3480 439 3576 495 ha-

1991 519 2188 574 beretis
2219 532 2399 589 patres
2423 564 2437 585 ,
2456 532 2511 577 et
2544 523 2801 580 molestos
2829 526 3117 596 magistros
3145 569 3159 591 ,
3200 543 3372 600 neque
3397 531 3474 587 sic
3497 536 3576 586 eis

1992 610 2317 666 maledicere
2357 613 2508 667 vobis
2534 629 2783 669 securum
2828 626 2882 670 et
2930 617 3132 687 absque
3159 620 3311 687 gravi
3341 622 3574 689 periculo

1990 702 2123 759 fore.
2152 704 2283 758 Nam
2313 706 2357 759 si
2384 706 2451 761 de
2486 708 2852 776 corporalibus
2879 711 3182 778 parentibus
3209 713 3423 779 sapiens
3450 714 3570 783 qui-

1990 797 2112 852 dam
2130 797 2259 851 dicit
2296 816 2309 853 :
2339 798 2401 853 Si
2424 815 2574 853 sensu
2600 799 2800 868 deﬁciat
2820 841 2834 865 ,
2858 792 3054 855 ueniam
3080 804 3145 856 da
3165 801 3346 867 (Eccli.
3378 803 3431 859 5.
3458 802 3570 872 £5):

1990 888 2113 958 quid
2137 888 2280 943 enim
2303 889 2409 942 illis
2436 889 2618 955 dabis,
2642 890 2799 960 quale
2832 892 2930 959 ipsi
2954 892 3046 947 tibi
3074 892 3099 947 ?
3124 895 3292 948 multo
3320 894 3487 964 magis
3517 895 3568 947 in

1990 982 2357 1050 spiritualibus
2397 982 2517 1037 bzcc
2541 983 2626 1038 lex
2659 983 3029 1039 observanda:
3062 1000 3125 1039 ac
3149 987 3568 1056 uniuscujusque

1987 1074 2224 1130 officium
2253 1084 2366 1140 est,
2400 1084 2456 1129 ut
2496 1090 2646 1129 suam
2680 1076 2847 1145 ipsius
2872 1076 3033 1130 vitam
3071 1076 3353 1144 diligenter
3390 1078 3569 1133 consi-

1988 1169 2174 1233 deret,
2198 1177 2252 1223 et
2272 1169 2505 1223 excutiat
2528 1211 2542 1234 ,
2580 1184 2647 1224 ne
2675 1168 2921 1223 videlicet
2948 1170 3226 1223 audiamus
3248 1174 3297 1223 ln
3320 1170 3407 1224 die
3438 1170 3531 1224 illo
3557 1189 3573 1223 :

1992 1258 2297 1329 Hypocrita,
2331 1259 2452 1326 quid
2473 1260 2610 1313 vides
2640 1263 2880 1330 festucam
2909 1261 2959 1312 in
2984 1261 3131 1313 oculo
3160 1260 3331 1328 fratris
3358 1262 3430 1313 tui
3459 1301 3476 1326 ,
3519 1262 3571 1314 in

1990 1359 2076 1404 tuo
2111 1360 2279 1405 autem
2310 1352 2455 1405 oculo
2482 1350 2669 1405 trabem
2691 1368 2791 1404 non
2818 1351 3105 1405 consideras
3137 1350 3363 1420 (Matth.
3388 1352 3440 1404 7.
3472 1352 3573 1422 5)?

1989 1440 2200 1497 Etenim
2244 1440 2646 1512 hypocritarum
2677 1458 2809 1511 opus
2836 1452 2917 1498 est
2942 1483 2960 1508 ,
3003 1442 3213 1511 publice
3253 1442 3467 1511 quidem
3518 1454 3573 1498 ct

1988 1532 2239 1587 omnibus
2266 1532 2570 1587 videntibus
2599 1534 2826 1588 osculari
2856 1549 3043 1587 manus
3080 1536 3449 1599 sacerdotum,
3479 1550 3574 1605 ge-

1988 1639 2093 1677 nua
2126 1632 2364 1692 tangere,
2398 1624 2715 1693 supplicare,
2741 1635 2797 1679 ut
2822 1640 2918 1693 pro
2945 1640 3003 1679 se
3032 1635 3206 1689 orent,
3236 1620 3290 1680 et
3310 1626 3573 1695 baptismo

1988 1713 2286 1784 indigentes
2325 1714 2390 1769 ad
2422 1714 2631 1769 illorum
2653 1716 2846 1784 januas
2872 1731 3120 1770 currere:
3147 1717 3291 1772 domi
3319 1726 3497 1773 autem
3522 1731 3576 1773 et

1952 1839 1960 1847 -
1987 1804 2041 1858 in
2059 1804 2176 1859 foro
2198 1813 2465 1860 tantorum
2490 1806 2752 1861 bonorum
2776 1808 2929 1862 nobis
2947 1820 3192 1863 auctores
3217 1820 3267 1863 et
3301 1811 3574 1865 ministros

1989 1896 2169 1950 multis
2197 1895 2411 1951 afficere
2432 1896 2662 1967 probris,
2682 1899 2761 1951 vel
2781 1898 3230 1953 conviciatoribus
3246 1899 3571 1955 consentire.

1988 1986 2141 2053 Quod
2172 1988 2217 2041 si
2246 2002 2375 2043 vere
2406 1988 2577 2043 malus
2596 1998 2679 2044 est
2706 1998 2891 2057 pater,
2922 1989 3192 2060 quomodo
3222 1989 3325 2045 fide
3352 1990 3572 2059 dignum

1988 2087 2143 2148 putas
2170 2090 2275 2134 tam
2308 2080 2621 2135 terribilium
2654 2094 3109 2137 sacramentorum
3138 2083 3439 2138 ministrum
3466 2084 3490 2137 ?
3517 2084 3573 2140 Si

1988 2182 2165 2226 autem
2203 2171 2308 2227 fide
2350 2171 2538 2241 dignus
2565 2172 2658 2228 tibi
2690 2174 2935 2228 minister
2960 2187 3081 2229 esse
3126 2173 3339 2229 videtur
3362 2217 3379 2242 ,
3411 2190 3579 2246 quare

1988 2255 2097 2311 fers
2127 2256 2261 2310 alios
2286 2256 2333 2310 ei
2360 2256 2759 2320 maledicentes,
2791 2266 2845 2312 et
2866 2273 2969 2312 non
2999 2259 3216 2313 obturas
3243 2274 3429 2314 eorum
3457 2273 3575 2325 ora,

1989 2361 2165 2416 neque
2195 2344 2581 2409 stomacharis,
2606 2362 2779 2417 neque
2804 2362 2945 2417 azgre
2979 2346 3118 2412 fers,
3159 2357 3217 2402 ut
3260 2358 3314 2403 et
3356 2348 3575 2402 multam

1991 2436 2223 2507 accipias
2250 2452 2279 2491 a
2311 2438 2419 2491 Deo
2435 2437 2763 2501 mencedem,
2792 2446 2847 2493 et
2874 2437 3081 2492 laudem
3104 2439 3171 2493 ab
3200 2438 3330 2507 ipsis
3358 2438 3578 2493 maledi-

1990 2530 2105 2585 cis?
2144 2529 2275 2585 Nam
2312 2530 2435 2585 licet
2463 2539 2714 2586 sexcenta
2752 2530 2989 2586 convicia
3021 2530 3327 2601 proferant,
3361 2534 3579 2586 omnino

1991 2632 2170 2677 tamen
2200 2631 2250 2677 te
2280 2621 2570 2677 laudabunt
2593 2632 2650 2677 et
2673 2621 3117 2692 amplexabuntur
3133 2622 3203 2677 ob
3223 2622 3490 2693 egregiam
3523 2623 3575 2676 in

1991 2723 2168 2785 patres
2203 2730 2383 2770 curam
2402 2733 2416 2769 :
2435 2726 2619 2770 contra
2646 2731 2773 2770 vero
2798 2715 2844 2769 si
2868 2714 2969 2770 hoc
3000 2730 3104 2769 non
3137 2715 3392 2770 faciamus
3414 2757 3426 2779 ,
3458 2730 3576 2769 Ollt-

1990 2821 2087 2861 nes
2106 2823 2204 2861 nos
2224 2806 2677 2874 condemnabunt,
2692 2806 2850 2860 etiam
2880 2806 2952 2859 illi
2985 2806 3085 2875 ipsi
3112 2807 3201 2876 qui
3228 2805 3571 2860 maledicunt.

1990 2901 2071 2955 Ad
2095 2901 2209 2956 hazc
2247 2900 2452 2955 accedit
2478 2899 2603 2955 illud
2635 2899 2803 2954 multo
2827 2899 3040 2969 gravius
3069 2940 3084 2965 ,
3114 2899 3254 2969 quod
3282 2908 3577 2952 extremam

1992 2992 2097 3047 illic
2121 2992 2365 3047 dabimus
2388 3007 2618 3061 poenam.
2645 2992 2777 3060 Quia
2809 2990 2935 3045 nihil
2964 2990 3185 3061 perinde
3204 2990 3282 3045 sic
3312 2988 3579 3045 Ecelesias

1992 3086 2274 3140 labefactat
2308 3094 2468 3156 atque
2502 3086 2720 3139 morbus
2748 3086 2864 3140 ille:
2889 3095 2935 3139 et
2971 3086 3107 3139 sicut
3151 3100 3346 3153 corpus
3386 3099 3580 3138 nervo-

1993 3194 2109 3231 rum
2146 3176 2325 3231 debita
2363 3176 2675 3230 habitudine
2718 3191 2907 3230 carens
2938 3176 3132 3229 multas
3163 3176 3329 3246 gignit
3357 3176 3574 3245 aegritu-

1992 3269 2175 3333 dines,
2199 3278 2252 3323 et
2282 3268 2592 3347 vitam_facit
2621 3268 2897 3321 molestam
2922 3286 2935 3322 :
2960 3268 3031 3320 ita
3063 3266 3305 3321 Ecclesia
3331 3281 3435 3319 non
3464 3266 3574 3321 cir-

1992 3364 2239 3418 cumdata
2270 3361 2391 3415 forti
2418 3363 2503 3416 illa
2526 3372 2577 3416 et
2602 3361 2819 3415 infracta
2851 3361 3085 3415 caritatis
3111 3368 3322 3426 catena,
3347 3360 3579 3429 plurima

1993 3456 2220 3524 parturit
2247 3454 2408 3520 bella,
2441 3454 2571 3506 iram
2605 3453 2698 3507 Dei
2720 3459 2910 3522 auget,
2949 3460 3003 3507 et
3024 3451 3306 3506 multarum
3330 3450 3579 3505 tentatio-

1994 3562 2122 3601 num
2176 3556 2257 3600 est
2308 3546 2541 3600 occasio.
2588 3544 2665 3599 Ne
2711 3544 2869 3614 igitur
2922 3543 3037 3597 bare
3083 3543 3579 3612 contingant,nevc

1998 3640 2161 3694 Deum
2193 3639 2577 3695 exacerbemus
2606 3679 2621 3703 ,
2654 3654 2721 3693 ne
2763 3649 2945 3693 nostra
2992 3653 3282 3708 augeamus
3312 3637 3447 3690 mala
3480 3679 3494 3700 ,
3529 3649 3581 3690 ct

1994 3746 2206 3801 pmnam
2264 3741 2463 3785 certant
2506 3729 3041 3800 indeclinabilcmque
3087 3743 3479 3797 comparemus,
3507 3729 3585 3778 vi-

1996 3835 2211 3893 tamque
2262 3823 2398 3876 hanc
2448 3823 2626 3875 multis
2666 3821 2929 3876 molestiis
2975 3820 3313 3889 repleamus:
3348 3830 3582 3872 uestram

1996 3916 2063 3970 ad
2091 3917 2225 3971 bene
2255 3913 2580 3983 loquendum
2616 3914 2847 3982 linguam
2893 3910 3274 3966 transferentes
3298 3952 3313 3975 ,
3344 3920 3580 3964 nostram

1997 4009 2232 4077 ipsorum
2276 4008 2438 4061 vitam
2479 4006 2699 4075 singulis
2726 4005 2913 4058 diebus
2942 4002 3225 4072 diligenter
3250 4011 3579 4061 scrutemur;

1997 4101 2221 4152 aliorum
2250 4106 2425 4151 autem
2458 4098 2618 4152 vitam
2649 4099 2787 4163 ejus,
2818 4095 2908 4164 qui
2938 4095 3096 4148 etiam
3123 4092 3387 4162 incognita
3415 4106 3573 4144 accu-

1998 4202 2113 4247 rate
2136 4191 2282 4245 novit
2312 4232 2325 4249 .
2354 4190 2554 4259 judicio
2586 4189 2947 4258 relinquentes
2975 4226 2988 4250 ,
3018 4186 3119 4254 ipsi
3156 4194 3337 4238 nostra
3369 4193 3583 4252 peccata

2000 4288 2332 4341 damnemus.
2353 4284 2425 4337 ita
2458 4284 2610 4337 nobis
2636 4282 2893 4352 gehenna:
2918 4281 3094 4350 ignem
3127 4279 3305 4333 licebit
3329 4277 3583 4346 effugere.

1999 4377 2129 4430 Nam
2148 4377 2284 4429 sicut
2316 4376 2369 4438 ii,
2397 4375 2485 4444 qui
2517 4375 2567 4427 in
2596 4373 2787 4427 alienis
2814 4373 3078 4426 curiosius
3102 4369 3443 4439 explorandis
3473 4384 3585 4421 ma-

2005 4470 2069 4521 lis
2099 4467 2341 4537 occupati
2369 4474 2513 4528 sunt,
2541 4480 2759 4519 suorum
2788 4472 3130 4533 peccatorum
3162 4462 3361 4515 nullam
3387 4459 3589 4513 habent

2002 4560 2262 4615 rationem
2289 4576 2301 4607 :
2338 4560 2407 4611 ita
2438 4559 2527 4626 qui
2569 4558 2636 4611 ab
2681 4557 2853 4609 aliena
2889 4556 2995 4608 vita
3026 4553 3361 4607 discutienda
3386 4551 3584 4605 abhor-

2002 4660 2140 4715 rent,
2174 4665 2415 4719 magnam
2440 4664 2657 4703 suorum
2686 4647 3002 4701 delictorum
3033 4645 3304 4698 habebunt
3330 4642 3587 4697 sollicito-

2001 4748 2179 4802 dinem
2208 4764 2219 4798 :
2253 4755 2307 4799 et
2331 4745 2420 4814 qui
2446 4759 2540 4798 sua
2571 4741 2912 4797 considerant
2938 4741 3096 4802 mala,
3129 4738 3323 4807 illaque
3349 4735 3587 4804 quotidie

2002 4838 2311 4903 discutiunt,
2342 4852 2371 4889 a
2401 4835 2594 4905 seipsis
2622 4843 2973 4904 exposcentes
3000 4846 3186 4900 pteuas
3205 4873 3219 4897 ,
3253 4830 3437 4884 mitem
3462 4837 3588 4882 tunc

2005 4932 2237 4988 habituri
2278 4940 2401 4985 sunt
2425 4930 2678 4999 judicem.
2715 4928 2768 4982 Id
2798 4926 2936 4996 quod
2982 4925 3176 4980 Paulus
3203 4923 3481 4979 declarans
3502 4921 3588 4975 di-

2002 5028 2188 5082 cebat:
2224 5024 2360 5078 Nam
2383 5025 2427 5077 si
2458 5024 2686 5092 nosipsos
2703 5022 3053 5091 judicaremus
3083 5060 3096 5082 ,
3125 5035 3225 5071 non
3256 5026 3428 5085 utique
3444 5015 3594 5087 judic

2005 5133 2237 5170 caremur
2254 5132 2286 5167 a
2308 5112 2526 5166 Domino
2550 5113 2594 5177 (Ι
2611 5153 2622 5164 .
2641 5110 2759 5166 Cor.
2782 5107 2988 5181 H.5l).
3007 5108 3078 5164 Ut
3096 5116 3271 5162 autem
3302 5107 3445 5161 illam
3469 5119 3593 5159 sen—

2006 5212 2223 5265 tentiam
2260 5209 2575 5279 effugiamus
2606 5250 2619 5273 ,
2662 5207 2860 5262 relictis
2908 5206 3156 5259 omnibus
3197 5204 3353 5267 aliis,
3398 5216 3593 5270 magno

2008 5301 2184 5355 studio
2212 5302 2377 5355 vitam
2405 5311 2643 5355 nostram
2665 5298 3053 5361 examinemus,
3084 5296 3414 5364 corrigamus
3442 5291 3587 5360 cogi-

2007 5394 2235 5448 tationes
2272 5392 2338 5446 ad
2382 5390 2705 5461 peccandum
2741 5389 3051 5444 inducentes
3081 5427 3095 5451 ,
3124 5384 3502 5440 conscientiam
3526 5379 3590 5434 ad

2008 5483 2471 5553 compunctionem
2498 5482 2772 5536 ﬂectamus
2793 5522 2807 5546 ,
2830 5490 3067 5533 actorum
3095 5487 3398 5530 nostrorum
3422 5472 3591 5526 ratio-

2007 5589 2125 5632 nem
2160 5583 2481 5643 repetamus.
2505 5572 2595 5627 Sic
2614 5572 2753 5626 enim
2773 5570 3065 5642 poterimus
3084 5568 3234 5623 facile
3254 5573 3592 5635 peccatorum

2008 5668 2287 5723 exonerari
2317 5667 2523 5722 sarcina
2556 5706 2570 5732 ,
2604 5664 2768 5719 multa
2808 5663 2961 5718 venia
3004 5662 3137 5725 frui,
3170 5665 3593 5728 prmsentemque

2010 5762 2166 5819 simul
2187 5763 2349 5818 vitam
2388 5776 2507 5815 cum
2546 5760 2813 5831 voluptate
2855 5757 3212 5813 transmittere
3246 5793 3259 5817 ,
3290 5759 3345 5806 et
3384 5746 3597 5818 assequi
