  <div class='ocr_page' id='page_1' title='image "/cluster/home/n/w/nwhite01/storage/ocr_20150623/51/nnc1.0046978275/205.png"; bbox 0 0 3964 6342; ppageno 0'>
   <div class='ocr_carea' id='block_1_1' title="bbox 358 244 2935 329">
    <p class='ocr_par' dir='ltr' id='par_1_1' title="bbox 358 244 2935 329">
     <span class='ocr_line' id='line_1_1' title="bbox 358 244 2935 329; baseline 0.011 -27"><span class='ocrx_word' id='word_1_1' title='bbox 358 244 479 303; x_wconf 61' lang='lat'><strong>&quot;207</strong></span> <span class='ocrx_word' id='word_1_2' title='bbox 1106 250 1165 307; x_wconf 88' lang='lat' dir='ltr'><strong>S.</strong></span> <span class='ocrx_word' id='word_1_3' title='bbox 1203 253 1486 316; x_wconf 75' lang='lat' dir='ltr'><strong>JOANN-IS</strong></span> <span class='ocrx_word' id='word_1_4' title='bbox 1518 258 1995 319; x_wconf 69' lang='lat' dir='ltr'><strong>CIIRYSOSTOHI</strong></span> <span class='ocrx_word' id='word_1_5' title='bbox 2034 261 2355 324; x_wconf 83' lang='lat' dir='ltr'><strong>ARCHIEP.</strong></span> <span class='ocrx_word' id='word_1_6' title='bbox 2393 266 2935 329; x_wconf 78' lang='lat' dir='ltr'><strong>CONSTANTINOP.</strong></span> 
     </span>
    </p>
   </div>
   <div class='ocr_carea' id='block_1_2' title="bbox 2078 374 3641 459">
    <p class='ocr_par' dir='ltr' id='par_1_2' title="bbox 2078 374 3641 459">
     <span class='ocr_line' id='line_1_2' title="bbox 2078 374 3641 459; baseline 0.015 -30"><span class='ocrx_word' id='word_1_7' title='bbox 2078 374 2301 445; x_wconf 77' lang='lat' dir='ltr'><strong>Spiritui</strong></span> <span class='ocrx_word' id='word_1_8' title='bbox 2354 394 2541 441; x_wconf 90' lang='lat' dir='ltr'><strong>sancto</strong></span> <span class='ocrx_word' id='word_1_9' title='bbox 2593 387 2662 441; x_wconf 88' lang='lat' dir='ltr'><strong>sit</strong></span> <span class='ocrx_word' id='word_1_10' title='bbox 2713 388 2917 459; x_wconf 78' lang='lat' dir='ltr'><strong>gloria,</strong></span> <span class='ocrx_word' id='word_1_11' title='bbox 2972 390 3025 446; x_wconf 89' lang='lat' dir='ltr'><strong>in</strong></span> <span class='ocrx_word' id='word_1_12' title='bbox 3072 391 3268 449; x_wconf 67' lang='lat' dir='ltr'><strong>saecula</strong></span> <span class='ocrx_word' id='word_1_13' title='bbox 3320 396 3641 453; x_wconf 68' lang='lat' dir='ltr'><strong>smeulonun</strong></span> 
     </span>
    </p>
   </div>
   <div class='ocr_carea' id='block_1_3' title="bbox 356 336 1967 431">
    <p class='ocr_par' dir='ltr' id='par_1_3' title="bbox 356 336 1967 431">
     <span class='ocr_line' id='line_1_3' title="bbox 356 336 1967 431; baseline 0.015 -26"><span class='ocrx_word' id='word_1_14' title='bbox 356 336 517 430; x_wconf 29' lang='lat' dir='ltr'><strong>ionna</strong></span> <span class='ocrx_word' id='word_1_15' title='bbox 557 353 733 412; x_wconf 90' lang='lat' dir='ltr'><strong>futura</strong></span> <span class='ocrx_word' id='word_1_16' title='bbox 766 374 781 413; x_wconf 90' lang='lat'><strong>:</strong></span> <span class='ocrx_word' id='word_1_17' title='bbox 812 361 981 431; x_wconf 77' lang='lat' dir='ltr'><strong>gratia</strong></span> <span class='ocrx_word' id='word_1_18' title='bbox 1020 374 1075 419; x_wconf 88' lang='lat' dir='ltr'><strong>et</strong></span> <span class='ocrx_word' id='word_1_19' title='bbox 1121 366 1488 425; x_wconf 82' lang='lat' dir='ltr'><strong>misericordia</strong></span> <span class='ocrx_word' id='word_1_20' title='bbox 1545 370 1757 427; x_wconf 82' lang='lat' dir='ltr'><strong>Domini</strong></span> <span class='ocrx_word' id='word_1_21' title='bbox 1800 374 1967 429; x_wconf 88' lang='lat' dir='ltr'><strong>nostri</strong></span> 
     </span>
    </p>
   </div>
   <div class='ocr_carea' id='block_1_4' title="bbox 3552 279 3658 334">
    <p class='ocr_par' dir='ltr' id='par_1_4' title="bbox 3552 279 3658 334">
     <span class='ocr_line' id='line_1_4' title="bbox 3552 279 3658 334; baseline 0.038 -4"><span class='ocrx_word' id='word_1_22' title='bbox 3552 279 3658 334; x_wconf 64' lang='lat'><strong>208</strong></span> 
     </span>
    </p>
   </div>
   <div class='ocr_carea' id='block_1_5' title="bbox 384 443 2266 533">
    <p class='ocr_par' dir='ltr' id='par_1_5' title="bbox 384 443 2266 533">
     <span class='ocr_line' id='line_1_5' title="bbox 384 443 2266 533; baseline 0.016 -36"><span class='ocrx_word' id='word_1_23' title='bbox 384 443 502 500; x_wconf 81' lang='lat' dir='ltr'><strong>Iesu</strong></span> <span class='ocrx_word' id='word_1_24' title='bbox 547 445 783 517; x_wconf 78' lang='lat' dir='ltr'><strong>Christi;</strong></span> <span class='ocrx_word' id='word_1_25' title='bbox 827 468 924 523; x_wconf 88' lang='lat' dir='ltr'><strong>per</strong></span> <span class='ocrx_word' id='word_1_26' title='bbox 966 469 1125 526; x_wconf 87' lang='lat' dir='ltr'><strong>quem</strong></span> <span class='ocrx_word' id='word_1_27' title='bbox 1169 466 1225 514; x_wconf 89' lang='lat' dir='ltr'><strong>et</strong></span> <span class='ocrx_word' id='word_1_28' title='bbox 1261 474 1383 515; x_wconf 92' lang='lat' dir='ltr'><strong>cum</strong></span> <span class='ocrx_word' id='word_1_29' title='bbox 1418 478 1527 533; x_wconf 91' lang='lat' dir='ltr'><strong>quo</strong></span> <span class='ocrx_word' id='word_1_30' title='bbox 1550 464 1697 519; x_wconf 87' lang='lat' dir='ltr'><strong>Patri</strong></span> <span class='ocrx_word' id='word_1_31' title='bbox 1726 466 1883 521; x_wconf 84' lang='lat' dir='ltr'><strong>simul</strong></span> <span class='ocrx_word' id='word_1_32' title='bbox 1909 479 1964 523; x_wconf 84' lang='lat' dir='ltr'><strong>et</strong></span> <span class='ocrx_word' id='word_1_33' title='bbox 2074 443 2266 529; x_wconf 83' lang='lat' dir='ltr'><strong>Amen.</strong></span> 
     </span>
    </p>
   </div>
   <div class='ocr_carea' id='block_1_6' title="bbox 1842 1072 2195 1136">
    <p class='ocr_par' dir='ltr' id='par_1_6' title="bbox 1842 1072 2195 1136">
     <span class='ocr_line' id='line_1_6' title="bbox 1842 1072 2195 1136; baseline 0.011 -4"><span class='ocrx_word' id='word_1_34' title='bbox 1842 1072 2195 1136; x_wconf 85' lang='lat' dir='ltr'><strong>MONITUM</strong></span> 
     </span>
    </p>
   </div>
   <div class='ocr_carea' id='block_1_7' title="bbox 471 1254 3646 1375">
    <p class='ocr_par' dir='ltr' id='par_1_7' title="bbox 471 1254 3646 1375">
     <span class='ocr_line' id='line_1_7' title="bbox 471 1254 3646 1375; baseline 0.012 -49"><span class='ocrx_word' id='word_1_35' title='bbox 471 1269 647 1329; x_wconf 83' lang='lat' dir='ltr'><strong>Hasce</strong></span> <span class='ocrx_word' id='word_1_36' title='bbox 673 1280 780 1331; x_wconf 90' lang='lat' dir='ltr'><strong>tres</strong></span> <span class='ocrx_word' id='word_1_37' title='bbox 808 1275 1081 1346; x_wconf 89' lang='lat' dir='ltr'><strong>homilias,</strong></span> <span class='ocrx_word' id='word_1_38' title='bbox 1104 1254 1343 1350; x_wconf 76' lang='lat' dir='ltr'><strong>quarum</strong></span> <span class='ocrx_word' id='word_1_39' title='bbox 1371 1283 1519 1352; x_wconf 91' lang='lat' dir='ltr'><strong>prior</strong></span> <span class='ocrx_word' id='word_1_40' title='bbox 1556 1281 1612 1339; x_wconf 90' lang='lat' dir='ltr'><strong>in</strong></span> <span class='ocrx_word' id='word_1_41' title='bbox 1639 1282 1792 1351; x_wconf 88' lang='lat' dir='ltr'><strong>illud,</strong></span> <span class='ocrx_word' id='word_1_42' title='bbox 1831 1283 2057 1355; x_wconf 83' lang='lat' dir='ltr'><strong>Propter</strong></span> <span class='ocrx_word' id='word_1_43' title='bbox 2088 1288 2493 1361; x_wconf 77' lang='lat' dir='ltr'><strong>fornicationes,</strong></span> <span class='ocrx_word' id='word_1_44' title='bbox 2523 1302 2657 1364; x_wconf 87' lang='lat' dir='ltr'><strong>etc.,</strong></span> <span class='ocrx_word' id='word_1_45' title='bbox 2686 1294 2855 1354; x_wconf 88' lang='lat' dir='ltr'><strong>altera</strong></span> <span class='ocrx_word' id='word_1_46' title='bbox 2882 1297 2951 1355; x_wconf 89' lang='lat' dir='ltr'><strong>de</strong></span> <span class='ocrx_word' id='word_1_47' title='bbox 2978 1295 3183 1357; x_wconf 80' lang='lat' dir='ltr'><strong>Libello</strong></span> <span class='ocrx_word' id='word_1_48' title='bbox 3206 1304 3437 1375; x_wconf 76' lang='lat' dir='ltr'><strong>repudii,</strong></span> <span class='ocrx_word' id='word_1_49' title='bbox 3464 1310 3646 1375; x_wconf 83' lang='lat' dir='ltr'><strong>tertia,</strong></span> 
     </span>
    </p>
   </div>
   <div class='ocr_carea' id='block_1_8' title="bbox 405 1409 3645 1509">
    <p class='ocr_par' dir='ltr' id='par_1_8' title="bbox 405 1409 3645 1509">
     <span class='ocr_line' id='line_1_8' title="bbox 405 1409 3645 1509; baseline 0.012 -43"><span class='ocrx_word' id='word_1_50' title='bbox 405 1409 601 1478; x_wconf 72' lang='lat' dir='ltr'><strong>Quales</strong></span> <span class='ocrx_word' id='word_1_51' title='bbox 632 1412 883 1471; x_wconf 67' lang='lat' dir='ltr'><strong>ducenda</strong></span> <span class='ocrx_word' id='word_1_52' title='bbox 911 1417 1015 1471; x_wconf 77' lang='lat' dir='ltr'><strong>sint</strong></span> <span class='ocrx_word' id='word_1_53' title='bbox 1042 1434 1251 1488; x_wconf 73' lang='lat' dir='ltr'><strong>uram,</strong></span> <span class='ocrx_word' id='word_1_54' title='bbox 1280 1422 1469 1478; x_wconf 77' lang='lat' dir='ltr'><strong>eodem</strong></span> <span class='ocrx_word' id='word_1_55' title='bbox 1492 1430 1736 1495; x_wconf 84' lang='lat' dir='ltr'><strong>tempore</strong></span> <span class='ocrx_word' id='word_1_56' title='bbox 1761 1436 2161 1498; x_wconf 84' lang='lat' dir='ltr'><strong>consequenter</strong></span> <span class='ocrx_word' id='word_1_57' title='bbox 2207 1430 2420 1490; x_wconf 87' lang='lat' dir='ltr'><strong>habitas</strong></span> <span class='ocrx_word' id='word_1_58' title='bbox 2459 1433 2628 1493; x_wconf 89' lang='lat' dir='ltr'><strong>fuisse</strong></span> <span class='ocrx_word' id='word_1_59' title='bbox 2653 1438 3009 1509; x_wconf 88' lang='lat' dir='ltr'><strong>conspicuum</strong></span> <span class='ocrx_word' id='word_1_60' title='bbox 3038 1451 3139 1498; x_wconf 90' lang='lat' dir='ltr'><strong>est.</strong></span> <span class='ocrx_word' id='word_1_61' title='bbox 3173 1442 3476 1500; x_wconf 76' lang='lat' dir='ltr'><strong>Secundam</strong></span> <span class='ocrx_word' id='word_1_62' title='bbox 3500 1447 3645 1504; x_wconf 90' lang='lat' dir='ltr'><strong>enim</strong></span> 
     </span>
    </p>
   </div>
   <div class='ocr_carea' id='block_1_9' title="bbox 403 1553 3643 1655">
    <p class='ocr_par' dir='ltr' id='par_1_9' title="bbox 403 1553 3643 1655">
     <span class='ocr_line' id='line_1_9' title="bbox 403 1553 3643 1655; baseline 0.01 -49"><span class='ocrx_word' id='word_1_63' title='bbox 403 1553 594 1625; x_wconf 77' lang='lat' dir='ltr'><strong>paucis</strong></span> <span class='ocrx_word' id='word_1_64' title='bbox 620 1566 742 1626; x_wconf 91' lang='lat' dir='ltr'><strong>post</strong></span> <span class='ocrx_word' id='word_1_65' title='bbox 764 1558 991 1627; x_wconf 85' lang='lat' dir='ltr'><strong>primam</strong></span> <span class='ocrx_word' id='word_1_66' title='bbox 1013 1559 1202 1618; x_wconf 89' lang='lat' dir='ltr'><strong>diebus</strong></span> <span class='ocrx_word' id='word_1_67' title='bbox 1232 1567 1634 1634; x_wconf 77' lang='lat' dir='ltr'><strong>pronuntiatam</strong></span> <span class='ocrx_word' id='word_1_68' title='bbox 1655 1568 1829 1627; x_wconf 77' lang='lat' dir='ltr'><strong>fuisse</strong></span> <span class='ocrx_word' id='word_1_69' title='bbox 1853 1571 2001 1629; x_wconf 82' lang='lat' dir='ltr'><strong>clare</strong></span> <span class='ocrx_word' id='word_1_70' title='bbox 2028 1572 2227 1631; x_wconf 83' lang='lat' dir='ltr'><strong>dicitur</strong></span> <span class='ocrx_word' id='word_1_71' title='bbox 2252 1576 2410 1633; x_wconf 80' lang='lat' dir='ltr'><strong>initio</strong></span> <span class='ocrx_word' id='word_1_72' title='bbox 2435 1596 2451 1633; x_wconf 89' lang='lat'><strong>:</strong></span> <span class='ocrx_word' id='word_1_73' title='bbox 2482 1578 2626 1651; x_wconf 79' lang='grc' dir='ltr'><strong>Περὶ</strong></span> <span class='ocrx_word' id='word_1_74' title='bbox 2659 1579 2840 1652; x_wconf 85' lang='grc' dir='ltr'><strong>γάμου</strong></span> <span class='ocrx_word' id='word_1_75' title='bbox 2872 1581 3091 1653; x_wconf 82' lang='grc' dir='ltr'><strong>πρῴην,</strong></span> <span class='ocrx_word' id='word_1_76' title='bbox 3131 1583 3210 1638; x_wconf 79' lang='lat' dir='ltr'><strong>De</strong></span> <span class='ocrx_word' id='word_1_77' title='bbox 3237 1585 3432 1653; x_wconf 79' lang='lat' dir='ltr'><strong>nuptiis</strong></span> <span class='ocrx_word' id='word_1_78' title='bbox 3460 1602 3643 1655; x_wconf 76' lang='lat' dir='ltr'><strong>nuper,</strong></span> 
     </span>
    </p>
   </div>
   <div class='ocr_carea' id='block_1_10' title="bbox 403 1688 3642 1794">
    <p class='ocr_par' dir='ltr' id='par_1_10' title="bbox 403 1688 3642 1794">
     <span class='ocr_line' id='line_1_10' title="bbox 403 1688 3642 1794; baseline 0.012 -51"><span class='ocrx_word' id='word_1_79' title='bbox 403 1688 460 1745; x_wconf 80' lang='lat' dir='ltr'><strong>&#39;td</strong></span> <span class='ocrx_word' id='word_1_80' title='bbox 479 1700 588 1760; x_wconf 87' lang='lat' dir='ltr'><strong>est,</strong></span> <span class='ocrx_word' id='word_1_81' title='bbox 617 1694 806 1764; x_wconf 83' lang='lat' dir='ltr'><strong>paucis</strong></span> <span class='ocrx_word' id='word_1_82' title='bbox 831 1704 954 1752; x_wconf 81' lang='lat' dir='ltr'><strong>ante</strong></span> <span class='ocrx_word' id='word_1_83' title='bbox 975 1697 1165 1755; x_wconf 84' lang='lat' dir='ltr'><strong>diebus</strong></span> <span class='ocrx_word' id='word_1_84' title='bbox 1190 1719 1205 1769; x_wconf 89' lang='lat'><strong>;</strong></span> <span class='ocrx_word' id='word_1_85' title='bbox 1230 1703 1321 1757; x_wconf 87' lang='lat' dir='ltr'><strong>ubi</strong></span> <span class='ocrx_word' id='word_1_86' title='bbox 1354 1703 1531 1761; x_wconf 90' lang='lat' dir='ltr'><strong>locum</strong></span> <span class='ocrx_word' id='word_1_87' title='bbox 1557 1705 1738 1776; x_wconf 90' lang='lat' dir='ltr'><strong>ipsum</strong></span> <span class='ocrx_word' id='word_1_88' title='bbox 1771 1706 1949 1779; x_wconf 84' lang='lat' dir='ltr'><strong>Pauli,</strong></span> <span class='ocrx_word' id='word_1_89' title='bbox 1985 1710 2218 1785; x_wconf 81' lang='lat' dir='ltr'><strong>PrOpter</strong></span> <span class='ocrx_word' id='word_1_90' title='bbox 2250 1714 2654 1786; x_wconf 76' lang='lat' dir='ltr'><strong>fornicationes,</strong></span> <span class='ocrx_word' id='word_1_91' title='bbox 2686 1731 2818 1786; x_wconf 92' lang='lat' dir='ltr'><strong>etc.,</strong></span> <span class='ocrx_word' id='word_1_92' title='bbox 2858 1735 3023 1791; x_wconf 88' lang='lat' dir='ltr'><strong>quem</strong></span> <span class='ocrx_word' id='word_1_93' title='bbox 3056 1720 3112 1776; x_wconf 93' lang='lat' dir='ltr'><strong>in</strong></span> <span class='ocrx_word' id='word_1_94' title='bbox 3136 1722 3308 1791; x_wconf 86' lang='lat' dir='ltr'><strong>priori</strong></span> <span class='ocrx_word' id='word_1_95' title='bbox 3338 1724 3642 1794; x_wconf 79' lang='lat' dir='ltr'><strong>explanan-</strong></span> 
     </span>
    </p>
   </div>
   <div class='ocr_carea' id='block_1_11' title="bbox 403 1827 3647 1929">
    <p class='ocr_par' dir='ltr' id='par_1_11' title="bbox 403 1827 3647 1929">
     <span class='ocr_line' id='line_1_11' title="bbox 403 1827 3647 1929; baseline 0.012 -46"><span class='ocrx_word' id='word_1_96' title='bbox 403 1827 533 1884; x_wconf 89' lang='lat' dir='ltr'><strong>dum</strong></span> <span class='ocrx_word' id='word_1_97' title='bbox 560 1842 890 1904; x_wconf 74' lang='lat' dir='ltr'><strong>susceperat,</strong></span> <span class='ocrx_word' id='word_1_98' title='bbox 919 1839 987 1893; x_wconf 84' lang='lat' dir='ltr'><strong>ad</strong></span> <span class='ocrx_word' id='word_1_99' title='bbox 1020 1840 1242 1897; x_wconf 85' lang='lat' dir='ltr'><strong>verbum</strong></span> <span class='ocrx_word' id='word_1_100' title='bbox 1281 1844 1491 1916; x_wconf 83' lang='lat' dir='ltr'><strong>repetit.</strong></span> <span class='ocrx_word' id='word_1_101' title='bbox 1518 1844 1759 1904; x_wconf 83' lang='lat' dir='ltr'><strong>Tertiam</strong></span> <span class='ocrx_word' id='word_1_102' title='bbox 1790 1852 1911 1921; x_wconf 85' lang='lat' dir='ltr'><strong>pari</strong></span> <span class='ocrx_word' id='word_1_103' title='bbox 1938 1853 2103 1910; x_wconf 82' lang='lat' dir='ltr'><strong>modo</strong></span> <span class='ocrx_word' id='word_1_104' title='bbox 2130 1856 2317 1926; x_wconf 76' lang='lat' dir='ltr'><strong>paucis</strong></span> <span class='ocrx_word' id='word_1_105' title='bbox 2346 1867 2471 1929; x_wconf 86' lang='lat' dir='ltr'><strong>post</strong></span> <span class='ocrx_word' id='word_1_106' title='bbox 2492 1861 2788 1917; x_wconf 89' lang='lat' dir='ltr'><strong>secundam</strong></span> <span class='ocrx_word' id='word_1_107' title='bbox 2819 1861 3014 1919; x_wconf 85' lang='lat' dir='ltr'><strong>diebus</strong></span> <span class='ocrx_word' id='word_1_108' title='bbox 3055 1873 3298 1920; x_wconf 88' lang='lat' dir='ltr'><strong>secutam</strong></span> <span class='ocrx_word' id='word_1_109' title='bbox 3346 1880 3471 1922; x_wconf 82' lang='lat' dir='ltr'><strong>esse</strong></span> <span class='ocrx_word' id='word_1_110' title='bbox 3508 1866 3647 1921; x_wconf 75' lang='lat' dir='ltr'><strong>indi~</strong></span> 
     </span>
    </p>
   </div>
   <div class='ocr_carea' id='block_1_12' title="bbox 403 1969 3639 2075">
    <p class='ocr_par' dir='ltr' id='par_1_12' title="bbox 403 1969 3639 2075">
     <span class='ocr_line' id='line_1_12' title="bbox 403 1969 3639 2075; baseline 0.013 -53"><span class='ocrx_word' id='word_1_111' title='bbox 403 1969 1098 2043; x_wconf 70' lang='lat' dir='ltr'><strong>catChrysostornus,cum</strong></span> <span class='ocrx_word' id='word_1_112' title='bbox 1125 1984 1228 2037; x_wconf 89' lang='lat' dir='ltr'><strong>sub</strong></span> <span class='ocrx_word' id='word_1_113' title='bbox 1251 1983 1466 2040; x_wconf 89' lang='lat' dir='ltr'><strong>initium</strong></span> <span class='ocrx_word' id='word_1_114' title='bbox 1494 1987 1646 2056; x_wconf 79' lang='lat' dir='ltr'><strong>dicit,</strong></span> <span class='ocrx_word' id='word_1_115' title='bbox 1698 2004 1759 2046; x_wconf 79' lang='lat' dir='ltr'><strong>se</strong></span> <span class='ocrx_word' id='word_1_116' title='bbox 1803 2007 1996 2062; x_wconf 87' lang='lat' dir='ltr'><strong>nuper,</strong></span> <span class='ocrx_word' id='word_1_117' title='bbox 2056 1993 2271 2067; x_wconf 81' lang='grc' dir='ltr'><strong>πρώην,</strong></span> <span class='ocrx_word' id='word_1_118' title='bbox 2318 1997 2385 2054; x_wconf 93' lang='lat' dir='ltr'><strong>de</strong></span> <span class='ocrx_word' id='word_1_119' title='bbox 2426 1998 2607 2056; x_wconf 88' lang='lat' dir='ltr'><strong>libello</strong></span> <span class='ocrx_word' id='word_1_120' title='bbox 2652 2000 2865 2071; x_wconf 85' lang='lat' dir='ltr'><strong>repudii</strong></span> <span class='ocrx_word' id='word_1_121' title='bbox 2904 2003 3148 2059; x_wconf 85' lang='lat' dir='ltr'><strong>locutum</strong></span> <span class='ocrx_word' id='word_1_122' title='bbox 3182 2019 3323 2062; x_wconf 89' lang='lat' dir='ltr'><strong>esse.</strong></span> <span class='ocrx_word' id='word_1_123' title='bbox 3370 2004 3430 2060; x_wconf 82' lang='lat' dir='ltr'><strong>la</strong></span> <span class='ocrx_word' id='word_1_124' title='bbox 3462 2005 3639 2075; x_wconf 80' lang='lat' dir='ltr'><strong>prima</strong></span> 
     </span>
    </p>
   </div>
   <div class='ocr_carea' id='block_1_13' title="bbox 405 2105 3642 2214">
    <p class='ocr_par' dir='ltr' id='par_1_13' title="bbox 405 2105 3642 2214">
     <span class='ocr_line' id='line_1_13' title="bbox 405 2105 3642 2214; baseline 0.012 -55"><span class='ocrx_word' id='word_1_125' title='bbox 405 2105 584 2175; x_wconf 73' lang='lat' dir='ltr'><strong>agitur</strong></span> <span class='ocrx_word' id='word_1_126' title='bbox 606 2111 875 2182; x_wconf 67' lang='lat' dir='ltr'><strong>praecipue</strong></span> <span class='ocrx_word' id='word_1_127' title='bbox 901 2112 969 2170; x_wconf 90' lang='lat' dir='ltr'><strong>de</strong></span> <span class='ocrx_word' id='word_1_128' title='bbox 992 2116 1219 2187; x_wconf 87' lang='lat' dir='ltr'><strong>nuptiis,</strong></span> <span class='ocrx_word' id='word_1_129' title='bbox 1254 2135 1364 2190; x_wconf 87' lang='lat' dir='ltr'><strong>quo</strong></span> <span class='ocrx_word' id='word_1_130' title='bbox 1392 2132 1552 2194; x_wconf 84' lang='lat' dir='ltr'><strong>pacto</strong></span> <span class='ocrx_word' id='word_1_131' title='bbox 1578 2126 1790 2185; x_wconf 79' lang='lat' dir='ltr'><strong>scilicet</strong></span> <span class='ocrx_word' id='word_1_132' title='bbox 1810 2132 2193 2189; x_wconf 68' lang='lat' dir='ltr'><strong>contrahenda:</strong></span> <span class='ocrx_word' id='word_1_133' title='bbox 2216 2132 2327 2191; x_wconf 88' lang='lat' dir='ltr'><strong>sint</strong></span> <span class='ocrx_word' id='word_1_134' title='bbox 2351 2151 2365 2189; x_wconf 91' lang='lat'><strong>:</strong></span> <span class='ocrx_word' id='word_1_135' title='bbox 2406 2134 2586 2207; x_wconf 90' lang='lat' dir='ltr'><strong>deque</strong></span> <span class='ocrx_word' id='word_1_136' title='bbox 2619 2137 2855 2196; x_wconf 82' lang='lat' dir='ltr'><strong>vitandis</strong></span> <span class='ocrx_word' id='word_1_137' title='bbox 2896 2139 3301 2209; x_wconf 78' lang='lat' dir='ltr'><strong>saltationibus,</strong></span> <span class='ocrx_word' id='word_1_138' title='bbox 3350 2141 3602 2214; x_wconf 72' lang='lat' dir='ltr'><strong>tripudiis</strong></span> <span class='ocrx_word' id='word_1_139' title='bbox 3623 2182 3642 2207; x_wconf 89' lang='lat'><strong>,</strong></span> 
     </span>
    </p>
   </div>
   <div class='ocr_carea' id='block_1_14' title="bbox 405 2241 3645 2352">
    <p class='ocr_par' dir='ltr' id='par_1_14' title="bbox 405 2241 3645 2352">
     <span class='ocr_line' id='line_1_14' title="bbox 405 2241 3645 2352; baseline 0.013 -56"><span class='ocrx_word' id='word_1_140' title='bbox 405 2241 683 2301; x_wconf 68' lang='lat' dir='ltr'><strong>obscmnis</strong></span> <span class='ocrx_word' id='word_1_141' title='bbox 704 2248 957 2307; x_wconf 77' lang='lat' dir='ltr'><strong>cantibus</strong></span> <span class='ocrx_word' id='word_1_142' title='bbox 985 2252 1159 2309; x_wconf 88' lang='lat' dir='ltr'><strong>solitis</strong></span> <span class='ocrx_word' id='word_1_143' title='bbox 1183 2253 1608 2329; x_wconf 68' lang='lat' dir='ltr'><strong>hymenaeorum,</strong></span> <span class='ocrx_word' id='word_1_144' title='bbox 1643 2278 1765 2335; x_wconf 78' lang='lat' dir='ltr'><strong>quae</strong></span> <span class='ocrx_word' id='word_1_145' title='bbox 1796 2269 1983 2326; x_wconf 89' lang='lat' dir='ltr'><strong>omnia</strong></span> <span class='ocrx_word' id='word_1_146' title='bbox 2008 2286 2227 2343; x_wconf 69' lang='lat' dir='ltr'><strong>sponsae</strong></span> <span class='ocrx_word' id='word_1_147' title='bbox 2253 2274 2492 2331; x_wconf 83' lang='lat' dir='ltr'><strong>castitati</strong></span> <span class='ocrx_word' id='word_1_148' title='bbox 2522 2278 2686 2334; x_wconf 80' lang='lat' dir='ltr'><strong>noxia</strong></span> <span class='ocrx_word' id='word_1_149' title='bbox 2710 2292 2833 2335; x_wconf 91' lang='lat' dir='ltr'><strong>esse</strong></span> <span class='ocrx_word' id='word_1_150' title='bbox 2860 2288 3111 2350; x_wconf 88' lang='lat' dir='ltr'><strong>possunt.</strong></span> <span class='ocrx_word' id='word_1_151' title='bbox 3146 2279 3424 2338; x_wconf 82' lang='lat' dir='ltr'><strong>lnvehitur</strong></span> <span class='ocrx_word' id='word_1_152' title='bbox 3455 2292 3645 2352; x_wconf 73' lang='lat' dir='ltr'><strong>postea</strong></span> 
     </span>
    </p>
   </div>
   <div class='ocr_carea' id='block_1_15' title="bbox 396 2384 3643 2483">
    <p class='ocr_par' dir='ltr' id='par_1_15' title="bbox 396 2384 3643 2483">
     <span class='ocr_line' id='line_1_15' title="bbox 396 2384 3643 2483; baseline 0.012 -39"><span class='ocrx_word' id='word_1_153' title='bbox 396 2384 834 2460; x_wconf 48' lang='lat' dir='ltr'><strong>‘Cbrysostomus</strong></span> <span class='ocrx_word' id='word_1_154' title='bbox 856 2398 911 2453; x_wconf 91' lang='lat' dir='ltr'><strong>in</strong></span> <span class='ocrx_word' id='word_1_155' title='bbox 939 2414 1058 2469; x_wconf 86' lang='lat' dir='ltr'><strong>eos,</strong></span> <span class='ocrx_word' id='word_1_156' title='bbox 1085 2402 1178 2473; x_wconf 84' lang='lat' dir='ltr'><strong>qui</strong></span> <span class='ocrx_word' id='word_1_157' title='bbox 1207 2403 1370 2461; x_wconf 80' lang='lat' dir='ltr'><strong>etiam</strong></span> <span class='ocrx_word' id='word_1_158' title='bbox 1398 2413 1522 2477; x_wconf 83' lang='lat' dir='ltr'><strong>post</strong></span> <span class='ocrx_word' id='word_1_159' title='bbox 1562 2408 1758 2465; x_wconf 68' lang='lat' dir='ltr'><strong>initum</strong></span> <span class='ocrx_word' id='word_1_160' title='bbox 1801 2411 2213 2468; x_wconf 85' lang='lat' dir='ltr'><strong>matrimonium</strong></span> <span class='ocrx_word' id='word_1_161' title='bbox 2258 2426 2441 2473; x_wconf 87' lang='lat' dir='ltr'><strong>scorta</strong></span> <span class='ocrx_word' id='word_1_162' title='bbox 2487 2418 2639 2475; x_wconf 89' lang='lat' dir='ltr'><strong>adire</strong></span> <span class='ocrx_word' id='word_1_163' title='bbox 2687 2435 2797 2477; x_wconf 88' lang='lat' dir='ltr'><strong>non</strong></span> <span class='ocrx_word' id='word_1_164' title='bbox 2846 2430 3107 2479; x_wconf 90' lang='lat' dir='ltr'><strong>cessant:</strong></span> <span class='ocrx_word' id='word_1_165' title='bbox 3160 2438 3224 2478; x_wconf 88' lang='lat' dir='ltr'><strong>ac</strong></span> <span class='ocrx_word' id='word_1_166' title='bbox 3258 2425 3643 2483; x_wconf 89' lang='lat' dir='ltr'><strong>nonnullorum</strong></span> 
     </span>
    </p>
   </div>
   <div class='ocr_carea' id='block_1_16' title="bbox 396 2535 3647 2627">
    <p class='ocr_par' dir='ltr' id='par_1_16' title="bbox 396 2535 3647 2627">
     <span class='ocr_line' id='line_1_16' title="bbox 396 2535 3647 2627; baseline 0.01 -38"><span class='ocrx_word' id='word_1_167' title='bbox 396 2535 721 2605; x_wconf 84' lang='lat' dir='ltr'><strong>opinionem</strong></span> <span class='ocrx_word' id='word_1_168' title='bbox 755 2540 933 2597; x_wconf 87' lang='lat' dir='ltr'><strong>evellit</strong></span> <span class='ocrx_word' id='word_1_169' title='bbox 953 2542 1045 2612; x_wconf 89' lang='lat' dir='ltr'><strong>qui</strong></span> <span class='ocrx_word' id='word_1_170' title='bbox 1074 2544 1339 2614; x_wconf 89' lang='lat' dir='ltr'><strong>putabant</strong></span> <span class='ocrx_word' id='word_1_171' title='bbox 1367 2546 1673 2605; x_wconf 87' lang='lat' dir='ltr'><strong>adulterum</strong></span> <span class='ocrx_word' id='word_1_172' title='bbox 1708 2565 1817 2606; x_wconf 92' lang='lat' dir='ltr'><strong>non</strong></span> <span class='ocrx_word' id='word_1_173' title='bbox 1850 2565 1972 2608; x_wconf 90' lang='lat' dir='ltr'><strong>esse</strong></span> <span class='ocrx_word' id='word_1_174' title='bbox 2002 2551 2391 2625; x_wconf 75' lang='lat' dir='ltr'><strong>coniugatum,</strong></span> <span class='ocrx_word' id='word_1_175' title='bbox 2418 2557 2513 2627; x_wconf 89' lang='lat' dir='ltr'><strong>qui</strong></span> <span class='ocrx_word' id='word_1_176' title='bbox 2554 2572 2680 2614; x_wconf 91' lang='lat' dir='ltr'><strong>cum</strong></span> <span class='ocrx_word' id='word_1_177' title='bbox 2728 2559 2899 2617; x_wconf 89' lang='lat' dir='ltr'><strong>libera</strong></span> <span class='ocrx_word' id='word_1_178' title='bbox 2941 2570 3294 2621; x_wconf 78' lang='lat' dir='ltr'><strong>scortaretur.</strong></span> <span class='ocrx_word' id='word_1_179' title='bbox 3321 2562 3381 2619; x_wconf 89' lang='lat' dir='ltr'><strong>ln</strong></span> <span class='ocrx_word' id='word_1_180' title='bbox 3408 2567 3647 2622; x_wconf 84' lang='lat' dir='ltr'><strong>secunda</strong></span> 
     </span>
    </p>
   </div>
   <div class='ocr_carea' id='block_1_17' title="bbox 402 2679 3647 2773">
    <p class='ocr_par' dir='ltr' id='par_1_17' title="bbox 402 2679 3647 2773">
     <span class='ocr_line' id='line_1_17' title="bbox 402 2679 3647 2773; baseline 0.009 -38"><span class='ocrx_word' id='word_1_181' title='bbox 402 2679 480 2735; x_wconf 86' lang='lat' dir='ltr'><strong>de</strong></span> <span class='ocrx_word' id='word_1_182' title='bbox 513 2681 694 2742; x_wconf 80' lang='lat' dir='ltr'><strong>libello</strong></span> <span class='ocrx_word' id='word_1_183' title='bbox 723 2684 934 2755; x_wconf 82' lang='lat' dir='ltr'><strong>repudii</strong></span> <span class='ocrx_word' id='word_1_184' title='bbox 969 2694 1251 2755; x_wconf 74' lang='lat' dir='ltr'><strong>tractatur,</strong></span> <span class='ocrx_word' id='word_1_185' title='bbox 1287 2697 1343 2745; x_wconf 90' lang='lat' dir='ltr'><strong>et</strong></span> <span class='ocrx_word' id='word_1_186' title='bbox 1371 2699 1562 2747; x_wconf 87' lang='lat' dir='ltr'><strong>contra</strong></span> <span class='ocrx_word' id='word_1_187' title='bbox 1592 2691 1985 2750; x_wconf 86' lang='lat' dir='ltr'><strong>hodiernorum</strong></span> <span class='ocrx_word' id='word_1_188' title='bbox 2018 2694 2335 2752; x_wconf 68' lang='lat' dir='ltr'><strong>Graecorum</strong></span> <span class='ocrx_word' id='word_1_189' title='bbox 2371 2698 2697 2756; x_wconf 88' lang='lat' dir='ltr'><strong>sententiam</strong></span> <span class='ocrx_word' id='word_1_190' title='bbox 2730 2708 2785 2758; x_wconf 92' lang='lat' dir='ltr'><strong>et</strong></span> <span class='ocrx_word' id='word_1_191' title='bbox 2824 2717 2984 2758; x_wconf 90' lang='lat' dir='ltr'><strong>usum</strong></span> <span class='ocrx_word' id='word_1_192' title='bbox 3021 2705 3305 2773; x_wconf 87' lang='lat' dir='ltr'><strong>statuitur,</strong></span> <span class='ocrx_word' id='word_1_193' title='bbox 3337 2722 3445 2763; x_wconf 91' lang='lat' dir='ltr'><strong>non</strong></span> <span class='ocrx_word' id='word_1_194' title='bbox 3484 2708 3647 2764; x_wconf 87' lang='lat' dir='ltr'><strong>licere</strong></span> 
     </span>
    </p>
   </div>
   <div class='ocr_carea' id='block_1_18' title="bbox 405 2822 3647 2915">
    <p class='ocr_par' dir='ltr' id='par_1_18' title="bbox 405 2822 3647 2915">
     <span class='ocr_line' id='line_1_18' title="bbox 405 2822 3647 2915; baseline 0.009 -39"><span class='ocrx_word' id='word_1_195' title='bbox 405 2822 691 2879; x_wconf 89' lang='lat' dir='ltr'><strong>mulierem</strong></span> <span class='ocrx_word' id='word_1_196' title='bbox 721 2825 936 2894; x_wconf 90' lang='lat' dir='ltr'><strong>ducere,</strong></span> <span class='ocrx_word' id='word_1_197' title='bbox 968 2826 1131 2882; x_wconf 87' lang='lat' dir='ltr'><strong>etiam</strong></span> <span class='ocrx_word' id='word_1_198' title='bbox 1163 2843 1264 2898; x_wconf 90' lang='lat' dir='ltr'><strong>pro</strong></span> <span class='ocrx_word' id='word_1_199' title='bbox 1287 2844 1455 2886; x_wconf 87' lang='lat' dir='ltr'><strong>causa</strong></span> <span class='ocrx_word' id='word_1_200' title='bbox 1474 2829 1727 2887; x_wconf 83' lang='lat' dir='ltr'><strong>adulterii</strong></span> <span class='ocrx_word' id='word_1_201' title='bbox 1756 2833 2118 2903; x_wconf 87' lang='lat' dir='ltr'><strong>repudiatam.</strong></span> <span class='ocrx_word' id='word_1_202' title='bbox 2145 2833 2341 2892; x_wconf 68' lang='lat' dir='ltr'><strong>Tertia:</strong></span> <span class='ocrx_word' id='word_1_203' title='bbox 2388 2848 2770 2910; x_wconf 83' lang='lat' dir='ltr'><strong>argumentum</strong></span> <span class='ocrx_word' id='word_1_204' title='bbox 2818 2842 3000 2913; x_wconf 81' lang='lat' dir='ltr'><strong>prodit</strong></span> <span class='ocrx_word' id='word_1_205' title='bbox 3043 2844 3160 2915; x_wconf 88' lang='lat' dir='ltr'><strong>ipse</strong></span> <span class='ocrx_word' id='word_1_206' title='bbox 3195 2845 3386 2903; x_wconf 86' lang='lat' dir='ltr'><strong>titulus</strong></span> <span class='ocrx_word' id='word_1_207' title='bbox 3405 2889 3421 2914; x_wconf 93' lang='lat'><strong>,</strong></span> <span class='ocrx_word' id='word_1_208' title='bbox 3449 2849 3647 2914; x_wconf 74' lang='lat' dir='ltr'><strong>Quales</strong></span> 
     </span>
    </p>
   </div>
   <div class='ocr_carea' id='block_1_19' title="bbox 398 2968 3632 3059">
    <p class='ocr_par' dir='ltr' id='par_1_19' title="bbox 398 2968 3632 3059">
     <span class='ocr_line' id='line_1_19' title="bbox 398 2968 3632 3059; baseline 0.007 -37"><span class='ocrx_word' id='word_1_209' title='bbox 398 2968 656 3025; x_wconf 69' lang='lat' dir='ltr'><strong>ducenda</strong></span> <span class='ocrx_word' id='word_1_210' title='bbox 686 2971 793 3024; x_wconf 77' lang='lat' dir='ltr'><strong>sint</strong></span> <span class='ocrx_word' id='word_1_211' title='bbox 823 2986 1010 3027; x_wconf 76' lang='lat' dir='ltr'><strong>mres</strong></span> <span class='ocrx_word' id='word_1_212' title='bbox 1038 2987 1058 3027; x_wconf 90' lang='lat'><strong><em>:</em></strong></span> <span class='ocrx_word' id='word_1_213' title='bbox 1088 2988 1214 3029; x_wconf 84' lang='lat' dir='ltr'><strong>nam</strong></span> <span class='ocrx_word' id='word_1_214' title='bbox 1242 2988 1340 3044; x_wconf 75' lang='lat' dir='ltr'><strong>per</strong></span> <span class='ocrx_word' id='word_1_215' title='bbox 1370 2983 1543 3031; x_wconf 84' lang='lat' dir='ltr'><strong>totam</strong></span> <span class='ocrx_word' id='word_1_216' title='bbox 1587 2977 1908 3034; x_wconf 90' lang='lat' dir='ltr'><strong>concionem</strong></span> <span class='ocrx_word' id='word_1_217' title='bbox 1942 2978 2120 3050; x_wconf 84' lang='lat' dir='ltr'><strong>agitur</strong></span> <span class='ocrx_word' id='word_1_218' title='bbox 2167 2980 2233 3037; x_wconf 85' lang='lat' dir='ltr'><strong>de</strong></span> <span class='ocrx_word' id='word_1_219' title='bbox 2275 2995 2490 3053; x_wconf 79' lang='lat' dir='ltr'><strong>sponsae</strong></span> <span class='ocrx_word' id='word_1_220' title='bbox 2521 2981 2718 3039; x_wconf 78' lang='lat' dir='ltr'><strong>futurae</strong></span> <span class='ocrx_word' id='word_1_221' title='bbox 2768 2986 3015 3043; x_wconf 89' lang='lat' dir='ltr'><strong>moribus</strong></span> <span class='ocrx_word' id='word_1_222' title='bbox 3060 2988 3407 3059; x_wconf 81' lang='lat' dir='ltr'><strong>explorandis</strong></span> <span class='ocrx_word' id='word_1_223' title='bbox 3438 3000 3494 3047; x_wconf 89' lang='lat' dir='ltr'><strong>et</strong></span> <span class='ocrx_word' id='word_1_224' title='bbox 3538 2992 3632 3046; x_wconf 82' lang='lat' dir='ltr'><strong>ad-</strong></span> 
     </span>
    </p>
   </div>
   <div class='ocr_carea' id='block_1_20' title="bbox 400 3112 1632 3191">
    <p class='ocr_par' dir='ltr' id='par_1_20' title="bbox 400 3112 1632 3191">
     <span class='ocr_line' id='line_1_20' title="bbox 400 3112 1632 3191; baseline 0.004 -23"><span class='ocrx_word' id='word_1_225' title='bbox 400 3112 698 3182; x_wconf 87' lang='lat' dir='ltr'><strong>discendis,</strong></span> <span class='ocrx_word' id='word_1_226' title='bbox 726 3123 1018 3188; x_wconf 85' lang='lat' dir='ltr'><strong>antequam</strong></span> <span class='ocrx_word' id='word_1_227' title='bbox 1049 3117 1362 3191; x_wconf 69' lang='lat' dir='ltr'><strong>coniugium</strong></span> <span class='ocrx_word' id='word_1_228' title='bbox 1397 3119 1632 3175; x_wconf 78' lang='lat' dir='ltr'><strong>ineatur.</strong></span> 
     </span>
    </p>
   </div>
   <div class='ocr_carea' id='block_1_21' title="bbox 1268 3736 2757 3833">
    <p class='ocr_par' dir='ltr' id='par_1_21' title="bbox 1268 3736 2757 3833">
     <span class='ocr_line' id='line_1_21' title="bbox 1268 3736 2757 3833; baseline 0.005 -24"><span class='ocrx_word' id='word_1_229' title='bbox 1268 3736 1409 3811; x_wconf 88' lang='lat' dir='ltr'><strong>DE</strong></span> <span class='ocrx_word' id='word_1_230' title='bbox 1455 3740 1841 3816; x_wconf 87' lang='lat' dir='ltr'><strong>VERBIS</strong></span> <span class='ocrx_word' id='word_1_231' title='bbox 1884 3743 2151 3817; x_wconf 88' lang='lat' dir='ltr'><strong>ILLIS</strong></span> <span class='ocrx_word' id='word_1_232' title='bbox 2203 3744 2757 3833; x_wconf 85' lang='lat' dir='ltr'><strong>APOSTOLI,</strong></span> 
     </span>
    </p>
   </div>
   <div class='ocr_carea' id='block_1_22' title="bbox 469 3898 3568 3981">
    <p class='ocr_par' dir='ltr' id='par_1_22' title="bbox 469 3898 3568 3981">
     <span class='ocr_line' id='line_1_22' title="bbox 469 3898 3568 3981; baseline 0.005 -38"><span class='ocrx_word' id='word_1_233' title='bbox 469 3898 760 3945; x_wconf 69' lang='lat' dir='ltr'><strong>PROPTER</strong></span> <span class='ocrx_word' id='word_1_234' title='bbox 800 3903 1301 3957; x_wconf 70' lang='lat' dir='ltr'><strong>mnmcsrtortes</strong></span> <span class='ocrx_word' id='word_1_235' title='bbox 1344 3912 1565 3957; x_wconf 67' lang='lat' dir='ltr'><strong>surum</strong></span> <span class='ocrx_word' id='word_1_236' title='bbox 1608 3914 2044 3968; x_wconf 85' lang='lat' dir='ltr'><strong>UNUSQUISQUE</strong></span> <span class='ocrx_word' id='word_1_237' title='bbox 2086 3916 2254 3959; x_wconf 72' lang='lat' dir='ltr'><strong>sum</strong></span> <span class='ocrx_word' id='word_1_238' title='bbox 2299 3915 2565 3960; x_wconf 74' lang='lat' dir='ltr'><strong>uxorum</strong></span> <span class='ocrx_word' id='word_1_239' title='bbox 2609 3917 2866 3960; x_wconf 67' lang='lat' dir='ltr'><strong>uanmr</strong></span> <span class='ocrx_word' id='word_1_240' title='bbox 2910 3898 2931 3979; x_wconf 90' lang='lat'>(</span> <span class='ocrx_word' id='word_1_241' title='bbox 2964 3900 3020 3960; x_wconf 92' lang='grc'><strong>1.</strong></span> <span class='ocrx_word' id='word_1_242' title='bbox 3057 3899 3205 3962; x_wconf 87' lang='lat' dir='ltr'><strong>Cor.</strong></span> <span class='ocrx_word' id='word_1_243' title='bbox 3236 3900 3298 3959; x_wconf 88' lang='lat'><strong>7.</strong></span> <span class='ocrx_word' id='word_1_244' title='bbox 3335 3900 3419 3981; x_wconf 77' lang='lat'><strong>2)</strong></span> <span class='ocrx_word' id='word_1_245' title='bbox 3468 3902 3568 3973; x_wconf 89' lang='lat' dir='ltr'><strong>(a).</strong></span> 
     </span>
    </p>
   </div>
   <div class='ocr_carea' id='block_1_23' title="bbox 1864 4042 2127 4097">
    <p class='ocr_par' dir='ltr' id='par_1_23' title="bbox 1864 4042 2127 4097">
     <span class='ocr_line' id='line_1_23' title="bbox 1864 4042 2127 4097; baseline 0.004 -10"><span class='ocrx_word' id='word_1_246' title='bbox 1864 4042 2127 4097; x_wconf 49' lang='lat' dir='ltr'><strong>comae</strong></span> 
     </span>
    </p>
   </div>
   <div class='ocr_carea' id='block_1_24' title="bbox 433 4144 1940 4214">
    <p class='ocr_par' dir='ltr' id='par_1_24' title="bbox 433 4144 1940 4214">
     <span class='ocr_line' id='line_1_24' title="bbox 433 4144 1940 4214; baseline 0.01 -15"><span class='ocrx_word' id='word_1_247' title='bbox 433 4144 485 4201; x_wconf 82' lang='lat' dir='ltr'><strong>l.</strong></span> <span class='ocrx_word' id='word_1_248' title='bbox 514 4146 595 4201; x_wconf 82' lang='lat' dir='ltr'><strong>Ad</strong></span> <span class='ocrx_word' id='word_1_249' title='bbox 632 4149 807 4205; x_wconf 87' lang='lat' dir='ltr'><strong>mellis</strong></span> <span class='ocrx_word' id='word_1_250' title='bbox 841 4150 1014 4207; x_wconf 85' lang='lat' dir='ltr'><strong>fontes</strong></span> <span class='ocrx_word' id='word_1_251' title='bbox 1042 4153 1201 4208; x_wconf 90' lang='lat' dir='ltr'><strong>etiam</strong></span> <span class='ocrx_word' id='word_1_252' title='bbox 1232 4154 1392 4211; x_wconf 83' lang='lat' dir='ltr'><strong>hodie</strong></span> <span class='ocrx_word' id='word_1_253' title='bbox 1435 4158 1594 4213; x_wconf 82' lang='lat' dir='ltr'><strong>statui</strong></span> <span class='ocrx_word' id='word_1_254' title='bbox 1638 4173 1735 4213; x_wconf 90' lang='lat' dir='ltr'><strong>vos</strong></span> <span class='ocrx_word' id='word_1_255' title='bbox 1769 4158 1940 4214; x_wconf 90' lang='lat' dir='ltr'><strong>dedu-</strong></span> 
     </span>
    </p>
   </div>
   <div class='ocr_carea' id='block_1_25' title="bbox 2056 4157 3639 4236">
    <p class='ocr_par' dir='ltr' id='par_1_25' title="bbox 2056 4157 3639 4236">
     <span class='ocr_line' id='line_1_25' title="bbox 2056 4157 3639 4236; baseline 0.004 -23"><span class='ocrx_word' id='word_1_256' title='bbox 2056 4174 2306 4213; x_wconf 79' lang='lat' dir='ltr'><strong>aermones</strong></span> <span class='ocrx_word' id='word_1_257' title='bbox 2330 4158 2576 4229; x_wconf 78' lang='lat' dir='ltr'><strong>gloriosos</strong></span> <span class='ocrx_word' id='word_1_258' title='bbox 2597 4157 2776 4227; x_wconf 87' lang='lat' dir='ltr'><strong>(Prov.</strong></span> <span class='ocrx_word' id='word_1_259' title='bbox 2796 4158 2887 4215; x_wconf 71' lang='grc'><strong>25.</strong></span> <span class='ocrx_word' id='word_1_260' title='bbox 2918 4160 3033 4230; x_wconf 41' lang='grc' dir='ltr'><strong>27η).</strong></span> <span class='ocrx_word' id='word_1_261' title='bbox 3066 4162 3198 4216; x_wconf 83' lang='lat' dir='ltr'><strong>Nam</strong></span> <span class='ocrx_word' id='word_1_262' title='bbox 3228 4178 3291 4217; x_wconf 73' lang='lat' dir='ltr'><strong>ex</strong></span> <span class='ocrx_word' id='word_1_263' title='bbox 3319 4164 3409 4218; x_wconf 89' lang='lat' dir='ltr'><strong>illo</strong></span> <span class='ocrx_word' id='word_1_264' title='bbox 3434 4165 3639 4236; x_wconf 85' lang='lat' dir='ltr'><strong>quidem</strong></span> 
     </span>
    </p>
   </div>
   <div class='ocr_carea' id='block_1_26' title="bbox 357 4240 3639 4323">
    <p class='ocr_par' dir='ltr' id='par_1_26' title="bbox 357 4240 3639 4323">
     <span class='ocr_line' id='line_1_26' title="bbox 357 4240 3639 4323; baseline 0.007 -33"><span class='ocrx_word' id='word_1_265' title='bbox 357 4251 502 4305; x_wconf 85' lang='lat' dir='ltr'><strong>cere,</strong></span> <span class='ocrx_word' id='word_1_266' title='bbox 528 4240 704 4297; x_wconf 85' lang='lat' dir='ltr'><strong>mellis</strong></span> <span class='ocrx_word' id='word_1_267' title='bbox 728 4245 867 4311; x_wconf 90' lang='lat' dir='ltr'><strong>quod</strong></span> <span class='ocrx_word' id='word_1_268' title='bbox 890 4244 1156 4302; x_wconf 81' lang='lat' dir='ltr'><strong>fastidium</strong></span> <span class='ocrx_word' id='word_1_269' title='bbox 1180 4266 1465 4320; x_wconf 87' lang='lat' dir='ltr'><strong>numquam</strong></span> <span class='ocrx_word' id='word_1_270' title='bbox 1487 4252 1644 4322; x_wconf 88' lang='lat' dir='ltr'><strong>parit.</strong></span> <span class='ocrx_word' id='word_1_271' title='bbox 1671 4252 1949 4323; x_wconf 88' lang='lat' dir='ltr'><strong>Ejusmodi</strong></span> <span class='ocrx_word' id='word_1_272' title='bbox 2056 4250 2299 4317; x_wconf 77' lang='lat' dir='ltr'><strong>morbus,</strong></span> <span class='ocrx_word' id='word_1_273' title='bbox 2328 4264 2433 4320; x_wconf 93' lang='lat' dir='ltr'><strong>quo</strong></span> <span class='ocrx_word' id='word_1_274' title='bbox 2458 4266 2724 4315; x_wconf 79' lang='lat' dir='ltr'><strong>caremus,</strong></span> <span class='ocrx_word' id='word_1_275' title='bbox 2755 4267 2899 4321; x_wconf 63' lang='lat' dir='ltr'><strong>ssc-pe</strong></span> <span class='ocrx_word' id='word_1_276' title='bbox 2935 4253 3199 4323; x_wconf 80' lang='lat' dir='ltr'><strong>gignitur;</strong></span> <span class='ocrx_word' id='word_1_277' title='bbox 3241 4255 3429 4310; x_wconf 85' lang='lat' dir='ltr'><strong>horum</strong></span> <span class='ocrx_word' id='word_1_278' title='bbox 3470 4270 3639 4313; x_wconf 86' lang='lat' dir='ltr'><strong>autem</strong></span> 
     </span>
    </p>
   </div>
   <div class='ocr_carea' id='block_1_27' title="bbox 356 4330 1945 4417">
    <p class='ocr_par' dir='ltr' id='par_1_27' title="bbox 356 4330 1945 4417">
     <span class='ocr_line' id='line_1_27' title="bbox 356 4330 1945 4417; baseline 0.013 -36"><span class='ocrx_word' id='word_1_279' title='bbox 356 4343 588 4399; x_wconf 89' lang='lat' dir='ltr'><strong>namque</strong></span> <span class='ocrx_word' id='word_1_280' title='bbox 613 4330 760 4389; x_wconf 90' lang='lat' dir='ltr'><strong>Pauli</strong></span> <span class='ocrx_word' id='word_1_281' title='bbox 789 4337 1072 4393; x_wconf 85' lang='lat' dir='ltr'><strong>verborum</strong></span> <span class='ocrx_word' id='word_1_282' title='bbox 1101 4351 1183 4396; x_wconf 65' lang='lat' dir='ltr'><strong>e~t</strong></span> <span class='ocrx_word' id='word_1_283' title='bbox 1205 4353 1391 4397; x_wconf 88' lang='lat' dir='ltr'><strong>natura</strong></span> <span class='ocrx_word' id='word_1_284' title='bbox 1419 4361 1433 4404; x_wconf 86' lang='lat'><strong>:</strong></span> <span class='ocrx_word' id='word_1_285' title='bbox 1465 4355 1520 4401; x_wconf 90' lang='lat' dir='ltr'><strong>et</strong></span> <span class='ocrx_word' id='word_1_286' title='bbox 1542 4361 1672 4400; x_wconf 89' lang='lat' dir='ltr'><strong>vero</strong></span> <span class='ocrx_word' id='word_1_287' title='bbox 1699 4347 1945 4417; x_wconf 87' lang='lat' dir='ltr'><strong>quicum-</strong></span> 
     </span>
    </p>
   </div>
   <div class='ocr_carea' id='block_1_28' title="bbox 352 4428 1941 4511">
    <p class='ocr_par' dir='ltr' id='par_1_28' title="bbox 352 4428 1941 4511">
     <span class='ocr_line' id='line_1_28' title="bbox 352 4428 1941 4511; baseline 0.014 -38"><span class='ocrx_word' id='word_1_288' title='bbox 352 4435 457 4491; x_wconf 87' lang='lat' dir='ltr'><strong>que</strong></span> <span class='ocrx_word' id='word_1_289' title='bbox 475 4438 572 4477; x_wconf 84' lang='lat' dir='ltr'><strong>sua</strong></span> <span class='ocrx_word' id='word_1_290' title='bbox 591 4428 749 4482; x_wconf 87' lang='lat' dir='ltr'><strong>corda</strong></span> <span class='ocrx_word' id='word_1_291' title='bbox 777 4428 1019 4486; x_wconf 86' lang='lat' dir='ltr'><strong>laticihus</strong></span> <span class='ocrx_word' id='word_1_292' title='bbox 1039 4448 1104 4488; x_wconf 68' lang='lat' dir='ltr'><strong>ex</strong></span> <span class='ocrx_word' id='word_1_293' title='bbox 1126 4432 1208 4489; x_wconf 88' lang='lat' dir='ltr'><strong>bis</strong></span> <span class='ocrx_word' id='word_1_294' title='bbox 1232 4434 1467 4491; x_wconf 88' lang='lat' dir='ltr'><strong>fontibus</strong></span> <span class='ocrx_word' id='word_1_295' title='bbox 1487 4437 1941 4511; x_wconf 34' lang='lat' dir='ltr'><strong>haustis‘replcnt,</strong></span> 
     </span>
    </p>
   </div>
   <div class='ocr_carea' id='block_1_29' title="bbox 352 4513 1945 4596">
    <p class='ocr_par' dir='ltr' id='par_1_29' title="bbox 352 4513 1945 4596">
     <span class='ocr_line' id='line_1_29' title="bbox 352 4513 1945 4596; baseline 0.015 -30"><span class='ocrx_word' id='word_1_296' title='bbox 352 4527 449 4583; x_wconf 89' lang='lat' dir='ltr'><strong>per</strong></span> <span class='ocrx_word' id='word_1_297' title='bbox 485 4513 741 4585; x_wconf 88' lang='lat' dir='ltr'><strong>Spiritum</strong></span> <span class='ocrx_word' id='word_1_298' title='bbox 785 4533 1026 4578; x_wconf 86' lang='lat' dir='ltr'><strong>sanctum</strong></span> <span class='ocrx_word' id='word_1_299' title='bbox 1074 4526 1406 4596; x_wconf 90' lang='lat' dir='ltr'><strong>loquuntur:</strong></span> <span class='ocrx_word' id='word_1_300' title='bbox 1452 4529 1561 4586; x_wconf 91' lang='lat' dir='ltr'><strong>imo</strong></span> <span class='ocrx_word' id='word_1_301' title='bbox 1602 4548 1731 4588; x_wconf 88' lang='lat' dir='ltr'><strong>vero</strong></span> <span class='ocrx_word' id='word_1_302' title='bbox 1769 4534 1945 4590; x_wconf 87' lang='lat' dir='ltr'><strong>mellis</strong></span> 
     </span>
    </p>
   </div>
   <div class='ocr_carea' id='block_1_30' title="bbox 350 4604 1941 4688">
    <p class='ocr_par' dir='ltr' id='par_1_30' title="bbox 350 4604 1941 4688">
     <span class='ocr_line' id='line_1_30' title="bbox 350 4604 1941 4688; baseline 0.016 -31"><span class='ocrx_word' id='word_1_303' title='bbox 350 4604 599 4688; x_wconf 81' lang='lat' dir='ltr'><strong>virtutem</strong></span> <span class='ocrx_word' id='word_1_304' title='bbox 643 4608 659 4641; x_wconf 80' lang='grc'><strong><em>⁸</em></strong></span> <span class='ocrx_word' id='word_1_305' title='bbox 690 4611 851 4666; x_wconf 83' lang='lat' dir='ltr'><strong>etiam</strong></span> <span class='ocrx_word' id='word_1_306' title='bbox 899 4628 1112 4670; x_wconf 90' lang='lat' dir='ltr'><strong>onmem</strong></span> <span class='ocrx_word' id='word_1_307' title='bbox 1164 4630 1451 4688; x_wconf 80' lang='lat' dir='ltr'><strong>exsuperat</strong></span> <span class='ocrx_word' id='word_1_308' title='bbox 1507 4637 1780 4679; x_wconf 89' lang='lat' dir='ltr'><strong>sacrorum</strong></span> <span class='ocrx_word' id='word_1_309' title='bbox 1825 4628 1941 4682; x_wconf 89' lang='lat' dir='ltr'><strong>elo-</strong></span> 
     </span>
    </p>
   </div>
   <div class='ocr_carea' id='block_1_31' title="bbox 347 4698 1939 4790">
    <p class='ocr_par' dir='ltr' id='par_1_31' title="bbox 347 4698 1939 4790">
     <span class='ocr_line' id='line_1_31' title="bbox 347 4698 1939 4790; baseline 0.016 -39"><span class='ocrx_word' id='word_1_310' title='bbox 347 4698 595 4790; x_wconf 89' lang='lat' dir='ltr'><strong>quiorum</strong></span> <span class='ocrx_word' id='word_1_311' title='bbox 622 4704 889 4775; x_wconf 73' lang='lat' dir='ltr'><strong>voluptas.</strong></span> <span class='ocrx_word' id='word_1_312' title='bbox 920 4708 1095 4778; x_wconf 84' lang='lat' dir='ltr'><strong>Atque</strong></span> <span class='ocrx_word' id='word_1_313' title='bbox 1133 4710 1235 4767; x_wconf 90' lang='lat' dir='ltr'><strong>hoc</strong></span> <span class='ocrx_word' id='word_1_314' title='bbox 1278 4722 1335 4768; x_wconf 91' lang='lat' dir='ltr'><strong>ut</strong></span> <span class='ocrx_word' id='word_1_315' title='bbox 1373 4713 1635 4772; x_wconf 86' lang='lat' dir='ltr'><strong>indicaret</strong></span> <span class='ocrx_word' id='word_1_316' title='bbox 1680 4718 1939 4790; x_wconf 87' lang='lat' dir='ltr'><strong>propheta</strong></span> 
     </span>
    </p>
   </div>
   <div class='ocr_carea' id='block_1_32' title="bbox 346 4788 1940 4885">
    <p class='ocr_par' dir='ltr' id='par_1_32' title="bbox 346 4788 1940 4885">
     <span class='ocr_line' id='line_1_32' title="bbox 346 4788 1940 4885; baseline 0.016 -42"><span class='ocrx_word' id='word_1_317' title='bbox 346 4788 558 4885; x_wconf 79' lang='lat' dir='ltr'><strong>dicebat</strong></span> <span class='ocrx_word' id='word_1_318' title='bbox 585 4812 600 4849; x_wconf 88' lang='lat'><strong>:</strong></span> <span class='ocrx_word' id='word_1_319' title='bbox 630 4794 799 4862; x_wconf 84' lang='lat' dir='ltr'><strong>Quam</strong></span> <span class='ocrx_word' id='word_1_320' title='bbox 824 4797 997 4855; x_wconf 80' lang='lat' dir='ltr'><strong>dulcia</strong></span> <span class='ocrx_word' id='word_1_321' title='bbox 1022 4802 1256 4873; x_wconf 76' lang='lat' dir='ltr'><strong>faucibus</strong></span> <span class='ocrx_word' id='word_1_322' title='bbox 1281 4806 1404 4862; x_wconf 75' lang='lat' dir='ltr'><strong>meis</strong></span> <span class='ocrx_word' id='word_1_323' title='bbox 1429 4809 1632 4880; x_wconf 79' lang='lat' dir='ltr'><strong>eloquia</strong></span> <span class='ocrx_word' id='word_1_324' title='bbox 1657 4821 1765 4878; x_wconf 87' lang='lat' dir='ltr'><strong>tua,</strong></span> <span class='ocrx_word' id='word_1_325' title='bbox 1783 4788 1940 4885; x_wconf 74' lang='lat' dir='ltr'><strong>super</strong></span> 
     </span>
    </p>
   </div>
   <div class='ocr_carea' id='block_1_33' title="bbox 346 4883 1936 4968">
    <p class='ocr_par' dir='ltr' id='par_1_33' title="bbox 346 4883 1936 4968">
     <span class='ocr_line' id='line_1_33' title="bbox 346 4883 1936 4968; baseline 0.018 -35"><span class='ocrx_word' id='word_1_326' title='bbox 346 4883 542 4938; x_wconf 77' lang='lat' dir='ltr'><strong>metari</strong></span> <span class='ocrx_word' id='word_1_327' title='bbox 565 4902 675 4941; x_wconf 83' lang='lat' dir='ltr'><strong>meo</strong></span> <span class='ocrx_word' id='word_1_328' title='bbox 704 4886 876 4961; x_wconf 84' lang='lat' dir='ltr'><strong>(Psal.</strong></span> <span class='ocrx_word' id='word_1_329' title='bbox 914 4892 1036 4948; x_wconf 81' lang='lat' dir='ltr'><strong>us.</strong></span> <span class='ocrx_word' id='word_1_330' title='bbox 1074 4894 1216 4961; x_wconf 75' lang='lat' dir='ltr'><strong>tos).</strong></span> <span class='ocrx_word' id='word_1_331' title='bbox 1247 4896 1432 4968; x_wconf 82' lang='lat' dir='ltr'><strong>Neque</strong></span> <span class='ocrx_word' id='word_1_332' title='bbox 1472 4916 1602 4957; x_wconf 86' lang='lat' dir='ltr'><strong>vero</strong></span> <span class='ocrx_word' id='word_1_333' title='bbox 1627 4903 1785 4959; x_wconf 89' lang='lat' dir='ltr'><strong>melle</strong></span> <span class='ocrx_word' id='word_1_334' title='bbox 1813 4883 1936 4961; x_wconf 71' lang='grc' dir='ltr'><strong>σω-</strong></span> 
     </span>
    </p>
   </div>
   <div class='ocr_carea' id='block_1_34' title="bbox 344 4971 1932 5065">
    <p class='ocr_par' dir='ltr' id='par_1_34' title="bbox 344 4971 1932 5065">
     <span class='ocr_line' id='line_1_34' title="bbox 344 4971 1932 5065; baseline 0.017 -41"><span class='ocrx_word' id='word_1_335' title='bbox 344 4971 458 5026; x_wconf 81' lang='lat' dir='ltr'><strong>cior</strong></span> <span class='ocrx_word' id='word_1_336' title='bbox 480 4983 706 5045; x_wconf 89' lang='lat' dir='ltr'><strong>tantum,</strong></span> <span class='ocrx_word' id='word_1_337' title='bbox 734 4980 828 5035; x_wconf 87' lang='lat' dir='ltr'><strong>sed</strong></span> <span class='ocrx_word' id='word_1_338' title='bbox 857 4990 912 5036; x_wconf 89' lang='lat' dir='ltr'><strong>et</strong></span> <span class='ocrx_word' id='word_1_339' title='bbox 937 4998 1072 5039; x_wconf 89' lang='lat' dir='ltr'><strong>auro</strong></span> <span class='ocrx_word' id='word_1_340' title='bbox 1110 5000 1173 5041; x_wconf 90' lang='lat' dir='ltr'><strong>ac</strong></span> <span class='ocrx_word' id='word_1_341' title='bbox 1213 4986 1397 5058; x_wconf 88' lang='lat' dir='ltr'><strong>lapillo</strong></span> <span class='ocrx_word' id='word_1_342' title='bbox 1421 4994 1610 5061; x_wconf 90' lang='lat' dir='ltr'><strong>quovis</strong></span> <span class='ocrx_word' id='word_1_343' title='bbox 1631 4996 1932 5065; x_wconf 89' lang='lat' dir='ltr'><strong>pretiosior,</strong></span> 
     </span>
    </p>
   </div>
   <div class='ocr_carea' id='block_1_35' title="bbox 342 5073 1930 5153">
    <p class='ocr_par' dir='ltr' id='par_1_35' title="bbox 342 5073 1930 5153">
     <span class='ocr_line' id='line_1_35' title="bbox 342 5073 1930 5153; baseline 0.018 -36"><span class='ocrx_word' id='word_1_344' title='bbox 342 5073 396 5118; x_wconf 89' lang='lat' dir='ltr'><strong>et</strong></span> <span class='ocrx_word' id='word_1_345' title='bbox 424 5079 648 5136; x_wconf 78' lang='lat' dir='ltr'><strong>argento</strong></span> <span class='ocrx_word' id='word_1_346' title='bbox 675 5073 855 5139; x_wconf 89' lang='lat' dir='ltr'><strong>purior</strong></span> <span class='ocrx_word' id='word_1_347' title='bbox 883 5086 966 5132; x_wconf 87' lang='lat' dir='ltr'><strong>est</strong></span> <span class='ocrx_word' id='word_1_348' title='bbox 994 5079 1237 5150; x_wconf 78' lang='lat' dir='ltr'><strong>voluptas</strong></span> <span class='ocrx_word' id='word_1_349' title='bbox 1264 5081 1598 5153; x_wconf 90' lang='lat' dir='ltr'><strong>eloquiorum</strong></span> <span class='ocrx_word' id='word_1_350' title='bbox 1632 5103 1930 5145; x_wconf 84' lang='lat' dir='ltr'><strong>sacrorum.</strong></span> 
     </span>
    </p>
   </div>
   <div class='ocr_carea' id='block_1_36' title="bbox 344 5154 1936 5249">
    <p class='ocr_par' dir='ltr' id='par_1_36' title="bbox 344 5154 1936 5249">
     <span class='ocr_line' id='line_1_36' title="bbox 344 5154 1936 5249; baseline 0.018 -42"><span class='ocrx_word' id='word_1_351' title='bbox 344 5154 562 5226; x_wconf 73' lang='grc' dir='ltr'><strong>Εἱοιμιία</strong></span> <span class='ocrx_word' id='word_1_352' title='bbox 586 5160 782 5231; x_wconf 88' lang='lat' dir='ltr'><strong>quippe</strong></span> <span class='ocrx_word' id='word_1_353' title='bbox 810 5163 1037 5235; x_wconf 82' lang='lat' dir='ltr'><strong>Domini,</strong></span> <span class='ocrx_word' id='word_1_354' title='bbox 1083 5171 1284 5242; x_wconf 81' lang='lat' dir='ltr'><strong>eloquia</strong></span> <span class='ocrx_word' id='word_1_355' title='bbox 1325 5185 1486 5242; x_wconf 79' lang='lat' dir='ltr'><strong>casta,</strong></span> <span class='ocrx_word' id='word_1_356' title='bbox 1528 5189 1792 5248; x_wconf 85' lang='lat' dir='ltr'><strong>argentum</strong></span> <span class='ocrx_word' id='word_1_357' title='bbox 1820 5183 1936 5249; x_wconf 77' lang='lat' dir='ltr'><strong>igne</strong></span> 
     </span>
    </p>
   </div>
   <div class='ocr_carea' id='block_1_37' title="bbox 341 5251 1929 5343">
    <p class='ocr_par' dir='ltr' id='par_1_37' title="bbox 341 5251 1929 5343">
     <span class='ocr_line' id='line_1_37' title="bbox 341 5251 1929 5343; baseline 0.016 -43"><span class='ocrx_word' id='word_1_358' title='bbox 341 5251 704 5343; x_wconf 51' lang='lat' dir='ltr'><strong>canusinatum,</strong></span> <span class='ocrx_word' id='word_1_359' title='bbox 725 5257 988 5323; x_wconf 82' lang='lat' dir='ltr'><strong>probatum</strong></span> <span class='ocrx_word' id='word_1_360' title='bbox 1004 5272 1170 5330; x_wconf 66' lang='lat' dir='ltr'><strong>terra,</strong></span> <span class='ocrx_word' id='word_1_361' title='bbox 1186 5277 1455 5337; x_wconf 82' lang='lat' dir='ltr'><strong>purgatum</strong></span> <span class='ocrx_word' id='word_1_362' title='bbox 1469 5270 1778 5343; x_wconf 78' lang='lat' dir='ltr'><strong>septuplum(</strong></span> <span class='ocrx_word' id='word_1_363' title='bbox 1787 5270 1929 5326; x_wconf 77' lang='lat' dir='ltr'><strong>Psul.</strong></span> 
     </span>
    </p>
   </div>
   <div class='ocr_carea' id='block_1_38' title="bbox 340 5341 1933 5433">
    <p class='ocr_par' dir='ltr' id='par_1_38' title="bbox 340 5341 1933 5433">
     <span class='ocr_line' id='line_1_38' title="bbox 340 5341 1933 5433; baseline 0.016 -40"><span class='ocrx_word' id='word_1_364' title='bbox 340 5341 488 5433; x_wconf 61' lang='lat'><strong>4.7)</strong></span> <span class='ocrx_word' id='word_1_365' title='bbox 499 5341 807 5413; x_wconf 85' lang='lat' dir='ltr'><strong>.Propterea</strong></span> <span class='ocrx_word' id='word_1_366' title='bbox 820 5364 1030 5421; x_wconf 90' lang='lat' dir='ltr'><strong>quoque</strong></span> <span class='ocrx_word' id='word_1_367' title='bbox 1041 5353 1249 5411; x_wconf 86' lang='lat' dir='ltr'><strong>dicebat</strong></span> <span class='ocrx_word' id='word_1_368' title='bbox 1259 5369 1313 5413; x_wconf 88' lang='lat' dir='ltr'><strong>et</strong></span> <span class='ocrx_word' id='word_1_369' title='bbox 1324 5360 1535 5429; x_wconf 87' lang='lat' dir='ltr'><strong>sapiens</strong></span> <span class='ocrx_word' id='word_1_370' title='bbox 1548 5363 1759 5433; x_wconf 89' lang='lat' dir='ltr'><strong>quidam</strong></span> <span class='ocrx_word' id='word_1_371' title='bbox 1770 5341 1933 5420; x_wconf 33' lang='lat' dir='ltr'><strong>iCom-</strong></span> 
     </span>
    </p>
   </div>
   <div class='ocr_carea' id='block_1_39' title="bbox 335 5432 1928 5528">
    <p class='ocr_par' dir='ltr' id='par_1_39' title="bbox 335 5432 1928 5528">
     <span class='ocr_line' id='line_1_39' title="bbox 335 5432 1928 5528; baseline 0.019 -45"><span class='ocrx_word' id='word_1_372' title='bbox 335 5432 483 5487; x_wconf 78' lang='lat' dir='ltr'><strong>edcre</strong></span> <span class='ocrx_word' id='word_1_373' title='bbox 510 5434 609 5488; x_wconf 73' lang='lat' dir='ltr'><strong>me!</strong></span> <span class='ocrx_word' id='word_1_374' title='bbox 634 5437 848 5493; x_wconf 83' lang='lat' dir='ltr'><strong>multum</strong></span> <span class='ocrx_word' id='word_1_375' title='bbox 882 5457 981 5497; x_wconf 84' lang='lat' dir='ltr'><strong>non</strong></span> <span class='ocrx_word' id='word_1_376' title='bbox 999 5442 1185 5503; x_wconf 78' lang='lat' dir='ltr'><strong>bonum</strong></span> <span class='ocrx_word' id='word_1_377' title='bbox 1209 5450 1495 5508; x_wconf 76' lang='lat' dir='ltr'><strong>:Ironorare</strong></span> <span class='ocrx_word' id='word_1_378' title='bbox 1527 5432 1697 5509; x_wconf 76' lang='lat' dir='ltr'><strong>autem</strong></span> <span class='ocrx_word' id='word_1_379' title='bbox 1734 5470 1928 5528; x_wconf 79' lang='lat' dir='ltr'><strong>Oportet</strong></span> 
     </span>
    </p>
   </div>
   <div class='ocr_carea' id='block_1_40' title="bbox 398 5568 926 5635">
    <p class='ocr_par' dir='ltr' id='par_1_40' title="bbox 398 5568 926 5635">
     <span class='ocr_line' id='line_1_40' title="bbox 398 5568 926 5635; baseline 0.015 -19"><span class='ocrx_word' id='word_1_380' title='bbox 398 5568 417 5635; x_wconf 62' lang='grc' dir='ltr'><strong>ξ</strong></span> <span class='ocrx_word' id='word_1_381' title='bbox 450 5573 597 5635; x_wconf 69' lang='lat' dir='ltr'><strong>pnus,</strong></span> <span class='ocrx_word' id='word_1_382' title='bbox 622 5570 926 5635; x_wconf 82' lang='lat' dir='ltr'><strong>voluptatem.</strong></span> 
     </span>
    </p>
   </div>
   <div class='ocr_carea' id='block_1_41' title="bbox 330 5629 1923 5755">
    <p class='ocr_par' dir='ltr' id='par_1_41' title="bbox 330 5629 1923 5755">
     <span class='ocr_line' id='line_1_41' title="bbox 330 5629 1923 5755; baseline 0.019 -75"><span class='ocrx_word' id='word_1_383' title='bbox 330 5629 471 5755; x_wconf 63' lang='grc'>⁷</span> <span class='ocrx_word' id='word_1_384' title='bbox 492 5629 833 5755; x_wconf 41' lang='lat' dir='ltr'><strong>surgam</strong></span> <span class='ocrx_word' id='word_1_385' title='bbox 867 5638 1116 5696; x_wconf 88' lang='lat' dir='ltr'><strong>codlcibus</strong></span> <span class='ocrx_word' id='word_1_386' title='bbox 1149 5642 1439 5702; x_wconf 80' lang='lat' dir='ltr'><strong>Colbertinis</strong></span> <span class='ocrx_word' id='word_1_387' title='bbox 1480 5652 1576 5706; x_wconf 87' lang='lat'><strong>970</strong></span> <span class='ocrx_word' id='word_1_388' title='bbox 1622 5654 1770 5718; x_wconf 89' lang='lat' dir='ltr'><strong>[nunc</strong></span> <span class='ocrx_word' id='word_1_389' title='bbox 1806 5665 1923 5724; x_wconf 73' lang='lat' dir='ltr'><strong>Reg.</strong></span> 
     </span>
    </p>
   </div>
   <div class='ocr_carea' id='block_1_42' title="bbox 2053 4343 3637 4415">
    <p class='ocr_par' dir='ltr' id='par_1_42' title="bbox 2053 4343 3637 4415">
     <span class='ocr_line' id='line_1_42' title="bbox 2053 4343 3637 4415; baseline 0.005 -20"><span class='ocrx_word' id='word_1_390' title='bbox 2053 4357 2215 4410; x_wconf 89' lang='lat' dir='ltr'><strong>opera</strong></span> <span class='ocrx_word' id='word_1_391' title='bbox 2258 4350 2313 4396; x_wconf 92' lang='lat' dir='ltr'><strong>ct</strong></span> <span class='ocrx_word' id='word_1_392' title='bbox 2362 4343 2603 4412; x_wconf 89' lang='lat' dir='ltr'><strong>corporis</strong></span> <span class='ocrx_word' id='word_1_393' title='bbox 2643 4344 3050 4413; x_wconf 76' lang='lat' dir='ltr'><strong>tngritudinem,</strong></span> <span class='ocrx_word' id='word_1_394' title='bbox 3106 4360 3209 4415; x_wconf 89' lang='lat' dir='ltr'><strong>qua</strong></span> <span class='ocrx_word' id='word_1_395' title='bbox 3249 4356 3515 4413; x_wconf 89' lang='lat' dir='ltr'><strong>tenemur,</strong></span> <span class='ocrx_word' id='word_1_396' title='bbox 3548 4350 3637 4403; x_wconf 89' lang='lat' dir='ltr'><strong>de-</strong></span> 
     </span>
    </p>
   </div>
   <div class='ocr_carea' id='block_1_43' title="bbox 2053 4432 3641 4505">
    <p class='ocr_par' dir='ltr' id='par_1_43' title="bbox 2053 4432 3641 4505">
     <span class='ocr_line' id='line_1_43' title="bbox 2053 4432 3641 4505; baseline 0.006 -19"><span class='ocrx_word' id='word_1_397' title='bbox 2053 4448 2248 4502; x_wconf 86' lang='lat' dir='ltr'><strong>ponere</strong></span> <span class='ocrx_word' id='word_1_398' title='bbox 2302 4449 2584 4501; x_wconf 84' lang='lat' dir='ltr'><strong>possumus</strong></span> <span class='ocrx_word' id='word_1_399' title='bbox 2627 4452 2641 4489; x_wconf 93' lang='lat'><strong>:</strong></span> <span class='ocrx_word' id='word_1_400' title='bbox 2686 4445 2742 4489; x_wconf 88' lang='lat' dir='ltr'><strong>et</strong></span> <span class='ocrx_word' id='word_1_401' title='bbox 2785 4435 2891 4489; x_wconf 76' lang='lat' dir='ltr'><strong>mel</strong></span> <span class='ocrx_word' id='word_1_402' title='bbox 2936 4434 3151 4505; x_wconf 86' lang='lat' dir='ltr'><strong>quidem</strong></span> <span class='ocrx_word' id='word_1_403' title='bbox 3204 4437 3257 4490; x_wconf 89' lang='lat' dir='ltr'><strong>in</strong></span> <span class='ocrx_word' id='word_1_404' title='bbox 3300 4432 3641 4495; x_wconf 66' lang='lat' dir='ltr'><strong>concoctioni:</strong></span> 
     </span>
    </p>
   </div>
   <div class='ocr_carea' id='block_1_44' title="bbox 2050 4526 3636 4597">
    <p class='ocr_par' dir='ltr' id='par_1_44' title="bbox 2050 4526 3636 4597">
     <span class='ocr_line' id='line_1_44' title="bbox 2050 4526 3636 4597; baseline 0.003 -18"><span class='ocrx_word' id='word_1_405' title='bbox 2050 4526 2429 4595; x_wconf 87' lang='lat' dir='ltr'><strong>corrumpitur,</strong></span> <span class='ocrx_word' id='word_1_406' title='bbox 2453 4540 2602 4580; x_wconf 90' lang='lat' dir='ltr'><strong>sacra</strong></span> <span class='ocrx_word' id='word_1_407' title='bbox 2624 4540 2752 4581; x_wconf 86' lang='lat' dir='ltr'><strong>vero</strong></span> <span class='ocrx_word' id='word_1_408' title='bbox 2770 4527 2981 4597; x_wconf 85' lang='lat' dir='ltr'><strong>eloquia</strong></span> <span class='ocrx_word' id='word_1_409' title='bbox 3004 4543 3123 4581; x_wconf 86' lang='lat' dir='ltr'><strong>cum</strong></span> <span class='ocrx_word' id='word_1_410' title='bbox 3152 4527 3346 4582; x_wconf 86' lang='lat' dir='ltr'><strong>fuerint</strong></span> <span class='ocrx_word' id='word_1_411' title='bbox 3366 4542 3636 4597; x_wconf 85' lang='lat' dir='ltr'><strong>concocta,</strong></span> 
     </span>
    </p>
   </div>
   <div class='ocr_carea' id='block_1_45' title="bbox 2052 4617 3636 4693">
    <p class='ocr_par' dir='ltr' id='par_1_45' title="bbox 2052 4617 3636 4693">
     <span class='ocr_line' id='line_1_45' title="bbox 2052 4617 3636 4693; baseline 0.003 -21"><span class='ocrx_word' id='word_1_412' title='bbox 2052 4628 2159 4672; x_wconf 89' lang='lat' dir='ltr'><strong>tum</strong></span> <span class='ocrx_word' id='word_1_413' title='bbox 2183 4618 2498 4687; x_wconf 86' lang='lat' dir='ltr'><strong>jucundiora</strong></span> <span class='ocrx_word' id='word_1_414' title='bbox 2528 4617 2660 4673; x_wconf 86' lang='lat' dir='ltr'><strong>fiunt</strong></span> <span class='ocrx_word' id='word_1_415' title='bbox 2682 4628 2736 4674; x_wconf 88' lang='lat' dir='ltr'><strong>et</strong></span> <span class='ocrx_word' id='word_1_416' title='bbox 2770 4619 2979 4674; x_wconf 88' lang='lat' dir='ltr'><strong>utiliora</strong></span> <span class='ocrx_word' id='word_1_417' title='bbox 3010 4635 3129 4674; x_wconf 84' lang='lat' dir='ltr'><strong>cum</strong></span> <span class='ocrx_word' id='word_1_418' title='bbox 3158 4621 3283 4685; x_wconf 85' lang='lat' dir='ltr'><strong>illis,</strong></span> <span class='ocrx_word' id='word_1_419' title='bbox 3312 4623 3401 4692; x_wconf 88' lang='lat' dir='ltr'><strong>qui</strong></span> <span class='ocrx_word' id='word_1_420' title='bbox 3427 4640 3489 4676; x_wconf 85' lang='lat' dir='ltr'><strong>ea</strong></span> <span class='ocrx_word' id='word_1_421' title='bbox 3519 4640 3636 4693; x_wconf 84' lang='lat' dir='ltr'><strong>pos-</strong></span> 
     </span>
    </p>
   </div>
   <div class='ocr_carea' id='block_1_46' title="bbox 2047 4709 3636 4783">
    <p class='ocr_par' dir='ltr' id='par_1_46' title="bbox 2047 4709 3636 4783">
     <span class='ocr_line' id='line_1_46' title="bbox 2047 4709 3636 4783; baseline 0.004 -19"><span class='ocrx_word' id='word_1_422' title='bbox 2047 4709 2243 4779; x_wconf 91' lang='lat' dir='ltr'><strong>sident,</strong></span> <span class='ocrx_word' id='word_1_423' title='bbox 2279 4718 2389 4765; x_wconf 90' lang='lat' dir='ltr'><strong>tum</strong></span> <span class='ocrx_word' id='word_1_424' title='bbox 2420 4711 2538 4765; x_wconf 89' lang='lat' dir='ltr'><strong>aliis</strong></span> <span class='ocrx_word' id='word_1_425' title='bbox 2566 4711 2768 4765; x_wconf 89' lang='lat' dir='ltr'><strong>multis.</strong></span> <span class='ocrx_word' id='word_1_426' title='bbox 2818 4712 2898 4766; x_wconf 77' lang='lat' dir='ltr'><strong>Ac</strong></span> <span class='ocrx_word' id='word_1_427' title='bbox 2941 4728 3122 4767; x_wconf 80' lang='lat' dir='ltr'><strong>mensa</strong></span> <span class='ocrx_word' id='word_1_428' title='bbox 3153 4714 3367 4783; x_wconf 88' lang='lat' dir='ltr'><strong>quidem</strong></span> <span class='ocrx_word' id='word_1_429' title='bbox 3400 4718 3636 4772; x_wconf 81' lang='lat' dir='ltr'><strong>sensibus</strong></span> 
     </span>
    </p>
   </div>
   <div class='ocr_carea' id='block_1_47' title="bbox 2045 4802 3637 4875">
    <p class='ocr_par' dir='ltr' id='par_1_47' title="bbox 2045 4802 3637 4875">
     <span class='ocr_line' id='line_1_47' title="bbox 2045 4802 3637 4875; baseline 0.005 -19"><span class='ocrx_word' id='word_1_430' title='bbox 2045 4802 2283 4873; x_wconf 79' lang='lat' dir='ltr'><strong>Subjoota</strong></span> <span class='ocrx_word' id='word_1_431' title='bbox 2313 4803 2439 4858; x_wconf 91' lang='lat' dir='ltr'><strong>dum</strong></span> <span class='ocrx_word' id='word_1_432' title='bbox 2466 4804 2668 4858; x_wconf 77' lang='lat' dir='ltr'><strong>alfatim</strong></span> <span class='ocrx_word' id='word_1_433' title='bbox 2703 4805 2965 4875; x_wconf 83' lang='lat' dir='ltr'><strong>quispiam</strong></span> <span class='ocrx_word' id='word_1_434' title='bbox 3009 4804 3224 4873; x_wconf 86' lang='lat' dir='ltr'><strong>fruitur,</strong></span> <span class='ocrx_word' id='word_1_435' title='bbox 3256 4808 3301 4861; x_wconf 89' lang='lat' dir='ltr'><strong>si</strong></span> <span class='ocrx_word' id='word_1_436' title='bbox 3342 4807 3538 4863; x_wconf 88' lang='lat' dir='ltr'><strong>deinde</strong></span> <span class='ocrx_word' id='word_1_437' title='bbox 3576 4810 3637 4863; x_wconf 86' lang='lat' dir='ltr'><strong>il-</strong></span> 
     </span>
    </p>
   </div>
   <div class='ocr_carea' id='block_1_48' title="bbox 2045 4893 3633 4968">
    <p class='ocr_par' dir='ltr' id='par_1_48' title="bbox 2045 4893 3633 4968">
     <span class='ocr_line' id='line_1_48' title="bbox 2045 4893 3633 4968; baseline 0.004 -21"><span class='ocrx_word' id='word_1_438' title='bbox 2045 4893 2152 4947; x_wconf 89' lang='lat' dir='ltr'><strong>linc</strong></span> <span class='ocrx_word' id='word_1_439' title='bbox 2174 4903 2441 4949; x_wconf 85' lang='lat' dir='ltr'><strong>saturatus</strong></span> <span class='ocrx_word' id='word_1_440' title='bbox 2470 4904 2661 4959; x_wconf 89' lang='lat' dir='ltr'><strong>ructet,</strong></span> <span class='ocrx_word' id='word_1_441' title='bbox 2691 4894 3009 4964; x_wconf 84' lang='lat' dir='ltr'><strong>injucundus</strong></span> <span class='ocrx_word' id='word_1_442' title='bbox 3050 4896 3110 4951; x_wconf 85' lang='lat' dir='ltr'><strong>ﬁt</strong></span> <span class='ocrx_word' id='word_1_443' title='bbox 3136 4897 3188 4952; x_wconf 87' lang='lat' dir='ltr'><strong>ei</strong></span> <span class='ocrx_word' id='word_1_444' title='bbox 3216 4898 3305 4968; x_wconf 88' lang='lat' dir='ltr'><strong>qui</strong></span> <span class='ocrx_word' id='word_1_445' title='bbox 3334 4898 3485 4953; x_wconf 90' lang='lat' dir='ltr'><strong>illum</strong></span> <span class='ocrx_word' id='word_1_446' title='bbox 3512 4915 3633 4954; x_wconf 82' lang='lat' dir='ltr'><strong>con-</strong></span> 
     </span>
    </p>
   </div>
   <div class='ocr_carea' id='block_1_49' title="bbox 2042 4986 3634 5060">
    <p class='ocr_par' dir='ltr' id='par_1_49' title="bbox 2042 4986 3634 5060">
     <span class='ocr_line' id='line_1_49' title="bbox 2042 4986 3634 5060; baseline 0.006 -22"><span class='ocrx_word' id='word_1_447' title='bbox 2042 4986 2183 5040; x_wconf 87' lang='lat' dir='ltr'><strong>vivio</strong></span> <span class='ocrx_word' id='word_1_448' title='bbox 2212 4986 2456 5056; x_wconf 81' lang='lat' dir='ltr'><strong>excepit:</strong></span> <span class='ocrx_word' id='word_1_449' title='bbox 2489 4986 2535 5041; x_wconf 91' lang='lat' dir='ltr'><strong>si</strong></span> <span class='ocrx_word' id='word_1_450' title='bbox 2558 5002 2687 5043; x_wconf 91' lang='lat' dir='ltr'><strong>vero</strong></span> <span class='ocrx_word' id='word_1_451' title='bbox 2707 4988 2965 5057; x_wconf 90' lang='lat' dir='ltr'><strong>spirituali</strong></span> <span class='ocrx_word' id='word_1_452' title='bbox 2987 4987 3226 5044; x_wconf 87' lang='lat' dir='ltr'><strong>doctrina</strong></span> <span class='ocrx_word' id='word_1_453' title='bbox 3249 4992 3495 5060; x_wconf 82' lang='lat' dir='ltr'><strong>expletus</strong></span> <span class='ocrx_word' id='word_1_454' title='bbox 3517 5010 3634 5048; x_wconf 84' lang='lat' dir='ltr'><strong>crn-</strong></span> 
     </span>
    </p>
   </div>
   <div class='ocr_carea' id='block_1_50' title="bbox 2041 5077 3607 5152">
    <p class='ocr_par' dir='ltr' id='par_1_50' title="bbox 2041 5077 3607 5152">
     <span class='ocr_line' id='line_1_50' title="bbox 2041 5077 3607 5152; baseline 0.004 -21"><span class='ocrx_word' id='word_1_455' title='bbox 2041 5087 2168 5142; x_wconf 90' lang='lat' dir='ltr'><strong>ctet,</strong></span> <span class='ocrx_word' id='word_1_456' title='bbox 2200 5077 2423 5132; x_wconf 87' lang='lat' dir='ltr'><strong>multum</strong></span> <span class='ocrx_word' id='word_1_457' title='bbox 2458 5094 2675 5134; x_wconf 85' lang='lat' dir='ltr'><strong>suavem</strong></span> <span class='ocrx_word' id='word_1_458' title='bbox 2704 5080 2924 5135; x_wconf 90' lang='lat' dir='ltr'><strong>odorem</strong></span> <span class='ocrx_word' id='word_1_459' title='bbox 2951 5080 3195 5136; x_wconf 77' lang='lat' dir='ltr'><strong>diffundit</strong></span> <span class='ocrx_word' id='word_1_460' title='bbox 3230 5082 3282 5136; x_wconf 91' lang='lat' dir='ltr'><strong>in</strong></span> <span class='ocrx_word' id='word_1_461' title='bbox 3306 5085 3607 5152; x_wconf 78' lang='lat' dir='ltr'><strong>proximum</strong></span> 
     </span>
    </p>
   </div>
   <div class='ocr_carea' id='block_1_51' title="bbox 2042 5168 3629 5245">
    <p class='ocr_par' dir='ltr' id='par_1_51' title="bbox 2042 5168 3629 5245">
     <span class='ocr_line' id='line_1_51' title="bbox 2042 5168 3629 5245; baseline 0.005 -23"><span class='ocrx_word' id='word_1_462' title='bbox 2042 5168 2206 5223; x_wconf 81' lang='lat' dir='ltr'><strong>David</strong></span> <span class='ocrx_word' id='word_1_463' title='bbox 2245 5168 2459 5238; x_wconf 90' lang='lat' dir='ltr'><strong>quidem</strong></span> <span class='ocrx_word' id='word_1_464' title='bbox 2491 5179 2637 5225; x_wconf 89' lang='lat' dir='ltr'><strong>certe</strong></span> <span class='ocrx_word' id='word_1_465' title='bbox 2674 5184 2794 5225; x_wconf 88' lang='lat' dir='ltr'><strong>cum</strong></span> <span class='ocrx_word' id='word_1_466' title='bbox 2838 5172 2919 5226; x_wconf 88' lang='lat' dir='ltr'><strong>his</strong></span> <span class='ocrx_word' id='word_1_467' title='bbox 2961 5171 3185 5243; x_wconf 81' lang='lat' dir='ltr'><strong>dapibus</strong></span> <span class='ocrx_word' id='word_1_468' title='bbox 3222 5189 3281 5227; x_wconf 89' lang='lat' dir='ltr'><strong>se</strong></span> <span class='ocrx_word' id='word_1_469' title='bbox 3329 5175 3629 5245; x_wconf 83' lang='lat' dir='ltr'><strong>frequenter</strong></span> 
     </span>
    </p>
   </div>
   <div class='ocr_carea' id='block_1_52' title="bbox 2039 5260 3629 5329">
    <p class='ocr_par' dir='ltr' id='par_1_52' title="bbox 2039 5260 3629 5329">
     <span class='ocr_line' id='line_1_52' title="bbox 2039 5260 3629 5329; baseline 0.004 -15"><span class='ocrx_word' id='word_1_470' title='bbox 2039 5260 2299 5329; x_wconf 80' lang='lat' dir='ltr'><strong>expleret,</strong></span> <span class='ocrx_word' id='word_1_471' title='bbox 2318 5260 2527 5316; x_wconf 84' lang='lat' dir='ltr'><strong>dicebat</strong></span> <span class='ocrx_word' id='word_1_472' title='bbox 2558 5279 2571 5314; x_wconf 90' lang='lat'><strong>:</strong></span> <span class='ocrx_word' id='word_1_473' title='bbox 2602 5261 2864 5316; x_wconf 81' lang='lat' dir='ltr'><strong>Eructavit</strong></span> <span class='ocrx_word' id='word_1_474' title='bbox 2892 5280 2979 5318; x_wconf 84' lang='lat' dir='ltr'><strong>cor</strong></span> <span class='ocrx_word' id='word_1_475' title='bbox 3016 5281 3182 5318; x_wconf 73' lang='lat' dir='ltr'><strong>meum</strong></span> <span class='ocrx_word' id='word_1_476' title='bbox 3210 5267 3416 5319; x_wconf 78' lang='lat' dir='ltr'><strong>verbum</strong></span> <span class='ocrx_word' id='word_1_477' title='bbox 3451 5268 3629 5322; x_wconf 83' lang='lat' dir='ltr'><strong>bonum</strong></span> 
     </span>
    </p>
   </div>
   <div class='ocr_carea' id='block_1_53' title="bbox 2040 5350 3627 5427">
    <p class='ocr_par' dir='ltr' id='par_1_53' title="bbox 2040 5350 3627 5427">
     <span class='ocr_line' id='line_1_53' title="bbox 2040 5350 3627 5427; baseline 0.008 -24"><span class='ocrx_word' id='word_1_478' title='bbox 2040 5350 2211 5423; x_wconf 76' lang='lat' dir='ltr'><strong>(Psal.</strong></span> <span class='ocrx_word' id='word_1_479' title='bbox 2240 5354 2328 5407; x_wconf 59' lang='grc' dir='ltr'><strong>ιιι.</strong></span> <span class='ocrx_word' id='word_1_480' title='bbox 2353 5352 2436 5423; x_wconf 72' lang='grc'><strong>2).</strong></span> <span class='ocrx_word' id='word_1_481' title='bbox 2463 5354 2595 5410; x_wconf 84' lang='lat' dir='ltr'><strong>Nam</strong></span> <span class='ocrx_word' id='word_1_482' title='bbox 2624 5364 2678 5409; x_wconf 88' lang='lat' dir='ltr'><strong>et</strong></span> <span class='ocrx_word' id='word_1_483' title='bbox 2702 5358 2898 5410; x_wconf 89' lang='lat' dir='ltr'><strong>malum</strong></span> <span class='ocrx_word' id='word_1_484' title='bbox 2933 5359 3153 5413; x_wconf 86' lang='lat' dir='ltr'><strong>verbum</strong></span> <span class='ocrx_word' id='word_1_485' title='bbox 3196 5373 3488 5427; x_wconf 87' lang='lat' dir='ltr'><strong>possumus</strong></span> <span class='ocrx_word' id='word_1_486' title='bbox 3512 5377 3627 5415; x_wconf 81' lang='lat' dir='ltr'><strong>eru-</strong></span> 
     </span>
    </p>
   </div>
   <div class='ocr_carea' id='block_1_54' title="bbox 2036 5445 3625 5521">
    <p class='ocr_par' dir='ltr' id='par_1_54' title="bbox 2036 5445 3625 5521">
     <span class='ocr_line' id='line_1_54' title="bbox 2036 5445 3625 5521; baseline 0.007 -26"><span class='ocrx_word' id='word_1_487' title='bbox 2036 5452 2203 5499; x_wconf 86' lang='lat' dir='ltr'><strong>ctare.</strong></span> <span class='ocrx_word' id='word_1_488' title='bbox 2236 5445 2302 5498; x_wconf 87' lang='lat' dir='ltr'><strong>Et</strong></span> <span class='ocrx_word' id='word_1_489' title='bbox 2345 5445 2796 5515; x_wconf 86' lang='lat' dir='ltr'><strong>quemadmodum</strong></span> <span class='ocrx_word' id='word_1_490' title='bbox 2842 5449 2895 5502; x_wconf 91' lang='lat' dir='ltr'><strong>in</strong></span> <span class='ocrx_word' id='word_1_491' title='bbox 2941 5448 3043 5503; x_wconf 86' lang='lat' dir='ltr'><strong>hac</strong></span> <span class='ocrx_word' id='word_1_492' title='bbox 3080 5450 3264 5505; x_wconf 89' lang='lat' dir='ltr'><strong>sensih</strong></span> <span class='ocrx_word' id='word_1_493' title='bbox 3300 5466 3497 5505; x_wconf 84' lang='lat' dir='ltr'><strong>mensa</strong></span> <span class='ocrx_word' id='word_1_494' title='bbox 3535 5466 3625 5521; x_wconf 78' lang='lat' dir='ltr'><strong>pro</strong></span> 
     </span>
    </p>
   </div>
   <div class='ocr_carea' id='block_1_55' title="bbox 2035 5532 3621 5613">
    <p class='ocr_par' dir='ltr' id='par_1_55' title="bbox 2035 5532 3621 5613">
     <span class='ocr_line' id='line_1_55' title="bbox 2035 5532 3621 5613; baseline 0.006 -27"><span class='ocrx_word' id='word_1_495' title='bbox 2035 5532 2342 5590; x_wconf 90' lang='lat' dir='ltr'><strong>conditione</strong></span> <span class='ocrx_word' id='word_1_496' title='bbox 2382 5536 2702 5592; x_wconf 86' lang='lat' dir='ltr'><strong>cibariorum</strong></span> <span class='ocrx_word' id='word_1_497' title='bbox 2744 5540 3051 5609; x_wconf 78' lang='lat' dir='ltr'><strong>qualitatem</strong></span> <span class='ocrx_word' id='word_1_498' title='bbox 3091 5556 3296 5607; x_wconf 81' lang='lat' dir='ltr'><strong>eorum,</strong></span> <span class='ocrx_word' id='word_1_499' title='bbox 3343 5558 3467 5613; x_wconf 68' lang='lat' dir='ltr'><strong>qua}</strong></span> <span class='ocrx_word' id='word_1_500' title='bbox 3494 5558 3621 5598; x_wconf 75' lang='lat' dir='ltr'><strong>eru-</strong></span> 
     </span>
    </p>
   </div>
   <div class='ocr_carea' id='block_1_56' title="bbox 2034 5627 3620 5698">
    <p class='ocr_par' dir='ltr' id='par_1_56' title="bbox 2034 5627 3620 5698">
     <span class='ocr_line' id='line_1_56' title="bbox 2034 5627 3620 5698; baseline 0.006 -19"><span class='ocrx_word' id='word_1_501' title='bbox 2034 5632 2268 5691; x_wconf 90' lang='lat' dir='ltr'><strong>ctantur,</strong></span> <span class='ocrx_word' id='word_1_502' title='bbox 2296 5627 2564 5682; x_wconf 84' lang='lat' dir='ltr'><strong>cernimus</strong></span> <span class='ocrx_word' id='word_1_503' title='bbox 2585 5642 2844 5698; x_wconf 85' lang='lat' dir='ltr'><strong>apparere</strong></span> <span class='ocrx_word' id='word_1_504' title='bbox 2875 5647 2888 5685; x_wconf 89' lang='lat'><strong>:</strong></span> <span class='ocrx_word' id='word_1_505' title='bbox 2917 5632 2995 5686; x_wconf 87' lang='lat' dir='ltr'><strong>sic</strong></span> <span class='ocrx_word' id='word_1_506' title='bbox 3016 5632 3263 5687; x_wconf 91' lang='lat' dir='ltr'><strong>nimirum</strong></span> <span class='ocrx_word' id='word_1_507' title='bbox 3282 5645 3339 5688; x_wconf 88' lang='lat' dir='ltr'><strong>et</strong></span> <span class='ocrx_word' id='word_1_508' title='bbox 3356 5635 3411 5688; x_wconf 90' lang='lat' dir='ltr'><strong>in</strong></span> <span class='ocrx_word' id='word_1_509' title='bbox 3434 5634 3620 5689; x_wconf 84' lang='lat' dir='ltr'><strong>virtute</strong></span> 
     </span>
    </p>
   </div>
   <div class='ocr_carea' id='block_1_57' title="bbox 2036 5716 3615 5797">
    <p class='ocr_par' dir='ltr' id='par_1_57' title="bbox 2036 5716 3615 5797">
     <span class='ocr_line' id='line_1_57' title="bbox 2036 5716 3615 5797; baseline 0.006 -24"><span class='ocrx_word' id='word_1_510' title='bbox 2036 5716 2349 5789; x_wconf 79' lang='lat' dir='ltr'><strong>verborum,</strong></span> <span class='ocrx_word' id='word_1_511' title='bbox 2369 5718 2615 5791; x_wconf 82' lang='lat' dir='ltr'><strong>qualibus</strong></span> <span class='ocrx_word' id='word_1_512' title='bbox 2632 5730 2940 5794; x_wconf 85' lang='lat' dir='ltr'><strong>pascuntur,</strong></span> <span class='ocrx_word' id='word_1_513' title='bbox 2969 5723 3089 5780; x_wconf 85' lang='lat' dir='ltr'><strong>talia</strong></span> <span class='ocrx_word' id='word_1_514' title='bbox 3117 5725 3358 5797; x_wconf 85' lang='lat' dir='ltr'><strong>plerique</strong></span> <span class='ocrx_word' id='word_1_515' title='bbox 3381 5725 3615 5784; x_wconf 83' lang='lat' dir='ltr'><strong>homines</strong></span> 
     </span>
    </p>
   </div>
  </div>
