3964 6342
285 382 396 442 207
928 378 1000 435 ΙΝ
1038 376 1280 445 ILLUD,
1320 377 1649 435 PROPTER
1687 375 1879 433 FORN

1979 371 2243 429 .TIONES
2284 370 2596 462 ωξΟΒΕΜ,
2636 370 2790 429 ETC.
2803 415 2818 439 ,
2834 359 2840 365 ’
2857 373 2896 427 ι.
3443 379 3549 435 208

287 496 493 550 λόντων
521 494 797 566 ἐπιτυχεῖν
835 493 1087 563 ἀγαθῶν,
1131 493 1315 565 χάριτι
1356 491 1449 545 καί
1492 490 1867 562 φιλανθρωπίᾳ
1971 487 2050 558 τῷ
2090 463 2263 557 Πατρί
2300 485 2449 554 δόξα,
2487 486 2605 559 ἅμα
2635 486 2714 558 τῷ
2756 487 2896 559 ἁγίῳ
2938 486 3248 562 Πνεύματι,
3299 491 3377 556 εἰς
3422 494 3549 558 τοὺς

286 584 384 639 τοῦ
416 584 622 655 Κυρίου
649 583 810 656 ἡμῶν
849 582 1023 655 Ἰησοῦ
1048 581 1306 647 Χριστοῦ,
1338 582 1403 636 δι’
1433 576 1494 638 οὗ
1520 581 1613 636 καί
1649 580 1767 651 μεθ’
1803 572 1863 636 οὗ
1973 577 2174 642 αἰῶνας
2195 578 2305 632 τῶν
2331 576 2560 635 αἰώνων.
2605 579 2797 651 Ἀμήν.

450 966 459 969 -
538 960 1936 975 _—_————a—-———————-——~--u-<-~-—
2190 963 2661 979 Meum—*r-cov
2685 964 2845 975 υ--ιο-ο-
2985 965 3536 978 M

1309 1272 1408 1331 AD
1456 1271 1653 1334 ΤΒΕὸ
1699 1271 2059 1334 HOMILIAS
2095 1272 2552 1347 SEQUENTES.

382 1488 440 1546 In
470 1487 641 1544 tertiae
666 1481 823 1539 titulo
854 1480 1125 1537 Editionis
1147 1476 1475 1535 Morellianae
1504 1477 1702 1549 legitur
1737 1476 1923 1532 Greece
1960 1484 2123 1548 atque
2152 1476 2362 1543 Latine,
2393 1476 2538 1533 Laus
2578 1477 2828 1545 Maximi,
2858 1490 2909 1535 et
2941 1481 3122 1553 quales
3160 1483 3413 1540 ducendae
3448 1490 3553 1542 sint

305 1646 522 1687 uxores.
558 1626 650 1684 Sic
676 1641 807 1682 vero
838 1625 967 1696 legit
995 1622 1160 1679 etiam
1189 1620 1573 1693 Sigismundus
1607 1618 1866 1675 Gelenius
1892 1619 2182 1689 interpres.
2218 1617 2277 1674 In
2311 1618 2568 1676 Editione
2596 1635 2727 1677 vero
2757 1618 2942 1677 Savilii
2967 1663 2982 1689 ,
3009 1631 3065 1679 et
3102 1624 3158 1678 in
3187 1623 3401 1681 duobus
3429 1626 3552 1696 qui-

304 1778 412 1834 bus
450 1775 537 1832 usi
574 1790 764 1832 sumus
791 1772 920 1829 Mss.
953 1771 1107 1838 illud,
1140 1770 1415 1842 ἐγκώμιον
1450 1772 1530 1835 εἰς
1567 1769 1836 1841 Μάξιμον,
1876 1794 1879 1813 ‹

1979 1768 2238 1826 ideratur.
2280 1768 2391 1826 Nec
2432 1779 2615 1827 tamen
2651 1771 2909 1827 existimo
2949 1772 3083 1827 illud
3121 1771 3551 1830 additamentum

303 1934 428 1975 esse
458 1916 825 1990 Spernendum
862 1934 877 1971 :
913 1930 1021 1971 non
1049 1916 1194 1971 enim
1225 1914 1520 1971 divinando
1549 1914 1640 1971 hic
1679 1913 1871 1971 titulus
1915 1913 2199 1985 appositus
2226 1913 2399 1973 fuisse
2434 1916 2691 1986 videtur;
2743 1916 2840 1974 sed
2879 1919 2972 1989 qui
3011 1919 3227 1974 titulum
3279 1920 3551 1991 apposuit,

302 2058 388 2114 rei
423 2072 626 2129 gnarus
652 2058 729 2114 ita
758 2058 1059 2129 scripserit,
1088 2057 1174 2114 vel
1205 2057 1442 2114 fortasse
1468 2058 1899 2131 Chrysostomus
1924 2059 2042 2130 ipse
2068 2058 2149 2116 sic
2179 2060 2337 2116 initio
2365 2060 2585 2117 titulum
2630 2064 3070 2121 concinnaverit.
3100 2063 3260 2121 Putat
3294 2064 3554 2121 Herman-

304 2202 415 2256 tius
438 2200 588 2254 hunc
612 2210 736 2254 esse
770 2195 1065 2252 Maximum
1093 2196 1244 2251 illum
1282 2196 1602 2267 episcopum
1644 2195 1907 2253 Seleuciae
1944 2198 2001 2254 in
2042 2199 2268 2267 Isauria,
2310 2200 2404 2271 qui
2444 2200 2498 2255 in
2538 2202 2866 2272 praecedenti
2904 2213 3179 2261 conventu
3217 2206 3339 2263 loco
3379 2204 3554 2274 Οιιιιγμ

303 2336 537 2395 sostomi
568 2333 885 2390 concionem
914 2330 1179 2386 habuerat
1203 2349 1217 2385 :
1254 2329 1307 2385 id
1339 2337 1522 2385 autem
1558 2344 1667 2385 non
1694 2330 1946 2386 absimile
1978 2344 2109 2387 vero
2137 2338 2243 2387 est.
2276 2330 2360 2385 Ex
2385 2330 2468 2387 eis
2494 2346 2657 2402 porro
2672 2346 2794 2404 qua:
2813 2333 3146 2390 subinitium
3173 2336 3327 2399 dicit,
3364 2337 3424 2390 '0
3447 2337 3556 2407 γὰρ

305 2485 428 2558 μετ’
459 2482 594 2556 ἐμοῦ
617 2481 778 2551 ζυγὸν
793 2481 989 2546 ἕλκων,
1024 2478 1173 2534 Meus
1204 2478 1339 2533 enim
1369 2479 1426 2533 in
1459 2476 1709 2531 trahendo
1726 2478 1862 2546 jugo

1979 2492 2129 2547 npar,
2159 2492 2327 2547 nuper
2354 2478 2617 2547 proscisso
2654 2479 2822 2548 sulco,
2853 2480 3008 2537 ubere
3051 2481 3259 2551 lingua,
3309 2485 3553 2554 inspersu

301 2629 471 2683 etiam
506 2624 729 2689 semina,
762 2637 831 2678 ex
870 2622 961 2687 iis,
989 2621 1234 2691 inquam,
1271 2620 1427 2689 argui
1453 2619 1664 2675 videtur
1696 2625 1828 2675 tunc
1848 2617 2300 2691 Chrysostomum
2326 2618 2498 2677 fuisse
2517 2620 2833 2692 episcopum
2858 2622 3552 2696 Constantinopolitanum.

301 2760 440 2817 Nam
468 2761 566 2817 illo
602 2758 1075 2831 Constantinopoli
1113 2758 1355 2823 sedente,
1397 2756 1488 2813 alii
1526 2757 1867 2813 diversarum
1905 2757 2187 2814 civitatum
2223 2759 2459 2830 episcopi
2499 2760 2555 2816 in
2588 2761 2689 2817 hac
2728 2762 2878 2833 regia
2919 2765 3055 2820 urbe
3092 2766 3388 2823 identidem
3429 2769 3564 2838 ipso

301 2898 579 2965 annuente
612 2904 1106 2970 coneionabantur,
1135 2905 1280 2975 quod
1316 2919 1423 2959 non
1455 2902 1622 2961 semel
1654 2902 1781 2959 fecit
1806 2888 1973 2961 etiam
2003 2902 2333 2961 Severianus
2359 2905 2688 2961 Gabalorum
2719 2907 3029 2977 episcopus,
3062 2905 3197 2961 utin
3225 2904 3350 2960 Vita
3376 2904 3551 2976 Chry-

303 3043 533 3101 sostomi
570 3043 820 3115 pluribus
855 3044 1186 3100 narrabitur.

371 3188 579 3245 Prima:
627 3189 867 3245 liomiliae
915 3190 1289 3262 interpretatio
1336 3190 1535 3246 Latina
1575 3200 1658 3247 est
1702 3190 1993 3247 Frontonis
2038 3193 2251 3260 Ducaei;
2298 3193 2549 3247 secundae
2599 3193 2790 3247 incerti
2822 3191 3131 3262 cujusdam,
3169 3191 3342 3245 tertiae
3373 3188 3548 3261 Sigis-

310 3329 507 3386 mundi
538 3329 767 3385 Gelenii.
793 3328 939 3385 Duas
960 3340 1260 3399 postremas
1288 3330 1474 3385 multis
1502 3330 1555 3384 in
1591 3330 1728 3385 locis
1759 3330 2191 3385 emendavimus.

1004 3818 1157 3895 [ωδ]
1206 3829 1379 3915 ΕΙΣ
1437 3830 1585 3912 ΤΟ
1630 3827 2437 3916 ΑΠΟΣΤΟΛΙΚΟΝ
2493 3831 2860 3915 PHTON

1051 4060 1157 4119 Διὰ
1183 4060 1251 4118 δὲ
1278 4063 1380 4131 τὰς
1417 4061 1699 4133 πορνείας
1722 4060 1978 4127 ἕκαστος
1996 4061 2112 4131 τὴν
2132 4060 2351 4118 ἑαυτοῦ
2378 4060 2637 4133 γυναῖκα
2656 4060 2858 4129 ἐχέτω.

364 4477 435 4525 α’.
455 4468 600 4543 Πρδς
626 4468 726 4534 τὰς
753 4466 849 4523 τοῦ
882 4465 1096 4538 μέλιτος
1124 4466 1307 4537 πηγὰς
1332 4466 1429 4521 καὶ
1455 4462 1696 4535 τήμερον
1736 4466 1879 4538 ὑμᾶς

282 4553 706 4625 χειριγωγῆσαι
762 4549 1021 4622 βούλομαι
1048 4587 1064 4614 ,
1132 4548 1347 4619 μέλιτος
1404 4547 1663 4601 οὐδέποτε
1719 4548 1880 4620 κόρον

283 4638 534 4707 ἔχοντος.
566 4635 802 4705 Τοιαύτη
825 4634 936 4705 γὰρ
958 4632 1068 4686 τῶν
1094 4632 1309 4685 Παύλου
1341 4632 1602 4703 ῥημάτων
1631 4633 1664 4702 ἡ
1693 4631 1878 4701 φύσις,

282 4722 391 4774 καὶ
418 4721 621 4782 πάντες
648 4719 724 4783 δὲ,
765 4720 882 4772 ὅσοι
914 4714 1300 4787 πληροῦσιτὰς
1328 4714 1539 4769 ἑαυτῶν
1562 4715 1791 4787 καρδίας
1814 4717 1881 4768 ὲκ

281 4804 405 4857 τῶν
434 4802 631 4873 πηγῶν
666 4802 898 4871 τούτων,
932 4798 1022 4853 διὰ
1076 4799 1170 4851 τοῦ
1223 4796 1543 4869 [Ινεύματος
1595 4798 1688 4851 τοῦ
1723 4798 1880 4867 ἁγίου

284 4887 662 4957 φθέγγονται·
710 4884 913 4956 μᾶλλον
942 4883 1001 4936 δὲ
1038 4884 1133 4936 καὶ
1160 4881 1379 4953 μέλιτος
1425 4880 1627 4953 ἀρετὴν
1664 4894 1690 4921 α
1739 4881 1879 4933 ἀπο-

282 4969 533 5042 κρύπτει
560 4971 739 5024 πᾶσαν
775 4969 809 5041 ἡ
838 4966 947 5021 τῶν
972 4966 1133 5019 θείων
1154 4966 1320 5036 ἡδονὴ
1346 4964 1567 5033 λογίων.
1589 4965 1701 5017 Καὶ
1725 4962 1881 5018 τοῦτο

280 5052 474 5123 δηλῶν
499 5054 529 5105 ὁ
554 5052 846 5123 Προφήτης
883 5050 1089 5118 ἔλεγεν,
1126 5048 1224 5115 Ὡς
1253 5046 1479 5119 γλυκέα
1518 5047 1599 5112 τῷ
1623 5045 1881 5117 λάρυγγί

274 5136 503 5207 μουτὰ
530 5134 707 5202 λόγιά
731 5152 870 5197 σου,
908 5134 1062 5200 ὑπὲρ
1106 5131 1244 5201 μέλι
1277 5132 1305 5172 ιι
1329 5129 1410 5197 τῷ
1452 5132 1705 5199 στόματί
1736 5148 1877 5199 μου.

282 5221 368 5274 Ού
396 5217 613 5290 μέλιτος
647 5218 705 5271 δέ
736 5221 884 5271 ἐστιν
922 5217 1087 5288 ἡδίων
1119 5215 1281 5286 μόνον
1302 5254 1317 5279 ,
1356 5214 1492 5269 ἀλλά
1523 5215 1619 5267 καὶ
1653 5213 1879 5286 χρυσίου

278 5304 391 5359 καὶ
417 5302 569 5357 λίθου
592 5302 793 5365 παντὸς
813 5300 1118 5372 τιμιωτέρα
1139 5298 1235 5352 καὶ
1258 5296 1523 5370 ἀργυρίου
1550 5298 1752 5361 παντὸς
1775 5313 1879 5350 κα-

280 5386 588 5459 θαρωτέρα
616 5387 651 5456 ἡ
678 5384 843 5457 ἡδονὴ
871 5383 978 5439 τῶν
999 5383 1161 5437 θείων
1184 5382 1403 5450 λογίων.
1443 5380 1526 5435 Τὰ
1554 5383 1733 5450 λόγια
1769 5378 1879 5451 γὰρ

282 5471 541 5540 Κυρίου,
564 5470 719 5541 φησί,
746 5469 923 5538 λόγια
935 5468 1109 5538 ἁγνὰ,
1126 5466 1411 5537 ἀργύριον
1426 5465 1878 5536 πεπυρωμένον,

280 5556 569 5624 δοκίμιον
583 5552 659 5622 τῇ
675 5553 774 5623 τῇ,
790 5551 1302 5622 κεκαθαρισμένον
1321 5550 1769 5618 ἑπταπλασιως.
1783 5550 1882 5603 Διὰ

280 5636 455 5693 τοῦτο
490 5637 583 5691 καί
607 5654 691 5701 τις
727 5637 891 5706 σοφὸς
917 5636 1102 5707 ἔλεγεν
1136 5645 1158 5674 ο
1179 5650 1193 5665 ⁶
1241 5632 1501 5689 Ἐσθιειν
1537 5633 1691 5705 μέλι,
1718 5633 1877 5689 πολὺ

354 5750 384 5782 ⁸
412 5750 547 5799 Unus
568 5750 753 5811 μέλιτος
768 5749 959 5811 ἡδονήν.

356 5812 387 5882 ξ
594 5811 703 5861 cod.
840 5812 921 5859 καί
943 5808 1126 5882 κηρίον.

358 5875 385 5906 ⁸
411 5874 523 5927 Duo
541 5872 655 5925 Mss.
678 5873 759 5924 καί
778 5890 849 5931 τις
867 5869 1109 5938 παραινῶν
1127 5869 1300 5931 ἔλεγεν.

1984 4468 2059 4522 οὐ
2076 4466 2289 4533 καλὸν,
2308 4468 2484 4538 τιμᾷν
2507 4467 2576 4521 δὲ
2598 4465 2715 4536 χρὴ
2734 4465 2955 4534 λόγους
2974 4464 3283 4530 ἐνδόξους.
3310 4463 3398 4529 Ἐξ
3419 4460 3559 4516 ἐκεί-
3645 4461 3651 4467 ’

1980 4569 2073 4605 νου
2107 4553 2205 4623 μὲν
2230 4552 2339 4621 γὰρ
2368 4554 2461 4606 καὶ
2486 4552 2643 4616 νόσος
2668 4551 2771 4604 οὐκ
2820 4544 2957 4603 οὖσα
2998 4550 3245 4603 τίκτεται
3278 4549 3555 4615 πολλάκις,

1979 4636 2089 4690 ἀπὸ
2119 4636 2177 4689 δὲ
2209 4636 2414 4690 τούτων
2446 4638 2541 4690 καὶ
2569 4636 2669 4707 τὴν
2705 4630 2872 4689 οὖσαν
2901 4635 3215 4706 ἀρρωστίαν
3258 4632 3557 4686 ἀποθέσθαι

1978 4720 2288 4791 δυνάμεθα-⁸
2319 4722 2414 4776 καί
2436 4722 2496 4775 τὸ
2521 4720 2621 4792 μὲν
2651 4720 2772 4792 μέλι
2800 4719 2946 4773 κατά
2972 4718 3137 4787 πέψιν
3163 4715 3558 4786 διαφθείρεται,

1978 4804 2048 4858 τά
2074 4804 2131 4861 δὲ
2152 4804 2306 4873 λόγια
2332 4804 2403 4858 τὰ
2428 4804 2569 4868 θεῖα,
2597 4804 2727 4858 ὅταν
2752 4803 2957 4874 πεφθῇ,
2983 4801 3104 4855 τότε
3127 4800 3223 4854 καὶ
3250 4800 3384 4870 ἡδίω
3414 4798 3561 4867 γίνε-

1978 4904 2071 4942 ται
2098 4887 2192 4941 καί
2220 4887 2632 4961 χρησιμώτερα,
2656 4888 2840 4951 αὐτοῖς
2866 4903 2926 4940 τε
2949 4888 3060 4948 τοῖς
3088 4883 3294 4955 ἔχουσι,
3323 4882 3418 4935 καὶ
3443 4882 3562 4936 ὲτέ-

1981 4992 2097 5046 ροις
2136 4975 2368 5039 πολλοῖς.
2415 4977 2526 5030 Καὶ
2567 4974 2849 5046 τραπέζης
2879 4973 2978 5044 μέν
3012 4988 3099 5034 τις
3130 4969 3397 5041 αἰσθητῆς
3424 4970 3563 5040 μετά

1978 5064 2257 5134 δαψιλείας
2279 5064 2589 5129 ἀπολαύων,
2617 5061 2738 5119 εἶτα
2762 5064 2972 5118 ἐκεῖθεν
2997 5059 3563 5133 ὲρευγόμενος,ἀηδὴς

1977 5151 2058 5222 τῷ
2110 5153 2456 5207 κοινωνοῦντι
2507 5153 2753 5222 γίνεται’
2817 5152 2927 5207 ἀπὸ
2973 5150 3329 5212 διδασκαλίας
3382 5148 3441 5203 δέ
3477 5165 3563 5211 τις

1980 5240 2341 5313 ὲρευξάμενος
2362 5242 2759 5312 πνευματικῆς,
2786 5242 2987 5313 πολλῆς
3004 5241 3107 5311 τῆς
3131 5240 3360 5304 εὐωδίας
3392 5255 3560 5311 μετα.-

1978 5328 2161 5382 δίδωσι
2189 5329 2268 5400 τῷ
2304 5328 2553 5401 πλησίον.
2606 5330 2663 5383 Ὀ
2691 5326 2822 5398 γοῦν
2847 5327 3011 5382 Δαυῒδ
3034 5326 3293 5397 τοιαύτης
3324 5325 3562 5397 συνεχῶς

1978 5416 2267 5472 ἀπολαύων
2304 5417 2601 5481 ἑστιάσεως
2636 5414 2856 5485 ἔλεγεν,
2905 5416 3307 5485 Ἑξηρεύξατο
3346 5416 3385 5482 ἡ
3420 5430 3562 5481 καρ-

1979 5505 2079 5561 δία
2104 5523 2225 5576 μου
2250 5507 2439 5577 λόγον
2471 5504 2716 5575 ἀγαθόν.
2752 5505 2910 5558 Ἔστι
2940 5503 3051 5575 γὰρ
3085 5504 3178 5557 καὶ
3209 5501 3448 5573 πονηρὸν
3469 5499 3561 5552 λό-

1979 5609 2074 5662 γον
2100 5591 2446 5664 ὲρεύξασθαι.
2476 5592 2589 5646 Καὶ
2616 5591 2869 5664 καθάπερ
2895 5592 2990 5646 ἐπὶ
3020 5591 3120 5664 τῆς
3143 5590 3408 5662 αἰσθητῆς
3435 5604 3563 5659 τρα-

1979 5680 2153 5749 πέζης
2184 5680 2328 5733 κατά
2384 5679 2482 5751 τὴν
2520 5678 2685 5748 φύσιν
2741 5679 2850 5734 τῶν
2905 5680 3218 5751 ἐδεσμάτων
3268 5678 3364 5733 καὶ
3399 5678 3432 5747 ή
3463 5677 3563 5745 τῆς

1988 5767 2193 5841 ὲρυγῆς
2222 5768 2445 5839 ποιότης
2479 5766 2778 5821 ἐκδίδοται·
2811 5767 2954 5822 οὕτω
2980 5767 3047 5839 δὴ
3084 5768 3179 5821 καί⁴
3204 5766 3295 5820 ἐπὶ
3326 5768 3427 5837 τῆς
3454 5764 3566 5817 τῶν

1988 5856 2249 5929 ῥημάτων
2298 5856 2603 5928 δυνάμεως,
2661 5851 2859 5929 οἷάπερ
2891 5857 2958 5914 ἂν
2997 5856 3272 5922 σιτῶνται,
3339 5853 3568 5910 τοιαῦτα
