3964 6342
310 388 418 446 209

312 506 408 562 καὶ
440 502 752 575 ἐρεύγονται
786 499 970 553 πολλοὶ
999 499 1109 554 τῶν
1142 497 1466 570 ἀνθρώπων.
1510 489 1636 548 Οἷον
1681 491 1777 546 ἐὰν
1812 491 1890 551 εἰς

317 598 543 666 θέατρον
589 589 794 661 ἀναϐῇς
843 588 938 642 καὶ
983 588 1259 660 πορνικῶν
1312 585 1576 657 ᾀσμάτων
1633 581 1894 654 ἀκούσῃς,

312 686 543 742 τοιαῦτα
576 685 672 738 καὶ
693 683 893 754 ἐρεύξῃ
924 680 1145 744 πάντως
1170 682 1249 743 εἰς
1276 679 1367 732 τὸν
1388 677 1615 748 πλησίον
1645 677 1864 746 ῥήματα
1881 691 1894 706 ·

317 780 384 835 ἂν
412 779 470 833 δὲ
498 780 578 838 εἰς
605 777 702 848 τήν
726 774 1024 845 ἐκκλησίαν
1063 772 1255 838 ἐλθὼν,
1297 771 1575 843 μετάσχῃς
1617 768 1901 838 ἀκουσμά-

317 889 426 926 των
463 868 872 943 πνευματικῶν,
900 867 1158 931 τοιαύτας
1184 865 1326 933 ἕξεις
1379 865 1475 918 καὶ
1529 863 1629 927 τὰς
1674 862 1897 933 ἐρυγάς.

319 965 421 1019 Διά
443 964 602 1018 τοῦτο
645 963 740 1018 καὶ
777 964 806 1016 6
846 961 1136 1032 Προφήτης
1168 958 1388 1028 ἔλεγεν,
1439 954 1836 1024 Ἐξηρεύξατο
1863 954 1902 1022 ἡ

320 1057 537 1126 καρδιά
569 1073 690 1127 μου
740 1054 929 1123 λόγον
981 1051 1228 1120 ἀγαθὸν,
1256 1051 1356 1118 τῆς
1392 1047 1696 1120 τραπέζης,
1724 1040 1794 1117 ἦς
1818 1046 1905 1099 ἀεὶ

327 1154 568 1225 μετεῖχε,
625 1148 723 1219 τὴν
755 1147 957 1219 βρῶσιν
999 1147 1133 1216 ήμῖν
1178 1153 1204 1182 ⁸
1232 1142 1662 1212 ἐνδεικνύμενος.
1714 1141 1905 1211 Τούτῳ

325 1244 422 1298 καὶ
445 1244 473 1296 ὁ
499 1240 709 1303 Παῦλος
742 1238 1082 1308 πειθόμενος,
1132 1237 1366 1308 παρῄνει
1402 1235 1576 1304 λέγων
1599 1252 1613 1264 ·
1648 1230 1772 1299 Πᾶς
1799 1233 1906 1287 λό-

325 1350 433 1404 γος
461 1331 697 1399 σαπρὸς
727 1331 795 1383 ἐκ
817 1328 922 1383 τοῦ
946 1330 1244 1395 στόματος
1265 1325 1434 1396 ὑμῶν
1465 1325 1553 1395 μὴ
1593 1323 1909 1394 ἐκπορευέ-

324 1430 476 1487 σθω,
509 1424 646 1478 dif
678 1423 734 1476 εἴ
785 1440 876 1487 τις
908 1421 1150 1490 ἀγαθός.
1178 1420 1290 1472 Καὶ
1308 1421 1392 1482 τίς
1424 1421 1572 1472 ἐστιν
1619 1419 1648 1470 6
1676 1418 1906 1489 σαπρὸς,

328 1516 528 1588 φησίν;
567 1513 698 1568 Ἐἀν-
747 1512 924 1584 μάθῃς
964 1511 1056 1564 τὸν
1086 1509 1312 1578 ἀγαθὸν,
1351 1509 1472 1562 τότε
1520 1510 1642 1581 εῐσῃ
1693 1507 1912 1562 καὶτὸν

331 1609 541 1682 σαπρόν
565 1623 578 1636 ·
613 1606 750 1678 πρὸς
804 1604 914 1674 γάρ
967 1604 1067 1674 τὴν
1095 1601 1501 1672 ἀντιδιαστολὴν
1534 1601 1742 1655 ἐκείνου
1785 1598 1912 1654 τοῦ-

328 1718 422 1754 τον
473 1699 704 1753 τέθεικε.
755 1697 851 1760 Τίς
909 1690 1002 1749 οὖν
1052 1697 1202 1748 ἐστιν
1240 1693 1530 1762 όάγαθὸς,
1559 1692 1710 1745 οὐδὲν
1743 1691 1913 1764 δεήσῃ

330 1792 462 1863 παρ’
488 1789 624 1862 ἐμοῦ
655 1788 879 1860 μαθεῖν·
919 1786 1084 1850 αὐτὸς
1117 1785 1225 1857 γάρ
1257 1787 1389 1857 ήμῖν
1429 1784 1595 1838 αὐτοῦ
1623 1783 1721 1854 τὴν
1750 1783 1920 1852 φύσιν

333 1886 699 1958 ἡρμήνευσεν.
731 1877 916 1934 Εἰπὼν
941 1879 1074 1954 γάρ,
1106 1879 1180 1933 Εἴ
1209 1897 1296 1945 τις
1335 1877 1587 1947 ἀγαθὸς,
1627 1876 1877 1947 ἐπήγαγε
1899 1914 1912 1938 ,

331 1974 493 2044 Πρὸς
518 1970 844 2041 οἰκοδομὴν
868 1969 984 2039 τῆς
1009 1967 1394 2036 Ἐκκλησίας,
1421 1965 1636 2027 δεικνὺς
1659 1964 1742 2017 ὅτι
1761 1959 1917 2025 οὗτός

333 2072 481 2123 ἐστιν
512 2065 718 2135 ἀγαθὸς
742 2064 876 2118 ότὺν
903 2061 1129 2132 πλησίον
1159 2058 1480 2130 οἰκοδομῶν.
1516 2059 1729 2128 Ὠσπερ
1761 2051 1854 2109 οὖν
1887 2057 1916 2110 6

330 2160 648 2232 οἰκοδομῶν,
711 2157 938 2228 ἀγαθὸς,
969 2155 1141 2218 οὕτως
1171 2155 1199 2207 6
1223 2151 1524 2225 καθαιρῶν,
1569 2150 1776 2221 σαπρὸς
1822 2151 1920 2204 καὶ

333 2256 490 2328 [I96]-
523 2254 748 2325 φαῦλος.

406 2349 517 2402 Καὶ
550 2347 615 2400 σὺ
649 2345 850 2409 τοίνυν,
880 2343 1156 2415 ἀγαπητέ,
1189 2342 1238 2395 εἰ
1269 2342 1366 2413 μέν
1417 2340 1563 2411 ἔχεις
1595 2357 1649 2392 τι
1681 2338 1921 2391 τοιοῦτον

333 2445 532 2505 εἰπεῖν,
565 2441 594 2493 ὃ
629 2440 854 2494 δύναται
879 2439 1074 2510 βελτίω
1115 2437 1339 2508 ποιῆσαι
1393 2435 1486 2488 τὸν
1515 2432 1804 2496 ἀκούοντα,
1845 2431 1920 2502 μὴ

339 2534 588 2605 κωλύσῃς
626 2532 784 2601 λόγον
815 2532 872 2584 ἐν
902 2528 1081 2601 καιρῷ
1120 2527 1391 2600 σωτηρίας
1411 2543 1427 2558 ·
1459 2526 1507 2579 εἰ
1533 2526 1591 2579 δὲ
1622 2523 1788 2596 μηδὲν
1811 2539 1913 2575 τοι·

336 2627 494 2681 οὖτον
522 2626 688 2697 ἔχεις,
719 2623 856 2679 ἀλλὰ
884 2623 1100 2696 πονηρά
1146 2622 1241 2676 καὶ
1271 2620 1646 2693 διεφθαρμένα
1678 2619 1921 2691 ῥήματα,

341 2719 587 2790 σίγησον,
618 2717 693 2790 μὴ
725 2718 1113 2788 κατηγορήσῃς
1139 2713 1234 2768 τοῦ
1267 2713 1515 2785 πλησίον.
1553 2707 1723 2774 Οὗτος
1751 2711 1860 2780 γὰρ
1896 2711 1924 2763 6

338 2812 496 2881 λόγος
534 2810 744 2882 σαπρός
789 2812 958 2874 ἐστιν,
1009 2809 1110 2862 ούκ
1163 2806 1470 2878 οἰκοδομῶν
1503 2805 1596 2858 τὸν
1632 2804 1922 2868 ἀκούοντα,

339 2904 481 2958 ἀλλά
507 2905 602 2958 καὶ
628 2903 1042 2975 καταστρέφων.
1093 2903 1192 2953 Ἀν
1226 2918 1286 2954 τε
1319 2899 1428 2970 γὰρ
1477 2897 1689 2970 ἀρετῆς
1741 2899 1926 2968 ἐπιμε-

340 2997 524 3067 λῆται,
557 2995 695 3066 πρὸς
732 2995 993 3048 ἀπόνοιαν
1015 2992 1229 3065 αἴρεται
1260 2990 1521 3054 πολλάκις
1541 3008 1554 3021 ·
1605 2991 1670 3044 ἄν
1702 3007 1763 3043 τε
1792 2990 1928 3061 ἠμε-

340 3089 574 3160 λημένος
609 3083 666 3162 ᾖ,
687 3086 1062 3158 ρᾳθυμότερος
1086 3085 1316 3153 γίνεται.
1355 3085 1453 3136 “Av
1472 3082 1696 3154 αἰσχρὸν
1728 3082 1930 3154 μέλλῃς

344 3181 682 3251 φθέγγεσθαι
712 3183 863 3252 ῥῆμα
886 3180 980 3233 καὶ
1007 3178 1241 3248 γέλωτος
1275 3176 1464 3247 γέμον,
1517 3177 1760 3246 σίγησον.
1817 3177 1931 3230 Καὶ

343 3271 453 3342 γάρ
475 3273 569 3325 καὶ
588 3266 741 3332 οὗτος
767 3271 795 3322 ὀ
813 3269 969 3336 λόγος
996 3267 1202 3337 σαπρός
1222 3267 1360 3329 ἐστι,
1384 3266 1474 3318 τόν
1502 3283 1561 3317 τε
1592 3264 1819 3332 λέγοντα
1837 3263 1930 3317 τόν

341 3383 403 3419 τε
437 3363 703 3418 ἀκούοντα
729 3359 1158 3430 ἀσελγεστέρους
1184 3357 1374 3422 ποιῶν,
1393 3359 1487 3411 καὶ
1502 3357 1601 3421 τὰς
1629 3359 1685 3410 ἐν
1715 3357 1932 3426 ἐκάστῳ

346 3456 590 3529 πονηρὰς
609 3441 906 3525 ἐπιθυμίας
929 3451 1206 3505 ἀνάπτων.
1240 3451 1451 3521 Ὥσπερ
1472 3444 1564 3503 οὖν
1595 3448 1674 3519 τῷ
1702 3448 1837 3520 πυρί¹
1863 3447 1932 3501 τὰ

347 3551 482 3617 ξύλα
515 3548 690 3621 τροφὴ
724 3547 934 3616 γίνεται
958 3545 1052 3598 καί⁵
1083 3544 1205 3615 ὒλη,
1223 3543 1366 3597 οὕτω
1384 3545 1500 3606 τοῖς
1535 3544 1793 3613 πονηροῖς
1819 3541 1934 3612 βου-

345 3641 582 3710 λεύμασι
607 3637 678 3690 τὰ
712 3637 952 3706 ῥήματα.
981 3632 1080 3687 Διά
1103 3632 1264 3687 τοῦτο
1291 3633 1354 3686 ού
1383 3633 1489 3704 χρὴ
1534 3632 1712 3685 πάντα
1737 3673 1752 3694 ,
1789 3631 1936 3703 άπερ

347 3731 417 3786 ἀν
465 3730 682 3800 ἔχωμεν
729 3729 786 3780 ἐν
822 3726 1033 3797 διανοίᾳ
1059 3766 1074 3788 ,
1111 3724 1448 3793 φθέγγεσθαι
1508 3725 1757 3788 πάντως·
1798 3723 1938 3778 ἀλλά

348 3821 673 3886 σπουδάζειν
716 3820 815 3891 μὲν
841 3820 936 3873 καὶ
967 3819 1066 3890 τῆς
1087 3817 1324 3883 διανοίας
1355 3817 1526 3888 αὐτῆς
1548 3816 1813 3888 ἐξορίζειν
1838 3818 1937 3882 τὰς

349 3912 598 3984 πονηρὰς
641 3910 936 3981 ἐπιθυμίας
995 3908 1092 3961 καὶ
1131 3909 1314 3961 πᾶσαν
1351 3907 1586 3979 αἰσχράν
1613 3907 1840 3963 ἔννοιαν.
1874 3911 1938 3962 Εἰ

350 4006 409 4060 δέ
443 4022 572 4058 ποτε
598 4002 855 4062 λαθόντες
878 3999 1293 4072 παραδεξόμεθα
1318 4001 1599 4071 ῥυπαροὺς
1620 3999 1935 4072 λογισμοὺς,

356 4097 626 4168 μηδέποτε
663 4093 754 4148 διά
781 4094 882 4164 τῆς
914 4092 1161 4163 γλώττης
1192 4093 1391 4155 αὐτοὺς
1441 4093 1788 4166 ἐκφέρωμεν,
1823 4095 1938 4148 ἀλλ’

353 4188 748 4258 ἀποπνίγωμεν
781 4186 981 4249 αὐτοὺς
1003 4185 1092 4240 διά
1124 4186 1226 4256 τῆς
1251 4188 1429 4256 σιγῆς.
1468 4187 1579 4239 Καὶ
1601 4187 1708 4259 γὰρ
1725 4189 1819 4240 καὶ
1846 4187 1942 4258 θη-

357 4283 446 4354 ρία
469 4281 564 4336 καὶ
586 4280 792 4351 ἑρπετά
833 4280 914 4342 εἰς
944 4278 1147 4332 λάκκον
1177 4279 1544 4348 ἐμπίπτοντα,
1576 4279 1642 4332 ἂν
1676 4281 1776 4350 μὲν
1804 4280 1940 4352 εὕρῃ

354 4375 476 4426 τινὰ
514 4371 745 4436 διέξοδον
782 4369 1010 4434 ἀνωθεν,
1043 4368 1318 4424 ἀναϐάντα
1345 4369 1659 4443 ἀγριώτερα
1696 4373 1937 4440 γίνεται·

357 4467 424 4520 ἂν
451 4466 509 4519 δὲ
537 4465 672 4537 μένῃ
705 4465 859 4518 κάτω
873 4461 1136 4532 διηνεκῶς
1170 4463 1657 4533 συγκεκλεισμένα,
1677 4465 1941 4519 πάντοθεν

356 4557 653 4612 ἀπόλλυται
707 4557 906 4628 ῥᾳδίως
938 4557 1031 4610 καὶ
1055 4556 1410 4624 ἀφανίζεται’
1452 4559 1594 4611 οὕτω
1636 4558 1701 4629 δή
1749 4560 1843 4612 καὶ¹
1875 4559 1943 4611 τὰ.

361 4648 574 4720 πονηρά
602 4648 985 4718 ἐνθυμήματα,
1021 4647 1086 4700 ἂν
1123 4647 1220 4716 μὲν
1246 4646 1383 4719 εὕρῃ
1420 4647 1541 4700 τινὰ
1579 4647 1666 4702 διὰ
1696 4648 1790 4700 τοῦ
1822 4647 1943 4700 στό-

367 4757 534 4812 ματος
567 4741 725 4812 ήμῶν
754 4739 850 4794 καὶ
878 4738 985 4792 τῶν
1031 4740 1293 4808 ῥημάτων
1329 4738 1528 4805 ἔξοδον,
1587 4739 1819 4792 ἀνάπτει
1847 4739 1945 4810 τὴν

361 4835 508 4890 ἔνδον
543 4835 716 4904 φλόγα
735 4849 750 4863 ·
804 4831 872 4886 ἂν
899 4831 956 4884 δὲ
984 4829 1317 4900 ἀποκλείσῃς
1342 4829 1482 4883 αὐτὰ
1512 4830 1601 4882 διὰ
1627 4831 1726 4902 τῆς
1761 4830 1945 4901 σιγῆς,

360 4926 729 4995 ἀσθενέστερα
787 4923 1027 4992 γίνεται,
1071 4923 1166 4975 καὶ
1204 4921 1457 4992 καθάπερ
1497 4921 1640 4992 λιμῷ
1673 4923 1948 4993 τηκόμενα

361 5022 428 5089 τῇ
465 5020 667 5089 σιωπῇ,
711 5017 924 5086 ταχέως
971 5014 1365 5084 ἐναποθνήσκει
1415 5017 1482 5085 τῇ
1519 5015 1750 5086 διανοίᾳ.
1781 5016 1946 5069 Ὠστε

365 5109 467 5164 κᾶν
500 5108 846 5179 ἐπιθυμήσῃς
868 5109 991 5162 τινὰ
1023 5107 1258 5179 αἰσχράν
1288 5105 1607 5177 ἐπιθυμίαν,
1634 5106 1709 5178 μὴ
1743 5106 1954 5180 φθέγξῃ

363 5199 422 5254 δὲ
454 5199 605 5269 ῥῆμα
629 5200 872 5269 αἰσχρὸν,
892 5197 1232 5262 κατέσϐεσας
1263 5199 1358 5251 καὶ
1378 5200 1477 5267 τὴν
1499 5197 1816 5269 ἐπιθυμίαν.
1837 5200 1949 5253 Οὐκ

367 5290 514 5362 ἔχεις
565 5290 804 5344 διάνοιαν
839 5291 1118 5363 καθαράν;
1172 5290 1294 5343 Κᾶν
1331 5291 1504 5360 στόμα
1559 5289 1648 5361 ἔχε
1685 5291 1948 5363 καθαρὸν,

369 5384 462 5437 καὶ
485 5382 560 5454 μὴ
585 5379 830 5452 κενώσῃς
855 5382 960 5448 ἔξω
984 5383 1077 5436 τὸν
1110 5382 1392 5454 βόρϐορον,
1422 5383 1509 5436 ἵνα
1541 5383 1616 5455 μὴ
1646 5383 1738 5435 καὶ
1769 5383 1956 5456 ἕτερον

370 5476 463 5528 καὶ
489 5474 682 5528 σαυτὸν
699 5474 1074 5548 καταϐλάψῃς.
1113 5475 1187 5528 Οὐ
1229 5475 1338 5546 γάρ
1367 5478 1478 5538 τοῖς
1511 5475 1732 5544 λέγουσι
1768 5478 1955 5548 μόνον,

369 5565 505 5618 ἀλλά
531 5565 624 5619 καὶ
651 5567 761 5627 τοῖς
787 5564 1077 5617 ἁκούουσιν
1111 5565 1312 5636 αἰσχρά
1338 5565 1726 5637 φθεγγομένων
1750 5569 1954 5640 ἐτέρων

371 5657 542 5728 πολλὴ
590 5655 942 5727 προσγίνεται
994 5656 1169 5726 κηλίς.
1214 5655 1312 5710 Διά
1348 5655 1508 5710 τοῦτο
1558 5656 1806 5727 παραινῶ
1861 5660 1954 5711 καὶ

439 5791 464 5818 ⁸
486 5789 597 5841 Duo
620 5805 736 5842 mss.
763 5793 846 5853 τήν
874 5788 1009 5855 φύσιν
1033 5789 1160 5852 ἡμῖν.

1019 380 1080 438 S.
1118 375 1403 436 JOANNIS
1441 369 1936 431 CHRYSOSTOMI
1975 367 2298 424 ARCHIEP.
2343 361 2892 421 GONSTANTINOP.

3459 362 3572 418 219

2000 485 2374 555 συμϐουλεύω,
2413 488 2487 560 μὴ
2521 489 2680 560 μόνον
2720 486 2814 542 τοῦ
2863 485 3041 552 λέγειν
3064 483 3131 535 τά
3155 479 3401 543 τοιαῦτα,
3439 476 3574 531 ἀλλὰ

1996 570 2090 622 καὶ
2124 570 2388 640 λεγόντων
2417 571 2619 644 ἐτέρων
2648 571 2741 626 τοῦ
2766 570 2987 624 ἀκούειν
3018 565 3338 637 ἀπέχεσθαι,
3374 565 3471 617 καὶ
3496 561 3576 633 τῷ

1997 654 2124 726 θείῳ
2149 654 2534 724 προσηλῶσθαι
2567 655 2716 726 νόμῳ
2741 651 3024 724 διηνεκῶς.
3057 651 3160 703 Τὸν
3193 650 3302 719 γάρ
3331 646 3575 700 τοιοῦτον

1996 737 2090 790 καὶ
2119 739 2147 790 ό
2170 739 2462 809 Προφήτης
2484 737 2797 810 μακαρίζει,
2833 737 3005 804 λέγων
3025 751 3039 764 ·
3071 732 3381 801 Μακάριος
3399 728 3572 796 ἀνὴρ.

1997 823 2066 887 ὃς
2116 823 2226 874 οὐκ
2281 823 2572 890 ἐπορεύθη
2611 823 2680 876 ἐν
2711 820 2917 889 ,βουλῇ
2951 815 3205 879 ἀσεϐῶν,
3244 815 3438 869 καὶέν
3462 811 3581 877 ὀδῷ

1998 904 2360 976 ἁμαρτωλῶν
2379 909 2490 961 οὐκ
2508 909 2680 974 ἔστη,
2716 906 2815 960 καὶ
2869 906 2969 958 ἐπὶ
3016 902 3311 969 καθέδραν
3357 897 3582 968 λοιμῶν

2000 992 2111 1044 οὐκ
2139 989 2448 1044 ἐκάθισεν·
2482 991 2620 1045 ἀλλ’
2641 991 2680 1060 ἤ
2704 991 2774 1043 ἑν
2799 985 2880 1053 τῷ
2923 989 3084 1057 νόμῳ
3106 986 3328 1052 Kvplov
3379 981 3448 1035 τὸ
3485 979 3582 1035 θέ-

2000 1078 2164 1142 λημα
2189 1075 2399 1138 αὐτοῦ,
2447 1076 2547 1129 καὶ
2596 1076 2666 1130 ὲν
2711 1073 2792 1140 τῷ
2824 1062 2987 1143 νόμῳ
3031 1070 3220 1126 αὑτοῦ
3258 1067 3583 1140 μελετήσει

2003 1159 2230 1230 ἡμέρας
2261 1161 2359 1215 καὶ
2385 1161 2628 1226 νυκτός.

2077 1271 2142 1342 β’.
2185 1271 2274 1325 Ἐν
2298 1273 2396 1343 μέν
2421 1267 2515 1326 οὖν
2535 1274 2651 1335 τοῖς
2667 1271 2865 1338 ἔξωθεν
2890 1269 3189 1338 συλλόγοις.
3219 1270 3268 1322 εἰ
3291 1267 3387 1320 καί
3415 1284 3470 1320 τι
3503 1265 3590 1318 λε-

2009 1356 2166 1426 χθείη
2190 1357 2320 1410 ποτὲ
2359 1356 2614 1428 χρηστὸν,
2638 1355 2752 1410 ἀλλ’
2785 1357 2842 1409 ἐν
2864 1353 3078 1418 πολλοῖς
3110 1355 3224 1416 τοῖς
3253 1352 3482 1424 φαύλοις
3499 1352 3592 1423 μό-

2005 1440 2089 1504 λις
2124 1439 2182 1493 ἓν
2204 1440 2353 1508 ύγιές
2377 1443 2426 1494 οἱ
2467 1440 2654 1494 πολλοὶ
2687 1439 3018 1510 φθέγγονται
3038 1457 3050 1470 ·
3077 1439 3171 1492 ἐπὶ
3209 1439 3264 1491 δέ
3293 1439 3400 1491 τῶν
3430 1438 3591 1494 θείων

2006 1524 2240 1596 Γραφῶν
2277 1524 2587 1579 τούναντίον
2621 1524 2796 1578 άπαν·
2824 1523 3062 1594 πονηρὸν
3086 1521 3185 1593 μὲν
3207 1521 3398 1575 οὐδένα
3441 1520 3593 1573 οὐδέ-

2009 1627 2140 1662 ποτε
2160 1608 2369 1681 ἀκούσῃ
2406 1609 2587 1678 λόγον,
2623 1609 2831 1672 πάντας
2871 1608 2930 1660 δὲ
2965 1606 3242 1678 σωτηρίας
3268 1607 3360 1658 καί
3392 1605 3594 1676 πολλῆς

2008 1694 2279 1764 γέμοντας
2327 1693 2680 1763 φιλοσοφίας·
2719 1687 2807 1746 οἷα
2857 1691 3045 1763 δήκαὶ
3085 1689 3152 1742 τά
3188 1691 3427 1760 σήμερον
3461 1691 3596 1760 ήμῖν

2008 1777 2450 1846 ἀναγνωσθέντα.
2479 1779 2614 1831 Τίνα
2633 1778 2690 1831 δὲ
2709 1777 2885 1831 ταῦτά
2901 1779 3047 1842 ἐστι;
3078 1774 3221 1843 Περί
3239 1773 3308 1827 δὲ
3321 1769 3409 1828 ῶν
3425 1773 3597 1843 ἐγρά-

2010 1860 2164 1930 ψατέ
2178 1879 2300 1931 μοι,
2320 1879 2394 1930 φη
2404 1863 2477 1926 σὶ,
2500 1861 2693 1916 καλὸν
2707 1859 2998 1928 ἀνθρώπῳ
3015 1859 3303 1929 γυναικὸς
3315 1857 3402 1928 μὴ
3426 1858 3600 1911 ἄπτε-

2012 1948 2184 1999 σθαι·
2217 1944 2314 1998 διὰ
2351 1944 2420 1997 δὲ
2449 1943 2556 2010 τὰς
2587 1944 2870 2011 πορνείας
2913 1943 3171 2008 ἕκαστος
3226 1943 3340 2009 τὴν
3379 1940 3598 1995 ἑαυτοῦ

2013 2019 2269 2098 γυναῖκα
2289 2027 2490 2097 ἐχέτω,
2517 2029 2614 2082 καὶ
2649 2027 2874 2094 ἑκάστη
2909 2027 3016 2079 τὸν
3042 2026 3200 2080 ἴδιον
3227 2025 3435 2094 ἄνδρα.
3462 2026 3600 2095 Περὶ

2013 2112 2208 2182 γάμων
2233 2114 2262 2165 6
2287 2111 2501 2175 Παῦλος
2530 2111 2831 2182 νομοθετεῖ,
2863 2111 2956 2164 καὶ
2987 2110 3086 2164 ούκ
3117 2109 3449 2179 αἰσχύνεται,
3476 2109 3600 2160 οὐδὲ

2014 2195 2246 2267 ἐρυθριᾷ
2263 2209 2280 2228 ⁶
2304 2195 2397 2250 καὶ
2421 2194 2567 2265 μάλα
2588 2195 2830 2258 εἰκότως.
2863 2195 2924 2247 Εἰ
2956 2193 3065 2265 γὰρ
3095 2194 3125 2245 ὁ
3145 2194 3420 2262 Δεσπότης
3445 2191 3601 2263 [195]

2016 2280 2182 2333 αὑτοῦ
2211 2279 2388 2348 γάμον
2421 2277 2670 2349 ἐτίμησε,
2714 2279 2807 2330 καὶ
2845 2278 2945 2329 οὐκ
2972 2275 3313 2350 ἐπῃσχύνθη,
3340 2275 3478 2328 ἀλλὰ
3507 2277 3605 2328 καὶ

2015 2367 2083 2434 τῇ
2121 2361 2394 2434 παρουσία
2418 2362 2512 2414 καὶ
2539 2360 2618 2430 τῷ
2638 2359 2795 2431 δώρῳ
2828 2360 2890 2413 τὸ
2919 2362 3153 2432 πρᾶγμα
3179 2360 3452 2430 ἐκόσμησε
3485 2360 3607 2431 (καὶ

2017 2448 2125 2520 γὰρ
2153 2446 2249 2500 καὶ
2283 2445 2433 2518 δῶρα
2453 2444 2532 2516 τῷ
2566 2445 2732 2516 γάμῳ
2756 2445 2978 2515 μείζονα
3009 2445 3266 2500 ἁπάντων
3292 2445 3604 2515 εἰσήνεγκε,

2017 2531 2116 2606 τὴν
2143 2531 2238 2584 τοῦ
2279 2529 2472 2592 ὓδατος
2531 2529 2693 2598 φύσιν
2724 2530 2805 2592 εἰς
2844 2526 2985 2582 οἶνον
3020 2528 3386 2599 μεταϐαλὼν),
3422 2528 3540 2591 πῶς
3576 2532 3610 2581 ὁ

2019 2614 2205 2678 δοῦλος
2246 2613 2576 2685 ἠρυθρίασεν
2608 2613 2674 2667 ἂν
2705 2614 2839 2684 περὶ
2872 2613 3050 2684 γάμου
3104 2612 3410 2683 νομοθετῶν
3431 2611 3497 2678 δς
3530 2614 3606 2665 Οὐ

2020 2699 2130 2770 γάρ
2160 2698 2398 2768 πονηρὸν
2423 2700 2452 2752 6
2478 2697 2657 2769 γάμος
2688 2699 2940 2770 πρᾶγμα,
2992 2696 3130 2750 ἀλλά
3151 2697 3388 2768 πονηρὸν
3415 2699 3448 2768 ή
3486 2715 3612 2767 μοι-

2021 2783 2163 2854 χεία,
2185 2782 2421 2852 πονηρὸν
2447 2783 2480 2852 ἡ
2512 2781 2736 2853 πορνεία
2761 2797 2772 2810 ·
2803 2781 2980 2852 γάμος
3016 2781 3074 2834 δέ
3107 2781 3365 2852 πορνείας
3391 2783 3614 2852 ἀναιρε-

2020 2866 2170 2919 τικὸν
2197 2864 2510 2936 φάρμακον.
2563 2865 2654 2937 Μὴ
2692 2864 2871 2918 τοίνυν
2900 2863 3061 2916 αὑτὸν
3100 2862 3455 2934 ἀτιμάζωμεν
3491 2867 3617 2928 ταῖς

2021 2948 2353 3010 διαϐολικαῖς
2381 2951 2630 3020 πομπαῖς
2649 2966 2662 2978 ·
2688 2947 2822 3012 ἀλλ’,
2847 2948 2983 3019 ὅπερ
3010 2948 3274 3019 ἐποίησαν
3294 2948 3342 3000 οἱ
3369 2949 3429 3000 ἐν
3458 2950 3618 3019 Κανᾷ

2023 3034 2125 3105 τῆς
2175 3032 2503 3098 Γαλιλαίας,
2544 3033 2638 3086 καὶ
2688 3034 2739 3086 οἰ
2785 3031 2882 3087 νῦν
2919 3034 3185 3101 γυναῖκας
3237 3032 3616 3102 λαμϐάνοντες

2026 3117 2375 3177 ποιείτωσαν,
2407 3116 2499 3169 τὸν
2548 3115 2783 3188 Χριστὸν
2811 3115 3087 3186 ἐχέτωσαν
3131 3116 3314 3184 μέσον.
3355 3117 3470 3170 Καὶ
3499 3117 3618 3180 πῶς

2024 3200 2250 3254 δυνατὸν
2269 3198 2430 3252 τοῦτο
2458 3199 2734 3268 γενέσθαι,
2760 3199 2915 3270 φησί;
2953 3201 3033 3251 Δι’
3066 3199 3246 3252 αὐτῶν
3268 3199 3376 3252 τῶν
3402 3200 3617 3271 ἱερέων·

2037 3285 2092 3337 ’0
2127 3285 2455 3355 δεχόμενος
2480 3283 2611 3352 γὰρ,
2645 3285 2830 3354 φησὶν,
2859 3281 3035 3352 ὑμᾶς,
3067 3283 3172 3352 ἐμὲ
3209 3283 3468 3353 δέχεται.
3517 3286 3622 3338 “Av

2026 3367 2208 3422 τοίνυν
2240 3368 2333 3422 τὸν
2362 3367 2616 3420 διάϐολον
2664 3367 2969 3440 ἀπελάσῃς,
3022 3367 3089 3420 ἂν
3125 3367 3197 3420 τὰ
3227 3370 3468 3440 πορνικά
3520 3370 3623 3441 ᾄσ-

2041 3469 2207 3522 ματα,
2241 3450 2338 3503 καὶ
2364 3450 2434 3503 τά
2461 3449 2816 3520 κεκλασμένα
2873 3449 3010 3522 μέλη
3033 3491 3047 3516 ,
3087 3449 3183 3502 καὶ
3212 3450 3311 3513 τὰς
3349 3453 3625 3516 ἀτάκτους

2030 3533 2274 3606 χορείας,
2304 3533 2397 3587 καὶ
2424 3531 2495 3586 τὰ
2523 3533 2726 3604 αἰσχρά
2758 3533 3003 3604 ῥήματα,
3057 3535 3150 3587 καὶ
3180 3534 3280 3604 τήν
3304 3535 3623 3608 διαϐολικήν

2031 3617 2280 3688 πομπὴν,
2312 3617 2407 3670 καὶ
2437 3615 2530 3669 τὸν
2567 3614 2818 3683 θόρυϐον,
2843 3617 2939 3670 καὶ
2965 3617 3056 3670 τὸν
3082 3619 3384 3689 κεχυμένον
3410 3622 3630 3690 γέλωτα

2031 3701 2128 3754 καὶ
2151 3699 2248 3768 τὴν
2277 3698 2472 3770 λοιπὴν
2505 3698 2768 3770 ἐξελάσῃς
2797 3699 3206 3772 ἀσχημοσύνην,
3231 3705 3537 3778 είσαγάγῃς
3566 3707 3630 3760 δὲ

2031 3783 2159 3845 τοὺς
2187 3781 2376 3851 ἀγίους
2398 3781 2639 3850 Χριστοῦ
2665 3782 2908 3848 δούλους,
2932 3786 3027 3838 καὶ
3050 3786 3079 3838 ό
3102 3788 3338 3858 Χριστὸς
3353 3789 3422 3841 δι’
3443 3791 3633 3842 αὐτῶν

2035 3867 2308 3937 παρέσται
2356 3867 2579 3928 πάντως
2620 3866 2762 3937 μετὰ
2793 3867 2897 3938 τῆς
2937 3871 3145 3942 μητρὸς
3197 3873 3292 3926 καὶ
3328 3873 3439 3925 τῶν
3468 3873 3630 3928 ἀδελ-

2036 3950 2185 4020 φῶν·
2227 3951 2333 4014 Ὃς
2363 3948 2472 4020 γὰρ
2517 3947 2595 4002 ἂν
2645 3949 2895 4019 ποιήσῃ,
2929 3953 3087 4022 φησὶ,
3136 3955 3202 4007 τὸ
3235 3955 3467 4023 θέλημα
3519 3955 3634 4009 τοῦ

2038 4035 2265 4100 Πατρός
2281 4051 2424 4102 μου,
2452 4027 2631 4098 οὗτός
2659 4050 2778 4102 μου
2813 4033 3076 4103 ἀδελφὸς
3109 4037 3209 4090 καί
3253 4037 3491 4108 ἀδελφὴ
3524 4041 3632 4094 και

2034 4118 2234 4188 μητήρ
2278 4118 2430 4170 ἐστι.
2488 4118 2596 4170 Καὶ
2633 4113 2750 4169 οἶδα
2799 4118 2883 4170 δτι
2913 4119 3086 4190 βαρύς
3137 4138 3280 4174 τισιν
3313 4118 3454 4176 εἶναι
3484 4123 3637 4176 δοκῶ

2039 4204 2134 4255 καὶ
2171 4202 2450 4270 φορτικὸς,
2479 4201 2653 4254 ταῦτα
2686 4202 2971 4272 παραινῶν
3003 4204 3098 4255 καὶ
3128 4205 3360 4258 παλαιὸν
3393 4205 3514 4270 ἔθος
3537 4207 3637 4259 ἐκ-

2041 4287 2278 4338 κόπτων.
2323 4285 2469 4354 Πλὴν
2520 4283 2634 4336 ἀλλ’
2667 4284 2820 4338 οὐδέν
2853 4303 2942 4356 μοι
2985 4285 3176 4339 τούτου
3206 4287 3356 4359 μέλει
3377 4305 3393 4319 ·
3427 4289 3487 4341 οὐ
3520 4291 3636 4361 γὰρ

2041 4371 2139 4439 τῆς
2175 4371 2396 4439 χάριτος
2416 4368 2514 4437 τῆς
2543 4370 2673 4440 παρ’
2714 4369 2890 4438 ὑμῶν,
2914 4368 3051 4423 ἀλλά
3082 4370 3182 4441 τῆς
3215 4371 3482 4442 ὠφελείας
3513 4373 3637 4426 δέο-

2047 4471 2144 4523 μαι
2171 4453 2271 4521 τῆς
2295 4453 2571 4524 ὑμετέρας
2596 4470 2609 4483 ·
2638 4453 2699 4506 ού
2726 4453 2836 4505 τῶν
2867 4453 3079 4524 κρότων
3104 4455 3331 4508 καὶτῶν
3367 4458 3634 4521 ἐπαίνων,

2044 4537 2181 4592 ἀλλὰ
2214 4536 2307 4590 τοῦ
2333 4537 2558 4608 κέρδους
2577 4538 2670 4590 καὶ
2696 4538 2797 4608 τῆς
2820 4538 3152 4607 φιλοσοφίας.
3185 4541 3277 4613 Μή
3306 4559 3397 4610 μοι
3426 4542 3639 4610 λεγέτω

2045 4641 2149 4686 τις,
2202 4622 2282 4674 ὅτι
2320 4619 2440 4682 ἔθος
2475 4620 2650 4676 ἐστίν·
2703 4622 2837 4674 ὅπου
2886 4621 3130 4694 ἁμαρτία
3157 4623 3444 4693 τολμᾶται,
3478 4627 3638 4690 ἔθους

2051 4707 2126 4777 μὴ
2159 4704 2402 4776 μνησθῇς
2423 4721 2436 4734 ·
2463 4705 2601 4769 ἀλλ’,
2631 4707 2680 4758 εἰ
2718 4705 2818 4775 μὲν
2854 4706 3070 4777 πονηρὰ
3112 4706 3183 4760 τά
3210 4709 3493 4779 γινόμενα,
3528 4712 3639 4764 κᾶν

2050 4788 2280 4840 παλαιὸν
2330 4786 2450 4850 έθος
2481 4783 2538 4858 ᾗ,
2576 4787 2912 4841 κατάλυσον·
2958 4789 3027 4842 ἂν
3057 4789 3113 4842 δὲ
3159 4791 3233 4874 μὴ
3265 4793 3501 4864 πονηρὰ,
3533 4795 3644 4848 κᾶν

2053 4871 2310 4942 συνήθεια
2335 4872 2409 4941 μὴ
2435 4869 2491 4942 ᾖ,
2521 4872 2783 4940 εἰσάγαγε
2813 4871 2907 4924 καὶ
2947 4869 3380 4942 καταφύτευσον.
3427 4879 3550 4930 Ὅτι
3581 4880 3644 4932 δὲ

2050 4955 2110 5006 ού
2144 4954 2369 5008 παλαιὸν
2394 4955 2516 5017 ἔθος
2534 4950 2602 5024 ἦν
2629 4955 2686 5007 τὸ
2715 4955 2944 5008 τοιαῦτα
2973 4958 3328 5028 ἀσχημονεῖν,
3352 4960 3494 5014 ἀλλὰ
3517 4979 3647 5015 και-

2052 5037 2279 5108 νοτομία
2306 5037 2388 5101 τίς
2415 5039 2533 5090 ἐστι
2559 5039 2626 5091 τά
2655 5040 2939 5109 γινόμενα,
2957 5041 3335 5113 ἀναμνήσθητι
3363 5044 3483 5108 πῶς
3506 5044 3647 5113 ἐγη-

2057 5139 2154 5193 μεν
2177 5124 2206 5174 6
2249 5122 2436 5174 Ἰσαάκ
2466 5121 2565 5193 τὴν
2609 5123 2928 5181 Ῥεϐέκκαν.
2961 5125 3079 5190 πῶς
3105 5129 3133 5179 ὁ
3169 5126 3362 5180 Ἰακὼϐ
3390 5129 3491 5198 τὴν
3517 5130 3650 5181 Ῥα-

2055 5205 2176 5276 χήλ.
2210 5205 2321 5258 Καὶ
2359 5205 2468 5276 γὰρ
2497 5205 2608 5259 τῶν
2631 5206 2826 5276 γάμων
2848 5209 3029 5261 αὐτῶν
3054 5209 3385 5281 μέμνηταιὴ
3425 5213 3646 5284 Γραφή.

2057 5290 2148 5343 καὶ
2180 5288 2297 5351 πῶς
2331 5291 2412 5353 εἰς
2442 5289 2544 5354 τὰς
2581 5289 2757 5355 οἰκίας
2787 5291 2891 5344 τῶν
2917 5293 3166 5362 νυμφίων
3204 5295 3453 5367 ἤχθησαν
3482 5292 3651 5352 αὗται

2057 5373 2113 5426 αἱ
2159 5371 2371 5441 νύμφαι
2425 5371 2597 5439 λέγει,
2648 5374 2740 5426 καὶ
2785 5375 3000 5438 οὐδενὸς
3028 5377 3271 5430 τοιούτου
3330 5381 3648 5451 μέμνηται·

2059 5455 2197 5510 ἀλλὰ
2219 5455 2518 5524 συμπόσιον
2546 5457 2645 5526 μὲν
2672 5457 2769 5510 καὶ
2799 5457 3013 5514 δεῖπνον
3045 5461 3374 5532 ἐποιήσαντο
3403 5463 3498 5516 τοῦ
3525 5481 3655 5517 συνο

2062 5538 2225 5609 ήθους
2251 5538 2628 5609 φαιδρότερον,
2667 5541 2760 5594 καὶ
2797 5544 2925 5605 τοὺς
2955 5546 3331 5615 προσήκοντας
3379 5546 3659 5604 ἐκάλεσαν

2095 5794 2105 5804 ἢ
2131 5729 2157 5766 ἓ)
2177 5730 2288 5803 Duo
2315 5745 2427 5780 mss.
2454 5737 2749 5807 μεταϐαλὼν,
2766 5738 3113 5794 εἰκότωςθύδὲ
3132 5743 3158 5790 6
3182 5740 3348 5799 δοῦλος
3371 5744 3526 5807 ἐρυθιᾷ
3561 5759 3647 5792 πει

2069 5797 2110 5856 ρὶ
2131 5797 2313 5841 τούτων
2333 5797 2613 5855 νομοθετῶν.
