3964 6342
340 338 445 393 Ξιὶῗ)

334 451 495 504 etiam
516 458 782 506 eructant.
817 449 1060 520 Exempli
1084 465 1266 515 causa,
1301 450 1345 505 si
1371 450 1425 504 in
1450 449 1712 504 theatrum
1742 462 1932 501 ascen-

334 542 503 605 deris,
537 551 594 597 et
619 542 951 596 meretricias
977 543 1275 597 cantilenas
1298 542 1588 606 audiveris,
1621 541 1741 596 talia
1774 539 1931 610 plane

333 633 493 688 verba
519 633 573 688 in
606 634 906 691 proximum
933 633 1096 688 etiam
1125 634 1392 689 eructabis
1430 652 1445 688 :
1473 633 1616 703 quod
1646 633 1692 688 si
1730 632 1797 687 ad
1837 646 1930 687 ec-

333 725 559 780 clesiam
588 725 817 780 veniens
855 725 1147 795 spiritualis
1184 725 1450 797 particeps
1478 725 1644 780 fueris
1668 723 1931 792 lectionis,

329 817 599 886 ejusmodi
629 826 789 872 erunt
810 817 974 873 etiam
1003 834 1124 889 qua:
1148 819 1433 875 eructabis.
1465 818 1758 887 Propterea
1797 818 1932 886 quo-

330 927 437 980 que
462 910 678 966 dicebat
701 911 987 982 propheta,
1015 909 1280 966 Eructavit
1306 927 1395 965 cor
1426 927 1591 963 meum
1614 910 1819 963 uerbum
1845 909 1935 963 bo-

330 1021 474 1069 num,
501 1010 561 1057 ut
588 1019 794 1059 mensae
836 1003 1018 1074 dapes,
1072 1018 1174 1074 qua
1215 1002 1488 1058 fruebatur
1515 1016 1746 1072 semper,
1779 999 1934 1055 nobis

329 1095 663 1150 ostenderet.
711 1094 825 1149 [loc
870 1095 1034 1150 etiam
1084 1095 1365 1160 incitatus,
1412 1108 1513 1148 nos
1558 1091 1935 1147 cohortabatur

330 1186 417 1242 his
444 1188 623 1243 verbis
652 1196 807 1243 utens
837 1188 1034 1255 Paulus
1067 1205 1081 1242 :
1117 1187 1296 1241 Omnis
1334 1202 1497 1241 sermo
1544 1185 1711 1240 malus
1753 1200 1817 1239 ea:
1845 1200 1933 1239 ore

329 1291 493 1335 uestro
522 1298 624 1335 non
648 1281 908 1353 procedat,
936 1281 1026 1335 sed
1049 1282 1095 1335 si
1112 1282 1221 1351 quis
1247 1279 1407 1334 bonus
1429 1280 1592 1350 (Eph.
1633 1280 1687 1334 4.
1723 1278 1837 1351 29).
1864 1280 1932 1335 Et

329 1377 453 1445 quis
478 1385 563 1429 est
602 1375 809 1441 malus,
845 1374 989 1429 dicet
1033 1374 1265 1443 aliquis?
1312 1374 1369 1429 Si
1420 1373 1618 1427 bonum
1655 1372 1926 1439 didiceris,

332 1475 446 1519 tum
475 1468 636 1520 etiam
666 1466 868 1519 malum
898 1465 1060 1529 scies,
1100 1480 1224 1519 nam
1257 1465 1323 1519 ad
1350 1465 1746 1519 distinctionem
1790 1464 1929 1518 illius

330 1555 476 1612 hunc
507 1557 704 1626 posuit.
727 1556 857 1624 Quis
886 1572 1013 1627 ergo
1044 1556 1216 1612 bonus
1243 1557 1332 1622 sit,
1356 1572 1462 1610 non
1493 1558 1594 1611 erit
1618 1571 1753 1626 opus
1782 1566 1837 1609 ut
1864 1570 1926 1609 ex

329 1665 423 1704 me
446 1649 624 1704 discas
654 1667 667 1703 :
714 1650 829 1719 ipse
858 1650 1055 1720 quippe
1082 1649 1237 1705 nobis
1270 1652 1387 1718 ejus
1415 1660 1657 1703 naturam
1691 1648 1930 1703 declara-

329 1741 430 1795 vit.
462 1740 594 1796 Cum
629 1742 773 1796 enim
819 1742 1060 1805 dixisset,
1108 1741 1171 1797 Si
1214 1743 1327 1812 quis
1369 1742 1547 1809 bonus,
1593 1741 1806 1812 adjecit,
1848 1741 1930 1794 Ad

327 1832 719 1900 wdi/icationem
742 1830 984 1888 Ecclesia:
1004 1831 1057 1903 (1
1063 1832 1214 1903 bid.),
1243 1833 1438 1887 bonum
1466 1848 1586 1887 eum
1606 1848 1725 1888 esse
1744 1842 1925 1888 osten-

327 1924 490 1989 dens,
531 1926 620 1995 qui
649 1925 877 1980 aedificat
920 1926 1239 1995 proximum.
1284 1923 1355 1979 Ut
1401 1925 1559 1995 igitur
1604 1925 1652 1979 is
1679 1925 1765 1995 qui
1794 1925 1926 1979 tedi-

328 2016 494 2081 tieat,
534 2014 708 2071 bonus
731 2025 815 2071 est
858 2032 873 2069 :
906 2016 977 2070 ita
1020 2017 1108 2086 qui
1145 2015 1393 2083 destruit,
1432 2008 1601 2071 malus
1640 2023 1695 2071 et
1733 2030 1929 2085 pravus

326 2115 436 2160 est.

406 2198 607 2271 Lingua
630 2202 878 2271 quomodo
901 2203 1191 2256 coercenda.
1223 2233 1292 2242 —
1320 2203 1386 2256 Et
1415 2210 1468 2256 tu
1497 2203 1671 2271 igitur,
1690 2202 1929 2257 dilectis-

308 2291 491 2359 sime,
522 2292 568 2347 si
597 2293 813 2363 quidem
840 2294 942 2349 tale
968 2294 1093 2364 quid
1128 2294 1368 2364 proferre
1406 2296 1599 2365 possis,
1638 2295 1781 2365 quod
1810 2310 1927 2349 me-

328 2384 522 2438 liorem
548 2384 775 2440 reddere
807 2387 974 2455 possit
1003 2386 1320 2452 auditorem,
1355 2402 1422 2441 ne
1453 2386 1687 2442 retineas
1707 2387 1927 2441 verbum

327 2478 387 2531 in
417 2486 658 2548 tempore
683 2480 870 2534 salutis
900 2498 912 2533 :
942 2480 1082 2550 quod
1127 2482 1171 2535 si
1222 2480 1352 2534 nihil
1394 2480 1501 2535 tale
1537 2488 1802 2551 suppetat,
1834 2479 1928 2534 sed

325 2584 497 2639 prava
540 2579 742 2625 tantum
769 2581 823 2627 et
857 2582 1111 2643 corrupta
1139 2573 1323 2638 verba,
1358 2582 1495 2640 tace,
1535 2589 1602 2628 ne
1626 2573 1929 2643 proximum

326 2675 574 2715 accuses.
609 2661 706 2717 Hic
731 2664 875 2717 enim
906 2664 1079 2718 malus
1099 2672 1182 2719 est
1210 2679 1409 2730 sermo,
1438 2678 1540 2719 nec
1577 2663 1806 2719 aedificat
1829 2679 1928 2718 au-

325 2752 592 2820 dientem,
620 2754 713 2808 sed
741 2755 1020 2809 subvertit.
1052 2755 1175 2810 Sive
1200 2756 1342 2809 enim
1370 2755 1446 2809 illi
1477 2770 1618 2809 cura:
1639 2756 1709 2811 sit
1737 2756 1923 2822 virtus,

325 2842 383 2898 in
426 2846 730 2914 superbiam
779 2847 974 2916 sacpius
1002 2846 1263 2901 effertur:
1305 2847 1418 2902 sive
1460 2848 1530 2902 sit
1560 2848 1797 2918 ignavus,
1829 2863 1925 2903 nc-

322 2935 618 3005 gligentior
637 2936 840 2991 evadit.
883 2937 939 2993 Si
983 2946 1135 3008 turpe
1173 2938 1477 3009 prolaturus
1505 2938 1578 2992 sis
1605 2938 1826 2993 verbum
1856 2953 1921 2993 ac

322 3026 638 3095 ridiculum,
662 3037 799 3085 tace.
828 3029 959 3084 Nam
999 3039 1056 3087 et
1079 3031 1167 3086 hic
1196 3031 1367 3087 malus
1391 3041 1473 3086 est
1508 3047 1711 3098 sermo,
1740 3048 1847 3103 quo
1874 3042 1928 3087 et

323 3117 376 3171 is
405 3118 498 3189 qui
523 3119 674 3185 dicit,
704 3130 758 3175 et
796 3121 843 3175 is
878 3123 969 3193 qui
1008 3123 1156 3177 audit
1193 3123 1502 3178 lasciviores
1529 3123 1842 3192 redduntur,
1872 3133 1961 3200 et_

323 3208 381 3263 in
404 3225 726 3281 unoquoque
753 3227 935 3281 pravae
976 3213 1210 3268 libidinis
1250 3214 1670 3269 inflammantur.
1719 3213 1788 3269 Ut
1830 3214 1928 3284 igi—
1962 3248 1969 3255 -

322 3310 416 3356 tur
442 3303 580 3374 ignis
598 3305 908 3360 alimentum
933 3305 1073 3377 ligna
1099 3314 1225 3362 sunt
1250 3316 1303 3362 et
1327 3317 1617 3373 sarmenta,
1650 3309 1721 3362 ita
1749 3324 1925 3379 prava:
1961 3325 1968 3333 ’

320 3394 681 3465 cogitationes
707 3397 881 3454 verbis
926 3400 1162 3454 aluntur.
1199 3399 1401 3456 idcirco
1446 3417 1552 3456 non
1588 3402 1770 3457 omnia
1806 3419 1926 3471 qua":

321 3496 510 3543 mente
536 3505 835 3559 versamus,
867 3492 1087 3547 omnino
1118 3493 1291 3564 eloqui
1328 3508 1428 3547 nos
1451 3502 1665 3563 oportet
1690 3513 1702 3547 :
1736 3496 1829 3550 sed
1858 3511 1926 3551 ex

320 3580 444 3649 ipsa
475 3592 653 3638 mente
680 3599 870 3653 pravas
908 3586 1228 3656 cupiditates
1252 3604 1573 3658 omnemque
1599 3590 1798 3645 fcedam
1828 3606 1925 3645 co-
1960 3655 1979 3665 ἣ

319 3673 637 3743 gitationem
664 3677 943 3734 eliminare
981 3679 1304 3735 studendum
1337 3690 1437 3736 est.
1462 3680 1615 3749 Quod
1640 3682 1685 3737 si
1713 3682 1925 3752 quando

321 3765 483 3819 nobis
509 3782 607 3822 nec
634 3768 974 3837 epinantibus
996 3779 1179 3841 turpes
1219 3772 1532 3842 irrepserint
1562 3774 1924 3830 ratiocinatio-

320 3872 446 3925 nes,
472 3873 759 3930 numquam
785 3877 876 3918 eas
906 3862 1086 3933 lingua
1121 3864 1426 3929 efferamus,
1460 3867 1553 3921 sed
1581 3868 1791 3922 silentio
1811 3868 1923 3923 suf-

321 3948 586 4005 focemus.
628 3951 760 4007 Nam
796 3962 851 4008 et
882 3954 1074 4010 bellum
1117 3972 1180 4029 ac
1206 3968 1486 4027 serpentes
1534 3960 1580 4013 si
1613 3961 1825 4029 quando
1868 3960 1922 4015 in

318 4042 524 4099 fossam
552 4046 867 4115 inciderint,
913 4059 969 4104 et
996 4050 1195 4106 exitum
1222 4051 1507 4121 quemdam
1532 4067 1743 4107 sursum
1778 4054 1925 4108 inve-

318 4137 537 4203 nerint,
591 4139 975 4208 ascendentes,
1025 4142 1314 4198 ferociores
1360 4143 1625 4209 evadunt;
1683 4145 1824 4214 quod
1876 4147 1921 4201 si

314 4229 576 4285 deorsum
623 4233 888 4288 conclusa:
928 4243 1187 4303 perpetuo
1230 4238 1541 4302 manserint,
1579 4239 1723 4291 omni
1764 4238 1922 4292 modo

319 4321 624 4391 perduntur
664 4324 821 4381 facile
847 4334 1006 4397 atque
1035 4329 1469 4383 exterminantur
1497 4347 1510 4383 :
1544 4331 1621 4384 sic
1669 4331 1918 4385 nimirum

315 4421 381 4465 et
408 4430 583 4482 prava:
617 4417 986 4487 cogitationes,
1016 4420 1059 4473 si
1086 4421 1299 4490 quidem
1332 4422 1566 4492 aliquem
1600 4439 1694 4491 per
1728 4438 1788 4477 os
1824 4439 1922 4479 no-

316 4513 496 4559 strum
553 4507 756 4562 exitum
819 4510 1232 4577 nanciscantur,
1293 4512 1600 4566 interiorem
1650 4512 1918 4567 flammam

315 4597 621 4653 accendunt
652 4618 664 4652 :
698 4600 779 4655 sin
810 4610 986 4655 autem
1021 4618 1113 4657 eas
1142 4618 1239 4673 per
1268 4604 1536 4658 silentium
1566 4605 1915 4672 concluseris,

317 4690 700 4747 imbecilliores
730 4692 883 4758 fiunt,
906 4704 960 4749 et
983 4703 1251 4764 tamquam
1282 4697 1419 4751 fame
1440 4696 1698 4751 confecta:
1723 4713 1819 4767 per
1846 4698 1919 4752 si-

316 4783 570 4847 lentium,
598 4785 845 4839 celeriter
877 4786 929 4839 in
959 4797 1139 4841 mente
1181 4788 1502 4841 moriuntur.
1539 4788 1718 4858 Itaque
1746 4790 1789 4843 si
1814 4806 1915 4860 qua

314 4885 376 4928 te
406 4876 654 4943 cogitatio
687 4878 854 4946 turpis
876 4876 1107 4942 invadat,
1152 4895 1325 4946 neque
1359 4888 1513 4949 turpe
1542 4882 1761 4935 verbum
1803 4883 1918 4936 elo—

311 4968 521 5036 quuris,
571 4968 730 5022 etiam
773 4968 1114 5037 cupiditatem
1154 4970 1483 5040 exstingues.
1532 4971 1645 5025 Non
1692 4980 1777 5029 cst
1822 4971 1915 5024 tibi

312 5073 476 5113 mens
502 5058 741 5113 munda?
770 5058 968 5115 Saltem
1011 5061 1265 5115 mundum
1305 5063 1375 5116 sit
1402 5079 1489 5126 os,
1535 5079 1705 5132 neque
1745 5064 1911 5118 lutum

313 5153 463 5203 teras
490 5150 691 5217 ejicias,
724 5166 791 5205 ne
814 5160 868 5205 ct
904 5151 1064 5205 alium
1111 5161 1167 5205 et
1214 5162 1265 5206 te
1305 5153 1477 5222 ipsum
1503 5153 1760 5209 offendas.
1796 5155 1911 5209 Non

312 5238 462 5293 enim
484 5240 554 5294 illi
585 5249 788 5295 tantum
809 5242 897 5311 qui
918 5243 1119 5307 dicunt,
1152 5243 1245 5297 sed
1269 5246 1427 5298 etiam
1456 5245 1529 5299 illi
1555 5247 1641 5316 qui
1668 5246 1909 5312 audiunt,

314 5332 510 5386 t’nttltas
535 5332 856 5386 contrahunt
880 5334 1089 5399 sordes,
1117 5334 1242 5387 dum
1271 5336 1359 5389 alii
1390 5337 1562 5407 turpia
1600 5337 1907 5406 loquuntur.

311 5423 604 5491 Propterea
631 5424 903 5481 cohortari
932 5433 988 5479 et
1027 5427 1309 5481 consulere
1340 5442 1443 5482 non
1474 5428 1683 5493 desino,
1719 5437 1777 5482 ut
1806 5446 1909 5482 non

304 5515 487 5570 solum
513 5519 581 5571 ah
608 5517 873 5587 ejusmodi
896 5518 1076 5573 verbis
1111 5518 1416 5586 clicrendis,
1449 5518 1542 5575 sed
1573 5524 1756 5586 etiam,
1783 5520 1910 5576 dum

306 5609 382 5665 ab
407 5610 526 5664 aliis
545 5610 856 5674 efferuntur,
900 5611 1180 5666 audiendis
1223 5613 1606 5680 abstineamus,
1636 5623 1690 5668 et
1716 5614 1909 5669 divinae

310 5701 416 5770 legi
445 5715 659 5772 semper
689 5701 886 5757 addicti
916 5703 1103 5758 simus.
1134 5703 1235 5770 Qui
1260 5703 1403 5758 enim
1434 5703 1695 5775 ejusmodi
1725 5706 1901 5771 fuerit,

310 5790 501 5848 beatus
542 5808 573 5849 a
620 5792 878 5864 propheta
924 5794 1283 5865 praedicatur:
1336 5794 1518 5852 Beatus
1543 5798 1646 5863 vir,
1691 5806 1778 5872 ψεῖ
1808 5820 1907 5857 null

1043 336 1110 392 ιΝ
1150 336 1377 406 ILLUD,
1418 336 1736 393 PROPTER
1777 330 2318 395 FORNICATIONES
2358 340 2667 406 UXOREM,
2708 339 2857 395 ETC.
2899 338 2940 395 l.

3526 342 3639 397 2ὶο

2049 448 2171 499 abiit
2212 449 2263 503 in
2304 452 2512 505 consilio
2558 453 2849 523 impiorum,
2880 460 2927 507 et
2966 452 3018 507 iu
3063 452 3142 507 eia
3170 462 3490 524 peccatorum
3534 473 3636 509 non

2047 549 2201 603 siettl,
2233 552 2280 595 et
2301 544 2353 597 in
2387 544 2629 597 cathedra
2655 545 2953 615 pestilentia
2980 560 3081 599 non
3109 543 3238 599 sedit
3265 559 3285 599 :
3304 544 3393 599 sed
3437 545 3490 599 in
3528 546 3636 617 lege

2046 630 2256 686 Domini
2284 635 2515 689 voluntas
2539 637 2670 705 ejus,
2698 645 2745 690 et
2776 636 2830 690 in
2854 636 2964 706 lege
2987 636 3096 706 ejus
3119 635 3441 691 meditabitur
3470 637 3551 691 die
3576 655 3637 691 ac

2046 722 2382 798 nocte(I’sal.
2409 727 2538 780 1.1.
2560 726 2643 799 2).

2114 813 2171 869 2.
2202 819 2378 886 Atque
2415 817 2467 871 in
2499 816 2736 887 profanis
2755 817 2970 888 quidem
3001 819 3371 888 conventibus,
3392 819 3496 875 etsi
3532 819 3635 874 ali-

2042 906 2170 976 quid
2212 907 2441 964 fortasse
2467 909 2591 963 boni
2617 910 2903 980 aliquando
2930 910 3145 979 dicitur,
3177 912 3266 968 vix
3296 918 3471 968 tamen
3498 913 3637 969 inter

2042 1000 2207 1054 multa
2229 1015 2390 1070 prava
2416 1017 2579 1057 unum
2604 1001 2872 1074 quidpiam
2896 1003 3121 1073 probum
3146 1004 3382 1075 plerique
3407 1004 3637 1076 loquun-

2043 1088 2126 1145 tur
2156 1108 2169 1145 :
2200 1092 2326 1147 dum
2371 1101 2548 1147 autem
2593 1108 2760 1148 sacra:
2806 1093 3052 1164 leguntur
3095 1094 3420 1165 Scripturae,
3473 1096 3635 1166 plane

2039 1186 2363 1239 contrarium
2387 1186 2596 1240 evenit:
2623 1186 2822 1241 nullum
2846 1202 3148 1241 sermonem
3180 1202 3402 1256 pravum
3424 1188 3633 1254 audies,

2038 1289 2224 1330 omnes
2263 1277 2451 1331 salutis
2499 1292 2562 1331 ac
2611 1278 2961 1347 philosophia:
3013 1277 3394 1347 modestiaeque
3423 1277 3631 1346 plenos,

2037 1365 2334 1433 cujusmodi
2364 1375 2490 1421 sunt
2507 1384 2628 1437 qua:
2654 1367 2913 1422 hodierno
2939 1368 3025 1422 die
3052 1379 3176 1422 sunt
3199 1369 3351 1422 lecta.
3378 1368 3630 1436 Quaenam

2037 1457 2125 1510 illa
2155 1459 2353 1527 porro?
2374 1456 2453 1511 De
2468 1460 2647 1530 quibus
2676 1468 2841 1513 autent
2865 1460 3133 1529 scripsistis
3151 1461 3292 1526 mihi,
3324 1460 3512 1531 inquit,
3540 1460 3627 1514 ἐο-

2036 1564 2161 1601 num
2185 1558 2256 1602 est
2295 1549 2488 1602 homini
2530 1550 2791 1603 mulierem
2819 1567 2920 1603 non
2966 1560 3169 1620 tangere
3191 1564 3210 1603 :
3233 1559 3437 1620 propter
3465 1550 3626 1621 [0νηὶ⁴

2036 1640 2255 1693 cationes
2283 1650 2451 1695 autent
2496 1642 2834 1709 unusquisque
2875 1656 3019 1694 suam
3064 1657 3275 1695 uxorem
3319 1642 3537 1706 habeat,
3583 1651 3632 1694 et

2034 1746 2344 1802 unaquaeque
2371 1748 2521 1785 suum
2549 1733 2712 1785 virum
2739 1733 2814 1799 (1.
2860 1730 2981 1787 Cor.
3030 1732 3081 1785 7.
3114 1733 3165 1786 1.
3191 1732 3269 1802 ‘2).
3312 1733 3388 1787 De
3434 1734 3632 1803 nuptiis

2036 1825 2180 1895 leges
2201 1827 2373 1879 sancit
2400 1825 2616 1893 Paulus,
2649 1842 2822 1895 neque
2851 1842 2972 1880 eum
3006 1826 3186 1896 pudet,
3210 1842 3308 1881 nec
3333 1827 3626 1893 erubescit;

2034 1933 2097 1971 ac
2127 1918 2319 1971 merito
2348 1933 2498 1972 sane.
2531 1918 2586 1973 Si
2614 1919 2755 1972 enim
2784 1919 2981 1987 nuptiis
3018 1919 3279 1972 honorem
3306 1918 3495 1973 detulit
3520 1919 3629 1973 Du-

2034 2010 2212 2064 minus
2239 2010 2376 2079 ejus,
2405 2025 2503 2065 nec
2531 2010 2739 2064 illarum
2767 2025 2889 2064 eum
2914 2010 3118 2079 puduit,
3149 2009 3241 2063 sed
3266 2018 3319 2064 et
3346 2011 3632 2079 praesentia

2033 2116 2129 2156 sua
2176 2117 2289 2157 rem
2340 2102 2653 2167 exornavit,
2691 2111 2746 2156 et
2796 2117 3017 2156 munere
3060 2101 3366 2170 :siquidem
3409 2115 3649 2157 munera'

2034 2196 2260 2250 contulit
2278 2196 2516 2250 omnium
2543 2197 2797 2262 maxima,
2817 2211 2938 2251 cum
2960 2212 3110 2265 aqua!
3136 2206 3378 2250 naturam
3402 2196 3626 2251 mutavit

2035 2290 2087 2343 in
2114 2291 2297 2343 vinum
2324 2308 2336 2342 :
2368 2289 2458 2359 qui
2486 2292 2747 2360 potuisset
2774 2289 2972 2358 pudere
3000 2305 3213 2343 servum
3240 2290 3384 2358 leges
3419 2289 3486 2344 de
3530 2306 3631 2343 nu-

2035 2382 2158 2451 ptiis
2188 2381 2367 2437 ferre?
2400 2380 2515 2435 Non
2547 2382 2688 2435 enim
2718 2396 2805 2435 res
2834 2382 2970 2436 mala
2995 2390 3118 2434 sunt
3146 2383 3363 2452 nuptim,
3388 2381 3482 2437 sed
3510 2398 3629 2436 ma-

2036 2476 2085 2529 la
2134 2491 2220 2529 res
2272 2476 2631 2541 adulterium,
2694 2476 2833 2529 mala
2896 2492 2981 2530 res
3038 2474 3318 2529 furnicatio
3366 2493 3379 2529 :
3431 2476 3629 2545 nuptiae

2034 2584 2164 2623 vero
2206 2581 2445 2638 przeseus
2497 2575 2622 2621 sunt
2674 2566 2932 2622 adversus
2983 2566 3390 2622 fornicationem
3449 2581 3628 2622 reme-

2033 2661 2200 2715 dium.

2105 2752 2319 2824 Nuptia:
2356 2752 2608 2824 quomodo
2651 2751 2980 2807 celebrandae.
3013 2749 3276 2805 Invehitur
3311 2752 3364 2805 in
3410 2750 3625 2805 lascivas

2033 2864 2245 2918 pompas
2273 2848 2588 2916 nuptiarum.
2620 2875 2687 2886 -—
2708 2845 2787 2900 Ne
2808 2846 2967 2915 igitur
2994 2844 3269 2899 diabolicis
3299 2860 3388 2899 eas
3412 2846 3626 2915 pompis

2032 2936 2450 2992 dehonestemus
2480 2954 2495 2992 :
2520 2934 2614 2990 sed
2636 2934 2777 3006 quod
2805 2934 2998 2989 factum
3040 2945 3121 2988 est
3155 2950 3184 2987 a
3230 2934 3435 2988 civibus
3462 2934 3627 2989 Caute

2032 3030 2286 3095 Galilaece,
2320 3030 2411 3084 fiat
2433 3039 2488 3086 et
2516 3030 2583 3085 ab
2609 3030 2674 3084 iis
2705 3029 2795 3099 qui
2820 3044 2960 3082 nunc
2985 3028 3185 3082 ducunt
3212 3043 3443 3095 uxores,
3469 3027 3626 3081 Chri-

2031 3129 2173 3175 stum
2204 3120 2436 3175 habeant
2477 3120 2530 3174 in
2566 3120 2743 3175 medio
2771 3120 3067 3174 sedentem.
3096 3119 3212 3186 Quo
3237 3134 3365 3174 vero
3392 3128 3546 3188 pacto
3573 3118 3625 3173 id

2030 3212 2149 3269 fieri
2179 3222 2374 3283 potest,
2402 3213 2611 3284 inquit?
2653 3214 2755 3269 Per
2784 3213 2928 3282 ipsos
2956 3211 3285 3267 sacerdotes.
3326 3211 3426 3279 Qui
3467 3212 3622 3279 enim,

2030 3304 2221 3374 inquit,
2252 3305 2428 3375 recipit
2453 3320 2561 3369 uos,
2592 3320 2672 3358 me
2712 3304 2889 3374 recipit
2921 3303 3134 3375 (Matth.
3166 3303 3253 3359 10.
3276 3303 3389 3370 40).
3420 3302 3473 3358 Si
3497 3318 3626 3374 ergo

2030 3395 2301 3451 diabolum
2367 3396 2643 3465 abcgeris,
2720 3396 2765 3450 si
2813 3394 3145 3449 meretricias
3192 3395 3518 3460 cantilenas,
3568 3403 3628 3448 et

2030 3488 2222 3542 molles
2264 3496 2474 3552 cantus,
2522 3486 2870 3541 immodestus
2912 3487 3174 3552 choreas,
3218 3485 3380 3541 verba
3425 3486 3620 3556 turpia,

2031 3578 2347 3634 diabolicam
2391 3594 2665 3649 pompam,
2708 3578 3018 3643 tumultum,
3072 3577 3239 3632 risum
3284 3577 3532 3643 effusum,
3573 3586 3628 3633 et

2028 3674 2290 3742 reliquam
2344 3672 2725 3745 turpitudinem
2783 3671 3122 3735 amandaris,
3169 3680 3384 3726 sanctos
3441 3680 3622 3726 autern

2029 3764 2228 3820 Christi
2254 3779 2441 3820 servos
2483 3763 2872 3829 introduxeris,
2902 3762 3148 3818 Christus
3177 3778 3271 3831 per
3300 3764 3443 3833 ipsos
3468 3763 3625 3833 plane

2029 3857 2201 3913 aderit
2242 3874 2363 3912 cum
2394 3866 2566 3911 matre
2607 3872 2700 3911 sua
2733 3865 2786 3909 et
2832 3856 3104 3909 fratribus.
3138 3855 3453 3924 Quicumque
3478 3855 3621 3910 enim

2030 3951 2225 4020 fecerit,
2255 3950 2447 4019 inquit,
2467 3949 2774 4002 uoluntatem
2798 3946 2970 4000 Patris
2996 3947 3111 4012 mei,
3139 3947 3246 4016 ipse
3274 3962 3412 4000 meus
3443 3950 3621 4017 frater,

2027 4054 2074 4097 et
2118 4060 2261 4097 soror
2299 4052 2345 4095 et
2388 4052 2547 4095 mater
2587 4050 2659 4095 est
2693 4039 2908 4111 (Matth.
2953 4040 3039 4093 12.
3082 4040 3195 4109 50).
3227 4040 3350 4095 Scio
3374 4040 3622 4109 equidem

2027 4151 2241 4203 gravem
2285 4133 2599 4203 quibusdam
2641 4140 2696 4187 et
2734 4132 3014 4186 molestum
3047 4131 3214 4186 videri
3252 4147 3367 4198 me,
3399 4132 3525 4186 dum
3554 4134 3623 4189 ad

2029 4228 2144 4282 haec
2165 4244 2260 4282 vos
2284 4227 2491 4290 hortor,
2529 4235 2584 4280 et
2610 4225 2880 4295 antiquam
2930 4238 3115 4278 reseCo
3151 4224 3619 4279 consuetudinem.

2025 4319 2166 4375 Nihil
2193 4328 2366 4374 tamen
2394 4317 2531 4371 istud
2553 4332 2713 4382 curo;
2740 4331 2911 4385 neque
2936 4317 3077 4369 enim
3100 4324 3204 4369 tam
3230 4317 3400 4385 gratia
3416 4324 3616 4383 vestra,

2027 4429 2184 4484 quam
2212 4412 2437 4466 utilitate
2470 4410 2703 4480 indigeo,
2752 4425 2856 4462 non
2888 4407 3229 4476 applausibus
3258 4416 3313 4462 et
3353 4407 3610 4462 laudibus.

2025 4504 2117 4559 sed
2148 4505 2298 4558 lucro
2320 4512 2383 4557 ct
2402 4500 2757 4572 philosophia.
2784 4500 2965 4568 Neque
2991 4498 3118 4552 mihi
3149 4499 3428 4569 quisquam
3449 4499 3585 4553 dicat

2024 4594 2353 4650 consuetudo
2375 4602 2458 4648 est
2486 4611 2497 4645 :
2533 4593 2620 4646 ubi
2653 4599 2926 4661 peccatum
2965 4590 3334 4653 connnittitur,
3359 4590 3466 4643 noli
3488 4603 3620 4642 con-

2025 4689 2322 4745 suetudinis
2373 4687 2699 4742 mentionem
2744 4684 2956 4749 facere;
3009 4682 3103 4737 sed
3140 4683 3184 4736 si
3224 4682 3438 4753 quidem
3477 4684 3614 4737 mala

2023 4784 2129 4836 sint
2155 4797 2273 4850 qum
2302 4789 2580 4850 geruntur,
2613 4778 2735 4832 licet
2760 4775 2975 4845 antiqua
3005 4776 3073 4828 sit
3103 4774 3455 4836 consuetudo,
3488 4774 3618 4828 tolle

2024 4875 2167 4929 illam
2202 4891 2214 4925 :
2251 4872 2295 4926 si
2338 4871 2476 4925 mala
2517 4885 2621 4923 non
2666 4870 2795 4935 sint,
2828 4869 2953 4921 licet
2987 4866 3319 4921 consuetudo
3363 4883 3469 4921 non
3510 4867 3613 4933 sit,

2024 4967 2267 5021 introduc
2310 4966 2451 5019 illam
2497 4974 2550 5019 et
2596 4962 2807 5016 invehe.
2852 4960 3116 5015 Caeterum
3176 4961 3449 5030 antiquam
3506 4977 3614 5015 non

2023 5060 2185 5114 fuisse
2219 5056 2678 5120 consuetudinem,
2707 5062 2765 5108 ut
2794 5062 2900 5107 tam
2940 5061 3122 5121 turpes
3164 5066 3252 5106 res
3279 5051 3491 5120 fierent,
3519 5054 3614 5108 sed

2021 5156 2283 5206 invectam
2326 5148 2610 5219 quamdam
2660 5147 2824 5200 fuisse
2872 5145 3180 5207 novitatem,
3213 5160 3527 5214 cognosces,
3568 5146 3614 5199 si

2019 5242 2317 5298 recorderis
2344 5283 2358 5305 ,
2417 5256 2522 5309 quo
2568 5248 2724 5309 pacto
2771 5236 2985 5291 duxerit
3045 5251 3266 5290 uxorem
3314 5236 3611 5291 Rebeccam

2022 5337 2187 5399 Isaac,
2210 5351 2314 5405 quo
2342 5342 2498 5404 pacto
2524 5332 2689 5388 Jacob
2715 5330 3026 5386 Raehelem.
3057 5328 3189 5383 Nam
3224 5336 3279 5382 et
3307 5328 3612 5396 nuptiarum

2022 5428 2264 5483 meminit
2291 5426 2499 5479 illarum
2544 5425 2837 5493 Scriptura,
2880 5431 2936 5477 et
2977 5435 3083 5490 quo
3125 5430 3282 5490 pacto
3326 5418 3520 5472 fuerint
3559 5416 3612 5469 in

2019 5520 2160 5576 tedes
2191 5533 2509 5588 sponsorum
2542 5516 2627 5570 ha:
2656 5530 2869 5584 sponsae
2906 5514 3150 5571 deducta:
3195 5519 3394 5573 narrat,
3437 5523 3614 5579 neque

2020 5614 2123 5668 tale
2160 5611 2446 5682 quidquam
2485 5592 2898 5672 commemorat;
2929 5606 3024 5661 sed
3063 5603 3364 5659 convivium
3395 5600 3615 5671 quidem.

2018 5714 2071 5762 et
2102 5704 2380 5775 prandium
2410 5702 2567 5756 solito
2592 5700 2786 5755 lautius
2803 5702 3192 5762 instruxerunt,
3210 5703 3264 5750 et
3285 5694 3612 5764 propinquos

2020 5797 2082 5833 ἀί
2108 5796 2324 5856 nuntias
2350 5794 2638 5852 invitarunt
2672 5811 2684 5849 :
2721 5795 2862 5849 tibia:
2890 5808 3018 5848 vero
3050 5806 3111 5846 ac
3142 5787 3354 5855 fistula),
3388 5786 3610 5857 cymba-
