3964 6342
394 354 494 411 εει

398 472 469 538 la,
491 478 547 527 et
576 469 878 527 temulenta:
914 469 1245 536 saltationes,
1289 484 1352 528 ac
1381 469 1582 538 reliqua
1623 469 1798 523 omnis
1832 466 1990 536 hujus

399 562 652 633 temporis
682 561 951 633 turpitudo
993 561 1175 631 procul
1223 562 1426 616 aberat.
1470 563 1539 614 At
1576 567 1772 614 nostrae
1819 559 1991 613 aetatis

400 653 644 712 homines
673 661 727 708 et
755 653 981 724 hymnos
1013 653 1065 706 in
1108 651 1370 706 Venerem
1413 649 1658 705 saltando
1695 658 1914 715 canunt,
1939 659 1994 704 et

399 747 658 803 adulteria
687 747 878 813 multa,
906 755 963 801 et
992 746 1297 814 nuptiarum
1330 744 1668 809 violationes,
1695 753 1748 799 et
1775 743 1992 814 illegiti-

401 852 518 893 mos
544 851 772 903 amores,
799 837 1115 906 illicitosque
1142 838 1312 890 coitus
1332 836 1372 903 ¹,
1396 845 1449 890 et
1469 834 1569 889 alia
1587 834 1813 905 plurima
1835 833 1992 904 plena

400 929 690 1000 impietatis
719 937 774 984 et
803 928 1107 999 ignominia:
1149 928 1356 981 cantica
1401 925 1495 980 illo
1539 925 1626 980 die
1669 931 1886 990 canunt,
1938 933 1994 977 et

401 1031 523 1092 post
549 1021 859 1077 ebrietatem
905 1036 967 1075 ac
1017 1028 1216 1074 tantam
1258 1016 1636 1088 turpitudinem
1667 1029 1788 1072 cum
1814 1013 1992 1071 verbis

403 1114 670 1170 obsceenis
692 1114 898 1184 publice
925 1128 1172 1183 Sponsam
1198 1110 1486 1167 deducunt.
1518 1111 1634 1176 Quo
1657 1111 1814 1180 igitur
1840 1117 1994 1178 pacto

403 1206 698 1260 castitatem
730 1204 796 1258 ab
844 1205 932 1258 illa
977 1203 1166 1273 exigis,
1213 1217 1394 1272 quaeso
1415 1242 1430 1268 ,
1474 1215 1596 1256 cum
1621 1201 1732 1270 jam
1758 1215 1786 1252 a
1819 1199 1993 1268 primo

405 1295 492 1352 die
521 1297 587 1350 ad
621 1305 822 1351 tantam
867 1295 1246 1366 impudentiam
1280 1295 1420 1348 illam
1451 1293 1683 1357 erudias,
1713 1302 1767 1347 et
1796 1293 1849 1346 in
1877 1291 1994 1360 ejus

405 1397 694 1458 conspectu
725 1403 786 1442 ea
814 1387 927 1440 ﬁeri
959 1402 1021 1440 ac
1048 1387 1150 1441 dici
1186 1401 1363 1452 cures,
1392 1400 1512 1454 quae
1539 1399 1711 1454 neque
1751 1382 1829 1438 fas
1866 1383 1937 1437 sit
1963 1395 1994 1436 a

407 1481 589 1550 probis
629 1481 908 1550 mancipiis
945 1478 1156 1534 audiri?
1204 1479 1332 1533 Tam
1374 1479 1624 1532 diuturno
1654 1487 1895 1545 tempore
1921 1475 1996 1529 la-

407 1572 616 1627 boravit
648 1582 818 1640 pater,
848 1571 972 1625 dum
1003 1571 1266 1640 virginem
1294 1584 1416 1623 cum
1445 1577 1614 1622 matre
1641 1576 1905 1632 servaret,
1939 1575 1997 1619 ut

408 1679 581 1734 neque
601 1662 826 1730 diceret,
871 1678 1044 1731 neque
1083 1661 1348 1716 dicentem
1390 1660 1550 1714 alium
1593 1658 1859 1729 quoddam
1892 1657 1998 1712 tale

408 1757 627 1810 verbum
654 1756 879 1819 audiret,
906 1764 959 1810 et
978 1756 1268 1816 conclavia,
1292 1763 1343 1808 et
1363 1768 1632 1825 gynaecea,
1658 1761 1711 1808 et
1727 1751 1994 1818 custodes,

407 1857 462 1905 ct
483 1847 698 1917 januas,
725 1857 776 1901 et
805 1857 1006 1909 vectes,
1036 1855 1090 1901 et
1127 1846 1460 1916 vespertinos
1488 1858 1802 1915 progressus
1823 1885 1836 1906 ,
1865 1850 1920 1896 et
1943 1851 2000 1896 ut

413 1936 634 2001 nemini,
665 1951 732 1994 ne
753 1937 1166 2006 propinquorum
1197 1937 1410 2006 quidem
1436 1936 1529 1990 ulli
1560 1951 1618 1990 se
1654 1934 1998 2005 spectandam

409 2027 649 2096 oll‘erret,
689 2039 744 2083 et
781 2029 882 2082 alia
911 2029 1096 2094 multa,
1129 2036 1183 2083 et
1223 2029 1304 2082 his
1336 2027 1482 2098 plura
1528 2025 1812 2096 diligenter
1839 2041 1999 2081 accu-

409 2120 580 2183 rabat,
609 2129 665 2175 et
691 2129 744 2175 tu
781 2121 1002 2175 veniens
1029 2129 1220 2174 cuncta
1252 2120 1340 2174 illa
1381 2135 1486 2174 uno
1523 2117 1611 2173 die
1655 2117 1908 2180 ell‘ndisti,
1936 2133 2000 2174 ac

412 2227 506 2277 per
535 2211 870 2278 inhonestam
903 2211 1046 2266 illam
1085 2227 1332 2281 pompam
1363 2210 1602 2275 cll'ecisti,
1635 2219 1692 2265 ut
1719 2209 2001 2278 impudens

413 2306 584 2367 tieret,
613 2312 666 2358 et
691 2302 852 2368 verba
895 2301 1179 2372 depravata
1210 2303 1262 2358 in
1292 2319 1501 2373 sponsa:
1543 2303 1775 2357 animam
1803 2301 2000 2356 infudi-

412 2395 515 2448 sti?
540 2393 728 2456 Nonne
753 2394 874 2450 inde
894 2410 1012 2464 quze
1039 2404 1331 2465 sequuntur
1353 2395 1488 2449 mala
1508 2394 1866 2464 proveniunt?
1895 2411 2000 2449 non

416 2485 542 2544 inde
585 2484 843 2541 adulteria
887 2495 942 2540 et
989 2485 1320 2556 zelotypiaz?
1365 2500 1544 2540 nonne
1595 2485 1718 2542 inde
1772 2485 2000 2540 liliorum

415 2579 689 2644 orbitates,
737 2579 1040 2645 viduitates,
1071 2587 1126 2634 et
1165 2579 1429 2632 immaturi
1482 2588 1758 2648 parentum
1788 2578 2002 2632 obitus?

419 2672 547 2728 Cum
578 2673 720 2727 enim
747 2672 1018 2726 daemones
1059 2672 1302 2726 cantibus
1344 2671 1450 2725 illis
1481 2671 1670 2725 invites
1692 2711 1709 2738 ,
1753 2685 1874 2724 cum
1909 2685 2004 2739 per

415 2765 664 2819 obscmna
695 2763 851 2818 verba
873 2763 1215 2832 cupiditatem
1247 2761 1455 2817 illorum
1481 2763 1717 2830 expleas,
1746 2777 1867 2816 cum
1899 2762 2001 2816 mi-

419 2870 535 2909 mos
559 2861 613 2909 et
637 2853 970 2909 elleeniuatos
998 2853 1052 2909 in
1081 2853 1223 2908 mdes
1248 2855 1557 2909 introdUcas
1583 2859 1637 2908 et
1664 2860 1832 2908 totum
1855 2854 2004 2908 thea-

415 2955 580 3011 trum,
612 2962 730 3000 cum
755 2946 1121 3001 meretricibus
1147 2944 1363 3000 domum
1385 2946 1675 3014 compleas,
1705 2954 1760 3000 ct
1779 2944 1999 3012 efﬁcias,

419 3049 477 3091 ut
506 3048 649 3092 totus
693 3037 801 3092 illic
842 3037 1144 3093 daemonum
1188 3045 1358 3092 ccetus
1402 3037 1659 3104 lasciviat,
1697 3037 1822 3107 quid
1864 3037 1998 3101 sani,

416 3145 620 3196 quaeso,
646 3127 896 3204 deinceps
925 3137 1074 3198 potes
1099 3127 1449 3198 exspectare?
1469 3127 1582 3194 Qua
1603 3142 1730 3182 vero
1754 3127 1821 3182 de
1842 3142 2004 3182 causa

417 3228 475 3278 et
525 3221 827 3275 sacerdotes
872 3220 1162 3274 introducis
1186 3261 1203 3288 ,
1245 3235 1365 3274 cum
1410 3227 1623 3289 postero
1649 3217 1737 3276 die
1776 3219 1900 3275 talia
1931 3219 2005 3275 sis

420 3313 855 3383 perpetraturus?
885 3312 977 3368 Vis
1006 3311 1450 3382 magnificentiam
1483 3312 1802 3369 fructuosam
1835 3319 2005 3368 osten-

420 3405 573 3462 tare?
602 3403 744 3459 Voca
792 3420 1082 3474 pauperum
1122 3403 1335 3460 choros.
1385 3405 1491 3460 Sed
1534 3403 1912 3460 vcrecundaris
1951 3415 2007 3460 et

419 3493 726 3550 erubescis?
772 3494 838 3549 Et
879 3494 1006 3565 quid
1063 3496 1161 3550 hac
1203 3495 1530 3550 absurditate
1569 3495 1742 3567 pejus,
1788 3509 1911 3552 cum
1952 3496 2004 3550 iu

423 3587 568 3644 ardes
595 3586 864 3642 diabolum
910 3587 1203 3656 pelliciens,
1237 3583 1366 3641 nihil
1399 3591 1554 3658 turpe
1595 3599 1647 3644 te
1681 3604 1839 3658 agere
1881 3603 2006 3643 cen-

421 3694 563 3744 seas,
593 3695 713 3734 cum
745 3678 1166 3733 veroChristum
1196 3679 1508 3733 imlucturus
1541 3680 1636 3746 sis,
1682 3679 2005 3735 erubescas?

426 3772 493 3827 Ut
520 3772 660 3826 enim
703 3771 1096 3827 introeuntibus
1135 3771 1456 3843 pauperibus
1481 3773 1695 3828 advenit
1739 3771 2004 3840 Christus,

423 3867 496 3918 ita
523 3879 644 3918 cum
675 3865 863 3918 molles
886 3877 948 3920 ac
972 3865 1119 3918 mimi
1150 3865 1373 3919 choreas
1415 3865 1522 3920 illic
1551 3865 1768 3932 ducunt,
1798 3866 2008 3920 lascivit

424 3955 478 4008 iu
504 3953 680 4010 medio
711 3954 922 4010 illorum
952 3953 1211 4010 diabolus.
1242 3957 1415 4026 Atque
1439 3971 1508 4011 ex
1539 3955 1643 4011 illis
1673 3957 1886 4026 quidem
1913 3971 2008 4012 ex-

424 4047 600 4115 pensis
629 4046 829 4101 nullum
877 4047 1104 4110 lucrum,
1147 4047 1242 4102 sed
1285 4056 1340 4103 et
1384 4046 1608 4106 multum
1653 4049 1823 4103 oritur
1851 4048 2006 4103 dam-

423 4152 550 4190 num
579 4154 592 4189 :
620 4152 684 4192 ex
712 4135 798 4194 his.
811 4147 984 4192 autem
1015 4138 1312 4208 sumptibus
1341 4139 1556 4192 multam
1585 4139 1689 4194 cito
1707 4139 2006 4195 mercedem

421 4225 738 4297 reportabis.
768 4229 926 4298 Atqui
957 4229 1130 4283 nullus
1158 4245 1340 4284 eorum
1372 4230 1460 4300 qui
1491 4230 1545 4285 in
1572 4230 1703 4286 urbe
1731 4238 1875 4298 sunt,
1906 4229 2007 4285 hoc

422 4321 706 4392 prtestitit?
733 4320 812 4375 Tu
839 4336 966 4376 vero
1005 4323 1200 4392 incipe,
1223 4332 1277 4378 et
1317 4322 1586 4393 praeclarae
1616 4323 1764 4379 istius
1790 4338 2008 4378 consue-

423 4410 621 4466 tudinis
645 4421 834 4467 auctor.
869 4427 991 4470 esse
1011 4413 1294 4480 contende,
1328 4422 1385 4468 ut
1412 4429 1530 4468 eam
1559 4415 1652 4469 tibi
1679 4415 1878 4485 posteri
1915 4429 2007 4470 ac-

421 4501 629 4574 ceptam
659 4503 850 4558 ferant.
881 4503 1032 4570 Quod
1064 4504 1107 4558 si
1137 4505 1417 4558 aemuletur
1444 4504 1656 4574 aliquis,
1678 4513 1734 4559 et
1774 4505 2009 4562 imitetur

422 4595 559 4652 hanc
584 4597 1041 4662 consuetudinem,
1086 4595 1154 4652 ad
1183 4612 1277 4652 eos
1319 4597 1408 4668 qui
1456 4597 1874 4666 interrogabunt,
1921 4597 2006 4652 di-

420 4703 544 4742 cere
574 4695 824 4757 poterunt
853 4697 1096 4757 nepotes,
1125 4701 1186 4742 ac
1227 4697 1477 4756 nepotum
1521 4688 1634 4753 ﬁlii,
1669 4688 1815 4743 illum
1846 4688 2007 4744 talem

421 4781 560 4835 hanc
586 4781 839 4848 optimam
862 4781 1032 4849 legem
1059 4779 1288 4848 primum
1320 4779 1606 4833 invexisse.
1646 4779 1704 4834 Si
1740 4779 1881 4833 enim
1911 4795 2010 4834 ex—

420 4873 584 4929 terius
611 4873 662 4926 in
684 4872 1084 4936 certaminibus,
1108 4870 1232 4925 dum
1264 4871 1506 4924 convivia
1538 4871 1894 4936 instruuntur,
1917 4870 2008 4941 qui

420 4963 624 5017 inutilia
657 4964 753 5017 ista
776 4977 996 5018 munera
1024 4963 1237 5032 publica
1272 4963 1529 5031 majorem
1559 4961 1627 5017 ad
1666 4963 2011 5032 magniﬁcen-

422 5057 549 5109 tiam
581 5055 920 5123 provexerint
939 5097 953 5120 ,
977 5070 1007 5108 a
1037 5054 1191 5125 Vulgo
1215 5055 1554 5110 celebrantur
1579 5071 1593 5108 :
1637 5055 1803 5109 multo
1843 5054 2010 5123 magis

420 5150 473 5203 in
506 5147 607 5200 hoc
634 5148 847 5216 publico
874 5164 1094 5204 munere
1120 5147 1381 5218 Spirituali
1407 5147 1696 5202 laudabunt
1721 5162 1930 5212 onmes,
1955 5158 2011 5202 et

419 5238 645 5307 gratiam
675 5238 942 5293 habebunt
963 5239 1030 5305 ei,
1061 5240 1151 5310 qui
1180 5239 1498 5309 principium
1525 5238 1665 5293 istud
1694 5239 2008 5309 pneclarum

422 5328 797 5395 introduxerit,
823 5331 976 5400 eique
999 5331 1207 5387 laudem
1236 5331 1566 5388 liberalitatis
1597 5333 1698 5387 hoc
1735 5341 1787 5389 et
1813 5334 2012 5388 utilita-

423 5435 528 5477 tem
561 5424 818 5494 acquiret.
847 5422 978 5477 Nam
1015 5427 1059 5479 si
1089 5437 1142 5480 et
1165 5425 1265 5481 hoc
1284 5427 1350 5481 ab
1375 5426 1494 5481 aliis
1522 5437 1792 5496 peractum
1829 5426 2008 5494 fuerit,

423 5516 516 5569 tibi
548 5517 634 5585 qui
661 5514 866 5586 primus
893 5516 1094 5568 semina
1121 5516 1292 5586 jecisti
1321 5518 1585 5574 fructuum
1615 5520 1845 5584 illorum,
1869 5536 2012 5575 mer-

423 5607 608 5663 cedem
642 5605 878 5678 proferet
909 5625 922 5661 :
949 5606 1051 5664 hoc
1072 5617 1127 5665 et
1167 5619 1218 5666 te
1239 5611 1347 5668 cito
1371 5623 1647 5684 parentem
1667 5613 1883 5680 efﬁciet,
1908 5611 2011 5668 hoc

418 5820 428 5827 .
479 5761 664 5834 ’.Π-ξφ,
702 5759 1295 5834 ὶιιὶςίροξᾳιιεΑεοὲζαδ-(κοξὶ
1331 5766 1473 5834 uaga;
1506 5768 1786 5834 ἀθέσμους),
1816 5772 1998 5824 desunt

418 5822 467 5886 in
507 5822 688 5892 liditis,
707 5824 793 5873 sed
821 5822 1064 5876 habentur
1090 5822 1140 5874 in
1166 5822 1356 5876 duobus
1391 5827 1502 5881 Mss.

1174 353 1232 410 S.
1271 351 1550 408 .IOANNIS
1584 352 2063 410 CHRYSOSTOMI
2104 353 2423 409 ARCIIIEP.
2463 350 3007 411 CONSTANTINOP.

3577 349 3681 404 ili

2105 474 2160 522 et
2186 466 2368 521 liberis
2388 468 2583 521 auxilio
2605 467 2732 533 erit,
2751 465 3055 534 efficietque
3076 471 3132 519 ut
3147 477 3372 536 sponsus
3391 478 3514 518 cum
3536 476 3685 530 spon-

2101 574 2158 614 sa
2185 568 2556 617 consenescat.
2582 559 2651 616 Ut
2674 559 2816 612 enim
2849 557 3190 628 peccantibus
3216 555 3520 626 frequenter
3545 552 3685 608 Deus

2104 651 2458 708 comminatur
2479 649 2662 705 dicens
2685 672 2698 708 :
2723 650 2885 704 Erunt
2911 649 3007 719 ﬁlii
3032 650 3182 702 uestri
3212 648 3414 718 pupilli,
3435 656 3483 701 et
3507 661 3686 702 uxores

2099 751 2278 797 vestra
2303 743 2469 796 vidua:
2500 737 2694 812 (Exod.
2721 740 2930 810 22.21)
2965 758 2978 794 :
3023 741 3102 795 sic
3129 737 3231 794 iiiis
3254 739 3345 809 qui
3367 739 3420 792 in
3440 739 3686 794 carnibus

2099 833 2199 904 ipsi
2229 831 2482 890 obediunt
2515 843 2569 889 et
2607 841 2936 889 senectutem
2959 833 3168 890 beatam
3190 841 3245 888 et
3275 833 3456 888 omnia
3479 843 3601 887 cum
3627 846 3688 888 ea

2100 941 2159 982 se
2180 927 2429 981 daturum
2460 926 2596 982 bona
2627 927 2924 997 pollicetur.

2171 1017 2226 1073 5.
2251 1019 2317 1072 Et
2342 1033 2471 1074 vero
2501 1019 2720 1074 Paulum
2757 1027 3038 1088 pessumus
3065 1017 3167 1072 hoc
3191 1016 3457 1071 dicentem
3482 1014 3686 1081 audire,

2101 1124 2244 1180 saepe
2284 1110 2595 1165 immaturas
2632 1119 2832 1166 mortes
2877 1123 2906 1163 a
2956 1109 3298 1163 multitudine
3348 1114 3689 1177 peccatorum

2101 1199 2292 1256 allatas
2321 1216 2458 1256 esse.
2488 1201 2614 1256 Ideo
2637 1203 2804 1266 enim,
2835 1201 3021 1270 inquit,
3053 1201 3184 1255 inter
3203 1215 3287 1254 vos
3311 1199 3458 1252 multi
3479 1199 3688 1268 inﬁrmi,

2102 1303 2148 1349 et
2171 1294 2442 1349 imbecilles
2461 1336 2476 1361 ,
2509 1305 2556 1350 ct
2587 1295 2843 1349 dormiunt
2874 1293 3020 1348 mulli
3049 1293 3098 1366 (l
3129 1289 3246 1347 Cor.
3274 1293 3365 1348 Η.
3396 1293 3520 1363 50).
3553 1292 3690 1346 Pau-

2103 1403 2259 1459 pcres
2286 1398 2485 1454 autem,
2513 1390 2556 1444 si
2579 1389 2900 1455 nutriantur,
2929 1385 3059 1441 nihil
3090 1387 3306 1442 evenire
3343 1386 3450 1440 tale
3477 1385 3692 1455 permit-

2103 1487 2237 1543 tere,
2267 1479 2359 1533 sed
2387 1479 2630 1548 quamvis
2655 1479 2984 1549 in0pinatum
3003 1477 3128 1546 quid
3157 1475 3375 1541 incidat,
3393 1474 3694 1529 remedium

2105 1571 2227 1626 illos
2255 1570 2512 1626 adhibere
2539 1571 3036 1640 priesentissimum,
3059 1585 3125 1623 ex
3151 1583 3212 1624 ea
3238 1568 3411 1638 puella
3430 1579 3693 1636 cognosce

2105 1677 2225 1732 qua:
2256 1663 2306 1716 in
2331 1661 2500 1731 Joppe
2531 1662 2858 1717 morabatur.
2897 1660 3027 1714 Nam
3059 1667 3114 1714 et
3143 1659 3283 1713 hanc
3307 1666 3574 1712 mortuam
3609 1655 3692 1724 ja-

2105 1767 2315 1808 centem
2359 1755 2770 1809 circumstantes
2825 1766 3085 1822 pauperes
3127 1752 3216 1821 qui
3259 1750 3328 1804 ab
3373 1764 3437 1804 ea
3487 1747 3692 1803 nutrie-

2107 1844 2320 1909 bantur,
2338 1851 2391 1898 et
2409 1845 2681 1915 plorantes
2699 1845 3017 1909 excitarunt,
3033 1853 3088 1897 et
3111 1842 3178 1897 ad
3199 1843 3360 1896 vitam
3377 1846 3696 1900 revocarunt

2109 1935 2242 2008 (Act.
2258 1935 2306 1990 9.
2329 1935 2396 1991 56
2411 1937 2630 2006 et_sqq.).
2653 1933 2826 1990 Tanto
2843 1934 3116 1989 viduarum
3135 1941 3190 1989 et
3213 1941 3504 2003 pauperum
3522 1930 3695 1985 oratio

2106 2028 2218 2082 risu
2262 2038 2316 2081 ct
2351 2027 2548 2082 chorea
2597 2028 2744 2083 omni
2781 2038 2863 2084 est
2885 2027 3091 2082 utilior.
3139 2027 3235 2080 Hic
3280 2040 3385 2078 uno
3425 2023 3512 2078 die
3541 2023 3696 2077 durat

2106 2119 2408 2186 delectatio,
2441 2120 2549 2174 illic
2574 2121 2824 2190 perennis
2851 2129 2936 2176 est
2959 2128 3211 2191 qumstus.
3235 2118 3416 2188 Cogita
3440 2125 3696 2187 quantum

2111 2211 2237 2266 illud
2268 2213 2338 2266 sit
2365 2219 2443 2268 tot
2470 2213 2932 2270 benedictionibus
2961 2222 3208 2267 onustam
3231 2223 3484 2281 sponsam
3515 2211 3697 2280 εροηεί

2107 2304 2326 2359 domum
2381 2305 2624 2360 introire.
2676 2305 2882 2375 Quibus
2933 2305 3146 2360 coronis
3185 2303 3545 2374 splendidiora
3592 2318 3698 2357 non

2107 2407 2230 2451 sunt
2257 2397 2354 2451 ista
2375 2396 2398 2449 ?
2419 2397 2609 2467 quibus
2632 2414 2737 2451 non
2754 2397 2956 2452 divitiis
2985 2397 3235 2452 utiliora?
3259 2411 3380 2450 cum
3404 2402 3590 2448 contra
3615 2393 3699 2448 hic

2110 2501 2228 2542 mos
2258 2488 2552 2543 hodiernus
2577 2499 2835 2543 extrema:
2858 2489 2928 2542 sit
2946 2487 3250 2543 dementize.
3274 2486 3526 2554 Quamvis
3554 2487 3698 2539 enim

2110 2595 2209 2636 nec
2238 2597 2394 2651 ptena
2417 2624 2431 2647 ,
2464 2597 2564 2636 nec
2590 2582 2942 2652 supplicium,
2983 2582 3047 2636 iis
3072 2581 3162 2653 qul
3186 2591 3292 2634 tam
3327 2579 3611 2633 inhoneste
3642 2591 3699 2632 se

2108 2682 2330 2742 gerunt,
2365 2673 2688 2738 immineret,
2736 2674 2910 2744 cogita
2951 2679 3205 2743 quantum
3246 2670 3564 2742 supplicium
3596 2670 3698 2736 sit,

2112 2765 2270 2818 tantis
2293 2764 2590 2820 maledictis
2619 2764 2885 2834 proscindi
2907 2806 2921 2830 ,
2947 2764 3142 2834 populo
3167 2772 3464 2833 spectante,
3494 2762 3701 2816 cunctis

2110 2857 2466 2923 audientibus,
2492 2860 2559 2914 ab
2586 2859 2890 2913 hominibus
2911 2860 3072 2913 ebriis
3092 2863 3146 2912 et
3169 2866 3346 2912 mente
3373 2856 3698 2926 depravatis.

2109 2950 2243 3006 Nam
2276 2967 2534 3022 pauperes
2560 2951 2772 3022 quidem
2801 2994 2813 3014 ,
2855 2951 2944 3006 ubi
2971 2950 3100 3021 quid
3126 2951 3448 3019 acceperint,
3480 2947 3703 3004 benedi-

2110 3051 2256 3110 cunt,
2293 3044 2494 3098 infinita
2526 3044 2663 3098 bona
2696 3053 2982 3115 precantur
3016 3061 3028 3096 :
3059 3043 3136 3098 illi
3163 3058 3291 3098 vero
3319 3047 3438 3112 post
3473 3042 3704 3096 ebrieta-

2113 3144 2242 3203 tem,
2272 3146 2390 3208 post
2419 3137 2764 3192 voracitatem
2783 3178 2799 3203 ,
2826 3151 3014 3192 onmes
3042 3135 3390 3190 dicteriortun
3417 3133 3611 3189 sordes
3650 3133 3701 3188 in

2112 3245 2302 3286 eorum
2347 3232 2520 3301 capita
2562 3227 2876 3293 effundunt,
2909 3228 2998 3298 qui
3042 3226 3440 3282 matrimonium
3486 3235 3703 3280 contra-

2114 3319 2266 3386 huut,
2297 3329 2354 3377 et
2382 3321 2701 3377 diabolicum
2732 3329 3004 3376 certamen
3046 3320 3185 3374 inter
3221 3333 3282 3373 se
3309 3315 3581 3412 quoddam
3626 3317 3703 3371 in-

2121 3413 2351 3472 stituunt
2381 3431 2393 3468 :
2422 3421 2478 3468 et
2505 3412 2657 3482 quasi
2686 3419 2866 3468 essent
2904 3409 3100 3465 inimici
3130 3409 3219 3480 qui
3249 3408 3598 3471 conveniunt,
3629 3409 3704 3462 sic

2115 3506 2324 3562 illorum
2357 3507 2636 3576 propinqui
2658 3513 2864 3559 certant
2884 3505 3021 3558 inter
3048 3513 3109 3559 se
3150 3511 3269 3556 uter
3307 3501 3462 3572 plura
3488 3500 3560 3556 de
3600 3499 3704 3554 illis

2111 3598 2201 3668 qui
2229 3597 2479 3667 conjugio
2509 3597 2846 3666 c0pulantur,
2876 3594 3034 3650 fanda
3064 3604 3118 3650 et
3148 3593 3376 3648 nefanda
3402 3593 3599 3662 probra
3629 3591 3706 3647 ef-

2113 3691 2302 3757 futiet;
2331 3700 2384 3745 et
2417 3689 2758 3746 adversarios
2798 3689 3110 3742 imitantur:
3141 3694 3298 3755 atque
3334 3683 3449 3738 ha-c
3488 3685 3703 3740 illorum

2113 3784 2253 3838 inter
2296 3795 2354 3838 se
2379 3783 2654 3838 contentio
2701 3780 2898 3846 efﬁcit;
2954 3789 3012 3834 ut
3061 3793 3184 3834 cum
3224 3791 3420 3848 sponsa
3475 3789 3705 3846 Sponsus

2111 3890 2323 3930 summo
2353 3876 2555 3945 pudore
2579 3874 2932 3930 suffundatur.

2182 3967 2486 4024 Damonem
2513 3969 2736 4039 impulsu
2760 3969 2887 4035 ﬁunt
2913 3965 3004 4020 illa
3032 3964 3225 4019 omnia.
3271 3961 3455 4015 Mimos
3474 3970 3523 4014 et
3547 3960 3728 4015 ωιιαο.

2114 4069 2245 4115 tores
2269 4069 2404 4113 arcet
2433 4076 2465 4112 a
2494 4060 2702 4129 nuptiis.
2727 4085 2798 4098 —-
2819 4059 2901 4115 An
2933 4059 3092 4128 igitur
3130 4058 3324 4124 aliam,
3351 4071 3536 4126 quzeso
3564 4095 3582 4120 ,
3612 4053 3705 4106 de-

2115 4153 2556 4208 monstrationem
2600 4152 2976 4223 requiremus,
3025 4161 3085 4207 ut
3129 4152 3244 4207 h:ec
3283 4152 3462 4206 omnia
3489 4149 3562 4204 ab
3606 4149 3708 4204 illis

2115 4246 2230 4302 ﬁeri
2273 4246 2484 4317 dicique
2527 4245 2830 4305 daemonum
2861 4245 3094 4316 impulsu
3136 4247 3385 4300 constet?
3422 4243 3555 4311 Quis
3579 4255 3706 4311 ergo

2112 4338 2366 4409 deinceps
2413 4338 2678 4408 ambiget,
2726 4339 2853 4408 quin
2886 4335 3001 4392 haec
3032 4337 3210 4392 omnia
3251 4335 3380 4394 ﬁant
3415 4334 3618 4390 abillis
3645 4346 3706 4386 ac

2113 4432 2379 4499 dicantur,
2421 4431 2752 4487 daemonibus
2789 4431 2994 4488 animas
3033 4443 3218 4485 eorum
3267 4426 3708 4498 impellentibus?

2115 4525 2284 4580 Nemo
2314 4523 2473 4594 plane
2506 4543 2520 4578 :
2551 4525 2815 4595 siquidem
2842 4523 3104 4595 ejusmodi
3133 4533 3259 4578 sunt
3288 4521 3488 4578 diaboli
3524 4536 3704 4576 remu-

2114 4618 2417 4673 ncrationes
2439 4659 2455 4683 ,
2485 4618 2874 4687 cavillationes,
2904 4615 3211 4680 ebrietates,
3245 4626 3298 4671 et
3334 4616 3528 4669 animze
3574 4613 3706 4668 deli-

2114 4711 2272 4764 rium.
2313 4708 2467 4778 Quod
2513 4709 2557 4764 si
2589 4710 2710 4780 quis
2753 4725 2857 4776 eo,
2908 4709 3050 4780 quod
3075 4708 3262 4764 horum
3303 4707 3420 4762 loco
3441 4718 3707 4776 pauperes

2115 4803 2546 4871 introducuutur,
2579 4807 2759 4860 omine
2787 4802 3141 4866 deterreatur,
3169 4810 3227 4857 et
3253 4801 3577 4856 calamitatis
3605 4800 3702 4852 hoc

2116 4895 2368 4951 indicium
2398 4911 2518 4952 esse
2547 4893 2720 4964 dicat,
2749 4897 2794 4951 is
2822 4897 2922 4950 hoc
2951 4896 3111 4950 etiam
3141 4890 3345 4959 discat,
3377 4907 3483 4946 non
3508 4905 3706 4961 paupe.

2117 5001 2203 5043 res
2241 5003 2304 5044 ac
2339 4987 2526 5042 viduas
2546 4987 2614 5041 ali
2637 5029 2653 5055 ,
2701 4986 2796 5042 sed
2829 4986 3021 5045 molles
3063 5000 3126 5040 ac
3151 4984 3458 5040 meretrices
3480 5023 3497 5049 ,
3531 4982 3708 5038 omnis

2118 5079 2377 5136 molestiae
2402 5088 2560 5148 atque
2587 5079 2989 5133 innumerorum
3013 5091 3132 5133 esse
3159 5075 3419 5130 malorum
3447 5072 3704 5126 indicium

2115 5184 2169 5230 et
2197 5185 2520 5244 portentum.
2537 5173 2692 5243 Sazpe
2709 5187 2939 5243 namque
2967 5171 3220 5227 meretrix
3243 5170 3352 5240 jam
3379 5169 3446 5227 ab
3473 5167 3572 5222 illo
3593 5169 3707 5238 ipso

2116 5267 2203 5325 die
2224 5284 2288 5324 ex
2319 5267 2504 5322 amicis
2532 5281 2790 5337 sponsum
2820 5268 3088 5336 captivum
3116 5265 3388 5334 abripiens
3410 5263 3699 5323 discessit,

2115 5377 2354 5417 amorem
2379 5376 2504 5432 erga
2525 5375 2778 5430 sponsam
2805 5358 3079 5423 exstinxit,
3121 5355 3549 5413 benevolentiam
3578 5351 3706 5406 sub-

2118 5453 2239 5508 dole
2266 5453 2504 5520 avertit,
2552 5451 2894 5507 dilectionem
2919 5489 2936 5516 ,
2972 5459 3256 5519 antequam
3300 5441 3702 5505 accenderetur,

2117 5546 2390 5612 dissolvit,
2421 5555 2476 5600 et
2512 5543 2757 5599 adulterii
2798 5558 2980 5599 semen
3021 5539 3224 5610 injecit.
3273 5535 3400 5593 Haec
3443 5536 3701 5607 pertime-

2118 5653 2270 5693 scere
2297 5647 2472 5706 patres
2497 5636 2754 5706 oportuit,
2781 5633 2885 5690 etsi
2909 5632 3043 5688 nihil
3063 5625 3206 5686 aliud
3236 5637 3399 5693 esset,
3423 5637 3486 5681 ac
3509 5624 3707 5678 mimos

2119 5738 2173 5784 et
2220 5731 2500 5785 saltatores
2555 5729 2859 5799 nuptiarum
2911 5728 3153 5797 ingressu
3208 5719 3514 5794 prohibere.
3569 5717 3708 5772 Sunt

2120 5823 2262 5887 enim
2279 5821 2530 5880 instituta:
2549 5823 2766 5894 nuptite,
2794 5835 2899 5877 non
2918 5827 2974 5875 ut
2995 5818 3352 5885 lasciviamus,
3375 5826 3471 5870 nec
3487 5819 3546 5867 ut
3567 5823 3704 5872 scot-
