3964 6342
239 403 345 462 2η

240 527 321 586 εἰς
347 519 478 582 τοῦς
511 514 723 584 γάμους
743 527 757 540 ·
792 509 947 564 αὐλοὶ
967 508 1045 572 δὲ’,
1094 507 1375 578 σύριγγες,
1419 504 1515 586 καὶ
1542 499 1821 570 κύμϐαλα,

242 583 336 661 καὶ
357 603 428 655 τὰ
465 583 656 666 οἰνὼδη
679 604 699 628 ⁸
721 593 914 663 σκιρτή
925 607 1086 662 ματα.
1111 591 1206 643 καὶ
1226 591 1260 660 ἡ
1288 585 1454 665 λοιπή
1482 587 1517 656 ή
1536 584 1632 637 νῦν
1656 583 1827 655 ἀσχη-

245 687 456 762 μοσύνη
486 677 634 744 πᾶσα
653 671 897 762 ἐκποδῶν
927 672 1016 748 ἦν.
1041 677 1102 729 Ut
1123 675 1179 728 δέ
1210 675 1297 762 ἐφ’
1322 669 1598 762 ἡμῶνκαὶ
1620 667 1830 762 ὕμνους

966 397 1037 452 ΙΝ
1076 396 1308 462 ILLUD,
1351 387 1670 449 PROPTER
1701 383 2258 443 FORNICATIONES
2315 383 2621 449 UXOREM,
2661 375 2812 440 ETC.
2849 380 2893 440 1.

3397 373 3514 435 212

1932 501 2421 573 συγκαταγηράσαι
2465 499 2900 572 παρασκευάσει.
2958 497 3176 568 Ὥσπερ,
3224 495 3334 568 γάρ
3391 500 3509 563 τοῖς

1931 589 2335 661 ἁμαρτάνουσιν
2384 589 2598 643 ἀπειλεῖ
2635 587 2873 658 συνεχῶς
2921 589 2949 640 ὁ
2981 585 3134 652 Θεὸς,
3183 587 3376 654 λέγων,
3419 587 3504 641 ὅτι

1933 677 2218 730 Ἔσονται
2247 678 2302 730 al
2325 677 2442 745 υἱοί
2474 676 2641 746 ὑμῶν·
2695 674 2963 744 ὀρφανοί.
2996 674 3093 728 καὶ
3125 676 3189 728 al
3228 674 3507 743 γυναῖκες

243 749 325 834 ac
349 749 456 840 τὴνή
493 764 812 835 Ἀφροδίτην
836 761 1020 832 ᾅδουσι
1063 756 1402 840 Χορεύοντξςν
1439 753 1534 809 καὶ
1582 749 1830 840 μοιχείοξς
1928 762 2098 832 ὑμῶν
2122 763 2330 832 χῆραι·
2374 763 2514 817 οὕτω
2543 765 2637 817 καὶ
2674 767 2786 827 τοῖς
2813 765 2871 816 ἐν
2907 763 3107 817 ἅπασιν
3145 761 3292 832 αὐτῷ
3319 762 3505 816 πειθο-
3538 811 3547 820 ,

242 831 473 917 πολλάς,
499 831 818 916 καῖ’γᾴμων
847 831 1170 912 διαφθοράς,
1203 841 1298 894 ml
1324 838 1534 909 ἔρωτας
1590 831 1832 917 παρανό-

1934 852 2116 922 μένοις
2168 852 2264 905 καὶ
2295 854 2472 925 γῆρας
2507 852 2745 923 λιπαρὸν.
2785 852 2882 906 καὶ
2920 852 3099 906 πάντα
3126 852 3265 922 μετὰ
3296 849 3502 904 τούτων

246 915 406 1008 μὸυς,
444 934 540 987 καὶ
571 915 744 1005 μίξείς
764 927 1061 1014 ἀθέσμοιξςν
1085 925 1181 978 καὶ
1211 921 1381 1014 πολλᾲ
1398 921 1560 1014 ἔτερα
1577 915 1833 1014 “fit”
1930 915 2128 998 δώσειν
2155 915 2498 1014 ὑπισχνεῖται
2527 941 2595 1006 τὰ
2621 915 2818 1011 ἀγαθά.

243 1000 340 1078 καὶ
396 1000 662 1087 αἰσχύνη-ς
711 1013 952 1083 γέμοντα
986 1010 1207 1082 ᾄσματα
1239 1008 1361 1060 κατ’
1397 1003 1615 1087 ἐκείνην
1645 1000 1833 1073 ᾅδουσι

240 1105 343 1174 τὴν
375 1086 612 1173 ἡμέραν,
643 1097 738 1152 καὶ
773 1094 911 1166 μετά
944 1093 1113 1166 μέθην
1151 1092 1248 1146 καὶ
1285 1088 1555 1174 τοσαύτην
1589 1086 1834 1174 ἀσχημο-

244 1167 430 1256 σύνην-
465 1167 531 1238 δί’
579 1179 820 1252 αἰσχρῶν
879 1177 1142 1250 ῥημάτων
1191 1173 1429 1247 δημοσίᾳ
1467 1171 1564 1242 τὴν
1613 1167 1833 1256 νύμφην

243 1269 614 1341 πομπεύουσι.
659 1255 783 1326 Πῶς
813 1257 905 1315 οῦν
948 1260 1117 1330 αὐτὴν
1169 1259 1422 1320 ἀπαιτεῖς
1453 1250 1832 1324 σωφροσύνην,

244 1354 372 1407 εἰπέ
404 1369 516 1423 μοι,
573 1345 652 1412 εἰς
676 1345 947 1416 τοσαύτην
997 1340 1273 1396 ἀναίδειαν
1310 1340 1375 1392 ἐκ
1410 1335 1636 1408 πρώτης
1664 1332 1837 1404 αὐτὴν

243 1416 620 1503 παιδοτριϐῶν
670 1431 770 1500 τῆς
830 1426 1068 1498 ἡμέρας,
1124 1425 1220 1476 καὶ
1273 1416 1714 1493 παρασκευάζων
1748 1416 1834 1467 ἐπ’

245 1499 636 1588 ὂψεσιναύτῆς
666 1514 760 1566 καὶ
783 1509 1028 1580 γίνεσθαι
1049 1508 1144 1560 ml
1167 1505 1423 1588 λέγεσθαι
1447 1501 1638 1588 ταῦτα,
1673 1499 1838 1588 ἀ-μη-

243 1581 304 1654 δέ
343 1581 656 1658 σπουδαίοις
682 1592 1038 1665 ἀνδραπόδοις
1072 1588 1303 1644 ἀκοῦσαι
1341 1586 1537 1656 θέμις;
1570 1581 1839 1636 Τοσοῦτον

248 1685 448 1756 χῴνον
472 1683 729 1734 ἐπόνεσεν
750 1680 779 1731 ὁ
809 1675 992 1745 πατὴρ
1012 1673 1150 1744 μετά
1178 1673 1278 1743 τῆς
1320 1667 1537 1756 μητρὸς⁸
1555 1665 1838 1756 φυλάττων

391 1764 682 1836 παρθένον,
711 1760 855 1813 ὥστε
886 1760 1026 1829 μήτε
1057 1757 1254 1838 εἰπεῖν,
1285 1757 1422 1824 μήτε
1450 1751 1642 1838 ἐτέρου
1672 1746 1839 1802 ἀκοῦ-

251 1833 346 1904 σαι
362 1833 614 1917 λέγοντός
629 1863 682 1897 τι
698 1843 805 1897 τῶν
826 1840 1084 1903 τοιούτων
1108 1836 1390 1910 ῥημάτων,
1416 1834 1510 1890 ml
1540 1833 1836 1917 θαλάμους,

250 1915 837 2002 καὶγυναικωνίτιδας,
876 1926 969 1980 καὶ
1006 1920 1154 2002 [196]
1189 1920 1458 1991 φύλακας,
1520 1917 1615 1971 ml
1646 1915 1835 1987 θύρας.

250 2019 351 2073 καὶ
381 1998 661 2087 μοχλοὺς,
709 2011 805 2064 καὶ
829 2009 931 2072 τὰς
993 1998 1052 2060 ἐν
1088 2005 1298 2077 ἑσπέρᾳ
1337 2002 1621 2074 προόδους,
1659 2001 1753 2053 καὶ
1778 1998 1841 2051 τὸ

253 2081 450 2172 μηδενὶ
478 2081 774 2167 ’φαίνεσθαι
820 2091 955 2164 μηδέ
988 2091 1096 2144 τῶν
1134 2088 1480 2158 ἐπιτηδείων,
1541 2083 1636 2138 ml
1670 2081 1842 2136 πολλά

248 2187 338 2240 ’ἐτε
350 2203 418 2256 ρα
442 2182 664 2236 πλείονα
681 2177 883 2232 τούτων
901 2172 1447 2249 πραγματευόμενος,
1463 2169 1559 2222 καί
1580 2168 1644 2221 σὺ
1662 2168 1841 2221 πάντα

249 2250 443 2323 ἐκεῖνα
501 2269 558 2318 ἐν
623 2264 720 2334 μιᾷ
763 2259 933 2313 ἐλθὼν
982 2257 1200 2326 ἐξέχεας
1246 2253 1447 2329 ἡμέρᾳ,
1489 2250 1842 2322 ἀναίσχυντον

250 2349 428 2422 αὐτὴν
451 2345 888 2419 παρασκευάζων
916 2340 1173 2411 γενέσθαι
1206 2337 1295 2397 διὰ
1325 2337 1428 2406 τῆς
1470 2335 1844 2422 ἀτίμου-πομ-

251 2435 366 2503 πῆς
385 2417 635 2502 ἐκείνης,
660 2428 755 2482 καὶ
791 2423 1163 2495 διεφθαρμένα
1190 2422 1413 2492 ῥήματα
1439 2419 1518 2503 είς
1542 2417 1640 2503 τὴν
1664 2417 1843 2503 ψυχὴν

250 2496 495 2584 εἰσάγων
516 2496 614 2584 τῆς
642 2511 896 2580 νύμφης;
933 2507 1048 2560 Οὐκ
1099 2503 1352 2558 ἐντεῦθεν
1396 2502 1466 2558 τά
1501 2500 1638 2572 μετά
1671 2496 1845 2553 ταῦτα

250 2583 441 2662 xxxi;
472 2583 580 2651 οὐκ
625 2593 878 2648 ἐντεῦθεν
913 2591 1152 2662 μοιχεῖαι
1200 2587 1296 2644 καὶ
1341 2583 1705 2655 (nlo-curiam;
1745 2583 1845 2636 οὑκ

249 2682 510 2747 ἐντεῦθεν
543 2677 793 2734 ἀπαιδίαι
841 2677 935 2728 καὶ
963 2676 1184 2745 χηρεῖαι
1231 2671 1326 2724 ml
1355 2670 1612 2742 όρφανίαι
1635 2665 1841 2738 alcyon;

252 2768 431 2819 Ὅταν
462 2762 572 2834 γὰρ
605 2762 731 2822 τοὺς
762 2759 1024 2829 δαίμονας
1075 2754 1244 2825 καλῇς
1279 2753 1366 2806 διά
1394 2752 1503 2805 τῶν
1537 2750 1798 2822 ᾀσμάτων
1826 2789 1841 2813 ,

249 2853 386 2904 ὅταν
405 2848 504 2917 τὴν
524 2832 748 2899 ἐκείνων
777 2841 1073 2913 ἐπιθυμίαν
1098 2839 1322 2909 πληροῖς
1343 2836 1430 2890 διά
1467 2835 1574 2889 τῶν
1603 2832 1842 2906 αἰσχρῶν

256 2916 545 3005 ῥημάτων,
578 2930 705 2982 ὅταν
741 2926 942 2996 μίμους
975 2923 1073 2977 καὶ
1103 2922 1380 2992 μαλακοὺς
1411 2922 1492 2982 είς
1535 2918 1632 2989 τὴν
1664 2916 1843 2972 οἰκίαν

251 2999 488 3086 εἰσάγῃς
521 3013 616 3066 καὶ
646 3008 709 3064 τὸ
742 3009 964 3078 θέατρον
999 3005 1166 3068 ἀπαν,
1206 3005 1332 3057 ὅταν
1385 3001 1599 3071 πορνῶν
1630 2999 1844 3070 ἐμπλή-

251 3115 363 3172 σῃς
394 3097 493 3167 τὴν
528 3095 669 3148 οἰκία
683 3111 725 3148 ν.
749 3093 846 3146 καὶ
873 3090 981 3143 τῶν
1015 3089 1287 3159 δαιμόνων
1322 3085 1619 3172 ὁλόκληρον
1659 3100 1842 3153 παρα-

253 3166 536 3251 σκευάσῃς
555 3175 951 3246 ἐκεῖῖκωμᾶσαι
983 3172 1075 3226 τὸν
1104 3171 1286 3242 χορὸν,
1319 3167 1372 3223 τί
1403 3168 1708 3240 προσδοκᾷς
1735 3166 1844 3220 λοι-

252 3265 364 3318 πδν
393 3263 565 3330 ὑγιὲς,
589 3259 710 3312 εἰπέ
745 3275 871 3329 μοις
905 3255 1062 3318 Τίνος
1092 3254 1150 3307 δὲ
1178 3254 1365 3308 ’ἐνεκεν
1398 3252 1494 3305 καὶ
1526 3251 1707 3322 ἱερέας
1727 3253 1841 3302 εἰσ-

253 3348 438 3415 άγεις,
489 3343 699 3415 μέλλων
735 3344 801 3412 τῇ
837 3337 1102 3410 ὑστεραίᾳ
1149 3335 1376 3390 τοιαῦτα
1409 3335 1620 3398 τελεῖν;
1655 3332 1843 3386 Βούλει

253 3428 578 3500 φιλοτιμίαν
627 3421 1002 3491 ἐπιδείξασθαι
1048 3419 1240 3491 κέρδος
1294 3418 1559 3490 ἐχουσανς
1599 3415 1845 3471 Κάλεσον

250 3499 458 3587 χοροὺς
473 3509 745 3578 πενήτων.
778 3505 919 3559 Ἀλλ’
935 3502 1170 3577 αἰσχύνῃ
1186 3503 1422 3564 πάντως,
1444 3503 1540 3554 καὶ
1562 3499 1690 3570 ἐρυθ
1698 3501 1842 3570 ριᾷς;

253 3583 378 3652 Καὶ
399 3594 449 3647 τί
478 3593 685 3662 ταύτης
714 3591 814 3661 τῆς
839 3589 1064 3657 ἀλογίας
1093 3590 1294 3658 χεῖρον,
1316 3587 1446 3639 ὅταν
1479 3584 1569 3640 τόν
1606 3584 1701 3654 μὲν
1728 3583 1844 3636 διά-

255 3681 421 3733 ϐολον
461 3677 634 3731 ’έλκων
659 3677 739 3739 είς
762 3674 863 3746 τὴν
915 3671 1114 3737 οίκίαν,
1159 3670 1325 3742 μηδὲν
1349 3667 1578 3739 νομίζῃς
1617 3664 1843 3736 αἰσχρὸν

253 3765 461 3828 ποιεῖν,
489 3760 582 3813 τὸν
610 3759 668 3812 δὲ
717 3757 954 3829 Χριστὸν
988 3755 1198 3826 μέλλων
1231 3752 1498 3820 εἰσάγειν,
1553 3750 1839 3822 ἐρυθριᾷς;

256 3850 479 3916 Ὠσπερ
513 3842 624 3915 γάρ
673 3842 920 3911 πενήτων
951 3839 1228 3892 εἰσιόντων
1260 3839 1289 3890 ό
1340 3835 1576 3907 Χριστὸς
1604 3834 1844 3905 παραγί-

253 3948 438 3992 νεται,
488 3926 631 3980 οὕτω
668 3923 923 3996 μαλακῶν
953 3923 1047 3976 καὶ
1076 3922 1257 3992 μίμων
1306 3920 1423 3972 ἐκεῖ
1455 3917 1788 3988 χορευόντων
1816 3918 1844 3969 ό

254 4012 508 4074 διάϐολος
530 4013 587 4064 ἐν
613 4008 689 4078 τῷ
720 4008 870 4079 μέσῳ
907 4005 1180 4075 κωμάζει.
1214 3999 1326 4056 Καὶ
1355 4000 1463 4054 ἀπὸ
1491 4002 1588 4072 μὲν
1612 4000 1710 4071 τῆς
1747 3999 1841 4057 δα-

255 4098 443 4166 πάνης
469 4093 680 4162 ἐκείνης
700 4089 892 4160 κέρδος
919 4089 1092 4152 οὐδὲν,
1125 4085 1261 4140 ἀλλά
1309 4085 1405 4138 καὶ
1435 4084 1603 4154 πολλὴ
1643 4082 1841 4152 γένοιτ’

254 4181 332 4241 ἂν
432 4171 600 4246 βλάϐη
623 4191 636 4205 ·
668 4173 776 4227 ἀπὸ
802 4172 857 4224 δέ
887 4169 1091 4224 τούτων
1121 4170 1229 4224 τῶν
1275 4167 1645 4238 ἀναλωμάτων
1676 4165 1842 4218 πολύν

253 4281 389 4318 τινα
414 4261 556 4330 λήψῃ
584 4259 674 4311 τὸν
700 4256 889 4328 μισθὸν
933 4255 1162 4326 ταχέως.
1211 4251 1371 4305 Ἀλλά
1397 4252 1573 4313 οὐδεὶς
1619 4251 1711 4302 ἐπὶ
1743 4250 1842 4320 τῆς

259 4347 476 4407 πόλεως
513 4341 670 4395 τοῦτο
713 4339 1044 4411 εἰργάσατο;
1089 4335 1250 4389 Ἀλλά
1279 4337 1341 4388 σὺ
1372 4331 1638 4406 κατάρξαι
1671 4332 1842 4386 σπού-

254 4431 428 4484 δασον
461 4426 556 4483 καὶ
582 4424 824 4495 ἀρχηγὸς
855 4420 1111 4493 γενέσθαι
1148 4419 1247 4490 τῆς
1277 4418 1450 4488 καλῆς
1481 4417 1687 4483 ταύτης
1720 4430 1844 4468 συν-

255 4511 473 4584 ηθείας,
510 4509 598 4561 ἵνα
648 4510 744 4561 καὶ
779 4507 828 4559 οἱ
879 4505 1018 4575 μετά
1067 4502 1242 4555 ταῦτα
1273 4503 1354 4564 εἰς
1407 4501 1467 4553 σὲ
1501 4499 1839 4569 ἀναφέρωσι.

259 4583 385 4654 Κάν
419 4593 639 4667 ζηλώσῃ
665 4609 766 4655 τις,
801 4589 904 4646 κᾶν
935 4588 1245 4659 μιμήσηται
1270 4585 1429 4638 τοῦτο
1452 4585 1512 4637 τὸ
1541 4583 1680 4646 ἔθος,
1707 4583 1842 4652 πρὸς

253 4683 390 4743 τοὺς
422 4666 774 4745 ἐξετάζοντας
819 4674 1002 4738 ἕξουσι
1051 4672 1231 4739 λέγειν
1264 4672 1312 4724 οἱ
1341 4669 1554 4737 ἔγγονοι
1579 4668 1672 4720 καί
1697 4668 1745 4718 οἱ
1784 4666 1844 4730 ἐξ

255 4765 526 4836 ἐγγόνων,
557 4764 638 4817 ὅτι
669 4759 726 4813 ’0
745 4759 889 4813 δεῖνα
915 4761 1006 4812 τὶν
1037 4753 1201 4808 καλὸν
1223 4751 1413 4805 τοῦτον
1437 4751 1600 4820 νόμον
1625 4749 1842 4820 πρῶτος

256 4833 578 4919 είσήγαγεν.
612 4844 675 4894 Εἰ
729 4841 837 4911 γὰρ
883 4839 977 4891 ἐπὶ
1007 4837 1114 4890 τῶν
1144 4836 1344 4902 ἔξωθεν
1373 4834 1619 4901 ἀγώνων,
1647 4834 1703 4884 ἐν
1730 4833 1844 4894 τοῖς

259 4917 612 5002 συμποσίοις,
644 4927 694 4978 οἱ
725 4924 861 4994 πρὸς
887 4921 949 4975 τὸ
991 4920 1401 5002 φιλοτιμότερον
1426 4917 1524 4979 τάς
1549 4917 1843 4985 ἀνονήτους

257 5015 467 5076 ταύτας
491 5008 831 5078 λειτουργίας
849 5004 1152 5073 ἐξάγοντες,
1181 5001 1331 5072 παρά
1363 4999 1572 5052 πολλῶν
1605 4997 1837 5069 ᾄδονταιο

260 5093 451 5171 πολλῷ
487 5092 685 5164 μᾶλλον
718 5091 812 5142 ἐπὶ
836 5089 931 5160 τῆς
960 5085 1303 5156 λειτουργίας
1334 5083 1433 5152 τῆς
1466 5079 1843 5152 πνευματικῆς

260 5161 508 5241 ἅπαντες
553 5173 948 5233 ἐπαινέσονται,
996 5170 1088 5224 ml
1134 5168 1293 5239 χάριν
1335 5165 1728 5236 ὁμολογήσουσι
1764 5161 1843 5232 τῷ

261 5264 474 5334 πρώτῳ
523 5257 620 5332 τὴν
661 5254 980 5327 θαυμαστὴν
1027 5252 1232 5323 ταύτην
1261 5251 1436 5322 ἀρχὴν
1469 5248 1840 5334 εἰσαγαγόντι,

258 5330 366 5405 καὶ
391 5330 546 5401 ἔσται
566 5330 626 5398 τὸ
654 5343 785 5396 αὐτὸ
807 5342 900 5394 καὶ
933 5337 1212 5408 φιλοτιμία
1251 5335 1344 5388 καὶ
1372 5333 1578 5404 κέρδος.
1597 5332 1709 5386 Καὶ
1733 5330 1843 5401 γάρ

260 5434 359 5500 ὑφ’
383 5432 586 5502 ἐτέρων
610 5426 766 5480 τοῦτο
794 5421 1248 5492 κατορθούμενον,
1276 5420 1378 5482 σοὶ,
1403 5416 1482 5487 τῷ
1510 5415 1712 5486 πρώτῳ
1743 5432 1844 5484 φυ-

260 5501 606 5585 1ιευσοιμένῳ,
635 5510 742 5564 τῶν
773 5507 1001 5579 καρπῶν
1026 5506 1251 5565 ἐκείνων
1279 5503 1415 5557 οἴσει
1443 5503 1542 5572 τὴν
1564 5501 1801 5572 ἀμοιϐήν
1824 5516 1839 5531 ο

260 5601 424 5655 τοῦτό
444 5584 508 5652 σε
533 5597 628 5651 καὶ
661 5593 872 5664 πατέρα
904 5591 1119 5660 ποιήσει
1148 5588 1380 5658 ταχέως,
1409 5586 1568 5639 τοῦτο
1607 5584 1701 5639 καί⁵
1733 5584 1842 5638 τῶν

257 5679 600 5751 τικτομένων
629 5675 1011 5746 προστήσεται,
1064 5671 1160 5724 κα)⁸
1187 5669 1278 5723 τὸν
1307 5667 1538 5738 νυμφίον
1558 5669 1625 5737 τῇ
1656 5664 1841 5736 νύμφῃ

328 5804 462 5855 ³8ἰο
501 5805 679 5852 Veneti
726 5809 778 5850 et
815 5801 988 5850 Morel.
1037 5799 1201 5851 Montf.
1229 5796 1401 5849 vitiose
1446 5793 1645 5855 οἰμώδη-
1688 5789 1836 5842 Savil.

261 5878 320 5924 et
343 5869 450 5922 cod.
472 5865 565 5927 ’148
586 5865 756 5924 ὀνώδη.
777 5863 907 5916 Enn.

2004 1043 2220 1112 γ’.’Καὶ
2243 1043 2456 1097 Παύλου
2486 1043 2543 1096 δέ
2582 1043 2728 1098 ἐστιν
2767 1040 2999 1096 ἀκοῦσαι
3027 1039 3186 1094 τοῦτο
3226 1039 3502 1108 λέγοντος,

1934 1131 2016 1186 ὅτι
2049 1133 2315 1195 θανάτους
2339 1131 2552 1204 ἀώρους
2577 1129 2836 1194 πολλάκις
2853 1129 3264 1202 ἁμαρτημάτων
3286 1127 3507 1198 ἐποίησε

1934 1222 2158 1293 πλῆθος.
2188 1222 2292 1276 Διὰ
2319 1223 2496 1276 τοῦτο
2511 1221 2638 1292 γάρ,
2660 1220 2845 1289 φησιν,
2861 1219 2930 1271 ἐνν
2941 1218 3084 1287 ὑμῖν
3103 1215 3320 1276 πολλοὶ
3340 1215 3510 1268 ἀσθε-

1933 1311 2058 1378 νεῖς
2097 1311 2197 1365 καί
2228 1310 2543 1380 ᾶρῤωστοι,
2564 1311 2665 1364 καὶ
2697 1307 3015 1378 κοιμῶνται
3044 1306 3257 1359 ἱκανοί.
3290 1306 3427 1380 Ὅτι
3450 1303 3510 1356 δέ

1935 1399 2166 1472 πένητες
2182 1399 2512 1470 τρεφόμενοι.
2527 1399 2677 1453 οὐδὲν
2701 1396 2940 1458 τοιοῦτον
2961 1395 3151 1463 ἀφιᾶσι
3187 1377 3508 1462 συμπεσεῖν,

1935 1487 2092 1557 ἀλλά,
2120 1490 2222 1546 κᾶν
2237 1490 2459 1562 γένηταί
2479 1507 2532 1543 τι
2555 1489 2663 1542 τῶν
2687 1487 2985 1557 ἀδοκήτων,
3003 1484 3263 1554 ταχίστην
3281 1481 3512 1549 ἐπάγου-

1938 1597 2029 1634 σιν.
2043 1579 2190 1652 [197]
2212 1577 2378 1634 αὑτοῦ
2394 1579 2492 1649 τὴν
2507 1574 2812 1649 διόρθωσιν,
2834 1574 2942 1628 ἀπὸ
2961 1573 3060 1643 τῆς
3079 1572 3246 1642 κόρης
3274 1569 3519 1640 μάνθανε

1934 1668 2035 1738 τῆς
2058 1671 2115 1722 ἐν
2144 1667 2354 1738 Ἰόππῃ.
2382 1667 2492 1720 Καὶ
2519 1665 2629 1737 γὰρ
2650 1663 2854 1733 ταύτην
2874 1661 3005 1714 ποτὲ
3032 1659 3232 1730 νεκράν
3257 1656 3525 1726 κειμένην.

1938 1755 2296 1829 περιστάντες
2331 1755 2384 1808 οι
2413 1753 2736 1825 τρεφόμενοι
2759 1750 2988 1819 πένητες
3016 1747 3112 1800 καὶ
3142 1744 3511 1816 δακρύσαντες

1937 1843 2270 1914 ἀνέστησαν,
2325 1841 2420 1895 ml
2453 1841 2588 1911 πρὸς
2637 1839 2781 1907 ζωὴν
2820 1838 3188 1907 ἐπανήγαγον.
3243 1831 3524 1886 Τοσοῦτον.

1938 1932 2073 2002 εὐχὴ
2099 1929 2282 2003 χηρῶν
2312 1931 2405 1982 ml
2428 1929 2673 2000 πενήτων
2689 1927 2922 1995 γέλωτος
2946 1923 3144 1985 παντὸς
3177 1923 3273 1981 καὶ
3296 1920 3523 1991 χορείας.

1940 2019 2058 2072 ἐστὶ
2104 2017 2517 2090 χρησιμωτέρα.
2562 2013 2829 2069 Ἐνταῦθα
2882 2013 3020 2085 πρὸς
3063 2009 3188 2082 μίαν
3237 2009 3450 2079 ἡμέραν
3480 2008 3521 2077 ἡ

1937 2105 2154 2178 τέρψις,
2188 2108 2305 2158 ἐκεῖ
2334 2104 2580 2175 διηνεκὲς
2629 2104 2692 2156 τὸ
2737 2102 2954 2172 κέρδος.
2997 2099 3276 2168 Ἐννόησον
3330 2094 3516 2166 ἡλίκον

1941 2196 2059 2248 ἐστί
2103 2192 2370 2256 τοσαύτας
2404 2192 2498 2246 ἐπὶ
2533 2191 2636 2261 τῆς
2684 2188 2924 2259 κεφαλῆς
2957 2185 3207 2254 εὐλογίας
3241 2182 3529 2237 λαϐοῦσαν.

1941 2283 2040 2355 τὴν
2071 2282 2315 2354 νύμφην,
2353 2282 2432 2344 είς
2461 2282 2559 2352 τὴν
2603 2280 2782 2334 οἰκίαν
2828 2277 3058 2330 εἰσιέναι
3110 2273 3204 2328 τοῦ
3256 2274 3513 2344 νυμφίου.

1942 2372 2129 2424 Πόσων
2165 2369 2442 2439 στεφάνων
2465 2367 2639 2420 ταῦτα
2687 2365 3018 2436 σεμνότερα;
3049 2365 3216 2417 πόσου
3244 2360 3532 2432 χρησιμώε

1941 2476 2074 2530 τερα
2107 2456 2375 2518 πλούτους
2407 2457 2483 2519 ὡς
2515 2455 2583 2508 τά
2615 2469 2680 2523 γε
2716 2453 2811 2506 νῦν
2843 2453 3104 2522 γινόμενα
3148 2450 3384 2520 ἐσχάτης
3412 2466 3530 2500 πα·-⁴

1946 2544 2249 2620 ραπληξίας
2294 2543 2388 2596 καὶ
2439 2540 2864 2614 παραφροσύνης
2923 2539 3092 2592 ἐστίν.
3136 2539 3199 2590 Εἰ
3246 2535 3355 2606 γάρ
3384 2534 3520 2606 μηδέ

1942 2635 2184 2696 κόλασις,
2220 2631 2353 2703 μηδέ
2376 2630 2619 2701 τιμωρία
2671 2645 2756 2690 τις
2809 2627 2986 2680 ἔκειτο
3021 2627 3134 2688 τοῖς
3179 2623 3250 2678 τά
3292 2623 3533 2683 τοιαῦτα,

1941 2719 2363 2795 ἀσχημονοῦσιν,
2410 2718 2660 2789 ἐννόησον
2691 2717 2822 2785 ὅσης
2862 2713 2980 2768 ἐστί
3007 2712 3296 2784 τιμωρίας,
3329 2711 3531 2781 ἀνέχεο.

1945 2810 2070 2869 σθαι
2117 2809 2414 2870 τοσαύταις
2469 2804 2833 2875 πλυνομένους
2887 2801 3207 2873 λοιδορίαις,
3261 2798 3526 2870 δημοσίᾳ,

1943 2898 2162 2953 πάντων
2207 2895 2533 2957 ἀκουόντων,
2571 2892 2675 2948 ὑπὸ
2724 2890 3029 2962 ἀνθρώπων
3071 2888 3377 2960 μεθυόντων
3423 2887 3528 2941 καὶ

1941 2985 2353 3058 διεφθαρμένων
2390 2984 2482 3036 τὸν
2509 2981 2653 3036 νοῦν.
2681 2981 2743 3034 Οἱ
2775 2980 2871 3050 μὲν
2897 2977 3006 3050 γὰρ
3045 2979 3274 3048 πένητες
3307 2975 3521 3046 λαμϐά-

1942 3092 2124 3138 νοντες
2158 3071 2466 3148 εύλογοῦσι,
2501 3069 2671 3141 μυρία
2695 3065 3043 3137 συνεύχονται
3064 3064 3130 3118 τά
3161 3063 3517 3133 ἀγαθά-ἐκεῖ-

1941 3183 2022 3220 νοι
2060 3163 2117 3216 δὲ
2148 3162 2289 3233 μετά
2314 3160 2412 3231 τὴν
2461 3156 2653 3229 μέθην,
2690 3154 2828 3228 μετά
2856 3153 2956 3225 τὴν
2984 3151 3312 3224 ἀδηφαγίαν,
3344 3151 3535 3214 πάντα

1944 3251 2204 3324 βόρϐορον
2243 3245 2593 3317 σκωμμάτων
2625 3243 2767 3296 κατά
2799 3241 2899 3311 τῆς
2929 3240 3038 3293 τῶν
3067 3239 3388 3311 γαμούντων
3427 3257 3524 3293 κα-

1942 3341 2196 3412 ταχέουσι
2223 3337 2487 3406 κεφαλῆς,
2519 3333 2751 3405 άμιλλάν
2777 3349 2900 3385 τινα
2924 3330 3236 3402 διαϐολικήν
3270 3331 3407 3402 πρὸς
3435 3330 3526 3384 ἀλ-

1940 3428 2136 3499 λήλους
2191 3426 2428 3496 ἔχοντες*
2480 3425 2576 3478 καὶ
2629 3420 2882 3491 καθάπερ
2949 3417 3156 3490 ἐχθρῶν
3202 3417 3371 3470 ὄντων
3413 3417 3530 3476 τῶν-

1944 3521 2254 3582 συνιόντων,
2277 3512 2451 3574 οὕτως
2473 3511 2522 3563 οἰ
2562 3509 2936 3580 προσήκοντες
2969 3507 3155 3569 αὐτοῖς
3176 3504 3522 3576 φιλοτιμοῦνο
3584 3516 3588 3526 ‘

1940 3623 2031 3660 ται
2061 3603 2203 3676 πρὸς
2231 3601 2515 3672 ἀλλήλους,
2572 3599 2630 3651 ἐν
2653 3596 2731 3667 τῷ
2760 3594 2901 3669 ρητά
2945 3594 3040 3648 ml
3081 3594 3296 3668 ἄρρητα.
3340 3594 3528 3661 λέγειν

1940 3691 2120 3762 ὀνείδη
2153 3691 2281 3762 περὶ
2295 3688 2404 3742 τῶν
2434 3689 2751 3758 γημάντων,
2793 3683 3033 3756 μιμῆσαι
3083 3684 3209 3744 τοὺς
3238 3683 3522 3735 ἀντιτετα·

1942 3781 2198 3853 γμένουςο
2229 3778 2323 3831 καὶ
2347 3778 2381 3848 ἡ
2400 3775 2536 3848 πρὸς
2566 3773 2831 3845 ἀλλήλους
2847 3771 3053 3824 τούτων
3081 3769 3380 3840 φιλονεικία
3403 3770 3522 3841 μεθ’

1943 3866 2250 3941 ὑπερϐολῆς
2296 3865 2516 3934 ἀπάσης
2567 3862 2660 3915 τὸν
2703 3860 2938 3931 νυμφίον
2988 3857 3126 3930 μετὰ
3174 3857 3273 3928 τῆς
3306 3857 3528 3934 νύμφηςζ

1943 3956 2399 4029 καταισχύνεσθαι
2421 3951 2857 4027 παρασκευάζει.
3185 4003 3204 4026 ο

2010 4056 2138 4136 Ἆρ’
2187 4057 2280 4116 οὖν
2324 4060 2520 4132 ἑτέραν
2558 4057 2872 4129 ζητήσομεν
2915 4051 3210 4120 ἀπόδειξιν,
3252 4053 3376 4108 εἰπέ
3405 4070 3521 4122 μοι,

1941 4155 2050 4211 τῶν
2098 4155 2371 4225 δαιμόνων
2415 4149 2712 4205 κινούντων
2742 4148 2839 4210 τάς
2873 4147 3097 4199 ἐκείνων
3125 4143 3305 4214 ψυχὰς
3351 4143 3526 4204 ταῦτα

1942 4251 2039 4306 ml
2065 4247 2311 4319 γίνεσθαι
2342 4245 2440 4299 καὶ
2471 4240 2729 4310 λέγεσθαι
2759 4239 2888 4311 παρ’
2919 4236 3134 4303 αὐτῶν;
3157 4237 3254 4300 Τίς
3277 4230 3370 4290 οῦν
3412 4235 3524 4305 ἀμ-

1943 4341 2271 4413 φισϐητήσει
2300 4338 2509 4404 λοιπὸν,
2538 4331 2905 4404 δτιδαιμόνων
2935 4331 3228 4386 κινούντων
3256 4329 3353 4392 τάς
3379 4327 3525 4384 ἐκει-

1942 4453 2048 4491 νων
2067 4434 2246 4506 ψυχάς
2265 4433 2359 4487 ml
2389 4431 2614 4500 λέγεται
2636 4426 2809 4481 ταῦτα
2837 4425 3016 4478 πάντα
3041 4423 3135 4476 καὶ
3165 4421 3375 4490 γίνεται
3393 4419 3528 4492 παρ*

1942 4527 2194 4593 ἐκείνων;
2223 4526 2338 4579 Οὐκ
2365 4523 2513 4578 ἔστιν
2536 4520 2734 4583 οὐδείς’
2769 4518 2864 4572 καὶ
2893 4515 3003 4590 γάρ
3020 4511 3266 4567 τοιαῦται
3286 4512 3380 4565 τοῦ
3404 4512 3524 4565 δια-

1942 4623 2099 4677 ϐόλου
2126 4621 2184 4675 αἱ
2215 4618 2532 4680 ἀντιδόσεις,
2562 4613 2841 4685 λοιδορίαι,
2879 4611 2972 4664 καὶ
3004 4609 3186 4680 μέθαι,
3218 4608 3313 4660 καί
3346 4622 3531 4678 παρα-ρ.

1944 4713 2186 4786 φροσύνη
2203 4711 2406 4782 ψυχῆς.
2436 4709 2500 4762 Εἰ
2524 4706 2581 4760 δέ
2601 4723 2684 4770 τις
2707 4704 3007 4767 οἰωνίζοιτο
3042 4702 3102 4754 τὸ
3127 4699 3365 4769 πένητας
3403 4695 3533 4755 ἀντὶ,

1940 4806 2145 4862 τούτων
2174 4801 2510 4870 εἰσάγεσθαι,
2538 4800 2634 4853 καὶ
2651 4814 2715 4850 συ
2724 4797 2936 4868 μφορᾶς
2951 4795 3098 4861 λέγοι
3119 4788 3255 4844 εἶναι
3280 4789 3524 4860 σύμϐολα

1942 4898 2134 4961 ταῦτα,
2171 4895 2390 4967 μαθέτω
2421 4892 2518 4947 καὶ
2545 4891 2725 4954 τοῦτο,
2753 4889 2836 4945 ὅτι
2877 4887 2937 4939 ού
2970 4885 3032 4938 τὸ
3063 4884 3300 4953 πένητας
3328 4880 3534 4953 τρέφε-η

1943 4989 2068 5042 σθαι
2101 4987 2194 5040 ml
2221 4988 2415 5056 χήρας,
2443 4981 2582 5036 ἀλλά
2607 4981 2668 5034 τὸ
2687 4979 2962 5051 μαλακοὺς
3001 4975 3095 5056 ml
3123 4975 3347 5045 πόρνας,
3363 4973 3537 5032 τοῦτο,

1941 5081 2160 5151 ἀπάσης
2203 5055 2397 5149 ἀηδίας
2430 5075 2527 5129 καὶ
2579 5073 2787 5145 μυρίων
2832 5072 2950 5125 ἐστὶ
3008 5055 3280 5139 σύμϐολον
3311 5065 3519 5120 κακῶν.

1942 5173 2212 5235 Πολλάκις
2254 5169 2361 5241 γὰρ
2395 5167 2490 5221 ἀπ’
2523 5165 2694 5236 αὐτῆς
2731 5163 2831 5233 τῆς
2876 5161 3091 5233 ἡμέρας
3114 5161 3179 5213 ἐκ
3213 5159 3322 5212 τῶν
3353 5159 3535 5227 φίλωνε

1940 5266 2032 5320 τὸν
2062 5263 2295 5336 νυμφίον
2329 5257 2675 5330 αἰχμάλωτον
2709 5251 2949 5307 λαϐοῦσα
2979 5248 3223 5320 ἀπῆλθεν
3253 5249 3287 5319 ή
3324 5247 3521 5317 πόρνη,

1942 5359 2038 5414 καὶ
2070 5357 2159 5411 τὸν
2187 5355 2362 5426 ἔρωτα
2385 5352 2474 5404 τὸν
2507 5349 2643 5420 πρὸς
2669 5346 2769 5418 τὴν
2799 5345 3019 5415 νύμφην
3052 5341 3264 5404 ἔσϐεσε,
3298 5338 3391 5392 καὶ
3421 5337 3532 5406 τὴν.

1943 5451 2158 5505 εὔνοιαν
2179 5447 2440 5515 ὑπέσυρε,
2471 5443 2566 5496 ml
2597 5440 2698 5511 τὴν
2723 5437 2965 5507 ἀγάπην,
3021 5434 3149 5504 πρὶν
3197 5427 3520 5500 ἐξαφθῆναι,

1942 5543 2226 5609 κατέλυσε,
2254 5541 2350 5594 καὶ
2383 5535 2626 5608 μοιχείας
2651 5528 2986 5602 ἐγκατέϐαλε
3009 5525 3318 5598 σπέρματα.
3338 5520 3523 5577 Ταῦτα.

1943 5637 2238 5693 δεδοικέναι
2269 5633 2396 5694 τοὺς
2421 5628 2662 5700 πατέρας
2686 5628 2870 5697 ἐχρῆν,
2907 5623 2956 5675 εἰ
2984 5621 3078 5675 καὶ
3114 5617 3280 5690 μηδὲν
3311 5615 3523 5683 ἓτερον,

1945 5732 2038 5784 ml
2072 5727 2301 5784 κωλύειν
2332 5723 2440 5778 τῶν
2479 5721 2661 5794 μίμων
2692 5720 2788 5773 καὶ
2815 5717 2924 5771 τῶν
2948 5711 3296 5788 ὀρχουμένων
3314 5707 3413 5771 τὰς
3440 5708 3530 5777 εἰς

1943 5828 2067 5894 τοὺς
2091 5825 2300 5898 γάμους
2329 5816 2650 5897 παρουσίας.
2690 5814 2870 5886 Γάμος
2885 5810 3016 5883 γὰρ,
3043 5807 3140 5878 οὐχ
3172 5805 3258 5858 ἵνα
3277 5798 3529 5871 ἀσελγῶς
