3964 6342
305 287 414 343 213

306 417 409 474 μεν
456 399 846 469 εἰσενήνεκται,
904 395 1014 448 οὐδ’
1055 395 1143 447 ἵνα
1193 389 1566 465 πορνεύωμεν,
1628 388 1743 444 ἀλλ’
1791 387 1878 440 ἵνα

304 489 695 560 σωφρονῶμεν.
729 490 994 541 ’Λκουσον
1048 485 1180 554 γοῦν
1215 485 1310 539 τοῦ
1363 483 1575 538 Παύλου
1607 481 1874 548 λέγοντος·

302 581 406 636 Διὰ
433 579 501 633 δὲ
533 579 638 644 τὰς
667 579 949 647 πορνείας
967 577 1222 641 ἕκαστος
1250 575 1363 643 τὴν
1381 572 1598 626 ἑαυτοῦ
1627 567 1881 640 γυναῖκα

301 671 504 739 ἐχέτω,
543 670 641 723 καὶ
665 669 892 736 ἑκάστη
917 667 1024 721 τὸν
1040 667 1195 720 ἴδιον
1223 665 1413 733 ἄνδρα
1433 663 1634 733 ἐχέτω.
1653 659 1756 712 Δύο
1771 657 1879 729 γὰρ

302 763 478 816 ταῦτά
512 764 650 826 ἐστι,
683 761 751 814 δι’
777 760 920 831 ειπερ
945 761 1312 830 εἰσενήνεκται
1341 757 1538 826 γάμος,
1573 754 1660 806 ἵνα
1689 768 1749 803 τε
1779 767 1883 802 σω-

304 854 612 926 φρονῶμεν,
672 854 766 906 καὶ
811 854 899 906 ἵνα
952 852 1187 922 πατέρες
1233 846 1532 918 γινώμεθα·
1564 845 1672 898 τῶν
1703 843 1759 897 δὲ
1789 840 1882 895 δύο

303 947 507 1000 τούτων
536 945 921 1019 προηγουμένη
965 946 1003 1014 ή,
1023 944 1124 1014 τῆς
1151 941 1505 1013 σωφροσύνης
1535 938 1654 991 ἐστὶ
1679 935 1884 1007 πρόφα-

308 1057 412 1103 σις.
450 1039 667 1110 Ἐπειδὴ
685 1038 792 1108 γὰρ
825 1035 1075 1105 εἰσῆλθεν
1094 1034 1375 1104 ἐπιθυμία,
1408 1031 1624 1102 εἰσῆλθε
1654 1027 1748 1083 καὶ
1778 1026 1882 1095 γά-

310 1146 408 1198 μοι
441 1129 540 1199 τὴν
590 1127 855 1198 ἀμετρίαν
889 1125 1195 1188 ἐκκόπτων,
1229 1123 1324 1176 καλ⁴
1374 1120 1576 1174 πείθων
1610 1119 1707 1189 μιᾷ
1748 1115 1884 1186 χρῆ-

311 1221 434 1274 σθαι
468 1219 704 1290 γυναικί.
733 1218 842 1281 Τάς
859 1217 965 1287 γὰρ
1000 1214 1346 1276 παιδοποιίας
1373 1214 1471 1283 οὐχ
1493 1210 1712 1280 όγάμος
1743 1207 1887 1260 ποιεῖ

309 1314 546 1376 πάντως,
581 1311 695 1366 ἀλλ’
713 1313 888 1363 ἐκεῖνο
903 1311 964 1362 τὸ
980 1309 1132 1381 ῥῆμα
1161 1308 1253 1360 τοῦ
1272 1306 1408 1360 Θεοῦ
1440 1305 1502 1358 τὸ
1524 1303 1702 1372 λέγον,
1734 1298 1883 1372 [198]

307 1404 673 1468 Αὐξάνεσθε,
706 1404 801 1455 καί
825 1403 1226 1470 πληθύνεσθε,
1262 1399 1362 1454 καί
1394 1395 1749 1466 πληρώσατε
1771 1392 1887 1460 τὴν

310 1496 442 1566 τῆν’
494 1497 585 1549 καὶ
618 1493 991 1566 μαρτυροῦσιν
1038 1494 1152 1546 ὅσοι
1191 1493 1356 1562 γάμῳ
1409 1489 1510 1560 μὲν
1559 1487 1885 1558 ἐχρήσαντο,

310 1589 546 1660 πατέρες
592 1589 649 1641 δὲ
679 1588 781 1640 οὐκ
810 1586 1077 1654 ἐγένοντο.
1112 1587 1278 1638 Ὥστε
1313 1582 1700 1657 προηγουμένη
1746 1577 1884 1648 αῦτη

309 1682 345 1752 ή
379 1680 546 1742 αἰτία,
581 1681 614 1751 ἡ
646 1679 745 1750 τῆς
778 1677 1153 1753 σωφροσύνης,
1187 1677 1282 1730 καὶ
1320 1676 1553 1746 μάλιστα
1588 1673 1704 1736 νῦν,
1737 1672 1824 1724 ὅτε
1852 1671 1886 1740 ἡ

307 1772 600 1842 οἰκουμένη
622 1773 771 1824 πᾶσα
803 1771 896 1824 τοῦ
923 1773 1114 1840 γένους
1129 1769 1285 1840 ἡμῶν
1312 1763 1888 1838 ἐμπέπλησται.Παρὰ

315 1865 414 1935 μὲν
437 1862 544 1936 γὰρ
580 1863 679 1935 τὴν
724 1863 900 1934 ἀρχὴν
932 1862 1176 1915 ποθεινὸν
1212 1861 1272 1914 τὸ
1303 1861 1412 1913 τῶν
1439 1859 1643 1912 παίδων
1680 1853 1769 1928 ἦν,
1799 1855 1889 1908 διὰ

309 1959 371 2011 τὸ
411 1956 756 2027 μνημόσυνον
783 1957 876 2009 καὶ
910 1955 1140 2024 λείψανα
1191 1952 1629 2024 καταλιμπάνειν
1657 1950 1888 2004 ἕκαστον

309 2049 409 2119 τῆς
443 2048 635 2101 ἐαυτοῦ
677 2047 844 2116 ζωῆς.
883 2046 1102 2118 Ἐπειδὴ
1149 2046 1258 2118 γὰρ
1286 2043 1633 2106 ἀναστάσεως
1677 2039 1889 2094 οὐδέπω

308 2134 450 2210 ἦσαν
481 2137 713 2201 ἐλπίδες,
733 2137 846 2190 ἁλλ’
877 2138 905 2189 6
942 2136 1172 2198 θάνατος
1198 2135 1439 2206 ἐκράτει,
1474 2133 1568 2186 καὶ
1611 2129 1748 2202 μετά
1791 2129 1890 2200 τὴν

313 2231 562 2286 ἐντεῦθεν
594 2229 738 2300 ζωὴν
787 2227 1123 2283 ἀπόλλυσθαι
1155 2226 1404 2299 ἐνόμιζον
1437 2229 1485 2279 οἱ
1510 2223 1888 2287 τελευτῶντες,

313 2323 512 2375 ἔδωκεν
534 2321 708 2384 ὁΘεὸς
737 2321 836 2391 τὴν
860 2323 925 2374 ἐκ
953 2319 1062 2372 τῶν
1100 2317 1305 2371 παίδων
1344 2315 1719 2387 παραμυθίαν,
1749 2313 1890 2366 ὥστε

312 2411 423 2463 τῶν
447 2409 790 2464 ἀπελθόντων
811 2409 1024 2471 εἰκόνας
1051 2405 1328 2478 ἐμψύχους
1363 2405 1563 2476 μένειν,
1594 2403 1688 2457 καὶ
1717 2403 1776 2456 τὸ
1801 2402 1894 2470 γέ-

313 2521 404 2565 νος
443 2501 600 2572 ήμῶν
625 2501 1018 2571 διατηρεϊσθαι,
1053 2499 1148 2551 καὶ
1176 2500 1290 2560 τοῖς
1331 2496 1582 2568 μέλλουσι
1611 2495 1889 2564 τελευτᾷν,

316 2594 409 2647 καὶ
447 2596 560 2656 τοῖς
599 2591 928 2660 ἐπιτηδείοις
957 2593 1067 2653 τοῖς
1090 2589 1313 2642 ἐκείνων
1341 2589 1604 2658 μεγίστην
1625 2583 1761 2639 εἰναι
1789 2603 1894 2638 πα·-

316 2685 582 2757 ράκλησιν
612 2682 682 2735 τὰ
724 2682 949 2734 ἐκείνων
987 2680 1204 2750 ἔκγονα.
1232 2681 1344 2733 Καὶ
1386 2679 1472 2733 ἵνα
1502 2678 1680 2749 μάθῃς
1701 2679 1781 2730 ὅτι
1806 2677 1894 2730 διὰ

314 2776 474 2829 τοῦτο
508 2773 741 2845 μάλιστα
765 2771 989 2825 ποθεινὰ
1008 2771 1074 2824 τὰ
1110 2770 1277 2823 τέκνα
1305 2765 1394 2840 ἦν,
1425 2771 1656 2824 ἄκουσον
1679 2767 1730 2820 τί
1760 2766 1895 2837 πρὸς

315 2868 407 2921 τδν
458 2866 578 2920 ’1ὼὸ
625 2865 956 2936 ἁποδύρεται
1012 2862 1151 2934 μετὰ
1183 2862 1284 2926 τὰς
1333 2861 1533 2924 πολλὰς
1561 2860 1776 2930 πληγὰς
1801 2873 1825 2900 α
1859 2861 1896 2930 ή

316 2960 474 3028 γυνή.
519 2957 696 3021 Ἰδοὺ,
731 2958 916 3027 φησὶν,
950 2955 1220 3008 ἀπώλετο
1254 2954 1319 3007 τὸ
1345 2954 1748 3023 μνημόσυνόν
1779 2966 1896 3005 σου

315 3052 434 3106 ἀπὸ
467 3050 576 3117 τῆς
619 3049 751 3120 γῆς,
789 3053 843 3103 οἱ
893 3050 1012 3103 υἰοί
1041 3063 1156 3102 σου
1185 3047 1283 3100 καί
1322 3051 1380 3101 αἰ
1413 3045 1730 3116 θυγατέρες
1756 3061 1892 3100 σου.

318 3144 427 3195 Καὶ
455 3142 616 3194 πάλιν
654 3144 681 3194 6
708 3141 881 3193 Σαούλ
926 3140 1060 3211 πρὸς
1102 3139 1192 3192 τὸν
1237 3139 1424 3192 Δαυϊδ·
1474 3138 1745 3208 Ὀμοσόν
1771 3157 1896 3208 μοι,

317 3232 417 3285 ἵνα
444 3231 528 3299 μὴ
560 3231 865 3298 ἀφανίσῃς
907 3229 975 3282 τὸ
1015 3229 1254 3298 σπέρμα
1284 3247 1428 3297 μου.
1475 3228 1573 3281 καί
1616 3227 1683 3282 τὸ
1715 3227 1900 3297 ὄνομά

313 3341 432 3394 μου
457 3324 586 3392 μετ’
611 3322 732 3392 ἐμὲ.
796 3322 1020 3392 Ἐπειδὴ
1058 3321 1116 3375 δὲ
1163 3320 1350 3375 λοιπὸν
1392 3321 1426 3391 ὴ
1483 3321 1780 3382 ἀνάστασις
1809 3319 1904 3372 ἐπὶ

319 3414 534 3484 θύραις,
564 3414 658 3466 καὶ
693 3412 922 3466 θανάτου
953 3410 1109 3480 λόγος
1139 3411 1334 3475 οὐδεὶς,
1375 3411 1514 3465 ἀλλά
1544 3411 1680 3482 πρὸς
1711 3411 1901 3481 ἑτέραν

321 3505 467 3576 ζωὴν
516 3504 772 3574 όδεύομεν
820 3503 1010 3572 βελτίω
1065 3501 1162 3571 τῆς
1209 3501 1396 3573 οῦσης,
1432 3502 1720 3573 περιττὴή
1774 3501 1902 3572 περὶ

319 3597 494 3649 ταῦτα
521 3595 748 3665 σπουδή.
776 3597 837 3646 Ei
870 3595 978 3665 γὰρ
1010 3593 1211 3647 παίδων
1249 3593 1556 3664 ἐπιθυμεῖς,
1587 3594 1763 3664 πολλῷ
1785 3593 1904 3663 βελ-

322 3689 468 3750 τίους
500 3685 1061 3758 καὶχρησιμωτέρους
1098 3684 1302 3756 δυνήσῃ
1342 3685 1644 3756 κτήσασθαι
1670 3686 1785 3751 νῦν,
1813 3687 1904 3739 ὅτε

323 3779 694 3851 πνευματικαί
739 3795 883 3858 τινες
935 3777 1122 3842 ὠδῖνες
1149 3777 1504 3849 εἰσήχθησαν,
1542 3780 1636 3832 καὶ
1679 3778 1904 3848 βελτίων

323 3872 506 3935 τόκος,
545 3871 638 3923 καὶ
667 3869 968 3941 γηροκόμοι
1007 3872 1436 3942 χρησιμώτεροι.
1481 3872 1644 3924 Ὥστε
1684 3872 1779 3942 μία
1820 3871 1904 3934 τίς

323 3965 442 4018 ἐστι
477 3963 654 4032 γάμου
681 3951 980 4032 πρόφασις,
1005 3961 1066 4014 τὸ
1096 3962 1170 4034 μὴ
1196 3961 1500 4033 πορνεύειν,
1520 3963 1613 4016 καὶ
1637 3964 1726 4016 διὰ
1749 3962 1907 4017 τοῦτο

325 4052 387 4107 τὸ
408 4053 697 4123 φάρμακον
745 4053 1116 4122 εἰσενήνεκται
1159 4051 1336 4107 τοῦτο.
1374 4054 1436 4106 Εἰ
1473 4053 1529 4106 δέ
1556 4055 1770 4124 μέλλοις
1814 4058 1906 4111 καὶ

331 4142 469 4213 μετὰ
498 4142 673 4212 γάμον
723 4141 1027 4212 κεχρῆσθαι
1077 4143 1376 4214 πορνείαις,
1427 4145 1696 4214 περιττῶς
1743 4143 1907 4217 ἦλθες

330 4235 422 4288 ἐπὶ
437 4233 526 4285 τὸν
560 4234 754 4302 γάμον,
793 4235 885 4286 καὶ
912 4233 1037 4304 εἰκῆ
1087 4236 1181 4288 καὶ
1233 4235 1429 4305 μάτηνο
1477 4237 1678 4308 μᾶλλον
1717 4239 1775 4292 δὲ
1808 4240 1908 4294 οὐκ

329 4327 452 4394 εἰκῆ
481 4324 574 4377 καὶ
604 4325 778 4394 μάτην
825 4324 1006 4393 μόνον,
1038 4323 1178 4378 ἀλλὰ
1214 4326 1306 4378 καὶ
1336 4328 1430 4380 ἐπὶ
1471 4327 1666 4399 βλάϐη.
1695 4330 1769 4382 Οὐ
1799 4331 1906 4402 γάρ

329 4419 479 4470 ἐστιν
515 4418 628 4468 ἴσον
656 4415 757 4468 οὐκ
788 4414 980 4485 ἔχοντα
1019 4418 1257 4484 γυναῖκα
1289 4417 1595 4487 πορνεύειν,
1635 4421 1728 4472 καὶ
1768 4419 1908 4490 μετὰ

328 4509 506 4578 γάμον
533 4506 692 4561 πάλιν
715 4505 775 4559 τὸ
819 4505 948 4558 αὐτὸ
971 4505 1127 4559 τοῦτο
1153 4509 1345 4560 ποιεῖν.
1374 4509 1509 4560 Οὐδὲ
1539 4508 1647 4578 γὰρ
1687 4509 1908 4581 πορνεία

329 4601 389 4652 τὸ
426 4599 628 4652 τοιοῦτο
673 4598 859 4652 λοιπόν
905 4599 1072 4662 ἐστιν,
1118 4597 1252 4652 ἀλλὰ
1309 4601 1542 4670 μοιχεία.
1583 4603 1646 4654 Εἰ
1673 4602 1781 4673 γὰρ
1818 4604 1909 4655 καὶ

330 4693 632 4764 παράδοξόν
656 4693 770 4745 ἐστι
803 4692 864 4744 τὸ
894 4691 1203 4762 εἰρημένον,
1235 4692 1349 4744 ἀλλ’
1388 4692 1606 4763 ἀληθές.

402 4787 464 4840 δ’.
484 4786 596 4838 Οὐκ
621 4784 924 4854 ἀγνοοῦμεν
950 4782 1058 4853 γὰρ
1070 4783 1151 4836 ὅτι
1181 4783 1364 4836 πολλοὶ
1399 4785 1644 4855 μοιχείαν
1667 4787 1908 4856 νομίζου-

333 4896 439 4940 σιν,
461 4878 586 4930 ὅταν
606 4895 689 4940 τις
718 4875 988 4943 ὐπανδρον
1019 4875 1213 4946 φθείρῃ
1243 4878 1479 4944 γυναῖκα
1501 4877 1682 4946 μόνον·
1716 4879 1827 4946 ἐγὼ
1849 4881 1907 4934 δὲ

333 4967 433 5021 κᾶν
470 4968 701 5036 δημοσίᾳ
737 4967 932 5038 πόρνῃ,
963 4965 1063 5018 κᾶν
1107 4965 1464 5036 θεραπαινίδι,
1502 4966 1605 5020 κᾶν
1633 4967 1767 5039 ἄλλῃ
1804 4971 1910 5022 τινὶ

334 5057 554 5126 γυναικί⁸
582 5056 747 5124 ἄνδρα
773 5057 872 5108 οὐκ
901 5055 1099 5126 ἐχούσῃ
1130 5057 1341 5126 πρόσχῃ
1387 5057 1569 5120 κακῶς
1587 5058 1680 5110 καὶ
1710 5059 1907 5113 ἀκολά-

337 5165 499 5209 στως,
531 5146 668 5214 ἔχων
691 5148 940 5212 γυναῖκα,
969 5147 1210 5216 μοιχείαν
1229 5147 1287 5198 τὸ
1312 5147 1550 5200 τοιοῦτον
1581 5144 1720 5202 εἷναί
1745 5167 1909 5220 φημι.

336 5239 412 5290 οὐ
445 5236 553 5307 γὰρ
577 5236 640 5304 δὴ
666 5236 822 5305 μόνον
853 5237 958 5288 ἀπὸ
978 5238 1084 5288 τῶν
1113 5236 1506 5308 ὑϐριζομένων,
1539 5239 1676 5291 ἀλλὰ
1699 5241 1911 5294 καὶάπὸ

334 5328 442 5380 τῶν
473 5325 802 5391 ὑϐριζόντων
825 5326 884 5378 τὸ
910 5327 1006 5388 τῆς
1031 5328 1273 5398 μοιχείας
1303 5328 1614 5382 συνίσταται
1638 5330 1908 5402 ἔγκλημα.

337 5417 430 5485 Μὴ
465 5416 575 5485 γάρ
627 5431 718 5484 μοι
747 5415 871 5476 τοὺς
899 5415 1095 5479 ἔξωθεν
1146 5419 1343 5489 νόμους
1388 5422 1547 5494 εἴπῃς
1577 5421 1692 5485 νῦν,
1717 5423 1765 5476 οἳ
1814 5425 1909 5488 τὰς

343 5509 440 5580 μέν
474 5509 734 5576 γυναῖκας
763 5509 1142 5578 μοιχευομένας
1192 5513 1271 5574 εἰς
1303 5512 1647 5586 δικαστήριον
1696 5515 1910 5569 ἕλκουσι

400 5695 424 5723 ⁸
446 5696 551 5746 Duo
584 5712 700 5750 mss.
724 5701 898 5758 πολλὰς
916 5702 994 5751 καὶ
1023 5704 1223 5765 ἀφάτους
1244 5707 1435 5767 πληγάς.

959 327 962 330 -
1020 289 1078 345 S.
1119 285 1406 345 JOANNIS
1448 276 1944 341 CHRYSOSTOMI
1977 275 2298 333 ARCHIEP.
2339 268 2889 329 CONSTANTINOP.

3443 264 3578 320 21L

1984 386 2316 448 καὶεύθύνας
2343 385 2683 450 ἀπαιτοῦσιν,
2712 383 2907 452 ἄνδρας
2928 381 3020 434 καὶ
3047 382 3306 446 γυναῖκας
3335 379 3562 449 ἔχοντας

1985 477 2080 528 καὶ
2113 476 2460 547 θεραπαινίσι
2483 475 2978 548 προφθειρομένους
3001 472 3100 525 οὐκ
3121 471 3439 524 ἀπαιτοῦσιν
3467 473 3566 525 εὐ-

1987 565 2170 630 θύνας·
2203 568 2315 621 ἀλλ’
2345 567 2455 637 ἐγώ
2480 586 2561 621 σοι
2590 568 2680 620 τὸν
2710 565 2802 619 τοῦ
2825 563 2960 618 Θεοῦ
2973 563 3137 633 νόμον
3152 560 3564 632 ἀναγνώσομαι,

1985 659 2186 730 ὁμοίως
2224 661 2319 713 καὶ
2370 660 2463 713 ἐπὶ
2512 660 2611 730 τῆς
2664 657 2921 726 γυναικὸς
2970 657 3065 710 καὶ
3098 655 3188 708 ἐπὶ
3239 655 3333 707 τοῦ
3368 654 3574 724 ἀνδρὸς

1987 750 2418 818 ἀγανακτοῦντα,
2437 752 2530 805 καὶ
2557 750 2796 822 μοιχείαν
2823 745 2956 802 εἶναι
2979 749 3040 800 τὸ
3065 749 3295 818 πρᾶγμα
3311 745 3567 813 λέγοντα.

1988 841 2172 895 Εἰπὼν
2205 842 2334 914 γὰρ,
2367 843 2476 897 Καὶ
2512 841 2738 909 ἑκάστη
2798 841 2904 893 τὸν
2949 839 3103 891 ἴδιον
3133 837 3323 905 ἄνδρα
3354 835 3568 904 ἐχέτω,

1989 934 2257 1005 ἐπήγαγε·
2287 934 2366 1004 Τῇ
2391 933 2628 1005 γυναικί
2663 931 2864 1000 όάνὴρ
2896 931 3012 1000 τὴν
3039 926 3433 998 ὀφειλομένην
3465 925 3577 980 εὑ-

1989 1041 2162 1078 νοιαν
2182 1025 2528 1080 ἀποδιδότω.
2565 1025 2628 1076 Τί
2671 1041 2800 1076 ποτε
2831 1022 3032 1094 δηλοῦν
3060 1021 3378 1092 βουλόμενος
3406 1017 3578 1072 τοῦτο

1990 1111 2176 1183 εἴπεν;
2215 1115 2360 1188 [I99]
2396 1113 2506 1187 ἆρα
2534 1117 2621 1170 ῐνα
2643 1115 2741 1179 τὰς
2778 1116 3071 1186 προσόδους
3105 1114 3240 1183 αὐτῇ
3276 1111 3384 1164 τῶν
3430 1127 3579 1180 χρη-

1996 1203 2180 1274 μάτων
2217 1205 2548 1278 διατηρήσῃ;
2577 1205 2662 1258 ἵνα
2706 1204 2802 1276 τὴν
2833 1207 3031 1275 προῖκα
3058 1202 3228 1266 σώαν;
3259 1203 3343 1256 ἵνα
3375 1200 3580 1270 ἱμάτια

1993 1297 2251 1369 παράσχῃ
2284 1298 2581 1368 πολυτελῆ;
2611 1299 2699 1350 ἵνα
2731 1298 3012 1369 τράπεζαν
3037 1295 3445 1365 δαψιλεστέραν,
3475 1292 3578 1345 ἵνα

1993 1389 2206 1455 ἐξόδους
2233 1391 2520 1462 λαμπράς;
2552 1393 2638 1444 ἵνα
2668 1392 2894 1444 οἰκετῶν
2911 1389 3204 1460 θεραπείαν
3233 1386 3466 1458 πολλήν;
3504 1385 3580 1439 Τί

1992 1479 2208 1548 λέγεις;
2243 1483 2392 1534 ποῖον
2434 1482 2644 1545 εὐνοίας
2687 1477 2824 1544 εἶδος
2854 1481 3068 1550 ζητεῖς;
3111 1478 3205 1532 καὶ
3246 1478 3353 1550 γὰρ
3397 1477 3585 1530 ταῦτα

1994 1571 2172 1625 πάντα
2207 1573 2418 1636 εὐνοίας
2451 1573 2619 1626 ἐστίν.
2670 1573 2834 1626 Οὐδέν
2866 1589 2917 1625 τι
2951 1571 3159 1624 τοιοῦτο
3182 1570 3346 1638 λέγω,
3378 1569 3589 1638 φησὶν,

1993 1662 2132 1716 ἀλλά
2163 1663 2259 1734 τὴν
2283 1665 2635 1735 σωφροσύνην
2667 1665 2758 1718 καὶ
2805 1664 2902 1734 τὴν
2933 1663 3255 1734 σεμνότητα.
3283 1663 3354 1716 Τὸ
3410 1664 3591 1734 σῶμα.-

1994 1754 2087 1807 τοῦ
2138 1755 2330 1826 ἀνδρὸς
2358 1756 2539 1809 οὐκέτι
2585 1756 2679 1809 τοῦ
2715 1755 2924 1826 ἀνδρὸς,
2980 1754 3117 1808 ἀλλὰ
3157 1755 3257 1826 τῆς
3289 1755 3574 1823 γυναικός.

1996 1845 2244 1918 Τηρείτω
2281 1847 2456 1903 τοίνυν
2485 1849 2621 1918 αὐτῇ
2651 1847 2712 1900 τὸ
2740 1849 2924 1917 κτῆμα
2957 1847 3118 1910 σῶον,
3155 1847 3251 1900 καὶ
3286 1847 3360 1917 μὴ
3390 1845 3583 1916 μειού-

1994 1953 2094 2002 τω,
2129 1938 2262 2008 μηδέ
2298 1940 2739 2011 παραφθειρέτω·
2764 1941 2858 1995 καὶ
2899 1939 3008 2010 γὰρ
3043 1939 3150 1992 τῶν
3174 1938 3398 1992 οἰκετῶν
3430 1940 3584 1992 ἐκεί-

1997 2046 2085 2093 νος
2119 2029 2312 2094 εὔνους
2345 2031 2582 2100 λέγεται,
2632 2033 2691 2096 ὃς
2738 2033 2804 2086 ἂν
2856 2032 2923 2086 τὰ
2955 2031 3250 2084 δεσποτικά
3283 2030 3584 2100 δεξάμενος

1998 2121 2278 2191 χρήματα,
2316 2122 2556 2192 μηδὲνέξ
2586 2124 2764 2178 αὐτῶν
2789 2122 3100 2194 διαφθείρῃ.
3149 2122 3363 2192 Ἐπειδὴ
3392 2123 3581 2176 τοίνυν

1997 2211 2097 2280 τῆς
2127 2214 2383 2280 γυναικός
2406 2215 2521 2268 ἐστι
2548 2215 2735 2285 κτῆμα
2756 2215 2818 2268 τὸ
2849 2214 2944 2267 τοῦ
2972 2214 3161 2284 ἀνδρὸς
3180 2213 3356 2284 σῶμα,
3385 2212 3583 2278 εὔνους

1997 2301 2138 2355 ἔστω
2170 2304 2299 2376 περὶ
2331 2305 2430 2376 τὴν
2483 2305 2959 2377 παρακαταθήκην
3006 2307 3036 2359 6
3080 2307 3240 2376 ἁνήρ.
3296 2306 3414 2359 Ὅτι
3464 2305 3588 2376 γὰρ

1997 2393 2156 2447 τοῦτό
2197 2413 2382 2467 φησιν,
2430 2397 2620 2460 εἰπὼν,
2658 2398 2776 2465 Τὴν
2810 2399 3053 2452 εὔνοιαν
3100 2396 3444 2462 ἀποδιδότω,
3476 2398 3587 2450 ἐπ-

2001 2486 2226 2556 ήγαγενο
2249 2489 2319 2542 Ἠ
2330 2489 2484 2559 γυνὴ
2509 2490 2615 2544 τοῦ
2635 2491 2788 2545 ἰδίου
2802 2491 3074 2560 σώματος
3088 2493 3199 2544 οὐκ
3223 2487 3582 2553 ἐξουσιάζει.

2000 2575 2137 2629 ἀλλ’
2171 2581 2204 2630 ό
2230 2576 2404 2645 ἀνήρ’
2433 2580 2647 2648 ὁμοίως
2674 2580 2773 2634 καί
2801 2585 2832 2634 ό
2863 2580 3019 2650 ἀνὴρ
3049 2581 3156 2635 τοῦ
3183 2581 3334 2635 ἰδίου
3375 2580 3584 2649 σώμα-

2000 2684 2104 2733 τος
2154 2671 2264 2722 οὐκ
2301 2670 2653 2735 ἐξουσιάζει,
2713 2673 2853 2726 ἀλλ’
2902 2673 2939 2739 ἢ
2975 2674 3151 2743 γυνή.
3197 2675 3366 2726 Ὅταν
3401 2676 3588 2727 τοίνυν

2007 2759 2120 2832 ίδῃς
2133 2762 2337 2831 πόρνην
2353 2762 2730 2828 δελεάζουσαν,
2753 2765 3228 2830 ἐπιϐουλεύουσαν,
3248 2766 3456 2838 ἐρῶσαν
3480 2766 3592 2820 τοῦ

2005 2850 2277 2921 σώματος,
2312 2853 2431 2906 εἰπέ
2451 2855 2585 2924 πρὸς
2608 2856 2796 2926 αὐτήψ
2823 2855 2938 2910 Οὐκ
2961 2855 3107 2908 ἐστιν
3140 2855 3272 2924 ἐμόν
3301 2856 3362 2908 τὸ
3396 2856 3586 2926 σῶμα,

2003 2944 2101 3012 τῆς
2121 2945 2378 3012 γυναικός
2429 2947 2544 2998 ἐστι
2579 2946 2680 3015 τῆς
2727 2948 2884 3018 ἐμῆςο
2937 2948 2997 2999 οὐ
3023 2947 3205 3016 τολμῶ
3236 2949 3590 3019 καταχρήσα-

2007 3035 2303 3100 σθαι,·οῦτε
2344 3039 2504 3110 ἑτέρᾳ.
2551 3039 2708 3092 τοῦτο
2750 3041 2992 3094 ἐνδοῦναι
3017 3042 3254 3110 γυναικί.
3290 3042 3458 3095 Τοῦτο
3485 3047 3592 3096 καὶ

2005 3128 2140 3198 γυνὴ
2171 3131 2414 3184 ποιείτω.
2447 3131 2622 3202 Πολλὴ
2647 3132 2754 3203 γὰρ
2785 3134 3016 3186 ἐνταῦθα
3045 3138 3077 3204 ή
3109 3136 3369 3204 ίσοτιμία’
3401 3137 3591 3190 καίτοι

2006 3239 2070 3290 γε
2093 3225 2150 3276 ἐν
2189 3225 2301 3286 τοῖς
2329 3223 2512 3286 ἄλλοις
2538 3224 2738 3294 πολλὴν
2764 3225 2974 3279 δίδωσιν
3009 3229 3321 3298 ὐπεροχὴνό
3347 3229 3590 3294 Παῦλος,

2007 3314 2148 3367 οῦτω
2175 3314 2367 3384 λέγων’
2409 3316 2585 3384 Πλὴν
2617 3318 2714 3370 καὶ
2732 3317 2898 3385 ὑμεῖς
2929 3322 2983 3372 οἰ
3021 3323 3152 3375 καθ’
3177 3320 3305 3384 ἕνα,
3334 3324 3433 3376 ἵνα
3453 3322 3598 3375 ἐκα-

2008 3422 2154 3472 στος
2171 3408 2284 3475 τὴν
2303 3408 2522 3462 ἑαυτοῦ
2551 3410 2804 3478 γυναῖκα
2824 3411 3010 3475 οὕτως
3025 3410 3227 3480 ἀγαπᾷ
3252 3415 3330 3477 ὡς
3343 3415 3592 3468 ἑαυτόν·

2009 3498 2048 3564 ἢ
2079 3497 2147 3550 δὲ
2178 3498 2355 3568 γυνὴ,
2395 3501 2493 3552 ἵνα
2521 3499 2774 3568 φοϐῆται
2816 3503 2922 3554 τὸν
2954 3503 3161 3570 ἄνδρα·
3194 3505 3306 3569 καὶ,
3337 3509 3610 3578 Κεφαλὴ-

2009 3590 2294 3658 γυναικὸς
2333 3593 2364 3644 ό
2403 3591 2579 3661 ἀνὴρ,
2627 3594 2740 3657 καὶ,
2783 3594 3032 3663 Ὀφείνίει
3059 3597 3099 3663 ἡ
3139 3598 3292 3666 γυνὴ
3315 3601 3598 3655 ὑποτάσ-

2010 3685 2225 3737 σεσθαι
2259 3683 2339 3749 τῷ
2367 3684 2561 3752 ἀνδρί.
2595 3686 2708 3739 Καὶ
2731 3685 2892 3739 πάλιν
2943 3687 3001 3739 ἐν
3051 3691 3117 3758 τῇ
3158 3689 3388 3762 Παλαιᾷ,
3428 3693 3606 3760 Πρὸς,

2011 3773 2116 3824 τὸν
2139 3772 2327 3842 ἄνδρα
2359 3791 2476 3828 σου
2502 3776 2540 3843 ἡ
2572 3776 2925 3845 ἀποστροφή
2963 3793 3100 3841 σου,
3131 3779 3228 3831 καί
3257 3782 3436 3846 αὑτός
3466 3796 3598 3836 σου

2012 3863 2337 3930 κυριεύσει.
2372 3865 2496 3927 Πῶς
2521 3861 2613 3918 οὖν
2641 3865 2874 3919 ἐνταῦθα
2906 3868 3026 3938 ίσην
3064 3868 3326 3922 ἀντίδοσιν
3343 3869 3597 3929 δουλείας

2013 3957 2107 4010 καὶ
2132 3958 2448 4020 δεσποτείας
2497 3959 2797 4028 εἰσήγαγε;
2836 3959 2909 4011 Τὸ
2945 3960 3054 4030 γὰρ
3091 3961 3285 4025 εἰπεῖν,
3329 3961 3387 4015 Ἠ
3431 3963 3608 4031 γυνὴ

2012 4050 2118 4102 τοῦ
2159 4050 2310 4102 ἰδίου
2338 4049 2612 4119 σώματος
2651 4053 2763 4103 οὐκ
2795 4050 3147 4114 ἐξουσιάζει,
3183 4053 3372 4107 ἀλλἰἰ
3409 4052 3594 4122 ἀνήρ’

2013 4143 2228 4212 ὁμοίως
2255 4141 2356 4195 καὶ
2385 4146 2417 4196 ό
2443 4143 2599 4210 ἀνὴρ
2625 4142 2733 4195 τοῦ
2782 4143 2936 4196 ἰδίου
2972 4143 3248 4213 σώματος
3273 4148 3383 4200 οὐκ
3411 4146 3602 4210 ἐξου-

2013 4233 2220 4299 σιάζει,
2246 4235 2439 4304 ἀλλ-’ἠ
2475 4233 2652 4304 γυνὴ,
2687 4235 2909 4304 ἰσότητὰ
2937 4253 3057 4289 τινα
3076 4237 3275 4308 πολλήν
3297 4240 3443 4292 ἐστιν
3475 4244 3601 4294 εἰσ-

2015 4331 2259 4399 άγοντος.
2288 4330 2399 4382 Καὶ
2427 4328 2678 4400 καθάπερ
2702 4330 2906 4392 ἐκεῖνος
2955 4330 3219 4402 δεσπότης
3247 4333 3466 4386 ἐπὶτοῦ
3485 4333 3603 4388 σώ-

2017 4438 2184 4491 ματος
2241 4419 2430 4490 αὐτῆς,
2477 4419 2619 4472 οὕτω
2649 4419 2742 4472 καὶ
2779 4419 2918 4490 αῦτη
2953 4420 3204 4475 δέσποινα
3251 4421 3347 4474 τοῦ
3379 4423 3600 4478 ἐκείνου

2017 4510 2287 4580 σώματος.
2320 4508 2473 4571 Τίνος
2501 4504 2594 4561 οὖν
2639 4508 2824 4561 ἕνεκεν
2861 4509 3127 4579 τοσαύτην
3163 4511 3432 4582 ἰσοτιμίαν
3473 4517 3600 4567 εἰσ-

2018 4602 2257 4669 ήγαγεν;
2296 4599 2420 4650 Ὅτι
2453 4595 2689 4650 ἐνταῦθα
2720 4597 3045 4668 ἀναγκαίαή
3079 4601 3337 4672 ὑπεροχή·
3373 4603 3499 4656 ἔνθα
3531 4606 3602 4660 δὲ

2019 4689 2371 4760 σωφροσύνης
2393 4689 2581 4758 καιρὸς
2610 4689 2702 4740 καὶ
2734 4692 3079 4759 σεμνότητος,
3111 4692 3262 4744 οὐδὲν
3284 4692 3395 4762 ἔχει
3428 4693 3604 4748 πλέον

2015 4787 2111 4856 τῆς
2129 4783 2382 4852 γυναικὸς
2423 4785 2451 4834 6
2496 4780 2655 4852 ἀνὴρ,
2690 4781 2803 4833 ἀλλ’
2831 4782 3030 4852 ὁμοίως
3064 4784 3249 4857 ἐκείνῃ
3282 4785 3597 4853 κολάζεται,

2016 4880 2140 4939 τοὺς
2169 4877 2261 4928 τοῦ
2299 4876 2477 4944 γάμου
2506 4873 2884 4944 παραφθείρας
2915 4874 3130 4942 νόμους·
3159 4877 3252 4927 καὶ
3277 4875 3419 4944 μάλα
3448 4879 3602 4930 εἰκό-

2015 4988 2142 5032 τως.
2173 4969 2245 5021 Οὐ
2279 4969 2384 5036 γὰρ
2421 4965 2509 5017 διὰ
2555 4965 2710 5018 τοῦτο
2756 4961 2917 5035 ἦλθεν
2967 4967 2998 5035 ἡ
3033 4967 3167 5035 γυνὴ
3197 4966 3331 5036 πρὸς
3369 4967 3448 5031 σὲ,
3495 4969 3605 5022 καὶ

2019 5059 2227 5129 πατέρα
2257 5058 2350 5110 καὶ
2379 5055 2587 5126 μητέρα
2615 5055 2936 5123 ἐγκατέλιπε
2969 5057 3062 5108 καὶ
3085 5056 3176 5108 τὸν
3191 5053 3336 5109 οἶκον
3353 5057 3598 5124 ἅπαντα,

2018 5151 2104 5204 ἵνα
2142 5148 2560 5218 καθυϐρίςηται,
2601 5146 2687 5198 ἵνα
2728 5146 3129 5215 θεραπαινίδιον
3171 5147 3379 5210 εὐτελὲς
3403 5147 3598 5200 ἐπεισ-

2020 5237 2156 5310 άγῃς
2194 5237 2366 5308 αὐτῇ,
2419 5238 2503 5292 ἰνα
2542 5237 2769 5309 μυρίους
2797 5242 2953 5309 ποιῇς
2999 5239 3285 5309 πολέμους.
3322 5240 3608 5310 συνέμπο-

2021 5349 2110 5402 ρον
2141 5329 2351 5391 ἔλαϐες,
2392 5328 2486 5380 καὶ
2533 5328 2786 5380 κοινωνὸν
2841 5328 2934 5380 τοῦ
2985 5328 3121 5398 βίου,
3158 5330 3252 5381 καὶ
3278 5329 3600 5401 ἐλευθέραν,

2020 5423 2110 5476 καὶ
2145 5422 2424 5492 ὁμότιμον.
2460 5419 2583 5483 Πῶς
2613 5419 2720 5490 γὰρ
2774 5421 2874 5474 οὐκ
2908 5422 3109 5474 ἄτοπον
3137 5424 3235 5492 τὴν
3265 5426 3465 5494 προῖκα
3494 5423 3602 5475 αὺ-

2019 5515 2117 5583 τῆς
2150 5511 2562 5581 ὑποδεχόμενον,
2597 5514 2776 5565 πᾶσαν
2811 5513 3215 5566 ἐπιδείκνυσθαι
3237 5513 3468 5577 εὔνοιαν,
3499 5516 3604 5566 καὶ

2025 5604 2186 5676 μηδὲν
2216 5604 2385 5674 αὐτῆς
2422 5602 2704 5658 ἐλαττοῦνν
2726 5603 2754 5656 ὃ
2798 5605 2854 5658 δὲ
2891 5605 2991 5674 τῆς
3024 5606 3246 5676 προικός
3275 5608 3420 5658 ἐστιν
3451 5607 3607 5659 ἀπά-

2025 5716 2121 5770 σης
2147 5696 2484 5766 τιμιώτερον,
2522 5697 2616 5769 τὴν
2653 5698 3005 5770 σωφροσύνην
3037 5701 3128 5754 καὶ
3159 5700 3260 5770 τὴν
3291 5699 3606 5771 σεμνότητα
