3964 6342
248 317 372 372 2ῐὶ

255 444 472 496 temur,
510 428 608 485 sed
631 437 686 484 ut
709 429 839 485 casti
869 432 1056 486 simus.
1088 433 1226 486 Audi
1255 447 1384 487 sane
1413 432 1634 486 Paulum
1665 429 1852 485 dicen-

259 532 373 576 tem
403 539 418 576 :
448 519 668 584 Propter
712 522 1073 592 fornicationes
1121 533 1289 575 autem
1330 525 1669 592 unusquisque
1711 540 1857 575 suam

257 629 474 665 uxorem
513 611 729 678 habeat,
778 623 824 666 et
854 631 1164 685 unaqua'que
1201 631 1348 667 suum
1388 616 1551 667 virum
1597 613 1846 681 hubeat(l

255 703 382 758 Cor.
415 705 464 758 7.
496 705 576 772 2).
603 705 725 759 llaec
747 706 888 759 enim
914 708 1019 759 duo
1049 716 1192 767 Sttnl,
1220 722 1446 778 quorum
1469 721 1628 762 causa
1657 706 1858 776 nuptias

255 806 389 850 sunt
414 797 692 863 ἰιιειίιιιιαι,
723 804 780 850 ut
807 807 952 850 caste
985 799 1224 851 vivamus
1253 807 1307 852 et
1334 809 1389 851 ut
1411 807 1590 867 patres
1628 798 1816 852 liamus
1839 838 1856 863 ,

260 889 457 940 borum
489 898 668 940 autem
701 888 927 942 duorum
957 889 1281 944 antecedens
1307 889 1564 944 castitatis
1591 898 1673 944 est
1698 903 1857 943 occa-

255 978 365 1031 sio.
418 978 699 1046 POSIquam
728 981 870 1033 enim
912 979 1148 1050 ingressa
1186 988 1270 1034 est
1305 979 1503 1043 libido,
1548 980 1858 1049 conjugium

259 1084 482 1138 quoque
528 1070 825 1140 ingressum
853 1079 958 1138 est,
987 1081 1048 1124 ut
1093 1071 1500 1126 immoderatum
1532 1087 1685 1126 usum
1709 1087 1858 1127 rese-

259 1169 437 1226 raret,
461 1170 515 1214 ct
542 1162 916 1229 persuaderet,
966 1172 1020 1216 ut
1047 1179 1148 1217 una
1186 1164 1410 1218 muliere
1451 1165 1686 1218 contenti
1714 1180 1861 1218 esse-

258 1269 404 1306 mus.
438 1253 554 1309 Non
580 1255 722 1308 enim
758 1257 979 1310 omnino
1017 1258 1320 1328 conjugium
1351 1257 1533 1324 efﬁcit,
1557 1267 1616 1312 ut
1662 1257 1860 1312 liberos

256 1345 646 1414 suscipiamus,
676 1346 771 1400 sed
801 1346 927 1403 illud
967 1348 1064 1404 Dei
1104 1349 1347 1415 verbum,
1375 1349 1514 1419 quod
1545 1349 1674 1403 dicit
1701 1366 1714 1402 :
1741 1347 1862 1404 Cre-

256 1439 388 1489 scite
413 1446 460 1490 et
495 1439 926 1509 multiplicamini,
956 1451 1002 1496 et
1032 1442 1219 1512 replete
1242 1452 1428 1496 terram
1457 1440 1622 1514 (Gen.
1655 1443 1704 1496 1.
1731 1441 1858 1512 28).

259 1528 456 1583 Testes
483 1539 608 1584 sunt
633 1531 954 1602 quicumque
975 1532 1226 1602 conjugio
1254 1541 1378 1586 sunt
1398 1533 1499 1595 usi,
1528 1532 1622 1587 sed
1663 1531 1862 1587 liberos

261 1621 491 1674 minime
521 1632 839 1691 genuerunt.
882 1623 1062 1693 Itaque
1102 1624 1424 1678 antecedens
1451 1633 1534 1679 est
1561 1623 1679 1678 haec
1701 1638 1862 1679 causa

261 1714 551 1777 castitatis,
582 1723 741 1782 atque
768 1713 870 1767 hoc
902 1715 1171 1784 praecipue
1210 1725 1449 1784 tempore
1469 1754 1484 1780 ,
1517 1730 1637 1769 cum
1666 1730 1862 1784 genere

262 1802 503 1857 humano
549 1813 690 1858 totus
731 1805 878 1859 orbis
930 1815 1192 1859 terrarum
1237 1806 1468 1876 repletus
1511 1815 1612 1860 est.
1656 1807 1786 1860 Nam
1831 1821 1862 1861 ει

262 1895 532 1964 principio
561 1895 780 1966 quidem
815 1896 1111 1964 expetenda
1141 1913 1229 1951 res
1255 1906 1371 1952 erat
1401 1897 1596 1953 habere
1641 1898 1859 1964 liberos,

263 1996 323 2040 ut
352 1998 766 2042 monumentum
796 2004 859 2042 ac
886 1989 1138 2059 reliquias
1163 1991 1283 2044 vita!
1312 2007 1421 2045 sua:
1445 1993 1668 2062 quisque
1697 1992 1862 2046 relin-

263 2088 479 2147 queret.
527 2079 788 2145 Quoniam
831 2082 972 2135 enim
1026 2083 1438 2138 resurreCtionis
1467 2099 1588 2153 spes
1628 2084 1862 2138 nondum

262 2178 408 2231 crat,
455 2171 550 2224 sed
584 2187 728 2226 mors
754 2172 1147 2239 dominabatur,
1185 2189 1350 2244 seque
1381 2185 1497 2244 post
1536 2175 1674 2229 hanc
1701 2177 1863 2229 vitam

264 2263 449 2329 perire
475 2264 784 2327 censebant,
814 2266 905 2337 qui
932 2267 1321 2333 moriebantur,
1354 2269 1602 2323 solatium
1631 2269 1770 2323 istud
1800 2285 1866 2323 ex

263 2354 615 2422 susceptione
653 2356 943 2411 liberorum
975 2359 1192 2428 largitus
1221 2370 1302 2413 est
1333 2359 1493 2424 Deus,
1529 2369 1584 2415 ut
1619 2360 1867 2415 animata:

263 2444 650 2500 defunctorum
675 2446 932 2516 imagines
951 2459 1312 2516 remanerent,
1336 2466 1605 2520 genusque
1627 2462 1865 2504 nostrmn

263 2551 688 2593 conservaretur
705 2580 722 2604 ,
753 2549 808 2594 et
834 2549 1059 2596 mortem
1085 2542 1308 2597 obituris
1336 2558 1628 2614 eorumque
1653 2547 1868 2614 propin-

263 2633 392 2700 quis
420 2633 706 2686 maximam
737 2635 1161 2688 eonsolationem
1187 2635 1236 2689 id
1267 2648 1498 2706 pareret,
1521 2637 1664 2705 quod
1695 2648 1870 2706 poste-

264 2740 361 2778 ros
386 2725 648 2780 haberent
688 2727 1024 2796 superstites.
1054 2732 1229 2799 Atque
1268 2738 1326 2783 ut
1364 2730 1630 2800 intelligas
1670 2729 1870 2784 idcirco

265 2816 477 2871 liberos
507 2820 836 2888 expetendos
874 2822 1039 2876 fuisse
1065 2864 1079 2888 ,
1125 2821 1270 2888 audi,
1299 2837 1405 2891 quo
1433 2832 1589 2891 pacto
1616 2823 1752 2890 apud
1779 2821 1870 2876 Jo-

265 2909 402 2964 lmm
429 2923 686 2982 queratur
709 2929 771 2969 ac
792 2916 1115 2971 lamentetur
1135 2925 1252 2986 post
1276 2915 1472 2969 multas
1496 2914 1676 2984 plagas
1697 2929 1830 2969 uxor
1856 2932 1868 2969 :

267 3005 415 3059 Ecce
439 3047 452 3069 ,
484 3005 693 3074 inquit,
731 3009 1020 3063 memoriale
1045 3018 1186 3062 tuum
1209 3009 1354 3076 periit
1384 3008 1446 3061 de
1479 3017 1611 3061 terra
1635 3048 1652 3072 ,
1693 3017 1738 3060 et
1775 3008 1871 3076 ﬁlii

265 3098 388 3162 tui,
421 3107 466 3150 et
488 3099 609 3161 ﬁlice
634 3108 734 3153 tute
759 3099 888 3168 (Job
921 3100 1005 3154 13.
1038 3101 1165 3170 17).
1199 3100 1266 3154 Ει
1295 3115 1479 3154 rursus
1509 3098 1574 3153 ad
1619 3099 1870 3154 Davidem

270 3188 410 3243 Saul
441 3206 454 3240 :
483 3189 616 3242 Jura
645 3191 769 3243 mihi
789 3191 844 3244 in
875 3189 1113 3255 Domino,
1145 3191 1262 3261 quia
1292 3207 1393 3243 non
1416 3177 1765 3243 exterminabis
1790 3206 1872 3242 se-

270 3298 399 3333 men
419 3297 585 3333 meum
611 3323 625 3347 ,
660 3291 705 3335 et
731 3299 909 3335 nomen
932 3299 1094 3336 meum
1126 3291 1236 3352 post
1259 3298 1338 3335 me
1364 3282 1438 3349 (l.
1474 3281 1602 3351 Reg.
1631 3280 1722 3335 2i.
1755 3279 1870 3350 22).

270 3369 571 3440 Postquam
597 3380 776 3426 autem
819 3373 871 3426 in
921 3371 1124 3426 foribus
1169 3381 1253 3427 est
1293 3371 1648 3437 resurrectio,
1702 3386 1875 3440 neque

273 3462 478 3516 martis
503 3461 610 3530 jam
641 3462 745 3516 ulla
768 3463 905 3516 ratio
937 3462 1182 3528 habetur,
1213 3461 1308 3517 sed
1333 3461 1400 3517 ad
1425 3462 1584 3517 aliam
1606 3462 1876 3532 pergimus

272 3553 449 3607 vitam
480 3553 578 3608 hac
606 3554 771 3607 multo
801 3553 1078 3608 meliorem
1103 3595 1118 3618 .
1156 3568 1610 3623 supervacaneum
1641 3552 1874 3608 studium

273 3654 371 3699 est
401 3645 683 3714 ejusmodi.
709 3643 766 3700 Si
803 3645 946 3700 enim
994 3645 1282 3699 liberorum
1329 3645 1597 3700 desiderio
1639 3645 1872 3710 teneris,

277 3737 464 3792 multo
516 3738 768 3793 meliores
821 3747 980 3808 atque
1023 3739 1265 3794 utiliores
1311 3740 1585 3810 acquirere
1637 3738 1877 3808 poteris,

279 3845 438 3884 nunc
476 3844 596 3884 cum
640 3830 930 3899 spiritualis
977 3831 1219 3900 quaedam
1263 3830 1504 3900 pariendi
1542 3831 1677 3884 ratio
1705 3830 1878 3884 intro-

277 3921 450 3976 ducta
480 3929 590 3986 est,
635 3922 933 3993 meliorque
973 3931 1192 3992 partus,
1231 3931 1285 3977 et
1314 3922 1551 3977 utiliores
1589 3922 1880 3976 senectutis

279 4014 510 4068 altorcs.
559 4013 739 4084 Itaque
766 4029 872 4068 una
896 4013 1138 4083 quaedam
1165 4023 1248 4068 est
1271 4013 1480 4069 occasio
1505 4013 1734 4084 conjugii
1762 4055 1776 4078 ,
1825 4022 1881 4067 ut

281 4121 402 4159 non
432 4113 805 4172 scortemur,et
823 4109 1026 4166 idcirco
1049 4103 1354 4161 remedium
1369 4104 1748 4159 hocitwcctum
1777 4114 1877 4158 est.

279 4197 446 4264 Quod
476 4198 521 4252 si
551 4207 671 4268 post
698 4199 1003 4269 conjugium
1034 4196 1446 4252 scortationibus
1485 4205 1535 4251 te
1576 4197 1882 4266 inquinatu-

280 4305 389 4344 rus
407 4291 482 4344 sis
501 4330 515 4356 ,
544 4304 959 4362 supervacaneo,
985 4290 1177 4345 frustra
1207 4301 1261 4345 et
1287 4292 1550 4345 incassum
1593 4290 1661 4343 ad
1697 4290 1884 4358 eonju-

282 4381 441 4452 gium
470 4381 663 4436 venisti
692 4398 708 4436 :
739 4382 849 4436 imo
878 4397 1008 4436 vero
1034 4397 1139 4435 non
1168 4380 1364 4436 frustra
1394 4390 1448 4436 et
1475 4382 1741 4435 incassum
1772 4391 1886 4434 tan-

285 4484 433 4540 tum,
465 4475 558 4529 sed
585 4475 744 4529 etiam
770 4489 891 4528 cum
917 4474 1135 4531 damno.
1179 4474 1295 4529 Non
1327 4473 1467 4528 enim
1493 4490 1590 4544 par
1617 4474 1751 4527 ratio
1782 4482 1882 4538 est,

285 4567 340 4624 si
374 4566 495 4636 quis
522 4581 742 4621 uxorem
769 4581 875 4620 non
903 4567 1104 4620 habens
1124 4574 1406 4629 scortetur,
1429 4575 1484 4620 et
1500 4567 1545 4621 si
1561 4566 1678 4635 quis
1705 4565 1887 4619 matri-

286 4661 482 4716 monio
527 4666 803 4714 contracto
843 4675 1028 4714 rursus
1068 4660 1296 4729 idtpsum
1341 4667 1484 4729 agat.
1531 4658 1715 4728 Neque
1743 4659 1885 4712 enim

287 4753 407 4824 iam
457 4751 585 4806 illud
631 4752 888 4806 scortatio
932 4760 1053 4818 est,
1103 4751 1196 4806 sed
1246 4749 1583 4805 adulterium.
1635 4751 1888 4818 Quamvis

287 4845 444 4900 cnim
472 4847 665 4901 mirum
691 4855 748 4901 et
770 4846 1003 4900 insolens
1031 4845 1100 4900 sit
1126 4844 1266 4916 quod
1293 4843 1520 4899 diximus
1541 4885 1556 4910 ,
1604 4855 1685 4898 est
1713 4852 1886 4896 tamen

291 4953 512 4992 verum.

372 5031 429 5084 4.
452 5029 769 5084 Adulterium
797 5031 948 5085 etiam
975 5047 1092 5085 cum
1120 5030 1275 5084 libera
1303 5029 1650 5084 committitur.
1683 5059 1753 5066 —
1773 5026 1889 5081 Non

289 5122 612 5194 ignoramus
661 5123 920 5191 plurimos
967 5123 1286 5176 adulterium
1340 5122 1585 5176 arbitrari
1644 5128 1890 5184 tantum,

290 5229 424 5269 cum
455 5215 574 5283 quis
605 5214 799 5268 marito
837 5215 1078 5285 junctam
1121 5214 1396 5268 mulierem
1424 5213 1719 5282 corrumpit
1745 5229 1761 5266 :
1793 5226 1894 5282 ego

293 5321 432 5360 vero
461 5307 574 5360 sive
599 5321 722 5360 cum
754 5307 958 5378 vulgari
989 5317 1188 5372 scorto,
1219 5307 1333 5362 sive
1361 5321 1485 5361 cum
1525 5305 1716 5361 ancilla
1737 5345 1751 5369 ,
1780 5305 1894 5359 sive

295 5414 427 5454 cum
458 5399 561 5452 alia
587 5399 836 5468 quapiam
882 5399 1107 5454 muliere
1134 5414 1239 5452 non
1284 5399 1528 5452 maritata
1554 5437 1570 5461 ,
1619 5395 1894 5465 illegitimo

296 5493 615 5562 lascivaque
643 5509 936 5563 congressu
964 5493 1232 5563 jungatur,
1263 5507 1383 5547 cum
1411 5507 1629 5546 uxorem
1681 5491 1892 5557 habeat,

298 5583 629 5639 adulterium
669 5585 771 5640 hoc
801 5600 920 5640 esse
959 5585 1248 5640 contendo.
1295 5584 1410 5638 Non
1441 5585 1582 5638 enim
1613 5599 1679 5637 ex
1708 5597 1894 5638 eorum

304 5686 513 5732 tantum
545 5677 633 5747 qui
682 5678 1059 5732 contumeliam
1109 5678 1417 5748 patiuntur,
1465 5677 1559 5732 sed
1600 5692 1664 5731 ex
1709 5690 1895 5730 eorum

308 5770 495 5838 etiam,
525 5771 618 5842 qui
638 5770 1016 5828 contumeliam
1045 5769 1297 5837 inferunt,
1321 5768 1625 5825 conditione
1666 5766 1764 5824 hoc
1787 5765 1891 5821 cri-

958 321 1022 378 ΙΝ
1061 319 1295 388 ILLUD,
1335 317 1655 375 PROPTER
1691 317 2234 375 FORNICATIONES
2269 319 2601 388 UXOREll:,
2644 323 2794 378 ETC.
2825 323 2868 379 Ι.

3444 325 3542 378 2'”

1967 445 2090 484 men
2128 431 2372 487 adulterii
2415 434 2680 489 metimur.
2714 435 2833 490 Noli
2859 436 3000 491 enim
3028 436 3155 491 mihi
3189 437 3332 506 leges
3375 450 3525 492 exter

1966 536 2063 574 nas
2089 521 2338 591 objicere,
2369 541 2488 594 qua:
2519 528 2770 582 mulieres
2801 529 3014 598 quidem
3041 530 3361 585 adulterium
3399 546 3519 584 cum

1965 610 2237 667 mitteutcs
2281 614 2330 667 in
2376 615 2634 683 judicium
2683 618 3040 684 pertrahunt,
3083 630 3136 674 et
3169 635 3352 689 pmnas
3382 623 3449 676 ab
3477 623 3552 674 eis

1965 713 2212 772 repetunt
2241 723 2255 759 :
2287 722 2314 757 a
2351 708 2476 760 viris
2507 724 2632 761 vero
2659 709 2879 763 ancillas
2907 711 3212 766 vitiantibus
3248 729 3352 767 non
3381 713 3508 767 item
3541 731 3552 765 :

1966 804 2021 846 at
2067 809 2166 864 ego
2195 795 2364 866 legem
2397 797 2485 850 tibi
2521 799 2612 851 Dei
2644 801 2911 867 recitabo,
2935 817 3053 870 qua:
3083 803 3196 871 pari
3240 803 3448 858 ratione
3502 804 3555 856 in

1967 885 2245 940 mulierem
2275 897 2327 940 et
2357 888 2408 940 in
2430 889 2600 942 virum
2628 891 2991 958 excandescit,
3019 900 3073 946 et
3090 909 3199 946 rem
3225 893 3553 948 adulterium
3638 958 3650 966 -

1966 978 2218 1048 appellat.
2240 977 2371 1034 Cum
2391 981 2532 1034 enim
2552 981 2792 1044 dixisset,
2814 981 2879 1034 Et
2898 1000 3208 1053 unaquaque
3224 1002 3372 1039 suum
3393 987 3553 1040 virum

1969 1069 2176 1133 habeat,
2218 1069 2412 1138 adjecit
2438 1088 2458 1125 ι.
2487 1071 2646 1126 Uxori
2685 1073 2759 1125 vir
2783 1073 2998 1126 debitam
3019 1075 3408 1130 benevolentiam
3430 1077 3552 1130 red-

1969 1160 2056 1213 dat
2081 1159 2100 1232 (
2120 1163 2169 1216 l.
2199 1160 2315 1215 Cor.
2347 1163 2400 1217 Ἰ.
2434 1163 2488 1234 5)
2510 1202 2522 1214 .
2565 1164 2701 1230 Quid
2734 1163 2946 1218 tandem
2979 1165 3200 1220 innuere
3230 1167 3414 1221 volens
3451 1166 3556 1221 hoc

1969 1251 2138 1306 dixit?
2167 1270 2290 1306 num
2311 1264 2364 1308 ut
2387 1254 2434 1308 ei
2467 1256 2700 1324 pecunia:
2729 1255 2933 1310 reditus
2949 1258 3331 1312 conservaret?
3368 1267 3425 1314 ut
3451 1257 3554 1312 do-

1975 1352 2081 1398 tem
2113 1345 2360 1400 illacsam?
2393 1357 2445 1400 ut
2477 1358 2656 1401 vestes
2685 1359 3022 1417 sumptuosas
3049 1350 3457 1417 suppeditaret?
3499 1361 3563 1405 ut

1970 1435 2247 1492 lautiorem
2271 1438 2544 1491 mensam?
2564 1448 2617 1491 ut
2640 1439 2946 1509 splendidos
2962 1455 3075 1494 sum
3085 1440 3236 1510 plus?
3261 1451 3318 1496 ut
3333 1442 3561 1496 multum

1972 1541 2250 1582 servorum
2301 1528 2659 1598 obsequium?
2705 1529 2839 1597 Quid
2873 1529 2992 1585 ais?
3021 1530 3286 1600 quodnam
3330 1531 3561 1586 benevo-

1972 1618 2149 1674 lentize
2177 1634 2344 1688 genus
2368 1620 2574 1690 exigis?
2606 1635 2728 1673 nam
2759 1629 2812 1674 et
2840 1619 2956 1674 haec
2988 1620 3171 1675 omnia.
3227 1631 3354 1676 sunt
3393 1622 3563 1676 bene-

1971 1710 2239 1766 volentia}.
2268 1711 2408 1763 Nihil
2439 1711 2542 1764 tale
2571 1726 2935 1765 commemoro
2959 1752 2974 1775 ,
3006 1711 3195 1781 inquit,
3223 1711 3316 1766 sed
3343 1713 3562 1766 castita-

1973 1812 2080 1859 tem
2109 1817 2174 1856 ac
2197 1802 2522 1872 pudicitiam.
2551 1803 2661 1857 Viri
2692 1818 2890 1872 corpus
2913 1819 3017 1856 non
3045 1805 3270 1874 amplius
3307 1813 3390 1857 est
3435 1804 3564 1870 viri,

1972 1895 2066 1950 sed
2094 1895 2294 1949 uxoris.
2319 1895 2478 1948 Suam
2509 1895 2666 1964 igitur
2693 1895 3082 1962 possessionem
3112 1894 3328 1947 illa-sam
3353 1894 3423 1947 illi
3449 1909 3561 1949 ser-

1973 1996 2084 2052 vet,
2115 2002 2287 2054 neque
2314 1987 2615 2053 imminuat,
2645 2001 2744 2040 nec
2770 1996 3112 2055 corrumpat;
3141 1987 3401 2056 siquidem
3424 1988 3566 2041 inter

1978 2077 2205 2132 lamulos
2231 2078 2319 2132 ille
2349 2077 2639 2132 benevolus
2669 2079 2882 2140 dicitur,
2933 2078 3020 2148 qui
3053 2078 3307 2131 herilibus
3332 2080 3564 2149 acceptis

1976 2170 2215 2240 pecuniis
2240 2213 2254 2236 ,
2303 2156 2447 2224 nihil
2475 2186 2537 2223 cx
2572 2171 2699 2238 ipsis
2731 2170 3106 2222 intervenerit.
3151 2169 3372 2236 Quando
3406 2170 3565 2238 igitur

1977 2261 2156 2314 uxoris
2189 2261 2454 2330 possessio
2484 2268 2565 2314 est
2596 2261 2690 2314 viri
2721 2275 2935 2330 corpus,
2966 2260 3281 2314 benevolum
3328 2260 3410 2314 vir
3439 2276 3570 2331 erga

1981 2353 2280 2422 depositum
2311 2367 2463 2407 suum
2494 2367 2552 2406 se
2585 2354 2837 2421 przebeat.
2871 2351 2939 2407 Ut
2977 2353 3118 2407 enim
3150 2353 3285 2406 scias
3317 2353 3416 2406 hoc
3444 2370 3570 2406 cum

1977 2446 2222 2513 innuere,
2253 2462 2370 2499 cum
2394 2446 2483 2508 ait,
2519 2445 2919 2499 Benerolcntiam
2949 2447 3144 2509 reddat,
3180 2446 3374 2515 adjecit
3401 2465 3416 2502 :
3445 2446 3566 2499 Mm

1979 2539 2072 2593 lier
2099 2540 2178 2594 sui
2199 2540 2424 2608 corporis
2449 2548 2741 2609 potestatem
2768 2556 2865 2590 non
2887 2539 3050 2598 habet,
3081 2539 3168 2591 sed
3197 2541 3268 2591 vir
3293 2555 3310 2592 :
3333 2539 3568 2593 similiter

1979 2643 2026 2687 et
2068 2633 2143 2686 vir
2177 2633 2254 2686 sui
2305 2633 2529 2702 corporis
2561 2641 2854 2700 potestatem
2891 2648 2991 2683 non
3025 2631 3206 2698 habet,
3252 2631 3340 2684 sed
3388 2631 3570 2684 mulier

1981 2724 2088 2795 (Ib.
2123 2741 2171 2778 v.
2205 2724 2284 2794 4).
2308 2723 2441 2778 Cum
2469 2739 2596 2793 ergo
2627 2723 2965 2777 meretricem
2999 2723 3320 2778 allicientem
3349 2722 3568 2788 videris,

1981 2817 2319 2871 insidiantem
2345 2857 2362 2882 ,
2410 2831 2606 2885 corpus
2653 2814 2988 2869 adamantem
3016 2857 3030 2879 ,
3079 2815 3164 2869 dic
3195 2814 3268 2867 illi
3303 2832 3315 2867 :
3346 2815 3458 2868 Non
3487 2824 3571 2870 est

1987 2926 2164 2964 meum
2194 2925 2408 2978 corpus,
2440 2910 2619 2963 uxoris
2639 2917 2722 2963 est
2743 2923 2874 2963 mea:
2906 2926 2918 2962 :
2955 2909 3042 2961 illo
3072 2907 3214 2961 abuti
3243 2924 3348 2961 non
3376 2909 3568 2972 audeo,

1982 3019 2156 3073 neque
2182 3003 2333 3058 alteri
2375 3001 2582 3056 mulieri
2614 3001 2664 3055 id
2690 3017 2981 3070 exponere.
3007 3000 3116 3054 Hoc
3159 3010 3213 3054 et
3249 3000 3406 3054 faciat
3452 3017 3571 3054 mu-

1983 3095 2101 3150 lier.
2135 3094 2320 3164 Magna
2347 3094 2543 3162 quippe
2573 3093 2656 3146 hic
2681 3101 2764 3148 est
2794 3091 3009 3146 llt)ll0l'lS
3031 3091 3335 3160 urqualitas:
3365 3091 3573 3144 tametsi

1983 3186 2204 3241 multam
2237 3185 2289 3238 in
2315 3184 2525 3238 creteris
2568 3183 2751 3238 tribuit
2793 3183 3160 3238 excellentiam
3199 3192 3251 3236 et
3275 3182 3410 3250 juris
3442 3198 3574 3250 pra:—

1983 3276 2272 3346 rogativam
2302 3275 2497 3329 Paulus
2527 3275 2596 3328 ita
2626 3275 2808 3328 dicens
2833 3293 2846 3328 :
2885 3273 3238 3327 Verumtamen
3269 3284 3314 3326 ct
3349 3289 3435 3327 vos
3465 3275 3574 3327 sin.

1985 3372 2110 3442 guti,
2130 3379 2182 3423 ut
2204 3369 2546 3438 unusquisque
2565 3385 2708 3420 suam
2731 3384 2935 3422 uxorem
2959 3369 3026 3420 ita
3049 3368 3247 3437 diligat,
3262 3380 3313 3418 ut
3330 3368 3576 3436 seipsnm.‘

1986 3480 2116 3517 uxor
2148 3471 2314 3516 autent
2346 3471 2401 3514 ut
2441 3463 2610 3515 timeat
2637 3461 2797 3513 virum
2823 3478 2970 3514 suum
2995 3459 3210 3534 (Ep/tes.
3235 3461 3286 3514 5.
3319 3461 3407 3530 55)
3443 3483 3455 3513 ε
3485 3470 3539 3513 et
3560 3501 3574 3525 ,
3637 3511 3652 3524 ,

1987 3553 2151 3624 Caput
2179 3553 2403 3607 mulieris
2434 3563 2502 3606 est
2530 3554 2604 3606 vir
2632 3569 2650 3604 :
2681 3561 2756 3617 et,
2802 3549 2955 3605 Debet
2990 3552 3172 3604 mulier
3201 3552 3304 3604 viro
3331 3568 3435 3604 esse
3455 3551 3576 3604 sub-

1978 3646 2118 3715 jecta
2161 3643 2321 3716 (Ibid.
2353 3660 2399 3697 υ.
2427 3645 2516 3698 25.
2544 3643 2673 3712 22).
2705 3643 2771 3696 Et
2814 3657 2996 3697 rursus
3057 3642 3108 3695 in
3166 3643 3339 3697 Veteri
3388 3643 3578 3696 Testa-

1988 3745 2170 3791 mento
2201 3754 2214 3790 :
2241 3736 2322 3789 Ad
2350 3737 2511 3788 virum
2537 3737 2792 3789 conversio
2820 3745 2904 3787 tua
2923 3775 2938 3799 ,
2980 3747 3024 3788 et
3065 3736 3173 3804 ipse
3199 3736 3271 3788 tui
3300 3735 3580 3788 dominabi-

1989 3843 2070 3887 tur
2095 3832 2256 3904 (Gen.
2291 3833 2343 3888 5.
2377 3831 2500 3903 16).
2532 3831 2811 3898 Quomodo
2853 3831 3009 3900 igitur
3045 3829 3146 3883 hoc
3177 3830 3291 3883 loco
3321 3830 3578 3899 arqualem

1990 3926 2476 3981 remunerationem
2538 3923 2811 3978 servitutis
2864 3931 2918 3977 et
2983 3923 3283 3976 dominatus
3335 3922 3582 3974 induxit?

1989 4020 2126 4074 Cum
2149 4020 2290 4073 enim
2321 4017 2515 4073 dixerit
2538 4058 2553 4080 ,
2597 4015 2784 4070 Mulier
2810 4016 2888 4069 sui
2911 4017 3136 4084 corporis
3164 4025 3453 4084 potestatem
3481 4032 3581 4067 non

1999 4111 2183 4175 habet,
2229 4109 2317 4163 sed
2350 4109 2425 4162 t'ir
2446 4124 2464 4161 :
2485 4109 2718 4161 similiter
2747 4117 2792 4160 et
2821 4107 2894 4159 vir
2925 4107 3004 4160 sui
3031 4108 3258 4176 corporis
3289 4116 3583 4174 potestatem

1993 4220 2092 4255 non
2123 4201 2289 4269 habet,
2310 4201 2398 4254 scd
2426 4199 2604 4253 mulier
2629 4199 2715 4272 (1.
2748 4198 2865 4254 Cor.
2897 4200 2950 4252 7.
2978 4199 3012 4252 4
3032 4199 3072 4268 ),
3103 4214 3345 4267 magnam
3367 4197 3586 4267 :rquali-

1996 4303 2155 4347 tatem
2185 4293 2483 4346 constituit.
2514 4290 2583 4345 Et
2607 4289 3054 4361 quemadmodum
3087 4290 3174 4343 ille
3200 4291 3439 4358 corporis
3467 4289 3583 4358 ejus

1993 4393 2077 4438 est
2120 4383 2368 4438 dominus
2393 4425 2408 4449 ,
2458 4385 2536 4438 sic
2571 4392 2626 4438 et
2655 4383 2753 4436 ista
2775 4383 3014 4450 corporis
3047 4381 3188 4435 illius
3228 4392 3310 4434 est
3347 4380 3584 4434 domina.

1994 4475 2100 4530 Cur
2143 4475 2302 4545 igitur
2335 4485 2533 4529 tantam
2586 4475 2944 4544 {equalitatem
2997 4473 3213 4527 honoris
3256 4473 3586 4527 introduxit?

1995 4566 2146 4634 Quod
2180 4567 2426 4620 nintirutn
2453 4565 2537 4619 hic
2560 4566 2859 4620 necessaria
2882 4565 2951 4617 sit
2972 4564 3258 4618 eminentia
3295 4581 3306 4617 :
3342 4565 3427 4618 ubi
3452 4579 3578 4617 vero

1995 4657 2255 4713 castitatis
2285 4667 2490 4726 tempus
2514 4665 2666 4710 estet
2700 4655 2987 4724 pudicitia),
3009 4655 3140 4708 nihil
3167 4655 3393 4722 amplius
3426 4653 3586 4708 habet

1996 4750 2097 4816 vir,
2121 4764 2278 4819 quam
2306 4749 2499 4802 tnulier
2518 4789 2532 4812 ,
2562 4747 2656 4800 sed
2689 4747 2797 4816 pari
2827 4746 3032 4800 ratione
3059 4761 3179 4798 cum
3204 4745 3291 4798 illa
3320 4745 3584 4813 plectitur,

2002 4842 2046 4894 si
2080 4842 2226 4909 leges
2257 4839 2486 4907 conjugii
2510 4837 2805 4898 violaverit,
2837 4851 2898 4890 ac
2923 4837 3112 4889 merito
3137 4851 3283 4889 sane.
3308 4835 3421 4888 Νυιι
3444 4836 3585 4889 enim

1999 4934 2065 4988 ad
2091 4941 2141 4987 te
2168 4932 2357 4986 mulier
2399 4931 2596 4984 idcirco
2627 4929 2790 4993 venit,
2842 4939 2896 4982 et
2932 4937 3140 4997 patrem
3171 4937 3222 4980 et
3254 4938 3473 4980 matrem
3503 4936 3586 4980 to-

2002 5037 2214 5093 tamque
2237 5024 2452 5078 dommn
2480 5022 2784 5092 dereliquit,
2822 5034 2875 5074 ut
2902 5038 2932 5075 a
2965 5033 3014 5075 te
3043 5021 3382 5074 contumeliis
3409 5020 3588 5074 allice-

2001 5130 2164 5182 retur,
2191 5127 2244 5172 et
2273 5116 2430 5170 vilem
2455 5115 2760 5169 ancillulam
2791 5113 2888 5182 ipsi
2922 5112 3390 5180 superinduceres,
3421 5123 3476 5165 ut
3507 5114 3588 5166 in-

2002 5223 2253 5263 numeras
2283 5221 2486 5276 pugnas
2511 5206 2772 5258 excitares
2813 5223 2826 5258 :
2860 5202 3107 5256 comitem
3136 5212 3189 5256 et
3215 5203 3413 5256 sociam
3447 5203 3586 5269 vitae,

2002 5302 2227 5356 liberam
2269 5310 2322 5354 et
2353 5300 2556 5354 honore
2589 5313 2768 5368 parem
2799 5297 3071 5367 accepisti.
3101 5296 3292 5350 Annon
3325 5296 3465 5350 enim
3497 5296 3591 5348 ab-

2004 5395 2220 5448 surdum
2239 5401 2421 5459 est,'ut
2445 5408 2564 5447 cum
2587 5391 2768 5446 dotem
2793 5389 3088 5459 acceperis,
3109 5404 3320 5443 omnem
3338 5388 3590 5442 exhibeas

2007 5485 2429 5540 benevolentiam
2451 5525 2466 5545 ,
2511 5483 2748 5552 nihilque
2775 5499 2840 5537 ex
2865 5483 2950 5536 illa
2979 5481 3260 5535 imminuas
3284 5498 3296 5532 :
3329 5478 3465 5549 quod
3492 5493 3591 5531 au-

2009 5589 2113 5633 tem
2145 5579 2328 5649 quavis
2371 5576 2497 5631 dote
2541 5575 2825 5645 pretiosius
2854 5585 2955 5639 est,
2985 5574 3280 5628 castitatem
3306 5578 3362 5625 et
3391 5569 3594 5638 pudici-

2010 5673 2155 5736 tiam,
2186 5679 2438 5739 tuumque
2471 5682 2688 5737 corpus,
2716 5665 2859 5736 quod
2889 5665 3030 5718 illius
3058 5673 3142 5718 est
3159 5674 3446 5732 possessm,
3474 5673 3592 5713 cor-

2010 5779 2226 5835 rumpas
2267 5772 2321 5818 et
2378 5760 2621 5832 polluas?
2672 5759 2729 5813 Si
2775 5757 2952 5814 dotem
2992 5752 3360 5821 imminueris,
3404 5765 3593 5806 socero
