3964 6342
380 313 487 369 2l5

385 427 650 483 rationem
685 423 878 481 reddes
901 440 917 478 :
944 422 991 479 si
1016 422 1315 479 castitatem
1354 420 1687 477 imminueris
1712 461 1728 487 ,
1760 417 1901 473 Deus
1943 427 1975 467 a

386 530 648 593 tepmnas
673 519 897 589 exiget,
946 516 1037 585 qui
1064 516 1275 586 nuptias
1317 514 1629 579 introduxit,
1676 522 1732 570 et
1757 528 1977 569 uxorem

381 613 475 667 tibi
515 610 756 666 tradidit.
786 612 959 679 Atque
989 608 1091 663 hoc
1129 622 1316 662 verum
1361 622 1484 662 esse
1530 606 1751 678 colliges
1778 622 1845 662 ex
1872 606 1938 662 iis
1961 646 1976 670 ,

381 718 501 772 qua:
552 702 621 757 de
662 702 920 756 adulteris
960 701 1034 755 ait
1073 700 1269 756 Paulus
1299 717 1312 753 :
1346 700 1445 767 Qui
1474 700 1606 755 enim
1628 699 1851 769 spernit,
1879 716 1981 753 non

381 793 639 846 hominem
663 793 886 860 spernit,
918 792 1007 846 sed
1033 791 1229 859 Deum,
1258 792 1343 863 qui
1379 791 1514 846 dedit
1544 791 1797 861 Spiritum
1833 806 1982 845 suum

381 892 620 936 sanctum
644 884 699 937 iu
728 883 863 938 vobis
891 883 978 955 (i.
1011 882 1188 938 Thess.
1212 886 1267 938 4.
1298 880 1392 954 8).
1424 882 1586 938 Vides
1610 898 1769 953 quam
1796 883 1983 939 multis

379 974 567 1030 verbis
610 986 887 1031 ostensum
932 990 1001 1030 ex
1034 974 1308 1044 Scriptura
1346 974 1418 1031 sit
1455 975 1775 1031 adulterium
1817 989 1940 1031 esse
1963 1017 1980 1041 ,

384 1080 499 1122 non
525 1068 698 1124 solum
722 1068 767 1123 si
797 1068 989 1123 marito
1013 1067 1251 1137 junctam
1283 1066 1586 1134 mulierem,
1620 1066 1715 1123 sed
1742 1068 1904 1123 etiam
1932 1068 1979 1123 si

392 1162 637 1234 quamvis
692 1163 1030 1218 meretricem
1073 1169 1381 1231 corrumpat
1430 1162 1476 1216 is
1525 1163 1613 1232 qui
1657 1160 1727 1217 sit
1767 1162 1987 1231 junctus

393 1254 548 1313 uxori
564 1254 587 1307 ?
606 1251 739 1308 Nam
762 1252 1209 1323 quemadmodum
1231 1252 1495 1310 adulterio
1517 1253 1680 1323 pollui
1704 1253 1982 1309 mulierem

395 1344 625 1400 dicimus
645 1385 662 1412 ,
717 1345 830 1399 sive
865 1359 986 1399 cmn
1022 1359 1201 1410 servo,
1230 1344 1343 1398 sive
1369 1358 1491 1398 cum
1519 1344 1624 1399 alio
1649 1358 1988 1415 quocumque

396 1444 619 1505 peccet:
644 1436 724 1491 sic
745 1436 907 1491 etiam
937 1436 1108 1490 virum
1138 1435 1458 1491 adulterium
1490 1437 1826 1493 committere
1851 1437 1987 1493 dici-

402 1544 518 1586 mus
539 1571 554 1593 ,
587 1529 700 1584 sive
726 1542 845 1583 cum
876 1528 1125 1585 ancillula
1146 1570 1161 1594 ,
1203 1530 1316 1585 sive
1351 1544 1473 1585 cum
1502 1544 1838 1601 quocumque
1868 1531 1987 1585 vul-

397 1621 511 1691 gari
541 1628 721 1676 scorto
749 1632 969 1676 uxorem
1001 1620 1200 1677 habens
1226 1620 1501 1676 libidinem
1526 1622 1759 1693 expleat.
1791 1621 1868 1677 Ne
1894 1621 1991 1692 igi-

400 1721 485 1765 tur
510 1712 737 1767 salutem
765 1721 1001 1767 nostram
1029 1713 1359 1783 negligamus
1382 1753 1397 1778 ,
1444 1727 1580 1769 neve
1606 1722 1844 1769 nostram
1875 1714 1992 1767 ani-

398 1817 541 1858 mam
587 1817 682 1873 per
719 1803 822 1858 hoc
874 1812 1149 1874 peccatum
1194 1803 1410 1859 diabolo
1454 1818 1805 1875 exponamus.
1854 1805 1991 1861 llinc

400 1896 543 1949 enim
576 1896 870 1950 innumerae
912 1894 1234 1951 familiarum
1274 1896 1520 1951 oriuntur
1559 1898 1867 1953 eversiones
1890 1938 1905 1964 ,
1938 1906 1993 1954 et

399 1987 539 2042 bella
580 1988 857 2044 innumera
899 2007 912 2043 :
958 1988 1085 2045 hinc
1105 1988 1163 2045 ﬁt
1188 2031 1203 2058 ,
1248 1998 1308 2044 ut
1348 1990 1543 2046 caritas
1585 1990 1891 2060 dilabatur,
1939 2000 1993 2047 et

400 2080 771 2136 benevolentia
810 2081 1174 2137 subtrahatur.
1232 2082 1365 2138 Nam
1412 2092 1470 2138 ut
1510 2083 1625 2140 fieri
1665 2085 1888 2155 nequit,
1935 2093 1994 2142 ut

402 2173 565 2228 homo
590 2183 768 2230 castus
798 2190 1020 2231 uxorem
1058 2175 1291 2247 negligat
1316 2191 1570 2247 umquam
1601 2191 1665 2232 ac
1691 2176 1990 2247 despiciat:

402 2265 481 2320 sic
510 2282 683 2337 neque
711 2266 829 2321 fieri
858 2277 1057 2337 potest,
1089 2278 1147 2323 ut
1176 2268 1337 2323 homo
1367 2270 1728 2341 intemperans
1752 2278 1807 2325 et
1832 2269 1993 2326 lasci-

403 2374 501 2414 vus
531 2376 753 2415 uxorem
782 2374 932 2415 suam
960 2362 1161 2433 diligat,
1192 2361 1263 2418 sit
1290 2362 1416 2419 licet
1443 2364 1682 2419 omnium
1710 2363 1992 2420 formosis-

405 2450 706 2507 sima.Nam
728 2466 793 2508 ex
816 2454 1060 2509 castitate
1085 2455 1279 2510 caritas
1299 2456 1486 2521 oritur,
1514 2471 1583 2510 ex
1612 2457 1834 2512 caritate
1855 2458 1995 2514 bona

406 2543 706 2599 innumera.
730 2544 836 2599 Fac
859 2544 1020 2615 igitur
1045 2545 1282 2617 lapideas
1308 2548 1561 2603 mulieres
1590 2549 1823 2619 reliquas
1852 2550 1996 2606 arbi-

407 2637 584 2701 treris,
613 2652 733 2692 cum
760 2638 1058 2710 intelligas,
1110 2641 1155 2695 si
1186 2639 1399 2697 lascivis
1421 2642 1589 2697 oculis
1614 2642 1843 2698 alienam
1874 2659 1998 2700 mu-

406 2728 591 2783 lierem
636 2729 890 2786 intuearis
927 2732 1040 2787 sive
1081 2732 1348 2803 publicam
1371 2734 1483 2788 sive
1504 2734 1744 2804 junctam
1774 2736 1910 2801 viro,
1944 2744 1999 2791 te

406 2820 771 2877 adulterorum
824 2822 1038 2878 crimini
1088 2823 1380 2880 obnoxium
1429 2840 1549 2881 esse
1599 2826 1819 2883 factum.
1871 2826 1998 2883 Herc

407 2914 503 2969 tibi
532 2915 630 2984 ipsi
656 2916 893 2986 quotidie
918 2918 1078 2973 verba
1102 2919 1287 2974 occine
1309 2935 1326 2975 :
1351 2919 1492 2989 quod
1522 2920 1568 2975 si
1594 2920 1819 2975 alterius
1860 2936 1998 2976 uxo-

407 3007 483 3062 ris
514 3008 645 3064 inte
684 3011 883 3064 sentias
913 3010 1258 3081 cupiditatem
1298 3012 1678 3081 exardescere,
1721 3029 1784 3070 ac
1806 3014 2000 3071 deinde

409 3100 586 3155 minus
614 3100 815 3157 idcirco
842 3102 936 3157 tibi
974 3112 1117 3157 tuam
1165 3120 1386 3161 uxorem
1430 3107 1678 3177 placere,
1727 3110 2001 3181 ingressus

409 3195 698 3263 conclave,
743 3196 937 3252 librum
970 3197 1111 3253 hunc
1132 3198 1352 3264 evolve,
1384 3200 1712 3273 Paulumque
1740 3203 2000 3260 adhibens

407 3289 857 3356 interventorem,
883 3304 945 3344 ac
970 3289 1065 3346 tibi
1093 3290 1209 3346 lucc
1232 3291 1394 3347 verba
1422 3290 1727 3364 frequenter
1749 3296 2001 3352 occinens

407 3378 677 3435 ﬂammam
707 3381 1004 3451 exstinguc.

484 3468 634 3524 Nihil
657 3471 856 3540 turpius
883 3472 989 3525 viro
1016 3480 1283 3529 scortante.
1302 3505 1374 3515 —
1398 3473 1488 3531 Sic
1516 3476 1606 3533 ﬁet
1634 3485 1692 3533 ut
1719 3485 1772 3533 et
1799 3479 2003 3549 gratior

410 3559 504 3615 tibi
528 3576 739 3616 rursum
763 3559 938 3617 futura
961 3563 1033 3618 sit
1053 3576 1207 3629 uxor,
1236 3580 1356 3620 cum
1384 3568 1530 3622 nulla
1557 3569 1820 3639 cupiditas
1849 3580 1993 3626 tuam

409 3665 533 3721 erga
563 3651 708 3706 illam
754 3651 1177 3710 benevolentiam
1219 3656 1547 3713 labefactet:
1582 3676 1755 3731 neque
1797 3671 2001 3719 tantum

409 3743 613 3813 gratior
653 3745 755 3798 erit
782 3760 938 3815 uxor,
967 3747 1062 3803 sed
1108 3755 1165 3802 tu
1190 3764 1402 3820 quoque
1429 3750 1705 3808 honestior
1745 3770 1808 3809 ac
1835 3771 2002 3811 venu-

410 3835 545 3889 stior
568 3849 691 3891 esse
713 3835 999 3893 videberis.
1028 3838 1170 3895 Nihil
1214 3842 1356 3897 cnim
1382 3852 1499 3909 est,
1546 3845 1678 3899 nihil
1703 3848 1860 3917 plane
1888 3857 2002 3903 tur-

410 3924 530 3994 pius
579 3926 816 3994 bominc,
866 3930 960 4000 qui
1009 3941 1285 3988 contracto
1330 3937 1670 3991 matrimonio
1715 3948 2001 3997 scortator.

410 4018 526 4080 Non
555 4022 694 4075 enim
719 4037 897 4077 coram
929 4039 1119 4081 socero
1146 4034 1371 4093 tantum,
1402 4036 1457 4083 et
1495 4029 1705 4098 amicis,
1737 4041 1792 4088 et
1809 4034 2003 4102 obviis,

411 4111 506 4167 sed
534 4114 692 4169 etiam
724 4130 905 4171 coram
933 4118 1103 4173 servis
1134 4119 1263 4190 ipsis
1288 4122 1575 4178 erubescit.
1618 4124 1801 4195 Neque
1832 4128 2004 4183 solum

412 4212 494 4259 est
521 4208 623 4259 hoc
657 4207 878 4275 malum,
908 4209 1001 4265 sed
1033 4211 1216 4279 etiam,
1255 4214 1397 4283 quod
1427 4216 1592 4284 ipsius
1620 4217 1812 4273 domus
1846 4234 2005 4291 aspe—

412 4304 528 4348 clus
574 4295 911 4366 injucundior
944 4302 1045 4356 erit
1068 4343 1083 4367 ,
1115 4317 1272 4373 quam
1302 4307 1534 4361 carceris
1577 4308 1833 4377 cujusvis,
1882 4327 2003 4367 cum

412 4387 638 4445 amicam
671 4398 794 4445 ante
825 4393 1009 4447 oculos
1053 4396 1279 4463 positam
1338 4397 1567 4467 habeat,
1616 4416 1678 4456 ac
1706 4405 2006 4461 meretricis

412 4495 625 4550 semper
646 4482 928 4554 imaginem
951 4495 1132 4542 mente
1158 4489 1369 4544 verset?

488 4573 642 4628 5.Vis
664 4581 718 4628 tu
740 4576 903 4645 probe
932 4577 1251 4649 intelligere,
1269 4590 1525 4651 quantum
1553 4584 1742 4641 sithoc
1765 4584 1961 4642 malum
1984 4589 2008 4644 ?

411 4664 595 4735 Cogita
640 4668 851 4735 qualem
877 4668 1074 4727 ducant
1106 4671 1292 4738 vitam,
1315 4674 1404 4742 qui
1431 4689 1555 4729 suas
1595 4690 1789 4732 uxores
1818 4692 2006 4748 suspe-

412 4766 525 4810 ctas
551 4756 769 4825 habent,
797 4773 905 4830 quo
932 4770 1086 4829 pacto
1112 4762 1416 4832 injucunda:
1458 4766 1564 4820 illis
1589 4769 1697 4821 sint
1734 4784 1894 4838 escae,
1926 4771 2009 4825 in-

412 4850 627 4921 jucundi
680 4860 856 4921 potus.
912 4853 1139 4909 Venenis
1182 4871 1367 4911 mensa
1408 4858 1618 4914 videtur
1661 4874 1903 4931 scatere,
1954 4876 2008 4922 et

420 4950 692 5010 tamquam
734 4944 960 4998 exitium
1013 4945 1231 5000 domum
1262 4947 1469 5018 fugiunt
1515 4952 1670 5008 malis
1712 4954 2009 5013 innumeris

416 5032 824 5090 redundantem.
855 5036 972 5092 Nan
1005 5037 1110 5094 illis
1139 5056 1380 5107 somnus,
1410 5058 1515 5098 non
1539 5060 1643 5099 nox
1669 5056 1751 5103 est
1775 5049 2004 5118 placida,

415 5140 522 5178 non
550 5125 839 5180 amicorum
867 5144 1205 5201 congressus,
1233 5148 1339 5187 non
1368 5135 1466 5204 ipsi
1489 5136 1621 5193 radii
1643 5140 1845 5196 solares
1869 5159 1883 5197 :
1914 5142 2009 5199 sed

413 5218 481 5271 ab
509 5218 625 5287 ipso
652 5220 854 5275 lumine
881 5237 940 5277 se
961 5223 1159 5280 oﬁ‘endi
1188 5234 1392 5295 putant,
1416 5244 1524 5284 non
1557 5241 1665 5286 tum
1692 5234 1865 5288 solum
1884 5251 2006 5291 cum

413 5312 680 5367 adulterio
711 5315 871 5383 pollui
898 5334 1116 5375 uxorem
1156 5322 1406 5390 viderint,
1454 5326 1549 5381 sed
1586 5328 1746 5384 etiam
1800 5346 1923 5387 cum
1953 5333 2007 5388 in

416 5406 859 5476 qualemcumque
900 5413 1257 5479 suspicionem
1303 5419 1446 5476 illius
1507 5423 1678 5493 culpa:
1741 5429 2004 5484 venerint.

418 5496 561 5551 Idem
592 5500 837 5581 accidere
884 5513 937 5557 et
968 5508 1117 5562 uxori
1147 5519 1294 5579 puta,
1346 5528 1466 5568 cum
1496 5530 1526 5569 a
1572 5518 1809 5588 quolibet
1838 5521 1891 5577 id
1916 5538 2010 5577 au—

419 5588 630 5657 diverit,
664 5593 746 5648 vel
774 5594 934 5649 etiam
963 5595 1124 5653 fuerit
1164 5604 1430 5672 suspicata
1450 5648 1465 5672 ,
1497 5616 1549 5662 te
1588 5610 1800 5666 mulieri
1829 5629 2008 5671 mere-

421 5682 543 5775 trici
571 5686 798 5775 teipsum
845 5688 1138 5748 addixisse.
1188 5693 1315 5751 llaec
1356 5699 1495 5767 apud
1551 5709 1603 5756 te
1633 5704 1872 5775 cogitans
1902 5723 2006 5763 non

422 5765 678 5830 adulteria
733 5789 934 5841 tantum
973 5781 1114 5857 fuge,
1156 5789 1251 5844 sed
1278 5765 1437 5848 etiam
1460 5765 1828 5867 suspiciones:
1864 5801 2005 5873 quod

1099 304 1158 362 S-
1198 302 1479 363 JOANNIS
1513 297 1998 359 CHRYSOSTOMI
2035 298 2350 357 ARClllEP.
2391 297 2927 360 CONSTANTINOP.

3569 304 3682 359 216

2088 413 2132 467 si
2162 414 2430 471 immerito
2473 415 2795 486 suspicetur,
2846 418 2998 487 placa
3023 415 3165 472 illaut
3194 425 3250 474 et
3272 416 3454 474 verbis
3499 417 3679 475 ﬂecte.

2086 508 2203 563 Non
2232 510 2376 565 enim
2401 510 2526 565 odio
2553 511 2635 565 vel
2683 510 2817 565 fastu
2849 511 3097 581 impulsa,
3147 509 3242 567 sed
3270 527 3378 582 prae
3406 512 3571 566 nimia
3602 511 3683 567 tui

2086 616 2214 657 cura
2243 601 2295 657 id
2339 602 2484 670 facit,
2510 603 2760 675 quodque
2803 603 2873 659 de
2916 618 3012 659 sua
3049 604 3389 675 possessione
3430 603 3587 660 valde
3613 604 3685 657 ti-

2090 703 2251 750 meat.
2283 693 2562 751 Possessio
2588 695 2785 767 quippe
2808 696 2978 767 ipsius
3003 706 3103 762 est,
3133 705 3191 751 ut
3219 706 3343 753 ante
3369 696 3482 751 dixi
3506 737 3521 764 ,
3552 711 3684 752 cor-

2088 802 2187 858 pus
2216 796 2388 856 tuum,
2410 798 2465 844 et
2492 790 2763 859 possessio
2790 804 2968 845 rerum
3000 791 3239 845 omnium
3267 790 3685 860 pretiosissima.

2088 883 2205 940 Noli
2228 899 2357 956 ergo
2382 885 2435 939 in
2455 899 2517 940 re
2544 886 2776 939 maxima
2804 884 2949 939 illam
2976 884 3193 949 laedere,
3222 899 3395 956 neque
3418 883 3577 939 letale
3604 881 3681 937 illi

2090 977 2282 1031 vulnus
2329 974 2557 1047 inﬂigas.
2610 976 2867 1045 Quamvis
2933 976 3076 1031 enim
3124 975 3271 1030 illam
3326 985 3681 1031 contemnas,

2090 1072 2259 1126 Deum
2289 1080 2465 1125 tamen
2492 1068 2661 1126 debes
2691 1070 2882 1125 timere
2909 1067 3173 1139 ejusmodi
3198 1068 3482 1123 criminum
3510 1066 3687 1122 vindi-

2090 1178 2230 1230 cem,
2259 1172 2314 1221 et
2360 1163 2451 1234 qui
2492 1162 2683 1218 talibus
2725 1161 2935 1217 delictis
2981 1159 3315 1215 intolerabile
3364 1159 3687 1229 supplicium

2092 1254 2469 1309 comminatur.
2519 1252 2722 1308 Eoru’m
2770 1253 2934 1317 enim,
2959 1252 3050 1323 qui
3078 1251 3198 1306 talia
3248 1260 3553 1321 perpetrare
3580 1250 3690 1303 sint

2092 1348 2231 1415 ausi,
2259 1347 2451 1418 inquit,
2493 1346 2684 1401 Vermis
2708 1361 2808 1399 non
2833 1344 3096 1408 morietur,
3128 1352 3175 1396 et
3201 1342 3334 1412 ignis
3366 1358 3467 1395 non
3494 1341 3693 1395 exstin-

2093 1448 2273 1511 guetur
2298 1436 2489 1510 (Marc.
2512 1437 2566 1493 9.
2596 1434 2709 1507 45).
2738 1433 2894 1503 Quod
2918 1435 2963 1489 si
2988 1448 3095 1488 non
3130 1431 3415 1487 admodum
3446 1439 3694 1501 pungunt

2096 1541 2149 1587 te
2171 1530 2368 1595 futura,
2402 1538 2638 1584 terreant
2660 1536 2713 1582 te
2732 1526 2921 1581 saltem
2947 1525 3254 1595 praesentia.
3287 1523 3433 1579 Multi
3464 1523 3688 1593 quidem

2094 1636 2244 1679 certe
2296 1622 2529 1688 illorum,
2585 1620 2675 1691 qui
2718 1618 3091 1675 meretricibus
3139 1618 3433 1683 adhzerent,
3485 1617 3536 1670 in
3590 1614 3693 1669 bac

2095 1717 2255 1774 etiam
2303 1715 2411 1770 vita
2436 1713 2562 1769 mali
2586 1713 2725 1769 male
2752 1713 3063 1783 perierunt,
3091 1709 3317 1766 curiosis
3343 1708 3694 1763 meretricum

2096 1809 2302 1865 insidiis
2326 1807 2591 1879 oppressi.
2615 1806 2749 1861 Dum
2771 1804 2913 1861 enim
2932 1804 3035 1860 illm
3051 1802 3380 1858 contendunt
3404 1816 3433 1855 a
3455 1800 3694 1870 legitima

2098 1918 2265 1960 uxore
2307 1917 2371 1958 ac
2390 1900 2735 1957 matrimonio
2764 1899 2950 1969 juncta
2991 1898 3139 1953 illum
3178 1896 3435 1961 alienare,
3484 1909 3695 1962 suoque

2097 2012 2281 2055 amore
2307 1997 2516 2068 penitus
2560 1994 2710 2051 illum
2738 1994 3048 2050 devinctum
3082 2000 3286 2054 tenere,
3332 1986 3615 2059 praestigiis
3640 1995 3697 2041 et

2098 2088 2548 2145 incantationibus
2572 2097 2811 2154 utuntur,
2833 2082 3093 2140 amatoria
3119 2090 3307 2153 parant
3332 2079 3611 2144 veneficia,
3641 2086 3697 2133 et

2099 2183 2294 2239 multas
2348 2181 2753 2238 fascinationum
2806 2177 3043 2234 fallacias
3096 2182 3326 2230 texunt:
3370 2173 3449 2229 sic
3499 2171 3703 2226 deinde

2098 2290 2219 2331 cum
2250 2276 2401 2330 illum
2429 2274 2481 2328 in
2512 2288 2733 2344 gravem
2760 2271 3007 2326 morbum
3053 2268 3403 2338 cmjecerint,
3457 2264 3573 2320 dira
3608 2263 3697 2318 lue

2102 2378 2429 2437 correptum,
2462 2365 2619 2436 longa
2650 2363 2769 2419 tabe
2794 2371 3171 2432 consumptum
3196 2367 3252 2414 et
3286 2356 3579 2412 innumeris
3600 2354 3698 2409 ob-

2099 2468 2279 2515 rutum
2326 2457 2522 2525 malis,
2570 2456 2729 2525 hujus
2779 2454 2914 2509 lucis
2966 2468 3127 2508 usura
3175 2451 3404 2521 privant.
3450 2449 3508 2504 Si
3556 2447 3699 2503 forte

2100 2551 2405 2622 gehennam
2423 2565 2531 2604 non
2564 2546 2908 2610 reformidas,
2935 2545 3007 2599 mi
3046 2544 3230 2609 homo,
3258 2540 3552 2613 praestigias
3581 2537 3697 2592 illa-

2102 2658 2219 2699 rum
2243 2640 2553 2698 reformida.
2578 2639 2713 2695 Cum
2741 2639 2884 2692 enim
2918 2652 3015 2707 per
3038 2634 3303 2690 luxuriam
3327 2633 3482 2687 istam
3514 2630 3707 2684 divino

2102 2735 2354 2808 prtesidio
2398 2745 2449 2791 te
2493 2732 2803 2805 privaveris,
2827 2739 2883 2786 et
2907 2729 3107 2786 caelesti
3133 2727 3332 2782 auxilio
3358 2723 3701 2796 Spoliaveris,

2104 2837 2214 2884 tum
2240 2828 2494 2884 audacter
2513 2824 2767 2883 invadens
2791 2829 2848 2881 te
2869 2821 3144 2888 meretrix,
3171 2832 3404 2888 suosque
3423 2818 3704 2873 daemones

2103 2921 2369 2977 advocans
2396 2918 2610 2975 laminis
2636 2926 2689 2973 et
2716 2915 2962 2971 amuletis
2985 2912 3237 2969 adhibitis
3257 2954 3271 2977 ,
3303 2911 3519 2979 suisque
3556 2918 3703 2963 stru-

2104 3013 2203 3069 ctis
2244 3011 2454 3068 insidiis
2496 3009 2746 3065 facillime
2770 3009 2999 3063 salutem
3044 3014 3188 3061 tuam
3219 3011 3507 3074 expugnat,
3541 3012 3705 3071 teque

2104 3104 2317 3176 probris
2336 3102 2624 3159 obnoxium
2644 3118 2708 3157 ac
2725 3100 3003 3156 ridendum
3027 3097 3299 3164 omnibus,
3321 3096 3407 3166 qui
3428 3094 3707 3151 civitatem

2106 3196 2367 3261 incolunt,
2402 3195 2680 3266 propinat,
2714 3203 2770 3247 ut
2818 3207 2918 3247 nec
2947 3190 3023 3245 illi
3074 3187 3393 3245 calamitatis
3447 3200 3704 3255 umquam

2106 3300 2212 3346 tuae
2251 3290 2595 3345 miseratione
2646 3295 2979 3342 moveantur.
3020 3283 3148 3351 Quis
3178 3281 3321 3337 enim
3364 3277 3704 3341 miserebitur,

2105 3382 2278 3455 inquit
2307 3426 2323 3450 ,
2350 3382 2654 3438 incantatori
2676 3398 2709 3435 a
2732 3388 2960 3449 serpente
2989 3391 3247 3448 percusso,
3288 3383 3336 3428 et
3357 3370 3587 3427 omnibus
3618 3368 3709 3438 qui

2107 3474 2521 3547 appmpinquant
2543 3473 2711 3527 bestiis
2744 3469 2934 3541 (Eccli.
2968 3468 3055 3525 i2.
3081 3468 3218 3540 13)?
3247 3466 3515 3523 Przetereo
3536 3464 3711 3534 jactu-

2108 3583 2223 3623 ram
2252 3566 2622 3637 pecuniarum,
2652 3574 2707 3620 et
2736 3563 3072 3634 quotidianas
3098 3559 3450 3630 suspiciones,
3482 3557 3708 3623 fastum,

2108 3659 2490 3730 arrogantiam,
2511 3653 2887 3720 contumelias,
2915 3654 3111 3725 quibus
3132 3651 3326 3708 stultos
3369 3658 3565 3705 vexant
3588 3665 3712 3703 me-

2109 3753 2355 3819 retrices,
2387 3767 2507 3822 qua:
2549 3750 2719 3806 multo
2747 3757 2872 3804 sunt
2902 3747 3205 3810 acerbiora,
3235 3760 3395 3816 quam
3421 3745 3466 3798 si
3511 3743 3718 3798 millies

2108 3844 2271 3901 fuerit
2295 3858 2441 3898 mors
2467 3839 2794 3912 oppetenda.
2826 3841 3002 3910 Atque
3031 3853 3253 3893 uxorem
3292 3836 3506 3907 quidem
3537 3850 3717 3904 sepe.

2110 3952 2355 4002 numero,
2385 3952 2453 3991 ne
2478 3936 2523 3991 si
2548 3935 2767 3990 verbum
2788 3932 3005 4004 quidem
3023 3933 3306 3988 molestum
3334 3929 3551 3995 dixerit,
3567 3928 3718 3985 ferre

2110 4039 2285 4100 potes,
2318 4044 2382 4083 ac
2412 4027 2750 4083 meretricem
2780 4028 2942 4082 etiam
2969 4026 3136 4096 alapis
3164 4035 3215 4080 te
3244 4024 3541 4080 czedentcm
3572 4023 3718 4077 ado-

2111 4136 2219 4176 ras.
2269 4119 2384 4174 Non
2412 4128 2465 4175 te
2495 4118 2675 4189 pudet,
2724 4133 2825 4175 nec
2865 4116 3164 4181 erubescis,
3211 4131 3311 4171 nec
3338 4125 3494 4186 optas
3523 4124 3580 4168 ut
3618 4115 3720 4170 tibi

2110 4215 2351 4271 dehiscat
2374 4215 2553 4269 terra?
2578 4212 2675 4282 Qui
2700 4212 2900 4283 poteris
2924 4211 2989 4266 ad
3006 4210 3290 4267 ecclesiam
3318 4210 3524 4275 venire,
3552 4218 3722 4277 atque

2112 4309 2165 4363 in
2191 4308 2378 4364 caelum
2416 4322 2605 4363 manus
2646 4306 2975 4364 extendere?
3003 4320 3110 4376 quo
3158 4302 3375 4359 tandem
3401 4316 3497 4357 ore
3542 4301 3723 4356 Deum

2112 4402 2409 4469 invocabis,
2462 4415 2570 4472 quo
2610 4400 2949 4457 meretricem
2988 4399 3259 4454 osculatus
3312 4396 3412 4452 es?
3450 4394 3571 4450 Non
3621 4405 3721 4460 tu,

2113 4510 2314 4565 qntnso,
2346 4494 2522 4559 limes,
2553 4509 2655 4549 nec
2681 4492 3069 4564 perhorrescis,
3102 4506 3170 4547 ne
3195 4488 3412 4561 quando
3436 4497 3586 4543 tuum
3621 4503 3718 4542 ca-

2113 4597 2211 4659 put
2231 4587 2514 4658 impudens
2534 4586 2601 4641 de
2622 4586 2755 4641 caelo
2774 4585 3051 4655 delapsum
3073 4583 3273 4639 fulmen
3292 4581 3724 4644 exuratYQuam-

2114 4681 2193 4735 vis
2238 4694 2459 4735 uxorem
2508 4686 2677 4744 tuam,
2726 4693 2886 4748 quam
2932 4676 3104 4733 afﬁcis
3160 4675 3394 4745 injuria,
3449 4674 3619 4739 celes,
3667 4680 3725 4727 at

2114 4772 2415 4828 insomnem
2445 4771 2591 4827 illum
2626 4770 2840 4827 oculum
2868 4784 3157 4841 numquam
3197 4767 3395 4823 celabis
3426 4784 3440 4820 :
3470 4765 3723 4837 quando-

2113 4868 2329 4944 quidem
2359 4866 2601 4923 adultero
2627 4865 2725 4930 illi,
2756 4864 2848 4935 qui
2870 4864 3104 4929 dicebat,
3137 4860 3377 4916 Tenebris
3397 4860 3722 4913 circumdant

2114 4978 2218 5029 me,
2248 4968 2291 5014 et
2313 4959 2549 5032 parietes,
2573 4957 2695 5026 quid
2721 4973 2893 5013 vereor
2920 4955 3107 5028 (Eccli.
3128 4954 3219 5009 25.
3239 4951 3335 5023 26)
3352 4952 3375 5007 ‘I
3394 4950 3726 5007 contradixit

2114 5054 2328 5124 sapiens
2354 5053 2442 5108 ille
2464 5052 2543 5107 sic
2570 5051 2753 5107 dicens
2777 5067 2791 5104 :
2825 5048 2977 5105 Oculi
3004 5048 3213 5106 Domini
3232 5048 3417 5100 millies
3442 5045 3723 5099 lucidiora

2113 5158 2231 5203 sunt
2255 5148 2379 5215 sole,
2408 5146 2729 5217 inspicientes
2761 5160 2917 5215 opera
2938 5142 3198 5196 hominum
3221 5138 3329 5211 (Ib.
3356 5154 3404 5192 υ.
3432 5138 3555 5209 28).
3582 5137 3723 5191 Pro.

2116 5251 2233 5311 pter
2254 5240 2370 5294 htec
2394 5239 2573 5293 omnia
2596 5237 2846 5293 nimirum
2868 5235 3081 5291 dicebat
3105 5233 3330 5289 Paulus:
3358 5229 3721 5299 Unusquisque

2115 5350 2260 5389 suam
2275 5348 2488 5391 uxorem
2508 5331 2708 5397 habeat,
2735 5338 2782 5384 et
2806 5344 3117 5399 unaquaque
3139 5328 3299 5381 virum
3319 5341 3467 5379 suum
3496 5322 3720 5376 habeat:

2115 5428 2265 5481 uxori
2314 5427 2390 5482 vir
2436 5426 2655 5480 debitam
2707 5423 3098 5477 benevolentiam
3136 5419 3352 5485 reddat;
3397 5416 3633 5471 similiter
3676 5422 3724 5468 et

2116 5536 2246 5574 uxor
2265 5520 2373 5573 viro
2396 5518 2474 5588 (1.
2505 5518 2622 5572 Cor.
2648 5519 2701 5571 7.
2723 5516 2779 5571 2.
2806 5518 2884 5587 5).
2918 5515 3023 5569 Mel
3052 5514 3264 5568 distillat
3292 5528 3324 5565 a
3356 5509 3504 5564 labiis
3533 5509 3722 5561 mulie-

2116 5614 2188 5667 ris
2213 5613 2505 5677 meretricis,
2533 5627 2646 5683 quat
2682 5611 2749 5664 ad
2775 5619 2971 5681 tempus
3018 5609 3301 5679 impingunt
3330 5608 3504 5677 fauces
3551 5612 3671 5655 tuas
3701 5616 3721 5655 :

2119 5716 2293 5776 postea
2338 5721 2451 5758 vero
2479 5721 2590 5759 eam
2629 5702 2934 5757 amariorem
2981 5702 3100 5772 felle
3140 5699 3381 5765 invenies,
3433 5707 3481 5751 et
3507 5705 3716 5749 acutam

2124 5797 2282 5871 magis
2324 5799 2498 5870 gladia
2520 5798 2732 5871 ancipiti
2768 5796 2965 5871 (Prov.
3000 5796 3051 5853 5.
3085 5796 3140 5851 5.
3173 5794 3266 5864 4).
3294 5792 3576 5850 Venenum
3616 5791 3716 5843 ha-
