3964 6342
188 411 376 474 καὶτὸ
410 409 579 481 σῶμα
597 401 661 462 τὸ
687 393 908 468 ἑαυτοῦ,
942 389 1081 470 ὅπερ
1129 395 1280 452 ἐστὶν
1308 393 1528 464 ἐκείνης
1567 389 1779 462 κτῆμα,

189 506 534 579 διαφθείρειν
559 518 624 555 τε
657 498 753 554 καὶ
785 494 1061 568 μιαίνεινς
1105 493 1204 544 Ἂν
1229 490 1331 561 τὴν
1369 488 1571 559 προῖκα
1613 481 1781 556 μειώ-

190 574 318 677 σῃς,
329 574 666 672 τίει-κηδεστῇ
681 591 838 653 δίδως
853 589 1028 658 λόγον·
1049 585 1116 640 ἀν
1135 583 1234 656 τὴν
1253 578 1610 652 σωφροσύνην
1628 574 1784 648 μειώ·

191 671 319 770 σῇς,
349 671 567 762 τῷθεῷ
579 687 680 748 τὰς
707 681 937 746 εὐθύνας
973 678 1214 749 ὑφέξεις,
1249 673 1327 746 τῷ
1351 673 1442 727 τὸν
1467 671 1646 742 γάμον
1674 671 1786 723 εἰσ..

190 760 596 857 ἀγαγόντι,καί
611 778 713 849 τὴν
742 776 974 845 γυναῖκα
993 769 1381 842 ἐγχειρίσαντι.
1411 766 1526 820 Kal
1548 765 1631 818 ὅτι
1659 760 1784 817 τοῦ·

189 852 258 935 τό
283 852 438 932 ἐστιν
485 871 709 942 ἀληθὲς,
743 868 980 922 ἄκουσον
1004 864 1059 917 τί
1091 879 1256 934 φησιν
1306 855 1335 916 ὃ
1383 855 1597 922 Παῦλος
1657 852 1788 926 περὶ

189 971 305 1027 τῶν
336 966 720 1041 μοιχευόντων
781 960 836 1014 Ὀ
873 961 984 1030 γὰρ
1033 953 1278 1020 ἀθετῶν,
1327 951 1441 1005 οὐκ
1469 948 1788 1016 ἄνθρωπον

191 1038 415 1129 ἀθετεῖ,
433 1058 596 1120 ἀλλά
618 1058 726 1112 τόν
747 1051 900 1108 Θεὸν
923 1049 1033 1107 τὸν
1053 1047 1241 1102 δόντα
1262 1045 1332 1102 τὸ
1364 1042 1610 1112 Πνεῦμα
1631 1038 1787 1113 [200]

192 1157 386 1214 αὑτοῦ
419 1153 489 1209 τὸ
519 1151 692 1220 ἄτιον
735 1149 824 1213 είς
871 1142 1052 1214 ὑμᾶς.
1112 1140 1276 1208 Ὃράς
1316 1136 1384 1190 δι’
1407 1137 1548 1191 ὅσων
1576 1135 1605 1187 ὁ
1633 1133 1790 1201 λόγος

192 1247 487 1312 ἀπέδειξεν
532 1245 618 1297 ὅτι
654 1238 872 1313 μοιχεία
922 1233 1092 1298 ἐστὶν,
1141 1232 1202 1286 οὑ
1240 1229 1400 1302 μόνον
1430 1229 1490 1282 τὸ
1521 1226 1790 1296 ῦπανδρον

193 1343 437 1412 γυναῖκα
461 1334 821 1406 διαφθείρειν,
855 1329 994 1384 ἀλλὰ
1025 1327 1121 1382 καὶ
1157 1325 1219 1379 τὸ
1247 1321 1533 1395 ἡντιναοῦν
1561 1319 1788 1390 πόρνην,

193 1438 396 1509 ἔχοντα
445 1433 709 1501 γυναῖκα;
741 1425 956 1494 ’Ὠσπερ
999 1420 1110 1493 γὰρ
1163 1414 1510 1489 μοιχεύεσθαι
1556 1413 1793 1482 γυναῖκα

194 1504 458 1600 λέγομεν,
490 1521 598 1578 κᾶν
622 1522 706 1584 είς
729 1517 973 1588 οἰκέτην,
1003 1513 1108 1568 κάν
1124 1513 1204 1575 εἰς
1233 1506 1512 1564 ὁντιναοῦν
1545 1504 1790 1577 ἁμάρτῃ,

409 1618 662 1689 ἔχουσαν*
708 1609 855 1665 οὕτω
884 1607 980 1662 καὶ
1023 1604 1196 1675 ἄνδρα
1224 1599 1498 1673 μοιχεύειν
1525 1598 1592 1652 ἂν
1617 1598 1791 1693 εἴποι-

202 1683 328 1784 μεν,
365 1683 476 1760 κᾶν
497 1705 579 1766 εἰς
607 1695 986 1773 θεραπαινίδα,
1011 1692 1117 1748 κᾶν
1147 1693 1228 1755 εἰς
1253 1686 1538 1762 ἡντιναοῦν
1569 1683 1795 1756 δημώδη

195 1777 444 1876 γυναῖκα
483 1793 801 1864 ἀσελγαίνῃ,
842 1789 1080 1860 γυναῖκα
1107 1784 1248 1856 ἔχων
1283 1781 1465 1845 αὑτός.
1492 1779 1584 1850 Μὴ
1613 1777 1796 1866 τοίνυν

200 1869 504 1970 ἀμελῶμεν
552 1889 654 1960 τῆς
689 1882 903 1940 ἐαυτῶν
949 1878 1250 1951 σωτηρίας,
1284 1873 1422 1948 μηδὲ
1458 1871 1536 1945 τῷ
1565 1869 1798 1941 διαϐόλῳ

201 1963 583 2063 προτείνωμεν
614 1979 773 2053 ήμῶν
803 1977 903 2047 τὴν
923 1975 1104 2046 ψυχὴν
1129 1971 1218 2026 διὰ
1245 1971 1346 2063 τῆς
1375 1965 1650 2040 ἁμαρτίας
1666 1963 1800 2019 ταὺ-

197 2059 329 2156 της.
371 2078 485 2136 Kal
507 2075 618 2145 γάρ
651 2069 901 2125 ἐντεῦθεν
924 2070 983 2122 αἱ
1013 2063 1204 2138 μυρίαι
1236 2061 1346 2116 τῶν
1376 2061 1542 2114 οἰκων
1565 2059 1797 2127 ἀνατρο-

200 2151 332 2240 παὶ,
372 2176 423 2227 οἰ
460 2171 645 2244 μυρίοι
700 2164 951 2235 πόλεμοι·
1011 2157 1263 2213 ἐντεῦθεν
1309 2155 1382 2209 τὰ
1430 2153 1534 2223 τῆς
1576 2151 1799 2244 ἀγάπης

201 2240 472 2340 ὑπορρεῖ,
496 2240 592 2318 καὶ
617 2261 686 2316 τὰ
698 2259 802 2330 τῆς
841 2253 1052 2316 εὐνοίας
1078 2247 1433 2320 ὑποσύρεται.
1457 2245 1666 2313 Ὥσπερ
1691 2240 1801 2311 γὰρ

201 2333 496 2434 ἀμήχανον
533 2353 787 2426 σώφρονα
808 2349 1095 2420 ἄνθρωπον
1125 2341 1402 2414 ὑπεριδεῖν
1425 2335 1684 2407 γυναικὸς
1703 2333 1801 2387 καὶ

202 2548 280 2619 γῆ
478 2517 777 2597 ἀκόλαστον
812 2535 986 2606 φιλεῖν
1026 2529 1126 2602 τὴν
1164 2528 1398 2596 γυναῖκα
1439 2523 1539 2592 τὴν
1582 2517 1798 2581 ἑαυτοῦ,

208 2610 314 2693 κάν
348 2633 606 2690 ἀπάντων
643 2623 1022 2700 εὐμορφοτέρα
1143 2617 1276 2672 Ἀπὸ
1306 2615 1417 2688 γὰρ
1447 2610 1804 2684 σωφροσύνης

209 2733 410 2800 ἀγάπη
445 2726 710 2788 τίκτεται,
771 2719 882 2774 ἀπὸ
921 2716 980 2771 δὲ
1015 2713 1242 2784 ἀγάπης
1281 2710 1352 2763 τὰ
1399 2705 1566 2778 μυρία
1599 2701 1800 2773 ἀγαθά.

206 2796 440 2882 Λιθίνας
468 2817 649 2870 τοίνυν
681 2810 873 2881 νόμιζε
885 2807 987 2872 τὰς
1009 2806 1204 2868 λοιπὰς
1231 2803 1517 2873 γυναῖκας,
1550 2796 1706 2860 εἰδὼς
1722 2797 1804 2849 ὅτι

213 2914 364 2987 μετά
395 2911 595 2981 γάμον,
621 2906 728 2961 κᾶν
761 2900 1084 2963 ἀκολάστοις
1111 2897 1226 2971 ἴδῃς
1266 2894 1567 2966 ὀφθαλμοῖς
1612 2889 1805 2961 ἑτέραν

207 2983 479 3074 γυναῖκα,
507 3000 613 3056 κᾶν
635 2995 924 3069 δημοσίαν,
956 2991 1060 3046 κᾶν
1089 2989 1378 3062 ῦπανδρον,
1411 2987 1524 3048 τοῖς
1545 2983 1656 3037 τῶν
1691 2997 1808 3052 μοι-

211 3071 332 3172 χῶν
369 3095 711 3166 ἐγκλήμασιν
744 3087 1044 3150 ὑπεύθυνος
1085 3083 1339 3154 γέγονας.
1371 3074 1557 3134 Ταῦτα
1596 3071 1807 3144 σεαυτῷ

211 3168 344 3246 καθ’
382 3187 620 3257 ἑκάστην
650 3181 816 3255 έπαδε
844 3179 914 3234 τὰ
945 3181 1184 3253 ῥήματα·
1214 3176 1318 3230 κᾶν
1359 3174 1474 3245 ἴδῃς
1512 3168 1808 3241 ἐπιθυμίαν

210 3283 392 3354 ἄλλης
417 3278 677 3351 γυναικὸς
711 3272 1078 3346 ἐγειρομένην
1103 3272 1163 3324 ὲν
1214 3270 1318 3334 σοὶ,
1350 3263 1470 3322 εἶτα
1501 3267 1566 3319 ὲκ
1615 3263 1809 3318 τούτου

213 3396 302 3432 σοι
335 3376 439 3447 τὴν
482 3373 719 3444 γυναῖκα
758 3368 899 3440 ἀηδῆ
954 3363 1308 3436 φαινομένην,
1360 3359 1569 3415 εἴσελθε
1602 3357 1683 3420 εἰς
1718 3355 1812 3409 τὸν

215 3471 491 3539 θάλαμον,
522 3466 618 3520 καὶ
643 3464 706 3518 τὸ
743 3461 943 3534 βιϐλίον
971 3457 1284 3522 ἀναπτύξας
1317 3454 1498 3515 τοῦτο,
1519 3452 1612 3508 καὶ
1631 3448 1813 3504 λαϐὼν

214 3561 440 3618 Ηαῦλον
471 3557 716 3630 μεσίτην,
762 3553 858 3608 καὶ
889 3548 1128 3620 συνεχῶς
1161 3546 1376 3618 ἐπᾴδων
1411 3543 1586 3598 ταῦτα
1604 3541 1675 3595 τὰ
1713 3542 1810 3614 ῥή-

221 3669 397 3724 ματα,
429 3647 768 3704 κατάσϐεσόν
791 3642 890 3714 τὴν
906 3640 1104 3712 φλόγα.

294 3742 580 3810 Καὶρύτω
607 3739 753 3809 καὶὴ
779 3734 918 3806 γυνὴ
946 3733 1108 3788 πάλιν
1145 3730 1299 3784 ἔσται
1333 3745 1416 3782 σοι
1439 3723 1813 3796 ποθεινοτέρα,

220 3837 489 3907 οὐδεμιᾶς
538 3831 836 3902 ἐπιθυμίας
866 3827 966 3899 τὴν
1011 3825 1149 3897 πρὸς
1177 3823 1345 3894 αὑτὴν
1376 3819 1586 3874 εὑνοιαν
1614 3819 1816 3871 ὑποσυ-

225 3927 454 3999 ρούσης’
480 3925 582 3995 οὑχ
609 3925 642 3992 ἡ
659 3920 798 3992 γυνὴ
826 3918 882 3971 δὲ
912 3916 1065 3970 ἔσται
1097 3911 1448 3983 ποθεινοτέρα
1476 3913 1656 3982 μόνον,
1682 3907 1818 3962 ἀλλά

222 4022 322 4075 καὶ
359 4020 424 4072 σὺ
461 4017 790 4088 σεμνότερος
829 4010 1008 4081 πολλῷ
1033 4009 1128 4063 καὶ
1151 4005 1602 4076 ἐλευθεριώτερος
1645 4001 1819 4068 δόξεις

223 4107 393 4166 εἷναι.
427 4109 505 4162 Οὐ
544 4107 652 4179 γάρ
683 4109 852 4167 ἐστιν,
874 4103 978 4156 οὑκ
1000 4101 1146 4154 ἔστιν
1165 4099 1318 4153 οὐδὲν
1348 4095 1700 4168 αἰσχρότερον
1722 4093 1819 4146 ἀν-

223 4202 456 4276 θρώπου
508 4199 647 4271 μετά
690 4197 870 4267 γάμον
906 4193 1281 4266 πορνεύοντος.
1324 4191 1398 4244 Οὐ
1428 4189 1539 4261 γὰρ
1563 4189 1628 4258 δὴ
1661 4185 1820 4257 μόνον

223 4298 321 4352 τὸν
351 4293 632 4367 κηδεμόνα
661 4291 758 4344 καὶ
783 4289 912 4354 τοὺς
937 4287 1122 4357 φίλους
1151 4286 1248 4340 καὶ
1282 4285 1408 4348 τοὺς
1442 4282 1820 4346 ἀπαντῶντας,

221 4389 377 4444 ἀλλά
403 4388 499 4442 καὶ
526 4385 731 4448 αὑτοὺς
749 4382 980 4455 ἐρυθριᾷ
1015 4382 1143 4444 τοὺς
1166 4379 1407 4440 οἰκέτας.
1443 4377 1555 4431 Kal
1575 4375 1637 4428 οὑ
1665 4374 1825 4428 τοῦτο

231 4483 402 4555 μόνον
414 4480 532 4532 ἐστὶ
557 4478 620 4530 τὸ
637 4477 832 4537 δεινὸν,
849 4473 964 4528 ἀλλ’
979 4473 1169 4526 ὃτικαὶ
1180 4472 1281 4543 τὴν
1302 4469 1482 4524 οἰκίαν
1511 4467 1682 4540 αὐτὴν
1700 4467 1823 4520 δεσ-

231 4571 520 4646 μωτηρίου
539 4569 739 4632 παντὸς
756 4566 1086 4639 ἀηδεστέραν
1099 4564 1292 4634 ὄψεται
1309 4603 1324 4627 ,
1342 4560 1480 4633 πρὸς
1491 4561 1589 4632 τὴν
1611 4558 1824 4631 ἐρωμέ-

227 4683 331 4737 νην
362 4663 602 4734 βλέπων,
632 4661 728 4714 καί.
759 4659 858 4728 τὴν
891 4658 1099 4729 πόρνην
1118 4654 1384 4728 διηνεκῶς
1399 4650 1824 4724 φανταζόμενος.

303 4755 375 4810 ε’.
400 4753 594 4808 Βούλει
624 4749 1085 4824 μαθεῖν-ἀκριϐῶς
1099 4749 1222 4802 ὅσον
1249 4746 1366 4800 ἐστί
1390 4745 1453 4798 τὸ
1479 4743 1681 4807 δεινόν;
1713 4743 1829 4796 Ἐν-

231 4840 434 4911 νόησον
476 4833 587 4891 οἷον
627 4837 680 4889 οί
712 4835 812 4899 τὰς
861 4836 1126 4904 γυναῖκας
1175 4830 1384 4892 ἑαυτῶν
1429 4825 1829 4889 ὑποπτεύοντες

235 4931 378 4997 ζῶσι
409 4928 546 5000 βίον,
582 4928 700 4993 πῶς
735 4927 875 4998 ἀηδῆ
902 4927 972 4980 τά
1013 4924 1158 4980 σιτία
1179 4964 1194 4990 ,
1225 4922 1367 4996 ἀηδῆ
1393 4921 1553 4976 ποτά.
1582 4919 1830 4990 Δηλητη-

240 5024 380 5096 ρίων
397 5035 422 5063 ε
447 5024 482 5094 ἡ
501 5020 751 5093 τράπεζα
771 5020 918 5075 δοκεῖ
943 5019 1135 5091 γέμειν
1154 5015 1463 5088 φαρμάκων
1482 5032 1497 5048 ο
1522 5013 1618 5069 καὶ
1642 5008 1831 5084 ὥσπερ

236 5115 487 5187 ὄλεθρον,
515 5113 726 5186 μυρίων
746 5111 1025 5184 γέμουσαν
1045 5108 1254 5175 κακῶν,
1284 5106 1426 5162 οὕτω
1453 5104 1714 5178 φεύγουσι
1732 5102 1832 5173 τὴν

237 5209 445 5264 οὶκίαν.
492 5207 604 5277 Οὑχ
657 5205 822 5270 ὗπνος
859 5204 1044 5267 αὑτοῖς
1081 5205 1262 5268 ἐστιν,
1292 5201 1353 5254 οὑ
1385 5197 1483 5266 νὺξ
1531 5196 1830 5268 προσηνὴς,

237 5303 305 5356 οὐ
341 5299 602 5355 συνουσία
641 5298 831 5368 φίλων,
858 5297 960 5352 οὑκ
987 5296 1152 5352 αὑταὶ
1181 5295 1238 5348 αἰ
1265 5291 1361 5348 τοῦ
1391 5291 1546 5365 ήλίου
1573 5292 1790 5352 ἀκτῖνες
1813 5304 1828 5318 ·

239 5393 388 5449 ἀλλὰ
419 5393 517 5447 καὶ
537 5391 669 5462 παρ’
693 5388 860 5444 αὑτοῦ
897 5388 993 5443 τοῦ
1028 5387 1206 5457 φωτὸς
1229 5383 1563 5458 ἐνοχλεῖσθαι
1583 5382 1836 5454 νομίζου-

242 5503 359 5550 σιν,
387 5485 490 5556 οὑχ
515 5486 646 5539 ὅταν
668 5482 819 5537 ῐδωσι
852 5480 1245 5554 μοιχευομένην
1268 5479 1368 5551 τὴν
1390 5479 1628 5548 γυναῖκα
1651 5474 1833 5547 μόνον,

240 5577 393 5636 ἀλλά
421 5577 529 5632 κάν
557 5574 745 5640 ἁπλῶς
784 5572 1153 5629 ὑποπτεύωσι.
1184 5570 1367 5626 Ταῦτα
1395 5569 1582 5641 νόμιζε
1607 5568 1700 5622 καί.
1737 5565 1836 5639 τὴν

240 5670 488 5743 γυναῖκα
513 5667 773 5738 πάσχειν,
798 5667 928 5722 ὅταν
975 5663 1187 5739 ἀκούσῃ
1229 5664 1360 5735 παρ’
1399 5659 1642 5727 ὁτουοῦν,
1676 5660 1710 5731 ἢ
1741 5658 1838 5714 καὶ

302 5801 333 5833 ⁸
351 5799 439 5854 Sic
459 5799 578 5857 κα.
597 5801 658 5856 In
677 5801 952 5857 εαιιειετο
967 5800 1071 5859 πῶς
1091 5800 1214 5860 ἀηδῆ
1237 5796 1459 5868 xamen,
1479 5796 1646 5857 δηλητ.

894 301 964 361 IN
996 299 1230 360 ILLUD.
1263 284 1588 353 PROPTER
1619 268 2180 346 FORNICATIONES
2206 274 2547 350 .UXOREM,
2583 267 2824 336 ETC..I.

3357 275 3460 331 21ίί

1885 389 2223 469 ὑποπτεύσῃ,
2239 395 2321 449 ὅτι
2349 395 2524 469 πόρνῃ
2544 397 2763 466 γυναικὶ
2788 395 2980 450 σαυτὸν
3001 397 3289 465 ἐξέδωκας.
3309 399 3462 460 Ταῦ·-

1880 491 1950 532 τα
1976 475 2343 549 λογιζόμενος,
2381 479 2457 554 μὴ
2504 480 2605 544 τὰς
2643 480 2892 552 μοιχείας
2916 479 3085 550 φεῦγε
3109 483 3292 554 μόνον,
3323 485 3463 543 ἀλλὰ

1883 558 1977 611 καί
2009 559 2106 624 τάς
2144 561 2411 631 ὑποψίαςο
2437 563 2543 618 κᾶν
2572 563 2776 627 ἀδίκως
2811 565 3148 637 ὑτωπτεύσῃ,
3189 567 3464 641 θεράπευ-

1885 659 1977 698 σον
2014 645 2110 698 καί
2147 648 2355 700 πεῖσον.
2391 646 2466 700 Οὑ
2492 646 2600 718 γὰρ
2637 647 2695 714 ἐξ
2735 642 2994 721 ἔχθραςῆ
3041 651 3319 719 ἀπονοίας,
3349 653 3464 708 ἀλλ’

1884 728 1993 811 ἀπὸ
2027 729 2354 800 κηδεμονίας
2379 731 2537 784 τοῦτο
2585 733 2763 795 ποιεῖ,
2801 733 2894 785 καὶ
2943 733 3038 786 τοῦ
3073 737 3280 808 σφόδρα
3313 737 3464 811 [201]

1884 810 2176 866 δεδοικέναι
2210 815 2340 885 περί
2365 814 2460 868 τοῦ
2503 817 2786 887 κτήματος
2810 817 2904 871 τοῦ
2935 819 3086 874 ίδίου.
3125 810 3328 894 Κτῆμα
3357 824 3465 895 γὰρ

1886 897 2058 968 αὑτῆς
2110 898 2289 962 ἐστιν,
2317 897 2506 969 ὥσπερ
2539 898 2709 972 ἔφθην
2741 900 2932 966 εἰπὼν,
2961 903 3024 955 τὸ
3069 905 3228 976 σῶμα
3264 906 3325 959 τδ
3351 906 3463 972 σὸν,

1887 982 1980 1036 καὶ
2005 981 2195 1063 κτῆμα
2220 982 2330 1037 τῶν
2375 983 2544 1039 ὄντων
2575 985 2831 1040 ἁπάντων
2861 987 3205 1060 τιμιώτερον.
3237 992 3331 1063 Μὴ
3353 985 3466 1044 τοί-

1887 1082 1984 1159 νυν
2016 1065 2186 1159 αὑτὴν
2215 1067 2359 1159 περὶ.
2378 1067 2448 1121 τὰ
2467 1067 2720 1159 ’μέγιστα
2748 1069 3032 1159 ἀδικήσῃς,
3070 1074 3208 1144 μηδὲ
3247 1076 3468 1146 καιρίαν

1887 1149 1995 1220 δῷς
2036 1149 2135 1222 τὴν
2186 1149 2421 1222 πληγήν.
2466 1152 2532 1206 Εἰ
2580 1151 2690 1225 γὰρ
2743 1154 2961 1226 ἐκείνης
3012 1160 3468 1230 καταφρονήσεις,

1889 1234 2026 1288 ἀλλά
2050 1235 2143 1288 τὸν
2171 1235 2303 1288 Θεὸν
2350 1235 2646 1308 φοϐήθητι,
2679 1237 2770 1292 τὸν
2812 1238 3023 1293 έκδικον
3053 1242 3164 1296 τῶν
3191 1242 3469 1310 τοιούτων,

1888 1317 1980 1372 τὸν
2011 1319 2320 1393 ἀφορήτους
2363 1319 2614 1382 κολάσεις
2641 1323 2754 1385 τοῖς
2800 1324 3062 1390 τοιούτοις
3101 1327 3475 1400 ἀπειλήσαντα

1891 1404 2269 1475 ἁμαρτήμασι.
2306 1401 2428 1456 Τῶν
2469 1402 2580 1474 γὰρ
2631 1405 2854 1460 τοιαῦτα
2903 1408 3259 1479 τολμώντων,
3287 1415 3474 1483 φησὶν,

1903 1487 1959 1540 Ὀ
1984 1486 2234 1554 σκώληξ
2258 1488 2330 1541 οὐ
2346 1488 2717 1556 τελευτήσει,
2752 1490 2853 1544 καί
2878 1491 2946 1546 τὸ
2974 1493 3094 1562 πῦρ
3118 1497 3190 1548 οὺ
3219 1498 3479 1567 σϐεσθῆ-

1893 1586 2083 1626 σεται.
2123 1572 2186 1624 Εἰ
2224 1571 2282 1624 δὲ
2317 1571 2376 1624 οὑ
2427 1573 2634 1644 σφόδρα
2679 1591 2738 1627 σε
2765 1574 2951 1630 δάκνει
2977 1579 3046 1632 τὰ
3085 1579 3368 1650 μέλλοντα,
3408 1583 3478 1636 τά

1893 1657 2024 1726 γοῦν
2066 1657 2308 1728 παρόντα
2346 1674 2406 1710 σε
2443 1658 2698 1738 φοϐείτω.
2732 1660 2924 1714 Πολλοὶ
2957 1663 3090 1732 γοῦν
3115 1664 3222 1718 τῶν
3251 1667 3479 1738 πόρναις

1895 1743 2272 1814 προσεχόντων
2308 1745 2403 1796 καὶ
2444 1744 2681 1799 ἐνταῦθα
2739 1749 2900 1801 κακοί
2947 1750 3132 1813 κακῶς
3176 1752 3478 1822 ἀπώλοντο,

1896 1827 2216 1898 περιεργίας
2240 1827 2634 1898 ὑπομείναντες
2673 1829 2776 1882 ὑπὸ
2813 1831 2922 1884 τῶν
2953 1837 3362 1906 πορνευομένων
3391 1856 3482 1908 γυ-

1896 1911 2121 1966 ναικῶν.
2155 1912 2559 1967 Φιλονεικοῦσαι
2590 1915 2698 1987 γὰρ
2722 1917 2924 1970 ἐκεῖναι
2955 1919 3054 1990 τῆς
3080 1919 3176 1989 μὲν
3201 1922 3482 1975 συνοικούά

1899 2014 2001 2066 σης
2041 1995 2190 2066 αύτῷ
2219 1997 2315 2050 καὶ
2347 1999 2819 2076 κατεγγυηθείσης
2853 2003 3162 2072 ἀποστῆσαι
3202 2009 3480 2074 γυναικὸς,

1897 2083 1976 2153 τῷ
2018 2083 2075 2136 δὲ
2107 2082 2288 2136 αὐτῶν
2329 2083 2492 2155 ἔρωτι
2538 2086 2839 2157 προσδῆσαι
2890 2084 3094 2155 τέλὲον,
3143 2093 3482 2160 μαγγανείας

1897 2166 2179 2239 ἐκίνησαν,
2197 2167 2293 2220 καί
2319 2168 2520 2242 φίλτρα
2542 2171 2972 2237 κατεσκεύασαν,
3005 2174 3099 2226 καὶ
3127 2175 3327 2240 πολλὰς
3350 2194 3484 2248 γοη-
3595 2174 3601 2180 ’

1897 2252 2048 2315 τείας
2079 2252 2322 2325 ἔρραψαν
2348 2271 2360 2283 -
2384 2249 2502 2307 εἶτα
2523 2253 2697 2319 οὕτως
2721 2257 2801 2319 εἰς
2837 2249 3150 2326 ἀρῤωἷττίαν
3182 2260 3346 2314 αὑτὸν
3382 2263 3485 2332 ἐμ-

1843 2384 1856 2436 ι.
1899 2335 2160 2436 ϐαλοῦσαι
2203 2337 2467 2436 χαλεπήν,
2498 2338 2597 2436 καί
2647 2338 2825 2410 φθορᾷ
2857 2340 3217 2410 παραδοῦσαι,
3247 2347 3340 2398 καὶ
3389 2363 3487 2416 τη-

203 2424 626 2521 καταφρονῆσαι
659 2424 811 2498 ποτεο
830 2439 1005 2503 οὑτως
1036 2430 1627 2508 ἀμήχανον,ἄνθρωπον
1642 2424 1802 2480 ἀσελο
1843 2424 1846 2444 ⁸

1902 2422 2076 2478 κεδόνι
2101 2422 2308 2493 μακρᾷ,
2337 2422 2431 2474 καὶ
2470 2421 2682 2495 μυρίοις
2712 2423 3104 2493 περιϐαλοῦσαι
3137 2431 3346 2493 κακοῖς,
3381 2431 3489 2483 ἀπ-

1902 2506 2139 2577 ήνεγκαν
2160 2504 2261 2575 τῆς
2284 2502 2566 2575 παρούσης
2587 2504 2754 2574 ζωῆς.
2780 2505 2842 2558 Εἰ
2870 2505 2944 2577 μὴ
2963 2507 3100 2579 φοϐῇ
3123 2507 3223 2579 τὴν
3239 2510 3488 2577 γέενναν,

1902 2589 2193 2672 ἄνθρωπε,
2220 2588 2318 2652 τάς
2349 2589 2604 2660 γοητείας
2632 2589 2812 2643 αὑτῶν
2854 2592 3142 2664 φοϐήθητι.
3181 2595 3346 2648 Ὅταν
3378 2598 3494 2670 γὰρ

1903 2673 2100 2728 σαυτὸν
2125 2671 2212 2727 διά
2237 2673 2339 2744 τῆς
2364 2673 2651 2738 ἀσελγείας
2683 2673 2888 2746 ταύτης
2917 2675 3122 2747 ἔρημον
3143 2679 3377 2752 ποιήσῃς
3391 2682 3492 2751 τῆς

1903 2755 1998 2811 τοῦ
2054 2756 2189 2810 Θεοῦ
2248 2758 2601 2829 συμμαχίας,
2639 2759 2734 2812 καὶ
2785 2759 3083 2832 γυμνώσῃς
3146 2763 3342 2815 σαυτὸν
3391 2764 3490 2834 τῆς

1905 2842 2112 2898 ἄνωθεν
2147 2841 2420 2914 βοηθείας,
2450 2842 2694 2896 λαόοῦσά
2728 2861 2788 2897 σε
2835 2845 2974 2915 μετά
3007 2845 3242 2919 ἀδείαςή
3291 2848 3492 2919 πόρνη,

1906 2927 2002 2982 καὶ
2036 2927 2163 2990 τοὺς
2194 2927 2366 2997 αὑτῆς
2401 2925 2680 2982 καλέσασα
2703 2927 2985 3000 δαίμονας,
3019 2931 3114 2984 καὶ
3163 2931 3235 2986 τὰ
3283 2932 3494 2987 πέταλα

1909 3009 2258 3082 ράψασα,κα“ι
2275 3009 2374 3074 τὰς
2399 3010 2690 3075 ἐπιϐουλὰς
2720 3013 3094 3086 ἐργασαμένη,
3130 3014 3267 3086 μετὰ
3293 3015 3494 3087 πολλῆς

1906 3094 2006 3165 τῆς
2046 3092 2296 3158 εὐκολίας
2324 3095 2666 3166 περιγίνεταί
2697 3113 2790 3149 σου
2829 3097 2928 3168 τῆς
2959 3099 3254 3170 σωτηρίας,
3291 3099 3496 3164 ὄνειδός

1911 3194 1971 3230 σε
2002 3179 2098 3231 καί
2145 3177 2362 3246 γέλωτα
2403 3178 2512 3231 τῶν
2561 3178 2656 3249 τὴν
2694 3179 2850 3233 πόλιν
2895 3181 3190 3235 οἰκούντων
3237 3182 3497 3238 ἁπάντων

1909 3262 2324 3333 καταστήσασα,
2347 3261 2488 3316 ὥστε
2521 3262 2656 3334 μηδὲ
2677 3261 2944 3317 ἐλεεῖσθαι
2969 3263 3158 3321 κακῶν
3195 3267 3492 3338 πάσχοντα.

1917 3347 2013 3413 Τίς
2059 3345 2167 3418 γάρ
2195 3345 2457 3413 ἐλεήσει,
2499 3347 2684 3418 φησὶν,
2727 3347 3014 3402 ἐπαοιδὸν
3053 3350 3415 3421 ὀφιόδηκτον
3445 3354 3498 3419 δ,

1911 3429 2011 3484 καί
2048 3428 2280 3496 πάντας
2311 3428 2455 3494 τοὺς
2495 3435 2914 3500 προσάγοντας
2947 3433 3218 3502 θηρίοις;
3252 3436 3501 3507 Παρίημι

1912 3513 2011 3584 τὴν
2038 3513 2148 3566 τῶν
2165 3515 2464 3586 χρημάτων
2484 3511 2708 3586 ζημίαν,
2725 3514 2824 3579 τὰς
2843 3516 2983 3588 καθη
2993 3534 3058 3588 με
3067 3518 3217 3589 ρινάς
3241 3519 3500 3589 ὑποψίας,

1912 3598 2004 3651 τὸν
2032 3596 2222 3667 τῦφον,
2258 3598 2359 3668 τὴν
2393 3597 2654 3652 ἀπόνοιαν
2674 3638 2689 3664 ,
2732 3599 2830 3671 τὴν
2877 3600 3034 3671 ὓϐριν
3067 3601 3166 3673 τὴν
3199 3604 3353 3675 παρά
3395 3605 3506 3660 τῶν

1914 3681 2131 3753 πορνῶν
2151 3681 2443 3752 γινομένην
2479 3682 2561 3746 εἰς
2595 3683 2724 3746 τοὺς
2748 3685 3028 3756 ἀνοήτους,
3062 3685 3099 3739 ἃ
3120 3686 3367 3741 θανάτων
3402 3704 3505 3758 μυ-

1919 3769 2049 3839 ρίων
2075 3767 2194 3820 ἐστί
2231 3767 2552 3838 πικρότερα.
2587 3768 2700 3821 Kal
2727 3768 2826 3840 τὴν
2857 3771 2958 3840 μὲν
2978 3773 3212 3840 γυναῖκα
3241 3772 3509 3837 πολλάκις

1916 3856 2038 3909 οὑδὲ
2069 3855 2208 3927 βαρὺ
2234 3855 2408 3926 ’ῥῆμα
2434 3853 2697 3911 εἰποῦσαν
2726 3857 2828 3911 οὑκ
2850 3858 3110 3929 ἤνεγκας,
3149 3859 3250 3931 τὴν
3273 3860 3331 3914 δὲ
3365 3862 3505 3933 πόρ-

1917 3961 2018 4016 νην
2051 3944 2145 3997 καί
2190 3944 2528 4015 ραπίζουσαν
2579 3949 2925 4015 προσκυνεῖς.
2966 3948 3076 4001 Καὶ
3112 3948 3210 4000 οὐκ
3238 3947 3502 4020 αἰσχύνῃ,

1918 4033 2040 4086 οὑδὲ
2074 4031 2335 4104 ἐρυθριᾷς
2352 4031 2500 4096 ,οὐδὲ
2524 4031 2660 4104 εὑχῃ
2687 4033 2968 4106 διαστῆναί
2995 4052 3078 4088 σοι
3097 4036 3197 4107 τὴν
3216 4037 3348 4106 γῆν;
3380 4037 3506 4102 Πῶς

1919 4121 2124 4192 δυνήσῃ
2162 4123 2244 4183 εἰς
2291 4120 2589 4191 ἐκκλησίαν
2619 4121 2900 4188 εἰσελθεῖν,
2941 4124 3037 4176 καί
3068 4122 3168 4188 τὰς
3191 4127 3382 4194 χεῖρας
3424 4126 3508 4189 είς

1920 4207 2012 4262 τὸν
2044 4207 2273 4278 οὐρανὸν
2305 4208 2583 4262 ἀνατεῖναι
2617 4225 2633 4275 ;
2667 4208 2807 4279 ποίῳ
2853 4209 3084 4280 στόματι
3136 4211 3364 4266 καλέσαι
3413 4214 3513 4267 τὸν

1922 4297 2074 4361 Θεὸν,
2097 4289 2142 4365 ᾧ
2173 4295 2270 4367 τὴν
2303 4295 2512 4367 πόρνην
2539 4295 2840 4368 ὲφίλησαςς
2865 4298 2976 4350 Kal
3005 4298 3064 4350 οὐ
3093 4297 3355 4364 δέδοικας,
3385 4296 3510 4352 οὑδὲ

1925 4385 2198 4456 φρίττεις,
2221 4383 2344 4436 εἰπέ
2371 4400 2483 4454 μοι.
2507 4386 2580 4454 μή
2603 4401 2735 4438 ποτε
2765 4386 3009 4457 σκηπτὸς
3028 4385 3234 4441 ἀνωθεν
3267 4386 3510 4458 ἐνεχθεπ

1924 4475 2238 4546 καταφλέξῃ
2265 4474 2362 4544 τὴν
2401 4469 2754 4543 ἀναίσχυντόν
2784 4491 2879 4528 σου
2910 4475 3196 4546 κεφαλήν;
3235 4476 3357 4531 Κάν
3401 4477 3513 4548 γὰρ

1925 4566 2024 4637 τὴν
2053 4567 2289 4634 γυναῖκα
2325 4562 2495 4635 λάθῃς
2524 4563 2625 4634 τὴν
2673 4564 3032 4636 ὴδικημένην,
3067 4564 3204 4618 ἀλλά
3238 4565 3331 4619 τὸν
3367 4565 3515 4618 ἀκοί-

1931 4671 2100 4726 μητον
2147 4649 2423 4722 ὀφθαλμὸν
2461 4652 2523 4705 οὑ
2561 4651 2702 4726 λήσῃ
2737 4651 2901 4705 ποτέ·
2933 4653 3057 4705 ἐπεὶ
3091 4654 3188 4708 καὶ
3225 4652 3304 4722 τῷ
3339 4653 3514 4724 μοιχῷ

1930 4746 2121 4818 ἐκείνῳ
2141 4745 2218 4817 τῷ
2251 4744 2482 4814 λέγοντι,
2511 4744 2736 4810 Σκότος
2773 4746 2980 4810 κύκλῳ
3004 4762 3125 4815 μου
3153 4745 3254 4800 καὶ
3301 4744 3512 4814 τοῖχοι,

1929 4838 1987 4895 τί
2017 4836 2418 4906 εὐλαϐοῦμαι;
2448 4835 2846 4906 ἀντεφθέγξατο
2876 4839 2905 4890 ὁ
2936 4832 3097 4906 σοφὸς
3120 4837 3348 4900 ἐκεῖνος,
3372 4835 3518 4890 οὑτω

1930 4927 2105 4995 λέγων
2119 4943 2134 4959 ο
2155 4926 2277 4979 ’Ὁτι
2305 4925 2598 4995 ὀφθαλμοί
2613 4925 2838 4994 Kvplov
2857 4925 3311 4996 μυριοπλασίως
3333 4925 3516 4992 ἡλίου

1931 5015 2366 5086 φωτεινότεροι,
2394 5012 2737 5080 ,βλέποντες
2768 5015 2856 5080 είς
2881 5012 2956 5066 τὰ
2976 5012 3121 5083 ἔργα
3147 5010 3268 5068 τῶν
3291 5011 3518 5079 ἀνθρώ-

1933 5121 2082 5162 πων.
2106 5104 2206 5158 Διά
2230 5103 2390 5157 τοῦτο
2428 5103 2494 5174 δὴ
2539 5103 2719 5158 πάντα
2753 5102 2782 5153 ό
2830 5100 3044 5165 Παῦλος
3083 5099 3304 5169 ἔλεγεν·
3341 5100 3522 5154 Ἕκα-

1935 5209 2082 5260 στος
2105 5192 2221 5261 τὴν
2248 5191 2465 5247 ἑαυτοῦ
2493 5191 2752 5260 γυναῖκα
2788 5188 2993 5259 ἐχέτω,
3018 5189 3118 5242 καί
3149 5187 3384 5257 ἑκάστη
3413 5189 3524 5242 τὸν

1935 5282 2092 5337 ἴδιον
2130 5281 2321 5350 ἄνδρα
2354 5281 2570 5351 ἐχέτω·
2598 5278 2676 5348 τῇ
2709 5276 2949 5349 γυναικί
2975 5280 3009 5331 ό
3033 5275 3190 5346 ἀνὴρ
3215 5279 3333 5345 τὴν
3365 5277 3525 5346 ὄφει·

1933 5373 2202 5444 λομένην
2231 5372 2479 5426 εὔνοιαν
2524 5367 2877 5431 ἀποδιδότω,
2912 5366 3126 5435 ὁμοίως
3159 5365 3260 5419 καὶ
3295 5365 3336 5434 ἡ
3365 5363 3524 5433 γυνὴ

1935 5463 2018 5530 τῷ
2050 5463 2246 5531 ἀνδρί.
2272 5463 2425 5516 Μέλι
2455 5457 2776 5519 ἀποστάζει
2815 5456 2936 5512 ἀπὸ
2966 5455 3216 5526 χειλέων
3234 5453 3525 5526 γυναικὸς

1937 5555 2202 5623 πόρκης,
2234 5550 2275 5620 ἢ
2329 5549 2480 5620 πρὸς
2527 5547 2738 5617 καιρὸν
2767 5549 3035 5602 λιπαίνει
3068 5546 3187 5601 σὸν
3225 5545 3522 5614 φάρυγγα,

1937 5644 2200 5711 ὕστερον
2227 5638 2382 5712 [202]
2398 5638 2606 5708 μέντοι
2634 5637 2985 5708 πικρότερον
3014 5632 3206 5705 χολῆς
3224 5631 3526 5701 εὑρήσεις,

2006 5791 2035 5833 b
2057 5789 2172 5841 Mss.
2193 5796 2321 5837 unus
2343 5782 2634 5847 ἑχιόδηκτον.
