3990 6358
478 343 586 402 ΞΠ

481 458 582 511 καὶ
609 453 990 526 ἠκονημένον
1005 455 1248 525 μᾶλλον
1269 455 1569 524 μαχαίρας
1605 446 1915 518 διστόμου.
1963 444 2062 498 ’ῐδν

480 549 591 619 εχει
619 549 722 619 τῆς
749 548 954 619 πόρνης
983 548 1044 599 τὸ
1074 548 1304 617 φίλημα,
1337 545 1414 598 ἰὸν
1461 543 1788 596 λανθάνοντα
1833 538 1930 593 καὶ
1972 539 2064 606 ἐγ-

480 634 878 712 κεκρυμμένον.
926 639 990 691 Τί
1023 639 1200 690 τοίνυν
1243 637 1459 700 διώκεις
1494 635 1689 706 ἡδονὴν
1719 631 2063 701 κατάγνωσιν

481 730 728 798 ἔχουσαν,
753 729 873 781 ὅλεθ
884 746 973 800 ρον
1004 728 1312 790 τίκτουσαν,
1337 727 1550 798 πληγὴν
1577 725 1886 794 ἐπάγουσαν
1911 719 2063 778 ἀνία-

478 837 590 882 τον,
623 820 742 886 ἐξὸν
787 819 1172 890 εὐφραίνεσθαι
1221 821 1315 873 καὶ
1373 820 1538 890 μηδὲν
1568 818 1797 888 πάσχειν
1845 815 2060 880 δεινόν;

494 911 617 963 Ὶ-ἷπὶ
640 912 748 983 γάρ
773 913 871 982 τῆς
899 911 1187 983 ἐλευθέρας
1218 912 1475 981 γυναικὸς
1504 909 1638 981 ὁμοῦ
1663 909 1757 963 καὶ
1781 907 1942 979 ἡδονὴ
1969 908 2063 960 καὶ

484 1002 752 1072 ἀσφάλεια
783 1005 878 1056 καὶ
905 1006 1088 1068 ἄνεσις
1111 1005 1204 1057 καὶ
1233 1005 1366 1074 τιμὴ
1403 1003 1496 1056 καὶ
1530 1003 1733 1071 κόσμος
1767 1002 1860 1053 καὶ
1889 1016 2064 1051 συνει-

485 1095 573 1158 δὸς
606 1095 808 1162 ἀγαθόν
830 1111 845 1126 °
881 1097 999 1149 ἐκεῖ
1016 1095 1071 1147 δὲ
1095 1095 1263 1164 πολλὴ
1296 1094 1395 1165 μὲν
1422 1096 1454 1164 ἡ
1490 1094 1704 1164 πικρία,
1737 1091 1904 1162 πολλὴ
1939 1092 1994 1144 δὲ
2029 1092 2062 1162 ή

486 1183 679 1256 βλάϐη,
697 1186 949 1256 διηνεκὴς
976 1187 1078 1256 δέὴ
1114 1184 1439 1256 κατηγορία.
1467 1183 1586 1237 Κᾶν
1614 1183 1722 1253 γὰρ
1756 1181 1941 1251 μηδεὶς
1971 1181 2064 1233 ἀν-

485 1275 717 1348 θρώπων
746 1277 847 1348 ἴδῃ.
867 1278 926 1329 τὸ
956 1277 1191 1340 συνειδὸς
1216 1275 1470 1329 οὐδέποτε
1503 1274 1769 1327 παύσεταί
1803 1291 1894 1326 σου
1926 1291 2060 1326 κατ-

481 1369 716 1440 ηγοροῦν
749 1386 762 1398 ·
795 1370 910 1422 ἀλλ’
951 1371 1194 1439 ὅπουπερ
1219 1367 1284 1421 ἂν
1319 1365 1577 1437 ἀπέλθῃς,
1613 1366 1799 1435 ἕψεται
1822 1382 2062 1433 κατηγο-

485 1462 596 1532 ρῶν
630 1462 723 1514 καὶ
755 1463 965 1533 μεγάλα
991 1460 1294 1524 καταϐοῶν,
1326 1461 1354 1512 ὁ
1374 1462 1676 1529 κατήγορος
1699 1454 1874 1521 οὗτος.
1901 1459 2062 1510 Ὥστε

484 1553 656 1617 εἴτις
707 1555 897 1624 ἡδονὴν
936 1553 1141 1615 διώκει,
1190 1548 1346 1615 οὗτος
1396 1551 1632 1622 μάλιστα
1683 1551 1930 1620 φευγέτω
1965 1550 2064 1622 τὴν

483 1645 622 1716 πρὸς
652 1645 750 1710 τὰς
786 1647 988 1716 πόρνας
1034 1644 1272 1716 ὁμιλίαν.
1323 1644 1488 1697 Οὐδὲν
1546 1642 1656 1715 γὰρ
1702 1643 1914 1714 ἐκείνης
1961 1643 2063 1713 τῆς

487 1737 771 1808 συνηθείας
799 1739 1144 1811 πικρότερον,
1179 1738 1330 1791 οὐδὲν
1359 1739 1458 1808 τῆς
1497 1733 1781 1800 συνουσίας
1811 1737 2066 1807 ἀηδέστε-

489 1847 601 1900 ρον,
617 1831 766 1884 οὐδὲν
791 1831 896 1883 τῶν
912 1828 1127 1901 τρόπων
1154 1827 1515 1902 μιαρώτερον.
1545 1829 1814 1898 Ἔλαφος
1841 1830 2064 1898 φιλίας,

486 1922 586 1974 καί
634 1919 836 1988 πῶλος
886 1922 1016 1976 σῶν
1045 1924 1302 1991 χαρίτων
1353 1923 1628 1992 όμιλείτω
1671 1938 1805 1976 σοι·
1834 1923 1871 1990 ἡ
1903 1921 2064 1989 πηγὴ

486 2012 593 2066 τοῦ
625 2013 843 2079 ὕδατός
872 2030 988 2068 σου
1023 2016 1122 2068 σοι
1179 2017 1334 2069 ἔστω
1382 2015 1568 2083 πηγή.
1629 2016 1820 2085 Πηγὴν
1876 2013 2068 2077 ὓδατος

485 2103 624 2172 ἔχων
657 2104 924 2172 καθαράν,
955 2106 1008 2158 τί
1052 2106 1263 2176 τρέχεις
1295 2093 1624 2160 ἐπὶ’λάκκον
1667 2106 1929 2177 βορϐόρου
1974 2105 2068 2173 γέ-

485 2213 677 2264 μοντα,
705 2197 926 2266 γεέννης
947 2198 1158 2261 ὄζοντα,
1185 2198 1279 2250 καὶ
1309 2198 1583 2259 κολάσεως
1631 2198 1875 2267 ἀφάτου;
1907 2195 2071 2248 ποίαν

485 2285 629 2351 ἕξεις
652 2287 978 2355 ἀπολογίαν;
1003 2290 1128 2342 τίνα
1149 2291 1478 2360 συγγνώμην
1499 2307 1513 2353 ;
1545 2291 1606 2342 Εἰ
1630 2289 1739 2361 γάρ
1771 2290 1820 2341 οἱ
1847 2289 1952 2360 πρὸ
1977 2288 2072 2341 τοῦ

488 2381 670 2450 γάμου
723 2381 949 2452 πορνείᾳ
1001 2382 1360 2452 προσέχοντες
1401 2380 1716 2446 κολάζονται
1770 2381 1862 2434 καὶ
1917 2381 2074 2449 δίκην

487 2470 714 2535 διδόασι,
747 2472 996 2542 καθάπερ
1035 2474 1262 2536 είκεῖνος
1299 2475 1328 2526 ό
1353 2473 1420 2526 τὰ
1467 2472 1686 2544 ῥυπαρὰ
1725 2472 2075 2540 ἐνδεδυμένος

484 2561 703 2632 ἱμάτια,
741 2563 920 2633 πολλῷ
965 2564 1162 2633 μᾶλλον
1206 2567 1254 2617 οἱ
1291 2565 1430 2635 μετὰ
1474 2565 1564 2618 τὸν
1611 2565 1808 2634 γάμον.
1843 2563 2074 2615 Διπλοῦν

500 2712 576 2723 ..-

579 2716 794 2725 θνα-Ψ.

1170 359 1236 413 ’8.
1273 348 1561 412 JOANNIS
1597 341 2093 404 CIIRYSOSTOMI
2131 339 2453 396 ARCHIEP.
2490 335 3040 396 CONSTANTINOP.

3630 314 3746 374 218

2164 441 2276 514 γὰρ
2305 437 2539 495 ἐνταῦθα
2569 439 2665 492 καὶ
2693 435 2948 508 τριπλοῦν
2973 434 3036 488 τὸ
3057 431 3304 504 ἔγκλημα
3331 431 3558 501 γίνεται,
3580 431 3666 485 δτι
3685 445 3752 485 τι

2165 531 2521 605 παραμυθίας
2542 528 2924 592 ἀπολαύοντες,
2945 525 3356 596 ἀπεσκίρτησαν
3372 526 3452 586 είς
3471 523 3571 594 τὴν
3588 522 3752 576 ἀσέλ-

2163 642 2319 694 γειαν
2348 621 2585 694 ἐκείνην,
2624 621 2721 674 καὶ
2757 619 2840 672 ὅτι
2873 619 2936 671 τὸ
2967 618 3202 688 πρᾶγμα
3230 616 3349 686 οὐχὶ
3387 613 3612 686 πορνεία
3646 612 3753 682 μό-

2164 735 2275 783 νον,
2311 714 2448 770 ἀλλά
2474 717 2567 769 καὶ
2625 711 2839 784 μοιχεία
2868 710 3164 779 λογίζεται,
3201 709 3230 762 ὃ
3267 709 3448 778 πάσης
3474 705 3756 776 ἁμαρτίας

2164 810 2283 863 ἐστὶ
2331 804 2732 877 χαλεπώτερον.
2773 802 2940 854 Ταῦτ’
2971 797 3068 854 οὖν
3103 801 3198 854 καὶ
3237 801 3447 861 ἑαυτοῖς
3495 797 3590 850 καὶ
3629 798 3759 858 ταῖς

2163 900 2412 970 γυναιξὶν
2445 896 2736 970 ἐπᾴδοντες
2761 895 2902 948 οὕτω
2929 892 3260 962 διατελῶμεν
3279 906 3292 920 ’
3321 891 3399 943 διὸ
3427 890 3491 947 δὴ
3526 891 3617 943 καὶ
3649 889 3758 942 αὗ-

2162 993 2254 1056 τὸς
2305 996 2386 1056 εἰς
2440 990 2616 1045 ταῦτα
2673 987 2965 1044 καταλύσω
3009 987 3078 1039 τὰ
3114 987 3364 1056 ῥήματα·
3393 983 3494 1036 Διά
3531 981 3598 1034 δὲ
3646 981 3764 1045 τὰς

2164 1087 2448 1154 πορνείας
2468 1084 2730 1148 ἕκαστος
2750 1082 2865 1148 τὴν
2896 1079 3113 1134 ἑαυτοῦ
3139 1076 3392 1148 γυναῖκα
3411 1074 3609 1142 ἐχέτω,
3657 1074 3767 1126 καὶ

2164 1177 2392 1246 ἑκάστη
2417 1175 2524 1229 τὸν
2549 1173 2704 1227 ἴδιον
2725 1172 2912 1239 ἄνδρα
2937 1168 3118 1239 ἐχέτω
3134 1186 3147 1199 ·
3177 1168 3252 1237 τῇ
3279 1167 3511 1232 γυναικὶ
3545 1169 3576 1219 ό
3596 1165 3771 1232 ἀνὴρ

2164 1268 2283 1336 τὴν
2312 1265 2713 1336 ὀφειλομένην
2755 1265 3002 1317 εὔνοιαν·
3023 1260 3375 1323 ἀποδιδότω,
3413 1259 3628 1328 ὁμοίως
3662 1258 3771 1310 καὶ

2165 1362 2204 1430 ἠ
2253 1360 2412 1430 γυνὴ
2453 1357 2534 1424 τῷ
2576 1357 2772 1427 ἀνδρί.
2818 1356 2878 1410 Ἡ
2926 1353 3082 1425 γυνὴ
3137 1351 3245 1407 τοῦ
3294 1351 3447 1404 ἰδίου
3483 1350 3774 1419 σώματος

2166 1455 2277 1506 οὐκ
2315 1449 2674 1516 ἐξουσιάζει,
2713 1447 2850 1501 ἀλλ’
2891 1450 2926 1501 ὀ
2955 1445 3128 1514 ἀνήρ’
3162 1443 3375 1512 ὁμοίως
3399 1442 3496 1496 καὶ
3541 1445 3572 1495 ό
3599 1441 3773 1509 ἀνὴρ

2166 1543 2272 1597 τοῦ
2303 1541 2456 1596 ἰδίου
2487 1539 2763 1609 σώματος
2798 1540 2909 1593 οὐκ
2937 1534 3286 1601 ἐξουσιάζει,
3312 1537 3460 1590 ἀλλ’
3488 1536 3527 1603 ἠ
3576 1534 3770 1604 γυνή.

2166 1635 2319 1691 Μετὰ
2353 1633 2641 1704 ἀκριϐείας
2680 1631 2853 1684 ταῦτα
2905 1629 3241 1697 φυλάξαντες
3284 1629 3354 1681 τὰ
3389 1629 3630 1698 ῥήματα,
3671 1629 3776 1679 καὶ

2171 1729 2230 1780 ἐν
2252 1727 2448 1796 ἀγορᾷ,
2479 1724 2573 1778 καὶ
2599 1725 2656 1777 ὲν
2687 1723 2858 1794 οἰκίᾳ,
2882 1722 2977 1774 καὶ
3001 1723 3057 1774 ἐν
3095 1719 3296 1792 ἡμέρᾳ,
3328 1721 3422 1773 καὶ
3448 1721 3505 1773 ἐν
3527 1718 3772 1787 ἑσπέρα,

2171 1817 2268 1870 καὶ
2303 1815 2396 1868 ἐπὶ
2432 1815 2531 1886 τῆς
2563 1815 2861 1885 τραπέζης,
2899 1813 2992 1868 καὶ
3017 1813 3112 1866 ἐπὶ
3147 1811 3248 1880 τῆς
3273 1811 3452 1881 εὐνῆς,
3489 1811 3582 1863 καὶ
3625 1827 3778 1862 παν-

2171 1908 2340 1977 ταχοῦ
2369 1905 2466 1960 καὶ
2517 1906 2673 1958 αὐτοὶ
2708 1903 3042 1974 μελετῶμεν,
3073 1901 3170 1956 καὶ
3203 1899 3302 1963 τὰς
3331 1900 3594 1967 γυναῖκας
3633 1915 3778 1951 παι-

2171 1995 2439 2066 δεύωμεν,
2494 1993 2590 2046 καὶ
2629 1992 2766 2062 πρὸς
2824 1993 2974 2062 ἡμᾶς
3023 1989 3242 2059 λέγειν,
3275 1987 3370 2040 καὶ
3415 1987 3543 2058 παρ’
3601 1985 3778 2055 ἡμῶν

2174 2089 2430 2154 ἀκούειν,
2465 2087 2550 2141 ῖνα
2586 2086 2876 2158 σωφρόνως
2899 2083 2992 2136 τὸν
3027 2081 3273 2153 παρόντα
3315 2081 3580 2150 ζήσαντες
3628 2078 3777 2148 βίον,

2178 2181 2273 2234 καὶ
2299 2181 2399 2250 τῆς
2434 2179 2713 2249 βασιλείας
2741 2176 2851 2230 τῶν
2881 2174 3127 2246 οὐρανῶν
3151 2171 3495 2242 ἐπιτύχωμεν
3518 2211 3532 2234 ,
3575 2173 3781 2240 χάριτι

2176 2274 2271 2328 καὶ
2319 2271 2702 2344 φιλανθρωπίᾳ
2732 2269 2826 2323 τοῦ
2854 2268 3059 2339 Κυρίου
3088 2265 3247 2336 ἡμῶν
3291 2263 3466 2335 Ἰησοῦ
3496 2262 3778 2333 Χριστοῦ,

2174 2366 2242 2419 δι’
2271 2359 2330 2419 οὗ
2362 2364 2458 2418 καὶ
2498 2364 2618 2435 μεθ’
2639 2356 2700 2416 οὗ
2725 2362 2804 2432 τῷ
2832 2359 3152 2430 Πατρὶ,ἀμα
3181 2357 3260 2428 τῷ
3290 2356 3432 2425 ἀγίῳ
3458 2354 3778 2426 Πνεύματι,

2175 2457 2210 2526 ἡ
2243 2455 2367 2520 δόξα
2402 2455 2482 2520 εἰς
2514 2457 2641 2519 τοὺς
2668 2453 2872 2517 αἰῶνας
2903 2452 3013 2506 τῶν
3051 2449 3283 2504 αἰώνων.
3319 2448 3514 2518 Ἀμήν.

1820 2854 1968 2926 [εοδ]
2007 2827 2177 2916 ΕΙΣ
2231 2831 2380 2915 ΤΟ

495 2983 668 3054 Γυνὴ
713 2982 947 3038 δέδεται
994 2986 1174 3055 νόμῳ,
1219 2987 1310 3057 ἐφ’
1351 2990 1503 3043 ὅσον
1543 2992 1766 3060 χρόνον
1809 2993 1879 3062 ζῇ
1921 2997 1954 3048 ὁ
1997 2993 2152 3062 ἀνὴρ
2185 2993 2410 3062 αὐτῆςο
2445 2995 2553 3048 ἐὰν
2583 2993 2653 3046 δὲ
2685 2988 2960 3061 κοιμηθῇ,
2995 2987 3282 3058 ἐλευθέρα
3313 2989 3482 3043 ἐστὶν
3512 2983 3560 3056 ᾧ
3593 2992 3773 3047 θέλει

971 3081 1326 3152 πημηθῆναι,
1361 3086 1555 3154 μόνον
1591 3086 1660 3139 ἐν
1702 3087 1916 3154 Κυρίῳ.
1959 3087 2382 3155 Μακαριωτέρα
2421 3086 2489 3140 δέ
2528 3087 2717 3150 ἐστίν,
2761 3085 2871 3137 ἐὰν
2905 3083 3060 3136 οὕτω
3091 3083 3296 3152 μείνῃ.

565 3313 634 3360 α’.
658 3306 791 3376 Περὶ¹
812 3305 992 3375 γάμου
1021 3305 1210 3377 πρώην
1232 3309 1362 3376 ἡμῖν
1381 3308 1408 3359 ό
1432 3307 1703 3378 μακάριος
1720 3309 1933 3375 Παῦλος
1964 3315 2080 3364 ἐνο-

492 3392 733 3462 μοθέτει,
759 3392 853 3442 καὶ
874 3391 982 3441 τῶν
1009 3391 1103 3442 τοῦ
1137 3390 1316 3460 γάμου
1347 3392 1754 3461 δικαιωμάτων,
1771 3395 2078 3465 Κορινθίοις

488 3476 634 3530 οὔτω
664 3475 892 3545 γράφων
929 3473 1020 3526 καὶ
1047 3473 1220 3540 λέγων
1238 3491 1252 3504 ⁸
1270 3476 1409 3541 Περὶ
1431 3475 1499 3527 δὲ
1518 3470 1604 3528 ὧν
1626 3477 1926 3544 ἐγράψατέ
1952 3496 2075 3547 μοι,

492 3559 688 3613 καλὸν
712 3557 998 3625 ἀνθρώπῳ
1020 3557 1302 3625 γυναικὸς
1313 3557 1399 3626 μὴ
1417 3557 1708 3612 ἅπτεσθαι
1726 3576 1739 3589 °
1763 3559 1860 3614 διὰ
1885 3559 1953 3613 δὲ
1973 3559 2081 3627 τὰς

492 3642 775 3710 πορνείας
804 3641 1059 3706 ἕκαστος
1092 3641 1206 3705 τὴν
1232 3640 1451 3694 ἑαυτοῦ
1478 3642 1731 3711 γυναῖκα
1755 3643 1960 3712 ἐχέτω,
1979 3643 2081 3696 καὶ

491 3726 722 3792 ἑκάστη
743 3725 847 3776 τὸν
871 3724 1023 3776 ἴδιον
1050 3723 1239 3788 ἄνδρα
1260 3723 1461 3790 ἐχέτω.
1493 3725 1590 3777 Διά
1616 3726 1775 3779 τοῦτο
1800 3727 1891 3779 καὶ
1920 3729 2081 3796 ἡμεῖς

492 3810 593 3880 τὴν
619 3807 851 3871 διάλεξιν
890 3807 1107 3860 ἃπασαν
1136 3807 1216 3868 εἰς
1248 3805 1420 3858 ταῦτα
1453 3807 1520 3860 τὰ
1549 3810 1769 3878 ῥήματα
1798 3808 2081 3862 ἀναλώσα-

500 3909 620 3963 μεν.
669 3889 877 3944 Οὐκοῦν
917 3891 1130 3958 ἀνάγκη
1167 3888 1262 3942 καὶ
1311 3892 1550 3960 σήμερον
1595 3891 1724 3961 περὶ
1773 3893 1870 3962 τῆς
1912 3893 2082 3963 αὐτῆς

497 3978 626 4047 ὑμῖν
663 3975 970 4036 ὑποθέσεως
1001 3973 1348 4044 διαλεχθῆναι
1383 3974 1544 4026 πάλιν
1567 3974 1798 4046 ,ἐπειδὴ
1844 3977 1940 4028 καὶ
1983 3978 2080 4046 σή-

499 4076 666 4130 μερον
700 4058 825 4127 περὶ
851 4057 957 4108 τῶν
1012 4057 1190 4108 αὐτῶν
1224 4057 1251 4108 ὁ
1286 4057 1448 4120 αὐτὸς
1497 4057 1804 4124 διαλέγεται
1848 4058 2078 4122 Παῦλος.

498 4145 610 4198 Καὶ
625 4143 732 4213 γὰρ
747 4141 1016 4212 ἠκούσατε
1043 4139 1206 4192 αὐτοῦ
1238 4139 1468 4210 βοῶντος
1494 4143 1587 4194 καὶ
1611 4141 1860 4209 λέγοντος
1877 4159 1889 4171 ·
1910 4143 2080 4212 Γυνὴ

498 4227 730 4280 δέδεται
754 4227 934 4294 νόμῳ,
972 4223 1064 4292 ἐφ’
1100 4223 1251 4277 ὅσον
1279 4228 1502 4293 χρόνον
1534 4224 1600 4293 ζῇ
1623 4230 1655 4279 ὁ
1688 4227 1841 4294 ἀνὴρ
1871 4227 2080 4294 αὐτῆς·

498 4310 609 4363 ἐὰν·
636 4310 703 4362 δὲ
753 4305 1005 4376 κοιμηθῇ
1035 4309 1068 4360 ό
1095 4306 1251 4374 ἀνὴρ
1282 4306 1493 4373 αὐτῆς,
1522 4309 1809 4376 ἐλευθέρα
1837 4309 2012 4363 ἐστίν
2035 4303 2085 4377 ᾧ

501 4391 663 4446 θέλει
702 4389 1058 4461 γαμηθῆναι,
1069 4391 1260 4458 μόνον
1309 4391 1378 4443 ἐν
1406 4393 1620 4459 Κυρίῳ.
1665 4394 2084 4461 Μακαριωτέρα

501 4475 570 4528 δέ
589 4475 778 4537 ἐστιν,
806 4474 912 4526 ἐὰν
940 4472 1092 4526 οὕτω
1119 4473 1295 4541 μείνῃ
1329 4473 1478 4526 κατὰ
1503 4474 1619 4542 τὴν·
1641 4475 1794 4542 ἐμὴν
1818 4476 2080 4545 γνώμην·

501 4559 660 4613 δοκῶ
683 4558 749 4612 δὲ
771 4557 931 4626 κάγὼ
956 4558 1194 4624 Πνεῦμα
1227 4556 1372 4609 Θεοῦ
1399 4557 1582 4626 ἔχειν.
1623 4557 1913 4628 Ἐψώμεοα
1931 4572 1956 4599 ει
1983 4561 2086 4613 τοξ-

501 4662 598 4697 νυν
621 4642 770 4714 αὐτῴ
804 4645 896 4695 καὶ
919 4643 983 4712 σή
995 4659 1058 4712 με
1069 4658 1178 4712 ρον,
1197 4641 1290 4693 καὶ
1332 4641 1459 4714 περὶ
1483 4641 1688 4711 ταύτης
1716 4643 2085 4714 διαλεξώμεθα

501 4727 603 4796 τῆς
646 4725 955 4788 ὑποθέσεως
996 4743 1008 4756 ο
1043 4723 1463 4788 ἀκολουθοῦντες
1497 4726 1605 4795 γάρ
1640 4726 1859 4796 Παύλῳ,
1899 4727 1966 4780 δι’
1991 4729 2082 4780 αύ-

504 4811 599 4865 τοῦ
651 4809 868 4870 πάντως
915 4807 992 4878 τῷ
1031 4807 1251 4878 Χριστῴ
1291 4807 1553 4877 ἑψόμεθα,
1583 4808 1768 4878 ἐπειδὴ
1799 4811 1894 4863 καὶ
1931 4804 2086 4874 οὗτος

503 4893 604 4961 οὐχ
659 4893 838 4963 ἐαυτῷ
863 4934 876 4957 ,
905 4893 1019 4944 ἀλλ’
1034 4892 1227 4961 ἐκείνῳ
1277 4891 1603 4957 ἀκολουθῶν,
1634 4893 1812 4946 πάντα
1857 4893 2082 4965 ἔγραφε.

507 4981 618 5033 Καὶ
642 4978 751 5048 γὰρ
773 4979 832 5030 οὐ
859 4977 921 5029 τὸ
947 4976 1109 5046 τυχὸν
1147 4977 1380 5047 πρᾶγμα
1411 4975 1590 5045 γάμος
1626 4972 1684 5030 εὖ
1725 4976 2084 5048 διακείμενος,

507 5064 696 5132 ὥσπερ
731 5059 823 5115 οὖν
856 5060 1064 5132 μυρίων
1113 5060 1408 5130 συμφορῶν
1433 5061 1686 5124 ὑπόθεσις
1714 5062 1924 5130 γίνεται
1975 5067 2089 5128 τοῖς

509 5148 610 5200 οὐκ
653 5148 731 5208 εἰς
775 5146 892 5198 δέον
939 5145 1086 5216 αὐτῷ
1125 5143 1450 5214 χρωμένοις.
1497 5144 1706 5216 ’Ὠσπερ
1751 5146 1860 5218 γὰρ
1898 5146 2088 5218 βοηθός

507 5244 660 5295 ἐστιν
690 5243 725 5313 ἡ
755 5241 913 5312 γυνὴ,
948 5241 1092 5294 οὕτω
1136 5241 1395 5303 πολλάκις
1424 5240 1518 5294 καὶ
1550 5241 1834 5305 ἐπίϐουλος
1857 5245 2086 5312 γίνεται.

513 5326 725 5396 Ὥσπερ
756 5323 850 5379 οὗν
871 5326 1031 5396 λιμήν
1063 5328 1211 5378 ἐστιν
1235 5328 1262 5378 ὁ
1292 5327 1490 5396 γάμος,
1516 5325 1657 5379 οὕτω
1683 5327 1778 5380 καὶ¹
1808 5329 2088 5396 ναυάγιον,

514 5410 574 5464 ού
599 5409 753 5479 παρά
775 5409 872 5478 τὴν
907 5409 1114 5462 οἰκείαν
1165 5409 1349 5479 φύσιν,
1384 5410 1519 5462 ἀλλά
1564 5411 1711 5480 παρὰ
1735 5411 1834 5480 τὴν
1863 5412 2090 5482 γνώμην

513 5492 622 5548 τῶν
648 5490 837 5554 κακῶς
865 5491 1012 5561 αὐτῷ
1041 5493 1505 5564 χρησαμένων.,’0
1543 5493 1642 5564 μὲν
1663 5493 1772 5564 γὰρ
1803 5495 1945 5548 κατὰ
1967 5496 2092 5558 τοὺς

512 5579 892 5652 προσήκοντας
925 5579 1086 5632 αὐτὸν
1107 5579 1392 5642 ἐπιτελῶν,
1428 5578 1646 5649 νόμους,
1675 5581 1782 5633 τῶν
1816 5581 1924 5634 ἀπὸ
1947 5585 2044 5654 τῆς
2063 5582 2089 5621 b

514 5664 725 5735 ἀγορᾶς
770 5661 865 5715 καὶ
915 5662 1132 5716 πάντων
1160 5662 1268 5722 τῶν
1299 5662 1574 5735 πανταχοῦ
1611 5665 1796 5719 κακῶν
1835 5683 2087 5740 παραμυ-

579 5779 606 5839 f‘
627 5779 738 5839 Duo
760 5790 872 5826 mss.
896 5777 1132 5839 ἑπώμεθα.

573 5837 605 5882 δ
625 5838 779 5892 [idem
801 5853 916 5891 mss.
938 5837 1033 5891 τῶν
1060 5841 1133 5889 ἐπὶ
1155 5847 1253 5900 τῆς.

2181 3312 2305 3366 θίαν
2350 3311 2475 3366 τινὰ
2525 3311 2617 3364 καὶ
2665 3309 2989 3380 ἀπαλλαγὴν
3027 3309 3273 3381 εὑρίσκει
3303 3309 3402 3381 τὴν
3427 3308 3645 3373 οἰκίαν,
3683 3313 3790 3365 καὶ

2178 3397 2278 3468 τὴν
2307 3397 2502 3450 ἑαυτοῦ
2531 3398 2768 3464 γυναῖκα
2793 3411 2807 3424 ·
2839 3397 2868 3448 ὁ
2920 3394 2978 3446 δὲ
3017 3393 3208 3456 ἁπλῶς
3253 3394 3346 3445 καὶ
3392 3393 3467 3455 ὡς
3509 3393 3674 3463 ἔτυχε
3719 3397 3790 3448 τὸ

2181 3483 2414 3555 πρᾶγμα
2447 3479 2980 3552 μεταχειριζόμενος,
3003 3477 3108 3530 κᾶν
3136 3477 3341 3545 πολλῆς
3363 3477 3457 3528 ἐπὶ
3493 3476 3592 3546 τῆς
3643 3478 3788 3546 ἀγο-

2184 3567 2283 3636 ρᾶς
2315 3564 2600 3637 ἀπολαύσῃ
2624 3563 2886 3634 γαλήνης,
2915 3561 3216 3624 σκοπέλους
3247 3561 3342 3614 καὶ
3365 3560 3630 3624 σπιλάδας
3662 3565 3788 3614 εἰσ-

2182 3648 2353 3702 ελθὼν
2397 3651 2476 3712 εἰς
2510 3647 2612 3718 τὴν
2649 3647 2826 3700 οίκίαν
2862 3645 3077 3714 ὄψεται.
3125 3643 3277 3697 Ἐπεὶ
3303 3639 3396 3696 οὖν
3423 3644 3485 3695 οὐ
3515 3643 3651 3713 mp).
3670 3644 3792 3698 τῶν

2182 3733 2452 3803 τυχόντων
2482 3734 2614 3802 ἡμῖν
2641 3732 2668 3783 ὁ
2699 3731 2964 3793 κίνδυνος,
2989 3729 3287 3796 ἀναγκαῖον
3313 3728 3452 3797 μετά
3481 3727 3792 3797 ἀκριϐείας

2181 3819 2294 3880 τοῖς
2321 3817 2634 3887 λεγομένοις
2656 3814 2969 3886 προσέχειν,
2991 3813 3084 3865 καὶ
3124 3812 3216 3864 τὸν
3250 3809 3513 3881 μέλλοντα
3538 3814 3792 3878 γυναῖκα.

2183 3899 2431 3968 ἄγεσθαι,
2469 3899 2610 3970 μετά
2655 3899 2765 3952 τῶν
2815 3897 2911 3950 τοῦ
2966 3895 3181 3950 Παύλου
3233 3895 3436 3964 νόμων,
3477 3894 3686 3964 μᾶλλον
3727 3894 3790 3947 δὲ

2188 3983 2327 4052 μετὰ
2351 3982 2458 4034 τῶν
2491 3980 2585 4035 τοῦ
2617 3981 2859 4053 Χριστοῦ
2893 3981 3075 4050 νόμων
3102 3979 3261 4032 τοῦτο
3287 3980 3480 4030 ποιεῖν.
3509 3974 3647 4031 Οἶδα
3682 3979 3790 4048 μὲν

2183 4061 2276 4120 οὖν
2310 4067 2392 4119 ὅτι
2424 4065 2639 4129 πολλοῖς
2671 4063 2808 4118 εἶναι
2858 4065 3008 4118 δοκεῖ
3033 4064 3218 4117 καινὸν
3250 4065 3342 4115 καὶ
3369 4062 3683 4132 παράδοξον
3725 4062 3791 4114 τδ

2184 4149 2475 4219 λεγόμενον
2495 4167 2508 4180 ·
2542 4150 2682 4220 πλὴν
2715 4150 2776 4202 ού
2799 4149 2886 4202 διὰ
2918 4147 3079 4200 τοῦτο
3110 4148 3429 4217 σιγήσομαι,
3459 4145 3594 4198 ἀλλά
3631 4147 3795 4218 πρῶ-

2183 4251 2277 4286 τον
2296 4233 2389 4287 τὸν
2410 4234 2575 4302 νόμον
2598 4234 2725 4304 ὑμῖν
2741 4235 3031 4301 ἀναγνοὺς,
3048 4233 3191 4285 οὕτω
3213 4234 3312 4302 τὴν
3342 4232 3500 4284 δοκοῦ
3510 4249 3610 4283 σαν
3632 4233 3797 4285 ἀντι-

2185 4316 2378 4386 νομίαν
2422 4317 2584 4370 λῦσαι
2623 4317 2976 4387 πειράσομαι.
3011 4317 3109 4379 Τίς
3148 4313 3242 4370 οῦν
3273 4318 3421 4368 ἐστιν
3453 4317 3484 4366 ὁ
3512 4317 3708 4385 νόμος,
3731 4317 3797 4368 δν

2183 4402 2213 4452 ὁ
2245 4399 2456 4464 Παῦλος
2494 4403 2626 4470 ἡμῖν
2660 4400 2858 4470 ἐθηκε;
2894 4399 3085 4467 Γυνὴ,
3123 4401 3292 4470 φησὶ,
3319 4399 3554 4452 δέδεται
3593 4403 3794 4468 νόμῳ.

2187 4483 2396 4537 Οὐκοῦν
2421 4484 2482 4536 οὐ
2517 4485 2598 4537 δεῖ
2634 4483 3028 4554 ἀποσχίζεσθαι
3059 4482 3259 4547 ζῶντος
3288 4483 3382 4535 τοῦ
3413 4483 3631 4552 ἀνδρὸς,
3659 4483 3800 4536 οὐδὲ

2186 4569 2371 4640 ἕτερον
2427 4568 2744 4634 ἐπεισάγειν
2787 4568 3042 4638 νυμφίον,
3079 4567 3203 4619 οὐδὲ
3256 4565 3535 4638 δευτέροις
3568 4565 3797 4635 ὁμιλεῖν

2185 4655 2404 4723 γάμοις.
2438 4651 2548 4704 Καὶ⁵
2587 4651 2686 4722 ὅρα
2718 4652 2834 4712 πῶς
2875 4651 3013 4722 μετά
3053 4651 3339 4723 ἀκριϐείας
3371 4650 3466 4704 καὶ
3501 4653 3642 4721 αὐτῇ
3677 4651 3798 4705 τῶν

2186 4737 2384 4803 λέξεων
2406 4739 2471 4806 τῇ
2512 4736 2674 4804 φύσει
2705 4735 2988 4806 κέχρηται.
3029 4735 3105 4790 Οὐ
3141 4736 3250 4806 γάρ
3280 4730 3423 4798 εἷπε,
3453 4734 3802 4790 Συνοικείτω

2187 4821 2263 4892 τῷ
2300 4819 2476 4892 ἀνδρὶ,
2507 4819 2591 4888 ἐφ’
2621 4819 2746 4872 ὅσον
2789 4818 2942 4891 [204]
2975 4821 3165 4890 χρόνον
3196 4819 3263 4889 ζῇ
3286 4832 3300 4844 ·
3323 4815 3463 4871 ἀλλὰ
3490 4818 3573 4883 τί;
3606 4819 3798 4888 Γυνὴ

2187 4905 2420 4960 δέδεται
2448 4905 2626 4971 νόμῳ,
2651 4903 2744 4972 ἐφ’
2774 4902 2928 4958 ὅσον
2946 4904 3173 4972 χρόνον
3206 4900 3274 4970 ζῇ
3302 4904 3335 4956 δ
3367 4898 3524 4970 ἀνὴρ
3562 4902 3800 4971 αὐτῆς.

2188 4991 2327 5044 ὥστε
2347 4989 2447 5042 κᾶν
2477 4987 2681 5057 βιϐλίον
2704 4977 3035 5039 ἀποστασίου
3067 4985 3163 5057 δῷ,
3183 4985 3276 5038 καὶ
3299 4984 3397 5056 τὴν
3430 4985 3612 5037 οίκίαν
3644 4987 3799 5056 ἀφῇ,

2189 5074 2292 5128 κᾶν
2319 5073 2454 5146 πρὸς
2485 5070 2641 5124 ἄλλον
2665 5069 2892 5141 ἀπέλθῃ,
2921 5070 2998 5139 τῷ
3027 5069 3177 5140 νόμῳ
3199 5069 3425 5134 δέδεται,
3461 5069 3557 5122 καὶ
3589 5087 3807 5140 μοιχαο

2188 5157 2270 5220 λίς
2291 5159 2439 5210 ἐστιν
2461 5156 2494 5225 ἡ
2523 5153 2766 5222 τοιαύτη.

2273 5240 2398 5293 Ἐἀν
2419 5239 2600 5292 τοίνυν
2619 5239 2648 5288 ὁ
2670 5239 2809 5310 ἀνὴρ
2835 5236 3086 5290 ἐκϐαλεῖν
3113 5236 3372 5307 βούληται
3393 5235 3494 5307 τὴν
3519 5240 3802 5305 γυναῖκα,

2190 5326 2224 5396 ἦ
2253 5327 2285 5396 ἡ
2319 5323 2455 5395 γυνὴ
2487 5322 2580 5376 τὸν
2621 5321 2790 5392 ἀνδρα
2846 5321 3084 5388 ἀφεῖναι,
3119 5321 3323 5391 ταύτης
3361 5322 3808 5392 ἀναμιμνησχέ-

2193 5409 2305 5462 σθω
2329 5408 2426 5478 τῆς
2458 5407 2688 5478 ρήσεως,
2713 5403 2809 5458 καὶ
2848 5404 2938 5456 τὸν
2967 5403 3179 5457 Παῦλον
3212 5403 3481 5474 νομιζέτω
3519 5408 3807 5473 παρεῖναι

2193 5495 2286 5547 καὶ
2339 5491 2701 5546 καταδιώκειν
2743 5488 2913 5560 αὐτὴν
2945 5488 3155 5558 βοῶντα
3200 5490 3296 5541 καὶ
3325 5488 3571 5556 λέγοντα,
3605 5489 3806 5557 Γυνὴ

2192 5579 2426 5633 δέδεται
2459 5578 2639 5645 νόμῳ.
2662 5575 2930 5645 Καθάπερ
2965 5575 3074 5646 γάρ
3098 5576 3144 5626 οἱ
3177 5572 3604 5644 δραπετεύοντες
3637 5576 3811 5626 οἰκέ-

2191 5687 2301 5733 ται,
2321 5667 2424 5721 κᾶν
2445 5666 2545 5737 τὴν
2565 5664 2741 5718 οἰκίαν
2764 5662 2945 5732 ἀφῶσι
2967 5662 3065 5733 τὴν
3092 5660 3441 5729 δεσποτικὴν,
3461 5657 3556 5727 τὴν
3589 5657 3811 5710 ἅλυσιν

2195 5752 2406 5821 ἔχουσιν
2436 5745 3024 5820 ἐπισυρομένηνοοῦτω
3059 5745 3152 5797 καὶ⁵
3177 5745 3462 5813 γυναῖκες,
3498 5740 3606 5793 κᾶν
3671 5738 3814 5801 τοὺς

2199 5835 2396 5904 ἄνδρας
2421 5833 2624 5903 ἀφῶσι,
2657 5832 2749 5886 τὸν
2774 5830 2937 5902 νόμον
2975 5829 3160 5900 ἔχουσι
3205 5822 3646 5889 καταδικάζοντα
3681 5823 3815 5877 ἀντὶ
