  <div class='ocr_page' id='page_1' title='image "/cluster/home/n/w/nwhite01/storage/ocr_20150623/51/nnc1.0046978275/216.png"; bbox 0 0 3990 6358; ppageno 0'>
   <div class='ocr_carea' id='block_1_1' title="bbox 225 308 335 365">
    <p class='ocr_par' dir='ltr' id='par_1_1' title="bbox 225 308 335 365">
     <span class='ocr_line' id='line_1_1' title="bbox 225 308 335 365; baseline 0 -1"><span class='ocrx_word' id='word_1_1' title='bbox 225 308 335 365; x_wconf 72' lang='grc' dir='ltr'><strong>2Ιῖ</strong></span> 
     </span>
    </p>
   </div>
   <div class='ocr_carea' id='block_1_2' title="bbox 230 421 1839 489">
    <p class='ocr_par' dir='ltr' id='par_1_2' title="bbox 230 421 1839 489">
     <span class='ocr_line' id='line_1_2' title="bbox 230 421 1839 489; baseline -0.001 -10"><span class='ocrx_word' id='word_1_2' title='bbox 230 425 324 479; x_wconf 82' lang='lat' dir='ltr'><strong>hct</strong></span> <span class='ocrx_word' id='word_1_3' title='bbox 350 423 598 479; x_wconf 89' lang='lat' dir='ltr'><strong>osculum</strong></span> <span class='ocrx_word' id='word_1_4' title='bbox 618 421 937 489; x_wconf 86' lang='lat' dir='ltr'><strong>meretricis,</strong></span> <span class='ocrx_word' id='word_1_5' title='bbox 974 435 1239 478; x_wconf 88' lang='lat' dir='ltr'><strong>venenum</strong></span> <span class='ocrx_word' id='word_1_6' title='bbox 1266 422 1439 478; x_wconf 88' lang='lat' dir='ltr'><strong>latens</strong></span> <span class='ocrx_word' id='word_1_7' title='bbox 1465 431 1518 478; x_wconf 90' lang='lat' dir='ltr'><strong>et</strong></span> <span class='ocrx_word' id='word_1_8' title='bbox 1558 424 1839 477; x_wconf 81' lang='lat' dir='ltr'><strong>abscondi—</strong></span> 
     </span>
    </p>
   </div>
   <div class='ocr_carea' id='block_1_3' title="bbox 235 514 1835 587">
    <p class='ocr_par' dir='ltr' id='par_1_3' title="bbox 235 514 1835 587">
     <span class='ocr_line' id='line_1_3' title="bbox 235 514 1835 587; baseline 0.001 -21"><span class='ocrx_word' id='word_1_9' title='bbox 235 525 368 570; x_wconf 68' lang='lat' dir='ltr'><strong>tum.</strong></span> <span class='ocrx_word' id='word_1_10' title='bbox 400 514 510 571; x_wconf 92' lang='lat' dir='ltr'><strong>Cur</strong></span> <span class='ocrx_word' id='word_1_11' title='bbox 552 516 715 587; x_wconf 85' lang='lat' dir='ltr'><strong>igitur</strong></span> <span class='ocrx_word' id='word_1_12' title='bbox 741 514 1098 571; x_wconf 80' lang='lat' dir='ltr'><strong>damnandam</strong></span> <span class='ocrx_word' id='word_1_13' title='bbox 1125 516 1461 586; x_wconf 88' lang='lat' dir='ltr'><strong>persequeris</strong></span> <span class='ocrx_word' id='word_1_14' title='bbox 1492 516 1835 586; x_wconf 87' lang='lat' dir='ltr'><strong>voluptatem,</strong></span> 
     </span>
    </p>
   </div>
   <div class='ocr_carea' id='block_1_4' title="bbox 246 608 1833 681">
    <p class='ocr_par' dir='ltr' id='par_1_4' title="bbox 246 608 1833 681">
     <span class='ocr_line' id='line_1_4' title="bbox 246 608 1833 681; baseline -0.001 -18"><span class='ocrx_word' id='word_1_15' title='bbox 246 624 352 680; x_wconf 68' lang='lat' dir='ltr'><strong>juze</strong></span> <span class='ocrx_word' id='word_1_16' title='bbox 377 612 602 665; x_wconf 79' lang='lat' dir='ltr'><strong>exitium</strong></span> <span class='ocrx_word' id='word_1_17' title='bbox 622 612 780 681; x_wconf 87' lang='lat' dir='ltr'><strong>parit,</strong></span> <span class='ocrx_word' id='word_1_18' title='bbox 801 625 919 680; x_wconf 71' lang='lat' dir='ltr'><strong>qua:</strong></span> <span class='ocrx_word' id='word_1_19' title='bbox 941 608 1148 679; x_wconf 81' lang='lat' dir='ltr'><strong>plagam</strong></span> <span class='ocrx_word' id='word_1_20' title='bbox 1176 608 1337 664; x_wconf 91' lang='lat' dir='ltr'><strong>infert</strong></span> <span class='ocrx_word' id='word_1_21' title='bbox 1358 608 1833 671; x_wconf 83' lang='lat' dir='ltr'><strong>immedicabilcm,</strong></span> 
     </span>
    </p>
   </div>
   <div class='ocr_carea' id='block_1_5' title="bbox 239 700 1838 770">
    <p class='ocr_par' dir='ltr' id='par_1_5' title="bbox 239 700 1838 770">
     <span class='ocr_line' id='line_1_5' title="bbox 239 700 1838 770; baseline -0.003 -14"><span class='ocrx_word' id='word_1_22' title='bbox 239 717 354 756; x_wconf 73' lang='grc' dir='ltr'>τιιιιι</span> <span class='ocrx_word' id='word_1_23' title='bbox 386 701 643 756; x_wconf 90' lang='lat' dir='ltr'><strong>oblectari</strong></span> <span class='ocrx_word' id='word_1_24' title='bbox 698 702 891 770; x_wconf 85' lang='lat' dir='ltr'><strong>possis,</strong></span> <span class='ocrx_word' id='word_1_25' title='bbox 920 709 975 755; x_wconf 90' lang='lat' dir='ltr'><strong>et</strong></span> <span class='ocrx_word' id='word_1_26' title='bbox 1024 701 1229 754; x_wconf 90' lang='lat' dir='ltr'><strong>nullum</strong></span> <span class='ocrx_word' id='word_1_27' title='bbox 1276 701 1475 755; x_wconf 90' lang='lat' dir='ltr'><strong>malum</strong></span> <span class='ocrx_word' id='word_1_28' title='bbox 1525 700 1838 754; x_wconf 79' lang='lat' dir='ltr'><strong>incurrere?</strong></span> 
     </span>
    </p>
   </div>
   <div class='ocr_carea' id='block_1_6' title="bbox 229 793 1840 863">
    <p class='ocr_par' dir='ltr' id='par_1_6' title="bbox 229 793 1840 863">
     <span class='ocr_line' id='line_1_6' title="bbox 229 793 1840 863; baseline 0 -15"><span class='ocrx_word' id='word_1_29' title='bbox 229 794 368 848; x_wconf 83' lang='lat' dir='ltr'><strong>Cum</strong></span> <span class='ocrx_word' id='word_1_30' title='bbox 398 795 569 849; x_wconf 91' lang='lat' dir='ltr'><strong>libera</strong></span> <span class='ocrx_word' id='word_1_31' title='bbox 598 804 651 848; x_wconf 87' lang='lat' dir='ltr'><strong>et</strong></span> <span class='ocrx_word' id='word_1_32' title='bbox 701 794 925 849; x_wconf 89' lang='lat' dir='ltr'><strong>honesta</strong></span> <span class='ocrx_word' id='word_1_33' title='bbox 954 793 1179 849; x_wconf 86' lang='lat' dir='ltr'><strong>muliere</strong></span> <span class='ocrx_word' id='word_1_34' title='bbox 1208 795 1365 848; x_wconf 85' lang='lat' dir='ltr'><strong>simul</strong></span> <span class='ocrx_word' id='word_1_35' title='bbox 1391 793 1633 863; x_wconf 78' lang='lat' dir='ltr'><strong>voluptas</strong></span> <span class='ocrx_word' id='word_1_36' title='bbox 1676 804 1758 847; x_wconf 88' lang='lat' dir='ltr'><strong>est</strong></span> <span class='ocrx_word' id='word_1_37' title='bbox 1784 803 1840 849; x_wconf 89' lang='lat' dir='ltr'><strong>et</strong></span> 
     </span>
    </p>
   </div>
   <div class='ocr_carea' id='block_1_7' title="bbox 230 887 1838 955">
    <p class='ocr_par' dir='ltr' id='par_1_7' title="bbox 230 887 1838 955">
     <span class='ocr_line' id='line_1_7' title="bbox 230 887 1838 955; baseline 0.001 -14"><span class='ocrx_word' id='word_1_38' title='bbox 230 888 516 951; x_wconf 79' lang='lat' dir='ltr'><strong>securitas,</strong></span> <span class='ocrx_word' id='word_1_39' title='bbox 559 896 615 941; x_wconf 90' lang='lat' dir='ltr'><strong>et</strong></span> <span class='ocrx_word' id='word_1_40' title='bbox 636 887 922 941; x_wconf 87' lang='lat' dir='ltr'><strong>delectatio</strong></span> <span class='ocrx_word' id='word_1_41' title='bbox 958 896 1011 941; x_wconf 89' lang='lat' dir='ltr'><strong>et</strong></span> <span class='ocrx_word' id='word_1_42' title='bbox 1059 887 1251 955; x_wconf 88' lang='lat' dir='ltr'><strong>honor,</strong></span> <span class='ocrx_word' id='word_1_43' title='bbox 1282 896 1338 942; x_wconf 92' lang='lat' dir='ltr'><strong>et</strong></span> <span class='ocrx_word' id='word_1_44' title='bbox 1365 898 1586 942; x_wconf 89' lang='lat' dir='ltr'><strong>ornatus</strong></span> <span class='ocrx_word' id='word_1_45' title='bbox 1621 898 1675 943; x_wconf 88' lang='lat' dir='ltr'><strong>et</strong></span> <span class='ocrx_word' id='word_1_46' title='bbox 1700 888 1838 942; x_wconf 88' lang='lat' dir='ltr'><strong>bona</strong></span> 
     </span>
    </p>
   </div>
   <div class='ocr_carea' id='block_1_8' title="bbox 228 980 1838 1045">
    <p class='ocr_par' dir='ltr' id='par_1_8' title="bbox 228 980 1838 1045">
     <span class='ocr_line' id='line_1_8' title="bbox 228 980 1838 1045; baseline 0.001 -13"><span class='ocrx_word' id='word_1_47' title='bbox 228 981 566 1033; x_wconf 84' lang='lat' dir='ltr'><strong>conscientia</strong></span> <span class='ocrx_word' id='word_1_48' title='bbox 607 997 619 1033; x_wconf 94' lang='lat'>:</span> <span class='ocrx_word' id='word_1_49' title='bbox 673 980 779 1034; x_wconf 91' lang='lat' dir='ltr'><strong>illic</strong></span> <span class='ocrx_word' id='word_1_50' title='bbox 822 990 1000 1033; x_wconf 89' lang='lat' dir='ltr'><strong>autem</strong></span> <span class='ocrx_word' id='word_1_51' title='bbox 1037 981 1302 1035; x_wconf 80' lang='lat' dir='ltr'><strong>acerbitas</strong></span> <span class='ocrx_word' id='word_1_52' title='bbox 1354 980 1541 1045; x_wconf 90' lang='lat' dir='ltr'><strong>multa,</strong></span> <span class='ocrx_word' id='word_1_53' title='bbox 1586 980 1838 1033; x_wconf 85' lang='lat' dir='ltr'><strong>damnum</strong></span> 
     </span>
    </p>
   </div>
   <div class='ocr_carea' id='block_1_9' title="bbox 230 1071 1839 1142">
    <p class='ocr_par' dir='ltr' id='par_1_9' title="bbox 230 1071 1839 1142">
     <span class='ocr_line' id='line_1_9' title="bbox 230 1071 1839 1142; baseline -0.001 -15"><span class='ocrx_word' id='word_1_54' title='bbox 230 1074 484 1136; x_wconf 86' lang='lat' dir='ltr'><strong>multum,</strong></span> <span class='ocrx_word' id='word_1_55' title='bbox 527 1074 797 1128; x_wconf 70' lang='lat' dir='ltr'><strong>accusatio</strong></span> <span class='ocrx_word' id='word_1_56' title='bbox 850 1083 1129 1142; x_wconf 88' lang='lat' dir='ltr'><strong>perpetua.</strong></span> <span class='ocrx_word' id='word_1_57' title='bbox 1183 1072 1439 1140; x_wconf 86' lang='lat' dir='ltr'><strong>Quamvis</strong></span> <span class='ocrx_word' id='word_1_58' title='bbox 1486 1072 1629 1127; x_wconf 91' lang='lat' dir='ltr'><strong>enim</strong></span> <span class='ocrx_word' id='word_1_59' title='bbox 1660 1071 1839 1125; x_wconf 92' lang='lat' dir='ltr'><strong>nullus</strong></span> 
     </span>
    </p>
   </div>
   <div class='ocr_carea' id='block_1_10' title="bbox 231 1164 1837 1234">
    <p class='ocr_par' dir='ltr' id='par_1_10' title="bbox 231 1164 1837 1234">
     <span class='ocr_line' id='line_1_10' title="bbox 231 1164 1837 1234; baseline -0.002 -15"><span class='ocrx_word' id='word_1_60' title='bbox 231 1166 513 1220; x_wconf 81' lang='lat' dir='ltr'><strong>hominum</strong></span> <span class='ocrx_word' id='word_1_61' title='bbox 546 1165 769 1230; x_wconf 87' lang='lat' dir='ltr'><strong>viderit,</strong></span> <span class='ocrx_word' id='word_1_62' title='bbox 803 1181 1089 1234; x_wconf 85' lang='lat' dir='ltr'><strong>numquam</strong></span> <span class='ocrx_word' id='word_1_63' title='bbox 1122 1173 1298 1219; x_wconf 87' lang='lat' dir='ltr'><strong>tamen</strong></span> <span class='ocrx_word' id='word_1_64' title='bbox 1326 1180 1580 1219; x_wconf 85' lang='lat' dir='ltr'><strong>accusare</strong></span> <span class='ocrx_word' id='word_1_65' title='bbox 1612 1174 1664 1218; x_wconf 89' lang='lat' dir='ltr'><strong>te</strong></span> <span class='ocrx_word' id='word_1_66' title='bbox 1693 1164 1837 1217; x_wconf 87' lang='lat' dir='ltr'><strong>desi-</strong></span> 
     </span>
    </p>
   </div>
   <div class='ocr_carea' id='block_1_11' title="bbox 230 1256 1839 1326">
    <p class='ocr_par' dir='ltr' id='par_1_11' title="bbox 230 1256 1839 1326">
     <span class='ocr_line' id='line_1_11' title="bbox 230 1256 1839 1326; baseline -0.002 -16"><span class='ocrx_word' id='word_1_67' title='bbox 230 1267 327 1312; x_wconf 82' lang='lat' dir='ltr'><strong>net</strong></span> <span class='ocrx_word' id='word_1_68' title='bbox 352 1257 678 1311; x_wconf 88' lang='lat' dir='ltr'><strong>conscientia</strong></span> <span class='ocrx_word' id='word_1_69' title='bbox 700 1274 714 1312; x_wconf 91' lang='lat'>:</span> <span class='ocrx_word' id='word_1_70' title='bbox 734 1256 826 1311; x_wconf 90' lang='lat' dir='ltr'><strong>sed</strong></span> <span class='ocrx_word' id='word_1_71' title='bbox 854 1272 1189 1326; x_wconf 89' lang='lat' dir='ltr'><strong>quocumque</strong></span> <span class='ocrx_word' id='word_1_72' title='bbox 1212 1256 1538 1325; x_wconf 77' lang='lat' dir='ltr'><strong>perrexeris,</strong></span> <span class='ocrx_word' id='word_1_73' title='bbox 1572 1266 1621 1309; x_wconf 88' lang='lat' dir='ltr'><strong>te</strong></span> <span class='ocrx_word' id='word_1_74' title='bbox 1649 1270 1839 1324; x_wconf 88' lang='lat' dir='ltr'><strong>seque-</strong></span> 
     </span>
    </p>
   </div>
   <div class='ocr_carea' id='block_1_12' title="bbox 231 1355 1841 1417">
    <p class='ocr_par' dir='ltr' id='par_1_12' title="bbox 231 1355 1841 1417">
     <span class='ocr_line' id='line_1_12' title="bbox 231 1355 1841 1417; baseline -0.002 -15"><span class='ocrx_word' id='word_1_75' title='bbox 231 1358 322 1402; x_wconf 82' lang='lat' dir='ltr'><strong>tur</strong></span> <span class='ocrx_word' id='word_1_76' title='bbox 347 1362 629 1413; x_wconf 83' lang='lat' dir='ltr'><strong>accusans,</strong></span> <span class='ocrx_word' id='word_1_77' title='bbox 661 1357 716 1402; x_wconf 75' lang='lat' dir='ltr'><strong>Cl.</strong></span> <span class='ocrx_word' id='word_1_78' title='bbox 747 1363 934 1417; x_wconf 88' lang='lat' dir='ltr'><strong>magna</strong></span> <span class='ocrx_word' id='word_1_79' title='bbox 961 1362 1094 1401; x_wconf 59' lang='grc' dir='ltr'><strong>γοοδ</strong></span> <span class='ocrx_word' id='word_1_80' title='bbox 1119 1356 1169 1401; x_wconf 87' lang='lat' dir='ltr'><strong>te</strong></span> <span class='ocrx_word' id='word_1_81' title='bbox 1210 1361 1535 1417; x_wconf 87' lang='lat' dir='ltr'><strong>persequens</strong></span> <span class='ocrx_word' id='word_1_82' title='bbox 1564 1355 1841 1399; x_wconf 71' lang='lat' dir='ltr'><strong>3C0llSﬂlOl‘</strong></span> 
     </span>
    </p>
   </div>
   <div class='ocr_carea' id='block_1_13' title="bbox 230 1438 1837 1509">
    <p class='ocr_par' dir='ltr' id='par_1_13' title="bbox 230 1438 1837 1509">
     <span class='ocr_line' id='line_1_13' title="bbox 230 1438 1837 1509; baseline -0.002 -16"><span class='ocrx_word' id='word_1_83' title='bbox 230 1440 359 1493; x_wconf 87' lang='lat' dir='ltr'><strong>iste.</strong></span> <span class='ocrx_word' id='word_1_84' title='bbox 388 1440 571 1509; x_wconf 88' lang='lat' dir='ltr'><strong>Itaque</strong></span> <span class='ocrx_word' id='word_1_85' title='bbox 596 1440 640 1493; x_wconf 85' lang='lat' dir='ltr'><strong>si</strong></span> <span class='ocrx_word' id='word_1_86' title='bbox 681 1439 800 1507; x_wconf 91' lang='lat' dir='ltr'><strong>quis</strong></span> <span class='ocrx_word' id='word_1_87' title='bbox 837 1438 1163 1507; x_wconf 85' lang='lat' dir='ltr'><strong>voluptatem</strong></span> <span class='ocrx_word' id='word_1_88' title='bbox 1211 1446 1447 1492; x_wconf 87' lang='lat' dir='ltr'><strong>sectetur</strong></span> <span class='ocrx_word' id='word_1_89' title='bbox 1466 1479 1480 1500; x_wconf 93' lang='lat'><strong>,</strong></span> <span class='ocrx_word' id='word_1_90' title='bbox 1510 1438 1555 1491; x_wconf 91' lang='lat' dir='ltr'><strong>is</strong></span> <span class='ocrx_word' id='word_1_91' title='bbox 1582 1452 1837 1505; x_wconf 88' lang='lat' dir='ltr'><strong>congres-</strong></span> 
     </span>
    </p>
   </div>
   <div class='ocr_carea' id='block_1_14' title="bbox 224 1529 1838 1599">
    <p class='ocr_par' dir='ltr' id='par_1_14' title="bbox 224 1529 1838 1599">
     <span class='ocr_line' id='line_1_14' title="bbox 224 1529 1838 1599; baseline -0.002 -14"><span class='ocrx_word' id='word_1_92' title='bbox 224 1545 355 1585; x_wconf 73' lang='lat' dir='ltr'><strong>sum</strong></span> <span class='ocrx_word' id='word_1_93' title='bbox 382 1546 501 1585; x_wconf 85' lang='lat' dir='ltr'><strong>eum</strong></span> <span class='ocrx_word' id='word_1_94' title='bbox 530 1530 895 1584; x_wconf 86' lang='lat' dir='ltr'><strong>meretricibus</strong></span> <span class='ocrx_word' id='word_1_95' title='bbox 926 1530 1087 1599; x_wconf 85' lang='lat' dir='ltr'><strong>fugiat</strong></span> <span class='ocrx_word' id='word_1_96' title='bbox 1123 1529 1372 1582; x_wconf 77' lang='lat' dir='ltr'><strong>maxime.</strong></span> <span class='ocrx_word' id='word_1_97' title='bbox 1411 1529 1549 1582; x_wconf 88' lang='lat' dir='ltr'><strong>Nihil</strong></span> <span class='ocrx_word' id='word_1_98' title='bbox 1580 1529 1721 1583; x_wconf 90' lang='lat' dir='ltr'><strong>enim</strong></span> <span class='ocrx_word' id='word_1_99' title='bbox 1751 1529 1838 1581; x_wconf 81' lang='lat' dir='ltr'><strong>illa</strong></span> 
     </span>
    </p>
   </div>
   <div class='ocr_carea' id='block_1_15' title="bbox 229 1620 1838 1690">
    <p class='ocr_par' dir='ltr' id='par_1_15' title="bbox 229 1620 1838 1690">
     <span class='ocr_line' id='line_1_15' title="bbox 229 1620 1838 1690; baseline -0.002 -15"><span class='ocrx_word' id='word_1_100' title='bbox 229 1622 629 1677; x_wconf 85' lang='lat' dir='ltr'><strong>consuetudine</strong></span> <span class='ocrx_word' id='word_1_101' title='bbox 670 1620 1031 1690; x_wconf 88' lang='lat' dir='ltr'><strong>injucundius,</strong></span> <span class='ocrx_word' id='word_1_102' title='bbox 1064 1621 1195 1674; x_wconf 83' lang='lat' dir='ltr'><strong>nihil</strong></span> <span class='ocrx_word' id='word_1_103' title='bbox 1227 1621 1319 1675; x_wconf 90' lang='lat' dir='ltr'><strong>illo</strong></span> <span class='ocrx_word' id='word_1_104' title='bbox 1353 1634 1638 1690; x_wconf 79' lang='lat' dir='ltr'><strong>congressu</strong></span> <span class='ocrx_word' id='word_1_105' title='bbox 1669 1620 1838 1673; x_wconf 85' lang='lat' dir='ltr'><strong>mole-</strong></span> 
     </span>
    </p>
   </div>
   <div class='ocr_carea' id='block_1_16' title="bbox 229 1710 1841 1779">
    <p class='ocr_par' dir='ltr' id='par_1_16' title="bbox 229 1710 1841 1779">
     <span class='ocr_line' id='line_1_16' title="bbox 229 1710 1841 1779; baseline -0.006 -9"><span class='ocrx_word' id='word_1_106' title='bbox 229 1715 395 1779; x_wconf 81' lang='lat' dir='ltr'><strong>8tius,</strong></span> <span class='ocrx_word' id='word_1_107' title='bbox 424 1713 555 1768; x_wconf 88' lang='lat' dir='ltr'><strong>nihil</strong></span> <span class='ocrx_word' id='word_1_108' title='bbox 591 1713 829 1767; x_wconf 88' lang='lat' dir='ltr'><strong>moribus</strong></span> <span class='ocrx_word' id='word_1_109' title='bbox 858 1713 1066 1766; x_wconf 90' lang='lat' dir='ltr'><strong>illarum</strong></span> <span class='ocrx_word' id='word_1_110' title='bbox 1108 1711 1403 1766; x_wconf 88' lang='lat' dir='ltr'><strong>scelestius.</strong></span> <span class='ocrx_word' id='word_1_111' title='bbox 1438 1712 1619 1764; x_wconf 66' lang='lat' dir='ltr'><strong>(Servus</strong></span> <span class='ocrx_word' id='word_1_112' title='bbox 1665 1710 1841 1762; x_wconf 77' lang='lat' dir='ltr'><strong>tunici-</strong></span> 
     </span>
    </p>
   </div>
   <div class='ocr_carea' id='block_1_17' title="bbox 230 1804 1838 1879">
    <p class='ocr_par' dir='ltr' id='par_1_17' title="bbox 230 1804 1838 1879">
     <span class='ocr_line' id='line_1_17' title="bbox 230 1804 1838 1879; baseline -0.004 -18"><span class='ocrx_word' id='word_1_113' title='bbox 230 1810 341 1873; x_wconf 73' lang='lat' dir='ltr'><strong>tiw,</strong></span> <span class='ocrx_word' id='word_1_114' title='bbox 388 1818 433 1862; x_wconf 86' lang='lat' dir='ltr'><strong>et</strong></span> <span class='ocrx_word' id='word_1_115' title='bbox 479 1808 652 1878; x_wconf 83' lang='lat' dir='ltr'><strong>pullus</strong></span> <span class='ocrx_word' id='word_1_116' title='bbox 695 1808 974 1879; x_wconf 78' lang='lat' dir='ltr'><strong>gratiarum</strong></span> <span class='ocrx_word' id='word_1_117' title='bbox 1003 1816 1206 1859; x_wconf 87' lang='lat' dir='ltr'><strong>tuarum</strong></span> <span class='ocrx_word' id='word_1_118' title='bbox 1256 1804 1609 1875; x_wconf 78' lang='lat' dir='ltr'><strong>confabuletur</strong></span> <span class='ocrx_word' id='word_1_119' title='bbox 1639 1813 1838 1855; x_wconf 76' lang='lat' dir='ltr'><strong>tecum:</strong></span> 
     </span>
    </p>
   </div>
   <div class='ocr_carea' id='block_1_18' title="bbox 229 1894 1836 1970">
    <p class='ocr_par' dir='ltr' id='par_1_18' title="bbox 229 1894 1836 1970">
     <span class='ocr_line' id='line_1_18' title="bbox 229 1894 1836 1970; baseline -0.005 -15"><span class='ocrx_word' id='word_1_120' title='bbox 229 1902 352 1970; x_wconf 71' lang='lat' dir='ltr'><strong>fons</strong></span> <span class='ocrx_word' id='word_1_121' title='bbox 384 1917 529 1970; x_wconf 73' lang='lat' dir='ltr'><strong>aquae</strong></span> <span class='ocrx_word' id='word_1_122' title='bbox 558 1910 658 1955; x_wconf 81' lang='lat' dir='ltr'><strong>tua:</strong></span> <span class='ocrx_word' id='word_1_123' title='bbox 676 1901 740 1953; x_wconf 86' lang='lat' dir='ltr'><strong>sit</strong></span> <span class='ocrx_word' id='word_1_124' title='bbox 771 1900 858 1953; x_wconf 82' lang='lat' dir='ltr'><strong>tibi</strong></span> <span class='ocrx_word' id='word_1_125' title='bbox 888 1901 1002 1970; x_wconf 80' lang='lat' dir='ltr'><strong>fons</strong></span> <span class='ocrx_word' id='word_1_126' title='bbox 1039 1897 1221 1964; x_wconf 87' lang='lat' dir='ltr'><strong>(Prov.</strong></span> <span class='ocrx_word' id='word_1_127' title='bbox 1251 1898 1305 1952; x_wconf 86' lang='lat'><strong>5.</strong></span> <span class='ocrx_word' id='word_1_128' title='bbox 1336 1898 1422 1951; x_wconf 83' lang='lat' dir='ltr'><strong>l9.</strong></span> <span class='ocrx_word' id='word_1_129' title='bbox 1450 1905 1497 1948; x_wconf 83' lang='lat' dir='ltr'><strong>et</strong></span> <span class='ocrx_word' id='word_1_130' title='bbox 1528 1894 1658 1961; x_wconf 84' lang='grc'><strong>15).</strong></span> <span class='ocrx_word' id='word_1_131' title='bbox 1703 1894 1836 1947; x_wconf 80' lang='lat' dir='ltr'><strong>Cum</strong></span> 
     </span>
    </p>
   </div>
   <div class='ocr_carea' id='block_1_19' title="bbox 224 1988 1834 2062">
    <p class='ocr_par' dir='ltr' id='par_1_19' title="bbox 224 1988 1834 2062">
     <span class='ocr_line' id='line_1_19' title="bbox 224 1988 1834 2062; baseline -0.006 -13"><span class='ocrx_word' id='word_1_132' title='bbox 224 1994 303 2049; x_wconf 82' lang='lat' dir='ltr'><strong>sit</strong></span> <span class='ocrx_word' id='word_1_133' title='bbox 328 1994 424 2047; x_wconf 87' lang='lat' dir='ltr'><strong>tibi</strong></span> <span class='ocrx_word' id='word_1_134' title='bbox 452 1992 572 2048; x_wconf 90' lang='lat' dir='ltr'><strong>fons</strong></span> <span class='ocrx_word' id='word_1_135' title='bbox 598 2007 764 2062; x_wconf 90' lang='lat' dir='ltr'><strong>purus</strong></span> <span class='ocrx_word' id='word_1_136' title='bbox 787 2033 803 2058; x_wconf 93' lang='lat'><strong>,</strong></span> <span class='ocrx_word' id='word_1_137' title='bbox 832 2007 928 2046; x_wconf 91' lang='lat' dir='ltr'><strong>cur</strong></span> <span class='ocrx_word' id='word_1_138' title='bbox 952 1991 1018 2044; x_wconf 92' lang='lat' dir='ltr'><strong>ad</strong></span> <span class='ocrx_word' id='word_1_139' title='bbox 1054 1991 1226 2044; x_wconf 90' lang='lat' dir='ltr'><strong>lacum</strong></span> <span class='ocrx_word' id='word_1_140' title='bbox 1253 1989 1363 2043; x_wconf 93' lang='lat' dir='ltr'><strong>luto</strong></span> <span class='ocrx_word' id='word_1_141' title='bbox 1390 1989 1603 2059; x_wconf 82' lang='lat' dir='ltr'><strong>plenum</strong></span> <span class='ocrx_word' id='word_1_142' title='bbox 1643 1988 1834 2051; x_wconf 85' lang='lat' dir='ltr'><strong>curris,</strong></span> 
     </span>
    </p>
   </div>
   <div class='ocr_carea' id='block_1_20' title="bbox 226 2078 1840 2155">
    <p class='ocr_par' dir='ltr' id='par_1_20' title="bbox 226 2078 1840 2155">
     <span class='ocr_line' id='line_1_20' title="bbox 226 2078 1840 2155; baseline -0.005 -16"><span class='ocrx_word' id='word_1_143' title='bbox 226 2086 536 2155; x_wconf 79' lang='lat' dir='ltr'><strong>gehennam</strong></span> <span class='ocrx_word' id='word_1_144' title='bbox 559 2084 791 2139; x_wconf 89' lang='lat' dir='ltr'><strong>olentem</strong></span> <span class='ocrx_word' id='word_1_145' title='bbox 813 2092 867 2137; x_wconf 89' lang='lat' dir='ltr'><strong>et</strong></span> <span class='ocrx_word' id='word_1_146' title='bbox 881 2083 1199 2152; x_wconf 86' lang='lat' dir='ltr'><strong>supplicium</strong></span> <span class='ocrx_word' id='word_1_147' title='bbox 1224 2080 1491 2135; x_wconf 84' lang='lat' dir='ltr'><strong>inell&#39;abile</strong></span> <span class='ocrx_word' id='word_1_148' title='bbox 1509 2078 1531 2131; x_wconf 90' lang='lat'><strong>?</strong></span> <span class='ocrx_word' id='word_1_149' title='bbox 1548 2094 1649 2147; x_wconf 87' lang='lat' dir='ltr'><strong>qua</strong></span> <span class='ocrx_word' id='word_1_150' title='bbox 1672 2093 1840 2132; x_wconf 79' lang='lat' dir='ltr'><strong>excu-</strong></span> 
     </span>
    </p>
   </div>
   <div class='ocr_carea' id='block_1_21' title="bbox 220 2170 1838 2247">
    <p class='ocr_par' dir='ltr' id='par_1_21' title="bbox 220 2170 1838 2247">
     <span class='ocr_line' id='line_1_21' title="bbox 220 2170 1838 2247; baseline -0.006 -14"><span class='ocrx_word' id='word_1_151' title='bbox 220 2179 467 2241; x_wconf 83' lang='lat' dir='ltr'><strong>satione,</strong></span> <span class='ocrx_word' id='word_1_152' title='bbox 497 2193 597 2247; x_wconf 90' lang='lat' dir='ltr'><strong>qua</strong></span> <span class='ocrx_word' id='word_1_153' title='bbox 634 2178 790 2232; x_wconf 87' lang='lat' dir='ltr'><strong>venia</strong></span> <span class='ocrx_word' id='word_1_154' title='bbox 817 2177 1009 2246; x_wconf 87' lang='lat' dir='ltr'><strong>dignus</strong></span> <span class='ocrx_word' id='word_1_155' title='bbox 1030 2175 1232 2245; x_wconf 89' lang='lat' dir='ltr'><strong>poteris</strong></span> <span class='ocrx_word' id='word_1_156' title='bbox 1266 2173 1470 2228; x_wconf 89' lang='lat' dir='ltr'><strong>videri?</strong></span> <span class='ocrx_word' id='word_1_157' title='bbox 1497 2172 1552 2226; x_wconf 83' lang='lat' dir='ltr'><strong>Si</strong></span> <span class='ocrx_word' id='word_1_158' title='bbox 1578 2172 1718 2226; x_wconf 89' lang='lat' dir='ltr'><strong>enim</strong></span> <span class='ocrx_word' id='word_1_159' title='bbox 1748 2170 1838 2240; x_wconf 90' lang='lat' dir='ltr'><strong>qui</strong></span> 
     </span>
    </p>
   </div>
   <div class='ocr_carea' id='block_1_22' title="bbox 228 2267 1839 2334">
    <p class='ocr_par' dir='ltr' id='par_1_22' title="bbox 228 2267 1839 2334">
     <span class='ocr_line' id='line_1_22' title="bbox 228 2267 1839 2334; baseline -0.003 -12"><span class='ocrx_word' id='word_1_160' title='bbox 228 2278 361 2324; x_wconf 81' lang='lat' dir='ltr'><strong>ante</strong></span> <span class='ocrx_word' id='word_1_161' title='bbox 390 2277 718 2324; x_wconf 90' lang='lat' dir='ltr'><strong>contractum</strong></span> <span class='ocrx_word' id='word_1_162' title='bbox 750 2267 1143 2322; x_wconf 85' lang='lat' dir='ltr'><strong>matrimonium</strong></span> <span class='ocrx_word' id='word_1_163' title='bbox 1171 2273 1491 2331; x_wconf 89' lang='lat' dir='ltr'><strong>scortantur,</strong></span> <span class='ocrx_word' id='word_1_164' title='bbox 1509 2279 1695 2334; x_wconf 58' lang='lat' dir='ltr'><strong>poenas</strong></span> <span class='ocrx_word' id='word_1_165' title='bbox 1718 2278 1839 2317; x_wconf 89' lang='lat' dir='ltr'><strong>sns-</strong></span> 
     </span>
    </p>
   </div>
   <div class='ocr_carea' id='block_1_23' title="bbox 228 2355 1833 2432">
    <p class='ocr_par' dir='ltr' id='par_1_23' title="bbox 228 2355 1833 2432">
     <span class='ocr_line' id='line_1_23' title="bbox 228 2355 1833 2432; baseline -0.004 -17"><span class='ocrx_word' id='word_1_166' title='bbox 228 2362 429 2426; x_wconf 89' lang='lat' dir='ltr'><strong>tinent,</strong></span> <span class='ocrx_word' id='word_1_167' title='bbox 460 2371 514 2416; x_wconf 89' lang='lat' dir='ltr'><strong>et</strong></span> <span class='ocrx_word' id='word_1_168' title='bbox 541 2361 802 2432; x_wconf 90' lang='lat' dir='ltr'><strong>supplicio</strong></span> <span class='ocrx_word' id='word_1_169' title='bbox 831 2360 1155 2430; x_wconf 88' lang='lat' dir='ltr'><strong>plectuntur,</strong></span> <span class='ocrx_word' id='word_1_170' title='bbox 1185 2359 1323 2414; x_wconf 89' lang='lat' dir='ltr'><strong>sicut</strong></span> <span class='ocrx_word' id='word_1_171' title='bbox 1352 2358 1441 2413; x_wconf 89' lang='lat' dir='ltr'><strong>ille</strong></span> <span class='ocrx_word' id='word_1_172' title='bbox 1488 2358 1574 2428; x_wconf 90' lang='lat' dir='ltr'><strong>qui</strong></span> <span class='ocrx_word' id='word_1_173' title='bbox 1602 2355 1833 2411; x_wconf 86' lang='lat' dir='ltr'><strong>sordidis</strong></span> 
     </span>
    </p>
   </div>
   <div class='ocr_carea' id='block_1_24' title="bbox 1454 308 2330 370">
    <p class='ocr_par' dir='ltr' id='par_1_24' title="bbox 1454 308 2330 370">
     <span class='ocr_line' id='line_1_24' title="bbox 1454 308 2330 370; baseline 0.006 -5"><span class='ocrx_word' id='word_1_174' title='bbox 1454 308 1549 365; x_wconf 83' lang='lat' dir='ltr'><strong>DE</strong></span> <span class='ocrx_word' id='word_1_175' title='bbox 1588 310 1881 367; x_wconf 81' lang='lat' dir='ltr'><strong>LIBELLO</strong></span> <span class='ocrx_word' id='word_1_176' title='bbox 1921 312 2220 370; x_wconf 80' lang='lat' dir='ltr'><strong>REPUDII.</strong></span> <span class='ocrx_word' id='word_1_177' title='bbox 2266 314 2330 370; x_wconf 88' lang='lat' dir='ltr'><strong>ll.</strong></span> 
     </span>
    </p>
   </div>
   <div class='ocr_carea' id='block_1_25' title="bbox 3434 316 3542 373">
    <p class='ocr_par' dir='ltr' id='par_1_25' title="bbox 3434 316 3542 373">
     <span class='ocr_line' id='line_1_25' title="bbox 3434 316 3542 373; baseline 0.028 -3"><span class='ocrx_word' id='word_1_178' title='bbox 3434 316 3542 373; x_wconf 72' lang='grc'><strong>218</strong></span> 
     </span>
    </p>
   </div>
   <div class='ocr_carea' id='block_1_26' title="bbox 1943 425 3540 496">
    <p class='ocr_par' dir='ltr' id='par_1_26' title="bbox 1943 425 3540 496">
     <span class='ocr_line' id='line_1_26' title="bbox 1943 425 3540 496; baseline 0.001 -16"><span class='ocrx_word' id='word_1_179' title='bbox 1943 434 2059 480; x_wconf 89' lang='lat' dir='ltr'><strong>erat</strong></span> <span class='ocrx_word' id='word_1_180' title='bbox 2084 425 2416 480; x_wconf 87' lang='lat' dir='ltr'><strong>vestimentis</strong></span> <span class='ocrx_word' id='word_1_181' title='bbox 2458 425 2692 491; x_wconf 88' lang='lat' dir='ltr'><strong>indutus,</strong></span> <span class='ocrx_word' id='word_1_182' title='bbox 2726 425 2896 479; x_wconf 90' lang='lat' dir='ltr'><strong>multo</strong></span> <span class='ocrx_word' id='word_1_183' title='bbox 2927 426 3095 496; x_wconf 87' lang='lat' dir='ltr'><strong>magis</strong></span> <span class='ocrx_word' id='word_1_184' title='bbox 3121 425 3212 495; x_wconf 85' lang='lat' dir='ltr'><strong>qui</strong></span> <span class='ocrx_word' id='word_1_185' title='bbox 3264 426 3540 481; x_wconf 88' lang='lat' dir='ltr'><strong>matrimo-</strong></span> 
     </span>
    </p>
   </div>
   <div class='ocr_carea' id='block_1_27' title="bbox 1947 517 3542 588">
    <p class='ocr_par' dir='ltr' id='par_1_27' title="bbox 1947 517 3542 588">
     <span class='ocr_line' id='line_1_27' title="bbox 1947 517 3542 588; baseline 0.001 -17"><span class='ocrx_word' id='word_1_186' title='bbox 1947 517 2038 571; x_wconf 90' lang='lat' dir='ltr'><strong>nio</strong></span> <span class='ocrx_word' id='word_1_187' title='bbox 2074 526 2368 571; x_wconf 90' lang='lat' dir='ltr'><strong>contracto.</strong></span> <span class='ocrx_word' id='word_1_188' title='bbox 2409 518 2611 587; x_wconf 80' lang='lat' dir='ltr'><strong>Duplex</strong></span> <span class='ocrx_word' id='word_1_189' title='bbox 2662 519 2803 572; x_wconf 87' lang='lat' dir='ltr'><strong>enim</strong></span> <span class='ocrx_word' id='word_1_190' title='bbox 2846 518 2967 572; x_wconf 92' lang='lat' dir='ltr'><strong>inde</strong></span> <span class='ocrx_word' id='word_1_191' title='bbox 3007 534 3071 572; x_wconf 91' lang='lat' dir='ltr'><strong>ac</strong></span> <span class='ocrx_word' id='word_1_192' title='bbox 3100 518 3291 588; x_wconf 81' lang='lat' dir='ltr'><strong>triplex</strong></span> <span class='ocrx_word' id='word_1_193' title='bbox 3336 520 3542 573; x_wconf 90' lang='lat' dir='ltr'><strong>crimen</strong></span> 
     </span>
    </p>
   </div>
   <div class='ocr_carea' id='block_1_28' title="bbox 1948 611 3541 681">
    <p class='ocr_par' dir='ltr' id='par_1_28' title="bbox 1948 611 3541 681">
     <span class='ocr_line' id='line_1_28' title="bbox 1948 611 3541 681; baseline 0.002 -18"><span class='ocrx_word' id='word_1_194' title='bbox 1948 611 2140 675; x_wconf 90' lang='lat' dir='ltr'><strong>oritur,</strong></span> <span class='ocrx_word' id='word_1_195' title='bbox 2196 619 2303 664; x_wconf 91' lang='lat' dir='ltr'><strong>tum</strong></span> <span class='ocrx_word' id='word_1_196' title='bbox 2335 611 2455 681; x_wconf 85' lang='lat' dir='ltr'><strong>quia</strong></span> <span class='ocrx_word' id='word_1_197' title='bbox 2503 626 2623 665; x_wconf 90' lang='lat' dir='ltr'><strong>cum</strong></span> <span class='ocrx_word' id='word_1_198' title='bbox 2655 611 2859 667; x_wconf 86' lang='lat' dir='ltr'><strong>deliciis</strong></span> <span class='ocrx_word' id='word_1_199' title='bbox 2891 611 3192 667; x_wconf 88' lang='lat' dir='ltr'><strong>fruerentur</strong></span> <span class='ocrx_word' id='word_1_200' title='bbox 3219 654 3235 679; x_wconf 96' lang='lat'><strong>,</strong></span> <span class='ocrx_word' id='word_1_201' title='bbox 3286 612 3352 666; x_wconf 85' lang='lat' dir='ltr'><strong>ad</strong></span> <span class='ocrx_word' id='word_1_202' title='bbox 3384 613 3541 666; x_wconf 89' lang='lat' dir='ltr'><strong>lasci-</strong></span> 
     </span>
    </p>
   </div>
   <div class='ocr_carea' id='block_1_29' title="bbox 1946 700 3542 770">
    <p class='ocr_par' dir='ltr' id='par_1_29' title="bbox 1946 700 3542 770">
     <span class='ocr_line' id='line_1_29' title="bbox 1946 700 3542 770; baseline 0.001 -17"><span class='ocrx_word' id='word_1_203' title='bbox 1946 700 2086 753; x_wconf 85' lang='lat' dir='ltr'><strong>viam</strong></span> <span class='ocrx_word' id='word_1_204' title='bbox 2116 701 2260 754; x_wconf 86' lang='lat' dir='ltr'><strong>illam</strong></span> <span class='ocrx_word' id='word_1_205' title='bbox 2289 700 2651 770; x_wconf 85' lang='lat' dir='ltr'><strong>prosilierunt,</strong></span> <span class='ocrx_word' id='word_1_206' title='bbox 2675 709 2782 753; x_wconf 88' lang='lat' dir='ltr'><strong>lum</strong></span> <span class='ocrx_word' id='word_1_207' title='bbox 2815 701 2935 769; x_wconf 83' lang='lat' dir='ltr'><strong>quia</strong></span> <span class='ocrx_word' id='word_1_208' title='bbox 2967 717 3071 755; x_wconf 88' lang='lat' dir='ltr'><strong>non</strong></span> <span class='ocrx_word' id='word_1_209' title='bbox 3100 702 3259 755; x_wconf 90' lang='lat' dir='ltr'><strong>modo</strong></span> <span class='ocrx_word' id='word_1_210' title='bbox 3287 704 3542 757; x_wconf 86' lang='lat' dir='ltr'><strong>scortatio</strong></span> 
     </span>
    </p>
   </div>
   <div class='ocr_carea' id='block_1_30' title="bbox 1948 791 3544 863">
    <p class='ocr_par' dir='ltr' id='par_1_30' title="bbox 1948 791 3544 863">
     <span class='ocr_line' id='line_1_30' title="bbox 1948 791 3544 863; baseline 0.002 -18"><span class='ocrx_word' id='word_1_211' title='bbox 1948 806 2034 846; x_wconf 92' lang='lat' dir='ltr'><strong>res</strong></span> <span class='ocrx_word' id='word_1_212' title='bbox 2061 791 2171 854; x_wconf 92' lang='lat' dir='ltr'><strong>illa,</strong></span> <span class='ocrx_word' id='word_1_213' title='bbox 2196 791 2290 846; x_wconf 89' lang='lat' dir='ltr'><strong>sed</strong></span> <span class='ocrx_word' id='word_1_214' title='bbox 2319 793 2479 846; x_wconf 86' lang='lat' dir='ltr'><strong>etiam</strong></span> <span class='ocrx_word' id='word_1_215' title='bbox 2511 792 2832 846; x_wconf 89' lang='lat' dir='ltr'><strong>adulterium</strong></span> <span class='ocrx_word' id='word_1_216' title='bbox 2863 804 3130 859; x_wconf 79' lang='lat' dir='ltr'><strong>censetur,</strong></span> <span class='ocrx_word' id='word_1_217' title='bbox 3155 793 3295 863; x_wconf 89' lang='lat' dir='ltr'><strong>quod</strong></span> <span class='ocrx_word' id='word_1_218' title='bbox 3326 804 3544 862; x_wconf 81' lang='lat' dir='ltr'><strong>peccato</strong></span> 
     </span>
    </p>
   </div>
   <div class='ocr_carea' id='block_1_31' title="bbox 1946 886 3542 956">
    <p class='ocr_par' dir='ltr' id='par_1_31' title="bbox 1946 886 3542 956">
     <span class='ocr_line' id='line_1_31' title="bbox 1946 886 3542 956; baseline 0.004 -19"><span class='ocrx_word' id='word_1_219' title='bbox 1946 886 2135 956; x_wconf 87' lang='lat' dir='ltr'><strong>quovis</strong></span> <span class='ocrx_word' id='word_1_220' title='bbox 2157 894 2241 940; x_wconf 86' lang='lat' dir='ltr'><strong>est</strong></span> <span class='ocrx_word' id='word_1_221' title='bbox 2260 887 2491 955; x_wconf 79' lang='lat' dir='ltr'><strong>gravius.</strong></span> <span class='ocrx_word' id='word_1_222' title='bbox 2516 886 2643 941; x_wconf 69' lang='lat' dir='ltr'><strong>Hmc</strong></span> <span class='ocrx_word' id='word_1_223' title='bbox 2672 887 2830 956; x_wconf 82' lang='lat' dir='ltr'><strong>igitur</strong></span> <span class='ocrx_word' id='word_1_224' title='bbox 2860 895 2913 941; x_wconf 89' lang='lat' dir='ltr'><strong>et</strong></span> <span class='ocrx_word' id='word_1_225' title='bbox 2947 889 3099 941; x_wconf 87' lang='lat' dir='ltr'><strong>nobis</strong></span> <span class='ocrx_word' id='word_1_226' title='bbox 3127 899 3179 942; x_wconf 92' lang='lat' dir='ltr'><strong>et</strong></span> <span class='ocrx_word' id='word_1_227' title='bbox 3229 889 3542 944; x_wconf 80' lang='lat' dir='ltr'><strong>mulieribus</strong></span> 
     </span>
    </p>
   </div>
   <div class='ocr_carea' id='block_1_32' title="bbox 1948 979 3603 1048">
    <p class='ocr_par' dir='ltr' id='par_1_32' title="bbox 1948 979 3603 1048">
     <span class='ocr_line' id='line_1_32' title="bbox 1948 979 3603 1048; baseline 0.002 -15"><span class='ocrx_word' id='word_1_228' title='bbox 1948 979 2217 1034; x_wconf 83' lang='lat' dir='ltr'><strong>inculcare</strong></span> <span class='ocrx_word' id='word_1_229' title='bbox 2245 995 2350 1033; x_wconf 91' lang='lat' dir='ltr'><strong>non</strong></span> <span class='ocrx_word' id='word_1_230' title='bbox 2378 979 2686 1034; x_wconf 87' lang='lat' dir='ltr'><strong>desinamus</strong></span> <span class='ocrx_word' id='word_1_231' title='bbox 2711 997 2723 1032; x_wconf 91' lang='lat'><strong>:</strong></span> <span class='ocrx_word' id='word_1_232' title='bbox 2753 995 2910 1048; x_wconf 90' lang='lat' dir='ltr'><strong>quam</strong></span> <span class='ocrx_word' id='word_1_233' title='bbox 2938 982 3096 1034; x_wconf 85' lang='lat' dir='ltr'><strong>etiam</strong></span> <span class='ocrx_word' id='word_1_234' title='bbox 3122 981 3189 1034; x_wconf 92' lang='lat' dir='ltr'><strong>ob</strong></span> <span class='ocrx_word' id='word_1_235' title='bbox 3216 997 3428 1035; x_wconf 83' lang='lat' dir='ltr'><strong>causam</strong></span> <span class='ocrx_word' id='word_1_236' title='bbox 3457 982 3543 1038; x_wconf 86' lang='lat' dir='ltr'><strong>his</strong></span> <span class='ocrx_word' id='word_1_237' title='bbox 3602 1040 3603 1043; x_wconf 33' lang='grc' dir='ltr'><strong>η</strong></span> 
     </span>
    </p>
   </div>
   <div class='ocr_carea' id='block_1_33' title="bbox 1946 1070 3541 1142">
    <p class='ocr_par' dir='ltr' id='par_1_33' title="bbox 1946 1070 3541 1142">
     <span class='ocr_line' id='line_1_33' title="bbox 1946 1070 3541 1142; baseline 0.001 -18"><span class='ocrx_word' id='word_1_238' title='bbox 1946 1070 2124 1124; x_wconf 89' lang='lat' dir='ltr'><strong>verbis</strong></span> <span class='ocrx_word' id='word_1_239' title='bbox 2152 1072 2448 1124; x_wconf 90' lang='lat' dir='ltr'><strong>orationem</strong></span> <span class='ocrx_word' id='word_1_240' title='bbox 2491 1070 2807 1124; x_wconf 89' lang='lat' dir='ltr'><strong>concludam</strong></span> <span class='ocrx_word' id='word_1_241' title='bbox 2844 1088 2856 1123; x_wconf 94' lang='lat'><strong>:</strong></span> <span class='ocrx_word' id='word_1_242' title='bbox 2892 1070 3113 1137; x_wconf 77' lang='lat' dir='ltr'><strong>Pi&#39;bpter</strong></span> <span class='ocrx_word' id='word_1_243' title='bbox 3159 1074 3541 1142; x_wconf 77' lang='lat' dir='ltr'><strong>[orniattionent</strong></span> 
     </span>
    </p>
   </div>
   <div class='ocr_carea' id='block_1_34' title="bbox 1947 1161 3542 1231">
    <p class='ocr_par' dir='ltr' id='par_1_34' title="bbox 1947 1161 3542 1231">
     <span class='ocr_line' id='line_1_34' title="bbox 1947 1161 3542 1231; baseline 0.003 -18"><span class='ocrx_word' id='word_1_244' title='bbox 1947 1162 2289 1231; x_wconf 77' lang='lat' dir='ltr'><strong>unusquisque</strong></span> <span class='ocrx_word' id='word_1_245' title='bbox 2320 1177 2464 1213; x_wconf 86' lang='lat' dir='ltr'><strong>suam</strong></span> <span class='ocrx_word' id='word_1_246' title='bbox 2505 1177 2714 1214; x_wconf 75' lang='lat' dir='ltr'><strong>uxorem</strong></span> <span class='ocrx_word' id='word_1_247' title='bbox 2745 1161 2956 1227; x_wconf 79' lang='lat' dir='ltr'><strong>habeat,</strong></span> <span class='ocrx_word' id='word_1_248' title='bbox 2985 1171 3030 1215; x_wconf 87' lang='lat' dir='ltr'><strong>et</strong></span> <span class='ocrx_word' id='word_1_249' title='bbox 3056 1178 3363 1230; x_wconf 65' lang='lat' dir='ltr'><strong>unaquaque</strong></span> <span class='ocrx_word' id='word_1_250' title='bbox 3394 1180 3542 1217; x_wconf 84' lang='lat' dir='ltr'><strong>suum</strong></span> 
     </span>
    </p>
   </div>
   <div class='ocr_carea' id='block_1_35' title="bbox 1946 1251 3539 1318">
    <p class='ocr_par' dir='ltr' id='par_1_35' title="bbox 1946 1251 3539 1318">
     <span class='ocr_line' id='line_1_35' title="bbox 1946 1251 3539 1318; baseline 0 -11"><span class='ocrx_word' id='word_1_251' title='bbox 1946 1254 2108 1307; x_wconf 82' lang='lat' dir='ltr'><strong>virum</strong></span> <span class='ocrx_word' id='word_1_252' title='bbox 2135 1254 2332 1306; x_wconf 82' lang='lat' dir='ltr'><strong>habeat.</strong></span> <span class='ocrx_word' id='word_1_253' title='bbox 2369 1252 2529 1307; x_wconf 77' lang='lat' dir='ltr'><strong>Uxori</strong></span> <span class='ocrx_word' id='word_1_254' title='bbox 2573 1254 2647 1305; x_wconf 87' lang='lat' dir='ltr'><strong>vir</strong></span> <span class='ocrx_word' id='word_1_255' title='bbox 2669 1253 2885 1306; x_wconf 82' lang='lat' dir='ltr'><strong>debitam</strong></span> <span class='ocrx_word' id='word_1_256' title='bbox 2914 1251 3304 1307; x_wconf 72' lang='lat' dir='ltr'><strong>benevolentia»:</strong></span> <span class='ocrx_word' id='word_1_257' title='bbox 3328 1256 3539 1318; x_wconf 85' lang='lat' dir='ltr'><strong>reddat;</strong></span> 
     </span>
    </p>
   </div>
   <div class='ocr_carea' id='block_1_36' title="bbox 1947 1343 3540 1413">
    <p class='ocr_par' dir='ltr' id='par_1_36' title="bbox 1947 1343 3540 1413">
     <span class='ocr_line' id='line_1_36' title="bbox 1947 1343 3540 1413; baseline 0.001 -16"><span class='ocrx_word' id='word_1_258' title='bbox 1947 1362 2076 1397; x_wconf 74' lang='lat' dir='ltr'><strong>uxor</strong></span> <span class='ocrx_word' id='word_1_259' title='bbox 2105 1344 2333 1398; x_wconf 83' lang='lat' dir='ltr'><strong>similiter</strong></span> <span class='ocrx_word' id='word_1_260' title='bbox 2359 1348 2485 1397; x_wconf 85' lang='lat' dir='ltr'><strong>viro.</strong></span> <span class='ocrx_word' id='word_1_261' title='bbox 2514 1343 2702 1397; x_wconf 83' lang='lat' dir='ltr'><strong>Mulier</strong></span> <span class='ocrx_word' id='word_1_262' title='bbox 2729 1345 2806 1396; x_wconf 86' lang='lat' dir='ltr'><strong>sui</strong></span> <span class='ocrx_word' id='word_1_263' title='bbox 2836 1346 3064 1413; x_wconf 84' lang='lat' dir='ltr'><strong>corporis</strong></span> <span class='ocrx_word' id='word_1_264' title='bbox 3117 1354 3409 1399; x_wconf 82' lang='lat' dir='ltr'><strong>ootestatem</strong></span> <span class='ocrx_word' id='word_1_265' title='bbox 3439 1363 3540 1399; x_wconf 83' lang='lat' dir='ltr'><strong>non</strong></span> 
     </span>
    </p>
   </div>
   <div class='ocr_carea' id='block_1_37' title="bbox 1948 1435 3540 1509">
    <p class='ocr_par' dir='ltr' id='par_1_37' title="bbox 1948 1435 3540 1509">
     <span class='ocr_line' id='line_1_37' title="bbox 1948 1435 3540 1509; baseline 0.003 -22"><span class='ocrx_word' id='word_1_266' title='bbox 1948 1435 2115 1501; x_wconf 75' lang='lat' dir='ltr'><strong>habet,</strong></span> <span class='ocrx_word' id='word_1_267' title='bbox 2145 1436 2232 1489; x_wconf 85' lang='lat' dir='ltr'><strong>scd</strong></span> <span class='ocrx_word' id='word_1_268' title='bbox 2259 1437 2352 1488; x_wconf 85' lang='lat' dir='ltr'><strong>vir.</strong></span> <span class='ocrx_word' id='word_1_269' title='bbox 2384 1435 2633 1489; x_wconf 78' lang='lat' dir='ltr'><strong>Similiter</strong></span> <span class='ocrx_word' id='word_1_270' title='bbox 2656 1446 2825 1489; x_wconf 90' lang='lat' dir='ltr'><strong>autem</strong></span> <span class='ocrx_word' id='word_1_271' title='bbox 2851 1445 2895 1489; x_wconf 85' lang='lat' dir='ltr'><strong>et</strong></span> <span class='ocrx_word' id='word_1_272' title='bbox 2922 1442 2998 1490; x_wconf 78' lang='lat' dir='ltr'><strong>vir</strong></span> <span class='ocrx_word' id='word_1_273' title='bbox 3032 1438 3111 1490; x_wconf 84' lang='lat' dir='ltr'><strong>sui</strong></span> <span class='ocrx_word' id='word_1_274' title='bbox 3147 1438 3373 1505; x_wconf 85' lang='lat' dir='ltr'><strong>corporis</strong></span> <span class='ocrx_word' id='word_1_275' title='bbox 3398 1448 3540 1509; x_wconf 87' lang='lat' dir='ltr'><strong>pote-</strong></span> 
     </span>
    </p>
   </div>
   <div class='ocr_carea' id='block_1_38' title="bbox 1946 1526 3543 1599">
    <p class='ocr_par' dir='ltr' id='par_1_38' title="bbox 1946 1526 3543 1599">
     <span class='ocr_line' id='line_1_38' title="bbox 1946 1526 3543 1599; baseline 0.002 -20"><span class='ocrx_word' id='word_1_276' title='bbox 1946 1537 2123 1579; x_wconf 75' lang='lat' dir='ltr'><strong>stmrnt</strong></span> <span class='ocrx_word' id='word_1_277' title='bbox 2175 1543 2275 1579; x_wconf 85' lang='lat' dir='ltr'><strong>non</strong></span> <span class='ocrx_word' id='word_1_278' title='bbox 2304 1527 2451 1580; x_wconf 81' lang='lat' dir='ltr'><strong>habet</strong></span> <span class='ocrx_word' id='word_1_279' title='bbox 2482 1567 2495 1590; x_wconf 95' lang='lat'><strong>,</strong></span> <span class='ocrx_word' id='word_1_280' title='bbox 2546 1527 2633 1580; x_wconf 87' lang='lat' dir='ltr'><strong>sed</strong></span> <span class='ocrx_word' id='word_1_281' title='bbox 2675 1528 2949 1593; x_wconf 72' lang='lat' dir='ltr'><strong>mulierﬂ.</strong></span> <span class='ocrx_word' id='word_1_282' title='bbox 2990 1526 3109 1582; x_wconf 87' lang='lat' dir='ltr'><strong>Cor.</strong></span> <span class='ocrx_word' id='word_1_283' title='bbox 3154 1528 3206 1581; x_wconf 92' lang='lat'><strong>7.</strong></span> <span class='ocrx_word' id='word_1_284' title='bbox 3235 1528 3372 1599; x_wconf 68' lang='grc'><strong>2-4).</strong></span> <span class='ocrx_word' id='word_1_285' title='bbox 3417 1528 3543 1582; x_wconf 72' lang='lat' dir='ltr'><strong>Haec</strong></span> 
     </span>
    </p>
   </div>
   <div class='ocr_carea' id='block_1_39' title="bbox 1947 1620 3540 1687">
    <p class='ocr_par' dir='ltr' id='par_1_39' title="bbox 1947 1620 3540 1687">
     <span class='ocr_line' id='line_1_39' title="bbox 1947 1620 3540 1687; baseline 0.001 -14"><span class='ocrx_word' id='word_1_286' title='bbox 1947 1622 2107 1675; x_wconf 77' lang='lat' dir='ltr'><strong>verba</strong></span> <span class='ocrx_word' id='word_1_287' title='bbox 2134 1621 2373 1675; x_wconf 86' lang='lat' dir='ltr'><strong>studiose</strong></span> <span class='ocrx_word' id='word_1_288' title='bbox 2420 1621 2675 1675; x_wconf 90' lang='lat' dir='ltr'><strong>memoria</strong></span> <span class='ocrx_word' id='word_1_289' title='bbox 2726 1629 2993 1687; x_wconf 89' lang='lat' dir='ltr'><strong>tenentes,</strong></span> <span class='ocrx_word' id='word_1_290' title='bbox 3042 1620 3177 1675; x_wconf 85' lang='lat' dir='ltr'><strong>etin</strong></span> <span class='ocrx_word' id='word_1_291' title='bbox 3222 1620 3362 1686; x_wconf 89' lang='lat' dir='ltr'><strong>foro,</strong></span> <span class='ocrx_word' id='word_1_292' title='bbox 3405 1629 3458 1674; x_wconf 88' lang='lat' dir='ltr'><strong>et</strong></span> <span class='ocrx_word' id='word_1_293' title='bbox 3489 1622 3540 1675; x_wconf 81' lang='lat' dir='ltr'><strong>i&#39;n</strong></span> 
     </span>
    </p>
   </div>
   <div class='ocr_carea' id='block_1_40' title="bbox 1947 1713 3541 1782">
    <p class='ocr_par' dir='ltr' id='par_1_40' title="bbox 1947 1713 3541 1782">
     <span class='ocr_line' id='line_1_40' title="bbox 1947 1713 3541 1782; baseline 0.001 -16"><span class='ocrx_word' id='word_1_294' title='bbox 1947 1713 2151 1767; x_wconf 72' lang='lat' dir='ltr'><strong>mdibus</strong></span> <span class='ocrx_word' id='word_1_295' title='bbox 2174 1755 2188 1776; x_wconf 95' lang='lat'><strong>,</strong></span> <span class='ocrx_word' id='word_1_296' title='bbox 2216 1721 2271 1766; x_wconf 90' lang='lat' dir='ltr'><strong>ct</strong></span> <span class='ocrx_word' id='word_1_297' title='bbox 2300 1713 2550 1778; x_wconf 89' lang='lat' dir='ltr'><strong>interdiu,</strong></span> <span class='ocrx_word' id='word_1_298' title='bbox 2579 1722 2631 1767; x_wconf 88' lang='lat' dir='ltr'><strong>et</strong></span> <span class='ocrx_word' id='word_1_299' title='bbox 2656 1713 2885 1782; x_wconf 85' lang='lat' dir='ltr'><strong>vesperi,</strong></span> <span class='ocrx_word' id='word_1_300' title='bbox 2919 1721 2974 1768; x_wconf 89' lang='lat' dir='ltr'><strong>et</strong></span> <span class='ocrx_word' id='word_1_301' title='bbox 3003 1713 3070 1767; x_wconf 91' lang='lat' dir='ltr'><strong>ad</strong></span> <span class='ocrx_word' id='word_1_302' title='bbox 3118 1728 3380 1780; x_wconf 86' lang='lat' dir='ltr'><strong>mensam,</strong></span> <span class='ocrx_word' id='word_1_303' title='bbox 3411 1726 3462 1768; x_wconf 93' lang='lat' dir='ltr'><strong>et</strong></span> <span class='ocrx_word' id='word_1_304' title='bbox 3486 1714 3541 1768; x_wconf 88' lang='lat' dir='ltr'><strong>in</strong></span> 
     </span>
    </p>
   </div>
   <div class='ocr_carea' id='block_1_41' title="bbox 1947 1804 3537 1876">
    <p class='ocr_par' dir='ltr' id='par_1_41' title="bbox 1947 1804 3537 1876">
     <span class='ocr_line' id='line_1_41' title="bbox 1947 1804 3537 1876; baseline 0.001 -19"><span class='ocrx_word' id='word_1_305' title='bbox 1947 1804 2107 1869; x_wconf 88' lang='lat' dir='ltr'><strong>lecto,</strong></span> <span class='ocrx_word' id='word_1_306' title='bbox 2157 1813 2210 1859; x_wconf 89' lang='lat' dir='ltr'><strong>et</strong></span> <span class='ocrx_word' id='word_1_307' title='bbox 2262 1805 2459 1875; x_wconf 90' lang='lat' dir='ltr'><strong>ubique</strong></span> <span class='ocrx_word' id='word_1_308' title='bbox 2507 1805 2769 1869; x_wconf 91' lang='lat' dir='ltr'><strong>locorum,</strong></span> <span class='ocrx_word' id='word_1_309' title='bbox 2801 1820 2922 1860; x_wconf 90' lang='lat' dir='ltr'><strong>cum</strong></span> <span class='ocrx_word' id='word_1_310' title='bbox 2955 1806 3055 1876; x_wconf 91' lang='lat' dir='ltr'><strong>ipsi</strong></span> <span class='ocrx_word' id='word_1_311' title='bbox 3103 1821 3164 1860; x_wconf 87' lang='lat' dir='ltr'><strong>ea</strong></span> <span class='ocrx_word' id='word_1_312' title='bbox 3196 1806 3537 1871; x_wconf 87' lang='lat' dir='ltr'><strong>meditemur,</strong></span> 
     </span>
    </p>
   </div>
   <div class='ocr_carea' id='block_1_42' title="bbox 1949 1897 3541 1967">
    <p class='ocr_par' dir='ltr' id='par_1_42' title="bbox 1949 1897 3541 1967">
     <span class='ocr_line' id='line_1_42' title="bbox 1949 1897 3541 1967; baseline 0 -16"><span class='ocrx_word' id='word_1_313' title='bbox 1949 1907 2058 1951; x_wconf 93' lang='lat' dir='ltr'><strong>tum</strong></span> <span class='ocrx_word' id='word_1_314' title='bbox 2108 1898 2360 1952; x_wconf 87' lang='lat' dir='ltr'><strong>mulieres</strong></span> <span class='ocrx_word' id='word_1_315' title='bbox 2391 1897 2547 1951; x_wconf 91' lang='lat' dir='ltr'><strong>nobis</strong></span> <span class='ocrx_word' id='word_1_316' title='bbox 2591 1897 2771 1951; x_wconf 89' lang='lat' dir='ltr'><strong>dicere</strong></span> <span class='ocrx_word' id='word_1_317' title='bbox 2800 1906 2957 1967; x_wconf 88' lang='lat' dir='ltr'><strong>atque</strong></span> <span class='ocrx_word' id='word_1_318' title='bbox 2994 1912 3025 1951; x_wconf 89' lang='lat' dir='ltr'><strong>a</strong></span> <span class='ocrx_word' id='word_1_319' title='bbox 3054 1898 3209 1952; x_wconf 88' lang='lat' dir='ltr'><strong>nobis</strong></span> <span class='ocrx_word' id='word_1_320' title='bbox 3233 1898 3415 1951; x_wconf 82' lang='lat' dir='ltr'><strong>audire</strong></span> <span class='ocrx_word' id='word_1_321' title='bbox 3440 1899 3541 1951; x_wconf 85' lang='lat' dir='ltr'><strong>do-</strong></span> 
     </span>
    </p>
   </div>
   <div class='ocr_carea' id='block_1_43' title="bbox 1946 1988 3534 2052">
    <p class='ocr_par' dir='ltr' id='par_1_43' title="bbox 1946 1988 3534 2052">
     <span class='ocr_line' id='line_1_43' title="bbox 1946 1988 3534 2052; baseline -0.001 -9"><span class='ocrx_word' id='word_1_322' title='bbox 1946 2004 2181 2051; x_wconf 91' lang='lat' dir='ltr'><strong>ceamus,</strong></span> <span class='ocrx_word' id='word_1_323' title='bbox 2211 1996 2269 2042; x_wconf 90' lang='lat' dir='ltr'><strong>ut</strong></span> <span class='ocrx_word' id='word_1_324' title='bbox 2296 2005 2415 2043; x_wconf 89' lang='lat' dir='ltr'><strong>cum</strong></span> <span class='ocrx_word' id='word_1_325' title='bbox 2448 1988 2587 2043; x_wconf 92' lang='lat' dir='ltr'><strong>hanc</strong></span> <span class='ocrx_word' id='word_1_326' title='bbox 2616 1989 2778 2042; x_wconf 88' lang='lat' dir='ltr'><strong>vitam</strong></span> <span class='ocrx_word' id='word_1_327' title='bbox 2801 1997 2950 2044; x_wconf 81' lang='lat' dir='ltr'><strong>caste</strong></span> <span class='ocrx_word' id='word_1_328' title='bbox 2986 1988 3397 2052; x_wconf 86' lang='lat' dir='ltr'><strong>traduxerimns,</strong></span> <span class='ocrx_word' id='word_1_329' title='bbox 3427 2004 3534 2042; x_wconf 72' lang='lat' dir='ltr'><strong>c.13-</strong></span> 
     </span>
    </p>
   </div>
   <div class='ocr_carea' id='block_1_44' title="bbox 1948 2080 3541 2149">
    <p class='ocr_par' dir='ltr' id='par_1_44' title="bbox 1948 2080 3541 2149">
     <span class='ocr_line' id='line_1_44' title="bbox 1948 2080 3541 2149; baseline -0.001 -16"><span class='ocrx_word' id='word_1_330' title='bbox 1948 2080 2121 2134; x_wconf 89' lang='lat' dir='ltr'><strong>lorum</strong></span> <span class='ocrx_word' id='word_1_331' title='bbox 2148 2081 2306 2134; x_wconf 84' lang='lat' dir='ltr'><strong>etiam</strong></span> <span class='ocrx_word' id='word_1_332' title='bbox 2336 2096 2559 2149; x_wconf 80' lang='lat' dir='ltr'><strong>regnum</strong></span> <span class='ocrx_word' id='word_1_333' title='bbox 2581 2095 2994 2149; x_wconf 89' lang='lat' dir='ltr'><strong>consequamur,</strong></span> <span class='ocrx_word' id='word_1_334' title='bbox 3024 2082 3191 2149; x_wconf 87' lang='lat' dir='ltr'><strong>gratia</strong></span> <span class='ocrx_word' id='word_1_335' title='bbox 3219 2091 3270 2134; x_wconf 91' lang='lat' dir='ltr'><strong>et</strong></span> <span class='ocrx_word' id='word_1_336' title='bbox 3297 2080 3541 2149; x_wconf 80' lang='lat' dir='ltr'><strong>benigni-</strong></span> 
     </span>
    </p>
   </div>
   <div class='ocr_carea' id='block_1_45' title="bbox 1948 2170 3533 2240">
    <p class='ocr_par' dir='ltr' id='par_1_45' title="bbox 1948 2170 3533 2240">
     <span class='ocr_line' id='line_1_45' title="bbox 1948 2170 3533 2240; baseline -0.002 -14"><span class='ocrx_word' id='word_1_337' title='bbox 1948 2181 2054 2226; x_wconf 87' lang='lat' dir='ltr'><strong>tate</strong></span> <span class='ocrx_word' id='word_1_338' title='bbox 2086 2172 2291 2225; x_wconf 88' lang='lat' dir='ltr'><strong>Domini</strong></span> <span class='ocrx_word' id='word_1_339' title='bbox 2338 2172 2505 2226; x_wconf 84' lang='lat' dir='ltr'><strong>nostri</strong></span> <span class='ocrx_word' id='word_1_340' title='bbox 2535 2170 2661 2226; x_wconf 83' lang='lat' dir='ltr'><strong>Jesu</strong></span> <span class='ocrx_word' id='word_1_341' title='bbox 2706 2170 2941 2235; x_wconf 87' lang='lat' dir='ltr'><strong>Christi,</strong></span> <span class='ocrx_word' id='word_1_342' title='bbox 2988 2186 3085 2240; x_wconf 90' lang='lat' dir='ltr'><strong>per</strong></span> <span class='ocrx_word' id='word_1_343' title='bbox 3131 2186 3288 2240; x_wconf 89' lang='lat' dir='ltr'><strong>quem</strong></span> <span class='ocrx_word' id='word_1_344' title='bbox 3333 2180 3533 2225; x_wconf 89' lang='lat' dir='ltr'><strong>etcum</strong></span> 
     </span>
    </p>
   </div>
   <div class='ocr_carea' id='block_1_46' title="bbox 1945 2261 3538 2333">
    <p class='ocr_par' dir='ltr' id='par_1_46' title="bbox 1945 2261 3538 2333">
     <span class='ocr_line' id='line_1_46' title="bbox 1945 2261 3538 2333; baseline 0.002 -18"><span class='ocrx_word' id='word_1_345' title='bbox 1945 2279 2051 2333; x_wconf 91' lang='lat' dir='ltr'><strong>quo</strong></span> <span class='ocrx_word' id='word_1_346' title='bbox 2083 2263 2245 2321; x_wconf 85' lang='lat' dir='ltr'><strong>Patri.</strong></span> <span class='ocrx_word' id='word_1_347' title='bbox 2293 2278 2395 2317; x_wconf 89' lang='lat' dir='ltr'><strong>una</strong></span> <span class='ocrx_word' id='word_1_348' title='bbox 2424 2277 2545 2316; x_wconf 91' lang='lat' dir='ltr'><strong>cum</strong></span> <span class='ocrx_word' id='word_1_349' title='bbox 2585 2261 2788 2331; x_wconf 87' lang='lat' dir='ltr'><strong>Spiritu</strong></span> <span class='ocrx_word' id='word_1_350' title='bbox 2819 2271 3005 2316; x_wconf 88' lang='lat' dir='ltr'><strong>sancto</strong></span> <span class='ocrx_word' id='word_1_351' title='bbox 3044 2261 3235 2331; x_wconf 81' lang='lat' dir='ltr'><strong>gloria,</strong></span> <span class='ocrx_word' id='word_1_352' title='bbox 3262 2261 3313 2315; x_wconf 92' lang='lat' dir='ltr'><strong>in</strong></span> <span class='ocrx_word' id='word_1_353' title='bbox 3344 2262 3538 2318; x_wconf 84' lang='lat' dir='ltr'><strong>sa-cula</strong></span> 
     </span>
    </p>
   </div>
   <div class='ocr_carea' id='block_1_47' title="bbox 1944 2355 2505 2410">
    <p class='ocr_par' dir='ltr' id='par_1_47' title="bbox 1944 2355 2505 2410">
     <span class='ocr_line' id='line_1_47' title="bbox 1944 2355 2505 2410; baseline -0.007 0"><span class='ocrx_word' id='word_1_354' title='bbox 1944 2355 2281 2410; x_wconf 68' lang='lat' dir='ltr'><strong>saeculorum.</strong></span> <span class='ocrx_word' id='word_1_355' title='bbox 2314 2356 2505 2409; x_wconf 79' lang='lat' dir='ltr'><strong>Amen.</strong></span> 
     </span>
    </p>
   </div>
   <div class='ocr_carea' id='block_1_48' title="bbox 1395 2582 2322 2669">
    <p class='ocr_par' dir='ltr' id='par_1_48' title="bbox 1395 2582 2322 2669">
     <span class='ocr_line' id='line_1_48' title="bbox 1395 2582 2322 2669; baseline -0.006 -12"><span class='ocrx_word' id='word_1_356' title='bbox 1395 2586 1505 2657; x_wconf 85' lang='lat' dir='ltr'><strong>IN</strong></span> <span class='ocrx_word' id='word_1_357' title='bbox 1556 2585 1887 2656; x_wconf 90' lang='lat' dir='ltr'><strong>ILLUM</strong></span> <span class='ocrx_word' id='word_1_358' title='bbox 1932 2582 2322 2669; x_wconf 87' lang='lat' dir='ltr'><strong>LOCUM,</strong></span> 
     </span>
    </p>
   </div>
   <div class='ocr_carea' id='block_1_49' title="bbox 224 2731 2584 2787">
    <p class='ocr_par' dir='ltr' id='par_1_49' title="bbox 224 2731 2584 2787">
     <span class='ocr_line' id='line_1_49' title="bbox 224 2731 2584 2787; baseline -0.003 -9"><span class='ocrx_word' id='word_1_359' title='bbox 224 2735 481 2778; x_wconf 74' lang='lat' dir='ltr'><strong>MULIER</strong></span> <span class='ocrx_word' id='word_1_360' title='bbox 537 2736 847 2779; x_wconf 75' lang='lat' dir='ltr'><strong>ALLIGATA</strong></span> <span class='ocrx_word' id='word_1_361' title='bbox 891 2736 1007 2779; x_wconf 86' lang='lat' dir='ltr'><strong>EST</strong></span> <span class='ocrx_word' id='word_1_362' title='bbox 1051 2735 1195 2778; x_wconf 85' lang='lat' dir='ltr'><strong>LEGI</strong></span> <span class='ocrx_word' id='word_1_363' title='bbox 1240 2734 1494 2787; x_wconf 79' lang='lat' dir='ltr'><strong>QUANTO</strong></span> <span class='ocrx_word' id='word_1_364' title='bbox 1536 2733 1838 2776; x_wconf 77' lang='lat' dir='ltr'><strong>TEMPORE</strong></span> <span class='ocrx_word' id='word_1_365' title='bbox 1905 2732 2174 2773; x_wconf 74' lang='lat' dir='ltr'><strong>VlXERlT</strong></span> <span class='ocrx_word' id='word_1_366' title='bbox 2215 2731 2325 2775; x_wconf 74' lang='lat' dir='ltr'><strong>VIR</strong></span> <span class='ocrx_word' id='word_1_367' title='bbox 2369 2731 2521 2773; x_wconf 82' lang='lat' dir='ltr'><strong>EJUS</strong></span> <span class='ocrx_word' id='word_1_368' title='bbox 2569 2732 2584 2770; x_wconf 74' lang='grc' dir='ltr'>ε</span> 
     </span>
    </p>
   </div>
   <div class='ocr_carea' id='block_1_50' title="bbox 2633 2730 3537 2787">
    <p class='ocr_par' dir='ltr' id='par_1_50' title="bbox 2633 2730 3537 2787">
     <span class='ocr_line' id='line_1_50' title="bbox 2633 2730 3537 2787; baseline 0.003 -15"><span class='ocrx_word' id='word_1_369' title='bbox 2633 2730 2689 2773; x_wconf 78' lang='lat' dir='ltr'><strong>SI</strong></span> <span class='ocrx_word' id='word_1_370' title='bbox 2738 2732 2952 2774; x_wconf 83' lang='lat' dir='ltr'><strong>AUTEM</strong></span> <span class='ocrx_word' id='word_1_371' title='bbox 3012 2732 3391 2787; x_wconf 77' lang='lat' dir='ltr'><strong>DORMIERIT,</strong></span> <span class='ocrx_word' id='word_1_372' title='bbox 3438 2733 3537 2775; x_wconf 77' lang='grc' dir='ltr'><strong>ιι-</strong></span> 
     </span>
    </p>
   </div>
   <div class='ocr_carea' id='block_1_51' title="bbox 305 2830 3527 2891">
    <p class='ocr_par' dir='ltr' id='par_1_51' title="bbox 305 2830 3527 2891">
     <span class='ocr_line' id='line_1_51' title="bbox 305 2830 3527 2891; baseline -0.001 -12"><span class='ocrx_word' id='word_1_373' title='bbox 305 2838 482 2881; x_wconf 76' lang='lat' dir='ltr'><strong>BEBA</strong></span> <span class='ocrx_word' id='word_1_374' title='bbox 522 2838 639 2881; x_wconf 86' lang='lat' dir='ltr'><strong>EST</strong></span> <span class='ocrx_word' id='word_1_375' title='bbox 686 2838 790 2881; x_wconf 78' lang='lat' dir='ltr'><strong>CUI</strong></span> <span class='ocrx_word' id='word_1_376' title='bbox 824 2838 1140 2882; x_wconf 80' lang='lat' dir='ltr'><strong>VOLUERIT</strong></span> <span class='ocrx_word' id='word_1_377' title='bbox 1182 2837 1460 2891; x_wconf 78' lang='lat' dir='ltr'><strong>NUBERE,</strong></span> <span class='ocrx_word' id='word_1_378' title='bbox 1506 2834 1770 2877; x_wconf 71' lang='lat' dir='ltr'><strong>TANTUM</strong></span> <span class='ocrx_word' id='word_1_379' title='bbox 1813 2832 1878 2875; x_wconf 80' lang='lat' dir='ltr'><strong>IN</strong></span> <span class='ocrx_word' id='word_1_380' title='bbox 1924 2830 2192 2875; x_wconf 78' lang='lat' dir='ltr'><strong>DOMINO.</strong></span> <span class='ocrx_word' id='word_1_381' title='bbox 2237 2830 2515 2873; x_wconf 78' lang='lat' dir='ltr'><strong>BEATIOR</strong></span> <span class='ocrx_word' id='word_1_382' title='bbox 2559 2831 2778 2873; x_wconf 77' lang='lat' dir='ltr'><strong>AUTEM</strong></span> <span class='ocrx_word' id='word_1_383' title='bbox 2825 2832 2938 2874; x_wconf 85' lang='lat' dir='ltr'><strong>EST</strong></span> <span class='ocrx_word' id='word_1_384' title='bbox 2980 2831 3033 2873; x_wconf 82' lang='lat' dir='ltr'><strong>SI</strong></span> <span class='ocrx_word' id='word_1_385' title='bbox 3078 2831 3170 2877; x_wconf 78' lang='lat' dir='ltr'><strong>SIC</strong></span> <span class='ocrx_word' id='word_1_386' title='bbox 3205 2832 3527 2875; x_wconf 74' lang='lat' dir='ltr'><strong>MANSERIT</strong></span> 
     </span>
    </p>
   </div>
   <div class='ocr_carea' id='block_1_52' title="bbox 312 2917 1160 2997">
    <p class='ocr_par' dir='ltr' id='par_1_52' title="bbox 312 2917 1160 2997">
     <span class='ocr_line' id='line_1_52' title="bbox 312 2917 1160 2997; baseline 0 -20"><span class='ocrx_word' id='word_1_387' title='bbox 312 2917 405 2996; x_wconf 75' lang='grc'><strong>(1.</strong></span> <span class='ocrx_word' id='word_1_388' title='bbox 438 2918 580 2982; x_wconf 84' lang='lat' dir='ltr'><strong>Cor.</strong></span> <span class='ocrx_word' id='word_1_389' title='bbox 626 2920 688 2979; x_wconf 84' lang='lat'><strong>7.</strong></span> <span class='ocrx_word' id='word_1_390' title='bbox 736 2918 836 2979; x_wconf 84' lang='lat'><strong>39.</strong></span> <span class='ocrx_word' id='word_1_391' title='bbox 880 2917 960 2977; x_wconf 71' lang='lat' dir='ltr'><strong>to</strong></span> <span class='ocrx_word' id='word_1_392' title='bbox 986 2918 1009 2997; x_wconf 87' lang='grc'>)</span> <span class='ocrx_word' id='word_1_393' title='bbox 1057 2924 1160 2997; x_wconf 90' lang='lat' dir='ltr'><strong>(a).</strong></span> 
     </span>
    </p>
   </div>
   <div class='ocr_carea' id='block_1_53' title="bbox 1680 3067 2103 3125">
    <p class='ocr_par' dir='ltr' id='par_1_53' title="bbox 1680 3067 2103 3125">
     <span class='ocr_line' id='line_1_53' title="bbox 1680 3067 2103 3125; baseline 0.007 -3"><span class='ocrx_word' id='word_1_394' title='bbox 1680 3067 2103 3125; x_wconf 54' lang='lat' dir='ltr'><strong>0W0</strong></span> 
     </span>
    </p>
   </div>
   <div class='ocr_carea' id='block_1_54' title="bbox 299 3184 1831 3258">
    <p class='ocr_par' dir='ltr' id='par_1_54' title="bbox 299 3184 1831 3258">
     <span class='ocr_line' id='line_1_54' title="bbox 299 3184 1831 3258; baseline -0.002 -17"><span class='ocrx_word' id='word_1_395' title='bbox 299 3190 358 3242; x_wconf 81' lang='grc'><strong>1.</strong></span> <span class='ocrx_word' id='word_1_396' title='bbox 384 3186 562 3258; x_wconf 88' lang='lat' dir='ltr'><strong>Nuper</strong></span> <span class='ocrx_word' id='word_1_397' title='bbox 590 3187 745 3242; x_wconf 90' lang='lat' dir='ltr'><strong>nobis</strong></span> <span class='ocrx_word' id='word_1_398' title='bbox 784 3187 973 3243; x_wconf 88' lang='lat' dir='ltr'><strong>beatus</strong></span> <span class='ocrx_word' id='word_1_399' title='bbox 1005 3186 1202 3242; x_wconf 86' lang='lat' dir='ltr'><strong>Paulus</strong></span> <span class='ocrx_word' id='word_1_400' title='bbox 1243 3186 1308 3241; x_wconf 87' lang='lat' dir='ltr'><strong>de</strong></span> <span class='ocrx_word' id='word_1_401' title='bbox 1342 3186 1609 3256; x_wconf 87' lang='lat' dir='ltr'><strong>conjugio,</strong></span> <span class='ocrx_word' id='word_1_402' title='bbox 1645 3184 1831 3255; x_wconf 89' lang='lat' dir='ltr'><strong>conju-</strong></span> 
     </span>
    </p>
   </div>
   <div class='ocr_carea' id='block_1_55' title="bbox 219 3277 1830 3352">
    <p class='ocr_par' dir='ltr' id='par_1_55' title="bbox 219 3277 1830 3352">
     <span class='ocr_line' id='line_1_55' title="bbox 219 3277 1830 3352; baseline -0.001 -18"><span class='ocrx_word' id='word_1_403' title='bbox 219 3280 416 3352; x_wconf 83' lang='lat' dir='ltr'><strong>giique</strong></span> <span class='ocrx_word' id='word_1_404' title='bbox 440 3280 646 3350; x_wconf 76' lang='lat' dir='ltr'><strong>juribus</strong></span> <span class='ocrx_word' id='word_1_405' title='bbox 680 3280 852 3349; x_wconf 83' lang='lat' dir='ltr'><strong>legem</strong></span> <span class='ocrx_word' id='word_1_406' title='bbox 895 3279 1031 3340; x_wconf 87' lang='lat' dir='ltr'><strong>tulit,</strong></span> <span class='ocrx_word' id='word_1_407' title='bbox 1061 3277 1353 3334; x_wconf 90' lang='lat' dir='ltr'><strong>Corinthiis</strong></span> <span class='ocrx_word' id='word_1_408' title='bbox 1398 3279 1476 3333; x_wconf 87' lang='lat' dir='ltr'><strong>sic</strong></span> <span class='ocrx_word' id='word_1_409' title='bbox 1500 3278 1741 3333; x_wconf 90' lang='lat' dir='ltr'><strong>scribens</strong></span> <span class='ocrx_word' id='word_1_410' title='bbox 1766 3294 1830 3332; x_wconf 84' lang='lat' dir='ltr'><strong>ac</strong></span> 
     </span>
    </p>
   </div>
   <div class='ocr_carea' id='block_1_56' title="bbox 216 3369 1832 3443">
    <p class='ocr_par' dir='ltr' id='par_1_56' title="bbox 216 3369 1832 3443">
     <span class='ocr_line' id='line_1_56' title="bbox 216 3369 1832 3443; baseline -0.003 -15"><span class='ocrx_word' id='word_1_411' title='bbox 216 3374 418 3428; x_wconf 85' lang='lat' dir='ltr'><strong>dicens</strong></span> <span class='ocrx_word' id='word_1_412' title='bbox 448 3389 462 3425; x_wconf 88' lang='lat'>:</span> <span class='ocrx_word' id='word_1_413' title='bbox 493 3371 570 3425; x_wconf 87' lang='lat' dir='ltr'><strong>De</strong></span> <span class='ocrx_word' id='word_1_414' title='bbox 598 3373 776 3443; x_wconf 81' lang='lat' dir='ltr'><strong>quibus</strong></span> <span class='ocrx_word' id='word_1_415' title='bbox 804 3381 976 3426; x_wconf 83' lang='lat' dir='ltr'><strong>autem</strong></span> <span class='ocrx_word' id='word_1_416' title='bbox 1010 3372 1282 3441; x_wconf 81' lang='lat' dir='ltr'><strong>scripsistis</strong></span> <span class='ocrx_word' id='word_1_417' title='bbox 1312 3372 1437 3423; x_wconf 78' lang='lat' dir='ltr'><strong>milii</strong></span> <span class='ocrx_word' id='word_1_418' title='bbox 1456 3411 1471 3436; x_wconf 96' lang='lat'><strong>,</strong></span> <span class='ocrx_word' id='word_1_419' title='bbox 1503 3369 1703 3423; x_wconf 88' lang='lat' dir='ltr'><strong>Bonum</strong></span> <span class='ocrx_word' id='word_1_420' title='bbox 1726 3385 1832 3423; x_wconf 83' lang='lat' dir='ltr'><strong>esse</strong></span> 
     </span>
    </p>
   </div>
   <div class='ocr_carea' id='block_1_57' title="bbox 223 3461 1833 3534">
    <p class='ocr_par' dir='ltr' id='par_1_57' title="bbox 223 3461 1833 3534">
     <span class='ocr_line' id='line_1_57' title="bbox 223 3461 1833 3534; baseline -0.004 -15"><span class='ocrx_word' id='word_1_421' title='bbox 223 3466 427 3519; x_wconf 73' lang='lat' dir='ltr'><strong>homini</strong></span> <span class='ocrx_word' id='word_1_422' title='bbox 482 3464 744 3518; x_wconf 82' lang='lat' dir='ltr'><strong>mulierem</strong></span> <span class='ocrx_word' id='word_1_423' title='bbox 817 3480 915 3517; x_wconf 85' lang='lat' dir='ltr'><strong>non</strong></span> <span class='ocrx_word' id='word_1_424' title='bbox 960 3474 1163 3534; x_wconf 83' lang='lat' dir='ltr'><strong>tangere</strong></span> <span class='ocrx_word' id='word_1_425' title='bbox 1227 3480 1245 3516; x_wconf 93' lang='lat'><em>:</em></span> <span class='ocrx_word' id='word_1_426' title='bbox 1285 3472 1489 3532; x_wconf 81' lang='lat' dir='ltr'><strong>propter</strong></span> <span class='ocrx_word' id='word_1_427' title='bbox 1540 3461 1833 3530; x_wconf 78' lang='lat' dir='ltr'><strong>fornicatio-</strong></span> 
     </span>
    </p>
   </div>
   <div class='ocr_carea' id='block_1_58' title="bbox 220 3554 1829 3628">
    <p class='ocr_par' dir='ltr' id='par_1_58' title="bbox 220 3554 1829 3628">
     <span class='ocr_line' id='line_1_58' title="bbox 220 3554 1829 3628; baseline -0.004 -16"><span class='ocrx_word' id='word_1_428' title='bbox 220 3575 343 3613; x_wconf 81' lang='lat' dir='ltr'><strong>nem</strong></span> <span class='ocrx_word' id='word_1_429' title='bbox 400 3567 588 3623; x_wconf 87' lang='lat' dir='ltr'><strong>autem,</strong></span> <span class='ocrx_word' id='word_1_430' title='bbox 632 3574 778 3613; x_wconf 87' lang='lat' dir='ltr'><strong>suam</strong></span> <span class='ocrx_word' id='word_1_431' title='bbox 821 3558 1032 3628; x_wconf 82' lang='lat' dir='ltr'><strong>quisque</strong></span> <span class='ocrx_word' id='word_1_432' title='bbox 1084 3573 1300 3610; x_wconf 72' lang='lat' dir='ltr'><strong>uxorem</strong></span> <span class='ocrx_word' id='word_1_433' title='bbox 1352 3554 1552 3612; x_wconf 83' lang='lat' dir='ltr'><strong>habeat.</strong></span> <span class='ocrx_word' id='word_1_434' title='bbox 1596 3565 1640 3607; x_wconf 90' lang='lat' dir='ltr'><strong>et</strong></span> <span class='ocrx_word' id='word_1_435' title='bbox 1680 3570 1829 3609; x_wconf 87' lang='lat' dir='ltr'><strong>suum</strong></span> 
     </span>
    </p>
   </div>
   <div class='ocr_carea' id='block_1_59' title="bbox 216 3645 1829 3721">
    <p class='ocr_par' dir='ltr' id='par_1_59' title="bbox 216 3645 1829 3721">
     <span class='ocr_line' id='line_1_59' title="bbox 216 3645 1829 3721; baseline -0.002 -19"><span class='ocrx_word' id='word_1_436' title='bbox 216 3665 440 3719; x_wconf 63' lang='lat' dir='ltr'><strong>qumque</strong></span> <span class='ocrx_word' id='word_1_437' title='bbox 486 3648 651 3702; x_wconf 81' lang='lat' dir='ltr'><strong>virum</strong></span> <span class='ocrx_word' id='word_1_438' title='bbox 715 3649 895 3703; x_wconf 82' lang='lat' dir='ltr'><strong>habeat</strong></span> <span class='ocrx_word' id='word_1_439' title='bbox 947 3649 1036 3721; x_wconf 92' lang='grc'><strong>(1.</strong></span> <span class='ocrx_word' id='word_1_440' title='bbox 1082 3647 1199 3703; x_wconf 90' lang='lat' dir='ltr'><strong>Cor.</strong></span> <span class='ocrx_word' id='word_1_441' title='bbox 1240 3649 1293 3701; x_wconf 90' lang='lat'><strong>7.</strong></span> <span class='ocrx_word' id='word_1_442' title='bbox 1354 3648 1406 3701; x_wconf 94' lang='grc'><strong>1.</strong></span> <span class='ocrx_word' id='word_1_443' title='bbox 1469 3645 1568 3717; x_wconf 73' lang='lat'><strong>2).</strong></span> <span class='ocrx_word' id='word_1_444' title='bbox 1626 3646 1829 3714; x_wconf 86' lang='lat' dir='ltr'><strong>Eapro-</strong></span> 
     </span>
    </p>
   </div>
   <div class='ocr_carea' id='block_1_60' title="bbox 215 3738 1826 3811">
    <p class='ocr_par' dir='ltr' id='par_1_60' title="bbox 215 3738 1826 3811">
     <span class='ocr_line' id='line_1_60' title="bbox 215 3738 1826 3811; baseline -0.004 -16"><span class='ocrx_word' id='word_1_445' title='bbox 215 3751 345 3811; x_wconf 87' lang='lat' dir='ltr'><strong>pter</strong></span> <span class='ocrx_word' id='word_1_446' title='bbox 400 3750 457 3796; x_wconf 88' lang='lat' dir='ltr'><strong>et</strong></span> <span class='ocrx_word' id='word_1_447' title='bbox 501 3755 599 3795; x_wconf 90' lang='lat' dir='ltr'><strong>nos</strong></span> <span class='ocrx_word' id='word_1_448' title='bbox 669 3750 837 3796; x_wconf 90' lang='lat' dir='ltr'><strong>totum</strong></span> <span class='ocrx_word' id='word_1_449' title='bbox 892 3755 1195 3795; x_wconf 88' lang='lat' dir='ltr'><strong>sermonem</strong></span> <span class='ocrx_word' id='word_1_450' title='bbox 1266 3738 1318 3793; x_wconf 92' lang='lat' dir='ltr'><strong>in</strong></span> <span class='ocrx_word' id='word_1_451' title='bbox 1383 3738 1484 3793; x_wconf 91' lang='lat' dir='ltr'><strong>hoc</strong></span> <span class='ocrx_word' id='word_1_452' title='bbox 1537 3738 1826 3805; x_wconf 89' lang='lat' dir='ltr'><strong>insumpsi-</strong></span> 
     </span>
    </p>
   </div>
   <div class='ocr_carea' id='block_1_61' title="bbox 217 3832 1826 3905">
    <p class='ocr_par' dir='ltr' id='par_1_61' title="bbox 217 3832 1826 3905">
     <span class='ocr_line' id='line_1_61' title="bbox 217 3832 1826 3905; baseline -0.002 -17"><span class='ocrx_word' id='word_1_453' title='bbox 217 3850 368 3889; x_wconf 75' lang='lat' dir='ltr'><strong>xnus.</strong></span> <span class='ocrx_word' id='word_1_454' title='bbox 414 3834 595 3905; x_wconf 90' lang='lat' dir='ltr'><strong>Itaque</strong></span> <span class='ocrx_word' id='word_1_455' title='bbox 640 3849 863 3889; x_wconf 89' lang='lat' dir='ltr'><strong>necesse</strong></span> <span class='ocrx_word' id='word_1_456' title='bbox 887 3841 970 3890; x_wconf 91' lang='lat' dir='ltr'><strong>est</strong></span> <span class='ocrx_word' id='word_1_457' title='bbox 999 3833 1156 3888; x_wconf 90' lang='lat' dir='ltr'><strong>hodie</strong></span> <span class='ocrx_word' id='word_1_458' title='bbox 1198 3832 1266 3887; x_wconf 90' lang='lat' dir='ltr'><strong>de</strong></span> <span class='ocrx_word' id='word_1_459' title='bbox 1295 3832 1480 3887; x_wconf 84' lang='lat' dir='ltr'><strong>eodem</strong></span> <span class='ocrx_word' id='word_1_460' title='bbox 1512 3839 1826 3900; x_wconf 86' lang='lat' dir='ltr'><strong>argumento</strong></span> 
     </span>
    </p>
   </div>
   <div class='ocr_carea' id='block_1_62' title="bbox 219 3922 1821 3994">
    <p class='ocr_par' dir='ltr' id='par_1_62' title="bbox 219 3922 1821 3994">
     <span class='ocr_line' id='line_1_62' title="bbox 219 3922 1821 3994; baseline -0.003 -14"><span class='ocrx_word' id='word_1_461' title='bbox 219 3926 423 3981; x_wconf 83' lang='lat' dir='ltr'><strong>iterum</strong></span> <span class='ocrx_word' id='word_1_462' title='bbox 446 3926 721 3979; x_wconf 87' lang='lat' dir='ltr'><strong>vobiscum</strong></span> <span class='ocrx_word' id='word_1_463' title='bbox 748 3925 1038 3991; x_wconf 88' lang='lat' dir='ltr'><strong>disserere,</strong></span> <span class='ocrx_word' id='word_1_464' title='bbox 1079 3923 1510 3994; x_wconf 88' lang='lat' dir='ltr'><strong>quandoquidem</strong></span> <span class='ocrx_word' id='word_1_465' title='bbox 1542 3923 1606 3976; x_wconf 91' lang='lat' dir='ltr'><strong>de</strong></span> <span class='ocrx_word' id='word_1_466' title='bbox 1633 3922 1821 3977; x_wconf 88' lang='lat' dir='ltr'><strong>eodem</strong></span> 
     </span>
    </p>
   </div>
   <div class='ocr_carea' id='block_1_63' title="bbox 213 4016 1827 4088">
    <p class='ocr_par' dir='ltr' id='par_1_63' title="bbox 213 4016 1827 4088">
     <span class='ocr_line' id='line_1_63' title="bbox 213 4016 1827 4088; baseline -0.004 -13"><span class='ocrx_word' id='word_1_467' title='bbox 213 4022 386 4075; x_wconf 82' lang='lat' dir='ltr'><strong>etiam</strong></span> <span class='ocrx_word' id='word_1_468' title='bbox 418 4022 534 4088; x_wconf 82' lang='lat' dir='ltr'><strong>ipse</strong></span> <span class='ocrx_word' id='word_1_469' title='bbox 564 4020 757 4074; x_wconf 90' lang='lat' dir='ltr'><strong>Paulus</strong></span> <span class='ocrx_word' id='word_1_470' title='bbox 797 4018 953 4074; x_wconf 87' lang='lat' dir='ltr'><strong>hodie</strong></span> <span class='ocrx_word' id='word_1_471' title='bbox 983 4016 1218 4073; x_wconf 76' lang='lat' dir='ltr'><strong>disserit.</strong></span> <span class='ocrx_word' id='word_1_472' title='bbox 1248 4017 1540 4072; x_wconf 83' lang='lat' dir='ltr'><strong>Audivistis</strong></span> <span class='ocrx_word' id='word_1_473' title='bbox 1589 4016 1729 4071; x_wconf 90' lang='lat' dir='ltr'><strong>enim</strong></span> <span class='ocrx_word' id='word_1_474' title='bbox 1764 4016 1827 4069; x_wconf 88' lang='lat' dir='ltr'><strong>il-</strong></span> 
     </span>
    </p>
   </div>
   <div class='ocr_carea' id='block_1_64' title="bbox 212 4108 1823 4180">
    <p class='ocr_par' dir='ltr' id='par_1_64' title="bbox 212 4108 1823 4180">
     <span class='ocr_line' id='line_1_64' title="bbox 212 4108 1823 4180; baseline -0.001 -15"><span class='ocrx_word' id='word_1_475' title='bbox 212 4112 329 4166; x_wconf 90' lang='lat' dir='ltr'><strong>lum</strong></span> <span class='ocrx_word' id='word_1_476' title='bbox 359 4112 702 4178; x_wconf 87' lang='lat' dir='ltr'><strong>clamantem,</strong></span> <span class='ocrx_word' id='word_1_477' title='bbox 734 4126 797 4166; x_wconf 91' lang='lat' dir='ltr'><strong>ac</strong></span> <span class='ocrx_word' id='word_1_478' title='bbox 816 4111 1123 4166; x_wconf 89' lang='lat' dir='ltr'><strong>dicentem:</strong></span> <span class='ocrx_word' id='word_1_479' title='bbox 1153 4109 1344 4164; x_wconf 76' lang='lat' dir='ltr'><strong>Mulier</strong></span> <span class='ocrx_word' id='word_1_480' title='bbox 1372 4110 1589 4180; x_wconf 84' lang='lat' dir='ltr'><strong>alligata</strong></span> <span class='ocrx_word' id='word_1_481' title='bbox 1616 4117 1687 4162; x_wconf 85' lang='lat' dir='ltr'><strong>est</strong></span> <span class='ocrx_word' id='word_1_482' title='bbox 1724 4108 1823 4179; x_wconf 84' lang='lat' dir='ltr'><strong>legi</strong></span> 
     </span>
    </p>
   </div>
   <div class='ocr_carea' id='block_1_65' title="bbox 210 4200 1818 4273">
    <p class='ocr_par' dir='ltr' id='par_1_65' title="bbox 210 4200 1818 4273">
     <span class='ocr_line' id='line_1_65' title="bbox 210 4200 1818 4273; baseline -0.001 -17"><span class='ocrx_word' id='word_1_483' title='bbox 210 4212 411 4273; x_wconf 87' lang='lat' dir='ltr'><strong>quanto</strong></span> <span class='ocrx_word' id='word_1_484' title='bbox 456 4212 680 4272; x_wconf 84' lang='lat' dir='ltr'><strong>tempore</strong></span> <span class='ocrx_word' id='word_1_485' title='bbox 716 4204 894 4257; x_wconf 71' lang='lat' dir='ltr'><strong>vixerit</strong></span> <span class='ocrx_word' id='word_1_486' title='bbox 921 4203 997 4255; x_wconf 76' lang='lat' dir='ltr'><strong>vir</strong></span> <span class='ocrx_word' id='word_1_487' title='bbox 1024 4203 1164 4255; x_wconf 85' lang='lat' dir='ltr'><strong>illius</strong></span> <span class='ocrx_word' id='word_1_488' title='bbox 1194 4218 1213 4255; x_wconf 90' lang='lat'><strong><em>:</em></strong></span> <span class='ocrx_word' id='word_1_489' title='bbox 1242 4202 1286 4255; x_wconf 89' lang='lat' dir='ltr'><strong>si</strong></span> <span class='ocrx_word' id='word_1_490' title='bbox 1313 4211 1483 4254; x_wconf 89' lang='lat' dir='ltr'><strong>autem</strong></span> <span class='ocrx_word' id='word_1_491' title='bbox 1525 4200 1818 4254; x_wconf 85' lang='lat' dir='ltr'><strong>obdormie—</strong></span> 
     </span>
    </p>
   </div>
   <div class='ocr_carea' id='block_1_66' title="bbox 212 4293 1823 4361">
    <p class='ocr_par' dir='ltr' id='par_1_66' title="bbox 212 4293 1823 4361">
     <span class='ocr_line' id='line_1_66' title="bbox 212 4293 1823 4361; baseline -0.002 -12"><span class='ocrx_word' id='word_1_492' title='bbox 212 4298 287 4350; x_wconf 81' lang='lat' dir='ltr'><strong>rit</strong></span> <span class='ocrx_word' id='word_1_493' title='bbox 320 4297 399 4349; x_wconf 79' lang='lat' dir='ltr'><strong>vir</strong></span> <span class='ocrx_word' id='word_1_494' title='bbox 446 4296 605 4361; x_wconf 81' lang='lat' dir='ltr'><strong>illius,</strong></span> <span class='ocrx_word' id='word_1_495' title='bbox 661 4295 815 4350; x_wconf 84' lang='lat' dir='ltr'><strong>libera</strong></span> <span class='ocrx_word' id='word_1_496' title='bbox 854 4305 927 4351; x_wconf 88' lang='lat' dir='ltr'><strong>est</strong></span> <span class='ocrx_word' id='word_1_497' title='bbox 969 4296 1050 4348; x_wconf 80' lang='lat' dir='ltr'><strong>cui</strong></span> <span class='ocrx_word' id='word_1_498' title='bbox 1078 4294 1288 4349; x_wconf 84' lang='lat' dir='ltr'><strong>voluerit</strong></span> <span class='ocrx_word' id='word_1_499' title='bbox 1317 4294 1516 4359; x_wconf 84' lang='lat' dir='ltr'><strong>nubere,</strong></span> <span class='ocrx_word' id='word_1_500' title='bbox 1549 4302 1744 4347; x_wconf 87' lang='lat' dir='ltr'><strong>tantum</strong></span> <span class='ocrx_word' id='word_1_501' title='bbox 1769 4293 1823 4346; x_wconf 88' lang='lat' dir='ltr'><strong>in</strong></span> 
     </span>
    </p>
   </div>
   <div class='ocr_carea' id='block_1_67' title="bbox 211 4386 1823 4450">
    <p class='ocr_par' dir='ltr' id='par_1_67' title="bbox 211 4386 1823 4450">
     <span class='ocr_line' id='line_1_67' title="bbox 211 4386 1823 4450; baseline -0.001 -9"><span class='ocrx_word' id='word_1_502' title='bbox 211 4386 448 4441; x_wconf 83' lang='lat' dir='ltr'><strong>Domino</strong></span> <span class='ocrx_word' id='word_1_503' title='bbox 474 4403 495 4440; x_wconf 87' lang='lat'><strong><em>:</em></strong></span> <span class='ocrx_word' id='word_1_504' title='bbox 533 4386 726 4441; x_wconf 85' lang='lat' dir='ltr'><strong>beatior</strong></span> <span class='ocrx_word' id='word_1_505' title='bbox 763 4397 930 4442; x_wconf 83' lang='lat' dir='ltr'><strong>autem</strong></span> <span class='ocrx_word' id='word_1_506' title='bbox 959 4396 1030 4441; x_wconf 89' lang='lat' dir='ltr'><strong>est</strong></span> <span class='ocrx_word' id='word_1_507' title='bbox 1064 4387 1109 4440; x_wconf 90' lang='lat' dir='ltr'><strong>si</strong></span> <span class='ocrx_word' id='word_1_508' title='bbox 1153 4386 1226 4440; x_wconf 89' lang='lat' dir='ltr'><strong>sic</strong></span> <span class='ocrx_word' id='word_1_509' title='bbox 1253 4386 1511 4450; x_wconf 86' lang='lat' dir='ltr'><strong>manserit,</strong></span> <span class='ocrx_word' id='word_1_510' title='bbox 1546 4386 1823 4439; x_wconf 85' lang='lat' dir='ltr'><strong>secundum</strong></span> 
     </span>
    </p>
   </div>
   <div class='ocr_carea' id='block_1_68' title="bbox 208 4476 1821 4547">
    <p class='ocr_par' dir='ltr' id='par_1_68' title="bbox 208 4476 1821 4547">
     <span class='ocr_line' id='line_1_68' title="bbox 208 4476 1821 4547; baseline 0.001 -18"><span class='ocrx_word' id='word_1_511' title='bbox 208 4493 388 4531; x_wconf 80' lang='lat' dir='ltr'><strong>meum</strong></span> <span class='ocrx_word' id='word_1_512' title='bbox 416 4478 685 4530; x_wconf 86' lang='lat' dir='ltr'><strong>consilium</strong></span> <span class='ocrx_word' id='word_1_513' title='bbox 716 4493 735 4530; x_wconf 88' lang='lat'><strong><em>:</em></strong></span> <span class='ocrx_word' id='word_1_514' title='bbox 756 4479 942 4546; x_wconf 88' lang='lat' dir='ltr'><strong>opinor</strong></span> <span class='ocrx_word' id='word_1_515' title='bbox 976 4487 1143 4531; x_wconf 88' lang='lat' dir='ltr'><strong>autem</strong></span> <span class='ocrx_word' id='word_1_516' title='bbox 1191 4477 1327 4547; x_wconf 86' lang='lat' dir='ltr'><strong>quod</strong></span> <span class='ocrx_word' id='word_1_517' title='bbox 1370 4486 1415 4530; x_wconf 85' lang='lat' dir='ltr'><strong>et</strong></span> <span class='ocrx_word' id='word_1_518' title='bbox 1453 4493 1542 4547; x_wconf 85' lang='lat' dir='ltr'><strong>ego</strong></span> <span class='ocrx_word' id='word_1_519' title='bbox 1569 4476 1821 4546; x_wconf 85' lang='lat' dir='ltr'><strong>Spiritum</strong></span> 
     </span>
    </p>
   </div>
   <div class='ocr_carea' id='block_1_69' title="bbox 211 4566 1824 4639">
    <p class='ocr_par' dir='ltr' id='par_1_69' title="bbox 211 4566 1824 4639">
     <span class='ocr_line' id='line_1_69' title="bbox 211 4566 1824 4639; baseline -0.001 -18"><span class='ocrx_word' id='word_1_520' title='bbox 211 4566 317 4621; x_wconf 83' lang='lat' dir='ltr'><strong>Dei</strong></span> <span class='ocrx_word' id='word_1_521' title='bbox 374 4568 606 4621; x_wconf 84' lang='lat' dir='ltr'><strong>habeam.</strong></span> <span class='ocrx_word' id='word_1_522' title='bbox 667 4567 852 4639; x_wconf 83' lang='lat' dir='ltr'><strong>(Ibid.</strong></span> <span class='ocrx_word' id='word_1_523' title='bbox 895 4582 946 4621; x_wconf 83' lang='grc' dir='ltr'><strong>υ.</strong></span> <span class='ocrx_word' id='word_1_524' title='bbox 997 4566 1183 4622; x_wconf 73' lang='grc'><strong>59.40</strong></span> <span class='ocrx_word' id='word_1_525' title='bbox 1214 4569 1252 4637; x_wconf 95' lang='grc'><strong>).</strong></span> <span class='ocrx_word' id='word_1_526' title='bbox 1309 4567 1608 4636; x_wconf 86' lang='lat' dir='ltr'><strong>Sequamur</strong></span> <span class='ocrx_word' id='word_1_527' title='bbox 1664 4567 1824 4637; x_wconf 81' lang='lat' dir='ltr'><strong>igitur</strong></span> 
     </span>
    </p>
   </div>
   <div class='ocr_carea' id='block_1_70' title="bbox 212 4657 1825 4728">
    <p class='ocr_par' dir='ltr' id='par_1_70' title="bbox 212 4657 1825 4728">
     <span class='ocr_line' id='line_1_70' title="bbox 212 4657 1825 4728; baseline 0.001 -17"><span class='ocrx_word' id='word_1_528' title='bbox 212 4657 375 4711; x_wconf 89' lang='lat' dir='ltr'><strong>illum</strong></span> <span class='ocrx_word' id='word_1_529' title='bbox 393 4666 449 4711; x_wconf 92' lang='lat' dir='ltr'><strong>et</strong></span> <span class='ocrx_word' id='word_1_530' title='bbox 465 4657 640 4723; x_wconf 91' lang='lat' dir='ltr'><strong>hodie,</strong></span> <span class='ocrx_word' id='word_1_531' title='bbox 663 4667 716 4713; x_wconf 88' lang='lat' dir='ltr'><strong>et</strong></span> <span class='ocrx_word' id='word_1_532' title='bbox 735 4659 802 4713; x_wconf 90' lang='lat' dir='ltr'><strong>de</strong></span> <span class='ocrx_word' id='word_1_533' title='bbox 825 4660 922 4713; x_wconf 89' lang='lat' dir='ltr'><strong>hac</strong></span> <span class='ocrx_word' id='word_1_534' title='bbox 938 4659 1309 4728; x_wconf 89' lang='lat' dir='ltr'><strong>colloquamnr</strong></span> <span class='ocrx_word' id='word_1_535' title='bbox 1325 4660 1572 4712; x_wconf 87' lang='lat' dir='ltr'><strong>materia:</strong></span> <span class='ocrx_word' id='word_1_536' title='bbox 1594 4675 1825 4728; x_wconf 88' lang='lat' dir='ltr'><strong>sequen-</strong></span> 
     </span>
    </p>
   </div>
   <div class='ocr_carea' id='block_1_71' title="bbox 210 4747 1820 4821">
    <p class='ocr_par' dir='ltr' id='par_1_71' title="bbox 210 4747 1820 4821">
     <span class='ocr_line' id='line_1_71' title="bbox 210 4747 1820 4821; baseline -0.001 -16"><span class='ocrx_word' id='word_1_537' title='bbox 210 4759 302 4805; x_wconf 76' lang='lat' dir='ltr'><strong>tes</strong></span> <span class='ocrx_word' id='word_1_538' title='bbox 328 4749 475 4804; x_wconf 88' lang='lat' dir='ltr'><strong>enim</strong></span> <span class='ocrx_word' id='word_1_539' title='bbox 499 4750 741 4815; x_wconf 89' lang='lat' dir='ltr'><strong>Paulum,</strong></span> <span class='ocrx_word' id='word_1_540' title='bbox 775 4765 871 4821; x_wconf 89' lang='lat' dir='ltr'><strong>per</strong></span> <span class='ocrx_word' id='word_1_541' title='bbox 889 4766 1011 4805; x_wconf 90' lang='lat' dir='ltr'><strong>eum</strong></span> <span class='ocrx_word' id='word_1_542' title='bbox 1035 4761 1090 4804; x_wconf 89' lang='lat' dir='ltr'><strong>et</strong></span> <span class='ocrx_word' id='word_1_543' title='bbox 1116 4747 1387 4804; x_wconf 89' lang='lat' dir='ltr'><strong>Christum</strong></span> <span class='ocrx_word' id='word_1_544' title='bbox 1419 4750 1591 4818; x_wconf 91' lang='lat' dir='ltr'><strong>ipsum</strong></span> <span class='ocrx_word' id='word_1_545' title='bbox 1628 4765 1820 4819; x_wconf 84' lang='lat' dir='ltr'><strong>seque-</strong></span> 
     </span>
    </p>
   </div>
   <div class='ocr_carea' id='block_1_72' title="bbox 212 4840 1823 4912">
    <p class='ocr_par' dir='ltr' id='par_1_72' title="bbox 212 4840 1823 4912">
     <span class='ocr_line' id='line_1_72' title="bbox 212 4840 1823 4912; baseline -0.001 -15"><span class='ocrx_word' id='word_1_546' title='bbox 212 4859 367 4905; x_wconf 82' lang='lat' dir='ltr'><strong>mur,</strong></span> <span class='ocrx_word' id='word_1_547' title='bbox 399 4858 466 4896; x_wconf 84' lang='lat' dir='ltr'><strong>eo</strong></span> <span class='ocrx_word' id='word_1_548' title='bbox 486 4842 627 4912; x_wconf 91' lang='lat' dir='ltr'><strong>quod</strong></span> <span class='ocrx_word' id='word_1_549' title='bbox 666 4843 758 4898; x_wconf 87' lang='lat' dir='ltr'><strong>ille</strong></span> <span class='ocrx_word' id='word_1_550' title='bbox 787 4858 892 4897; x_wconf 90' lang='lat' dir='ltr'><strong>non</strong></span> <span class='ocrx_word' id='word_1_551' title='bbox 923 4844 1288 4910; x_wconf 90' lang='lat' dir='ltr'><strong>semetipsum,</strong></span> <span class='ocrx_word' id='word_1_552' title='bbox 1320 4841 1413 4896; x_wconf 88' lang='lat' dir='ltr'><strong>sed</strong></span> <span class='ocrx_word' id='word_1_553' title='bbox 1434 4840 1706 4896; x_wconf 90' lang='lat' dir='ltr'><strong>Christum</strong></span> <span class='ocrx_word' id='word_1_554' title='bbox 1727 4856 1823 4911; x_wconf 91' lang='lat' dir='ltr'><strong>per</strong></span> 
     </span>
    </p>
   </div>
   <div class='ocr_carea' id='block_1_73' title="bbox 212 4934 1821 5003">
    <p class='ocr_par' dir='ltr' id='par_1_73' title="bbox 212 4934 1821 5003">
     <span class='ocr_line' id='line_1_73' title="bbox 212 4934 1821 5003; baseline 0.001 -16"><span class='ocrx_word' id='word_1_555' title='bbox 212 4934 405 4988; x_wconf 84' lang='lat' dir='ltr'><strong>omnia</strong></span> <span class='ocrx_word' id='word_1_556' title='bbox 430 4948 662 5003; x_wconf 85' lang='lat' dir='ltr'><strong>sequens</strong></span> <span class='ocrx_word' id='word_1_557' title='bbox 710 4935 942 5003; x_wconf 89' lang='lat' dir='ltr'><strong>scripsit.</strong></span> <span class='ocrx_word' id='word_1_558' title='bbox 1001 4935 1288 4989; x_wconf 85' lang='lat' dir='ltr'><strong>Enimvero</strong></span> <span class='ocrx_word' id='word_1_559' title='bbox 1343 4950 1450 4988; x_wconf 90' lang='lat' dir='ltr'><strong>non</strong></span> <span class='ocrx_word' id='word_1_560' title='bbox 1478 4934 1821 5003; x_wconf 83' lang='lat' dir='ltr'><strong>estvulgaris</strong></span> 
     </span>
    </p>
   </div>
   <div class='ocr_carea' id='block_1_74' title="bbox 210 5025 1818 5095">
    <p class='ocr_par' dir='ltr' id='par_1_74' title="bbox 210 5025 1818 5095">
     <span class='ocr_line' id='line_1_74' title="bbox 210 5025 1818 5095; baseline -0.001 -15"><span class='ocrx_word' id='word_1_561' title='bbox 210 5041 331 5092; x_wconf 82' lang='lat' dir='ltr'><strong>res,</strong></span> <span class='ocrx_word' id='word_1_562' title='bbox 365 5025 678 5095; x_wconf 87' lang='lat' dir='ltr'><strong>conjugium</strong></span> <span class='ocrx_word' id='word_1_563' title='bbox 696 5026 833 5083; x_wconf 78' lang='lat' dir='ltr'><strong>bene</strong></span> <span class='ocrx_word' id='word_1_564' title='bbox 860 5027 1207 5080; x_wconf 87' lang='lat' dir='ltr'><strong>constitutum</strong></span> <span class='ocrx_word' id='word_1_565' title='bbox 1242 5043 1254 5076; x_wconf 91' lang='lat'><strong>:</strong></span> <span class='ocrx_word' id='word_1_566' title='bbox 1291 5026 1429 5080; x_wconf 89' lang='lat' dir='ltr'><strong>sicut</strong></span> <span class='ocrx_word' id='word_1_567' title='bbox 1449 5027 1609 5080; x_wconf 90' lang='lat' dir='ltr'><strong>etiam</strong></span> <span class='ocrx_word' id='word_1_568' title='bbox 1642 5026 1705 5080; x_wconf 90' lang='lat' dir='ltr'><strong>iis</strong></span> <span class='ocrx_word' id='word_1_569' title='bbox 1730 5027 1818 5095; x_wconf 89' lang='lat' dir='ltr'><strong>qui</strong></span> 
     </span>
    </p>
   </div>
   <div class='ocr_carea' id='block_1_75' title="bbox 207 5118 1820 5186">
    <p class='ocr_par' dir='ltr' id='par_1_75' title="bbox 207 5118 1820 5186">
     <span class='ocr_line' id='line_1_75' title="bbox 207 5118 1820 5186; baseline 0 -13"><span class='ocrx_word' id='word_1_570' title='bbox 207 5118 328 5185; x_wconf 67' lang='lat' dir='ltr'><strong>illo,</strong></span> <span class='ocrx_word' id='word_1_571' title='bbox 389 5132 498 5171; x_wconf 92' lang='lat' dir='ltr'><strong>non</strong></span> <span class='ocrx_word' id='word_1_572' title='bbox 555 5126 613 5171; x_wconf 89' lang='lat' dir='ltr'><strong>ut</strong></span> <span class='ocrx_word' id='word_1_573' title='bbox 664 5128 894 5186; x_wconf 84' lang='lat' dir='ltr'><strong>Oportet,</strong></span> <span class='ocrx_word' id='word_1_574' title='bbox 951 5127 1173 5173; x_wconf 91' lang='lat' dir='ltr'><strong>utuntur</strong></span> <span class='ocrx_word' id='word_1_575' title='bbox 1212 5160 1227 5185; x_wconf 92' lang='lat'><strong>,</strong></span> <span class='ocrx_word' id='word_1_576' title='bbox 1270 5121 1676 5174; x_wconf 89' lang='lat' dir='ltr'><strong>innumerorum</strong></span> <span class='ocrx_word' id='word_1_577' title='bbox 1707 5134 1820 5173; x_wconf 86' lang='lat' dir='ltr'><strong>ma-</strong></span> 
     </span>
    </p>
   </div>
   <div class='ocr_carea' id='block_1_76' title="bbox 210 5213 1818 5284">
    <p class='ocr_par' dir='ltr' id='par_1_76' title="bbox 210 5213 1818 5284">
     <span class='ocr_line' id='line_1_76' title="bbox 210 5213 1818 5284; baseline 0.001 -18"><span class='ocrx_word' id='word_1_578' title='bbox 210 5213 397 5268; x_wconf 86' lang='lat' dir='ltr'><strong>lorum</strong></span> <span class='ocrx_word' id='word_1_579' title='bbox 429 5213 490 5266; x_wconf 85' lang='lat' dir='ltr'><strong>fit</strong></span> <span class='ocrx_word' id='word_1_580' title='bbox 527 5215 773 5268; x_wconf 88' lang='lat' dir='ltr'><strong>materia.</strong></span> <span class='ocrx_word' id='word_1_581' title='bbox 804 5213 940 5268; x_wconf 88' lang='lat' dir='ltr'><strong>Nam</strong></span> <span class='ocrx_word' id='word_1_582' title='bbox 975 5214 1114 5269; x_wconf 90' lang='lat' dir='ltr'><strong>sicut</strong></span> <span class='ocrx_word' id='word_1_583' title='bbox 1141 5213 1332 5269; x_wconf 91' lang='lat' dir='ltr'><strong>mulier</strong></span> <span class='ocrx_word' id='word_1_584' title='bbox 1357 5214 1587 5284; x_wconf 82' lang='lat' dir='ltr'><strong>adjutrix</strong></span> <span class='ocrx_word' id='word_1_585' title='bbox 1613 5224 1716 5281; x_wconf 89' lang='lat' dir='ltr'><strong>est,</strong></span> <span class='ocrx_word' id='word_1_586' title='bbox 1746 5213 1818 5268; x_wconf 90' lang='lat' dir='ltr'><strong>ita</strong></span> 
     </span>
    </p>
   </div>
   <div class='ocr_carea' id='block_1_77' title="bbox 209 5307 1819 5378">
    <p class='ocr_par' dir='ltr' id='par_1_77' title="bbox 209 5307 1819 5378">
     <span class='ocr_line' id='line_1_77' title="bbox 209 5307 1819 5378; baseline 0.001 -18"><span class='ocrx_word' id='word_1_587' title='bbox 209 5320 369 5376; x_wconf 60' lang='grc' dir='ltr'>δεῖρε</span> <span class='ocrx_word' id='word_1_588' title='bbox 390 5318 445 5361; x_wconf 92' lang='lat' dir='ltr'><strong>et</strong></span> <span class='ocrx_word' id='word_1_589' title='bbox 470 5307 791 5362; x_wconf 84' lang='lat' dir='ltr'><strong>insidiatrix.</strong></span> <span class='ocrx_word' id='word_1_590' title='bbox 823 5309 892 5362; x_wconf 89' lang='lat' dir='ltr'><strong>Et</strong></span> <span class='ocrx_word' id='word_1_591' title='bbox 916 5308 1052 5362; x_wconf 89' lang='lat' dir='ltr'><strong>sicut</strong></span> <span class='ocrx_word' id='word_1_592' title='bbox 1079 5317 1262 5378; x_wconf 92' lang='lat' dir='ltr'><strong>portus</strong></span> <span class='ocrx_word' id='word_1_593' title='bbox 1288 5316 1372 5363; x_wconf 90' lang='lat' dir='ltr'><strong>est</strong></span> <span class='ocrx_word' id='word_1_594' title='bbox 1398 5308 1721 5378; x_wconf 87' lang='lat' dir='ltr'><strong>conjugium,</strong></span> <span class='ocrx_word' id='word_1_595' title='bbox 1748 5307 1819 5362; x_wconf 88' lang='lat' dir='ltr'><strong>ita</strong></span> 
     </span>
    </p>
   </div>
   <div class='ocr_carea' id='block_1_78' title="bbox 208 5399 1819 5468">
    <p class='ocr_par' dir='ltr' id='par_1_78' title="bbox 208 5399 1819 5468">
     <span class='ocr_line' id='line_1_78' title="bbox 208 5399 1819 5468; baseline -0.001 -15"><span class='ocrx_word' id='word_1_596' title='bbox 208 5405 272 5453; x_wconf 82' lang='lat' dir='ltr'><strong>et</strong></span> <span class='ocrx_word' id='word_1_597' title='bbox 301 5412 451 5467; x_wconf 57' lang='lat' dir='ltr'><strong>saepe</strong></span> <span class='ocrx_word' id='word_1_598' title='bbox 472 5399 801 5467; x_wconf 88' lang='lat' dir='ltr'><strong>naufragium</strong></span> <span class='ocrx_word' id='word_1_599' title='bbox 829 5400 966 5468; x_wconf 90' lang='lat' dir='ltr'><strong>parit</strong></span> <span class='ocrx_word' id='word_1_600' title='bbox 1000 5417 1013 5452; x_wconf 93' lang='lat'>:</span> <span class='ocrx_word' id='word_1_601' title='bbox 1038 5414 1143 5453; x_wconf 92' lang='lat' dir='ltr'><strong>non</strong></span> <span class='ocrx_word' id='word_1_602' title='bbox 1171 5407 1358 5454; x_wconf 89' lang='lat' dir='ltr'><strong>natura</strong></span> <span class='ocrx_word' id='word_1_603' title='bbox 1384 5414 1502 5463; x_wconf 89' lang='lat' dir='ltr'><strong>sua,</strong></span> <span class='ocrx_word' id='word_1_604' title='bbox 1529 5400 1621 5454; x_wconf 91' lang='lat' dir='ltr'><strong>sed</strong></span> <span class='ocrx_word' id='word_1_605' title='bbox 1640 5399 1819 5452; x_wconf 86' lang='lat' dir='ltr'><strong>animo</strong></span> 
     </span>
    </p>
   </div>
   <div class='ocr_carea' id='block_1_79' title="bbox 206 5490 1817 5561">
    <p class='ocr_par' dir='ltr' id='par_1_79' title="bbox 206 5490 1817 5561">
     <span class='ocr_line' id='line_1_79' title="bbox 206 5490 1817 5561; baseline -0.002 -16"><span class='ocrx_word' id='word_1_606' title='bbox 206 5505 435 5554; x_wconf 78' lang='lat' dir='ltr'><strong>eorum,</strong></span> <span class='ocrx_word' id='word_1_607' title='bbox 463 5490 554 5559; x_wconf 89' lang='lat' dir='ltr'><strong>qui</strong></span> <span class='ocrx_word' id='word_1_608' title='bbox 596 5491 685 5545; x_wconf 93' lang='lat' dir='ltr'><strong>illo</strong></span> <span class='ocrx_word' id='word_1_609' title='bbox 720 5493 859 5545; x_wconf 91' lang='lat' dir='ltr'><strong>male</strong></span> <span class='ocrx_word' id='word_1_610' title='bbox 907 5500 1145 5545; x_wconf 90' lang='lat' dir='ltr'><strong>utuntur.</strong></span> <span class='ocrx_word' id='word_1_611' title='bbox 1179 5492 1388 5546; x_wconf 83' lang='lat' dir='ltr'><strong>Etenim</strong></span> <span class='ocrx_word' id='word_1_612' title='bbox 1410 5491 1499 5561; x_wconf 91' lang='lat' dir='ltr'><strong>qui</strong></span> <span class='ocrx_word' id='word_1_613' title='bbox 1526 5490 1817 5546; x_wconf 90' lang='lat' dir='ltr'><strong>secundum</strong></span> 
     </span>
    </p>
   </div>
   <div class='ocr_carea' id='block_1_80' title="bbox 207 5581 1817 5650">
    <p class='ocr_par' dir='ltr' id='par_1_80' title="bbox 207 5581 1817 5650">
     <span class='ocr_line' id='line_1_80' title="bbox 207 5581 1817 5650; baseline 0 -16"><span class='ocrx_word' id='word_1_614' title='bbox 207 5596 492 5650; x_wconf 81' lang='lat' dir='ltr'><strong>congruas</strong></span> <span class='ocrx_word' id='word_1_615' title='bbox 533 5581 680 5650; x_wconf 85' lang='lat' dir='ltr'><strong>leges</strong></span> <span class='ocrx_word' id='word_1_616' title='bbox 731 5582 858 5636; x_wconf 91' lang='lat' dir='ltr'><strong>illud</strong></span> <span class='ocrx_word' id='word_1_617' title='bbox 914 5583 1184 5648; x_wconf 86' lang='lat' dir='ltr'><strong>observat,</strong></span> <span class='ocrx_word' id='word_1_618' title='bbox 1234 5583 1449 5636; x_wconf 91' lang='lat' dir='ltr'><strong>domum</strong></span> <span class='ocrx_word' id='word_1_619' title='bbox 1500 5590 1555 5636; x_wconf 90' lang='lat' dir='ltr'><strong>et</strong></span> <span class='ocrx_word' id='word_1_620' title='bbox 1597 5596 1817 5636; x_wconf 79' lang='lat' dir='ltr'><strong>uxorem</strong></span> 
     </span>
    </p>
   </div>
   <div class='ocr_carea' id='block_1_81' title="bbox 210 5673 1816 5745">
    <p class='ocr_par' dir='ltr' id='par_1_81' title="bbox 210 5673 1816 5745">
     <span class='ocr_line' id='line_1_81' title="bbox 210 5673 1816 5745; baseline 0.001 -16"><span class='ocrx_word' id='word_1_621' title='bbox 210 5688 405 5737; x_wconf 74' lang='lat' dir='ltr'><strong>suam,</strong></span> <span class='ocrx_word' id='word_1_622' title='bbox 457 5682 516 5727; x_wconf 91' lang='lat' dir='ltr'><strong>ut</strong></span> <span class='ocrx_word' id='word_1_623' title='bbox 543 5674 805 5728; x_wconf 86' lang='lat' dir='ltr'><strong>malorum</strong></span> <span class='ocrx_word' id='word_1_624' title='bbox 837 5676 1072 5730; x_wconf 92' lang='lat' dir='ltr'><strong>omnium</strong></span> <span class='ocrx_word' id='word_1_625' title='bbox 1096 5690 1215 5745; x_wconf 65' lang='lat' dir='ltr'><strong>qua:</strong></span> <span class='ocrx_word' id='word_1_626' title='bbox 1239 5676 1321 5729; x_wconf 89' lang='lat' dir='ltr'><strong>vel</strong></span> <span class='ocrx_word' id='word_1_627' title='bbox 1372 5675 1426 5730; x_wconf 90' lang='lat' dir='ltr'><strong>in</strong></span> <span class='ocrx_word' id='word_1_628' title='bbox 1452 5673 1588 5743; x_wconf 87' lang='lat' dir='ltr'><strong>foro,</strong></span> <span class='ocrx_word' id='word_1_629' title='bbox 1612 5675 1696 5731; x_wconf 89' lang='lat' dir='ltr'><strong>vel</strong></span> <span class='ocrx_word' id='word_1_630' title='bbox 1719 5674 1816 5731; x_wconf 87' lang='lat' dir='ltr'><strong>ali-</strong></span> 
     </span>
    </p>
   </div>
   <div class='ocr_carea' id='block_1_82' title="bbox 280 5783 1496 5846">
    <p class='ocr_par' dir='ltr' id='par_1_82' title="bbox 280 5783 1496 5846">
     <span class='ocr_line' id='line_1_82' title="bbox 280 5783 1496 5846; baseline 0.003 -12"><span class='ocrx_word' id='word_1_631' title='bbox 280 5785 363 5846; x_wconf 89' lang='lat' dir='ltr'><strong>(a)</strong></span> <span class='ocrx_word' id='word_1_632' title='bbox 385 5783 566 5836; x_wconf 84' lang='lat' dir='ltr'><strong>Collata</strong></span> <span class='ocrx_word' id='word_1_633' title='bbox 589 5800 699 5837; x_wconf 88' lang='lat' dir='ltr'><strong>cum</strong></span> <span class='ocrx_word' id='word_1_634' title='bbox 722 5794 830 5837; x_wconf 73' lang='lat' dir='ltr'><strong>Mss.</strong></span> <span class='ocrx_word' id='word_1_635' title='bbox 854 5787 1145 5839; x_wconf 87' lang='lat' dir='ltr'><strong>Colbertinis</strong></span> <span class='ocrx_word' id='word_1_636' title='bbox 1164 5788 1258 5839; x_wconf 88' lang='lat'><strong>970</strong></span> <span class='ocrx_word' id='word_1_637' title='bbox 1283 5793 1336 5839; x_wconf 90' lang='lat' dir='ltr'><strong>et</strong></span> <span class='ocrx_word' id='word_1_638' title='bbox 1362 5786 1496 5840; x_wconf 82' lang='grc'><strong>1050.</strong></span> 
     </span>
    </p>
   </div>
   <div class='ocr_carea' id='block_1_83' title="bbox 1941 3156 3529 3258">
    <p class='ocr_par' dir='ltr' id='par_1_83' title="bbox 1941 3185 3529 3258">
     <span class='ocr_line' id='line_1_83' title="bbox 1941 3185 3529 3258; baseline 0 -17"><span class='ocrx_word' id='word_1_639' title='bbox 1941 3186 2062 3241; x_wconf 87' lang='lat' dir='ltr'><strong>cubi</strong></span> <span class='ocrx_word' id='word_1_640' title='bbox 2085 3185 2394 3250; x_wconf 87' lang='lat' dir='ltr'><strong>obveniunt,</strong></span> <span class='ocrx_word' id='word_1_641' title='bbox 2415 3186 2819 3242; x_wconf 88' lang='lat' dir='ltr'><strong>consolatrieem</strong></span> <span class='ocrx_word' id='word_1_642' title='bbox 2844 3203 2904 3241; x_wconf 91' lang='lat' dir='ltr'><strong>ac</strong></span> <span class='ocrx_word' id='word_1_643' title='bbox 2922 3188 3275 3243; x_wconf 86' lang='lat' dir='ltr'><strong>liberatriccm</strong></span> <span class='ocrx_word' id='word_1_644' title='bbox 3298 3190 3529 3258; x_wconf 88' lang='lat' dir='ltr'><strong>reperit;</strong></span> 
     </span>
    </p>
   </div>
   <div class='ocr_carea' id='block_1_84' title="bbox 1937 3280 3525 3352">
    <p class='ocr_par' dir='ltr' id='par_1_84' title="bbox 1937 3280 3525 3352">
     <span class='ocr_line' id='line_1_84' title="bbox 1937 3280 3525 3352; baseline 0.003 -19"><span class='ocrx_word' id='word_1_645' title='bbox 1937 3280 2025 3349; x_wconf 91' lang='lat' dir='ltr'><strong>qui</strong></span> <span class='ocrx_word' id='word_1_646' title='bbox 2067 3288 2244 3335; x_wconf 90' lang='lat' dir='ltr'><strong>autem</strong></span> <span class='ocrx_word' id='word_1_647' title='bbox 2276 3291 2475 3335; x_wconf 87' lang='lat' dir='ltr'><strong>temere</strong></span> <span class='ocrx_word' id='word_1_648' title='bbox 2503 3292 2555 3335; x_wconf 87' lang='lat' dir='ltr'><strong>et</strong></span> <span class='ocrx_word' id='word_1_649' title='bbox 2584 3282 2873 3351; x_wconf 83' lang='lat' dir='ltr'><strong>vulgaritcr</strong></span> <span class='ocrx_word' id='word_1_650' title='bbox 2904 3281 3040 3336; x_wconf 84' lang='lat' dir='ltr'><strong>hanc</strong></span> <span class='ocrx_word' id='word_1_651' title='bbox 3066 3299 3177 3335; x_wconf 87' lang='lat' dir='ltr'><strong>rem</strong></span> <span class='ocrx_word' id='word_1_652' title='bbox 3204 3284 3525 3352; x_wconf 81' lang='lat' dir='ltr'><strong>aggreditur,</strong></span> 
     </span>
    </p>
   </div>
   <div class='ocr_carea' id='block_1_85' title="bbox 1937 3371 3525 3441">
    <p class='ocr_par' dir='ltr' id='par_1_85' title="bbox 1937 3371 3525 3441">
     <span class='ocr_line' id='line_1_85' title="bbox 1937 3371 3525 3441; baseline 0.002 -16"><span class='ocrx_word' id='word_1_653' title='bbox 1937 3371 2149 3425; x_wconf 88' lang='lat' dir='ltr'><strong>etiamsi</strong></span> <span class='ocrx_word' id='word_1_654' title='bbox 2188 3372 2422 3426; x_wconf 88' lang='lat' dir='ltr'><strong>multain</strong></span> <span class='ocrx_word' id='word_1_655' title='bbox 2456 3373 2571 3426; x_wconf 82' lang='lat' dir='ltr'><strong>foro</strong></span> <span class='ocrx_word' id='word_1_656' title='bbox 2616 3383 2669 3426; x_wconf 88' lang='lat' dir='ltr'><strong>et</strong></span> <span class='ocrx_word' id='word_1_657' title='bbox 2699 3372 2823 3426; x_wconf 85' lang='lat' dir='ltr'><strong>alibi</strong></span> <span class='ocrx_word' id='word_1_658' title='bbox 2877 3375 3255 3441; x_wconf 88' lang='lat' dir='ltr'><strong>tranquillitate</strong></span> <span class='ocrx_word' id='word_1_659' title='bbox 3286 3374 3525 3439; x_wconf 78' lang='lat' dir='ltr'><strong>fruatur,</strong></span> 
     </span>
    </p>
   </div>
   <div class='ocr_carea' id='block_1_86' title="bbox 1939 3463 3527 3535">
    <p class='ocr_par' dir='ltr' id='par_1_86' title="bbox 1939 3463 3527 3535">
     <span class='ocr_line' id='line_1_86' title="bbox 1939 3463 3527 3535; baseline 0.003 -19"><span class='ocrx_word' id='word_1_660' title='bbox 1939 3464 2211 3531; x_wconf 87' lang='lat' dir='ltr'><strong>ingressus</strong></span> <span class='ocrx_word' id='word_1_661' title='bbox 2237 3463 2475 3525; x_wconf 86' lang='lat' dir='ltr'><strong>domum,</strong></span> <span class='ocrx_word' id='word_1_662' title='bbox 2509 3465 2756 3533; x_wconf 90' lang='lat' dir='ltr'><strong>scopulos</strong></span> <span class='ocrx_word' id='word_1_663' title='bbox 2784 3472 2839 3519; x_wconf 89' lang='lat' dir='ltr'><strong>et</strong></span> <span class='ocrx_word' id='word_1_664' title='bbox 2868 3474 3049 3534; x_wconf 88' lang='lat' dir='ltr'><strong>petras</strong></span> <span class='ocrx_word' id='word_1_665' title='bbox 3094 3466 3313 3520; x_wconf 78' lang='lat' dir='ltr'><strong>videbit.</strong></span> <span class='ocrx_word' id='word_1_666' title='bbox 3345 3466 3527 3535; x_wconf 90' lang='lat' dir='ltr'><strong>Itaque</strong></span> 
     </span>
    </p>
   </div>
   <div class='ocr_carea' id='block_1_87' title="bbox 1935 3554 3532 3627">
    <p class='ocr_par' dir='ltr' id='par_1_87' title="bbox 1935 3554 3532 3627">
     <span class='ocr_line' id='line_1_87' title="bbox 1935 3554 3532 3627; baseline 0.003 -20"><span class='ocrx_word' id='word_1_667' title='bbox 1935 3554 2185 3624; x_wconf 89' lang='lat' dir='ltr'><strong>quoniam</strong></span> <span class='ocrx_word' id='word_1_668' title='bbox 2215 3570 2321 3609; x_wconf 91' lang='lat' dir='ltr'><strong>non</strong></span> <span class='ocrx_word' id='word_1_669' title='bbox 2352 3555 2421 3610; x_wconf 90' lang='lat' dir='ltr'><strong>de</strong></span> <span class='ocrx_word' id='word_1_670' title='bbox 2449 3555 2611 3610; x_wconf 89' lang='lat' dir='ltr'><strong>rebus</strong></span> <span class='ocrx_word' id='word_1_671' title='bbox 2654 3557 2962 3627; x_wconf 83' lang='lat' dir='ltr'><strong>vulgaribus</strong></span> <span class='ocrx_word' id='word_1_672' title='bbox 2993 3557 3146 3613; x_wconf 88' lang='lat' dir='ltr'><strong>nobis</strong></span> <span class='ocrx_word' id='word_1_673' title='bbox 3197 3566 3280 3613; x_wconf 90' lang='lat' dir='ltr'><strong>est</strong></span> <span class='ocrx_word' id='word_1_674' title='bbox 3319 3560 3532 3627; x_wconf 85' lang='lat' dir='ltr'><strong>pericu-</strong></span> 
     </span>
    </p>
   </div>
   <div class='ocr_carea' id='block_1_88' title="bbox 1936 3649 3531 3721">
    <p class='ocr_par' dir='ltr' id='par_1_88' title="bbox 1936 3649 3531 3721">
     <span class='ocr_line' id='line_1_88' title="bbox 1936 3649 3531 3721; baseline 0.003 -20"><span class='ocrx_word' id='word_1_675' title='bbox 1936 3649 2066 3715; x_wconf 91' lang='lat' dir='ltr'><strong>lum,</strong></span> <span class='ocrx_word' id='word_1_676' title='bbox 2094 3664 2271 3719; x_wconf 84' lang='lat' dir='ltr'><strong>operae</strong></span> <span class='ocrx_word' id='word_1_677' title='bbox 2319 3651 2548 3719; x_wconf 90' lang='lat' dir='ltr'><strong>pretium</strong></span> <span class='ocrx_word' id='word_1_678' title='bbox 2596 3649 2758 3705; x_wconf 91' lang='lat' dir='ltr'><strong>fuerit</strong></span> <span class='ocrx_word' id='word_1_679' title='bbox 2802 3666 2925 3706; x_wconf 91' lang='lat' dir='ltr'><strong>cum</strong></span> <span class='ocrx_word' id='word_1_680' title='bbox 2962 3651 3237 3721; x_wconf 80' lang='lat' dir='ltr'><strong>diligentia</strong></span> <span class='ocrx_word' id='word_1_681' title='bbox 3267 3650 3424 3705; x_wconf 87' lang='lat' dir='ltr'><strong>dictis</strong></span> <span class='ocrx_word' id='word_1_682' title='bbox 3451 3662 3531 3705; x_wconf 92' lang='lat' dir='ltr'><strong>at-</strong></span> 
     </span>
    </p>
   </div>
   <div class='ocr_carea' id='block_1_89' title="bbox 1938 3741 3525 3813">
    <p class='ocr_par' dir='ltr' id='par_1_89' title="bbox 1938 3741 3525 3813">
     <span class='ocr_line' id='line_1_89' title="bbox 1938 3741 3525 3813; baseline 0.002 -19"><span class='ocrx_word' id='word_1_683' title='bbox 1938 3741 2177 3806; x_wconf 88' lang='lat' dir='ltr'><strong>tendere,</strong></span> <span class='ocrx_word' id='word_1_684' title='bbox 2207 3750 2262 3797; x_wconf 90' lang='lat' dir='ltr'><strong>et</strong></span> <span class='ocrx_word' id='word_1_685' title='bbox 2286 3757 2504 3797; x_wconf 79' lang='lat' dir='ltr'><strong>uxorem</strong></span> <span class='ocrx_word' id='word_1_686' title='bbox 2530 3743 2835 3809; x_wconf 90' lang='lat' dir='ltr'><strong>ducturum,</strong></span> <span class='ocrx_word' id='word_1_687' title='bbox 2866 3743 3016 3812; x_wconf 83' lang='lat' dir='ltr'><strong>juxta</strong></span> <span class='ocrx_word' id='word_1_688' title='bbox 3045 3744 3213 3808; x_wconf 84' lang='lat' dir='ltr'><strong>Pauli,</strong></span> <span class='ocrx_word' id='word_1_689' title='bbox 3244 3743 3350 3797; x_wconf 90' lang='lat' dir='ltr'><strong>imo</strong></span> <span class='ocrx_word' id='word_1_690' title='bbox 3375 3743 3525 3813; x_wconf 81' lang='lat' dir='ltr'><strong>juxta</strong></span> 
     </span>
    </p>
   </div>
   <div class='ocr_carea' id='block_1_90' title="bbox 1934 3829 3525 3904">
    <p class='ocr_par' dir='ltr' id='par_1_90' title="bbox 1934 3829 3525 3904">
     <span class='ocr_line' id='line_1_90' title="bbox 1934 3829 3525 3904; baseline 0.001 -17"><span class='ocrx_word' id='word_1_691' title='bbox 1934 3829 2130 3888; x_wconf 92' lang='lat' dir='ltr'><strong>Christi</strong></span> <span class='ocrx_word' id='word_1_692' title='bbox 2153 3833 2299 3903; x_wconf 83' lang='lat' dir='ltr'><strong>leges</strong></span> <span class='ocrx_word' id='word_1_693' title='bbox 2322 3849 2500 3904; x_wconf 90' lang='lat' dir='ltr'><strong>agere.</strong></span> <span class='ocrx_word' id='word_1_694' title='bbox 2534 3833 2673 3889; x_wconf 85' lang='lat' dir='ltr'><strong>Sane</strong></span> <span class='ocrx_word' id='word_1_695' title='bbox 2694 3835 2914 3900; x_wconf 90' lang='lat' dir='ltr'><strong>scimus,</strong></span> <span class='ocrx_word' id='word_1_696' title='bbox 2942 3834 3083 3904; x_wconf 92' lang='lat' dir='ltr'><strong>quod</strong></span> <span class='ocrx_word' id='word_1_697' title='bbox 3118 3835 3297 3888; x_wconf 89' lang='lat' dir='ltr'><strong>multis</strong></span> <span class='ocrx_word' id='word_1_698' title='bbox 3328 3850 3525 3890; x_wconf 89' lang='lat' dir='ltr'><strong>novum</strong></span> 
     </span>
    </p>
   </div>
   <div class='ocr_carea' id='block_1_91' title="bbox 1935 3927 3529 3997">
    <p class='ocr_par' dir='ltr' id='par_1_91' title="bbox 1935 3927 3529 3997">
     <span class='ocr_line' id='line_1_91' title="bbox 1935 3927 3529 3997; baseline -0.001 -14"><span class='ocrx_word' id='word_1_699' title='bbox 1935 3936 1990 3983; x_wconf 87' lang='lat' dir='ltr'><strong>et</strong></span> <span class='ocrx_word' id='word_1_700' title='bbox 2022 3927 2445 3997; x_wconf 85' lang='lat' dir='ltr'><strong>inexspectatum</strong></span> <span class='ocrx_word' id='word_1_701' title='bbox 2472 3927 2732 3983; x_wconf 78' lang='lat' dir='ltr'><strong>videbitur</strong></span> <span class='ocrx_word' id='word_1_702' title='bbox 2747 3927 2890 3997; x_wconf 90' lang='lat' dir='ltr'><strong>quod</strong></span> <span class='ocrx_word' id='word_1_703' title='bbox 2917 3928 3142 3982; x_wconf 89' lang='lat' dir='ltr'><strong>dicimus</strong></span> <span class='ocrx_word' id='word_1_704' title='bbox 3168 3945 3181 3981; x_wconf 93' lang='lat'><strong>:</strong></span> <span class='ocrx_word' id='word_1_705' title='bbox 3210 3937 3263 3981; x_wconf 91' lang='lat' dir='ltr'><strong>at</strong></span> <span class='ocrx_word' id='word_1_706' title='bbox 3286 3936 3529 3996; x_wconf 69' lang='lat' dir='ltr'><strong>promer-</strong></span> 
     </span>
    </p>
   </div>
   <div class='ocr_carea' id='block_1_92' title="bbox 1930 4020 3527 4091">
    <p class='ocr_par' dir='ltr' id='par_1_92' title="bbox 1930 4020 3527 4091">
     <span class='ocr_line' id='line_1_92' title="bbox 1930 4020 3527 4091; baseline -0.001 -17"><span class='ocrx_word' id='word_1_707' title='bbox 1930 4034 1995 4074; x_wconf 91' lang='lat' dir='ltr'><strong>ea</strong></span> <span class='ocrx_word' id='word_1_708' title='bbox 2036 4035 2146 4074; x_wconf 88' lang='lat' dir='ltr'><strong>non</strong></span> <span class='ocrx_word' id='word_1_709' title='bbox 2176 4020 2364 4081; x_wconf 86' lang='lat' dir='ltr'><strong>silebo.</strong></span> <span class='ocrx_word' id='word_1_710' title='bbox 2394 4020 2487 4075; x_wconf 87' lang='lat' dir='ltr'><strong>sed</strong></span> <span class='ocrx_word' id='word_1_711' title='bbox 2542 4021 2772 4091; x_wconf 89' lang='lat' dir='ltr'><strong>primum</strong></span> <span class='ocrx_word' id='word_1_712' title='bbox 2834 4021 3005 4090; x_wconf 82' lang='lat' dir='ltr'><strong>legem</strong></span> <span class='ocrx_word' id='word_1_713' title='bbox 3050 4020 3201 4074; x_wconf 81' lang='lat' dir='ltr'><strong>vobis</strong></span> <span class='ocrx_word' id='word_1_714' title='bbox 3251 4020 3443 4090; x_wconf 84' lang='lat' dir='ltr'><strong>legam,</strong></span> <span class='ocrx_word' id='word_1_715' title='bbox 3474 4030 3527 4073; x_wconf 77' lang='lat' dir='ltr'><strong>et</strong></span> 
     </span>
    </p>
   </div>
   <div class='ocr_carea' id='block_1_93' title="bbox 1932 4112 3520 4184">
    <p class='ocr_par' dir='ltr' id='par_1_93' title="bbox 1932 4112 3520 4184">
     <span class='ocr_line' id='line_1_93' title="bbox 1932 4112 3520 4184; baseline -0.002 -18"><span class='ocrx_word' id='word_1_716' title='bbox 1932 4112 2054 4167; x_wconf 91' lang='lat' dir='ltr'><strong>dein</strong></span> <span class='ocrx_word' id='word_1_717' title='bbox 2082 4113 2275 4184; x_wconf 81' lang='lat' dir='ltr'><strong>legem,</strong></span> <span class='ocrx_word' id='word_1_718' title='bbox 2322 4129 2442 4182; x_wconf 69' lang='lat' dir='ltr'><strong>qua:</strong></span> <span class='ocrx_word' id='word_1_719' title='bbox 2469 4114 2735 4168; x_wconf 83' lang='lat' dir='ltr'><strong>contraria</strong></span> <span class='ocrx_word' id='word_1_720' title='bbox 2762 4112 2992 4179; x_wconf 89' lang='lat' dir='ltr'><strong>videtur,</strong></span> <span class='ocrx_word' id='word_1_721' title='bbox 3042 4113 3249 4167; x_wconf 82' lang='lat' dir='ltr'><strong>solvere</strong></span> <span class='ocrx_word' id='word_1_722' title='bbox 3277 4113 3520 4166; x_wconf 88' lang='lat' dir='ltr'><strong>tentabo.</strong></span> 
     </span>
    </p>
   </div>
   <div class='ocr_carea' id='block_1_94' title="bbox 1930 4204 3525 4275">
    <p class='ocr_par' dir='ltr' id='par_1_94' title="bbox 1930 4204 3525 4275">
     <span class='ocr_line' id='line_1_94' title="bbox 1930 4204 3525 4275; baseline -0.001 -16"><span class='ocrx_word' id='word_1_723' title='bbox 1930 4204 2095 4275; x_wconf 87' lang='lat' dir='ltr'><strong>lgitur</strong></span> <span class='ocrx_word' id='word_1_724' title='bbox 2123 4220 2368 4274; x_wconf 78' lang='lat' dir='ltr'><strong>quamam</strong></span> <span class='ocrx_word' id='word_1_725' title='bbox 2406 4214 2489 4260; x_wconf 91' lang='lat' dir='ltr'><strong>est</strong></span> <span class='ocrx_word' id='word_1_726' title='bbox 2519 4206 2599 4259; x_wconf 82' lang='lat' dir='ltr'><strong>lex</strong></span> <span class='ocrx_word' id='word_1_727' title='bbox 2651 4206 2761 4266; x_wconf 89' lang='lat' dir='ltr'><strong>illa,</strong></span> <span class='ocrx_word' id='word_1_728' title='bbox 2794 4220 2951 4275; x_wconf 90' lang='lat' dir='ltr'><strong>quam</strong></span> <span class='ocrx_word' id='word_1_729' title='bbox 3004 4206 3157 4259; x_wconf 91' lang='lat' dir='ltr'><strong>nobis</strong></span> <span class='ocrx_word' id='word_1_730' title='bbox 3204 4205 3395 4260; x_wconf 86' lang='lat' dir='ltr'><strong>Paulus</strong></span> <span class='ocrx_word' id='word_1_731' title='bbox 3433 4220 3525 4274; x_wconf 87' lang='lat' dir='ltr'><strong>po-</strong></span> 
     </span>
    </p>
   </div>
   <div class='ocr_carea' id='block_1_95' title="bbox 1928 4296 3526 4367">
    <p class='ocr_par' dir='ltr' id='par_1_95' title="bbox 1928 4296 3526 4367">
     <span class='ocr_line' id='line_1_95' title="bbox 1928 4296 3526 4367; baseline -0.001 -17"><span class='ocrx_word' id='word_1_732' title='bbox 1928 4297 2060 4351; x_wconf 84' lang='lat' dir='ltr'><strong>suit?</strong></span> <span class='ocrx_word' id='word_1_733' title='bbox 2092 4296 2299 4360; x_wconf 79' lang='lat' dir='ltr'><strong>Mulier,</strong></span> <span class='ocrx_word' id='word_1_734' title='bbox 2328 4297 2514 4366; x_wconf 84' lang='lat' dir='ltr'><strong>inquit,</strong></span> <span class='ocrx_word' id='word_1_735' title='bbox 2541 4296 2753 4367; x_wconf 88' lang='lat' dir='ltr'><strong>alligata</strong></span> <span class='ocrx_word' id='word_1_736' title='bbox 2791 4306 2864 4350; x_wconf 86' lang='lat' dir='ltr'><strong>est</strong></span> <span class='ocrx_word' id='word_1_737' title='bbox 2894 4296 3010 4367; x_wconf 85' lang='lat' dir='ltr'><strong>legi.</strong></span> <span class='ocrx_word' id='word_1_738' title='bbox 3040 4297 3261 4365; x_wconf 87' lang='lat' dir='ltr'><strong>Oportet</strong></span> <span class='ocrx_word' id='word_1_739' title='bbox 3284 4297 3440 4367; x_wconf 85' lang='lat' dir='ltr'><strong>igitur</strong></span> <span class='ocrx_word' id='word_1_740' title='bbox 3467 4305 3526 4349; x_wconf 87' lang='lat' dir='ltr'><strong>ut</strong></span> 
     </span>
    </p>
   </div>
   <div class='ocr_carea' id='block_1_96' title="bbox 1932 4388 3526 4459">
    <p class='ocr_par' dir='ltr' id='par_1_96' title="bbox 1932 4388 3526 4459">
     <span class='ocr_line' id='line_1_96' title="bbox 1932 4388 3526 4459; baseline -0.001 -15"><span class='ocrx_word' id='word_1_741' title='bbox 1932 4388 2153 4444; x_wconf 92' lang='lat' dir='ltr'><strong>minime</strong></span> <span class='ocrx_word' id='word_1_742' title='bbox 2201 4398 2498 4458; x_wconf 87' lang='lat' dir='ltr'><strong>separetur,</strong></span> <span class='ocrx_word' id='word_1_743' title='bbox 2541 4390 2751 4443; x_wconf 87' lang='lat' dir='ltr'><strong>vivente</strong></span> <span class='ocrx_word' id='word_1_744' title='bbox 2793 4389 2930 4454; x_wconf 84' lang='lat' dir='ltr'><strong>viro,</strong></span> <span class='ocrx_word' id='word_1_745' title='bbox 2954 4405 3124 4457; x_wconf 82' lang='lat' dir='ltr'><strong>neque</strong></span> <span class='ocrx_word' id='word_1_746' title='bbox 3148 4389 3308 4443; x_wconf 88' lang='lat' dir='ltr'><strong>alium</strong></span> <span class='ocrx_word' id='word_1_747' title='bbox 3340 4404 3526 4459; x_wconf 89' lang='lat' dir='ltr'><strong>super-</strong></span> 
     </span>
    </p>
   </div>
   <div class='ocr_carea' id='block_1_97' title="bbox 1930 4479 3522 4549">
    <p class='ocr_par' dir='ltr' id='par_1_97' title="bbox 1930 4479 3522 4549">
     <span class='ocr_line' id='line_1_97' title="bbox 1930 4479 3522 4549; baseline -0.001 -15"><span class='ocrx_word' id='word_1_748' title='bbox 1930 4480 2144 4535; x_wconf 89' lang='lat' dir='ltr'><strong>inducat</strong></span> <span class='ocrx_word' id='word_1_749' title='bbox 2181 4482 2452 4545; x_wconf 89' lang='lat' dir='ltr'><strong>maritum,</strong></span> <span class='ocrx_word' id='word_1_750' title='bbox 2481 4496 2655 4549; x_wconf 86' lang='lat' dir='ltr'><strong>neque</strong></span> <span class='ocrx_word' id='word_1_751' title='bbox 2685 4479 2948 4535; x_wconf 90' lang='lat' dir='ltr'><strong>secundas</strong></span> <span class='ocrx_word' id='word_1_752' title='bbox 2988 4481 3199 4549; x_wconf 87' lang='lat' dir='ltr'><strong>nuptias</strong></span> <span class='ocrx_word' id='word_1_753' title='bbox 3245 4480 3421 4534; x_wconf 84' lang='lat' dir='ltr'><strong>adeat.</strong></span> <span class='ocrx_word' id='word_1_754' title='bbox 3451 4480 3522 4533; x_wconf 86' lang='lat' dir='ltr'><strong>Et</strong></span> 
     </span>
    </p>
   </div>
   <div class='ocr_carea' id='block_1_98' title="bbox 1927 4571 3521 4642">
    <p class='ocr_par' dir='ltr' id='par_1_98' title="bbox 1927 4571 3521 4642">
     <span class='ocr_line' id='line_1_98' title="bbox 1927 4571 3521 4642; baseline -0.001 -15"><span class='ocrx_word' id='word_1_755' title='bbox 1927 4572 2051 4627; x_wconf 90' lang='lat' dir='ltr'><strong>vide</strong></span> <span class='ocrx_word' id='word_1_756' title='bbox 2077 4581 2275 4642; x_wconf 84' lang='lat' dir='ltr'><strong>quanta</strong></span> <span class='ocrx_word' id='word_1_757' title='bbox 2304 4588 2424 4626; x_wconf 89' lang='lat' dir='ltr'><strong>cmn</strong></span> <span class='ocrx_word' id='word_1_758' title='bbox 2454 4572 2726 4641; x_wconf 83' lang='lat' dir='ltr'><strong>diligentia</strong></span> <span class='ocrx_word' id='word_1_759' title='bbox 2772 4571 3054 4625; x_wconf 88' lang='lat' dir='ltr'><strong>verborum</strong></span> <span class='ocrx_word' id='word_1_760' title='bbox 3102 4587 3231 4625; x_wconf 85' lang='lat' dir='ltr'><strong>usus</strong></span> <span class='ocrx_word' id='word_1_761' title='bbox 3277 4572 3347 4625; x_wconf 91' lang='lat' dir='ltr'><strong>sit</strong></span> <span class='ocrx_word' id='word_1_762' title='bbox 3395 4586 3521 4641; x_wconf 89' lang='lat' dir='ltr'><strong>pro-</strong></span> 
     </span>
    </p>
   </div>
   <div class='ocr_carea' id='block_1_99' title="bbox 1929 4661 3521 4734">
    <p class='ocr_par' dir='ltr' id='par_1_99' title="bbox 1929 4661 3521 4734">
     <span class='ocr_line' id='line_1_99' title="bbox 1929 4661 3521 4734; baseline -0.003 -15"><span class='ocrx_word' id='word_1_763' title='bbox 1929 4666 2173 4734; x_wconf 90' lang='lat' dir='ltr'><strong>prietate.</strong></span> <span class='ocrx_word' id='word_1_764' title='bbox 2198 4663 2314 4718; x_wconf 84' lang='lat' dir='ltr'><strong>Non</strong></span> <span class='ocrx_word' id='word_1_765' title='bbox 2346 4665 2487 4718; x_wconf 88' lang='lat' dir='ltr'><strong>enim</strong></span> <span class='ocrx_word' id='word_1_766' title='bbox 2516 4663 2668 4729; x_wconf 84' lang='lat' dir='ltr'><strong>dixit,</strong></span> <span class='ocrx_word' id='word_1_767' title='bbox 2710 4661 2993 4717; x_wconf 89' lang='lat' dir='ltr'><strong>Cohabitet</strong></span> <span class='ocrx_word' id='word_1_768' title='bbox 3021 4662 3139 4716; x_wconf 87' lang='lat' dir='ltr'><strong>viro</strong></span> <span class='ocrx_word' id='word_1_769' title='bbox 3176 4661 3350 4732; x_wconf 90' lang='lat' dir='ltr'><strong>quoad</strong></span> <span class='ocrx_word' id='word_1_770' title='bbox 3380 4662 3521 4715; x_wconf 82' lang='lat' dir='ltr'><strong>vixe-</strong></span> 
     </span>
    </p>
   </div>
   <div class='ocr_carea' id='block_1_100' title="bbox 1930 4756 3524 4827">
    <p class='ocr_par' dir='ltr' id='par_1_100' title="bbox 1930 4756 3524 4827">
     <span class='ocr_line' id='line_1_100' title="bbox 1930 4756 3524 4827; baseline -0.001 -16"><span class='ocrx_word' id='word_1_771' title='bbox 1930 4758 2032 4819; x_wconf 88' lang='lat' dir='ltr'><strong>rit;</strong></span> <span class='ocrx_word' id='word_1_772' title='bbox 2056 4757 2170 4821; x_wconf 90' lang='lat' dir='ltr'><strong>sed,</strong></span> <span class='ocrx_word' id='word_1_773' title='bbox 2202 4756 2389 4811; x_wconf 84' lang='lat' dir='ltr'><strong>Mulier</strong></span> <span class='ocrx_word' id='word_1_774' title='bbox 2411 4756 2625 4827; x_wconf 87' lang='lat' dir='ltr'><strong>alligata</strong></span> <span class='ocrx_word' id='word_1_775' title='bbox 2653 4765 2723 4810; x_wconf 89' lang='lat' dir='ltr'><strong>est</strong></span> <span class='ocrx_word' id='word_1_776' title='bbox 2755 4756 2851 4826; x_wconf 85' lang='lat' dir='ltr'><strong>legi</strong></span> <span class='ocrx_word' id='word_1_777' title='bbox 2874 4765 3061 4825; x_wconf 87' lang='lat' dir='ltr'><strong>quanto</strong></span> <span class='ocrx_word' id='word_1_778' title='bbox 3089 4764 3311 4823; x_wconf 82' lang='lat' dir='ltr'><strong>tempore</strong></span> <span class='ocrx_word' id='word_1_779' title='bbox 3345 4756 3524 4809; x_wconf 68' lang='lat' dir='ltr'><strong>vixerit</strong></span> 
     </span>
    </p>
   </div>
   <div class='ocr_carea' id='block_1_101' title="bbox 1928 4846 3521 4917">
    <p class='ocr_par' dir='ltr' id='par_1_101' title="bbox 1928 4846 3521 4917">
     <span class='ocr_line' id='line_1_101' title="bbox 1928 4846 3521 4917; baseline -0.002 -14"><span class='ocrx_word' id='word_1_780' title='bbox 1928 4850 2003 4903; x_wconf 81' lang='lat' dir='ltr'><strong>vir</strong></span> <span class='ocrx_word' id='word_1_781' title='bbox 2031 4850 2172 4902; x_wconf 84' lang='lat' dir='ltr'><strong>illius</strong></span> <span class='ocrx_word' id='word_1_782' title='bbox 2198 4865 2217 4902; x_wconf 90' lang='lat'><strong><em>:</em></strong></span> <span class='ocrx_word' id='word_1_783' title='bbox 2242 4858 2401 4917; x_wconf 90' lang='lat' dir='ltr'><strong>atque</strong></span> <span class='ocrx_word' id='word_1_784' title='bbox 2439 4848 2577 4903; x_wconf 89' lang='lat' dir='ltr'><strong>adeo</strong></span> <span class='ocrx_word' id='word_1_785' title='bbox 2628 4846 2836 4902; x_wconf 90' lang='lat' dir='ltr'><strong>etiamsi</strong></span> <span class='ocrx_word' id='word_1_786' title='bbox 2878 4846 3113 4901; x_wconf 90' lang='lat' dir='ltr'><strong>libellum</strong></span> <span class='ocrx_word' id='word_1_787' title='bbox 3151 4846 3359 4915; x_wconf 88' lang='lat' dir='ltr'><strong>repudii</strong></span> <span class='ocrx_word' id='word_1_788' title='bbox 3405 4846 3521 4912; x_wconf 86' lang='lat' dir='ltr'><strong>det,</strong></span> 
     </span>
    </p>
   </div>
   <div class='ocr_carea' id='block_1_102' title="bbox 1927 4936 3520 5009">
    <p class='ocr_par' dir='ltr' id='par_1_102' title="bbox 1927 4936 3520 5009">
     <span class='ocr_line' id='line_1_102' title="bbox 1927 4936 3520 5009; baseline -0.002 -15"><span class='ocrx_word' id='word_1_789' title='bbox 1927 4941 2135 4996; x_wconf 82' lang='lat' dir='ltr'><strong>etiamsi</strong></span> <span class='ocrx_word' id='word_1_790' title='bbox 2180 4940 2400 4994; x_wconf 90' lang='lat' dir='ltr'><strong>domum</strong></span> <span class='ocrx_word' id='word_1_791' title='bbox 2448 4939 2731 5009; x_wconf 90' lang='lat' dir='ltr'><strong>relinquat,</strong></span> <span class='ocrx_word' id='word_1_792' title='bbox 2776 4938 2985 4992; x_wconf 89' lang='lat' dir='ltr'><strong>etiamsi</strong></span> <span class='ocrx_word' id='word_1_793' title='bbox 3014 4936 3082 4991; x_wconf 89' lang='lat' dir='ltr'><strong>ad</strong></span> <span class='ocrx_word' id='word_1_794' title='bbox 3129 4938 3290 4991; x_wconf 89' lang='lat' dir='ltr'><strong>alium</strong></span> <span class='ocrx_word' id='word_1_795' title='bbox 3342 4938 3520 5005; x_wconf 88' lang='lat' dir='ltr'><strong>abeat,</strong></span> 
     </span>
    </p>
   </div>
   <div class='ocr_carea' id='block_1_103' title="bbox 1926 5033 2812 5107">
    <p class='ocr_par' dir='ltr' id='par_1_103' title="bbox 1926 5033 2812 5107">
     <span class='ocr_line' id='line_1_103' title="bbox 1926 5033 2812 5107; baseline 0.001 -17"><span class='ocrx_word' id='word_1_796' title='bbox 1926 5036 2031 5107; x_wconf 90' lang='lat' dir='ltr'><strong>legi</strong></span> <span class='ocrx_word' id='word_1_797' title='bbox 2061 5035 2314 5090; x_wconf 84' lang='lat' dir='ltr'><strong>adstricta</strong></span> <span class='ocrx_word' id='word_1_798' title='bbox 2338 5033 2683 5104; x_wconf 88' lang='lat' dir='ltr'><strong>adulteraque</strong></span> <span class='ocrx_word' id='word_1_799' title='bbox 2710 5042 2812 5091; x_wconf 89' lang='lat' dir='ltr'><strong>est.</strong></span> 
     </span>
    </p>
   </div>
   <div class='ocr_carea' id='block_1_104' title="bbox 2000 5124 3526 5195">
    <p class='ocr_par' dir='ltr' id='par_1_104' title="bbox 2000 5124 3526 5195">
     <span class='ocr_line' id='line_1_104' title="bbox 2000 5124 3526 5195; baseline -0.003 -15"><span class='ocrx_word' id='word_1_800' title='bbox 2000 5127 2121 5181; x_wconf 84' lang='lat' dir='ltr'><strong>Non</strong></span> <span class='ocrx_word' id='word_1_801' title='bbox 2149 5128 2263 5180; x_wconf 88' lang='lat' dir='ltr'><strong>licet</strong></span> <span class='ocrx_word' id='word_1_802' title='bbox 2302 5125 2623 5194; x_wconf 88' lang='lat' dir='ltr'><strong>repudiatam</strong></span> <span class='ocrx_word' id='word_1_803' title='bbox 2647 5125 2850 5180; x_wconf 84' lang='lat' dir='ltr'><strong>ducere.</strong></span> <span class='ocrx_word' id='word_1_804' title='bbox 2890 5124 3048 5195; x_wconf 83' lang='lat' dir='ltr'><strong>Leges</strong></span> <span class='ocrx_word' id='word_1_805' title='bbox 3087 5132 3305 5179; x_wconf 72' lang='lat' dir='ltr'><strong>externa:</strong></span> <span class='ocrx_word' id='word_1_806' title='bbox 3342 5124 3526 5177; x_wconf 68' lang='lat' dir='ltr'><strong>divina:</strong></span> 
     </span>
    </p>
   </div>
   <div class='ocr_carea' id='block_1_105' title="bbox 1926 5217 3519 5291">
    <p class='ocr_par' dir='ltr' id='par_1_105' title="bbox 1926 5217 3519 5291">
     <span class='ocr_line' id='line_1_105' title="bbox 1926 5217 3519 5291; baseline -0.004 -18"><span class='ocrx_word' id='word_1_807' title='bbox 1926 5220 2025 5291; x_wconf 77' lang='lat' dir='ltr'><strong>legi</strong></span> <span class='ocrx_word' id='word_1_808' title='bbox 2044 5219 2244 5272; x_wconf 86' lang='lat' dir='ltr'><strong>cedunt.</strong></span> <span class='ocrx_word' id='word_1_809' title='bbox 2265 5248 2337 5259; x_wconf 88' lang='lat'><strong>--</strong></span> <span class='ocrx_word' id='word_1_810' title='bbox 2362 5218 2587 5286; x_wconf 86' lang='lat' dir='ltr'><strong>Quando</strong></span> <span class='ocrx_word' id='word_1_811' title='bbox 2608 5218 2765 5288; x_wconf 87' lang='lat' dir='ltr'><strong>igitur</strong></span> <span class='ocrx_word' id='word_1_812' title='bbox 2792 5218 2876 5271; x_wconf 83' lang='lat' dir='ltr'><strong>vir</strong></span> <span class='ocrx_word' id='word_1_813' title='bbox 2901 5217 3097 5287; x_wconf 86' lang='lat' dir='ltr'><strong>ejicere</strong></span> <span class='ocrx_word' id='word_1_814' title='bbox 3124 5217 3239 5270; x_wconf 87' lang='lat' dir='ltr'><strong>vult</strong></span> <span class='ocrx_word' id='word_1_815' title='bbox 3265 5232 3483 5273; x_wconf 74' lang='lat' dir='ltr'><strong>uxorein</strong></span> <span class='ocrx_word' id='word_1_816' title='bbox 3503 5257 3519 5281; x_wconf 94' lang='lat'><strong>,</strong></span> 
     </span>
    </p>
   </div>
   <div class='ocr_carea' id='block_1_106' title="bbox 1927 5308 3525 5381">
    <p class='ocr_par' dir='ltr' id='par_1_106' title="bbox 1927 5308 3525 5381">
     <span class='ocr_line' id='line_1_106' title="bbox 1927 5308 3525 5381; baseline -0.004 -14"><span class='ocrx_word' id='word_1_817' title='bbox 1927 5322 1982 5367; x_wconf 90' lang='lat' dir='ltr'><strong>et</strong></span> <span class='ocrx_word' id='word_1_818' title='bbox 2011 5328 2144 5366; x_wconf 79' lang='lat' dir='ltr'><strong>uxor</strong></span> <span class='ocrx_word' id='word_1_819' title='bbox 2174 5312 2475 5381; x_wconf 86' lang='lat' dir='ltr'><strong>relinquere</strong></span> <span class='ocrx_word' id='word_1_820' title='bbox 2498 5311 2669 5364; x_wconf 89' lang='lat' dir='ltr'><strong>virum</strong></span> <span class='ocrx_word' id='word_1_821' title='bbox 2692 5350 2706 5375; x_wconf 92' lang='lat'><strong>,</strong></span> <span class='ocrx_word' id='word_1_822' title='bbox 2731 5309 2889 5378; x_wconf 86' lang='lat' dir='ltr'><strong>hujus</strong></span> <span class='ocrx_word' id='word_1_823' title='bbox 2938 5323 3146 5362; x_wconf 91' lang='lat' dir='ltr'><strong>memor</strong></span> <span class='ocrx_word' id='word_1_824' title='bbox 3175 5308 3243 5361; x_wconf 88' lang='lat' dir='ltr'><strong>sit</strong></span> <span class='ocrx_word' id='word_1_825' title='bbox 3281 5308 3436 5371; x_wconf 90' lang='lat' dir='ltr'><strong>dicti,</strong></span> <span class='ocrx_word' id='word_1_826' title='bbox 3472 5317 3525 5360; x_wconf 87' lang='lat' dir='ltr'><strong>et</strong></span> 
     </span>
    </p>
   </div>
   <div class='ocr_carea' id='block_1_107' title="bbox 1927 5400 3519 5474">
    <p class='ocr_par' dir='ltr' id='par_1_107' title="bbox 1927 5400 3519 5474">
     <span class='ocr_line' id='line_1_107' title="bbox 1927 5400 3519 5474; baseline -0.006 -14"><span class='ocrx_word' id='word_1_827' title='bbox 1927 5407 2151 5461; x_wconf 85' lang='lat' dir='ltr'><strong>Paulum</strong></span> <span class='ocrx_word' id='word_1_828' title='bbox 2184 5415 2332 5474; x_wconf 89' lang='lat' dir='ltr'><strong>putet</strong></span> <span class='ocrx_word' id='word_1_829' title='bbox 2373 5420 2496 5461; x_wconf 85' lang='lat' dir='ltr'><strong>esse</strong></span> <span class='ocrx_word' id='word_1_830' title='bbox 2546 5412 2865 5473; x_wconf 63' lang='lat' dir='ltr'><strong>praisentem</strong></span> <span class='ocrx_word' id='word_1_831' title='bbox 2888 5445 2903 5466; x_wconf 91' lang='lat'><strong>,</strong></span> <span class='ocrx_word' id='word_1_832' title='bbox 2945 5411 3000 5457; x_wconf 89' lang='lat' dir='ltr'><strong>et</strong></span> <span class='ocrx_word' id='word_1_833' title='bbox 3045 5402 3295 5472; x_wconf 89' lang='lat' dir='ltr'><strong>persequi</strong></span> <span class='ocrx_word' id='word_1_834' title='bbox 3327 5415 3387 5455; x_wconf 89' lang='lat' dir='ltr'><strong>se</strong></span> <span class='ocrx_word' id='word_1_835' title='bbox 3410 5400 3519 5453; x_wconf 84' lang='lat' dir='ltr'><strong>cla-</strong></span> 
     </span>
    </p>
   </div>
   <div class='ocr_carea' id='block_1_108' title="bbox 1928 5490 3517 5564">
    <p class='ocr_par' dir='ltr' id='par_1_108' title="bbox 1928 5490 3517 5564">
     <span class='ocr_line' id='line_1_108' title="bbox 1928 5490 3517 5564; baseline -0.008 -10"><span class='ocrx_word' id='word_1_836' title='bbox 1928 5500 2123 5554; x_wconf 90' lang='lat' dir='ltr'><strong>mando</strong></span> <span class='ocrx_word' id='word_1_837' title='bbox 2171 5508 2227 5553; x_wconf 92' lang='lat' dir='ltr'><strong>et</strong></span> <span class='ocrx_word' id='word_1_838' title='bbox 2270 5497 2497 5553; x_wconf 78' lang='lat' dir='ltr'><strong>dicendo</strong></span> <span class='ocrx_word' id='word_1_839' title='bbox 2529 5514 2543 5551; x_wconf 91' lang='lat'><strong>:</strong></span> <span class='ocrx_word' id='word_1_840' title='bbox 2573 5496 2762 5549; x_wconf 82' lang='lat' dir='ltr'><strong>Mulier</strong></span> <span class='ocrx_word' id='word_1_841' title='bbox 2807 5496 3050 5548; x_wconf 79' lang='lat' dir='ltr'><strong>adstricta</strong></span> <span class='ocrx_word' id='word_1_842' title='bbox 3101 5502 3172 5547; x_wconf 85' lang='lat' dir='ltr'><strong>est</strong></span> <span class='ocrx_word' id='word_1_843' title='bbox 3223 5493 3340 5564; x_wconf 84' lang='lat' dir='ltr'><strong>legi.</strong></span> <span class='ocrx_word' id='word_1_844' title='bbox 3385 5490 3517 5545; x_wconf 83' lang='lat' dir='ltr'><strong>Nam</strong></span> 
     </span>
    </p>
   </div>
   <div class='ocr_carea' id='block_1_109' title="bbox 1925 5583 3513 5664">
    <p class='ocr_par' dir='ltr' id='par_1_109' title="bbox 1925 5583 3513 5664">
     <span class='ocr_line' id='line_1_109' title="bbox 1925 5583 3513 5664; baseline -0.008 -17"><span class='ocrx_word' id='word_1_845' title='bbox 1925 5591 2376 5664; x_wconf 88' lang='lat' dir='ltr'><strong>quemadmodum</strong></span> <span class='ocrx_word' id='word_1_846' title='bbox 2407 5589 2545 5644; x_wconf 88' lang='lat' dir='ltr'><strong>servi</strong></span> <span class='ocrx_word' id='word_1_847' title='bbox 2575 5586 2795 5656; x_wconf 88' lang='lat' dir='ltr'><strong>fugitivi,</strong></span> <span class='ocrx_word' id='word_1_848' title='bbox 2827 5587 3032 5642; x_wconf 87' lang='lat' dir='ltr'><strong>etiamsi</strong></span> <span class='ocrx_word' id='word_1_849' title='bbox 3052 5586 3267 5639; x_wconf 91' lang='lat' dir='ltr'><strong>domum</strong></span> <span class='ocrx_word' id='word_1_850' title='bbox 3291 5583 3513 5637; x_wconf 83' lang='lat' dir='ltr'><strong>herilem</strong></span> 
     </span>
    </p>
   </div>
   <div class='ocr_carea' id='block_1_110' title="bbox 1928 5672 3521 5754">
    <p class='ocr_par' dir='ltr' id='par_1_110' title="bbox 1928 5672 3521 5754">
     <span class='ocr_line' id='line_1_110' title="bbox 1928 5672 3521 5754; baseline -0.009 -15"><span class='ocrx_word' id='word_1_851' title='bbox 1928 5684 2274 5754; x_wconf 89' lang='lat' dir='ltr'><strong>relinquant,</strong></span> <span class='ocrx_word' id='word_1_852' title='bbox 2306 5690 2549 5736; x_wconf 84' lang='lat' dir='ltr'><strong>catenam</strong></span> <span class='ocrx_word' id='word_1_853' title='bbox 2582 5694 2762 5734; x_wconf 90' lang='lat' dir='ltr'><strong>secum</strong></span> <span class='ocrx_word' id='word_1_854' title='bbox 2794 5677 3014 5732; x_wconf 88' lang='lat' dir='ltr'><strong>trahunt</strong></span> <span class='ocrx_word' id='word_1_855' title='bbox 3041 5693 3054 5728; x_wconf 90' lang='lat'>:</span> <span class='ocrx_word' id='word_1_856' title='bbox 3091 5676 3159 5730; x_wconf 87' lang='lat' dir='ltr'><strong>ita</strong></span> <span class='ocrx_word' id='word_1_857' title='bbox 3187 5684 3242 5728; x_wconf 91' lang='lat' dir='ltr'><strong>et</strong></span> <span class='ocrx_word' id='word_1_858' title='bbox 3268 5672 3521 5728; x_wconf 88' lang='lat' dir='ltr'><strong>mulieres</strong></span> 
     </span>
    </p>
   </div>
   <div class='ocr_carea' id='block_1_111' title="bbox 1927 5768 3516 5845">
    <p class='ocr_par' dir='ltr' id='par_1_111' title="bbox 1927 5768 3516 5845">
     <span class='ocr_line' id='line_1_111' title="bbox 1927 5768 3516 5845; baseline -0.011 -10"><span class='ocrx_word' id='word_1_859' title='bbox 1927 5775 2137 5835; x_wconf 90' lang='lat' dir='ltr'><strong>etiamsi</strong></span> <span class='ocrx_word' id='word_1_860' title='bbox 2166 5790 2310 5833; x_wconf 77' lang='lat' dir='ltr'><strong>VII‘OS</strong></span> <span class='ocrx_word' id='word_1_861' title='bbox 2335 5774 2672 5845; x_wconf 84' lang='lat' dir='ltr'><strong>relinquant,</strong></span> <span class='ocrx_word' id='word_1_862' title='bbox 2708 5770 2877 5843; x_wconf 86' lang='lat' dir='ltr'><strong>legem</strong></span> <span class='ocrx_word' id='word_1_863' title='bbox 2923 5768 3121 5825; x_wconf 86' lang='lat' dir='ltr'><strong>habent</strong></span> <span class='ocrx_word' id='word_1_864' title='bbox 3146 5780 3247 5838; x_wconf 88' lang='lat' dir='ltr'><strong>pro</strong></span> <span class='ocrx_word' id='word_1_865' title='bbox 3288 5771 3475 5819; x_wconf 80' lang='lat' dir='ltr'><strong>catena</strong></span> <span class='ocrx_word' id='word_1_866' title='bbox 3500 5800 3516 5829; x_wconf 87' lang='lat'><strong>,</strong></span> 
     </span>
    </p>
   </div>
  </div>
