3990 6358
471 315 577 370 219

479 445 540 486 se
561 436 967 502 persequentem
1004 436 1068 484 "et
1101 427 1349 484 adulterii
1390 438 1726 484 accusantem
1748 473 1763 496 ,
1796 441 2057 486 accusan—

474 531 582 578 tem
621 523 780 577 etiam
821 537 975 590 eum,
1004 522 1092 592 qui
1138 521 1382 586 duxerit,
1428 537 1491 576 ac
1531 522 1796 577 dicentem
1827 541 1840 577 :
1875 523 2062 578 Adhuc

471 623 716 684 superest
757 614 1014 676 maritus,
1070 622 1124 668 et
1177 615 1380 668 facinus
1431 616 1533 670 hoc
1587 614 1906 670 adulterinum
1957 625 2060 670 est.

477 708 665 762 Mulier
705 707 837 760 enim
881 707 1123 760 adstricta
1158 718 1230 759 est
1278 706 1405 777 legi,
1433 708 1600 776 quoad
1641 708 1820 762 vixerit
1853 709 2064 763 maritus

473 799 630 852 illius.
664 796 733 851 Et
753 799 912 852 omnis
929 799 1014 868 qui
1039 798 1296 853 dimissam
1314 799 1536 863 duxerit,
1556 799 1870 872 ntmcltatur'(
1879 799 2061 853 Matth.

473 893 528 945 5.
568 891 688 962 5‘2).
735 891 959 959 Quando
1003 891 1161 960 igitur
1198 891 1380 945 licebit
1429 891 1502 944 illi
1538 891 1803 946 secundas
1852 893 2064 961 nuptias

474 981 833 1036 contrahere?
860 981 1108 1048 Quando?
1135 981 1282 1035 Tunc
1310 981 1398 1034 ubi
1427 996 1456 1034 a
1483 992 1668 1036 catena
1697 981 1918 1036 liberata
1947 983 2063 1036 fue-

475 1075 543 1128 rit
569 1114 584 1138 ,
615 1073 830 1142 quando
857 1075 940 1127 vir
991 1074 1268 1126 morietur.
1303 1073 1415 1127 iioc
1443 1073 1603 1143 igitur
1650 1075 1929 1128 declarans
1959 1085 2065 1129 non

427 1157 430 1160 ί
475 1164 698 1227 addidit,
728 1164 882 1232 Quod
927 1165 973 1218 si
1020 1173 1260 1220 mortuus
1294 1163 1448 1218 fuerit
1482 1165 1564 1218 vir
1589 1165 1757 1228 illius,
1788 1165 1955 1220 libera
1983 1175 2068 1221 est

476 1257 562 1311 cui
593 1257 821 1311 voluerit
842 1257 1044 1313 nubere
1069 1275 1083 1313 :
1112 1258 1229 1323 sed,
1255 1257 1317 1313 Si
1345 1267 1512 1312 autent
1530 1260 1788 1313 dormierit
1809 1261 1884 1312 vir
1907 1261 2061 1325 illius,

475 1351 627 1420 quasi
657 1350 943 1405 consolans
968 1350 1180 1412 viduam
1203 1393 1218 1416 ,
1253 1361 1305 1406 et
1333 1352 1660 1421 persuadens
1686 1360 1904 1407 manere
1928 1353 2065 1421 apud

482 1445 715 1512 priorem
739 1484 752 1505 ,
779 1451 834 1497 et
877 1457 982 1496 non
1009 1441 1301 1512 adjungere
1321 1443 1615 1497 secundum
1646 1445 1915 1498 maritum.
1949 1445 2066 1498 Non

476 1544 721 1589 mortuus
745 1543 827 1590 est
851 1577 866 1599 ,
891 1535 1090 1604 inquit,
1119 1535 1200 1587 vir
1229 1546 1348 1588 tuus
1374 1577 1388 1598 ,
1413 1535 1507 1588 sed
1555 1534 1900 1590 obdormivit.
1939 1536 2068 1604 Quis

477 1627 832 1681 dormientem
861 1641 967 1680 non
999 1627 1358 1694 prtestolatur?
1383 1627 1671 1694 i‘rOptcrea
1703 1627 1855 1696 dixit,
1888 1627 1948 1683 Si
1979 1630 2079 1681 ειη-⁸

479 1727 578 1771 tem
603 1717 878 1781 dortnierit,
909 1717 1064 1770 libera
1089 1725 1160 1771 est
1187 1718 1268 1776 cui
1296 1718 1510 1774 voluerit
1537 1718 1739 1772 nubere.
1768 1719 1884 1774 Non
1909 1719 2064 1784 dixit,

478 1803 691 1874 Nubat,
726 1817 780 1862 ut
811 1824 878 1862 ne
919 1808 1162 1864 videatur
1186 1809 1294 1862 vim
1325 1808 1504 1864 facere
1551 1820 1605 1865 et
1632 1826 1826 1880 cogere
1853 1828 1866 1865 :
1893 1825 2070 1879 neque

480 1900 754 1968 prohibuit
776 1900 1044 1954 volentem
1067 1901 1327 1955 secundas
1355 1903 1568 1970 nuptias
1592 1902 1914 1958 contrahere
1939 1921 1952 1957 :
1976 1914 2072 1958 ne-

478 2008 580 2061 que
601 1992 866 2047 nolentem
891 1991 1202 2046 adhortatus
1231 2002 1333 2058 est,
1350 1994 1446 2049 sed
1470 1992 1640 2065 legem
1662 1996 1808 2065 legit,
1837 1996 2019 2052 dicens
2051 2011 2067 2053 :

480 2084 662 2137 Libera
710 2092 782 2138 est
821 2085 904 2137 cui
947 2085 1158 2138 coluerit
1193 2086 1394 2140 nubere.
1428 2086 1674 2142 Liberam
1719 2098 1895 2142 autem
1924 2089 2069 2143 illam

480 2183 602 2246 post
629 2176 725 2230 viri
766 2185 990 2232 mortem
1023 2191 1143 2230 esse
1186 2176 1376 2232 factam
1407 2179 1622 2244 dicens,
1655 2181 1888 2234 ostendit
1911 2223 1924 2244 ,
1957 2197 2072 2236 ser-

483 2285 601 2324 vam
633 2287 748 2325 eam
780 2280 936 2326 antea
963 2276 1136 2331 adhuc
1162 2277 1370 2331 vivente
1399 2274 1590 2328 marito
1618 2274 1798 2336 fuisse;
1829 2280 1948 2343 quae
1979 2290 2070 2328 au-

481 2367 593 2417 tem
617 2380 768 2419 serva
791 2376 893 2430 est,
913 2381 975 2423 ac
998 2369 1208 2422 subdita
1227 2359 1353 2438 legi,
1382 2367 1588 2422 etiamsi
1617 2365 1808 2421 millies
1833 2367 2070 2422 lihellum

483 2455 688 2522 repudii
719 2458 965 2526 accipiat,
991 2459 1236 2513 adulterii
1280 2457 1533 2527 ligabitur
1561 2448 1698 2526 lege.
1744 2456 1876 2510 Nam
1904 2458 2072 2511 servis

480 2547 693 2617 quidem
729 2549 849 2603 licet
878 2559 1084 2604 mutare
1124 2549 1371 2604 dominos
1399 2550 1670 2613 viventes,
1699 2549 1848 2603 uxori
1892 2557 2071 2602 autem

483 2656 588 2694 non
635 2641 814 2695 licebit
853 2643 999 2696 viros
1039 2651 1400 2707 commutare,
1433 2641 1644 2695 vivente
1674 2655 1812 2693 suo:
1847 2653 1968 2692 nam
2019 2637 2071 2693 id

480 2733 798 2787 adulterium
827 2742 992 2789 esset.
1038 2733 1115 2788 Ne
1145 2734 1272 2787 mihi
1303 2734 1450 2803 leges
1495 2732 1561 2787 ab
1588 2731 1790 2787 exteris
1829 2730 2073 2786 conditas

481 2823 646 2893 legas,
677 2825 1045 2894 praecipientes
1086 2825 1198 2880 dari
1250 2824 1488 2879 libellum
1522 2822 1762 2892 repudii,
1793 2831 1848 2878 et
1869 2821 2070 2877 divelli.

481 2907 663 2986 Neque
690 2917 830 2971 enim
861 2916 1010 2986 juxta
1039 2915 1157 2970 illas
1179 2915 1514 2986 judicaturus
1551 2923 1633 2970 est
1663 2923 1716 2969 te
1743 2915 1885 2969 Deus
1908 2914 1958 2967 in
1985 2913 2073 2969 die

483 3007 590 3070 illa,
619 3008 713 3061 sed
743 3007 1036 3062 secundum
1063 3023 1152 3061 cas
1173 3049 1189 3072 ,
1219 3022 1352 3077 quas
1374 3007 1488 3076 ipse
1523 3006 1726 3061 statuit.
1773 3005 1945 3060 Etiam
1975 3020 2077 3060 ex-

482 3106 650 3155 terna:
676 3100 822 3170 leges
851 3116 958 3154 non
985 3100 1320 3174 simpliciter,
1355 3113 1453 3154 nec
1479 3098 1723 3154 absolute
1750 3097 1850 3152 hoc
1876 3112 2072 3168 posue-

489 3200 613 3245 runt
643 3210 657 3246 :
689 3206 808 3244 nam
850 3200 902 3245 et
953 3192 1081 3259 ipsa:
1113 3191 1338 3260 puniunt
1365 3188 1562 3245 factum
1583 3232 1598 3257 ,
1627 3198 1682 3244 et
1712 3184 1837 3243 hinc
1876 3189 2071 3256 liquet,

485 3295 578 3337 eas
601 3293 876 3351 peccatum
908 3273 1060 3336 valde
1080 3297 1220 3350 :rgre
1247 3281 1451 3336 tulisse.
1484 3277 1634 3336 Unde
1657 3294 1774 3335 eam
1793 3321 1808 3342 ,
1834 3287 1953 3349 ψιτρ
1975 3294 2075 3332 au-

481 3384 598 3427 cmr
629 3372 786 3427 fuerit
815 3371 1020 3441 repudii
1044 3413 1058 3436 ,
1085 3371 1279 3426 nudam
1307 3381 1361 3426 et
1408 3372 1688 3441 spoliatam
1737 3370 2076 3426 facultatibus

483 3466 722 3532 ejiciunt,
755 3475 809 3520 et
836 3477 960 3518 eum
986 3479 1014 3518 a
1059 3479 1165 3534 quo
1192 3464 1313 3518 data
1343 3463 1503 3520 fuerit
1531 3461 1898 3518 dissolutionis
1921 3475 2076 3516 occa-

483 3559 566 3612 sio
587 3599 602 3621 ,
633 3559 794 3612 etiam
850 3556 1158 3612 facultatum
1182 3556 1388 3626 jactura
1431 3557 1692 3624 puniunt,
1719 3565 1774 3610 et
1815 3569 1945 3609 sane
1973 3553 2076 3608 hoc

478 3646 761 3712 facientes,
791 3647 986 3703 factum
1014 3647 1139 3703 illud
1164 3663 1268 3703 non
1298 3646 1765 3703 commendabant.

555 3741 610 3794 2.
638 3740 772 3808 Quid
806 3741 989 3810 igitur?
1017 3742 1083 3796 Et
1107 3739 1316 3805 Moses,
1343 3741 1529 3805 aiunt,
1564 3738 1668 3796 hoc
1694 3741 1818 3794 limit
1849 3755 1863 3792 :
1893 3747 1946 3794 et
1987 3729 2077 3794 ille

487 3843 708 3903 propter
750 3832 993 3888 eamdem
1036 3833 1204 3901 ipsam
1233 3846 1474 3886 causam.
1503 3831 1585 3887 Tu
1614 3844 1744 3886 vero
1772 3829 1896 3887 audi
1917 3827 2076 3885 Chri-

487 3935 628 3979 stum
673 3924 980 3989 dicentem,
1013 3922 1134 3978 Nisi
1175 3923 1504 3980 abundaverit
1523 3922 1730 3994 justitia
1767 3929 1930 3976 vestra
1960 3921 2078 3991 plus

486 4033 639 4086 quam
667 4015 962 4074 Scribarum
984 4025 1032 4070 et
1055 4015 1438 4070 Pharisaeorum
1458 4056 1473 4082 ,
1505 4031 1608 4072 non
1637 4013 1888 4071 intrabitis
1916 4015 1970 4072 in
1996 4029 2079 4068 re-

487 4126 640 4178 gnum
657 4109 893 4162 cwlorum
913 4107 1126 4176 (Matth.
1151 4108 1204 4164 5.
1227 4108 1343 4177 20).
1358 4107 1496 4164 Audi
1523 4107 1671 4162 illum
1691 4121 1875 4162 rursus
1892 4106 2078 4164 dicen-

491 4213 595 4254 tem
628 4218 640 4253 :
671 4199 772 4266 Qui
798 4200 1044 4256 dimiserit
1071 4215 1278 4254 uxorem
1303 4215 1479 4265 suam,
1507 4207 1714 4270 excepta
1752 4214 1908 4256 causa
1931 4196 2082 4266 adut-

491 4294 601 4345 terli
623 4333 638 4356 ,
675 4293 795 4364 facit
844 4293 990 4346 illam
1031 4293 1317 4346 adulteram
1358 4291 1469 4361 ﬁeri
1499 4306 1518 4345 :
1544 4303 1591 4345 et
1620 4291 1706 4361 qui
1740 4290 2000 4348 dimissam
2027 4285 2081 4342 in

489 4400 700 4438 umorem
739 4385 973 4449 duxerit,
1014 4386 1214 4440 adulter
1241 4386 1297 4454 ﬁt
1325 4383 1539 4456 (Matth.
1582 4384 1638 4439 5.
1689 4383 1800 4450 δε).
1853 4382 2082 4452 Propter

491 4476 592 4530 hoc
637 4475 784 4531 venit
832 4477 1135 4546 unigenitus
1164 4477 1331 4532 Filius
1373 4477 1506 4543 Dei,
1547 4485 1764 4546 propter
1812 4477 1914 4531 hoc
1939 4476 2080 4530 servi

493 4569 716 4626 formam
735 4570 1040 4638 assumpsit,
1063 4579 1278 4639 propter
1301 4569 1403 4624 lioc
1422 4568 1734 4638 sanguinem
1753 4567 1934 4622 elIudit
1963 4578 2084 4636 pre-

492 4661 718 4726 tiosum,
748 4671 976 4719 mortem
1011 4661 1306 4727 destruxit,
1336 4669 1616 4732 peccatum
1665 4661 1948 4724 exstinxit,
1977 4659 2083 4715 lar-

489 4752 692 4820 giorem
712 4752 942 4821 Spiritus
969 4753 1190 4821 gratiam
1219 4752 1384 4817 dedit,
1418 4761 1475 4807 ut
1499 4752 1566 4808 ad
1589 4752 1758 4820 majus
1791 4762 1843 4808 te
1869 4752 2084 4822 sapien-

493 4846 579 4900 tia:
622 4845 858 4902 studitun
903 4844 1199 4902 induceret.
1232 4845 1380 4900 Alias
1430 4845 1591 4899 etiam
1640 4844 1813 4900 Moses
1855 4861 1966 4900 non
2010 4845 2082 4900 ita

495 4935 806 5004 simpliciter
833 4937 1006 5006 legem
1033 4935 1172 4990 hanc
1196 4935 1346 5001 tulit,
1377 4935 1472 4991 sed
1498 4951 1620 4990 cum
1647 4945 1932 5005 cogeretur
1961 4950 2082 4992 sese

495 5033 852 5094 attemperare
894 5042 1080 5081 eorum
1124 5027 1317 5096 quibus
1361 5027 1527 5096 legem
1554 5026 1734 5093 dabat,
1765 5025 2078 5082 inﬁrmitati.

498 5115 630 5172 Nam
660 5119 911 5185 quoniam
941 5119 1006 5174 ad
1035 5117 1210 5174 caedes
1235 5118 1467 5188 prompti
1496 5127 1669 5185 erant,
1697 5126 1751 5172 et
1775 5117 1963 5173 domos
1989 5133 2082 5170 co-

495 5215 657 5273 gnato
673 5207 958 5275 replebant
983 5210 1242 5279 sanguine
1262 5250 1279 5276 ,
1303 5219 1364 5265 .et
1391 5225 1563 5279 neque
1589 5210 1723 5276 suis,
1754 5225 1927 5280 neque
1953 5209 2085 5266 alie-

499 5297 581 5350 nis
614 5298 944 5366 parcebant,
973 5315 1040 5354 ne
1072 5301 1214 5355 intus
1255 5301 1564 5356 occiderent
1595 5315 1788 5360 uxores
1813 5343 1827 5367 ,
1857 5317 1975 5370 qua:
1999 5302 2082 5355 in-

495 5396 661 5454 graue
689 5397 842 5444 era-nt
864 5429 879 5453 ,
911 5393 1164 5462 pracepit
1204 5392 1347 5447 foras
1371 5393 1690 5459 mittendas,
1722 5407 1829 5464 quo
1871 5394 2084 5463 gravius

501 5477 730 5542 malum,
789 5495 981 5551 nempe
1034 5482 1444 5540 liomicidiorum
1501 5484 1725 5538 facilitas
1779 5485 2080 5539 tolleretur.

500 5569 642 5624 Sane
662 5570 801 5639 quod
824 5571 1100 5630 homicida:
1120 5576 1336 5642 fuerint,
1357 5577 1480 5632 audi
1507 5576 1792 5645 preplietas
1808 5576 2082 5631 dicentes:

504 5658 848 5730 Ediﬁcantes
876 5663 1006 5720 Sion
1033 5666 1086 5719 in
1122 5668 1386 5738 sanguine,
1415 5677 1461 5723 et
1488 5666 1775 5724 Jerusalem
1803 5669 1854 5721 in
1877 5668 2080 5738 injusti-

499 5753 580 5808 tiis
622 5755 805 5828 (Mich.
849 5758 901 5813 5.
959 5756 1047 5828 10)
1074 5774 1088 5825 ;
1120 5767 1176 5815 et
1213 5759 1404 5818 iterum
1438 5779 1452 5815 :
1483 5760 1796 5832 Sanguinem
1835 5759 2075 5831 sanguini

1214 313 1274 369 S.
1314 302 2090 371 JOANNIS'CRBYSOSTOMI
2129 307 2448 374 ARCiilEP.
2487 313 3016 383 CONSTANTINOP.

3655 342 3765 398 220

2177 432 2385 486 miscent
2408 433 2560 503 (Osee
2607 437 2660 490 4.
2686 436 2764 509 2);
2797 448 2850 493 et
2881 441 3101 496 iterum:
3121 441 3307 498 Manus
3328 446 3502 502 reslrtr
3518 456 3763 521 sanguine

2173 524 2335 592 planta
2367 525 2387 596 (
2413 523 2521 579 Isai
2566 529 2617 582 1.
2648 530 2716 584 15
2736 529 2776 598 ).
2811 530 2876 584 Ει
2905 533 3044 602 quod
3086 549 3190 588 non
3213 536 3383 590 solum
3409 551 3596 594 eontra
3624 544 3761 595 alio-

2172 632 2310 682 nos,
2367 617 2460 671 sed
2511 620 2672 674 etiam
2727 633 2911 676 contra
2956 640 3083 679 suos
3129 628 3435 695 saevierint,
3466 631 3536 684 ita
3585 635 3761 686 mani-

2173 706 2372 762 festaus
2416 711 2672 779 propheta
2730 711 2941 768 dicebat
2983 735 2996 770 :
3034 715 3423 773 Immolaverunt
3473 723 3608 790 ﬁlios
3645 741 3763 779 suos

2171 807 2216 851 et
2259 799 2395 867 ﬁlias
2446 818 2564 855 suas
2607 802 2871 859 daemoniis
2902 805 3071 878 (Psal.
3114 809 3235 864 l05.
3289 813 3403 881 57).
3433 814 3532 879 Qui
3582 828 3761 870 autem

2174 905 2278 944 non
2312 893 2598 960 parcebant
2645 895 2859 960 liberis,
2892 899 3072 968 utique
3121 917 3218 955 nec
3258 904 3511 958 uxoribus
3564 912 3764 976 peper-

2172 984 2390 1068 cissent.
2428 985 2495 1040 Ut
2537 1001 2607 1041 ne
2653 988 2832 1058 itaque
2861 989 2962 1044 hoc
2987 991 3254 1046 accideret
3276 1035 3291 1058 ,
3321 994 3449 1048 illud
3497 1001 3759 1065 permisit.

2244 1072 2600 1142 lnseparabile
2641 1080 3020 1133 matrimonium
3045 1083 3109 1134 ab
3141 1083 3305 1136 initio.
3335 1114 3406 1124 —
3425 1084 3766 1156 Quapropter

2171 1171 2227 1219 e‘t
2257 1165 2504 1221 Christus
2552 1168 2754 1224 iudicis
2785 1172 3111 1241 rogantibus,
3155 1185 3209 1228 et
3252 1175 3553 1232 dicentibus
3585 1196 3598 1231 :
3626 1178 3766 1243 Quo-

2172 1257 2323 1311 modo
2394 1260 2552 1329 igitur
2601 1259 2773 1316 Moses
2843 1265 3072 1332 permisit
3117 1265 3240 1320 dare
3287 1269 3512 1322 libellum
3565 1273 3766 1340 repudii

2173 1346 2387 1409 (Matth.
2419 1351 2505 1406 t9.
2530 1351 2619 1423 7)?
2655 1354 2941 1410 ostendens
2968 1356 3110 1425 quod
3159 1374 3262 1411 non
3291 1362 3615 1416 contrariam
3652 1377 3767 1417 suae.

2172 1439 2342 1508 legem
2369 1441 2545 1496 ferens
2583 1444 2656 1498 ita
2699 1447 2994 1516 scripserit,
3026 1448 3166 1502 dixit
3199 1450 3408 1506 :Moses
3441 1455 3596 1524 juxta
3623 1455 3768 1508 duri-

2173 1531 2294 1583 tiam
2321 1533 2487 1586 cordis
2510 1537 2656 1588 vestri
2673 1534 2916 1605 ‘loquutus
2941 1550 3012 1592 est
3032 1580 3047 1602 ,
3076 1539 3137 1592 ab
3158 1541 3302 1594 initio
3330 1552 3497 1596 autem
3532 1560 3633 1598 non
3659 1553 3769 1599 erat

2173 1622 2246 1674 sic
2273 1621 2434 1694 (Ibid.
2459 1641 2504 1680 υ.
2537 1625 2589 1695 8)
2614 1641 2628 1691 ;
2658 1628 2745 1679 sed
2771 1629 2857 1696 qui
2878 1629 2998 1698 fecit
3022 1629 3083 1683 ab
3114 1632 3281 1699 initio,
3309 1635 3589 1688 masculum
3614 1647 3662 1690 et
3691 1641 3771 1708 [e-

2174 1716 2364 1769 minam
2389 1717 2506 1786 fecit
2533 1718 2650 1773 illos
2679 1718 2787 1790 (Ib.
2811 1737 2858 1774 υ.
2883 1723 2960 1789 4).
2989 1723 3045 1778 Si
3075 1724 3178 1779 hoc
3205 1727 3403 1780 bonum
3439 1727 3646 1793 fuisset,
3681 1732 3770 1785 in-

2174 1809 2308 1878 quit,
2339 1824 2442 1863 non
2490 1827 2653 1866 unum
2689 1815 2862 1868 virum
2906 1825 2961 1869 et
2991 1829 3149 1871 unam
3193 1821 3471 1874 mulierem
3497 1821 3718 1878 fecisset
3747 1866 3766 1887 ,

2176 1903 2268 1957 sed
2318 1918 2424 1959 uno
2463 1905 2632 1958 Adam
2679 1907 2894 1961 condito
2938 1908 3073 1962 duas
3122 1909 3337 1966 fecisset
3389 1914 3674 1977 mulieres,
3718 1916 3770 1970 si

2175 1993 2390 2062 quidem
2437 1995 2695 2050 voluisset
2738 2013 2897 2051 unam
2929 2000 3142 2067 quidem
3175 2003 3294 2070 ejici
3319 2043 3334 2066 ,
3385 2003 3607 2057 alteram
3633 2021 3771 2059 vero

2180 2084 2394 2151 induci;
2429 2101 2570 2140 nunc
2594 2102 2725 2140 vero
2748 2088 2863 2157 ipso
2901 2089 3234 2145 formationis
3285 2093 3443 2147 modo
3473 2094 3648 2164 legem
3683 2095 3773 2148 in-

2175 2177 2346 2243 duxit,
2379 2194 2536 2247 quam
2564 2194 2665 2248 ego
2709 2195 2852 2234 nunc
2901 2182 3100 2237 scribo.
3147 2183 3216 2237 Et
3254 2200 3497 2252 quaenam
3526 2195 3611 2240 est.
3641 2186 3776 2240 illa?

2175 2266 2302 2322 Ilaec
2328 2269 2539 2339 utique,
2581 2271 2708 2324 Eam
2739 2272 2839 2326 sibi
2881 2273 3106 2343 quisque
3136 2284 3356 2329 uxorem
3414 2289 3594 2332 servet
3621 2294 3776 2332 sem-

2177 2375 2292 2429 per,
2321 2376 2480 2430 quam
2537 2361 2686 2416 initio
2737 2365 2958 2418 sortitus
3009 2375 3110 2420 est.
3163 2368 3287 2422 llaec
3335 2369 3419 2426 lex
3474 2371 3773 2440 antiquior,

2177 2469 2335 2523 quam
2365 2455 2452 2508 illa
2498 2455 2564 2509 de
2597 2457 2776 2511 libello
2806 2459 3033 2528 repudii,
3064 2469 3118 2514 et
3161 2469 3328 2523 tanto,
3357 2469 3557 2533 quanto
3598 2465 3777 2518 Adam

2177 2545 2294 2615 ipso
2323 2546 2489 2602 Mose.
2539 2549 2602 2602 lit
2633 2551 2831 2605 idcirco
2863 2567 3002 2606 nunc
3033 2553 3164 2606 nihil
3195 2571 3392 2609 novum
3435 2566 3635 2621 sector,
3666 2573 3772 2610 ne-

2177 2651 2281 2706 que
2321 2640 2598 2708 peregrina
2638 2640 2803 2695 affero
2847 2633 3062 2698 decreta
3088 2686 3103 2709 ,
3136 2646 3228 2700 sed
3273 2638 3419 2703 .‘liose
3467 2649 3778 2718 antiquiora

2177 2735 2232 2782 ct
2259 2729 2456 2797 priora.
2487 2731 2678 2800 Opera:
2731 2743 2908 2787 autem
2950 2736 3176 2803 pretium
3228 2733 3385 2791 fuerit
3421 2747 3478 2793 et
3504 2739 3663 2793 Mosis
3688 2740 3778 2794 le-

2175 2833 2296 2889 gem
2328 2820 2492 2886 illam,
2520 2830 2677 2891 quam
2707 2823 2776 2878 de
2821 2824 2920 2880 hac
2948 2841 3006 2880 re
3039 2827 3253 2896 posuit,
3286 2830 3473 2884 audire
3498 2847 3512 2882 :
3537 2829 3600 2884 Si
3621 2831 3777 2900 quis,

2179 2911 2386 2982 inquit,
2417 2915 2664 2982 acceperit
2721 2931 2928 2969 uxorem
2952 2959 2966 2981 ,
3008 2924 3054 2970 et
3091 2918 3385 2979 habitaverit
3428 2936 3545 2974 cum
3587 2921 3702 2983 illa;
3730 2931 3782 2973 ct

2178 3003 2294 3070 erit,
2322 3003 2366 3056 si
2387 3019 2485 3056 non
2506 3004 2745 3058 invenerit
2778 3007 2994 3076 gratiam
3015 3023 3185 3060 coram
3213 3007 3303 3061 illo
3324 3049 3338 3070 ,
3367 3011 3487 3079 quia
3514 3010 3702 3063 invenit
3723 3012 3780 3064 in

2177 3093 2269 3148 illa
2323 3095 2650 3165 turpitudinis
2679 3105 2784 3150 rem
2810 3139 2824 3160 ,
2856 3097 3036 3152 scribet
3080 3101 3159 3153 illi
3197 3100 3421 3154 libellum
3460 3103 3698 3170 repudii,
3730 3113 3781 3157 et

2179 3185 2316 3240 dabit
2361 3188 2412 3241 in
2455 3204 2635 3242 manus
2683 3189 2988 3260 ejus(Deut.
3015 3190 3105 3244 24.
3141 3193 3218 3259 1).
3247 3191 3399 3255 Vide.
3440 3209 3549 3248 non
3601 3195 3774 3259 dixit,

2177 3275 2407 3332 Scribito
2437 3287 2492 3332 et
2519 3279 2666 3343 dato,
2693 3279 2784 3334 sed
2804 3281 2956 3350 quid?
2983 3281 3177 3336 Scribet
3199 3283 3275 3336 illi
3298 3284 3525 3339 libellum
3545 3286 3774 3355 repudii,

2178 3377 2225 3421 et
2260 3369 2403 3422 dabit
2447 3370 2498 3424 in
2524 3387 2704 3428 manus
2731 3371 2858 3442 ejus.
2910 3371 3154 3441 Magnum
3196 3383 3375 3428 autem
3421 3375 3564 3430 inter
3590 3376 3698 3430 hoc
3721 3387 3778 3430 et

2179 3458 2308 3513 illud
2335 3461 2622 3514 discrimen
2649 3479 2662 3515 :
2687 3477 2809 3516 nam
2858 3461 3069 3527 dicere,
3106 3463 3318 3517 Scribat
3338 3464 3580 3519 libellum
3610 3482 3776 3536 repu—

2179 3550 2274 3612 dii.
2302 3560 2358 3606 et
2379 3551 2474 3606 det
2502 3551 2553 3606 in
2573 3567 2762 3607 manus
2787 3553 2903 3622 ejus
2926 3596 2941 3619 ,
2968 3553 3205 3623 jubentis
3241 3569 3306 3610 ac
3323 3557 3645 3626 imperantis
3671 3569 3775 3621 est;

2181 3641 2359 3698 dicere
2385 3653 2583 3710 autem,
2616 3645 2811 3700 Scribet
2833 3645 3058 3700 libellum
3095 3648 3314 3717 repudii,
3345 3658 3391 3702 et
3419 3649 3562 3704 dabit
3577 3657 3638 3703 in
3663 3667 3778 3703 ma-

2183 3749 2279 3788 nus
2304 3734 2434 3803 ejus,
2456 3737 2824 3792 annmtiantis
2849 3738 3063 3803 factum,
3079 3747 3134 3792 et
3159 3754 3268 3794 non
3293 3741 3569 3810 propriam
3601 3742 3776 3810 legem

2182 3826 2572 3883 iutroducentis
2607 3837 2708 3883 est.
2744 3828 2926 3900 Igitur,
2957 3830 3018 3886 Si
3037 3832 3168 3901 quis,
3196 3832 3304 3898 ait,
3327 3833 3499 3903 ejiciat
3520 3849 3734 3887 uxorem
3760 3865 3777 3896 ,

2183 3925 2229 3974 et
2246 3919 2472 3974 dimittat
2505 3922 2647 3976 illam
2689 3938 2754 3976 ex
2771 3922 2921 3977 domo
2949 3939 3040 3978 sua
3060 3940 3079 3978 .'
3100 3935 3146 3978 et
3175 3941 3290 3978 cum
3315 3926 3496 3979 abierit
3523 3968 3538 3993 ,
3561 3927 3610 3980 si
3627 3927 3782 3996 fuerit

2183 4011 2330 4066 alteri
2357 4013 2484 4078 viro,
2516 4023 2563 4066 et
2591 4013 2709 4067 odio
2731 4012 2875 4072 illam
2897 4014 3125 4070 flabuerit
3154 4016 3305 4069 etiam
3331 4015 3407 4070 vir
3435 4017 3707 4086 posterior,
3731 4025 3784 4070 et

2177 4105 2440 4174 scripserit
2485 4105 2564 4159 illi
2595 4105 2818 4160 libellum
2839 4107 3039 4176 repudii
3059 4149 3076 4171 ,
3101 4119 3146 4164 et
3167 4107 3360 4164 dederit
3383 4110 3435 4163 in
3461 4124 3646 4164 manus
3668 4110 3786 4178 ejus

2183 4204 2230 4249 et
2251 4195 2441 4249 emittat
2463 4195 2605 4252 illam
2631 4214 2692 4252 eo;
2709 4197 2858 4256 domo
2876 4215 2968 4254 sua
2986 4212 3005 4251 :
3027 4199 3072 4254 si
3095 4210 3322 4256 mortuus
3347 4202 3500 4270 fuerit
3521 4200 3662 4254 illius
3679 4200 3786 4262 uir.

2186 4287 2273 4356 qui
2300 4289 2492 4357 accepit
2511 4288 2606 4342 sibi
2625 4289 2765 4343 illam
2791 4306 3000 4344 uxorein
3025 4331 3038 4351 ,
3071 4308 3173 4346 non
3200 4292 3380 4360 poterit
3397 4291 3481 4346 uir
3510 4292 3671 4358 priar,
3693 4293 3791 4358 qui

2187 4377 2448 4436 dimiserat
2475 4379 2651 4442 illaut,
2675 4379 2913 4434 reducere
2935 4421 2950 4445 ,
2979 4390 3027 4438 et
3055 4382 3282 4450 accipere
3315 4398 3426 4436 eam
3449 4383 3546 4436 sibi
3574 4385 3628 4435 in
3653 4398 3795 4434 uxo-

2181 4485 2292 4525 rem
2319 4470 2424 4541 (1b.
2465 4489 2514 4526 υ.
2539 4471 2681 4545 2-4).
2719 4473 2922 4529 Deinde
2951 4483 3260 4530 monstrans
3299 4489 3358 4529 se
3403 4489 3513 4528 non
3560 4474 3794 4528 iamiam

2183 4561 2404 4627 factum,
2429 4578 2603 4633 neque
2631 4563 2936 4633 conjugium
2967 4579 3089 4619 esse
3109 4575 3294 4634 putare
3314 4604 3329 4631 ,
3358 4564 3452 4618 sed
3485 4565 3795 4619 inﬁrmitati

2185 4671 2373 4712 eorum
2396 4672 2517 4711 sese
2537 4666 2915 4726 attemperare.
2935 4666 3221 4726 postquam
3243 4657 3377 4711 dixit
3409 4674 3423 4710 :
3451 4657 3574 4710 Non
3595 4658 3798 4727 poterit

2188 4748 2266 4802 uir
2286 4748 2424 4818 prior
2447 4748 2676 4819 accipere
2709 4747 2853 4801 illam
2877 4749 2972 4801 sibi
2995 4749 3048 4802 in
3090 4764 3298 4804 uxorem
3317 4786 3334 4812 ,
3353 4747 3560 4802 addidit
3583 4790 3600 4812 ,
3627 4746 3800 4802 Postv-

2187 4855 2337 4909 quam
2360 4840 2558 4909 polluta
2578 4849 2650 4894 est
2667 4837 2774 4911 (Ib.
2802 4855 2851 4892 υ.
2876 4840 2932 4909 4)
2965 4856 2976 4891 :
3014 4839 3293 4894 declarans
3313 4852 3417 4907 per
3440 4837 3601 4906 hujus
3627 4839 3799 4893 verbi

2191 4930 2432 4996 modum,
2465 4929 2606 5000 quod
2636 4929 2886 4986 secunda:
2913 4929 3111 4999 noptia:
3135 4966 3152 4994 ,
3185 4929 3392 4984 vivente
3415 4929 3600 4998 priore
3625 4929 3760 4983 vim
3781 4971 3799 4994 ,

2188 5021 2413 5091 pollutio
2465 5021 2636 5091 magis
2683 5021 2792 5076 sint
2841 5033 3000 5090 quam
3048 5020 3355 5089 conjugium
3386 5028 3646 5089 :prOpter
3684 5019 3803 5072 hoc

2192 5129 2297 5168 non
2327 5113 2494 5178 dixit,
2523 5113 2812 5182 Postquam
2840 5113 2982 5166 illam
3021 5111 3073 5165 in
3103 5126 3329 5164 uxorem
3353 5109 3588 5164 duxerit.
3617 5107 3807 5162 Vides

2189 5220 2347 5275 quam
2375 5219 2609 5258 consona
2635 5219 2755 5262 cum
2784 5201 2998 5264 Christo
3040 5201 3311 5269 loquatur?
3331 5199 3540 5254 Deinde
3569 5209 3621 5252 et
3661 5214 3806 5254 can-

2187 5312 2302 5352 sam
2333 5299 2619 5368 apposuit,
2648 5294 2799 5360 Quod
2819 5293 3125 5352 abominatio
3159 5293 3225 5346 sit
3254 5309 3424 5345 coram
3454 5291 3560 5346 Deo
3583 5290 3709 5362 (Ib.
3749 5311 3803 5345 τε.

2190 5390 2268 5458 4).
2292 5385 2361 5446 Ει
2388 5389 2560 5442 Moses
2587 5388 2802 5457 quidem
2830 5388 2907 5440 sic
2935 5402 2951 5442 :
2982 5385 3238 5454 prepheta
3268 5394 3446 5442 autem
3494 5383 3811 5440 Malacliias

2189 5479 2357 5533 multo
2385 5476 2735 5536 manifestius,
2757 5491 2917 5546 quam
2945 5475 3140 5537 Moses,
3166 5472 3268 5528 hoc
3287 5473 3654 5536 demonstrat;
3691 5475 3812 5528 imo

2191 5573 2366 5642 potius
2395 5586 2502 5626 non
2529 5569 2850 5631 Malacliias,
2883 5566 2978 5622 sed
3009 5567 3148 5620 Deus
3177 5581 3269 5634 per
3310 5563 3624 5619 Maiacliiam
3654 5607 3675 5629 ,
3717 5569 3815 5622 his

2190 5663 2388 5720 verbis.
2421 5660 2685 5732 Numquid
2710 5661 2918 5728 dignum
2958 5658 3207 5726 respicere
3247 5657 3314 5709 ad
3345 5655 3668 5722 sacriﬁcium
3713 5676 3815 5712 re-

2191 5765 2352 5812 strum
2373 5756 2396 5810 ῖ)
2415 5757 2490 5811 vel
2511 5755 2731 5827 recipere
2759 5752 3067 5826 acceptabile
3093 5751 3155 5806 de
3183 5739 3415 5805 omnibus
3440 5748 3623 5804 vestris
3659 5752 3814 5824 (Ma-
