3990 6358
279 289 389 346 219

281 403 548 469 ἁλύσεως,
584 405 985 478 κατηγοροῦντα
1020 408 1293 477 μοιχείαν,
1327 406 1729 478 κατηγοροῦντα
1749 405 1855 458 τῶν

282 487 688 558 Ααμϐανόντων,
715 491 809 542 καὶ
832 491 1055 558 λέγοντα
1074 508 1086 520 ·
1115 489 1395 562 Περίεστιν
1421 495 1448 544 ὁ
1473 493 1607 562 ἀνὴρ
1641 492 1741 550 ἔτι,
1767 489 1860 542 καὶ

283 572 504 642 μοιχεία
530 573 590 625 τὸ
617 575 896 644 γινόμενόν
928 577 1065 629 ἐστι.
1089 575 1260 642 Γυνὴ
1293 576 1402 644 γὰρ
1421 575 1651 628 δέδεται
1677 576 1856 642 νόμῳ,

277 655 373 722 ἐφ’
421 655 574 708 ὅσον
617 657 838 724 χρόνον
879 655 946 725 ζῇ
979 661 1011 710 ό
1056 657 1210 726 ἀνὴρ
1254 657 1462 724 αὐτῆς.
1516 657 1624 710 Καὶ
1662 655 1778 721 πᾶς
1827 659 1858 708 ὀ

276 739 747 808 ἀπολελυμένην
775 741 978 811 γαμῶν
1007 741 1302 811 μοιχᾶται.
1343 742 1453 793 Καὶ
1487 741 1638 801 πότε,
1673 740 1855 808 φησὶν,

279 821 495 885 ἐξέσται
555 825 692 895 αὐτῇ
756 826 1030 894 δευτέροις
1084 825 1339 895 ὁμιλῆσαι
1391 825 1588 894 γάμοις
1626 841 1641 887 ;
1676 825 1855 888 Πότε;

283 904 452 958 Ὅταν
496 906 589 974 τῆς
622 907 860 971 ἁλύσεως
886 908 1192 979 ἀπαλλαγῇ,
1223 909 1352 961 ὅταν
1387 909 1414 960 6
1439 909 1578 978 ἀνὴρ
1606 905 1857 976 τελευτὴ-

280 1005 368 1058 σῃ.
421 990 586 1044 Ιόῦτο
610 990 741 1058 γοῦν
782 991 988 1062 δηλῶν,
1031 993 1093 1045 οὐ
1127 991 1464 1063 προσέθηκεν
1484 1032 1498 1052 ,
1531 991 1610 1042 ὅτι
1635 990 1744 1046 Εὰν
1769 1007 1858 1042 τε-

277 1071 515 1144 λευτήσῃ
543 1077 571 1127 6
595 1073 732 1145 ἀνὴρ
765 1077 954 1144 αὐτῆς,
975 1074 1230 1146 ἐλευθέρα
1262 1075 1408 1128 ἐστὶν
1430 1068 1475 1141 ᾧ
1499 1073 1643 1127 θέλει
1675 1088 1855 1141 γαμη-

279 1156 460 1224 θῆναι,
496 1159 632 1222 ἀλλ’,
679 1161 820 1214 Ἐὰν
870 1159 1145 1228 κοιμηθῇ,
1185 1159 1466 1229 μονονουχὶ
1506 1155 1857 1227 παραμυθού-

281 1253 442 1306 μενος
465 1241 562 1311 τὴν
594 1243 650 1295 ἐν
677 1242 890 1312 χηρείᾳ,
920 1243 1012 1295 καὶ
1058 1242 1258 1294 πείθων
1289 1242 1472 1310 μένειν
1496 1241 1586 1294 ἐπὶ
1617 1239 1694 1308 τῷ
1723 1255 1855 1308 προ-

277 1321 455 1392 τέρῳ,
503 1325 597 1377 καὶ
647 1327 720 1398 μὴ
772 1326 1019 1396 δεύτερον
1066 1329 1380 1394 εἰσαγαγεῖν
1431 1325 1681 1394 νυμφίον.
1741 1326 1854 1377 υύκ

278 1403 602 1478 ἐτελεύτησέ
657 1426 751 1461 σου
791 1409 820 1459 6
847 1410 985 1480 ἀνὴρ
1005 1450 1018 1467 ,
1050 1408 1184 1462 ἀλλὰ
1231 1407 1496 1461 καθεύδει.
1531 1408 1572 1458 Τ
1580 1407 1626 1471 ίς
1658 1405 1854 1459 καθεύ-

277 1487 438 1542 δοντα
464 1491 564 1542 οὐκ
599 1493 889 1564 ἀναμένεις
923 1493 1021 1545 Διά
1043 1492 1201 1545 τοῦτό
1236 1507 1417 1560 φησιν.
1463 1491 1604 1544 Ἐὰν
1629 1491 1697 1543 δὲ
1726 1507 1852 1544 κοι-

270 1571 469 1640 μηθῇ,
498 1573 783 1642 ἐλευθέρα
829 1576 1001 1629 ἐστίν
1039 1568 1088 1640 ᾧ
1139 1573 1296 1629 θέλει
1351 1572 1682 1642 γαμηθῆναι
1714 1589 1727 1602 ·
1755 1574 1854 1626 οὐκ

275 1650 422 1718 εἷπε,
464 1655 772 1726 Γαμείσθω,
795 1656 877 1708 ἵνα
909 1657 984 1727 μὴ
1026 1657 1151 1728 δόξῃ
1189 1657 1471 1726 βιάζεσθαι
1491 1658 1584 1709 καὶ
1613 1657 1854 1724 ἀναγκά-

274 1735 394 1800 ζειν
413 1755 428 1768 ο
463 1737 586 1791 οὔτε
624 1739 862 1793 ἐκώλυσε
891 1741 1218 1811 βουλομένην
1250 1741 1455 1811 ὁμιλεῖν
1484 1741 1717 1811 δευτέρῳ
1748 1741 1851 1808 γὰο

279 1838 390 1888 μῳ,
420 1820 544 1873 οὔτε
570 1823 643 1892 μὴ
680 1823 935 1876 Θέλουσαν
980 1824 1369 1894 προετρέψατο,
1400 1823 1534 1876 ἀλλά
1567 1823 1658 1876 τὸν
1692 1823 1853 1892 νόμον

274 1904 495 1970 ἀνέγνω
529 1907 718 1969 εἰπὼν,
748 1907 1064 1974 Ἐλευθέρα
1115 1908 1288 1960 ἐστίν
1314 1900 1363 1972 ᾧ
1391 1907 1548 1960 θέλει
1590 1905 1853 1976 γαμηθῆ-

267 2003 395 2040 ντιι.
423 1989 737 2060 Ἐλευθέραν
760 1991 817 2043 δὲ
840 1990 1008 2062 αὐτὴν
1046 1990 1182 2060 μετὰ
1210 1989 1306 2060 τὴν
1341 1989 1436 2042 τοῦ
1459 1990 1649 2060 ἀνδρὸς
1669 1991 1852 2042 τελευ-

267 2070 373 2140 τὴν
405 2073 733 2142 γεγενῆσθαι
762 2073 957 2142 λέγων,
989 2073 1186 2138 ἔδειξεν
1218 2075 1298 2127 ὃτι
1333 2073 1439 2143 πρὸ
1472 2073 1661 2126 τούτου
1691 2073 1849 2144 δούλη

265 2149 362 2222 ἢν,
389 2155 587 2218 ζῶντος
633 2155 840 2209 ἐκείνου
867 2173 879 2186 ·
911 2155 1070 2226 δούλη
1107 2156 1162 2210 δὲ
1209 2151 1343 2209 οὖσα
1383 2157 1477 2209 καὶ
1519 2158 1849 2229 ὑποκειμένη

265 2236 350 2305 τῷ
376 2237 546 2306 νόμῳ,
572 2237 673 2290 κᾶν
697 2239 954 2308 μυριάκις
989 2238 1191 2308 βιϐλίον
1217 2240 1547 2293 ἀποστασίου
1583 2240 1743 2310 λάϐῃ,
1775 2242 1850 2311 τῷ

265 2321 375 2390 τῆς
409 2322 653 2390 μοιχείας
694 2321 972 2375 ἁλίσκεται
1017 2323 1184 2393 νόμῳ.
1218 2323 1469 2386 Οἰκέταις
1505 2325 1602 2394 μὲν
1627 2325 1735 2394 γὰρ
1767 2325 1852 2391 ἐξ-

265 2419 394 2455 εστι
425 2403 688 2467 δεσπότας
738 2406 986 2475 ἀμείϐειν
1015 2405 1220 2472 ζῶντας
1240 2422 1252 2432 ·
1277 2407 1495 2474 γυναικὶ
1537 2407 1594 2458 δὲ
1626 2408 1725 2460 ούκ
1763 2407 1850 2471 ἓξ-

265 2503 426 2538 εστιν
479 2488 675 2558 ἄνδρας
712 2489 984 2558 ἀμείϐειν,
1024 2489 1225 2552 ζῶντος
1258 2491 1352 2541 τοῦ
1388 2491 1578 2560 ἀνδρός
1600 2506 1611 2518 ·
1648 2492 1769 2543 ἐπεὶ
1791 2491 1852 2543 τὸ

276 2571 517 2640 πρᾶγμα
555 2574 762 2640 μοιχεία
809 2572 945 2626 ἐστί.
987 2573 1078 2643 Μὴ
1123 2573 1230 2644 γάρ
1281 2591 1368 2644 μοι
1403 2577 1530 2637 τοὺς
1558 2577 1706 2644 παρὰ
1739 2577 1850 2638 τοῖς

275 2653 484 2716 ἔξωθεν
520 2656 804 2724 κειμένους
836 2655 1032 2726 νόμους
1061 2656 1326 2725 ἀναγνῷς,
1356 2658 1484 2719 τοὺς
1533 2657 1849 2721 κελεύοντας

260 2737 473 2790 διδόναι
502 2737 704 2807 βιϐλίον
740 2739 1094 2804 ἀποστασίου,
1131 2740 1224 2792 καὶ
1252 2739 1604 2809 ἀφίστασθαι.
1636 2742 1710 2794 Οὐ
1741 2742 1852 2812 γάρ

261 2820 332 2891 δὴ
385 2823 525 2874 κατὰ
560 2814 784 2886 τούτους
825 2839 907 2875 σοι
961 2823 1144 2894 μέλλει
1194 2825 1401 2894 κρίνειν
1429 2824 1555 2886 τοὺς
1586 2824 1781 2894 νόμους
1821 2827 1849 2878 6

261 2903 404 2967 Θεὸς
427 2906 485 2956 ἐν
506 2908 570 2976 τῇ
604 2906 787 2977 ἡμέρα
811 2905 1012 2977 ἐκείνῃ,
1038 2907 1172 2960 ἀλλά
1208 2906 1328 2959 καθ’
1363 2906 1455 2971 οὓς
1481 2908 1639 2971 αὐτὸς
1662 2908 1844 2978 ἔθηκε.

263 2988 386 3039 Καὶ
408 2989 456 3040 οἱ
480 2988 584 3040 τῶν
613 2989 808 3056 ἔξωθεν
830 2990 887 3042 δὲ
904 2991 1058 3060 νόμοι
1081 2991 1179 3060 οὐχ
1203 2990 1407 3056 ἁπλῶς,
1425 2991 1546 3043 οὐδὲ
1577 3009 1849 3062 προηγου-

263 3071 452 3140 μένως
483 3071 641 3124 τοῦτο
661 3073 986 3138 τεθείκασιν,
1020 3074 1154 3128 ἀλλά
1177 3076 1268 3127 καὶ
1302 3075 1455 3128 αὐτοὶ
1479 3075 1763 3140 κολάζουσι
1788 3077 1848 3129 τὸ

261 3156 503 3225 πρᾶγμα
527 3171 541 3184 ·
565 3155 704 3209 ὥστε
730 3159 822 3210 καὶ
839 3157 1062 3210 αὐτόθεν
1081 3157 1372 3219 δείκνυται,
1396 3160 1480 3211 ὅτι
1513 3159 1689 3229 ἀηδῶς
1711 3160 1848 3230 πρὸς

257 3239 474 3306 ταύτην
497 3238 678 3309 ἔχουσι
718 3240 816 3310 τὴν
847 3241 1140 3312 ἁμαρτίαν.
1184 3241 1295 3309 Τὴν
1342 3240 1471 3309 γοῦν
1524 3243 1704 3294 αἰτίαν
1753 3243 1845 3295 τοῦ

259 3324 599 3376 ἀποστασίου
621 3325 913 3394 γινομένην
948 3325 1161 3394 γυμνὴν
1193 3324 1288 3377 καὶ
1317 3324 1523 3395 ἔρημον
1549 3325 1846 3397 χρημάτων

259 3406 623 3468 ἐκϐάλλουσι,
664 3408 756 3460 καὶ
801 3408 922 3462 ὅθεν
960 3409 1026 3461 ἂν
1076 3409 1300 3478 γένηται
1343 3409 1442 3477 τῆς
1478 3409 1774 3472 διαλύσεως
1811 3412 1844 3479 ἠ

259 3490 574 3559 πρόφασις,
613 3492 706 3543 καὶ
745 3493 812 3562 τῇ
853 3491 1026 3561 ζημίᾳ
1074 3493 1172 3562 τῆς
1217 3492 1404 3555 οὐσίας
1457 3492 1640 3545 τοῦτον
1689 3493 1847 3545 κολά-

258 3571 454 3636 ζουσιν
473 3591 486 3602 ·
517 3573 618 3626 οὐκ
653 3571 719 3626 ἂν
746 3571 839 3626 οὖν
870 3573 1025 3627 τοῦτο
1051 3576 1370 3644 ποιήσαντες
1409 3575 1642 3646 ἐπῄνουν
1670 3576 1730 3629 τὸ
1761 3594 1846 3645 γι-

255 3655 509 3726 νόμενον.

343 3758 407 3828 β’.
431 3759 497 3812 Τί
519 3755 611 3812 οῦν
633 3761 728 3812 καὶ
749 3760 987 3828 Μωῦσῆς
1006 3778 1021 3826 ;
1038 3759 1210 3815 Τοῦτο
1234 3760 1469 3833 ἔπραττε
1487 3765 1734 3828 κάκεῖνος
1758 3765 1845 3818 διὰ

253 3853 367 3924 τὴν
395 3851 564 3923 αὐτὴν
593 3852 791 3906 αἰτίαν.
809 3853 880 3906 Σὺ
905 3852 962 3904 δὲ
988 3852 1153 3906 ἄκουε
1183 3854 1276 3906 τοῦ
1306 3855 1540 3925 Χριστοῦ
1574 3855 1842 3924 λέγοντος,

253 3945 350 3996 ὅτι
384 3943 528 3996 Ἐὰν
533 3943 621 4012 μὴ
643 3944 1016 4012 περισσεύσῃ
1035 3945 1074 4012 ἡ
1094 3945 1446 4013 δικαιοσύνη
1471 3946 1637 4015 ὑμῶν
1656 3947 1846 4000 πλέον

254 4037 387 4092 τῶν
426 4037 810 4108 τραμματέαψ
860 4038 959 4093 καί
999 4039 1354 4106 Φαρισαίων,
1402 4042 1473 4094 οὐ
1505 4039 1594 4109 μὴ
1651 4039 1845 4094 εἰσέλ-

253 4131 409 4194 ϐητε
439 4131 526 4193 είς
563 4128 679 4194 τὴν
691 4129 1017 4191 βασιλείαν
1047 4128 1166 4181 τῶν
1188 4128 1480 4197 οὐρανῶν.
1515 4132 1711 4183 Ἄκουε
1744 4133 1844 4184 αύ-

254 4218 360 4271 τοῦ
394 4217 557 4271 πάλιν
585 4217 854 4285 λέγοντος,
906 4219 968 4271 Ὀ
1004 4220 1290 4272 ἀπολύων
1313 4220 1428 4286 τὴν
1459 4221 1712 4290 γυναῖκα
1739 4225 1846 4275 αὑ-

255 4309 371 4362 τοῦ
393 4308 686 4376 παρεκτὸς
704 4310 889 4377 λόγου
912 4311 1212 4377 πορνείας,
1227 4311 1382 4363 ποιεῖ
1399 4313 1594 4380 αὐτὴν
1603 4331 1844 4381 μοιχευ-

256 4401 466 4469 θῆναι,
493 4401 590 4454 καὶ
624 4403 656 4453 ὁ
677 4401 1142 4470 ἀπολελυμένην
1162 4402 1365 4471 γαμῶν
1375 4402 1671 4472 μοιχᾶται.
1692 4403 1840 4476 [205]

255 4493 364 4547 Διά
387 4491 547 4544 τοῦτο
574 4488 737 4562 ἦλθεν
755 4494 781 4544 6
807 4492 1099 4561 μονογενὴς
1126 4493 1250 4556 Υἱὸς
1270 4493 1363 4546 τοῦ
1389 4494 1546 4559 Θεοῦ,
1571 4496 1658 4549 διὰ
1687 4497 1844 4549 τοῦτο

255 4585 452 4638 δούλου
479 4584 692 4654 μορφὴν
713 4583 892 4643 ἔλαϐε,
919 4584 1008 4637 διὰ
1030 4583 1188 4637 τοῦτο
1209 4585 1269 4638 τὸ
1300 4581 1440 4654 αἷμα
1468 4586 1648 4656 ἐξέχεε
1680 4589 1742 4640 τὸ
1765 4589 1844 4640 τί-

258 4693 409 4746 μιον,
437 4675 531 4727 τὸν
583 4675 810 4728 θάνατον
844 4675 1136 4740 κατέλυσε,
1171 4675 1268 4746 τὴν
1317 4678 1588 4746 ἁμαρτίαν
1622 4678 1841 4742 ἔσϐεσε,

251 4764 658 4835 δαψιλεστέραν
700 4766 800 4835 τὴν
839 4764 934 4818 τοῦ
982 4765 1299 4836 Πνεύματος
1333 4767 1500 4820 ἔδωκε
1545 4770 1726 4839 χάριν,
1759 4771 1843 4823 ἵνα

254 4857 402 4925 πρὸς
429 4855 658 4926 μείζονά
687 4874 746 4909 σε
775 4857 958 4930 ἀγάγῃ
1001 4859 1340 4928 φιλοσοφίαν.
1379 4861 1588 4924 Ἀλλως
1621 4862 1698 4925 δὲ,
1722 4863 1842 4914 οὐδὲ

251 4954 285 5004 ὁ
318 4952 561 5021 Μωῦσῆς
605 4952 1032 5023 προηγουμένως
1071 4953 1228 5005 τοῦτο
1271 4952 1660 5022 ἐνομοθέτησεν
1681 4991 1696 5016 ,
1727 4954 1840 5006 ἀλλ’

251 5044 702 5116 ἀναγκαζόμενος
746 5046 1152 5115 συγκαταϐῆναι
1181 5048 1248 5116 τῇ
1292 5048 1398 5099 τῶν
1446 5046 1842 5117 νομοθετουμέ-

251 5153 366 5190 νων
414 5136 689 5207 ἀσθενείᾳ.
732 5137 948 5206 Ἐπειδὴ
987 5137 1097 5208 γὰρ
1138 5138 1272 5208 πρὸς
1301 5139 1496 5207 φόνους
1529 5134 1669 5208 ἦσαν
1703 5140 1842 5192 ἕτοισ

256 5245 386 5298 μοι,
419 5228 516 5280 καὶ
554 5228 892 5296 συγγενικῶν
926 5231 1173 5298 αἱμάτων
1196 5229 1295 5291 τὰς
1335 5229 1513 5292 οἰκίας
1545 5230 1839 5300 ἐπλήρουν,

251 5321 355 5373 καὶ
375 5319 501 5373 οὔτε
527 5321 634 5373 τῶν
659 5319 894 5384 οἰκείων,
923 5321 1045 5374 οὗτε
1069 5322 1180 5373 τῶν
1201 5321 1498 5393 ἀλλοτρίων
1544 5321 1837 5389 ἐφείδοντοο

248 5412 345 5465 ἵνα
375 5413 450 5483 μὴ
475 5414 896 5481 κατασφάττωσι
917 5413 1015 5477 τάς
1034 5417 1294 5479 γυναῖκας
1314 5414 1479 5480 ἔνδον,
1493 5413 1557 5476 ἃς
1577 5415 1642 5466 ἂν
1664 5415 1842 5478 ἀηδῶς

246 5505 485 5573 ἔχωσιν,
517 5504 802 5558 ἐκέλευσεν
833 5504 1106 5568 ἐκϐαλεῖν,
1154 5506 1338 5574 μεῖζον
1380 5507 1621 5576 ἀναιρῶν
1666 5508 1836 5560 κακὸν

245 5596 352 5668 τὴν
385 5597 516 5666 περὶ
563 5596 661 5660 τὰς
713 5597 927 5666 σφαγὰς
969 5599 1236 5654 εὐκολίαν.
1275 5599 1396 5652 Ὅτι
1429 5600 1536 5670 γὰρ
1569 5601 1841 5670 μιαιφόνοι

245 5689 399 5752 τινὲς
440 5684 603 5758 ἦσαν,
626 5689 791 5742 ἄκουε
837 5690 1016 5742 αὐτῶν
1052 5691 1161 5744 τῶν
1202 5692 1498 5763 προφητῶν
1529 5692 1795 5759 λεγόντων
1824 5708 1837 5721 ·

250 5775 729 5844 Οἰκοδομοῦντες
775 5777 928 5831 Σιὼν
955 5779 1024 5830 ἐν
1051 5781 1282 5848 αἵματι,
1312 5781 1411 5834 καί
1449 5782 1840 5850 Ἰερουσαλὴμ

247 5871 310 5920 ἐν
339 5867 578 5931 ἀδικίαις
597 5885 609 5897 ’
626 5869 724 5920 καὶ
744 5868 926 5931 πάλιν,
949 5869 1172 5937 Λῖμοτα
1194 5871 1284 5939 ἐφ’
1301 5871 1506 5940 αἵμασι
1522 5873 1834 5941 μίσγονσν

586 5960 860 6025 ΡΑτιιοι..
907 5962 1026 6024 Gn.
1070 5964 1170 6024 LI.

1502 294 1589 350 DE
1623 297 1914 353 LIBELLO
1952 297 2249 357 BEPUDH.
2289 301 2348 358 ΙΙ.

3421 299 3528 356 29.0

1962 405 2055 458 καὶ
2078 407 2258 474 πάλιν,
2287 413 2358 464 Al
2384 409 2574 480 χεῖρες
2602 412 2766 484 ὑμῶν
2809 413 3054 482 αἳματος
3100 413 3367 484 πλήρεις.
3411 416 3534 469 ’Ὁτι

1959 497 2014 550 δὲ
2043 498 2104 552 οὐ
2135 500 2276 554 κατὰ
2305 500 2414 554 τῶν
2431 502 2725 573 ἀλλοτρίων
2763 504 2939 574 μόνον,
2971 503 3109 557 ἀλλὰ
3138 506 3232 559 καὶ
3260 504 3401 558 κατὰ
3424 505 3536 560 τῶι.⁸

1960 588 2172 643 οἰκείων
2193 591 2495 660 ἐμαίνοντο,
2518 593 2612 646 καὶ
2635 592 2795 647 τοῦτο
2814 594 2985 664 δηλῶν
3001 595 3028 646 6
3048 595 3336 668 Προφήτης
3357 595 3532 661 ἔλεγε·

1958 679 2068 732 Καὶ
2089 681 2317 734 ἔθυσαν
2343 683 2483 748 τοὺς
2511 684 2682 750 υίοὺς
2716 685 2915 738 αὐτῶν
2938 687 3036 739 καὶ
3074 686 3181 752 τὰς
3207 687 3536 755 θυγατέρας

1958 772 2156 827 αὐτῶν
2210 773 2334 840 τοῖς
2387 775 2738 843 δαιμονίοις.
2783 777 2848 828 Οἱ
2877 777 2934 829 δὲ
2985 778 3190 830 παίδων
3239 777 3418 830 αὐτῶν
3458 778 3533 848 μὴ

1960 863 2297 933 φεισάμενοι,
2327 867 2424 920 οὐκ
2458 866 2522 920 ἀν
2555 867 2842 936 ἐφείσαντο
2869 870 3165 936 γυναικῶν.
3201 869 3298 921 ”Ιν’
3329 865 3421 922 οὖν
3457 871 3533 941 μὴ

1959 953 2115 1007 τοῦτο
2167 957 2419 1027 γένηται,
2469 958 2626 1012 τοῦτο
2683 960 2968 1031 ἐπέτρεψε.
3015 961 3113 1013 Διὰ
3168 961 3325 1013 τοῦτο
3373 961 3468 1014 καὶ
3505 961 3536 1013 6

1957 1045 2191 1116 Χριστὸς
2242 1050 2356 1110 τοῖς
2393 1049 2666 1113 Ἰουδαίοις
2713 1051 2957 1120 ἐρωτῶσι
2995 1051 3089 1104 καὶ
3134 1051 3372 1118 λέγουσι,
3402 1047 3536 1114 Πῶς

1955 1136 2216 1207 Μωϋσῆς
2255 1139 2544 1208 ἐπέτρεψε
2585 1141 2794 1195 δοῦναι
2823 1142 3069 1205 βιϐλίον
3109 1142 3534 1204 ἁποστασίου;

1954 1227 2166 1290 δεικνὺς
2193 1230 2273 1282 ὅτι
2297 1230 2396 1282 οὐκ
2427 1231 2855 1301 ἀντινομοθετῶν
2885 1232 3034 1302 αὐτῷ
3065 1235 3239 1285 ταῦτα
3272 1231 3531 1301 ἔγραφεν,

1954 1313 2095 1368 οὕτω
2125 1316 2240 1379 πώς
2283 1335 2416 1388 φησι
2448 1333 2460 1346 ·
2500 1319 2762 1385 Μωϋσῆς
2803 1321 2953 1387 πρὸς
3000 1319 3115 1386 τὴν
3160 1325 3534 1388 σκληροκαρ-

1953 1405 2091 1458 δίαν
2113 1407 2280 1474 ὑμῶν
2303 1407 2490 1472 εἶπεν,
2517 1410 2618 1463 ἀπ’
2637 1410 2828 1478 ἀρχῆς
2856 1411 2923 1463 δὲ
2945 1412 3017 1463 οὐ
3040 1409 3286 1479 γέγονεν
3309 1409 3488 1474 οὕτως
3513 1423 3530 1439 ·

1953 1493 2090 1546 ἀλλ’
2121 1496 2154 1546 ὁ
2185 1495 2444 1562 ποιήσας
2474 1495 2543 1560 ἐξ
2585 1497 2779 1566 ἀρχῆς
2811 1495 2989 1565 άρῤεν
3019 1498 3115 1550 καί
3148 1497 3302 1563 θῆλυ
3330 1496 3533 1562 ἐποίη-

1953 1597 2066 1633 σεν
2089 1583 2328 1646 αὐτούς.
2352 1583 2414 1634 Εἰ
2457 1583 2622 1636 καλὸν
2665 1585 2824 1637 τοῦτο
2851 1582 2941 1654 ἦν,
2977 1587 3138 1654 φησὶν
3159 1627 3172 1648 ,
3209 1586 3310 1636 οὐκ
3340 1583 3405 1635 ἂν
3437 1584 3533 1635 ἕνα

1954 1667 2120 1738 ἀνδρα
2149 1669 2368 1738 ἐποίησε
2402 1671 2496 1723 καὶ¹
2538 1671 2663 1740 μίαν
2704 1675 2958 1740 γυναῖκα,
2985 1674 3121 1726 ἀλλά
3157 1673 3254 1725 ἕνα
3301 1674 3531 1741 ποιήσας

1952 1756 2044 1808 τὸν
2086 1755 2273 1826 Ἀδάμ,
2299 1756 2392 1809 δύο
2419 1757 2484 1810 ἂν
2506 1760 2730 1830 ἐποίησε
2758 1760 2856 1822 τὰς
2880 1763 3164 1827 γυναῖκας,
3198 1761 3250 1812 εί
3284 1777 3347 1827 γε
3379 1758 3533 1810 ἐϐού-

1954 1842 2076 1896 λετο
2107 1843 2205 1914 τὴν
2252 1844 2350 1914 μὲν
2387 1845 2672 1910 ἐκϐαλεῖν,
2709 1846 2807 1918 τὴν
2850 1847 2906 1900 δὲ
2953 1849 3266 1915 εἰσαγαγεῖν
3299 1863 3312 1875 ο
3341 1846 3435 1898 νῦν
3473 1846 3533 1898 δὲ

1953 1930 2041 1983 διὰ
2062 1931 2154 1984 τοῦ
2173 1933 2374 2003 τρόπου
2397 1932 2496 2002 τῆς
2519 1933 2878 2004 δημιουργίας
2907 1935 2998 1988 τὸν
3031 1935 3194 2001 νόμον
3213 1935 3530 2003 εἰσήγαγεν,

1952 2018 2011 2070 ὃν
2037 2017 2147 2086 ἐγὼ
2179 2020 2378 2090 γράφω
2410 2020 2526 2076 νῦν.
2558 2023 2718 2074 Ποῖον
2743 2022 2807 2090 δὴ
2831 2021 3020 2075 τοῦτον
3049 2039 3063 2087 ;
3097 2022 3170 2073 Τὸ
3197 2021 3295 2092 τὴν
3323 2020 3532 2092 κληρω-

1954 2105 2138 2159 θείσαν
2172 2106 2232 2170 ἐξ
2263 2108 2438 2178 ἀρχῆς
2475 2111 2710 2175 γυναῖκα
2735 2147 2749 2172 ,
2780 2107 2986 2179 ταύτην
3025 2109 3169 2179 ἔχειν
3199 2108 3492 2170 διαπαντός
3512 2123 3524 2134 ·

1952 2188 2107 2257 οὗτος
2155 2194 2365 2247 ἐκείνου
2410 2195 2767 2266 παλαιότερος
2803 2197 2832 2248 6
2885 2195 3083 2266 νόμος,
3111 2196 3204 2248 καὶ
3252 2195 3524 2256 τοσοῦτον,

1951 2282 2072 2334 ὅσον
2104 2284 2133 2336 6
2175 2282 2346 2353 Ἀδὰμ
2367 2283 2460 2335 τοῦ
2487 2284 2784 2347 Μωῦσέως.
2820 2284 2982 2336 Ὥστε
3006 2284 3066 2336 οὐ
3099 2283 3406 2352 καινοτομῶ
3435 2281 3530 2334 νῦν

1952 2368 2084 2437 ἐγὼ,
2109 2370 2230 2423 οὐδὲ
2259 2372 2386 2436 ξένα
2419 2371 2732 2441 ἐπεισφέρω
2767 2371 3035 2441 δόγματα,
3068 2370 3204 2423 ἀλλά
3232 2371 3326 2422 τοῦ
3357 2371 3528 2423 Μωῦ-

1954 2458 2090 2520 σέως
2118 2458 2461 2531 πρεσϐύτερα
2494 2461 2587 2511 καὶ
2603 2459 2954 2530 ἀρχαιότερα.
2979 2459 3163 2525 ’Ἄξιον
3189 2459 3245 2511 δὲ
3261 2458 3356 2512 καὶ
3369 2456 3530 2510 αὑτὸν

1949 2544 2041 2596 τὸν
2070 2545 2234 2615 νόμον
2261 2546 2491 2599 ἀκοῦσαι
2514 2547 2814 2610 Μωῦσέως,
2845 2545 2904 2598 ὃν
2930 2548 3058 2617 περὶ
3085 2546 3275 2598 τούτου
3304 2545 3526 2613 ἔθηκεν.

1965 2631 2106 2684 Ἐάν
2155 2649 2244 2696 τις
2299 2636 2556 2702 γυναῖκα
2606 2634 2798 2700 λάϐῃ,
2850 2634 3012 2703 φησὶ,
3051 2634 3144 2686 καί
3184 2633 3530 2700 συνοικήσῃ

1951 2715 2138 2784 αὐτῇ,
2170 2718 2270 2770 καί
2317 2718 2490 2771 ἔσται
2516 2760 2529 2782 ,
2563 2720 2670 2772 ἐὰν
2708 2720 2792 2788 μὴ
2833 2721 2976 2788 εὕρῃ
3030 2719 3207 2789 χάριν
3254 2721 3530 2772 ἐναντίον

1949 2806 2157 2869 αὐτοῦ,
2181 2807 2271 2859 ὅτι
2302 2802 2478 2874 εὗρεν
2505 2808 2576 2860 ἐν
2613 2806 2766 2876 αὐτῇ
2801 2809 3242 2876 ἀσχημοσύνης
3270 2806 3527 2876 πρᾶγμα,

1949 2892 2164 2962 γράψει
2181 2894 2336 2963 αὐτῇ
2356 2896 2602 2960 βιϐλίον
2631 2897 3031 2961 ἀποστασίου,
3060 2895 3156 2948 καί
3179 2895 3354 2948 δώσει
3374 2891 3528 2961 αὐτῇ

1948 2984 2035 3047 είς
2064 2981 2172 3046 τὰς
2213 2982 2415 3051 χεῖρας
2445 2982 2655 3050 αὐτῆς.
2689 2984 2833 3055 Ὅρα
2858 3001 2871 3015 ·
2903 2984 3005 3036 οὐκ
3037 2979 3156 3036 εἶπε
3177 3025 3192 3048 ,
3233 2982 3272 3034 Γ
3276 2981 3523 3050 ραψάτω,

1949 3070 2044 3122 καὶ
2075 3070 2252 3123 δότωο
2305 3071 2441 3123 ἀλλὰ
2504 3072 2587 3138 τί;
2626 3071 2852 3140 Γράφει
2896 3071 3049 3139 αὐτῇ
3086 3071 3330 3134 βιϐλίον
3382 3071 3530 3126 ἀπο-

1948 3159 2228 3221 στασίου,
2281 3158 2378 3212 καί
2409 3159 2587 3212 δώσει
2613 3159 2767 3228 αὐτῇ
2806 3162 2890 3227 είς
2929 3159 3036 3226 τὰς
3075 3158 3276 3229 χεῖρας
3315 3157 3526 3226 αὐτῆς.

1948 3246 2088 3299 Πολὺ
2118 3245 2175 3298 δὲ
2217 3245 2412 3298 τούτου
2447 3247 2703 3300 κάκείνου
2732 3247 2792 3299 τὸ
2835 3247 3032 3317 μέσον·
3063 3247 3123 3299 τὸ
3172 3246 3270 3315 μὲν
3313 3244 3418 3314 γὰρ
3451 3246 3529 3298 εἰ-

1949 3337 2089 3396 πεῖν,
2125 3333 2414 3405 Γραψάτω,
2456 3336 2549 3388 καὶ
2583 3335 2741 3399 δότω,
2798 3334 3116 3397 κελεύοντος
3151 3334 3248 3386 καὶ
3297 3332 3527 3385 ἐπιτάτ-

1946 3437 2166 3482 τοντος’
2201 3422 2262 3473 τὸ
2298 3421 2354 3474 δὲ
2383 3423 2580 3486 εἰπεῖν,
2619 3421 3102 3489 Γράψειβιϐλίον
3125 3420 3526 3478 ἀποστασίου,

1949 3506 2049 3559 καὶ
2089 3505 2268 3560 δώσει
2305 3511 2393 3571 είς
2433 3507 2540 3573 τὰς
2580 3507 2782 3576 χεῖρας
2821 3506 3032 3574 αὐτῆς,
3068 3506 3129 3558 τὸ
3159 3505 3528 3574 γεγενημένον

1948 3595 2390 3663 ἀπαγγέλλοντος
2411 3635 2424 3658 ,
2479 3596 2578 3647 οὐκ
2613 3596 2823 3648 οἴκοθεν
2858 3595 2950 3646 τὸν
2982 3594 3144 3663 νόμον
3193 3592 3533 3658 εἰσάγοντος.

1960 3682 2096 3735 Ἐὰν
2138 3677 2252 3736 οὖν
2295 3699 2408 3748 τις,
2460 3681 2645 3748 φησὶν,
2690 3681 2915 3749 ἐκϐάλῃ
2948 3680 3062 3747 τὴν
3107 3679 3382 3748 γυναῖκα,
3430 3678 3529 3731 καὶ

1948 3769 2280 3837 ἀποστείλῃ
2309 3768 2504 3835 αὐτὴν
2528 3769 2596 3821 ἐκ
2624 3767 2732 3836 τῆς
2760 3769 2952 3833 οἰκίας
2977 3767 3188 3832 αὐτοῦ,
3224 3767 3321 3820 καὶ
3345 3768 3530 3820 ἀπελ-

1948 3856 2141 3910 θοῦσα
2183 3857 2422 3925 γένηται
2467 3855 2638 3922 ἀνδρὶ
2679 3855 2889 3924 ἑτέρῳ,
2923 3857 3020 3909 καὶ
3051 3855 3289 3924 μισήσῃ
3334 3852 3530 3919 αὐτὴν

1949 3945 2047 3998 καὶ
2080 3948 2112 3997 ό
2142 3944 2301 4011 ἀνὴρ
2333 3949 2365 3998 ό
2392 3945 2650 4011 ἔσχατος
2677 3983 2693 4006 ,
2734 3943 2831 3996 καὶ
2860 3943 3058 4012 γράψῃ
3095 3941 3250 4010 αὐτῇ
3282 3941 3529 4005 βιϐλίον

1948 4033 2349 4094 ἀποστασίου,
2373 4032 2470 4083 καί
2502 4030 2666 4098 δώσῃ
2693 4033 2781 4096 είς
2813 4029 2919 4095 τὰς
2959 4030 3162 4099 χεῖρας
3189 4031 3400 4096 ιιύτης,
3427 4027 3529 4080 καὶ

1947 4119 2353 4186 ἐξαποστείλῃ
2383 4118 2580 4184 αὐτὴν
2606 4119 2674 4170 ἐκ
2697 4117 2806 4185 τῆς
2847 4118 3040 4182 οἰκίας
3067 4115 3273 4178 αὑτοῦ,
3307 4115 3344 4182 ἢ
3372 4115 3519 4167 ἀπυ-

1947 4209 2098 4275 θάνῃ
2114 4213 2146 4262 ὀ
2162 4208 2315 4275 ἀνὴρ
2329 4205 2510 4271 αὐτῆς
2523 4250 2536 4271 ,
2552 4208 2617 4271 ὃς
2633 4205 3007 4276 [206].§.1a6’sr
3021 4201 3416 4271 αὐτὴνὲαυτῷ
3433 4220 3529 4271 τι·-

1945 4297 2142 4359 ναῖκα,
2160 4298 2232 4349 οὐ
2251 4294 2574 4359 δυνήσεται
2597 4297 2628 4346 ὀ
2651 4293 2804 4362 ἀνὴρ
2826 4297 2858 4346 ὁ
2876 4295 3163 4361 πρότερον
3176 4290 3530 4354 ἐξαποστεί-

1945 4389 2060 4449 λας
2073 4383 2267 4450 αὐτὴν
2280 4381 2733 4449 ἐπαναστρέψαι
2765 4382 2862 4435 καὶ
2891 4382 3098 4434 λαϐεῖν
3115 4380 3309 4447 αὐτὴν
3335 4377 3529 4443 ἑαυτῷ

1945 4472 2221 4543 γυναῖκα.
2255 4467 2388 4524 Εἶτα
2426 4469 2859 4540 ἐνδεικνύμενος,
2887 4470 2970 4522 ὅτι
2990 4470 3092 4522 οὐκ
3122 4471 3335 4522 ἐπαινεῖ
3357 4468 3419 4521 τὸ
3439 4485 3529 4536 γε-

1945 4558 2264 4630 γενημένον,
2300 4557 2419 4609 οὐδὲ
2465 4557 2643 4627 γάμον
2696 4551 2837 4608 εἶναι
2873 4557 3107 4628 νομίζει,
3139 4556 3276 4612 ἀλλὰ
3313 4554 3402 4609 διὰ
3428 4555 3527 4624 τὴν

1945 4646 2228 4699 ἀσθένειαν
2265 4645 2444 4698 αὐτῶν
2497 4642 2949 4716 συγκαταϐαίνει,
2981 4643 3171 4707 εἰπὼν,
3223 4645 3304 4696 Οὐ
3337 4643 3524 4711 δυνή-

1945 4751 2113 4788 σεται
2137 4737 2170 4786 ό
2201 4733 2356 4801 ἀνὴρ
2385 4735 2415 4786 ό
2448 4734 2737 4800 πρότερος
2756 4727 3177 4800 λαϐεῒναὺτὴν
3203 4730 3393 4796 ἑαυτῷ
3423 4749 3528 4799 γυ·
3570 4796 3574 4801 _

1944 4822 2140 4883 ναῖκα,
2162 4822 2430 4892 ἐπήγαγε,
2459 4818 2623 4872 Μετὰ
2650 4820 2716 4873 τὸ
2737 4819 3059 4889 μιανθῆναι
3076 4819 3293 4885 αὐτὴν,
3327 4819 3527 4890 ἐμφαί-

1945 4929 2049 4964 νων
2069 4910 2156 4963 διά
2180 4910 2273 4962 τοῦ
2307 4909 2504 4978 τρόπου
2527 4908 2628 4977 τῆς
2653 4908 2870 4974 λέξεως,
2897 4908 2978 4961 ὅτι
2999 4909 3026 4960 6
3047 4909 3295 4978 δεύτερος
3325 4909 3524 4976 γάμος,

1946 4997 2148 5061 ζῶντος
2172 4996 2265 5050 τοῦ
2295 4996 2561 5068 προτέρου
2591 4995 2784 5066 ἀνδρὸς
2807 4995 3120 5065 γενόμενος,
3148 4995 3364 5065 μίασμα
3390 4995 3527 5066 μᾶλ-

1945 5086 2035 5139 λόν
2075 5087 2244 5153 ἐστιν,
2281 5085 2313 5156 ἢ
2353 5085 2548 5154 γάμος.
2584 5084 2684 5136 Διά
2735 5083 2893 5136 τοῦτο
2931 5084 3032 5134 οὐκ
3076 5077 3219 5146 εἷπε,
3263 5083 3421 5136 Μετά
3463 5085 3528 5135 τὸ

1945 5173 2264 5243 γαμηθῆναι
2319 5172 2510 5242 αὐτήν.
2578 5171 2740 5240 ὐρᾷς
2801 5171 2882 5222 ὅτι
2929 5169 3142 5238 συνῳδὰ
3184 5169 3262 5238 τῷ
3305 5167 3528 5240 Χριστῷ

1946 5261 2269 5331 φθέγγεται;
2304 5256 2438 5312 Εἶτα
2491 5261 2587 5311 καὶ
2627 5260 2728 5328 τὴν
2767 5257 2948 5310 αἰτίαν
2979 5257 3346 5327 προσέθηκεν,
3399 5259 3528 5310 ’Ὁτι

1939 5347 2258 5417 βδέλυγμά
2291 5349 2462 5400 ἐστιν
2483 5347 2764 5399 ἐναντίον
2794 5345 2900 5397 τοῦ
2938 5345 3106 5398 Θεοῦ.
3153 5344 3262 5397 Καὶ
3288 5345 3528 5414 Μωϋσῆς

1949 5439 2047 5509 μὲν
2094 5437 2265 5498 οὕτως
2292 5453 2303 5465 ·
2361 5437 2388 5486 ὁ
2426 5435 2483 5487 δὲ
2524 5435 2812 5506 προφήτης
2852 5431 3144 5501 Μαλαχίας
3183 5434 3526 5502 σαφέστερον

1947 5526 2125 5596 πολλῴ
2150 5524 2243 5577 τοῦ
2273 5523 2552 5584 Μωῦσέως
2583 5523 2716 5575 αὐτὸ
2744 5521 2902 5575 τοῦτο
2935 5523 3295 5583 ἐνδείκνυται,
3324 5520 3526 5591 μᾶλλον

1944 5617 2000 5668 δὲ
2031 5614 2092 5666 οὐ
2145 5611 2468 5681 Μαλαχίας,
2527 5610 2639 5663 ἀλλ’
2675 5611 2703 5662 6
2735 5611 2867 5672 Θεὸς
2915 5609 3004 5664 διὰ
3061 5610 3156 5663 τοῦ
3194 5609 3482 5678 Μαλαχίου
3506 5647 3522 5668 ,

1944 5702 2119 5769 λέγων
2173 5698 2380 5761 οὕτως⁸
2444 5699 2512 5750 El
2563 5699 2737 5760 ἀξιον
2786 5696 3109 5765 ἐπιϐλέψαι
3163 5701 3250 5762 είς
3302 5695 3526 5748 θυσίαν

1945 5785 2154 5858 ὑμῶν;
2199 5787 2237 5855 ἢ
2285 5786 2492 5840 λαϐεῖν
2531 5786 2744 5838 δεκτιὲν
2779 5784 2848 5838 ἐκ
2895 5785 3013 5837 τῶν
3061 5782 3275 5854 χειρῶν
3324 5779 3524 5851 ὑμῶνξ

1948 5875 2064 5934 εἶτα
2115 5875 2396 5942 εἰπόντος,
2452 5875 2620 5938 Τίνος
2675 5872 2900 5938 ἕνεκεν,
2955 5873 3107 5942 φησὶ,
3151 5869 3406 5940 γυναῖκα
3454 5866 3521 5920 ἐκ

3139 5979 3212 6039 ﬂl-
