3990 6358
447 271 554 332 221

447 390 732 459 νεότητός
775 403 892 442 σου
933 385 1355 456 ἐγκατέλιπες
1389 387 1480 441 καὶ
1518 388 1734 450 δεικνὺς
1773 401 1799 430 ι
1839 388 2025 461 ήλίκον

448 480 565 533 ἐστί
611 477 810 540 κακὸν,
852 474 948 528 καὶ
991 475 1308 546 ἀποστερῶν
1351 475 1532 546 πάσης
1574 471 1904 548 συγγνώμης
1935 477 2026 530 τὸν

444 565 606 620 τοῦτο
631 565 956 635 ποιήσαντα,
987 561 1076 615 διά
1105 561 1214 614 τῶν
1245 562 1372 632 ἐξῆς
1415 563 1513 632 τὴν
1559 564 1897 634 κατηγορίαν
1928 562 2028 616 αύ-

450 653 550 719 ξει,
591 651 816 720 ἐπάγων
857 648 1000 704 οὕτω
1035 649 1131 703 καὶ
1163 648 1376 717 λέγων*
1405 650 1517 703 Καὶ
1555 650 1708 718 αὕτη
1740 651 2031 716 κοινωνός

447 755 586 806 σου,
617 741 715 794 καί
748 738 904 809 γυνὴ
948 738 1238 808 διαθήκης
1267 751 1406 801 σου,
1442 737 1543 792 καί
1592 737 2032 807 ἐγκατάλειμμα

449 831 791 900 πνεύματός
820 843 936 883 σου
961 869 977 893 ,
1004 829 1102 882 καί
1140 829 1251 882 οὐκ
1293 828 1484 894 ἄλλος
1525 828 1838 896 ἐποίησεν.
1889 831 2033 899 Ὅρα

453 916 596 970 πόσα
623 915 804 987 τίθησι
850 914 1235 986 δικαιώματα·
1279 914 1497 987 πρῶτον
1535 915 1598 969 τὸ
1631 916 1730 986 τῆς
1780 915 2030 985 ἡλικίας,

453 1005 624 1071 Γυνὴ
646 1004 926 1071 νεότητός
953 1019 1068 1056 σου
1091 1018 1106 1033 ·
1143 996 1262 1056 εἶτα
1295 1001 1358 1055 τὸ
1397 1003 1717 1070 ἀναγκαῖον,
1751 1001 1861 1056 Καὶ
1881 1001 2034 1068 αὕτη

456 1093 741 1157 κοινωνός
781 1106 927 1144 σου·
958 1085 1075 1143 εἶτα
1103 1089 1194 1143 τὸν
1233 1089 1332 1159 τῆς
1384 1089 1749 1161 δημιουργίας
1797 1088 2025 1160 τρόπον,

469 1179 938 1250 Ἐγκατάλειμμα
973 1177 1312 1246 πνεύματός
1341 1191 1478 1231 σου.

527 1276 596 1338 γ’.
625 1267 767 1339 Πρὸς
803 1265 1014 1329 τούτοις
1044 1264 1268 1329 ἅπασιν,
1291 1264 1320 1318 6
1357 1264 1578 1318 πάντων
1606 1263 1811 1318 τούτων
1849 1265 2036 1336 μεῖζον

456 1355 548 1432 ῆν,
579 1359 641 1412 τὸ
678 1357 773 1411 τοῦ
807 1358 1131 1427 ποιήσαντος
1163 1353 1398 1426 ἀξίωμα.
1451 1355 1626 1408 Τοῦτο
1671 1356 1775 1426 γάρ
1802 1357 1917 1409 ἐστι
1949 1355 2034 1418 τὸ,

462 1451 583 1501 οὐκ
598 1447 786 1511 ἄλλος
805 1443 1111 1511 ἐποίησεν.
1131 1442 1244 1496 Ούκ
1264 1441 1428 1514 ἔχεις,
1447 1442 1632 1513 φησὶν,
1654 1443 1848 1508 εἰπεῖν,
1870 1443 1954 1496 δτι
1976 1441 2038 1494 σὲ

463 1535 561 1607 μὲν
615 1538 643 1588 6
679 1534 811 1598 Θεὸς
849 1531 1122 1602 ἐποίησεν,
1169 1530 1386 1602 ἐκείνην
1429 1529 1487 1584 δέ
1517 1529 1617 1602 ούχ
1658 1531 1687 1584 6
1727 1531 1883 1595 Θεὸς,
1923 1530 2038 1585 ἀλλ’

460 1626 618 1689 ἄλλος
644 1642 728 1686 τις
754 1624 964 1677 ἐκείνου
1006 1620 1430 1692 καταδεέστερος
1447 1637 1462 1651 ο
1490 1620 1606 1675 ἀλλ’
1644 1615 1726 1684 εἷς
1757 1622 1853 1675 καὶ
1881 1623 1910 1674 6
1937 1622 2038 1676 αύ-

457 1715 550 1778 τδς
576 1711 915 1785 ἀμφοτέρους
946 1711 1027 1774 εἰς
1051 1709 1114 1762 τὸ
1135 1705 1275 1763 εἰναι
1309 1708 1678 1780 παραγαγών·
1707 1708 1847 1762 ὥστε
1869 1712 1918 1762 εἰ
1943 1710 2041 1764 καὶ

463 1803 628 1874 μηδὲν
682 1802 892 1872 ἕτερον,
933 1798 1092 1852 τοῦτο
1144 1797 1276 1867 γοῦν
1309 1797 1615 1863 αἰδεσθεὶς,
1647 1798 1886 1868 φύλαττε
1940 1798 2040 1870 τὴν

460 1891 598 1962 πρὸς
641 1890 808 1959 αὐτὴν
841 1887 1082 1958 ἀγάπην.
1119 1886 1184 1939 Εἰ
1230 1884 1340 1957 γάρ
1370 1884 1578 1949 δούλοις
1624 1885 1889 1949 πολλάκις
1921 1889 2040 1950 τοῖς

461 1979 595 2051 πρὸς
623 1976 884 2049 ἀλλήλους
915 1973 1298 2037 στασιάζουσιν
1329 1973 1358 2014 δ
1401 1973 1657 2038 ὑπόθεσις
1685 1973 1846 2027 τοῦτο
1877 1975 2040 2043 γεγέ-

460 2084 646 2138 νηται,
681 2064 742 2118 τὸ
774 2063 882 2117 δεῖν
927 2063 1071 2130 λέγω
1118 2063 1244 2126 τοὺς
1291 2062 1642 2134 ἀμφοτέρους
1695 2062 1778 2115 ἐνὶ
1822 2063 1918 2115 καὶ
1961 2060 2042 2133 τῷ

461 2155 609 2226 αὐτῷ
656 2151 939 2206 δουλεῦσαι
990 2149 1246 2224 δεσπότῃ,
1287 2149 1468 2221 πολλῷ
1519 2149 1720 2222 μᾶλλον
1763 2151 1852 2219 ἐφ’
1884 2149 2042 2221 ήμῶν

460 2241 620 2297 τοῦτο
649 2237 895 2308 γίνεσθαι
924 2235 1052 2308 χρὴ,
1087 2237 1215 2290 ὅταν
1242 2238 1334 2290 καὶ
1361 2237 1692 2309 δημιουργὸν
1725 2238 1820 2291 καὶ
1847 2236 2043 2290 δεσπό-

460 2347 563 2401 -την
595 2327 687 2382 τὸν
714 2325 876 2380 αὑτὸν
921 2325 1135 2394 ἔχωμεν
1171 2325 1222 2376 οἰ
1263 2326 1585 2396 ἀμφότεροι.
1624 2321 1776 2388 Εἶδες
1797 2324 1916 2388 πῶς
1948 2325 2044 2378 καὶ

463 2419 522 2470 ἐν
550 2419 618 2486 τῇ
658 2413 870 2484 Παλαιᾷ
902 2411 1077 2482 ἀρχάς
1111 2412 1204 2464 καὶ
1247 2411 1506 2482 προοίμια
1541 2410 1726 2465 λοιπὸν
1771 2410 2042 2479 ἐλάμϐανε

464 2505 563 2576 τῆς
612 2503 806 2574 καινῆς
853 2500 1176 2571 φιλοσοφίας
1219 2500 1289 2554 τά
1332 2499 1771 2572 προστάγματα;
1825 2501 2044 2572 Ἐπειδὴ

463 2594 572 2664 γὰρ
603 2591 769 2644 πολὺν
815 2589 1188 2661 ἐνετράφησαν
1232 2587 1308 2659 τῷ
1353 2589 1502 2658 νόμῳ
1531 2589 1743 2658 χρόνον,
1784 2589 2046 2661 καὶπρὸς

464 2673 534 2734 τά
573 2679 880 2749 τελειότερα
919 2678 1352 2749 παραγγέλματα
1401 2674 1607 2730 ὁδεύειν
1647 2674 1904 2746 ὤφειλον,
1949 2678 2047 2731 καὶ

467 2771 604 2842 πρὸς
620 2770 682 2824 τὸ
701 2769 855 2832 τέλος
874 2768 1060 2821 λοιπὸν
1089 2769 1304 2839 ἀπήντα
1328 2767 1514 2829 αὐτοῖς
1533 2765 1603 2819 τά
1623 2767 1721 2837 τῆς
1747 2765 2044 2830 πολιτείας,

474 2859 613 2931 μετά
649 2856 744 2911 τοῦ
808 2858 1180 2929 προσήκοντος
1234 2854 1430 2927 καιροῦ
1481 2854 1666 2908 λοιπὸν
1702 2855 1797 2907 ἐπὶ
1841 2855 2048 2924 ταύτην

468 2947 590 3015 ἄγει
620 2947 718 3018 τὴν
748 2945 1065 3016 φιλοσοφίαν
1107 2944 1304 3008 αὐτοὺς
1329 2946 1357 2997 6
1385 2944 1691 3014 προφήτης.
1723 2941 2050 3014 Πειθώμεθα

467 3035 647 3089 τοίνυν
688 3033 765 3105 τῷ
815 3031 966 3104 καλῷ
999 3031 1178 3102 τούτῳ
1219 3031 1390 3101 νόμῳ,
1425 3030 1521 3083 καί
1569 3030 1752 3101 πάσης
1785 3031 2048 3101 αἰσχύνης

469 3122 698 3184 ἑαυτοὺς
730 3118 1131 3189 ἀπαλλάξωμεν
1159 3118 1250 3170 καὶ
1275 3118 1411 3188 μήτε
1441 3117 1539 3180 τάς
1570 3117 1781 3171 ἑαυτῶν
1802 3117 2051 3171 ἐκϐάλω-

472 3228 592 3282 μεν,
643 3211 781 3281 μήτε
809 3208 908 3272 1&;
961 3209 1066 3262 ὑπὸ
1098 3207 1301 3279 ὲτέρων
1348 3206 1706 3276 ἐκϐληθείσας
1741 3205 2046 3278 δεχώμεθα.

468 3300 617 3369 Ποίῳ
668 3297 779 3369 γὰρ
809 3296 928 3367 ὄψει
968 3294 1246 3366 προσώπῳ
1276 3294 1366 3348 τὸν
1416 3294 1583 3364 ἄνδρα
1629 3296 1728 3366 τῆς
1757 3297 2050 3364 γυναικός;

469 3390 646 3452 ποίοις
668 3388 964 3457 ὀφθαλμοῖς
985 3389 1110 3449 τοὺς
1132 3386 1316 3454 φίλους
1342 3385 1470 3447 τοὺς
1497 3385 1730 3450 ἐκείνου,
1756 3387 1884 3449 τοὺς
1910 3385 2053 3438 οἰκέ-

469 3495 598 3541 τας;
626 3474 782 3548 [207]
819 3476 879 3530 Εἰ
919 3477 1030 3546 γὰρ
1057 3475 1478 3544 τελευτήσαντος
1517 3473 1612 3526 τοῦ
1654 3473 2050 3537 συνοικοῦντος,

468 3565 571 3635 τὴν
598 3562 834 3632 γυναῖκά
859 3579 944 3625 τις
981 3562 1078 3633 τὴν
1107 3562 1316 3615 ἐκείνου
1351 3559 1549 3627 λαϐὼν,
1587 3557 1708 3614 εἶτα
1736 3563 1835 3632 τὴν
1868 3561 2054 3615 εἰκόνα

475 3655 646 3727 μόνην
687 3654 1054 3725 ἀνακειμένην
1092 3654 1236 3717 ἰδὼν,
1269 3655 1439 3708 έπαθέ
1468 3673 1519 3708 τι
1546 3655 1642 3708 καὶ
1675 3655 2053 3727 ἐδυσχέρανεν,

472 3742 552 3808 ὡς
599 3742 782 3808 ζῶντα.
814 3742 906 3796 τὸν
945 3741 1115 3813 ἄνδρα
1167 3741 1310 3813 ὀρῶν
1344 3744 1442 3812 τῆς
1469 3741 1618 3812 αύτῷ
1666 3743 2054 3814 συνοικούσης,

471 3831 626 3884 ποῖον
662 3827 918 3900 βιώσεται
949 3829 1098 3900 βίον;
1129 3829 1247 3893 πῶς
1270 3829 1454 3884 οἴκαδε
1480 3829 1846 3884 εἰσελεύσεται
1872 3848 1886 3897 ;
1918 3831 2058 3901 μετά

473 3916 636 3981 ποίας
668 3917 916 3988 γνώμης,
969 3917 1108 3988 μετὰ
1147 3916 1317 3971 ποίων
1369 3916 1664 3989 ὀφθαλμῶν
1716 3917 1907 3988 ὄψεται
1957 3918 2058 3991 τὴν

473 4005 682 4060 ἐκείνου
719 4007 954 4074 γυναῖκα
983 4004 1082 4075 τὴν
1116 4003 1281 4058 αὐτοῦ
1311 4021 1326 4070 ;

543 4094 760 4150 Μᾶλλον
785 4093 842 4148 δέ
871 4095 993 4148 ούδέ
1023 4094 1258 4157 ἐκείνου,
1283 4092 1409 4147 οὔτε
1435 4094 1602 4148 αὑτοῦ
1625 4094 1849 4160 δικαίως
1882 4095 1947 4150 ἀν
1974 4112 2061 4160 τις

473 4183 576 4253 τὴν
625 4181 884 4252 τοιαύτην
934 4180 1262 4252 προσείποιο
1309 4183 1343 4253 η
1396 4183 1503 4253 γάρ
1555 4183 1806 4254 μοιχαλὶς
1845 4184 2062 4247 οὐδενός

477 4271 596 4323 ἐστι
624 4271 782 4340 γυνή.
815 4269 928 4322 Καὶ
956 4269 1065 4340 γάρ
1091 4268 1191 4332 τάς
1216 4268 1354 4339 πρὸς
1379 4270 1589 4322 ἐκεῖνον
1619 4270 1892 4342 συνθήκας
1923 4273 2061 4326 ἐπά-

474 4374 630 4428 τησε,
667 4357 762 4410 καὶ
792 4356 927 4428 πρὸς
953 4356 1012 4409 σέ
1045 4356 1183 4426 μετά
1201 4356 1312 4410 τῶν
1341 4357 1730 4428 προσηκόντων
1759 4359 1942 4429 νόμων
1961 4361 2064 4415 ούκ

475 4440 629 4515 ἦλθε.
656 4444 837 4514 Πόσης
861 4445 962 4497 οὐκ
982 4442 1046 4497 ἂν
1068 4444 1156 4513 εῖη
1175 4443 1502 4514 παρανοίας,
1527 4447 1761 4516 πρᾶγμα
1784 4446 2058 4502 τοσούτων

475 4538 649 4609 γέμον
680 4537 866 4592 κακῶν
901 4537 982 4600 εἰς
1017 4535 1116 4608 τὴν
1159 4537 1338 4590 οἰκίαν
1385 4539 1742 4606 εἰσαγαγεῖν;
1799 4538 1892 4610 Μὴ
1947 4541 2059 4612 γὰρ

478 4625 675 4690 σπάνις
702 4625 822 4678 ἐστί
852 4623 1160 4693 γυναικῶν;
1188 4623 1346 4688 Τίνος
1379 4624 1589 4683 ἕνεκεν,
1623 4624 1835 4678 πολλῶν
1864 4626 2060 4690 ούσῶν,

475 4713 544 4778 ἃς
583 4713 721 4784 μετά
746 4711 857 4766 τῶν
892 4711 1280 4783 προσηκόντων
1311 4713 1493 4782 νόμιον
1522 4714 1618 4766 καὶ
1646 4714 1787 4780 μετά
1818 4713 2062 4786 καθαροῦ

478 4801 781 4865 συνειδότος
809 4798 1110 4870 λαμϐάνειν
1143 4798 1377 4864 ἔξεστιν,
1412 4799 1505 4853 ἐπ)⁸
1533 4801 1630 4864 τὰς
1671 4801 2064 4872 κεκωλυμένας

474 4888 765 4960 τρέχομεν,
807 4886 907 4952 τάς
954 4886 1133 4951 οἰκίας
1163 4886 1598 4959 ἀνατρέποντες,
1647 4888 1744 4941 καὶ
1789 4887 2064 4959 πολέμους

479 4975 779 5045 ἐμφυλίους
807 4975 1121 5044 εἰσάγοντες
1143 5014 1159 5041 ,
1207 4975 1302 5027 καὶ
1333 4975 1674 5045 πανταχόθεν
1699 4973 1898 5046 ἔχθραν
1935 4978 2065 5030 έαυ-

475 5063 589 5124 τοῖς
611 5060 1139 5134 παρασκευάζοντες,
1169 5062 1381 5132 μυρίων
1415 5063 1736 5134 κατηγόρων
1758 5063 2066 5132 ἀνοίγοντες

481 5147 751 5217 στόματα,
783 5148 881 5202 καὶ
905 5147 1006 5220 τὴν
1033 5148 1182 5220 ζωὴν
1211 5151 1311 5220 τὴν
1344 5149 1555 5202 ἑαυτῶν
1583 5150 2063 5222 καταισχύνοντες,

479 5234 595 5298 καὶ,
643 5235 707 5290 τὸ
743 5237 964 5292 πάντων
1003 5239 1412 5310 χαλεπώτατον,
1457 5241 1838 5312 ἀπαραίτητον
1889 5243 1947 5295 ἐν
1993 5246 2060 5314 τῇ

483 5322 674 5395 ἡμέρᾳ
701 5323 800 5392 τῆς
828 5325 1066 5397 κρίσεως
1097 5328 1424 5396 συνάγοντες
1463 5327 1678 5392 ἑαυτοῖς
1707 5329 1961 5397 κόλασιν;
2000 5332 2066 5384 Τί

481 5411 595 5481 γὰρ
639 5410 875 5484 ἐροῦμεν
925 5413 1047 5467 τότε
1075 5413 1155 5486 τῷ
1185 5415 1438 5486 μέλλοντι
1487 5416 1694 5488 κρίνειν
1731 5419 1905 5489 ἡμᾶς,
1939 5419 2068 5473 ἄταν

479 5497 575 5550 τὸν
603 5497 770 5571 νόμον
797 5501 1153 5570 παρενεγκὼν
1182 5505 1263 5566 εἰς
1288 5502 1452 5572 μέσον
1483 5502 1578 5556 καὶ
1602 5503 1869 5572 ἀναγνοὺς
1891 5505 2056 5560 εἴποι·

498 5584 797 5640 Ἐκέλευσα
826 5588 1234 5660 ἀπολελυμένην
1266 5594 1504 5658 γυναῖκα
1538 5589 1613 5662 μὴ
1643 5591 1967 5660 λαμϐάνειν,
2000 5595 2071 5646 εἰ·

486 5671 604 5726 πὼν
640 5674 724 5728 δτι
757 5676 972 5746 μοιχεία
999 5677 1060 5729 τὸ
1098 5679 1332 5747 πρᾶγμά
1377 5681 1511 5730 ἐστι.
1545 5677 1670 5742 Πῶς
1700 5675 1794 5734 οὖν
1825 5681 2067 5754 ἐτόλμη-

551 5779 577 5852 ξ
607 5779 712 5852 ρης)
733 5796 856 5852 ῐῐιςιν.ζ
868 5785 1019 5844 ὑμῶν,
1042 5845 1052 5852 ι
1071 5785 1110 5832 εἰ
1150 5785 1309 5852 λαϐεῖν
1336 5784 1500 5852 δεκτὸν
1531 5785 1703 5852 ἐτι-τῶν
1720 5788 1891 5852 χειρῶν
1913 5789 2064 5852 ὑμῶν,

487 5840 565 5906 καί
587 5842 808 5906 εἰπόντος,
836 5840 988 5892 ἕνεκεν
1008 5840 1188 5901 τίνος...
1213 5846 1542 5906 ἐγκαταλίπῃ·
1564 5847 1663 5896 εἶτα
1684 5840 1877 5904 δέίκνύς.

549 5898 576 5939 δ
599 5901 706 5951 Duo
732 5898 828 5956 mss
881 5898 1129 5963 δού).ους..ξ
1158 5898 1509 5965 στασιάζοντας.

1169 289 1227 344 s.
1267 287 1553 345 JOANNIS
1581 283 2066 342 cnmsnsrom
2109 281 2427 338 ARCIIIEP.
2463 267 3012 338 CONS’I‘ANTINOP.

3605 279 3713 334 ﬁ?

2134 407 2233 472 σας
2262 390 2355 444 ἐπὶ
2382 393 2769 472 κεκωλυμένον
2794 392 2974 463 γάμον
3000 388 3210 457 ἐλθεῖν;
3243 387 3309 442 Τί
3333 385 3588 472 έροῦμεν,
3622 385 3718 445 καὶ

2130 471 2184 524 τί
2207 468 2679 544 ἀποκρινούμεθας
2711 473 2784 526 Οὐ
2814 473 2926 544 γὰρ
2949 472 3030 524 δεῖ
3056 473 3179 536 τοὺς
3211 468 3360 540 παρά
3384 468 3494 520 τῶν
3519 469 3722 535 ἔξωθεν

2130 550 2414 620 κειμένους
2462 552 2661 622 νόμους
2713 554 2832 604 ἐκεῖ
2881 550 3293 622 προϐαλέσθαι,
3335 545 3450 599 ἀλλ’
3497 549 3720 620 ἀνάγκη

2134 629 2401 696 σιγῶντας
2433 632 2526 683 καὶ
2557 631 2879 700 δεδεμένους
2919 632 3000 694 εἰς
3028 631 3089 683 16
3116 629 3216 700 τῆς
3247 627 3470 697 γεέννης
3502 628 3720 695 ἁπάγε-

2134 707 2258 760 σθαι
2299 707 2412 779 πῦρ
2447 709 2588 778 μετά
2617 708 2728 762 τῶν
2759 709 2966 778 μοιχῶν
2992 709 3087 761 καί⁵
3115 707 3222 759 τῶν
3247 708 3374 769 τοὺς
3403 705 3722 776 ἀλλοτρίους

2133 786 2506 856 ἀδικησάντων
2525 789 2754 858 γάμους·
2774 789 2802 841 ὃ
2816 806 2876 841 τε
2896 787 3006 860 γὰρ
3029 786 3306 850 ἀπολύσας
3324 787 3491 858 χωρὶς
3512 787 3717 848 αἰτίας.

2133 867 2232 936 τῆς
2263 868 2356 920 ἐπί
2383 869 2614 939 πορνείᾳ
2633 907 2647 931 ,
2675 869 2704 920 6
2727 884 2788 920 τε
2816 866 3227 936 ἐκϐεϐλημένην
3250 865 3470 935 γαμῶν,
3501 863 3599 918 τοῦ
3625 867 3722 918 ἀν-

2133 945 2258 1016 δρὸς
2288 945 2512 1010 ζῶντος,
2537 947 2742 1018 ὁμοίως
2782 947 2922 1018 μετὰ
2954 947 3055 1016 τῆς
3078 944 3439 1018 ἐκϐληθείσης
3463 944 3724 1008 κολάζον-

2133 1043 2245 1080 ται.
2282 1027 2376 1080 Διὸ
2406 1027 2739 1098 παρακαλῶ,
2781 1029 2875 1080 καὶ
2903 1027 3094 1098 δέομαι
3132 1027 3226 1080 καὶ
3254 1025 3538 1089 ἀντιϐολῶ,
3583 1028 3722 1095 μήτε

2135 1104 2334 1176 ἄνδρας
2369 1105 2652 1159 ἐκϐάλλειν
2697 1108 3000 1174 γυναῖκας,
3046 1105 3184 1174 μήτε
3221 1107 3485 1170 γυναῖκας
3523 1103 3725 1175 ἄνδρας

2137 1183 2376 1252 ἀφιέναι,
2408 1185 2525 1238 ἀλλ’
2565 1184 2786 1238 ἀκούειν
2824 1182 2920 1236 τοῦ
2963 1183 3176 1236 Παύλου
3223 1183 3469 1250 λέγοντος
3499 1201 3514 1214 ο
3550 1184 3725 1251 Γυνὴ

2136 1261 2370 1316 δέδεται
2391 1265 2574 1332 νόμῳ,
2612 1263 2704 1332 ἐφ’
2733 1263 2886 1316 ὅσον
2906 1263 3131 1330 χρόνον
3155 1260 3219 1329 ζῇ
3250 1265 3281 1314 ό
3309 1261 3465 1330 ἀνὴρ
3486 1261 3722 1332 αὐτῆς·

2135 1340 2246 1395 ἐὰν
2269 1341 2338 1394 δὲ
2361 1331 2616 1412 κοιμηθῇ
2647 1331 2680 1395 ὅ
2722 1339 2879 1408 ἀνὴρ
2905 1380 2920 1404 ,
2950 1340 3235 1408 ἐλευθέρα
3267 1339 3441 1392 ἐστὶν
3468 1331 3516 1404 ᾧ
3556 1341 3726 1393 θέλει

2137 1423 2505 1495 γαμηθῆναι,
2543 1428 2737 1496 μόνον
2770 1425 2843 1478 ἐν
2867 1421 3085 1492 Κυρίῳ.

2209 1509 2376 1564 Ποίαν
2409 1511 2518 1582 γὰρ
2562 1509 2735 1582 ἔχοιεν
2770 1506 3105 1578 συγγνώμην
3136 1506 3206 1568 οἱ,
3247 1503 3343 1558 τοῦ
3371 1503 3586 1558 Παύλου
3626 1504 3733 1556 καὶ

2139 1592 2390 1665 δεύτερον
2423 1593 2815 1666 ἐπιτρέποντος
2840 1593 3018 1662 γάμον
3054 1589 3193 1661 μετὰ
3217 1589 3316 1660 τὴν
3344 1588 3605 1659 τελευτὴν
3631 1587 3733 1640 τοῦ

2142 1677 2516 1740 συνοικοῦντος
2535 1717 2550 1742 ,
2581 1677 2675 1730 καί
2703 1676 2977 1746 τοσαύτην
3009 1672 3342 1746 παρέχοντος
3375 1672 3582 1736 ἄδειαν,
3622 1669 3738 1740 πρὸ

2139 1763 2240 1833 τῆς
2283 1760 2542 1831 τελευτῆς
2569 1759 2880 1830 τολμῶντες
2913 1759 3075 1811 τοῦτο
3104 1759 3319 1823 ποιεῖν;
3350 1756 3493 1818 τίνος
3526 1753 3592 1808 ἂν
3629 1753 3730 1806 τύ-

2140 1862 2288 1916 χοιεν
2319 1843 2616 1913 ἀπολογίας
2636 1884 2651 1909 ,
2683 1843 2716 1915 ἢ
2747 1838 2894 1897 οὗτοι
2919 1843 2970 1894 οἱ
3006 1839 3226 1906 ζώντων
3252 1839 3362 1893 τῶν
3392 1838 3606 1910 ἀνδρῶν
3631 1838 3735 1900 τὰς

2141 1931 2406 1998 γυναῖκας
2435 1927 2820 1998 λαμϐάνοντες,
2846 1925 2880 1995 ῆ
2905 1927 3103 1977 ἐκεῖνοι
3131 1925 3180 1976 οἱ
3214 1923 3352 1994 πρὸς
3383 1923 3482 1985 τὰς
3521 1921 3736 1991 πανδή-

2144 2029 2278 2083 μους
2319 2010 2684 2083 ἀπερχόμενοι
2716 2009 2949 2080 πόρνας;
2983 2008 3094 2061 Καὶ
3123 2006 3234 2078 γάρ
3267 2006 3361 2060 καὶ
3391 2009 3569 2059 ἐκεῖνο
3607 2023 3737 2074 μοι·-

2141 2096 2293 2167 χείας
2316 2095 2504 2167 ἕτερον
2520 2091 2678 2158 εἶδος,
2705 2093 2795 2146 τὸν
2822 2095 3058 2162 γυναῖκα
3081 2091 3274 2160 ἔχοντα
3298 2089 3466 2152 ένδον,
3495 2089 3738 2158 πόρναις

2141 2181 2386 2250 γυναιξὶν
2398 2178 2846 2251 ὁμιλεῖν.⁶Ὠσπερ
2872 2177 2982 2247 γὰρ
3002 2176 3036 2247 ἡ
3054 2175 3144 2229 τὸν
3161 2174 3332 2246 ἄνδρα
3353 2173 3554 2243 ἔχουσα
3570 2171 3738 2242 γυνὴ,

2143 2263 2248 2317 κᾶν
2273 2263 2477 2333 οἰκέτῃ.
2504 2264 2606 2315 κᾶν
2624 2261 2892 2332 ἐλευθέρῳ
2909 2261 3016 2313 τινὶ
3028 2263 3264 2328 γυναῖκα
3297 2260 3370 2328 μὴ
3397 2257 3572 2328 ἔχοντι
3607 2257 3740 2309 ἐαυ-

2143 2347 2242 2418 τὴν
2265 2347 2551 2416 ἐκδῷ,τοῖς
2571 2347 2668 2415 τῆς
2686 2345 2931 2416 μοιχείας
2943 2343 3446 2412 ἀλίσκεταινόμοις·
3475 2339 3620 2392 οὓτω
3642 2336 3748 2391 καὶ

2144 2431 2173 2483 6
2192 2430 2348 2501 ἀνὴρ.
2379 2429 2481 2483 κᾶν
2504 2430 2584 2492 εἰς
2616 2429 2898 2500 πάνδημον
2916 2427 3156 2498 πόρνην,
3185 2427 3289 2480 κᾶν
3319 2427 3398 2488 εἰς
3419 2424 3618 2494 ἑτέραν
3646 2440 3740 2490 γυ-

2146 2517 2306 2568 ναῖκα
2329 2513 2499 2583 ἄνδρα
2524 2513 2625 2566 ούκ
2639 2512 2867 2582 ἔχουσαν
2887 2512 3148 2581 ἁμάρτοι,
3174 2511 3410 2578 γυναῖκα
3434 2507 3594 2577 έχων,
3621 2523 3744 2576 μοι-

2146 2597 2298 2668 χείας
2335 2598 2396 2650 τὸ
2430 2598 2665 2668 πρᾶγμα
2699 2595 3037 2666 νενόμισται.
3068 2593 3369 2668 Φεύγωμεν
3419 2591 3603 2644 τοίνυν
3646 2591 3749 2642 καὶ

2145 2665 2334 2734 τοῦτον
2356 2681 2446 2733 τὸν
2475 2665 2679 2752 τρόπον
2701 2680 2800 2750 τῆς
2825 2665 3164 2750 μοιχείας.Τί
3188 2677 3299 2748 γάρ
3321 2675 3517 2744 ἕξομεν
3539 2676 3743 2732 εἰπεῖν,

2147 2764 2199 2817 τί
2211 2764 2267 2816 δὲ
2281 2763 2648 2835 προϐαλέσθαι
2666 2762 2893 2816 τοιαῦτα
2914 2760 3226 2832 τολμῶντες
3244 2777 3260 2826 ;
3279 2759 3440 2811 ποίαν
3457 2757 3745 2828 εὐπρόσω-

2149 2864 2250 2901 πον
2275 2845 2630 2919 παρεξόμεθα
2673 2845 2985 2916 πρόφασιν;
3034 2844 3146 2913 Τὴν
3171 2842 3272 2912 τῆς
3302 2840 3520 2910 φύσεως
3549 2839 3746 2892 ἐπιθυ-

2153 2932 2316 3003 μίαν;
2381 2930 2522 2983 Ἀλλ’
2574 2929 2879 2998 ἐφέστηκεν
2936 2929 2971 2997 ή
3020 2925 3370 2996 κληρωθεῖσα
3424 2923 3587 2994 γυνὴ,
3641 2922 3747 2990 τῆς

2150 3014 2444 3084 ἀπολογίας
2473 3015 2622 3085 ἡμᾶς
2655 3011 2862 3082 ταύτης
2890 3007 3296 3080 ἀποστεροῦσα.
3328 3006 3427 3059 Διά
3452 3005 3612 3058 τοῦτο
3648 3007 3750 3071 γά-

2155 3118 2254 3172 μος
2283 3100 2675 3167 εἰσενήνεκται,
2703 3097 2792 3149 ἵνα
2818 3095 2894 3166 μὴ
2918 3093 3247 3166 πορνεύσῃς·
3277 3090 3478 3162 μᾶλλον
3500 3089 3557 3142 δὲ
3587 3087 3752 3160 {ius}

2151 3186 2249 3255 οὐχ
2277 3186 2311 3255 ὴ
2333 3184 2470 3255 γυνὴ
2499 3182 2679 3253 μόνον,
2715 3181 2851 3234 ἀλλά
2887 3180 2981 3233 καὶ
3014 3179 3192 3241 ἕτεροι
3232 3175 3417 3228 πολλοὶ
3447 3176 3548 3244 τῆς
3575 3174 3752 3241 αὐτῆς

2151 3269 2284 3339 ἡμῖν
2314 3265 2682 3337 μετασχόντες
2724 3263 2940 3332 φύσεως
2961 3261 3166 3330 ταύτης
3203 3260 3352 3330 ἡμᾶς
3377 3255 3751 3327 ἀποστεροῦσι

2151 3353 2252 3421 τῆς
2274 3349 2627 3420 συγγνώμης.
2663 3348 2836 3400 Ὅταν
2863 3345 2974 3415 γὰρ
3005 3347 3034 3398 6
3067 3343 3352 3405 σύνδουλός
3377 3357 3494 3404 σου,
3525 3341 3588 3394 τὸ
3615 3341 3759 3394 4:626

2155 3439 2315 3510 σῶμα
2347 3437 2506 3508 ἔχων,
2551 3437 2653 3506 τὴν
2699 3435 2870 3503 αὐτὴν
2899 3431 3202 3502 ἐπιθυμίαν
3235 3429 3603 3501 κεκτημένος,
3639 3427 3755 3481 ὑπὸ

2154 3527 2254 3597 τῆς
2304 3525 2474 3594 αὐτῆς
2521 3522 2771 3590 ἀνάγκης
2821 3519 3170 3592 ὠθούμενος,
3220 3518 3491 3590 μηδεμίαν
3550 3517 3755 3588 ἑτέραν

2160 3615 2245 3686 ίδῃ
2271 3615 2535 3682 γυναῖκα,
2573 3609 2711 3663 ἀλλά
2752 3609 2888 3680 μένῃ
2926 3608 3026 3678 τὴν
3061 3605 3229 3686 αὑτοῦ
3264 3606 3512 3676 στέργων
3551 3605 3747 3686 μόνην,

2157 3683 2316 3747 ποίαν
2351 3692 2495 3759 ’ἐξεις
2533 3690 2832 3758 ἀπολογίαν
2865 3689 2932 3741 σὺ
2981 3687 3080 3756 τὴν
3109 3685 3408 3756 ἐπιθυμίαν
3446 3683 3756 3754 προϐαλλό-

2163 3790 2350 3845 μενος;
2377 3773 2488 3824 Καὶ
2512 3770 2567 3823 τί
2594 3769 2738 3838 λέγω
2769 3769 2895 3832 τοὺς
2930 3767 3154 3837 ἔχοντας
3187 3767 3483 3832 γυναῖκας;
3534 3765 3756 3833 Ἐννόη-

2161 3842 2253 3906 σὸν
2297 3869 2386 3922 μοι
2433 3851 2561 3912 τοὺς
2591 3846 2882 3909 διαπαντὸς
2925 3848 2982 3898 ἐν
3028 3843 3299 3914 παρθενίᾳ
3354 3844 3602 3908 ζῶντας,
3663 3842 3763 3922 καὶ

2163 3920 2452 4005 μηδ’-ὅλως
2483 3929 2856 3999 όμιλήσαντας
2888 3923 3440 4005 γάμῳζκαὶήπολλὴν
3474 3920 3754 4005 ἐπιδειξα-

2165 4001 2361 4084 μένους
2408 4007 2786 4080 σωφροσύνην.
2829 4006 3002 4058 ’Ὀταν
3049 4001 3143 4058 οὖν
3187 4003 3339 4084 ἄλλοι
3368 4003 3539 4084 χωρὶς
3575 4003 3760 4070 γάμου

2165 4081 2506 4162 σωφρονῶσι,
2549 4089 2710 4150 ποίας
2747 4086 2811 4138 σὺ
2843 4085 3010 4157 τεύξῃ
3037 4082 3373 4153 συγγνώμης
3407 4081 3546 4152 μετὰ
3581 4083 3760 4162 γάμον

2163 4161 2483 4242 πορνεύων;
2531 4168 2718 4220 Ταῦτα
2753 4167 2847 4219 καὶ
2877 4165 3072 4234 ἄνδρες
3108 4164 3204 4217 καὶ
3246 4165 3510 4229 γυναῖκες
3562 4161 3761 4242 ἀκουέέ

2163 4240 2367 4312 τωσαν,
2403 4249 2496 4301 καὶ
2533 4247 2701 4317 χῆραι
2721 4285 2738 4310 ,
2777 4245 2871 4297 καὶ
2902 4244 3281 4317 γεγαμηκυῖαι
3313 4251 3334 4279 α
3362 4257 3376 4271 ’
3418 4242 3556 4294 πᾶσι
3587 4240 3700 4311 γὰρ
3732 4240 3766 4291 6

2166 4327 2376 4389 Παῦλος
2392 4316 2722 4394 διαλέγεται,
2749 4325 2844 4377 καὶ
2871 4325 2899 4377 6
2923 4325 3088 4394 νόμος
3111 4316 3268 4384 οὗτος
3296 4322 3324 4373 6
3349 4319 3526 4387 λέγων
3546 4335 3558 4347 ·
3587 4317 3760 4385 Γυνὴ

2164 4409 2397 4463 δέδεται
2418 4408 2602 4475 νόμῳ,
2633 4404 2707 4473 ἐφ
2725 4405 2738 4418 ⁸
2758 4403 2910 4458 ὅσον
2932 4403 3156 4470 χρόνον
3183 4398 3304 4475 (ﬁnd
3333 4398 3491 4466 ἀνὴρ
3528 4395 3722 4465 αὐτῆς
3741 4412 3758 4427 ⁶

2164 4491 2273 4544 ἐὰν
2302 4486 2370 4539 δὲ
2401 4473 2656 4554 κοψηοζῖ
2672 4524 2687 4544 ,
2725 4483 3011 4549 ἐλευθέρα
3034 4481 3207 4534 ἐστίν
3233 4473 3282 4545 ᾧ
3311 4478 3471 4532 θέλει
3503 4475 3764 4547 γαμηθῆ-

2164 4583 2284 4631 ναι,
2317 4566 2510 4634 μόνον
2549 4565 2618 4617 ὲν
2651 4563 2872 4630 Κυρίῳ.
2924 4561 3035 4614 Καὶ
3080 4562 3200 4622 ταῖς
3238 4555 3491 4628 ἐχούσαις
3538 4557 3759 4627 ἄνδρας,

2165 4649 2262 4700 καὶ
2310 4647 2432 4708 ταῖς
2470 4645 2573 4696 οὐκ
2616 4639 2873 4710 ἐχούσαις
2899 4680 2914 4704 ,
2945 4639 3042 4692 καὶ
3085 4641 3206 4700 ταῖς
3236 4634 3636 4706 χηρευούσαις,
3671 4634 3763 4687 καὶ

2163 4727 2284 4788 ταῖς
2307 4723 2561 4792 δεύτερον
2583 4717 2808 4788 εἰσαγού
2819 4733 2938 4780 ταις
2955 4715 3213 4787 νυμφίον,
3231 4717 3326 4767 καὶ
3346 4714 3554 4777 πάσαις
3575 4714 3762 4776 ἁπλῶς

2164 4807 2194 4858 6
2224 4805 2383 4872 λόγος
2407 4796 2564 4863 οὗτος
2613 4802 2903 4871 χρήσιμος.
2948 4796 3014 4848 Ἦ
3048 4795 3146 4865 μὲν
3193 4793 3303 4864 γὰρ
3348 4792 3762 4872 έχουσαῗάνδρα

2165 4883 2265 4954 οὐχ
2303 4870 2626 4953 αἱρήσεται,
2657 4870 2882 4954 ζῶντος
2937 4873 3151 4954 ἐκείνου
3174 4913 3188 4935 ,
3225 4871 3446 4954 ἔσεσθαι
3480 4871 3682 4954 ἑτέρου
3708 4870 3762 4934 ἀ,

2165 4949 2449 5014 ἀκούσασα
2471 4959 2552 5011 ὃτι
2581 4956 2781 5022 ζῶντος
2808 4951 2974 5005 αὑτοῦ
2999 4950 3210 5002 δέδεται
3227 4967 3241 4981 ο
3272 4949 3382 5020 ήδέ
3408 4949 3762 5003 ἀποϐαλοῦσα

2169 5039 2364 5102 πάλιν,
2396 5038 2463 5091 ἂν
2501 5038 2598 5108 μὲν
2634 5032 2871 5105 βουληθῇ
2904 5029 3181 5100 δευτέροις
3220 5029 3484 5100 ὁμιλῆσαι
3517 5030 3717 5100 γάμοις
3741 5070 3758 5090 .

2166 5119 2266 5190 οὐχ
2299 5115 2507 5181 ἁπλῶς,
2547 5115 2668 5168 ούδέ
2699 5114 2775 5176 ὼς
2816 5112 2975 5190 έτυχε
2996 5149 3012 5173 ,
3033 5109 3223 5190 107610
3252 5110 3584 5190 ἐργάζεται,
3627 5109 3764 5163 ἀλλά

2172 5186 2312 5270 με’τά
2345 5196 2458 5248 τῶν
2480 5194 2754 5264 κειμένων
2783 5189 2938 5270 παρά
2964 5186 3071 5270 τοῦ
3091 5188 3308 5241 Παύλου
3347 5189 3550 5270 νόμων,
3579 5190 3762 5242 εἰπόν-

2169 5260 2281 5341 τος,
2327 5260 2649 5340 Ἐλευθέρια
2683 5260 2942 5334 ἐστίνγῷ
2972 5268 3134 5323 θέλει
3165 5265 3526 5336 γαμηθῆναι.
3571 5270 3766 5337 μόνον

2169 5356 2240 5408 ἐν
2259 5353 2474 5421 Κυρίῳ,
2503 5349 2774 5412 τουτέστι,
2805 5347 2943 5419 μετὰ
2971 5346 3354 5416 σωφροσύνης,
3394 5347 3538 5416 μετά
3570 5347 3766 5416 σεμνό-

2169 5450 2352 5506 τητος.
2393 5435 2490 5486 Ἂν
2531 5431 2574 5484 δ’
2610 5431 2719 5502 ἄρα
2757 5428 2949 5500 έληται
2997 5426 3135 5497 πρὸς
3175 5426 3267 5478 τὸν
3312 5426 3634 5506 ἀπελθόντα
3665 5429 3764 5488 τὰς

2175 5504 2448 5584 συνθήκας
2499 5509 2769 5581 φυλάξαι,
2819 5507 3120 5561 ἀκούσεται
3171 5507 3300 5568 τοὺς
3360 5504 3766 5574 ἀποκειμένους

2172 5582 2694 5664 αὑτῇ-στεφάνους,
2735 5589 2833 5642 καὶ
2877 5584 3105 5658 μείζονα
3149 5582 3384 5664 λήψεται
3425 5585 3764 5654 προθυμίαν.

2171 5663 2594 5739 Μακαριωτέρα
2624 5668 2731 5739 γάρ
2763 5668 2913 5734 ἐστι,
2945 5665 3135 5735 φησὶν,
3171 5663 3280 5717 ἐὰν
3312 5664 3468 5717 οὕτω
3487 5665 3689 5733 μείνῃ.

2238 5789 2261 5818 ο
2295 5784 2398 5835 Οιιο
2421 5798 2536 5832 mss.
2562 5782 2899 5846 γεγαμημέναι.

2235 5847 2261 5887 d
2289 5846 2405 5896 Haec
2427 5855 2532 5894 vra!
2563 5841 2727 5905 Sa‘viijj
2752 5841 3069 5905 ‘oonjcclura,
3089 5853 3234 5902 quam
3266 5841 3524 5903 scriptura
3559 5841 3764 5904 vulgata

2174 5912 2318 5975 ἑτέρῳ
2340 5910 2660 5973 ριίειυίίωυε.
2688 5903 2833 5983 Enn.“
