3990 6358
250 338 350 392 221

244 457 391 513 luela.
424 456 481 511 2.
507 455 623 528 ιδῃ
650 464 849 511 etcum
880 455 995 510 hate
1024 454 1278 522 dixisset,
1314 455 1483 522 Quare
1503 456 1809 524 dereliquisti
1827 496 1843 523 ,

245 554 349 617 ait,
399 567 611 604 uxorem
666 550 1021 604 adolescentia:
1062 558 1163 605 tua
1208 547 1367 621 (Ibid.
1400 566 1450 603 υ.
1484 548 1616 621 M)?
1664 558 1849 621 postea

250 654 312 697 ut
333 642 586 697 ostendat
614 652 868 713 quantum
897 643 966 697 sit
990 643 1213 705 malum,
1241 652 1295 697 et
1315 658 1473 713 quam
1502 643 1750 712 indignus
1778 643 1850 697 sit

250 736 404 788 omni
438 736 595 789 venia
621 736 667 789 is
688 735 776 806 qui
807 736 907 789 hoc
934 733 1080 801 fecit,
1113 735 1166 788 in
1194 735 1542 803 sequentibus
1563 734 1855 789 accusatio-

251 840 380 883 nem
406 835 598 894 auget,
626 828 704 879 sic
730 824 914 880 dicens
944 842 959 883 :
984 824 1053 877 Et
1092 825 1189 878 ista
1215 825 1352 878 socia
1378 836 1464 878 tua
1483 867 1498 891 ,
1521 834 1567 878 et
1601 842 1733 880 uxor
1758 842 1850 893 pa-

253 919 319 973 cu'
351 918 449 981 tui,
479 927 527 970 et
551 918 781 985 reliquiis
822 917 1031 986 spiritus
1054 917 1164 982 tui,
1186 926 1230 970 et
1251 932 1353 971 non
1378 918 1510 970 alius
1537 918 1653 988 fecit
1683 916 1737 987 (1
1745 915 1849 989 (1.).

252 1008 394 1065 Vide
424 1018 621 1080 quanta
653 1011 874 1080 apponit
910 1009 1022 1080 jura
1052 1026 1066 1074 ;
1092 1010 1320 1079 primum
1349 1019 1593 1077 :etatem,
1623 1009 1806 1065 dicens
1833 1025 1851 1070 :

257 1102 408 1159 Uxor
453 1103 807 1156 adolescentia:
831 1113 966 1168 tute;
994 1102 1189 1157 deinde
1235 1104 1548 1158 societatem
1591 1103 1746 1168 vitae,
1774 1102 1857 1157 (li-

254 1209 388 1249 cens
420 1212 437 1249 :
467 1193 537 1248 Et
575 1194 674 1248 ista
698 1195 836 1248 socia
866 1203 991 1260 tua;
1014 1204 1196 1263 postea
1227 1194 1448 1249 modum
1474 1194 1813 1251 formationis
1836 1235 1852 1261 ,

256 1288 447 1343 dicens
499 1303 515 1342 :
555 1288 801 1357 Reliquiae
842 1288 1052 1358 spiritus
1099 1288 1193 1343 tui.
1244 1286 1381 1361 [Non
1418 1289 1561 1343 enim
1601 1288 1669 1344 de
1710 1297 1853 1344 terra

253 1380 488 1436 formata
516 1389 600 1435 est
624 1381 762 1435 sicut
783 1379 975 1445 Adam,
1000 1379 1094 1435 sed
1117 1379 1401 1435 deformati
1433 1396 1463 1435 e
1489 1390 1628 1435 terra
1661 1380 1853 1450 latere,

253 1482 311 1528 et
338 1473 445 1527 hoc
474 1482 557 1526 est
580 1471 721 1543 quod
746 1471 894 1537 dicit,
914 1477 1295 1542 ἑοικατάλιιμμα,
1317 1471 1381 1526 Et
1399 1472 1625 1543 reliquiae
1644 1473 1855 1545 spiritus

252 1567 330 1618 tui
361 1563 489 1637 (a).J

329 1658 388 1713 5.
419 1657 502 1711 Ad
524 1655 642 1709 lucc
665 1655 866 1720 omnia,
890 1653 1033 1725 quod
1062 1652 1311 1709 omnibus
1333 1654 1436 1710 illis
1464 1654 1638 1725 majus
1667 1653 1848 1719 fuerit,

253 1747 471 1803 accedit
496 1746 791 1802 conditoris
819 1745 1070 1816 dignitas.
1100 1745 1213 1801 Hoc
1234 1748 1377 1801 enim
1404 1747 1665 1817 significat
1702 1747 1851 1813 illud,

258 1839 388 1894 Non
432 1840 568 1893 alius
596 1838 737 1910 fecit.
768 1837 883 1894 Non
933 1849 1087 1908 potes
1111 1880 1127 1906 ,
1150 1839 1355 1910 inquit,
1394 1839 1575 1895 dicere
1595 1882 1610 1906 ,
1639 1839 1778 1909 quod
1806 1848 1857 1893 te

253 1932 480 2003 quidem
526 1932 669 1987 Deus
718 1932 872 1999 fecit,
901 1932 1044 1987 illam
1076 1947 1207 1987 vero
1252 1946 1359 1987 non
1388 1933 1527 1988 Deus
1547 1975 1562 1999 ,
1592 1932 1687 1987 sed
1718 1932 1856 1987 alius

253 2026 477 2095 quidam
526 2025 618 2080 illo
649 2023 895 2089 inferior;
925 2025 1018 2080 sed
1047 2041 1184 2080 unus
1214 2035 1269 2081 et
1310 2026 1451 2081 idem
1501 2036 1755 2097 utrosque
1799 2034 1858 2082 ut

253 2127 445 2174 essent
465 2117 717 2187 produxit
741 2134 754 2170 :
785 2126 841 2172 et
870 2118 937 2171 ita
970 2118 1218 2187 quamvis
1247 2118 1378 2172 nihil
1409 2118 1550 2171 aliud
1569 2160 1583 2182 ,
1616 2117 1719 2172 hoc
1742 2118 1852 2172 sal-

255 2222 368 2267 tem
399 2209 663 2265 reveritus
686 2251 702 2276 ,
725 2210 1002 2263 caritatem
1029 2224 1155 2278 erga
1188 2209 1334 2263 illam
1365 2210 1593 2263 custodi.
1627 2208 1759 2263 Nam
1808 2207 1857 2264 si

251 2318 404 2373 strpe
429 2300 534 2357 hoc
563 2302 732 2356 servis
758 2301 1090 2371 litigantibus
1131 2309 1328 2354 mutuae
1356 2299 1662 2355 dilectionis
1691 2315 1853 2355 causa

253 2397 378 2460 fuit,
411 2396 536 2467 quia
570 2394 728 2448 ambo
751 2395 839 2447 uni
862 2401 917 2448 et
939 2392 1111 2448 eidem
1141 2392 1360 2447 domino
1390 2393 1661 2446 serviunt:
1688 2392 1857 2446 multo

251 2489 430 2558 magis
458 2486 616 2541 nobis
661 2485 763 2540 hoc
802 2484 921 2540 ﬁeri
963 2485 1249 2548 convenit,
1274 2483 1489 2554 quando
1528 2483 1775 2539 eumdem
1803 2491 1858 2538 ct

250 2579 638 2644 conditorem,
682 2586 738 2632 et
792 2577 1040 2646 Opificem
1095 2577 1311 2647 utrique
1361 2576 1637 2631 habemus.
1662 2576 1856 2631 Vidisti

250 2670 531 2741 quomodo
555 2670 716 2723 etiam
750 2668 801 2722 in
834 2668 1010 2723 Veteri
1055 2667 1205 2721 initia
1244 2675 1298 2722 et
1335 2668 1596 2738 prooemia
1624 2665 1737 2721 fere
1762 2680 1853 2720 ac-

248 2763 503 2832 ceperint
529 2776 680 2815 nova:
704 2758 1055 2829 pliilOSOphite
1084 2760 1387 2828 prmcepta?
1412 2759 1546 2813 Nam
1577 2759 1663 2814 ubi
1688 2760 1856 2813 multo

250 2864 503 2923 tempore
526 2853 577 2906 in
612 2853 726 2922 lege
756 2851 951 2906 versati
969 2859 1169 2917 essent,
1197 2859 1251 2905 et
1278 2850 1342 2904 ad
1369 2850 1687 2921 perfectiora
1704 2866 1857 2905 man-

247 2948 383 3003 data
429 2946 660 3001 transire
686 2945 978 3011 deberent,
1005 2943 1224 3013 jamque
1251 2930 1565 3013 preperaret
1596 2942 1665 2996 ad
1693 2943 1854 2997 linem

249 3041 499 3108 ipsorum
527 3037 711 3109 politia
736 3077 751 3101 ,
781 3045 1084 3106 opportuno
1126 3043 1367 3103 tempore
1392 3033 1458 3088 ad
1485 3033 1747 3104 ejusmodi
1772 3048 1856 3088 sa-

247 3132 513 3204 pientiam
544 3131 667 3184 illos
698 3127 954 3200 prOpheta
981 3126 1204 3182 inducit.
1230 3127 1519 3182 Pareamus
1549 3127 1705 3196 igitur
1729 3125 1856 3181 huic

247 3226 416 3280 bonae
445 3224 567 3294 legi,
591 3232 646 3278 et
669 3237 767 3277 nos
796 3221 864 3275 ab
891 3220 1038 3275 omni
1065 3217 1381 3274 confusione
1410 3219 1722 3285 liberemus,
1756 3232 1853 3273 ne-

245 3333 364 3388 que
388 3328 598 3372 nostras
624 3314 925 3385 ejiciamus,
954 3328 1127 3383 neque
1146 3312 1214 3367 ab
1240 3312 1361 3367 aliis
1394 3312 1594 3382 ejectas
1624 3312 1855 3382 recipia-

247 3429 401 3468 mus.
430 3411 563 3467 Nam
603 3426 707 3481 qua
755 3409 888 3463 facie
932 3408 1103 3462 virum
1148 3406 1331 3460 uxoris
1369 3404 1634 3475 aspicies?
1663 3406 1856 3476 quibus

245 3506 428 3562 oculis
454 3505 654 3559 amicos
695 3504 835 3557 illius
863 3512 918 3557 et
944 3501 1205 3556 famulos?
1235 3500 1366 3555 Nam
1398 3501 1443 3555 si
1475 3502 1519 3554 is
1538 3501 1626 3571 qui
1657 3500 1855 3556 mortui

244 3596 521 3666 ennjngis,
554 3592 707 3665 cujus
739 3608 958 3647 uxorem
976 3591 1202 3660 accepit,
1224 3592 1511 3663 imaginem
1536 3591 1854 3647 recumben-

247 3700 368 3743 tem
398 3687 624 3752 viderit,
657 3685 889 3739 afticitur
908 3684 1088 3755 aliquo
1128 3683 1291 3738 modo
1314 3725 1329 3751 ,
1358 3692 1410 3738 et
1448 3683 1680 3752 graviter
1707 3683 1850 3751 fert,

248 3794 319 3833 ac
352 3778 396 3832 si
424 3778 692 3833 viventem
721 3776 972 3829 maritum
994 3775 1173 3829 videat
1197 3774 1313 3845 ejus
1344 3790 1465 3844 quae
1501 3774 1604 3830 sibi
1633 3774 1854 3829 cohabi-

247 3877 369 3934 tat,
398 3868 611 3937 qualem
643 3866 803 3920 vitam
847 3865 1139 3935 aget?quo
1184 3875 1340 3934 pacto
1384 3864 1717 3934 ingredietur
1756 3865 1855 3921 do-

249 3960 442 4014 mum?
467 3974 572 4029 quo
593 3960 795 4025 animo,
826 3958 1021 4028 quibus
1038 3955 1208 4011 oculis
1226 3955 1429 4011 videbit
1453 3955 1599 4010 illius
1629 3971 1850 4012 uxorem

248 4067 406 4108 suam
424 4052 448 4106 ?

328 4146 573 4200 Adultera
600 4144 796 4197 nullius
828 4152 900 4197 est
926 4158 1075 4197 uxor.
1112 4170 1184 4181 —
1205 4140 1318 4196 lmo
1349 4155 1524 4211 neque
1552 4140 1716 4207 illius,
1750 4155 1851 4194 ne-

247 4256 361 4312 que
399 4254 549 4293 suam
586 4238 728 4308 juste
758 4237 878 4306 quis
929 4236 1088 4289 talem
1120 4235 1400 4305 appellet:
1431 4233 1673 4288 adultera
1705 4233 1849 4288 enim

249 4332 456 4388 nullius
482 4341 564 4385 est
590 4345 744 4384 uxor.
782 4328 992 4385 Fefellit
1033 4337 1184 4398 pacta
1212 4343 1331 4398 quae
1358 4342 1480 4380 cum
1512 4327 1604 4381 illo
1630 4325 1847 4390 habuit,

247 4436 305 4482 et
334 4427 398 4479 ad
433 4436 623 4480 tecum
657 4423 893 4477 honestis
932 4423 1141 4491 legibus
1167 4436 1273 4475 non
1300 4421 1468 4475 venit.
1510 4420 1730 4488 Quanta:
1756 4419 1851 4488 igi-

246 4528 339 4572 tur
362 4517 647 4571 dementia:
675 4514 853 4579 fuerit,
881 4530 991 4567 rem
1022 4522 1098 4567 tot
1123 4513 1277 4567 malis
1306 4513 1518 4581 plenam
1548 4512 1601 4565 in
1630 4511 1847 4565 domum

245 4606 544 4662 inducere?
570 4605 704 4659 Num
732 4615 815 4659 est
856 4603 1174 4659 feminarum
1199 4602 1456 4673 penuria?
1486 4602 1692 4670 Quare,
1725 4618 1848 4656 cum

244 4701 432 4755 multa:
459 4701 604 4765 sint,
630 4714 763 4768 quas
792 4698 918 4752 licet
938 4712 1068 4767 pura
1097 4696 1424 4751 conscientia
1452 4707 1507 4751 et
1528 4697 1847 4765 permitten-

243 4794 392 4848 tibus
418 4791 627 4862 legibus
658 4791 886 4857 ducere,
920 4791 984 4844 ad
1013 4789 1310 4860 prohibitus
1333 4798 1629 4855 currentes,
1658 4788 1851 4844 domos

242 4886 628 4949 subvertimus,
663 4884 803 4939 bella
835 4884 1012 4938 civilia
1038 4884 1362 4947 excitamus,
1392 4897 1454 4937 ac
1480 4882 1719 4952 undique
1742 4882 1848 4936 ini-

241 4978 477 5033 micitias
508 4976 663 5029 nobis
688 4975 1039 5030 conciliantes
1062 5016 1077 5040 ,
1113 4973 1407 5027 innumeris
1446 4973 1848 5027 accusatoribus

240 5087 339 5125 ora
369 5070 696 5139 aperientes.
723 5076 959 5121 nostram
988 5066 1149 5120 vitam
1187 5064 1598 5130 dedecoramus,
1626 5074 1680 5118 et
1705 5065 1847 5135 quod

236 5165 489 5218 omnium
518 5160 892 5230 gravissimum
920 5168 1031 5223 est,
1064 5158 1375 5212 inevitabile
1421 5159 1739 5227 supplicium
1792 5159 1844 5212 in

235 5257 331 5315 die
351 5254 541 5326 judicii
572 5254 725 5308 nobis
744 5250 1179 5306 accumulamus?
1206 5249 1342 5317 Quid
1370 5250 1511 5303 enim
1539 5249 1781 5304 dicemus
1797 5249 1847 5304 ei

236 5351 338 5421 qni
382 5350 453 5404 de
480 5347 636 5402 nobis
676 5346 1016 5417 jndicaturus
1044 5354 1125 5398 est
1151 5386 1164 5409 ,
1194 5343 1409 5413 quando
1440 5343 1610 5413 legem
1646 5342 1697 5396 in
1730 5358 1843 5396 me-

238 5442 391 5494 dium
442 5439 642 5493 illatam
677 5438 865 5507 legerit
902 5436 1087 5490 dicens
1118 5452 1132 5488 :
1159 5434 1301 5489 .Iussi
1333 5435 1663 5505 repudiatam
1716 5450 1847 5489 uxo-

236 5549 359 5587 rein
393 5547 498 5584 non
542 5530 740 5583 ducere
762 5568 779 5595 ,
813 5529 999 5582 dicens
1030 5528 1081 5581 id
1114 5528 1432 5582 adulterium
1476 5544 1597 5582 esse
1627 5526 1843 5599 (Matth.

235 5625 293 5681 5.
334 5622 451 5692 52).
492 5621 775 5689 Quomodo
817 5621 976 5689 igitur
1025 5634 1188 5673 ausus
1233 5635 1293 5675 es
1319 5619 1384 5673 ad
1428 5619 1723 5690 prohibitas
1750 5635 1845 5673 nu-

304 5755 383 5817 (a)
396 5761 502 5803 Hec
527 5767 638 5817 quae
659 5753 852 5802 uncinis
862 5751 1218 5817 claudunturin
1233 5759 1396 5801 Graeco
1409 5766 1507 5817 non
1528 5759 1739 5817 exstant,
1752 5766 1847 5804 nec

304 5768 383 5817 (ri)
397 5768 502 5803 Haec
562 5768 638 5803 me
659 5768 1150 5802 uncumscuaununtur
1166 5768 1218 5803 In
1233 5768 1396 5801 Graeco
1411 5768 1507 5802 non
1528 5768 1842 5813 exswnt,nec

233 5822 290 5871 ω
314 5827 444 5879 355.,
578 5822 827 5878 tuterjircs
854 5827 1121 5879 aaouymus
1146 5815 1194 5862 in
1221 5814 1492 5878 exemplari
1516 5826 1605 5865 suo
1628 5814 1842 5881 legerat.

1471 342 1558 398 DE
1585 340 1872 398 LIBELLO
1908 342 2203 402 REPUDII.
2238 345 2303 403 ιι.
3446 350 3554 406 222

1961 460 2097 527 ptias
2122 459 2411 516 accedere?
2436 459 2572 527 Quid
2602 462 2872 529 dicemus,
2906 462 3031 534 quid
3064 463 3545 536 respondebimus?

1956 550 2253 622 Numquam
2283 553 2426 608 enim
2457 555 2566 610 illic
2607 555 2687 609 fas
2733 565 2986 611 externas
3033 557 3180 627 leges
3212 567 3506 627 praetexere
3532 600 3547 621 ,

1957 643 2053 699 sed
2084 647 2446 700 necessarium
2491 655 2574 701 est
2615 655 2853 703 tacentes
2892 659 2947 702 et
2976 648 3168 718 ligatos
3199 649 3252 702 in
3292 648 3553 719 gehennm

1958 733 2133 805 ignem
2162 735 2373 791 immitti
2413 752 2533 791 cum
2565 738 2821 793 adulteris
2849 747 2902 794 et
2942 739 3177 793 alienum
3208 748 3381 794 torum
3414 739 3555 809 inju-

1958 828 2037 882 ria
2067 829 2456 894 afﬁcientibus;
2491 846 2612 885 nam
2640 840 2695 887 et
2733 833 2822 902 qui
2869 832 3133 888 dimiserit
3166 833 3369 903 alisque
3391 849 3551 888 causa

1959 922 2165 991 stupri,
2214 930 2269 976 et
2317 924 2408 993 qui
2453 922 2678 993 ejeCIam
2721 925 2933 979 vivente
2972 926 3087 978 viro
3130 924 3377 990 duxerit,
3429 940 3551 978 enm

1959 1011 2128 1082 ejecta
2180 1013 2269 1067 illa
2318 1014 2625 1084 punientur.
2671 1015 2895 1085 Propter
2942 1015 3083 1086 quod
3140 1030 3274 1079 oro,
3325 1016 3551 1069 obsecro

1960 1116 2015 1159 et
2066 1106 2345 1175 supplico,
2402 1122 2470 1162 ne
2516 1107 2616 1162 viri
2670 1108 2923 1162 mulieres
2952 1107 3199 1177 ejiciant,
3227 1122 3401 1177 neque
3431 1122 3554 1160 mu-

1960 1196 2119 1251 lieres
2144 1197 2288 1253 viros
2324 1199 2658 1268 relinquant,
2700 1199 2795 1254 sed
2840 1198 3061 1253 audiant
3098 1199 3318 1253 Paulum
3370 1198 3557 1252 dicen-

1961 1296 2071 1342 tem
2105 1304 2120 1341 :
2146 1286 2338 1343 Mulier
2380 1291 2628 1344 adstricta
2672 1301 2739 1344 est
2770 1290 2889 1361 legi,
2919 1301 3110 1360 quanto
3135 1300 3355 1361 tempore
3378 1290 3557 1342 vixerit

1959 1381 2037 1434 vir
2080 1382 2210 1450 ejus.
2241 1381 2303 1437 Si
2325 1392 2493 1436 autem
2538 1384 2797 1437 dormierit
2840 1384 2936 1449 uir,
2966 1383 3124 1437 libera
3168 1384 3262 1436 erit
3309 1382 3391 1436 cui
3429 1382 3557 1436 volet

1962 1472 2179 1539 nubere,
2206 1482 2403 1528 tantum
2428 1477 2483 1530 in
2522 1474 2744 1531 Domino
2773 1478 2848 1547 (l.
2875 1476 2993 1530 Cor.
3048 1477 3098 1530 7.
3130 1476 3245 1547 59).

2010 1562 2179 1619 Genus
2199 1577 2271 1620 est
2290 1566 2527 1620 adulterii
2554 1569 2883 1638 conjugatum
2904 1584 3019 1621 cum
3044 1570 3221 1622 scortis
3245 1568 3460 1621 misceri.
3490 1565 3558 1620 1η

1964 1654 2180 1710 Domino
2194 1658 2378 1712 nubere
2386 1659 2509 1730 quid
2518 1659 2600 1712 sit.
2612 1689 2636 1699 -
2650 1659 2869 1727 Qualem
2883 1660 3026 1715 enim
3039 1659 3312 1715 habebunt
3323 1659 3555 1725 veniam,

1961 1748 2049 1815 qui
2067 1748 2230 1802 Paulo
2242 1751 2401 1804 etiam
2416 1752 2676 1807 secundas
2691 1753 3034 1821 permittente
3054 1753 3267 1823 nuptias
3288 1764 3409 1824 post
3424 1769 3563 1809 moro

1962 1846 2067 1893 tem
2096 1840 2356 1911 conjugis,
2381 1852 2643 1897 ettantam
2667 1845 2993 1900 concedente
3016 1847 3249 1916 copiam,
3271 1856 3397 1902 ante
3414 1863 3559 1901 mor-

1962 1939 2067 1984 tem
2093 1931 2425 1986 audcnttalia
2457 1933 2666 1989 facere?
2700 1936 2872 2002 Quam
2905 1945 3257 2006 assequentur
3292 1936 3561 1992 defensio-

1962 2038 2106 2090 nem,
2127 2024 2209 2079 vel
2230 2024 2301 2078 illi
2320 2025 2410 2095 qui
2429 2026 2726 2080 viventibus
2738 2027 2866 2080 viris
2882 2042 3077 2082 uxores
3088 2027 3373 2097 accipiunt,
3397 2029 3483 2083 vel
3504 2028 3560 2082 hi

1962 2114 2047 2183 qui
2062 2114 2127 2168 ad
2143 2116 2347 2185 publica
2365 2127 2539 2171 scorta
2561 2117 2855 2172 accedunt?
2873 2118 3085 2173 Etenim
3098 2127 3154 2174 et
3170 2118 3297 2173 illud
3317 2128 3400 2173 est
3416 2119 3559 2174 adul-

1962 2205 2081 2259 terii
2108 2207 2248 2260 aliud
2266 2222 2456 2276 genus,
2482 2207 2679 2262 habere
2698 2208 2843 2264 domi
2865 2224 3109 2277 uxorem,
3134 2219 3187 2265 et
3217 2209 3346 2265 foris
3366 2213 3560 2266 scortis

1957 2295 2126 2366 jungi.
2184 2297 2316 2352 Nam
2369 2298 2818 2369 quemadmodum
2864 2300 3053 2355 mulier
3102 2299 3304 2355 habens
3344 2301 3557 2367 virum,

1960 2388 2167 2442 etiamsi
2198 2387 2397 2443 famulo
2445 2390 2530 2444 vel
2571 2389 2741 2444 libero
2784 2391 3015 2460 cuipiam
3045 2406 3271 2446 uxorem
3314 2406 3419 2447 non
3463 2391 3560 2446 ha-

1960 2478 2106 2533 benti
2133 2495 2193 2534 se
2218 2491 2472 2550 exponat,
2505 2481 2753 2537 adulterii
2783 2482 2990 2555 legibus
3020 2483 3324 2555 implicatur
3354 2502 3369 2537 :
3402 2484 3479 2538 sic
3505 2497 3563 2538 et

1960 2569 2042 2622 vir
2065 2570 2190 2625 licet
2234 2571 2303 2626 ad
2348 2573 2565 2643 vulgare
2589 2584 2847 2641 scortum,
2872 2576 2955 2630 vel
2979 2575 3045 2630 ad
3076 2577 3352 2631 mulierem
3378 2578 3559 2641 aliain,

1961 2662 2207 2729 quamvis
2244 2678 2349 2717 non
2381 2664 2667 2718 habentem
2714 2666 2909 2729 virum,
2945 2667 3061 2737 ipse
3108 2683 3325 2722 uxorem
3359 2667 3563 2722 habens

1960 2756 2281 2821 accesserit,
2311 2755 2556 2811 adulterii
2580 2773 2706 2812 reus
2738 2758 3063 2813 censebitur.
3092 2758 3375 2829 Fugiamus
3403 2760 3563 2829 igitur

1961 2857 2012 2901 et
2033 2848 2172 2901 hunc
2197 2848 2441 2903 adulterii
2465 2849 2705 2904 modum.
2731 2850 2867 2917 Quid
2887 2852 3028 2905 enim
3049 2853 3341 2921 poterimus
3358 2852 3555 2906 dicere.

1960 2937 2087 3010 quid
2118 2940 2243 2993 item
2279 2951 2593 3010 praetexere.
2629 2942 2719 3012 qui
2768 2943 2889 2996 talia
2936 2943 3237 2997 audemus?
3268 2960 3424 3013 quam
3459 2943 3558 2997 ho-

1960 3040 2165 3085 nestam
2211 3034 2608 3087 excusationem
2658 3034 3070 3089 adhibebimus?
3101 3034 3313 3089 Natura:
3358 3050 3559 3092 concu-,

1958 3124 2271 3194 piscentiam
2288 3125 2311 3178 ?
2331 3126 2435 3180 Sed
2460 3125 2611 3180 adest
2626 3126 2838 3196 quidem
2860 3143 3010 3192 uxor,
3038 3144 3157 3197 qua:
3176 3128 3328 3181 nubis
3349 3128 3557 3197 obtigit,

1959 3216 2062 3272 hac
2090 3232 2185 3272 nos
2215 3218 2563 3274 excusatione
2595 3220 2834 3288 privans.
2870 3219 3077 3274 Idcirco
3108 3220 3306 3289 nuptiae
3336 3220 3560 3275 invectae

1958 3322 2102 3379 sunt,
2160 3323 2219 3367 ut
2270 3329 2337 3369 ne
2395 3315 2687 3379 scorteris;
2741 3315 2850 3369 imo
2886 3329 2993 3369 non
3034 3330 3171 3369 uxor
3217 3314 3355 3381 sola,
3388 3313 3480 3369 sed
3506 3324 3562 3368 et

1958 3406 2111 3459 multi
2128 3406 2237 3471 alii,
2255 3406 2341 3476 qui
2357 3406 2621 3470 eamdem,
2641 3423 2799 3475 quam
2822 3422 2941 3471 nos,
2966 3406 3163 3461 habent
3183 3416 3447 3472 naturam,
3463 3408 3561 3462 hac

1959 3512 2058 3551 nos
2082 3497 2292 3567 privant
2319 3500 2493 3552 venia.
2521 3497 2745 3565 Quando
2772 3499 2915 3552 enim
2943 3514 3235 3553 conservus
3257 3508 3397 3558 tuus.
3418 3499 3557 3552 idem

1959 3588 2163 3644 habens
2186 3603 2403 3659 corpus,
2433 3589 2789 3660 eamdemque
2814 3591 3323 3660 concupiscentiam,
3367 3592 3557 3646 eadem

1957 3684 2279 3737 necessitate
2299 3682 2692 3751 exstimulatus,
2708 3682 2907 3737 nullam
2923 3684 3080 3737 aliam
3100 3684 3242 3737 videt
3257 3684 3553 3748 mulierem,

1958 3775 2050 3830 sed
2079 3786 2257 3829 manet
2286 3791 2381 3831 sua
2407 3775 2520 3830 sola
2551 3784 2860 3843 contentus,
2890 3776 3100 3846 qualem
3132 3786 3185 3831 tu
3215 3778 3433 3833 habebis
3461 3797 3559 3833 ex-

1955 3868 2307 3932 cusationem,
2330 3868 2817 3941 concupiscentiam
2842 3870 3176 3939 praetexens?
3204 3870 3271 3924 Et
3292 3872 3417 3941 quid
3437 3871 3558 3925 dico

1958 3960 2218 4016 habentes
2241 3962 2479 4015 uxores?
2507 3960 2691 4031 Cogita
2718 3962 2850 4016 mihi
2875 3977 2990 4027 eos,
3013 3962 3104 4032 qui
3134 3979 3348 4033 semper
3372 3965 3425 4017 in
3449 3968 3557 4017 vn-

1954 4053 2175 4122 ginitate
2201 4054 2469 4120 vixerunt,
2509 4062 2563 4107 et
2587 4054 2912 4123 contemptis
2942 4053 3138 4124 nuptiis
3169 4070 3413 4124 magnam
3446 4072 3557 4125 pne

1955 4161 2015 4202 se
2042 4146 2282 4201 tulerunt
2309 4146 2714 4200 continentiam.
2745 4146 2878 4200 Cum
2912 4146 3071 4214 igitur
3096 4146 3185 4199 alii
3226 4146 3426 4215 absque
3456 4164 3556 4201 nu-

1957 4238 2081 4307 ptiis
2128 4237 2465 4291 continentes
2516 4236 2657 4298 sint,
2688 4251 2847 4305 quam
2891 4244 2946 4289 tu
2993 4238 3297 4305 assequeris
3346 4235 3556 4293 veniam

1955 4339 2077 4399 post
2096 4330 2308 4398 nuptias
2330 4329 2610 4382 scortans?
2632 4328 2759 4382 Haec
2781 4338 2835 4382 et
2856 4327 2959 4381 viri
2981 4338 3035 4382 et
3052 4329 3555 4395 mulieresaudiant,

1954 4433 2008 4474 et
2034 4421 2207 4474 vidua:
2232 4430 2285 4475 et
2309 4429 2486 4489 nuptae
2516 4435 2529 4472 :
2556 4419 2805 4473 omnibus
2833 4420 2975 4474 enim
3008 4420 3202 4473 Paulus
3226 4422 3470 4492 loquitur,
3502 4433 3558 4478 et

1954 4512 2037 4566 lex
2063 4513 2150 4566 illa
2177 4513 2361 4566 dicens
2389 4529 2402 4564 :
2439 4510 2629 4564 Mulier
2648 4511 2892 4566 adstricta
2905 4522 2975 4566 est
3003 4512 3101 4583 legi
3121 4525 3309 4582 quanta
3334 4526 3558 4584 tempore

1955 4606 2130 4657 vixerit
2151 4606 2227 4658 vir
2272 4605 2415 4658 illius
2441 4619 2459 4657 :
2481 4605 2525 4657 si
2552 4614 2720 4657 autem
2745 4604 3025 4669 dormierit,
3059 4605 3216 4658 libera
3240 4616 3312 4659 est
3337 4608 3418 4658 cui
3449 4607 3556 4660 vult

1953 4698 2159 4762 nubere,
2184 4705 2380 4749 tantum
2400 4697 2453 4748 in
2475 4694 2716 4748 Domino.
2742 4695 2810 4750 Et
2836 4695 3152 4751 habentibus
3174 4697 3338 4765 viros,
3365 4709 3419 4753 et
3447 4714 3557 4757 non

1954 4786 2295 4853 habentibus,
2325 4799 2374 4841 et
2399 4787 2591 4854 viduis,
2621 4797 2677 4842 et
2705 4789 2945 4843 secundo
2976 4790 3300 4845 nubentibus
3336 4792 3552 4859 marito,

1952 4889 2007 4935 et
2031 4880 2280 4935 omnibus
2322 4879 2637 4949 simpliciter
2662 4896 2839 4935 sermo
2869 4882 2957 4936 ille
2980 4884 3122 4936 nlilis
3150 4894 3250 4937 est.
3270 4883 3402 4937 Nam
3434 4901 3557 4955 quae

1955 4972 2114 5026 habet
2146 4973 2340 5038 virum,
2375 4988 2479 5027 non
2531 4973 2672 5027 volet
2712 4974 2929 5028 vivente
2969 4974 3060 5028 illo
3090 4991 3335 5045 qna-rere
3365 4978 3552 5044 alium,

1952 5064 2175 5117 audiens
2203 5078 2261 5117 se
2292 5064 2503 5118 vivente
2526 5066 2616 5119 illo
2646 5064 2956 5119 adstrictam
2985 5082 3105 5123 esse
3130 5084 3145 5133 ;
3168 5085 3288 5138 qua:
3320 5085 3449 5124 vero
3474 5080 3560 5126 est

1952 5155 2140 5218 libera,
2169 5155 2428 5225 siquidem
2461 5156 2691 5211 Voluerit
2731 5156 2968 5211 secundo
3021 5161 3248 5227 nubere,
3276 5175 3384 5216 non
3428 5163 3560 5218 sim-

1953 5247 2160 5317 pliciter
2189 5264 2362 5318 neqne
2390 5257 2592 5304 temere
2621 5250 2723 5304 hoc
2739 5250 2885 5313 facit,
2906 5252 3000 5306 sed
3024 5268 3145 5308 cum
3176 5255 3404 5325 legibus,
3437 5273 3567 5328 qua:-

1952 5350 2077 5394 sunt
2103 5357 2131 5394 a
2164 5341 2327 5396 Paulo
2355 5343 2562 5411 posita).
2602 5343 2735 5398 Dicit
2758 5344 2946 5399 enim:
2992 5344 3179 5400 Libera
3232 5358 3306 5404 est
3331 5352 3415 5403 cui
3454 5352 3558 5405 vult

1953 5434 2156 5497 nubere,
2188 5445 2383 5488 tantum
2412 5437 2465 5489 in
2506 5435 2725 5490 Domino
2757 5435 2852 5509 (1.
2881 5437 3002 5492 Cor.
3036 5440 3086 5495 7.
3122 5441 3191 5497 59
3222 5447 3281 5513 ):
3309 5441 3411 5498 hoc
3451 5455 3557 5512 est,

1951 5544 2070 5581 cum
2103 5529 2429 5582 continentia
2469 5538 2523 5582 et
2547 5529 2844 5584 honestate.
2899 5528 2990 5584 Sin
3022 5533 3254 5589 voluerit
3300 5549 3421 5589 cum
3461 5535 3558 5589 de-

1953 5622 2132 5677 functo
2158 5638 2373 5677 sei-vare
2399 5623 2620 5688 hedera,
2664 5624 2847 5679 audiet
2873 5627 3138 5695 repositas
3173 5628 3272 5683 sibi
3303 5642 3556 5695 coronas,

1952 5714 2319 5783 majorcmque
2358 5714 2686 5771 alacritatem
2720 5717 2913 5787 capiet.
2947 5716 3156 5777 Beatior
3182 5720 3318 5775 erant
3338 5731 3433 5785 est,
3468 5736 3553 5774 ιιιη

1953 5808 2085 5879 quit,
2114 5809 2155 5861 si
2180 5808 2251 5863 sic
2267 5810 2510 5864 manserit
2538 5808 2560 5883 ί
2589 5807 2726 5864 Ibid.
2763 5827 2809 5864 υ.
2842 5811 2913 5866 40
