3990 6358
415 331 523 421 εὲδ

490 485 542 538 4.
575 481 726 535 Pauli
770 478 1036 548 sapientia.
1078 474 1242 528 Vidua
1271 473 1461 528 beatior
1509 473 1660 526 etiam
1696 471 1747 524 in
1781 471 2013 536 prwsenti

417 575 622 629 sa'rulo.
654 569 944 626 Form’calio
994 583 1147 638 quant
1196 563 1654 634 turpia—Vides
1706 579 1813 632 quo
1863 571 2016 630 pacto

416 665 664 719 omnibus
684 676 863 717 sermo
885 661 973 715 ille
1001 659 1162 719 utilis,
1187 668 1240 712 et
1257 673 1315 711 se
1335 657 1400 710 ad
1423 658 1628 710 illarum
1654 655 2013 708 inﬁrmitatem

418 755 668 820 demittit,
693 763 746 808 et
775 754 903 807 istas
928 751 1040 806 suis
1062 750 1304 805 laudibus
1329 764 1432 802 non
1460 748 1778 801 delt-autlat?
1804 747 2012 800 Etenim

417 847 558 918 quod
589 847 654 900 de
687 846 882 916 nuptiis
913 853 967 898 et
996 843 1296 912 virginitate
1339 840 1484 906 fecit,
1517 841 1618 894 hoc
1645 852 1694 894 et
1726 840 1790 891 de
1821 838 2011 906 priori-

417 939 518 992 bus
544 947 598 990 et
646 934 896 990 secundis
953 934 1174 1003 nuptiis.
1227 930 1686 998 Quemadmodmn
1737 933 1879 982 enim
1913 928 2016 983 illic

419 1044 523 1082 non
546 1027 771 1081 exclusit
814 1024 1044 1094 nuptias,
1081 1033 1136 1076 ut
1163 1037 1230 1077 ne
1256 1031 1439 1091 gravet
1468 1021 1811 1084 infirmiores,
1844 1034 2016 1086 neque

418 1122 790 1178 necessitatem
822 1118 1090 1188 imposuit,
1136 1125 1192 1169 ut
1244 1131 1311 1169 ne
1341 1114 1585 1169 volentes
1633 1113 1682 1166 in
1717 1113 2015 1182 virguitate

419 1215 634 1285 degere,
663 1212 942 1282 propositis
960 1210 1172 1265 coronis
1193 1208 1448 1278 spoliaret
1471 1223 1482 1259 :
1509 1207 1601 1260 sed
1631 1204 2017 1259 demonstravit

420 1305 634 1374 quidem
667 1306 830 1358 bonas
861 1317 980 1357 esse
1009 1301 1238 1370 nuptias,
1262 1298 1552 1352 declaravit
1599 1305 1774 1350 autent
1825 1296 2013 1350 melio-

420 1411 535 1451 rem
563 1410 680 1451 esse
712 1395 1066 1464 virginitatem
1094 1409 1111 1456 ;
1139 1392 1208 1445 ita
1239 1400 1290 1445 et
1313 1389 1397 1444 hic
1428 1403 1637 1459 quoque
1662 1389 1796 1442 alios
1820 1388 2015 1456 g:adus

421 1488 573 1557 ponit
613 1487 786 1553 nobis,
842 1487 1099 1554 majorem
1127 1483 1331 1537 scilicet
1356 1492 1410 1536 et
1459 1481 1823 1535 sublimiorem
1849 1480 2016 1534 altero

421 1581 668 1643 alterum,
699 1594 890 1647 nempe
907 1577 1216 1632 viduitatem
1245 1595 1258 1630 :
1283 1576 1506 1629 alterum
1529 1590 1658 1628 vero
1687 1575 2011 1640 inferiorem,

425 1689 618 1743 nempe
672 1671 935 1726 secundas
975 1671 1187 1740 nuptias
1231 1688 1241 1721 :
1295 1678 1351 1724 et
1405 1667 1654 1722 fortiores
1707 1666 1920 1735 quidem
1954 1682 2016 1720 ac

421 1765 686 1819 transilire
701 1765 945 1818 nolentes
961 1761 1027 1815 ad
1044 1771 1314 1816 certamen
1332 1769 1674 1830 prreparat,et
1693 1758 2017 1812 inﬁrmiores

420 1859 611 1911 cadere
654 1873 757 1910 non
791 1855 1066 1926 permittit.
1100 1854 1290 1907 Dicens
1320 1853 1459 1906 enim
1494 1869 1506 1907 :
1536 1850 1742 1905 Beatior
1767 1853 1898 1904 enim
1944 1860 2016 1904 est

419 1948 546 2000 sisic
563 1947 797 2000 manserit
815 1947 862 2018 (Ι
878 1986 890 1998 .
912 1943 1029 1999 Cor.
1048 1945 1100 1998 7.
1126 1943 1237 2011 40),
1259 1952 1315 1996 ιιι
1333 1958 1398 1996 ne
1419 1950 1575 2012 putes
1597 1942 1880 1996 humanam
1896 1955 2017 1996 esse

422 2041 615 2108 legem,
644 2037 886 2102 audiens,
916 2034 1078 2089 Juxta
1102 2051 1265 2088 meum
1283 2034 1568 2098 consilium,
1587 2032 1768 2087 subdit
1790 2050 1801 2084 :
1821 2031 2018 2103 Opinor

419 2131 743 2199 autemquod
773 2139 818 2182 ct
863 2145 953 2196 ego
998 2127 1249 2198 Spiritum
1296 2124 1391 2179 Dei
1434 2126 1662 2178 habeam.
1695 2124 1810 2178 Non
1861 2125 2020 2194 igitur

421 2223 710 2276 hutnanum
749 2221 1032 2276 consilium
1064 2228 1147 2273 est
1177 2218 1259 2273 vel
1304 2227 1648 2287 prmceptum,
1693 2216 1786 2271 sed
1834 2217 2017 2286 gratia:

420 2315 651 2383 Spiritus
682 2312 943 2368 sententia
975 2326 1038 2364 ac
1064 2309 1240 2363 divina
1295 2310 1400 2362 lex.
1434 2308 1637 2362 Idcirco
1679 2323 1746 2362 ne
1773 2317 2017 2378 putemus

420 2420 542 2459 esse
567 2405 710 2458 Pauli
741 2404 829 2472 qui
858 2404 971 2457 lucc
991 2401 1140 2463 dicit,
1169 2399 1263 2454 sed
1294 2399 1523 2469 Spiritus
1551 2399 1740 2465 sancti,
1772 2399 1861 2468 qui
1883 2397 2020 2451 hanc

424 2496 580 2549 nobis
612 2496 780 2564 legem
831 2492 1031 2546 condit.
1084 2491 1238 2558 Quod
1281 2504 1408 2545 vero
1459 2490 1608 2558 dicit,
1663 2488 1878 2559 Opinor,
1912 2503 2016 2542 non

419 2587 572 2657 quasi
624 2585 870 2640 nesciens
896 2585 1042 2649 dicit,
1085 2583 1179 2637 sed
1219 2582 1459 2636 modeste
1489 2596 1653 2651 agens
1680 2591 1732 2635 et
1779 2582 2016 2649 seipsum

421 2679 726 2733 bumilians.
758 2675 909 2744 Quod
937 2686 1114 2729 autem
1144 2675 1347 2728 beatior
1377 2675 1466 2741 sit,
1499 2674 1633 2728 dixit
1661 2673 1894 2744 quidem,
1925 2673 2018 2728 sed

420 2786 526 2823 non
552 2767 766 2838 adjecit,
792 2765 1060 2837 quomodo
1087 2766 1313 2832 beatior,
1365 2766 1648 2820 sufﬁcienti
1679 2766 2017 2820 demonstra-

421 2864 564 2916 ti0ne
583 2863 724 2926 data;
754 2875 945 2929 nempe
961 2861 1095 2911 hanc
1119 2872 1175 2911 se
1194 2874 1222 2911 a
1243 2859 1441 2926 Spiritu
1467 2857 1656 2910 all‘crre
1676 2868 2016 2911 sententiam.

420 2956 570 3024 Quod
627 2957 676 3010 si
704 2955 854 3009 voles
881 2954 1041 3008 etiam
1087 2953 1382 3006 rationibus
1422 2954 1726 3021 exquirere,
1773 2968 2018 3021 magnam

325 3039 331 3045 ’
418 3047 935 3102 demonstrationum
953 3043 1162 3114 copiam
1187 3044 1427 3097 invenies
1457 3063 1469 3095 :
1499 3053 1552 3096 et
1581 3043 1784 3096 videbis
1815 3043 2020 3097 beatio-

421 3155 534 3194 rem
563 3152 684 3194 esse
722 3136 959 3202 viduam,
1011 3151 1118 3190 non
1160 3134 1332 3189 solum
1387 3135 1437 3186 in
1467 3133 1644 3187 futuro
1672 3135 1890 3200 saeculo,
1923 3133 2016 3188 sed

421 3233 582 3287 etiam
626 3231 677 3285 in
709 3239 975 3300 praesente
1003 3230 1135 3282 vita.
1168 3227 1236 3281 Et
1281 3227 1422 3282 istud
1463 3229 1640 3298 ipsum
1667 3229 1896 3283 maxime
1925 3244 2021 3282 no-

421 3330 572 3376 verat
599 3321 821 3388 Paulus,
849 3319 900 3374 id
924 3319 1066 3389 quod
1089 3317 1156 3373 de
1178 3319 1472 3388 virginibus
1494 3319 1795 3373 insinuavit.
1821 3320 2020 3374 Admo-

422 3430 554 3470 uens
581 3413 724 3468 enim
757 3423 810 3467 et
838 3413 1124 3466 consulens
1154 3411 1453 3480 eligendam
1487 3426 1608 3466 esse
1635 3412 2016 3481 virginitatem,

423 3509 502 3562 sic
526 3505 736 3561 dicebat
767 3520 782 3558 ι
812 3503 1008 3574 Opinor
1033 3503 1166 3574 quod
1188 3502 1373 3555 bonum
1394 3504 1458 3556 sit
1475 3502 1663 3556 homini
1685 3508 1754 3558 sic
1774 3519 1880 3556 esse
1895 3519 2018 3572 pro-

424 3612 532 3670 pter
549 3601 815 3652 instantem
836 3598 1172 3650 necessitatem
1194 3594 1353 3662 (Ibid.
1387 3611 1436 3648 υ.
1457 3594 1642 3666 ‘26);et
1665 3596 1853 3650 iterum
1890 3594 2022 3649 :Et-

433 3690 580 3742 iamsi
594 3689 816 3758 nupserit
834 3689 994 3758 virgo,
1020 3705 1117 3740 non
1143 3687 1359 3755 peccavit
1379 3685 1537 3756 (Ibid.
1553 3703 1600 3739 υ.
1616 3688 1708 3756 56)
1729 3705 1742 3740 :
1763 3687 2019 3757 virginem

427 3782 514 3835 hic
533 3780 717 3834 dicens
739 3797 844 3832 non
866 3797 982 3833 eam
1007 3795 1125 3850 qua:
1145 3781 1482 3844 renuntiavit,
1505 3783 1596 3833 sed
1613 3797 1730 3834 eam
1747 3781 2022 3836 dumtaxat

427 3887 548 3943 quae
575 3872 808 3926 nondum
840 3872 1141 3941 conjugium
1183 3885 1398 3940 experta
1439 3883 1558 3938 est,
1591 3884 1644 3927 et
1673 3889 1778 3927 non
1829 3875 2019 3929 factam

423 3966 710 4021 obnoxiam
730 3977 1000 4035 perpetua:
1030 3966 1344 4034 virginitatis
1375 3967 1749 4034 promissione.
1777 3966 2020 4021 Tribulu-

425 4060 611 4115 tionem
654 4069 823 4112 autent
853 4061 904 4112 in
945 4075 1098 4112 carne
1139 4059 1388 4111 habebunt
1441 4059 1527 4129 qui
1578 4060 1702 4112 tales
1746 4061 1892 4113 sint:
1930 4078 2020 4130 ego

426 4161 594 4207 autem
619 4151 754 4204 vobis
781 4167 934 4221 parco
962 4150 981 4222 (
1007 4149 1144 4204 Ibid.
1177 4167 1223 4204 υ.
1249 4151 1320 4205 28
1358 4155 1396 4220 ).
1446 4151 1559 4205 Uno
1580 4152 1719 4204 enim
1764 4162 1820 4206 et
1870 4153 2020 4208 brevi

433 4248 535 4300 hoc
563 4245 727 4297 verbo
754 4243 966 4312 reliquit
990 4241 1210 4296 cordate
1235 4243 1485 4308 auditori,
1521 4251 1578 4296 ut
1604 4245 1780 4296 onmia
1808 4246 2023 4315 Colligat

426 4347 480 4390 et
506 4333 791 4406 expendat,
823 4333 1040 4387 dolores
1085 4343 1288 4402 partus,
1321 4335 1664 4388 educationes
1711 4351 2019 4404 puerorum,

428 4443 634 4493 curant,
654 4425 1008 4490 inﬁrmitates,
1029 4435 1228 4478 mortes
1251 4424 1672 4493 intempestivas,
1695 4426 2019 4493 inimicitias,

425 4519 828 4581 contentiones,
887 4517 1181 4570 innumeris
1214 4517 1415 4569 servire
1463 4516 1742 4570 sententiis
1776 4558 1790 4582 ,
1833 4518 2024 4574 alienis

426 4611 580 4665 malis
608 4608 895 4664 obnoxiam
926 4606 1062 4672 ﬁeri,
1096 4607 1404 4659 innumeras
1437 4607 1675 4660 tristitias
1705 4609 1758 4660 in
1800 4623 1902 4662 una
1929 4625 2023 4664 sua

426 4703 603 4759 anima
635 4701 896 4773 recipere.
917 4700 1266 4754 Abomnibus
1297 4699 1400 4753 illis
1431 4701 1582 4754 malis
1605 4701 1877 4766 liberatur,
1907 4716 2024 4771 qure

423 4797 812 4853 continentiam
859 4793 1209 4863 amplexatur,
1245 4803 1448 4848 etcum
1502 4793 1814 4849 liberatione
1867 4810 1897 4847 a
1949 4805 2025 4848 tot

425 4888 751 4958 iujucundis,
790 4887 951 4941 etiam
983 4887 1036 4939 in
1075 4884 1252 4938 futura
1283 4889 1390 4938 vita
1437 4901 1683 4955 magnam
1731 4887 2020 4956 repositam

425 4981 589 5034 habet
612 4979 940 5034 mercedem.
975 4978 1101 5031 [huc
1132 4978 1290 5047 igitur
1316 4978 1495 5030 omnia
1528 4979 1780 5044 scientes,
1811 4981 2023 5033 Studea-

427 5085 547 5123 mus
571 5069 786 5138 quidem
819 5069 1217 5137 primisnuptiis
1247 5083 1366 5122 esse
1392 5071 1650 5123 contenti.
1679 5070 1734 5123 Si
1762 5081 1938 5124 autem
1974 5081 2027 5125 et

423 5160 494 5215 ad
523 5161 785 5216 secundas
805 5161 1160 5229 adspiramus,
1193 5165 1282 5214 fiat
1311 5165 1411 5215 hoc
1439 5162 1651 5217 decenti
1679 5165 1836 5217 modo
1858 5174 1910 5217 et
1932 5165 2024 5218 ha-

427 5252 541 5306 bitu
588 5261 642 5305 et
693 5251 988 5306 secundum
1018 5252 1227 5307 divinas
1275 5253 1442 5322 leges.
1485 5253 1710 5322 PrOpter
1751 5256 1852 5310 hoc
1876 5257 2024 5311 enim

427 5343 561 5398 dixit
591 5360 606 5398 :
649 5342 832 5396 Libera
853 5354 924 5397 est
947 5346 1025 5397 cui
1053 5347 1160 5399 vult
1186 5347 1368 5398 nubere
1396 5356 1490 5400 :et
1515 5346 1782 5412 subdidit,
1809 5348 2026 5402 Tantum

424 5442 477 5491 in
507 5437 725 5491 Domino
751 5435 912 5506 (Ibid.
940 5453 988 5491 υ.
1013 5439 1082 5494 59
1108 5444 1126 5509 )
1157 5455 1171 5491 :
1205 5440 1362 5494 simul
1385 5448 1441 5495 et
1482 5441 1748 5495 licentiam
1791 5443 1945 5508 dans,
1974 5451 2029 5497 et

426 5530 696 5583 licentiam
746 5530 1092 5596 confirmans,
1145 5543 1199 5585 et
1242 5542 1560 5601 potestatem
1597 5536 1918 5601 concedens,
1975 5548 2028 5592 et

430 5610 682 5688 potestati
708 5617 784 5672 illi
805 5621 1040 5690 undique
1064 5623 1206 5690 leges
1233 5637 1296 5676 ac
1318 5625 1574 5679 terminos
1605 5640 1807 5694 ponens
1836 5645 1847 5680 :
1882 5629 2030 5683 vide-

434 5711 562 5764 licet
584 5726 653 5765 ne
681 5713 909 5780 pollutos
935 5723 988 5767 et
1011 5724 1294 5783 corruptos
1321 5717 1464 5770 viros
1513 5718 1566 5770 in
1591 5718 1808 5773 domum
1862 5721 2027 5775 intro-

433 5800 591 5880 ducat
608 5801 884 5870 mulier,et
905 5814 1142 5874 stuprum
1167 5815 1456 5877 sectantes,
1482 5810 1574 5864 sed
1590 5827 1706 5864 cum
1726 5812 2024 5866 honestate.

1198 361 1253 417 S.
1293 357 1568 417 JOANNIS
1605 354 2078 412 CHRYSOSTOMI
2121 352 2438 410 ARClllEP.
2481 351 3018 409 CONSTANTINOP.

3618 356 3718 412 2‘28

2136 477 2188 520 et
2217 467 2497 529 modestia,
2523 476 2586 520 ac
2622 467 2838 536 pietate,
2874 475 2928 518 ut
2960 465 3140 519 onmia
3173 465 3224 518 in
3259 465 3481 535 gloriam
3519 467 3610 522 Dei
3641 487 3717 520 «ϊ-

2125 557 2274 613 dant.
2303 559 2566 626 Quoniam
2592 559 2733 613 enim
2763 558 2957 626 sa-pius
2977 558 3159 611 multa:
3183 558 3436 612 mulieres
3459 557 3726 627 prioribus

2126 650 2250 704 viris
2279 649 2566 712 defunctis,
2609 649 2875 703 adulterio
2903 648 3049 717 prius
3075 649 3364 702 commisso
3394 650 3528 702 alios
3557 648 3721 702 intro.

2122 741 2411 807 duxerunt,
2445 752 2496 796 et
2513 742 2643 796 alias
2664 740 2924 809 pessimas
2941 739 3052 793 vias
3077 740 3449 809 excogitarunt
3473 757 3486 792 :
3515 749 3724 808 promer

2126 833 2226 886 hoc
2248 834 2461 902 adjecit,
2478 832 2699 886 Tantum
2718 833 2768 884 in
2786 829 3030 898 Domino,
3046 838 3103 885 ut
3120 831 3245 885 nih.l
3266 831 3454 884 horum
3477 833 3725 886 secunda:

2127 927 2324 994 nuptize
2352 925 2618 979 habeant:
2649 925 2728 977 sic
2754 924 2896 978 enim
2939 939 2967 974 a
3019 922 3334 976 criminibus
3375 922 3560 977 liberae
3608 937 3726 976 esse

2131 1027 2398 1085 poterunt.
2451 1016 2719 1085 Optimum
2768 1016 2912 1069 enim
2962 1015 3198 1066 omnium
3234 1015 3370 1068 foret
3411 1023 3727 1083 exspectare

2125 1110 2463 1176 defunctum,
2498 1122 2552 1164 et
2579 1125 2795 1163 servare
2829 1107 2974 1177 leges
2994 1122 3113 1160 cum
3145 1107 3234 1160 illo
3267 1107 3426 1159 initas
3453 1107 3728 1160 continen-

2133 1204 2367 1272 tiamque
2393 1203 2611 1272 eligere,
2645 1211 2697 1255 et
2743 1216 2961 1254 manere
2996 1215 3115 1253 cum
3149 1199 3348 1253 relictis
3380 1199 3580 1268 pueris,
3615 1215 3728 1250 ma-

2121 1295 2298 1364 jorem
2351 1293 2443 1347 Dei
2474 1293 2904 1348 benevtilentiam
2954 1291 3031 1345 sic
3057 1290 3409 1345 conciliando.
3442 1291 3508 1344 Et
3550 1291 3594 1344 si
3624 1307 3724 1358 qua

2125 1386 2364 1440 secundo
2399 1385 2599 1440 nubere
2639 1385 2835 1438 marito
2863 1383 3027 1447 volet,
3055 1398 3174 1435 cum
3223 1383 3482 1435 modestia
3529 1397 3590 1435 ac
3631 1382 3728 1434 ho-

2125 1487 2352 1542 nestate,
2386 1489 2438 1532 et
2477 1477 2872 1532 decentissimis
2900 1473 3106 1545 legibus
3147 1473 3250 1527 hoc
3280 1473 3474 1536 faciat;
3508 1489 3629 1526 nam
3673 1483 3726 1526 et

2125 1572 2226 1624 hoc
2258 1569 2584 1639 permittitur
2610 1587 2620 1620 :
2658 1565 2941 1620 fornicatio
2969 1575 3145 1619 autem
3173 1564 3284 1618 sola
3310 1571 3365 1618 et
3405 1563 3725 1617 adulterium

2124 1663 2491 1731 prohibentur.
2522 1661 2669 1715 Hanc
2703 1660 2861 1729 igitur
2888 1658 3151 1728 fugiamus
3181 1670 3236 1712 et
3266 1659 3522 1727 conjuges
3542 1671 3594 1712 et
3615 1673 3726 1711 ca:-

2124 1757 2279 1822 lihes,
2309 1771 2375 1809 ne
2409 1754 2800 1809 dedecoremus
2830 1753 2993 1805 vitam
3019 1769 3068 1806 ni
3090 1761 3282 1818 stram,
3317 1767 3384 1806 ne
3413 1755 3571 1804 vitam
3598 1766 3725 1820 aga-

2125 1863 2242 1901 mus
2266 1847 2562 1910 ridiculam,
2587 1859 2761 1914 neque
2787 1843 3084 1914 polluamus
3104 1857 3317 1914 corpus,
3341 1857 3512 1912 neque
3529 1843 3726 1895 malam

2123 1939 2509 1993 conscientiam
2543 1938 2595 1990 in
2642 1944 2876 1990 mentem
2908 1933 3246 1988 inducamus.
3277 1933 3554 1998 Quomodo
3577 1935 3724 1986 cium

2125 2041 2244 2100 post
2273 2027 2715 2084 consuetudinem
2757 2040 2877 2080 cum
2903 2026 3094 2080 scortis
3139 2025 3193 2077 in
3217 2024 3498 2079 ecclesiam
3540 2024 3726 2078 venire

2125 2121 2372 2191 poteris?
2413 2119 2685 2190 quomodo
2729 2131 2920 2172 manus
2945 2156 2960 2182 ,
2998 2115 3190 2185 quibus
3235 2124 3468 2168 scortum
3512 2123 3727 2167 contre-

2121 2215 2296 2279 ctasti,
2321 2213 2374 2268 in
2396 2214 2584 2268 caelum
2608 2211 2898 2266 extendere
2921 2207 3177 2263 audebis?
3200 2208 3468 2276 quomodo
3491 2208 3725 2278 linguam

2125 2323 2357 2372 movere,
2409 2319 2463 2361 et
2487 2321 2581 2360 ore
2633 2305 2723 2358 illo
2752 2306 3021 2367 invocare,
3052 2315 3160 2369 quo
3188 2311 3423 2354 scortum
3452 2301 3727 2352 osculatus

2123 2418 2181 2456 es
2204 2402 2226 2454 ?
2250 2403 2442 2470 quibus
2472 2400 2641 2454 oculis
2673 2397 2965 2452 intueberis
3015 2396 3218 2449 amicos
3248 2394 3627 2448 honestiores?
3657 2393 3728 2446 Et

2125 2495 2248 2564 quid
2281 2495 2399 2547 dico
2426 2494 2663 2547 amicos?
2695 2490 2920 2546 Etiamsi
2949 2489 3130 2543 nullus
3170 2489 3417 2542 conscius
3446 2497 3536 2552 εει,
3564 2495 3622 2540 tu
3649 2497 3728 2540 te-

2125 2588 2296 2656 ipsam
2339 2587 2546 2655 cogeris
2576 2585 2806 2639 niaxime
2833 2584 3073 2638 onmium
3103 2581 3298 2636 rubore
3324 2595 3388 2635 ac
3411 2583 3728 2633 confusione

2126 2680 2466 2749 perfundere,
2490 2679 2791 2732 etmaxime
2812 2677 3050 2732 omnium
3089 2688 3287 2742 corpus
3332 2672 3608 2744 proprimn
3635 2673 3728 2725 ab-

2125 2773 2369 2826 ominari.
2391 2771 2522 2825 Nam
2549 2773 2592 2825 si
2617 2770 2718 2824 hoc
2733 2787 2839 2824 non
2865 2777 3028 2835 esset,
3053 2782 3219 2838 quare
3243 2765 3310 2820 ad
3339 2767 3584 2818 balneum
3611 2774 3730 2834 post

2128 2876 2401 2934 peccatum
2434 2863 2560 2917 illud
2583 2862 2793 2917 curris?
2822 2861 3011 2916 Nonne
3031 2862 3151 2930 quia
3184 2860 3329 2914 omni
3355 2859 3466 2912 luto
3491 2859 3728 2912 inunun-

2125 2957 2332 3010 diorem
2367 2958 2595 3025 tcipsum
2637 2969 2758 3009 esse
2787 2951 3018 3008 censes?
3057 2952 3228 3020 Quam
3274 2952 3431 3020 igitur
3467 2952 3730 3017 majorem

2127 3047 2477 3100 innnunditia:
2505 3056 2607 3100 tua:
2625 3046 2995 3116 probationem
3024 3044 3240 3114 quieris,
3272 3042 3352 3096 vel
3375 3057 3536 3111 quam
3561 3043 3730 3095 Deum

2126 3149 2408 3208 exspectas
2438 3139 2756 3193 sententiam
2797 3136 3066 3199 daturum,
3121 3135 3340 3205 quando
3370 3143 3424 3187 tu
3471 3133 3610 3202 ipse,
3641 3134 3734 3204 qui

2125 3231 2410 3300 deliquisti,
2444 3232 2603 3284 talem
2628 3230 2695 3283 de
2724 3231 2874 3283 factis
2899 3228 3002 3282 tuis
3029 3228 3350 3281 sententiam
3383 3235 3536 3279 tenes
3564 3225 3590 3278 ’Ξ

2197 3323 2443 3376 Balneum
2469 3324 2655 3376 animm
2672 3321 3080 3393 quale.—lgitur
3107 3321 3252 3389 quod
3275 3318 3584 3388 impurosse
3611 3333 3738 3372 esse

2125 3423 2366 3480 censent,
2423 3414 2581 3468 valde
2624 3413 2780 3467 laudo
2807 3421 2862 3467 et
2889 3412 3128 3484 approbo
3161 3429 3176 3476 ;
3205 3412 3347 3480 quod
3393 3421 3571 3464 autem
3624 3426 3736 3463 nou

2127 3519 2331 3563 rectum
2350 3507 2663 3577 puriﬁcandi
2683 3508 2902 3561 modum
2939 3507 3191 3572 habeant,
3223 3505 3489 3574 improbo,
3520 3515 3576 3558 et
3599 3521 3732 3574 pro-

2127 3609 2308 3669 pterea
2335 3599 2687 3669 reprehendo.
2733 3597 2864 3652 Nam
2893 3598 2938 3653 si
2983 3598 3279 3668 corporalis
3324 3597 3532 3651 Illacqu
3553 3607 3732 3661 esset,

2121 3695 2242 3763 jure
2257 3694 2570 3748 balneorum
2587 3674 3045 3764 puriﬁcatibnibus
3057 3707 3250 3762 corpus
3270 3693 3439 3761 ipsum
3458 3692 3739 3756 ablueres,

2126 3786 2358 3838 animam
2397 3795 2574 3838 autem
2603 3799 2722 3838 cum
2748 3782 3108 3852 coinquinaris
3135 3792 3188 3836 ct
3217 3784 3482 3852 impuram
3519 3782 3741 3843 feceris,

2129 3877 2286 3930 talem
2307 3891 2487 3945 quwre
2504 3876 3072 3945 puriﬁcationem,quze
3091 3874 3228 3928 illius
3247 3874 3746 3927 maculamabluere

2128 3970 2347 4038 poterit.
2377 3968 2532 4036 Quod
2559 3978 2739 4023 autem
2768 3977 2852 4022 est
2882 3968 3022 4021 illius
3052 3969 3276 4021 maculae
3309 3967 3607 4021 balneum?
3633 3969 3743 4020 (ὶδ-

2130 4062 2224 4114 lidi
2275 4062 2630 4132 lacrymarum
2678 4060 2875 4127 fontes,
2908 4061 3137 4130 gemitus
3177 4075 3208 4113 e
3251 4059 3518 4127 profundo
3558 4061 3746 4112 cordis

2128 4154 2502 4220 ascendentes,
2529 4154 2869 4222 compunctio
2898 4161 3173 4222 perpetua,
3209 4165 3396 4221 preces
3439 4152 3742 4216 continuae,

2129 4247 2504 4318 eleemosynae,
2551 4256 2605 4300 et
2650 4246 3012 4315 clcemosyna:
3066 4245 3247 4314 largu',
3299 4259 3405 4296 non
3433 4244 3573 4296 ultra
3627 4244 3746 4297 haec

2133 4354 2296 4408 opera
2343 4349 2630 4404 attentare,
2680 4338 3040 4392 condemnare
3089 4336 3233 4406 quod
3281 4334 3479 4390 factum
3513 4343 3622 4390 est.
3667 4336 3746 4388 Ita

2129 4432 2334 4502 peccati
2386 4441 2574 4486 natura
2604 4431 2860 4497 abluitur,
2907 4431 2978 4484 ita
3014 4439 3339 4499 expurgatur
3365 4429 3562 4483 anima:
3621 4446 3744 4483 ma-

2130 4522 2248 4576 cula
2278 4538 2293 4587 ;
2320 4533 2480 4591 atque
2533 4522 2673 4576 adeo
2703 4522 2748 4574 si
2781 4521 2895 4575 haec
2925 4536 3031 4574 non
3079 4521 3389 4586 fecerimus,
3421 4521 3636 4573 etiamsi
3687 4523 3744 4572 in

2129 4629 2317 4668 omnes
2338 4614 2617 4668 [luminum
2637 4613 2810 4668 fontes
2829 4612 3287 4677 dcscenderimus,
3314 4626 3490 4681 neque
3514 4627 3744 4681 parvam

2132 4705 2274 4757 illius
2300 4707 2505 4773 peccati
2538 4713 2743 4773 partem
2788 4705 3061 4774 depellere
3090 4703 3403 4772 poterimus.
3451 4704 3566 4756 lmo
3598 4705 3746 4773 quod

2133 4797 2347 4861 melius,
2391 4813 2459 4851 ne
2489 4806 2812 4850 attentemus
2841 4797 2942 4850 hoc
2967 4796 3326 4850 abetninabile
3354 4806 3655 4864 peccatum.
3686 4798 3749 4850 Si

2132 4889 2250 4956 quis
2277 4898 2455 4942 autem
2499 4889 2787 4958 aliquando
2826 4893 3198 4960 sultplantatus
3229 4888 3406 4952 fuerit,
3458 4887 3579 4941 tunc
3611 4891 3752 4940 sub-

2128 4981 2279 5048 jiciat
2311 4978 2570 5044 remedia,
2621 4981 2766 5049 prius
2788 4983 3103 5050 promittens
3142 4997 3247 5033 non
3281 4981 3415 5034 ultra
3443 4994 3505 5033 se
3534 4981 3587 5032 in
3621 4979 3747 5034 haec

2134 5073 2528 5142 prolapsurum.
2580 5074 2740 5127 Certe
2771 5075 2813 5128 si
2871 5085 3155 5142 peccantes
3199 5073 3755 5128 condemnaverimus

2133 5167 2347 5234 quidem
2399 5182 2484 5232 ea,
2509 5182 2628 5236 qua:
2662 5166 2772 5235 jam
2805 5165 3053 5229 fecimus,
3086 5169 3275 5220 iterum
3323 5178 3506 5221 autem
3549 5169 3752 5221 eadem

2133 5268 2482 5324 attentemus,
2509 5259 2650 5311 nulla
2674 5260 2776 5313 erit
2802 5258 3190 5328 puriﬁcationis
3215 5261 3432 5312 utilitas.
3467 5259 3568 5326 Qui
3598 5261 3756 5313 enim

2135 5352 2390 5416 abluitur,
2420 5360 2474 5404 et
2499 5351 2688 5404 eodem
2717 5350 2829 5404 luto
2863 5351 3056 5404 iterum
3086 5352 3414 5420 inquinatur,
3443 5360 3500 5404 et
3524 5353 3617 5419 qui
3649 5351 3760 5404 de-

2134 5445 2351 5500 molitur
2372 5444 2562 5498 iterum
2588 5444 2728 5515 quud
2747 5443 3051 5510 aediﬁcavit,
3080 5454 3137 5500 et
3162 5445 3250 5514 qui
3275 5445 3502 5498 :cdilical
3522 5445 3731 5498 iterum
3756 5487 3768 5503 .

2137 5546 2193 5589 ut
2221 5535 2486 5600 destruat,
2517 5535 2649 5590 nihil
2681 5535 2826 5589 aliud
2869 5536 2995 5590 inde
3036 5535 3172 5590 lucri
3201 5535 3346 5600 facit,
3398 5551 3561 5605 quam
3603 5540 3772 5606 quod

2138 5626 2330 5681 fruSIra
2359 5627 2567 5682 laborat
2608 5635 3024 5681 etzerumuosus
3051 5637 3154 5681 est.
3189 5629 3351 5697 Igitur
3369 5635 3425 5681 et
3450 5642 3552 5680 nos
3596 5643 3668 5682 ne
3706 5629 3767 5680 in

2137 5734 2332 5774 vanum
2383 5727 2440 5774 et
2477 5719 2673 5774 frustra
2703 5720 2863 5774 vitam
2905 5720 3259 5786 insumamus,
3311 5720 3488 5788 priora
3528 5733 3766 5791 peccata

2141 5829 2518 5884 cxpuraemus,
2547 5814 2770 5886 etquod
2803 5815 3163 5886 reliqumnest
3185 5813 3307 5866 vitze
3335 5816 3385 5867 in
3416 5813 3770 5870 continentia
