3990 6358
405 304 514 364 225

396 422 490 475 καὶ
513 422 580 492 τῇ
610 419 766 490 λοιπῇ
797 418 1144 491 διαγάγωμεν
1170 421 1342 492 ἀρετῇ
1368 437 1382 452 ·
1450 422 1538 475 ἵνα
1587 424 1681 477 καὶ
1711 423 1804 477 τδν
1845 422 1981 476 Θεὸν

397 504 607 576 ιχοντες
647 504 832 566 ίλεων,
895 505 996 573 τῆς
1041 504 1317 576 βασιλείας
1365 504 1475 558 τῶν
1517 506 1762 577 οὐρανῶν
1789 506 1979 559 ἐπιτύ-

397 604 608 659 χωμεν,
660 587 843 660 χάριτι
883 589 979 642 καὶ
1025 587 1406 660 φιλανθρωπίᾳ
1440 587 1537 641 τοῦ
1586 589 1791 660 Κυρίου
1823 588 1984 659 ήμῶν

1097 308 1154 384 8,
1196 308 1481 366 JOANNIS
1512 299 1998 373 CHRYSOSTOMI
2030 318 2350 376 ARCHIEP.
2390 319 2939 377 CONSTANTINOP.

3554 284 3665 340 226

2095 420 2271 492 ’ῐησοῦ
2291 420 2552 492 Χριστοῦ,
2574 414 2620 488 ᾧ
2639 423 2672 492 ἠ
2689 420 2814 486 δόξα
2834 422 2914 484 εἰς
2932 418 3058 484 τοὺς
3080 415 3278 479 αἰῶνας
3301 411 3413 467 τῶν
3438 409 3670 464 αἰώνων.

2099 504 2291 574 Ἀμήν.

1196 746 3658 778 ____________—___________________.

1237 913 1383 988 [ευ]
1444 925 2028 1012 ΕΓΚΩΜΙΟΝ
2083 925 2254 1010 ΕΙΣ
2303 916 2832 1010 ΜΑΞΙΜΟΝ

1343 1079 1448 1132 Καὶ
1479 1081 1612 1149 περὶ
1644 1080 1752 1134 τοῦ
1781 1082 1960 1148 ποίας
1982 1081 2078 1136 δεῖ
2101 1082 2350 1152 ἄγεσθαι
2385 1081 2700 1151 γυναῖκας.

460 1385 532 1434 α’.
555 1379 678 1432 Ὅτι
706 1378 803 1449 μὲν
829 1377 1163 1448 ἀπελείφθην
1183 1378 1338 1449 ὑμῶν
1359 1383 1425 1450 τῇ
1449 1379 1795 1452 παρελθούσῃ
1823 1381 1988 1435 συνά-

392 1466 495 1531 ξει,
514 1465 748 1536 ηλγησα·
766 1465 850 1517 ὅτι
881 1463 938 1516 δὲ
970 1463 1372 1534 πλουσιωτέρας
1399 1464 1748 1517 ἀπελαύσατε
1779 1463 1985 1535 τραπέ-

391 1550 514 1619 ζης,
537 1550 736 1621 ἥσθην.
767 1549 824 1602 '0
848 1548 960 1619 γὰρ.
979 1548 1096 1618 μετ’
1122 1547 1256 1617 ἐμοῦ
1274 1548 1366 1600 τὸν
1393 1547 1556 1616 ζυγὸν
1577 1549 1773 1613 ἕλκων,
1798 1548 1900 1618 τήν
1925 1564 1982 1600 τε

390 1634 608 1686 αῦλακα
639 1633 826 1704 πρώην
855 1634 988 1702 ἡμῖν
1022 1631 1273 1701 ἀνέτεμε,
1305 1631 1399 1684 καὶ
1427 1633 1494 1684 τά
1529 1631 1823 1703 σπέρματα
1848 1649 1983 1684 κατ·

390 1716 550 1770 έϐαλε
581 1716 791 1786 δαψιλεῖ
835 1714 1048 1785 γλώττῃ
1068 1753 1082 1776 ,
1127 1714 1221 1766 καὶ
1258 1712 1397 1784 μετὰ
1427 1713 1628 1784 πολλῆς
1659 1715 1758 1785 τῆς
1791 1715 1986 1786 ἐπιμε-

390 1800 542 1863 λείας
576 1798 889 1870 ἐγεώργησε
918 1797 1016 1862 τὰς
1057 1797 1327 1868 ὑμετέρας
1365 1798 1559 1867 ψυχάς.
1594 1797 1781 1850 Εἴδετε
1809 1796 1984 1866 γλῶτ-

388 1899 490 1936 ταν
523 1881 1010 1952 ἐκκεκαθαρμένην
1031 1921 1045 1944 ,
1090 1881 1361 1950 ἠκούσατε
1397 1880 1556 1948 λόγον
1590 1880 1984 1950 ἀποτετορνευ-

394 1968 588 2039 μένον,
637 1966 981 2019 ἀπελαύσατε
1019 1965 1210 2029 ὓδατος
1241 1965 1536 2035 ἁλλομένου
1574 1966 1652 2026 εἰς
1681 1963 1824 2035 ζωὴν
1852 1966 1982 2016 αίώο

391 2067 524 2112 νων,
555 2049 725 2103 εἴδετε
752 2050 937 2121 πηγὴν
966 2051 1243 2119 ποταμοὺς
1277 2050 1528 2116 ἀφιεῖσαν
1554 2047 1778 2117 χρυσίου
1813 2047 1983 2100 καθα-

395 2130 515 2201 ροῦ,
555 2130 790 2197 Λέγεταί
837 2147 920 2192 τις
957 2129 1200 2198 ποταμὸς
1236 2127 1462 2198 χρυσίου
1495 2124 1764 2195 ψήγματα
1794 2126 1982 2197 φέρειν

388 2215 504 2276 τοῖς
537 2211 908 2283 περιοικοῦσιν
950 2211 1110 2266 αὑτὸν
1146 2211 1476 2283 ἀνθρώποις,
1513 2211 1573 2263 οὑ
1618 2209 1720 2278 τῆς
1767 2210 1982 2279 φύσεως

389 2295 498 2348 τῶν
530 2295 738 2349 ὑδάτων
790 2295 852 2348 τὸ
885 2295 1109 2366 χρυσίον
1152 2292 1473 2364 τικτούσης,
1528 2291 1642 2346 ἀλλ’
1674 2293 1861 2363 ἐπειδὴ
1887 2292 1980 2346 τοῦ

391 2379 640 2448 ποταμοῦ
685 2378 784 2442 τὰς
815 2379 996 2447 πηγάς
1033 2379 1092 2430 ἐν
1123 2377 1463 2448 μεταλλικοῖς
1497 2376 1649 2448 ὄρεσι
1673 2377 1980 2447 διέρχεσθαι

392 2461 614 2533 συνέϐη,
649 2462 716 2515 δι’
741 2461 966 2514 ἐκείνων
1006 2460 1114 2514 τῶν
1160 2460 1334 2532 ὀρέων
1363 2461 1392 2512 ό
1424 2460 1670 2530 ποταμὸς
1716 2461 1856 2530 ῥέων
1889 2463 1982 2515 καὶ

389 2546 488 2616 τὴν
509 2549 752 2616 χρυσῖτιν
787 2544 1123 2617 παρασύρων
1156 2545 1262 2615 γῆν
1283 2585 1298 2610 ,
1330 2543 1605 2616 θησαυρὸς
1642 2549 1753 2609 τοῖς
1791 2563 1983 2616 παροι-

391 2629 548 2682 κοῦσι
577 2630 813 2698 γίνεται,
865 2629 1283 2698 ἐσχεδιασμένον
1327 2628 1583 2701 παρέχων
1610 2627 1702 2681 τὸν
1731 2628 1979 2683 πλοῦτον.

389 2712 592 2765 Τοῦτον
613 2713 705 2764 καὶ
734 2714 762 2764 ό
793 2711 1110 2774 διδάσκαλος
1142 2705 1296 2773 οὗτος
1325 2711 1638 2782 ἐμιμήσατο
1663 2709 1856 2782 πρώην
1893 2712 1983 2764 τὸν

390 2794 660 2865 ποταμὸν,
693 2793 880 2865 ὥσπερ
907 2794 994 2846 διά
1019 2793 1355 2864 μεταλλικῶν
1387 2795 1579 2866 ὀρέων,
1612 2793 1720 2847 τῶν
1752 2794 1790 2845 Γ
1797 2794 1984 2865 ραφῶν

393 2880 555 2951 ῥέων,
586 2879 762 2932 καὶτὰ
798 2879 1022 2949 χρυσίου
1050 2879 1246 2941 παντὸς
1267 2877 1568 2948 τιμιώτερα
1591 2879 1837 2948 νοήματα
1863 2881 1984 2940 ταῖς

391 2965 691 3037 ὑμετέραις
729 2966 970 3036 κομίζων
1000 2965 1218 3035 ψυχαῖς.
1253 2964 1365 3018 Καὶ
1394 2961 1512 3016 οἰδα
1543 2965 1642 3035 μὲν
1661 2965 1742 3017 ὅτι
1772 2965 1985 3036 πτωχό-

391 3067 530 3122 τερα
559 3052 626 3103 τὰ
655 3053 898 3120 ήμέτερα
937 3050 1069 3120 ὑμῖν
1095 3049 1348 3118 φαίνεται
1377 3050 1637 3118 σήμερον.
1665 3048 1722 3101 '0
1745 3047 1854 3120 γὰρ
1885 3065 1984 3100 πε-

391 3136 584 3205 νιχρᾶς
599 3132 889 3188 ἀπολαύων
908 3131 1188 3203 τραπέζης
1207 3130 1494 3202 διηνεκῶς,
1512 3133 1578 3184 ἂν
1599 3131 1984 3202 εὐπορωτέροις

385 3218 599 3289 μεταξύ
625 3234 726 3270 που
747 3217 890 3280 τινὸς
907 3215 1160 3286 ἐπιτύχῃ,
1179 3211 1298 3270 εἶτα
1324 3216 1460 3288 πρὸς
1485 3216 1583 3287 τὴν
1603 3214 1799 3272 ἐαυτοῦ
1824 3215 1984 3269 πάλιν

393 3301 700 3374 ἐπανέλθῃ,
753 3300 956 3372 μᾶλλον
987 3300 1158 3370 αὑτῆς
1206 3299 1502 3369 κατόψεται
1531 3298 1628 3370 τὴν
1659 3299 1869 3354 πενίαν.
1909 3299 1982 3353 Οὑ

396 3386 503 3457 μὴν
548 3386 632 3440 διὰ
663 3385 822 3439 τοῦτο
849 3385 1210 3456 ὀκνηρότερον
1242 3383 1608 3455 ἀποδύσομαι.
1667 3385 1813 3439 Ἰστε
1852 3383 1988 3455 γάρ,

393 3470 592 3540 Παύλῳ
623 3467 1087 3540 μαθητευθέντες,
1116 3469 1207 3520 καὶ¹
1247 3467 1606 3540 χορτάζεσθαι
1633 3468 1729 3522 καὶ
1769 3469 1985 3538 πεινᾷν,

394 3557 487 3608 καὶ
521 3552 868 3625 περισσεύειν
897 3551 990 3606 καὶ
1021 3551 1388 3623 ὑστερεῖσθαι,
1422 3550 1666 3614 καὶτοὺς
1695 3550 1985 3616 πλουσίους

395 3638 719 3708 θαυμάζειν,
734 3637 827 3689 καὶ
848 3637 972 3698 τοὺς
995 3634 1239 3706 πένητας
1259 3634 1334 3705 μὴ
1356 3633 1662 3690 διαπτύειν.
1691 3636 1802 3688 Καὶ
1819 3635 1988 3689 καθά-

394 3739 503 3793 περ
532 3721 581 3773 οί
612 3720 839 3790 φίλοινοι
877 3719 972 3774 καὶ
997 3720 1046 3772 οἱ
1075 3719 1362 3789 φιλοπόται
1389 3718 1728 3784 ἀσπάζονται
1763 3719 1863 3790 μὲν
1893 3720 1986 3773 τὸν

393 3804 604 3876 ἀμείνω
635 3798 810 3866 οἶνον,
867 3802 928 3856 οὑ
972 3801 1078 3872 μὴν
1108 3801 1166 3856 δέ
1210 3801 1305 3855 τοῦ
1353 3802 1778 3874 καταδεεστέρου
1817 3820 1987 3857 κατα-

396 3886 686 3960 φρονοῦσιν
705 3903 719 3917 ο
746 3885 808 3940 οῦ
819 3902 889 3939 τω
912 3885 977 3956 δὴ
997 3885 1092 3938 καὶ
1115 3886 1275 3955 ὑμεῖς
1305 3885 1432 3956 περὶ
1463 3887 1562 3954 τὴν
1583 3885 1692 3938 τῶν
1710 3885 1871 3939 θείων
1895 3885 1984 3938 λο-

393 3973 532 4040 γίων
553 3971 818 4044 ἀκρόασιν
839 3969 1163 4042 μεμηνότες,
1185 3969 1515 4040 ἀποδέχεσθε
1541 3969 1638 4038 μὲν
1659 3969 1786 4032 τοὺς
1811 3985 1988 4038 σοφω-

394 4055 588 4128 τέρους
615 4055 727 4108 τῶν
763 4053 1120 4118 διδασκάλων,
1153 4053 1246 4106 καὶ
1279 4055 1391 4115 τοῖς
1414 4052 1820 4123 εὐτελεστέροις
1847 4052 1903 4105 δὲ
1924 4053 1986 4105 οὑ

395 4141 496 4208 τὴν
525 4140 794 4210 τυχοῦσαν
837 4138 1107 4209 παρέχετε
1148 4136 1386 4207 σπουδὴν
1418 4136 1510 4189 καὶ
1543 4135 1874 4207 προθυμίαν.
1925 4139 1987 4190 Οἱ

399 4224 499 4292 μὲν
527 4223 636 4294 γάρ
655 4222 845 4292 χαῦνοι
868 4221 964 4275 καὶ⁸
990 4219 1500 4289 διαλελυμένοι,καί
1531 4219 1669 4292 πρὸς
1696 4221 1794 4291 τὴν
1823 4221 1989 4273 πολυ-

397 4307 722 4377 τελεστέραν
749 4305 1007 4360 ναυτιῶσι
1041 4304 1350 4376 τράπεζανο
1404 4304 1454 4356 οἱ
1481 4304 1538 4356 δέ
1573 4303 1991 4376 διεγηγερμένοι

398 4390 492 4444 καὶ
522 4393 805 4462 νήφοντες,
826 4390 919 4444 καὶ
947 4388 1240 4451 πεινῶντες
1262 4387 1358 4440 καὶ
1386 4387 1650 4456 διψῶντες
1679 4389 1776 4460 τὴν
1795 4391 1992 4444 δικαιο-

400 4475 590 4546 σύνην,
627 4475 724 4529 κα)⁸
773 4475 910 4546 πρὸς
941 4473 1038 4544 τὴν
1076 4472 1406 4541 πενεστέραν
1442 4471 1582 4544 μετά
1619 4471 1821 4542 πολλῆς
1869 4473 1992 4544 τρέ-

399 4577 553 4631 χουσι
579 4559 907 4630 προθυμίας.
935 4557 1046 4614 Καὶ
1069 4558 1149 4609 ὅτι
1170 4557 1232 4609 οὑ
1259 4554 1516 4609 κολακεία
1541 4555 1609 4609 τά
1640 4559 1992 4627 ρήματα,ἀπὸ

396 4647 496 4716 τῆς
527 4643 720 4714 πρώην
753 4646 885 4714 ὑμῖν
914 4642 1205 4708 διαλέξεως
1238 4640 1539 4710 γενομένης
1565 4639 1725 4693 τοῦτο
1754 4641 1990 4706 ἐδείξατε

401 4731 658 4800 μάλιστα.
703 4728 921 4799 Ἐπειδὴ
957 4728 1068 4797 γὰρ
1114 4723 1345 4786 πολλοὺς
1377 4726 1506 4794 περὶ
1555 4723 1750 4793 γάμων
1799 4723 1992 4792 λόγους

397 4813 730 4884 ἐποιούμεθα
779 4813 916 4884 πρὸς
958 4811 1134 4880 ὑμᾶς,
1172 4807 1483 4868 δεικνύντες
1523 4805 1604 4858 δτι
1655 4809 1870 4876 μοιχεία
1907 4826 1992 4872 τις

397 4895 788 4967 ἀπηρτισμένη
823 4896 885 4947 τὸ
935 4892 1218 4947 ἐκϐάλλειν
1253 4894 1520 4959 γυναῖκας
1541 4930 1557 4952 ,
1591 4889 1624 4961 ἢ
1654 4892 1993 4964 ἐκϐεϐλημέ-

397 4997 496 5042 νας
521 4981 839 5050 λαμϐάνειν,
855 4977 1073 5043 ζώντων
1099 4975 1180 5028 ἔτι
1203 4974 1312 5028 τῶν
1333 4975 1614 5046 προτέρων
1637 4974 1867 5044 ἀνδρῶν,
1900 4978 1994 5030 καὶ

398 5061 492 5115 τὸν
525 5061 618 5114 τοῦ
649 5062 885 5132 Χριστοῦ
915 5062 1080 5130 νόμον
1117 5057 1588 5127 ἀναγινώσκοντες
1620 5059 1712 5112 τὸν
1739 5059 1990 5127 λέγοντα,

399 5145 482 5196 ὅτι
536 5144 600 5197 Ὃ
626 5145 1095 5212 ἀπολελυμένην
1137 5143 1417 5213 γαμήσας
1443 5140 1762 5210 μοιχᾶται,
1810 5142 1911 5196 καὶ
1960 5147 1995 5197 ό

402 5227 691 5281 ἀπολύων
754 5226 1007 5295 γυναῖκα
1036 5267 1051 5290 ,
1102 5225 1398 5293 παρεκτὸς
1447 5225 1635 5294 λόγου
1681 5227 1990 5292 πορνείας,

405 5309 569 5363 ποιεῖ
588 5307 784 5375 αὐτὴν
803 5309 1198 5378 μοιχευθῆναι
1217 5347 1233 5371 ,
1284 5307 1512 5369 πολλοὺς
1547 5305 1686 5360 εἶδον
1715 5311 1866 5362 κάτω
1892 5309 1992 5362 κύ-

405 5409 662 5454 πτοντας.
686 5392 746 5444 τὸ
773 5393 1062 5461 πρόςωπον
1088 5391 1414 5456 τύπτοντας,
1433 5393 1526 5451 καὶ
1553 5393 1674 5444 οὑδὲ
1699 5393 1990 5446 ἀνανεῦσαι

405 5475 743 5546 δυναμένους
768 5491 784 5506 '
835 5475 955 5528 τότε
982 5477 1044 5545 δὴ
1086 5477 1180 5530 καὶ
1206 5479 1286 5539 είς
1307 5475 1398 5529 τὸν
1432 5475 1659 5547 οὐρανὸν
1685 5477 1994 5546 ἀναϐλέψας

409 5555 593 5612 εἶπονθ
639 5557 938 5628 Εὐλογητὸς
967 5561 994 5612 ό
1022 5560 1185 5624 Θεὸς,
1229 5561 1310 5613 δτι
1345 5559 1444 5611 οὑκ
1489 5561 1568 5622 εἰς
1600 5560 1801 5630 νεκρὰς
1829 5562 1998 5626 ἀκοάς

409 5642 746 5714 ἐνηχοῦμεν,
796 5643 913 5695 ἀλλ’
975 5643 1404 5713 ἐπιλαμϐάνεται
1451 5645 1549 5714 τῆς
1600 5643 1838 5708 διανοίας
1889 5646 1997 5698 τῶν

413 5725 724 5782 ἀκουόντων
761 5725 826 5780 τὰ
856 5725 1006 5800 [ξιξ]
1036 5727 1299 5800 λεγόμενα
1343 5730 1479 5798 μετὰ
1509 5729 1708 5799 πολλῆς
1736 5729 1832 5800 τῆς
1864 5746 1995 5800 5390'

2085 1382 2363 1454 δρότητος.
2400 1384 2657 1453 Ἄμεινον
2681 1383 2787 1453 μὲν
2808 1382 2917 1451 γάρ
2946 1382 3069 1453 μηδ’
3094 1381 3234 1446 ὅλως
3261 1383 3528 1455 ἁμαρτεῖν
3548 1399 3564 1413 ο
3608 1382 3680 1438 06

2089 1466 2284 1537 μικρὸν
2316 1465 2373 1519 δὲ
2411 1466 2491 1528 εἰς
2516 1466 2786 1536 σωτηρίας
2837 1465 3024 1534 λόγον,
3063 1466 3525 1536 κατοδυνηθῆναι,
3577 1468 3679 1519 καὶ

2085 1549 2442 1618 καταγνῶναι
2469 1549 2559 1602 τὸν
2588 1549 2972 1621 ἁμαρτάνοντα
2999 1549 3099 1620 τῆς
3121 1549 3314 1602 ἑαυτοῦ
3343 1549 3540 1618 ψυχῆς,
3577 1547 3681 1601 καὶ

2089 1632 2346 1704 μαστίξαι
2367 1633 2427 1686 τὸ
2463 1632 2700 1696 συνειδὸς
2732 1634 2870 1704 μετά
2910 1632 3112 1702 πολλῆς
3150 1633 3249 1703 τῆς
3279 1633 3561 1703 ἀκριϐείας
3583 1650 3597 1662 ’
3641 1633 3680 1702 ἡ

2084 1717 2193 1788 γάρ
2219 1716 2442 1788 τοιαύτη
2474 1716 2819 1784 κατάγνωσις
2846 1716 3196 1786 δικαιοσύνης
3218 1717 3336 1768 ἐστί
3366 1718 3553 1787 μέρος,
3577 1716 3682 1767 καὶ

2084 1799 2219 1862 ὅλως
2261 1800 2355 1851 ἐπὶ
2382 1800 2442 1852 τὸ
2488 1801 2687 1870 μηκέτι
2725 1799 3066 1871 ἁμαρτάνειν
3109 1801 3337 1868 ἀγουσα.
3390 1799 3487 1852 Διὰ
3516 1798 3685 1852 τοῦτο

2085 1885 2180 1937 καὶ
2210 1887 2238 1936 ὁ
2266 1883 2478 1947 Παῦλος
2531 1884 2780 1954 λυπήσας
2829 1885 2958 1948 τοὺς
2995 1884 3386 1955 ἡμαρτηκότας
3432 1884 3680 1954 ἔχαιρεν,

2083 1969 2180 2038 οὑχ
2206 1970 2286 2022 ὅτι
2317 1969 2608 2038 ἐλύπησεν,
2633 1967 2749 2021 ἀλλ’
2770 1969 2852 2022 ὅτι
2877 1971 2941 2039 τῇ
2969 1969 3116 2040 λύπῃ
3142 1967 3471 2039 διῶρθωσεν.
3507 1966 3682 2036 Ἐχά-

2075 2070 2199 2122 pur
2225 2053 2355 2123 γὰρ,
2387 2053 2574 2122 φησὶν,
2616 2054 2729 2120 οὑχ
2756 2051 2845 2104 ὅτι
2869 2051 3234 2120 ἐλυπήθητε,
3267 2052 3402 2104 ἀλλ’
3428 2051 3516 2102 ὅτι
3539 2052 3686 2102 ἐλυ-

2085 2137 2316 2204 πήθητε
2371 2139 2459 2200 εἰς
2503 2135 2862 2205 μετάνοιανο
2914 2136 2953 2203 ἡ
2989 2139 3100 2203 γὰρ
3138 2136 3290 2188 κατὰ
3325 2137 3474 2189 Θεὸν
3507 2135 3682 2201 λύπη

2079 2221 2406 2290 μετάνοιαν
2433 2223 2521 2286 εὶς
2551 2221 2857 2288 σωτηρίαν
2888 2218 3342 2288 ἀμεταμέλητον
3391 2217 3684 2285 κατεργά-

2086 2304 2257 2366 ζεται.
2285 2306 2408 2358 Εἴτε
2442 2305 2552 2375 γὰρ
2575 2304 2716 2374 ὑπὲρ
2738 2303 2846 2356 τῶν
2875 2303 3114 2367 οἰκείων,
3140 2302 3249 2354 είτε
3274 2302 3415 2372 ὑπὲρ
3446 2302 3555 2354 τῶν
3585 2301 3683 2353 ἀλ-

2084 2387 2313 2457 λοτρίων
2337 2388 2459 2440 τότε
2507 2387 2925 2458 ἁμαρτημάτων
2953 2385 3255 2456 ηλγήσατε,
3292 2385 3501 2454 μυρίων
3527 2384 3681 2452 εἴητε

2085 2472 2322 2524 ἐπαίνων
2361 2471 2521 2535 ἄξιοι.
2563 2471 2692 2523 Ὅτε
2730 2469 2838 2540 γὰρ
2875 2469 3013 2540 ὑπὲρ
3048 2468 3155 2521 τῶν
3188 2467 3486 2539 ἀλλοτρίων
3519 2466 3686 2536 ἀλγή-

2089 2572 2170 2607 σει
2200 2572 2302 2616 τις,
2339 2553 2668 2607 ἀποστολικά
2697 2553 3078 2606 ἀποδείκνυται
3111 2551 3419 2622 σπλάγχνα,
3455 2551 3550 2603 καὶ
3586 2549 3684 2602 τὸν

2092 2639 2245 2706 ἅγιον
2293 2640 2496 2690 ἐκεῖνον
2540 2639 2783 2706 μιμεῖται
2832 2636 2924 2689 τὸν
2975 2635 3204 2703 λέγοντα
3231 2652 3246 2666 ·
3294 2637 3388 2701 Τίς
3414 2633 3680 2696 ἀσθενεῖ,

2091 2724 2189 2776 καί
2225 2725 2336 2776 οὐκ
2367 2720 2633 2784 ιίσθενῶ;
2657 2721 2748 2784 τίς
2779 2718 3256 2782 σκανδαλίζεται,
3299 2719 3397 2772 καὶ
3427 2721 3539 2771 οὐκ
3565 2718 3686 2786 ἐγὼ

2091 2805 2389 2874 πυροῦμαι
2419 2821 2436 2866 ;
2478 2805 2606 2856 Ὅτε
2633 2803 2688 2856 δέ
2729 2804 2868 2872 ὑπὲρ
2893 2802 2999 2854 τῶν
3024 2802 3239 2855 οἰκείων
3275 2801 3469 2872 δηχθῇ,
3496 2804 3596 2870 τήν
3621 2817 3688 2852 τε

2092 2891 2184 2943 ἐπὶ
2221 2891 2332 2952 τοῖς
2363 2888 2462 2958 ήδη
2491 2887 2804 2956 τολμηθεῖσι
2830 2885 3046 2938 κόλασιν
3076 2885 3289 2945 ἔσϐεσε,
3323 2885 3418 2938 καὶ
3449 2884 3585 2953 πρδς
3612 2885 3686 2935 τά

2096 2971 2357 3044 μέλλοντα
2391 2969 2580 3023 ἑαυτὸν
2610 2969 3016 3038 ἀσφαλέστερον
3038 2968 3124 3021 διὰ
3150 2968 3250 3038 τῆς
3275 2967 3450 3036 λύπης
3477 2966 3688 3034 ταύτης

2093 3057 2337 3126 ἐποίησε.
2380 3054 2479 3107 Διά
2509 3054 2682 3106 ταῦτα
2711 3051 2866 3119 κάγὼ
2899 3051 3207 3115 κύπτοντας
3243 3051 3404 3122 ὁρῶν,
3435 3050 3530 3103 καὶ
3558 3067 3688 3102 στε·

2091 3140 2369 3205 νάζοντας,
2419 3138 2512 3190 καὶ
2552 3136 2612 3189 τδ
2643 3136 2932 3205 πρόσωπον
2969 3134 3288 3198 τύπτοντας,
3341 3136 3558 3204 ἔχαιρον
3591 3133 3690 3184 τὸν

2092 3226 2198 3280 ἀπὸ
2219 3226 2317 3295 τῆς
2346 3223 2522 3292 λύπης
2546 3220 2751 3290 ταύτης
2783 3219 2976 3272 ἐννοῶν
3011 3219 3242 3289 καρπόν.
3271 3218 3372 3270 Διά
3400 3217 3560 3269 τοῦτο
3588 3217 3690 3268 καί

2094 3311 2335 3381 σήμερον
2369 3309 2496 3378 περὶ
2525 3306 2622 3375 τῆς
2658 3305 2826 3375 αὑτῆς
2855 3305 2982 3373 ὑμῖν
3009 3301 3317 3364 ὑποθέσεως
3342 3299 3688 3368 διαλέξομαι·

2092 3392 2234 3446 ὥστε
2287 3393 2414 3454 τοὺς
2453 3389 2810 3460 βουλομένους
2857 3388 2936 3450 εἰς
2993 3385 3170 3455 γάμον
3222 3383 3432 3446 ἐλθεῖν,
3481 3382 3688 3448 πολλὴν

2093 3478 2233 3549 ὑπὲρ
2267 3475 2363 3529 τοῦ
2398 3478 2722 3545 πράγματος
2750 3471 2943 3525 τούτου
2975 3469 3247 3524 ποιεῖσθαι
3283 3469 3564 3539 πρόνοιαν.
3619 3467 3688 3522 Εἰ

2092 3561 2200 3632 γάρ
2245 3559 2423 3622 οἰκίας
2466 3556 2721 3610 ὠνεῖσθαι
2760 3555 3042 3625 μέλλοντες
3074 3554 3166 3608 καὶ
3205 3553 3424 3614 οἰκέτας
3449 3592 3464 3613 ,
3531 3567 3692 3620 περι-

2093 3642 2438 3714 εργαζόμεθα
2471 3642 2564 3695 καὶ
2597 3638 3161 3710 πολυπραγμονοῦμεν
3197 3636 3325 3698 τούς
3352 3651 3413 3686 τε
3439 3632 3690 3686 πωλοῦν-

2090 3745 2212 3792 τας,
2248 3725 2372 3788 τούς
2404 3742 2462 3776 τε
2485 3724 2792 3796 ἔμπροσθεν
2819 3721 3216 3794 κτησαμένους,
3245 3719 3426 3772 αὑτῶν
3451 3717 3558 3770 τῶν
3580 3733 3693 3767 πω.-

2093 3810 2374 3880 λουμένων
2398 3807 2507 3862 τῶν
2553 3807 2650 3878 μὲν
2679 3805 2779 3875 τὴν
2813 3804 3178 3873 κατασκευὴν,
3224 3803 3333 3855 τῶν
3365 3801 3424 3854 δέ
3461 3800 3557 3853 καὶ
3586 3798 3692 3868 τὴν

2091 3893 2187 3946 τοῦ
2220 3892 2470 3963 σώματος
2515 3890 2649 3959 ἕξιν,
2700 3890 2793 3942 καὶ
2819 3889 2920 3958 τὴν
2963 3888 3064 3958 τῆς
3110 3885 3290 3957 ψυχῆς
3330 3884 3686 3955 προαίρεσιν·

2089 3975 2269 4045 πολλῷ
2300 3974 2498 4046 μᾶλλον
2525 3975 2787 4045 γυναῖκας
2819 3971 3116 4043 μέλλοντας
3149 3969 3402 4038 ἄγεσθαι,
3428 3969 3696 4038 πρόνοιαν

2088 4059 2358 4130 τοσαύτην
2409 4059 2503 4112 κα)⁵
2536 4057 2718 4128 πολλῷ
2751 4056 2972 4110 πλείονα
3004 4052 3415 4108 ἐπιδείκνυσθαι
3443 4051 3572 4121 χρή.
3601 4051 3691 4102 Οἰ-

2091 4144 2217 4196 κίαν
2260 4143 2359 4213 μὲν
2392 4143 2502 4212 γὰρ
2547 4140 2760 4213 φαύλην
2785 4137 2952 4194 οὖσαν
2983 4135 3277 4192 ἀποδόσθαι
3302 4134 3465 4188 πάλιν
3488 4133 3693 4199 ἔξεστι,

2091 4227 2187 4280 καὶ
2214 4229 2432 4296 οἰκέτην
2459 4224 2648 4278 σκαιὸν
2682 4223 2918 4292 φανέντα
2948 4221 3242 4280 ἀποδοῦναι
3269 4219 3347 4290 τῷ
3377 4217 3693 4287 πεπραχότι

2092 4310 2253 4364 πάλιν
2277 4309 2499 4378 ἀφίεται
2517 4326 2530 4338 ο
2561 4311 2796 4377 γυναῖκα
2819 4307 2874 4360 δὲ
2897 4305 3244 4377 λαμϐάνοντα
3267 4301 3562 4356 ἀποδοῦναι
3586 4301 3694 4352 πά-

2091 4391 2174 4445 λιν
2199 4395 2310 4456 τοῖς
2339 4391 2694 4446 ἐκδεδωκόσιν
2718 4391 2820 4443 οὑκ
2852 4389 2952 4453 ἕνι,
2993 4388 3128 4449 ἀλλά
3171 4387 3385 4456 ἀνάγκη
3421 4387 3570 4438 πᾶσα
3603 4383 3692 4440 διὰ

2091 4473 2279 4537 τέλους
2307 4474 2453 4528 ἔνδον
2493 4474 2671 4544 ἔχειν,
2733 4475 2767 4546 ἢ
2822 4473 3066 4544 πονηράν
3117 4466 3281 4524 οὖσαν
3333 4468 3688 4529 ἐκϐάλλοντα,

2096 4557 2312 4626 μοιχεία
2343 4557 2661 4610 ἁλίσκεσθαι
2685 4555 2826 4609 κατά
2843 4556 2970 4620 τοὺς
2998 4555 3091 4608 τοῦ
3112 4554 3249 4615 Θεοῦ
3280 4553 3501 4623 νόμους.
3522 4553 3691 4604 Ὅταν

2093 4635 2185 4692 οῦν
2221 4639 2421 4713 μέλλῃς
2450 4639 2748 4710 λαμϐάνειν
2778 4643 3031 4708 γυναῖκα,
3065 4639 3141 4709 μὴ
3173 4639 3299 4707 τοὺς
3330 4636 3531 4700 ἔξωθεν
3563 4636 3696 4688 ἀνα-

2093 4725 2331 4792 γίνωσκε
2362 4724 2560 4794 νόμους
2591 4723 2782 4794 μόνον,
2829 4722 2966 4776 ἀλλά
2999 4723 3095 4776 καὶ
3129 4721 3235 4792 πρὸ
3266 4720 3493 4779 ἐκείνων
3517 4759 3534 4780 ,
3567 4720 3695 4779 τοὺς

2095 4809 2225 4881 παρ’
2275 4809 2408 4880 ήμῖν
2448 4807 2774 4877 κειμένουςο
2822 4805 2966 4860 κατὰ
3007 4806 3118 4875 γὰρ
3154 4802 3414 4868 τούτους,
3461 4803 3522 4861 ού
3571 4799 3693 4854 κατ’

2097 4893 2336 4954 ἐκείνους
2367 4909 2449 4944 σοι
2481 4890 2663 4961 μέλλει
2699 4891 2904 4961 κρίνειν
2935 4888 3079 4942 κατά
3104 4887 3202 4958 τὴν
3233 4887 3448 4957 ἡμέραν
3479 4886 3696 4956 ἐκείνην

2093 4980 2123 5031 ό
2144 4978 2275 5040 Θεός
2294 4994 2309 5007 ο
2339 4977 2581 5035 κάκεῖνοι
2615 4975 2710 5045 μὲν
2743 4973 3139 5043 παροφθέντες,
3197 4972 3277 5033 εἰς
3307 4970 3570 5040 χρήματα
3594 4967 3696 5040 τὴν

2097 5061 2302 5134 ζημίαν
2333 5059 2594 5120 πολλάκις
2623 5058 2863 5128 ήνεγκαν
2892 5095 2908 5118 ,
2961 5050 3108 5109 οῦτοι
3136 5054 3194 5108 δὲ
3237 5051 3398 5106 τοῦτο
3429 5051 3697 5112 παθόντες

2097 5150 2162 5215 τῇ
2182 5147 2326 5216 ψυχῇ
2358 5144 2459 5206 τὰς
2486 5143 2893 5213 ἀπαραιτήτους
2914 5139 3183 5210 ἐπάγουσι
3211 5135 3482 5210 τιμωρίας
3517 5136 3607 5190 καὶ
3630 5135 3698 5188 τὸ

2098 5229 2209 5298 πῦρ
2245 5231 2421 5281 ἐκεῖνο
2447 5229 2509 5280 τδ
2532 5227 2812 5281 ἄσϐεστον.

2201 5319 2234 5366 ’.
2250 5313 2321 5366 Σὺ
2341 5312 2397 5364 δὲ
2415 5312 2540 5364 ὅταν
2562 5309 2759 5380 μέλλῃς
2775 5307 3004 5376 ἄγεσθαι
3019 5309 3278 5378 γυναῖκα,
3291 5304 3429 5376 πρὸς
3451 5303 3549 5374 μὲν
3567 5302 3699 5364 τοὺς

2101 5392 2206 5458 ἔξω
2227 5391 2486 5462 νομικοὺς
2521 5388 2660 5461 μετά
2692 5389 2893 5458 πολλῆς
2923 5387 3141 5460 τρέχεις
3177 5386 3277 5456 τῆς
3309 5383 3570 5452 σπουδῆς,
3601 5382 3705 5435 καὶ

2105 5474 2570 5545 παρακαθήμενος
2599 5472 2801 5536 αὑτοῖς,
2823 5472 2962 5543 μετά
2989 5472 3172 5541 πάσης
3196 5468 3484 5540 ἀκριϐείας
3509 5465 3699 5529 ἐξετά-

2106 5560 2238 5624 ζεις,
2270 5559 2322 5612 τί
2370 5558 2468 5628 μὲν
2497 5557 2670 5620 ἔσται,
2723 5557 2818 5609 ἐάν
2851 5555 3018 5619 ἄπαις
3043 5554 3347 5623 τελευτήσῃ
3385 5553 3418 5620 ὴ
3453 5549 3607 5618 γυνὴ.
3639 5547 3699 5599 τί

2104 5644 2160 5696 δὲ
2189 5643 2284 5695 ἐὰν
2319 5643 2518 5712 ἔχουσα
2555 5639 2744 5702 παῖδα,
2783 5639 2836 5693 τί
2895 5639 2951 5692 δὲ
2979 5640 3074 5693 ἐὰν
3105 5638 3198 5692 δύο
3245 5639 3341 5690 καὶ
3368 5637 3542 5706 τρεῖς,
3595 5633 3696 5684 καὶ

2107 5730 2224 5792 πῶς
2253 5729 2350 5801 μὲν
2383 5728 2578 5803 ἔχουσα
2612 5726 2844 5805 πατέρα,
2877 5725 2994 5790 πῶς
3014 5724 3069 5778 δέ
3087 5725 3186 5787 οὑκ
3208 5723 3404 5794 ἔχουσα
3437 5723 3543 5786 τοῖς
3568 5723 3701 5780 ἐαυ-
