3990 6358
230 441 290 482 et
334 428 620 482 honestate
674 420 991 490 caeterisquc
1039 414 1326 469 virtutibus
1370 422 1612 481 agamus,
1666 413 1723 460 ut
1778 411 1836 458 et

240 520 408 577 Delum
436 513 843 573 misericordem
874 512 1134 567 habentes
1161 521 1383 577 regnum
1405 502 1659 559 caelorum
1686 510 1837 553 asse-

1210 298 1487 369 QUALES
1525 291 1873 354 DUCENDE
1912 291 2063 349 SINT
2102 282 2397 351 UXOBES.
2440 290 2525 349 lll.

3421 281 3527 340 226

1936 421 2185 476 quamur,
2236 405 2405 477 gratia
2452 413 2507 460 et
2549 403 2874 475 benignitate
2923 403 3130 458 Domini
3181 402 3351 459 nostri
3406 404 3534 461 Iesu

1939 498 2157 566 Christi,
2177 500 2263 554 cui
2299 498 2368 554 sit
2393 496 2559 569 gloria
2587 495 2638 551 in
2676 495 2872 550 saecula
2895 494 3237 551 saeculorum.
3264 496 3459 551 Amen.

252 671 3481 718 ______________________________________._____.____.______..

1485 796 1749 874 LAUS
1792 790 2234 877 MAXIM],

1233 981 1314 1024 ΕΤ
1357 974 1598 1031 ρυΑιι-ῖε
1643 967 1959 1013 DL‘CENDE
2003 965 2144 1008 sm'r
2187 961 2433 1006 uxones
2467 944 2581 1023 (α).

315 1236 375 1293 1.
419 1232 680 1290 ﬂeximus
707 1223 1054 1300 Chrysostomi
1092 1219 1287 1292 collega
1314 1215 1575 1272 laudatur.
1599 1238 1670 1251 -ρ
1689 1204 1842 1276 Quod

241 1330 468 1402 quidem
489 1325 749 1397 proxima:
769 1319 1012 1376 collecta:
1066 1315 1330 1370 interesse
1368 1306 1499 1363 mihi
1528 1318 1634 1358 non
1672 1297 1845 1355 conti-

243 1393 427 1495 gerit,
481 1393 835 1487 doluizquod
872 1424 1001 1466 vero
1050 1406 1153 1478 ipsi
1199 1414 1311 1459 tum
1350 1399 1521 1469 magis
1568 1393 1843 1463 opiparam

246 1529 495 1571 mensam
521 1509 663 1565 nacti
682 1508 819 1572 sitis,
841 1504 1055 1575 gavisus
1086 1512 1225 1552 sum.
1261 1494 1409 1549 Meus
1438 1489 1581 1545 enim
1629 1486 1681 1539 in
1737 1492 1845 1536 tra-

246 1606 433 1662 hendo
451 1604 578 1673 jugo
596 1613 817 1670 compar
839 1637 855 1664 ,
879 1608 1051 1664 nuper
1070 1586 1341 1662 proscisso
1369 1581 1516 1638 sulco
1547 1578 1709 1634 ubere
1738 1573 1845 1628 lin-

248 1716 358 1769 gua
387 1692 811 1767 inspersitetiam
831 1687 1059 1750 semina,
1078 1680 1332 1750 omnique
1358 1673 1629 1745 diligentia
1642 1676 1847 1725 vestras

248 1757 737 1846 excoluilanitnas.
772 1778 993 1837 Vidistis
1022 1776 1217 1844 lingua:
1248 1768 1531 1841 puritatem
1555 1805 1571 1830 ,
1625 1757 1849 1814 audistis

254 1886 398 1939 bene
424 1888 689 1935 tornatam
733 1873 1055 1933 orationem,
1083 1865 1265 1921 datum
1301 1868 1382 1915 est
1407 1857 1558 1911 vobis
1585 1866 1721 1923 aqua
1749 1848 1851 1904 frui

254 1978 485 2033 saliente
532 1974 585 2027 in
613 1971 774 2025 vitam
814 1974 1073 2020 tctcrnam
1100 1978 1115 2014 :
1143 1955 1349 2011 vidistis
1394 1951 1596 2006 fontem
1638 1953 1851 2001 scaten-

257 2082 370 2126 tem
402 2065 577 2123 ﬂuviis
603 2077 795 2119 aurum
824 2072 1016 2130 purum
1038 2048 1418 2109 deferentibus.
1448 2043 1649 2098 Ferunt
1677 2052 1855 2110 quem-

254 2165 386 2218 dam
418 2158 636 2214 ﬂuvium
665 2153 781 2209 auri
809 2156 1052 2205 ramenta
1085 2143 1282 2199 inferre
1307 2137 1501 2193 accolis
1522 2176 1535 2191 .
1566 2147 1672 2188 non
1712 2126 1855 2199 quod

258 2258 379 2325 ejus
407 2266 543 2322 aqua
571 2257 814 2303 naturam
845 2239 1128 2297 auriferam
1153 2234 1363 2295 haheat,
1392 2228 1488 2284 sed
1516 2225 1641 2297 quia
1684 2222 1857 2276 fontes

259 2350 383 2416 ejus
405 2345 652 2398 oriuntur
682 2341 734 2393 in
767 2334 1037 2390 montibus
1059 2326 1345 2384 metallicis
1373 2340 1386 2375 :
1423 2336 1518 2391 per
1543 2331 1639 2374 eos
1671 2314 1858 2369 labens

264 2438 465 2494 ﬂuvius
509 2444 809 2500 arenasque
837 2424 1055 2482 trahens
1103 2432 1293 2475 aureas
1313 2459 1325 2478 .
1355 2411 1720 2469 accolentibus
1748 2408 1863 2463 the-

264 2544 462 2587 sauros
484 2526 657 2591 affert,
685 2499 824 2577 ultro
854 2517 1047 2573 oblatis
1086 2511 1303 2568 divitiis.
1349 2506 1519 2575 llujus
1547 2500 1782 2557 ﬂuminis
1808 2499 1859 2553 in

269 2638 478 2679 morem
507 2633 679 2689 nuper
723 2615 809 2669 hic
838 2610 1091 2681 magister
1140 2601 1368 2659 labendo
1418 2613 1512 2668 per
1563 2594 1864 2663 Scripturas

268 2726 545 2783 tamquam
570 2716 781 2764 montes
805 2701 1119 2762 metallicos,
1149 2694 1340 2768 quovis
1367 2705 1498 2745 auro
1519 2687 1866 2758 pretiosiores

270 2805 572 2872 sententias
597 2798 774 2855 intulit
802 2794 994 2851 vestris
1024 2789 1238 2847 animis.
1268 2785 1607 2854 Quapropter
1647 2774 1759 2832 scio
1789 2775 1869 2829 fo-

271 2884 331 2953 I’c
364 2906 422 2951 ut
447 2902 737 2964 apparatus
760 2895 943 2941 noster
968 2882 1127 2937 hodie
1172 2878 1328 2933 vobis
1372 2874 1614 2928 videatur
1654 2867 1868 2924 exilior.

272 2990 373 3057 Qui
396 2988 541 3042 enim
571 2996 801 3053 paupere
824 2991 1009 3033 mensa
1040 2972 1293 3028 continue
1322 2967 1538 3032 fruitur,
1586 2963 1632 3017 si
1653 2959 1870 3031 quando

276 3082 419 3136 forte
443 3078 654 3132 fortuna
684 3074 736 3127 in
766 3068 1123 3140 copiosiorem
1150 3060 1416 3123 inciderit,
1476 3071 1601 3111 mox
1629 3052 1698 3107 ad
1751 3065 1876 3122 pro‘

277 3181 451 3245 prtam
474 3182 725 3227 reversus
753 3172 900 3219 tanto
941 3158 1113 3230 magis
1152 3154 1315 3210 sentit
1338 3152 1456 3222 ejus
1487 3148 1740 3218 impiam.
1776 3145 1874 3199 At-

278 3279 460 3320 tatuen
526 3259 696 3316 nihilo
739 3254 957 3326 segnius
998 3250 1297 3306 orationem
1348 3240 1647 3313 aggrediar.
1696 3236 1878 3291 Nostis

280 3358 424 3411 enim
448 3370 479 3408 a
502 3352 667 3408 Paulo
685 3349 826 3404 docti
842 3342 1160 3407 etsaturari,
1187 3349 1243 3395 et
1264 3337 1491 3401 esurire,
1510 3343 1563 3389 et
1579 3328 1875 3393 abundare,

278 3459 336 3505 et
359 3462 543 3518 egere,
575 3441 760 3499 mirari
788 3440 1001 3503 divites,
1034 3450 1135 3490 nec
1158 3443 1332 3488 tamen
1354 3440 1616 3500 pauperes
1640 3432 1881 3479 contem-

282 3516 415 3595 nere
439 3536 699 3610 (Philipp.
724 3535 779 3589 4.
814 3531 925 3602 12).
952 3530 1018 3584 Et
1038 3519 1489 3597 quemadmodum
1508 3516 1617 3572 vini
1639 3522 1881 3568 amantes

278 3647 339 3689 et
354 3605 976 3703 pot'atoresdelectantur
991 3620 1206 3691 quidem
1226 3627 1511 3687 generoso,
1529 3608 1624 3665 sed
1646 3605 1883 3663 deterius

283 3697 395 3780 non
419 3722 740 3778 fastidiunt:
771 3718 849 3772 sic
889 3729 984 3769 vos
1011 3725 1222 3783 quoque
1252 3708 1341 3778 qui
1394 3701 1652 3774 deperitis
1703 3697 1884 3753 divina

283 3816 526 3886 eloquia,
550 3813 837 3882 magistros
860 3803 1130 3861 doctiores
1175 3796 1448 3869 suscipitis
1467 3835 1483 3861 ,
1514 3795 1586 3847 ita
1616 3801 1797 3847 tamen
1827 3796 1886 3842 ut

291 3924 404 3964 non
432 3880 659 3972 vulgare
692 3899 930 3956 studium
960 3891 1282 3965 impendatis
1311 3889 1471 3944 etiam
1502 3880 1885 3940 mediocribus.

289 4001 392 4070 Qui
414 3998 556 4054 enim
580 3996 707 4049 luxu
731 3991 1003 4048 difﬂuunt.
1025 3986 1111 4043 vel
1130 3985 1197 4039 ad
1241 3990 1609 4052 sumptuosam
1645 3989 1887 4031 mensam

294 4087 665 4147 uauscabuudi
692 4083 1076 4141 discumbunt:
1109 4085 1296 4133 contra
1326 4072 1493 4129 sobrii
1513 4071 1606 4142 qui
1644 4066 1891 4124 esuriunt

290 4203 358 4243 ac
381 4185 573 4241 sitiunt
592 4180 877 4252 justitiam,
898 4176 984 4231 vel
1006 4173 1074 4229 ad
1106 4185 1394 4244 pauperem
1426 4178 1667 4220 mensam
1697 4173 1891 4230 magna

291 4279 577 4336 alacritate
595 4249 909 4329 accurrunt.
941 4264 1095 4334 Quod
1126 4274 1306 4319 autem
1332 4261 1448 4315 hate
1476 4272 1580 4311 non
1611 4256 1799 4327 loquar
1823 4249 1891 4305 ad

293 4372 548 4445 gratiam,
580 4368 849 4439 proximo,
879 4375 1043 4433 quem
1074 4372 1245 4427 nuper
1286 4353 1355 4409 ad
1405 4365 1502 4406 vos
1554 4346 1715 4402 habui
1772 4341 1845 4417 (ὁ)
1873 4383 1890 4411 ,

296 4477 555 4523 sermone
584 4459 715 4515 satis
728 4453 996 4527 apparuit.
1024 4450 1158 4506 Cum
1191 4446 1333 4502 enim
1357 4442 1522 4498 multa
1553 4438 1714 4493 verba
1746 4435 1895 4488 face-

300 4571 484 4614 remus
507 4554 574 4609 de
595 4550 865 4620 conjugio,
888 4546 1145 4600 docentes
1188 4553 1396 4594 merum
1423 4549 1544 4590 esse
1574 4528 1893 4585 adulterium

301 4648 577 4703 dimittere
606 4657 828 4705 uxores,
870 4645 964 4691 aut
988 4635 1237 4690 dimissas
1266 4630 1388 4683 vivo
1424 4626 1716 4683 etiamnum
1749 4621 1895 4690 prio-

304 4760 363 4799 re
410 4740 609 4797 marito
659 4737 900 4796 ducere,
940 4731 1404 4798 allegaremusque
1444 4720 1615 4795 legem
1661 4715 1731 4771 ab
1781 4714 1898 4783 ipso

306 4837 524 4893 Christo
553 4833 734 4894 latam,
756 4828 845 4881 ubi
868 4823 1067 4880 diserte
1089 4820 1298 4890 legitur,
1329 4816 1428 4893 Qui
1448 4812 1710 4869 dimissam
1735 4807 1895 4872 ducit,

309 4928 570 4985 committit
601 4922 926 4986 adulterium,
974 4926 1019 4971 et
1046 4915 1134 4985 qui
1174 4921 1356 4983 praeter
1380 4906 1545 4983 stupri
1584 4918 1791 4957 causam
1816 4900 1898 4953 di-

308 5024 459 5078 mittit
480 5033 712 5079 uxorem,
728 5014 850 5080 facit
866 5027 976 5067 eam
996 5007 1281 5065 adulteram
1304 5000 1517 5074 (Matth.
1532 4998 1584 5053 5.
1601 4996 1715 5067 32),
1732 4994 1905 5047 anim-

307 5116 515 5175 adverti
547 5112 743 5168 inultos
781 5106 1018 5166 demisso
1061 5100 1237 5169 capite
1280 5094 1489 5152 caedere
1537 5090 1637 5145 sibi
1689 5088 1901 5153 faciem,

309 5226 371 5265 ac
403 5224 472 5263 ne
494 5205 698 5260 vultum
728 5199 946 5274 quidem
978 5207 1135 5265 posse
1172 5188 1421 5243 attollere
1450 5202 1462 5237 :
1494 5178 1734 5251 adquod
1780 5192 1904 5247 spe-

311 5300 583 5357 ctaculum
610 5265 834 5350 sublatis
854 5289 908 5343 in
937 5284 1128 5341 caelum
1159 5280 1350 5345 oculis,
1381 5273 1699 5330 Benedictus
1723 5310 1738 5337 ,
1769 5265 1902 5331 dixi,

317 5394 479 5459 Deus,
509 5386 655 5462 quod
672 5400 779 5448 non
808 5378 1034 5436 mortuis
1055 5374 1406 5430 inclamemus
1420 5366 1657 5431 auribus,
1675 5361 1771 5418 sed
1808 5375 1907 5415 no-

375 5553 453 5617 (α)
484 5548 666 5601 eoum
687 5522 1910 5617 cum.w—salbatﬁiOE‘ttioti“..ﬂ“‘?2§i‘£is£

314 5591 452 5674 ma:
863 5601 1070 5674 petae
1266 5598 1322 5674 in
1344 5591 1628 5674 ‘Edétﬂl‘i':
1649 5592 1910 5674 isseme

316 5645 451 5674 usuu,
478 5645 838 5664 ..ωορκ-..η
863 5645 1065 5667 rm-"
1095 5645 1105 5647 ν
1129 5645 1175 5660 η
1223 5645 1231 5646 ,

316 5671 863 5741 geutttnumexistimo.
890 5659 1307 5741 Eligit-{fictilia
1346 5653 1615 5705 Admodum
1649 5660 1802 5719 pauca
1830 5645 1911 5697 hic

316 5718 863 5792 lectionum
879 5722 1178 5792 discrimina.
1680 5718 1683 5719 '

380 5779 474 5865 ibi
489 5779 845 5863 siparium.
862 5790 925 5846 de
951 5783 1118 5847 libello
1140 5779 1349 5848 repudii.

1576 5840 1681 5852 η..-
1756 5818 1837 5851 ἡ..

1950 1215 2061 1260 stra
2086 1204 2248 1260 verba
2273 1204 2621 1262 vehementer
2645 1212 2866 1275 tangant
2893 1204 3196 1260 auditorum
3224 1223 3450 1264 animos.

2056 1299 2449 1368 Justiﬁcationis
2508 1316 2628 1371 pars
2696 1307 2953 1370 peccatum
3018 1299 3281 1355 damnare.
3341 1299 3543 1355 Matura

1951 1393 2015 1446 de
2075 1393 2266 1463 nuptiis
2327 1392 2729 1446 deliberandum.
2783 1421 2855 1432 —
2902 1390 3086 1447 Satius
3131 1392 3347 1463 quidem
3400 1402 3545 1447 esset

1952 1488 2170 1543 omnino
2218 1502 2247 1541 a
2296 1486 2571 1557 peccando
2617 1484 2927 1550 abstinere,
2972 1502 3077 1540 non
3118 1501 3338 1556 parvum
3365 1493 3542 1541 tamen

1953 1579 2023 1636 ad
2049 1580 2275 1635 salutem
2299 1589 2627 1633 momentum
2654 1585 2757 1643 est,
2815 1578 3051 1649 agnitum
3083 1588 3360 1647 peccatum
3391 1576 3544 1632 dam-

1956 1690 2106 1740 nare,
2154 1682 2209 1729 et
2259 1672 2523 1743 castigare
2574 1671 2859 1741 diligenter
2901 1672 3316 1737 conscientiam,
3365 1679 3550 1742 utpote

1956 1783 2077 1823 cum
2128 1765 2229 1820 hoc
2268 1766 2443 1836 ipsum
2508 1763 2908 1834 justificationis
2948 1778 3071 1833 pars
3099 1763 3210 1827 sit,
3265 1770 3318 1817 et
3373 1763 3549 1832 impo-

1959 1870 2160 1916 sterum
2211 1874 2243 1914 a
2298 1856 2568 1929 peccando
2609 1865 2809 1911 arceat.
2863 1855 2998 1911 lline
3050 1864 3134 1911 est
3189 1854 3333 1926 quod
3391 1856 3552 1910 etiam

1959 1952 2158 2010 Paulus
2207 1966 2323 2017 eos,
2376 1950 2465 2021 qui
2510 1958 2908 2021 peccaverant,
2963 1949 3309 2004 contristatos
3367 1948 3556 2003 videns

1960 2043 2261 2114 gaudebat,
2293 2058 2401 2097 non
2441 2042 2510 2099 ob
2562 2056 2748 2098 eorum
2795 2040 3101 2106 tristitiam,
3143 2040 3238 2095 sed
3280 2040 3424 2111 quod
3463 2055 3558 2110 per

1962 2135 2103 2191 hanc
2146 2135 2485 2190 occasionem
2531 2134 2761 2190 correcti
2812 2142 3012 2189 essent.
3065 2132 3310 2200 Gaudeo,
3360 2132 3554 2203 inquit,

1964 2246 2064 2283 non
2092 2231 2227 2300 quod
2253 2230 2535 2283 contristati
2558 2228 2774 2298 fueritis,
2825 2228 2915 2283 sed
2953 2228 3089 2299 quod
3138 2228 3425 2283 contristati
3451 2228 3560 2282 sitis

1965 2322 2034 2374 ad
2063 2322 2405 2391 pmnitentiam
2431 2337 2450 2376 :
2480 2338 2598 2374 nam
2624 2321 2710 2389 qui
2736 2319 3012 2374 secundum
3040 2318 3204 2373 Deum
3247 2326 3320 2372 est
3368 2317 3516 2372 dolor
3540 2359 3558 2382 ,

1965 2414 2011 2467 is
2038 2414 2380 2482 paenitentiam
2409 2413 2477 2467 ad
2518 2413 2732 2467 salutem
2768 2429 2869 2466 non
2893 2411 3099 2465 dubiam
3127 2411 3262 2481 parit
3313 2409 3406 2481 (2.
3440 2408 3561 2463 Cor.

1969 2506 2023 2559 7.
2054 2506 2109 2561 9.
2145 2504 2255 2575 l0).
2287 2505 2429 2575 Ergo
2451 2506 2566 2560 sive
2608 2505 2839 2575 propriis
2864 2545 2879 2570 ,
2921 2505 3037 2559 sive
3086 2503 3278 2558 alienis
3328 2501 3564 2573 peccatis

1971 2607 2098 2652 tunc
2128 2598 2454 2662 indoluistis,
2481 2597 2687 2667 ingenti
2717 2594 2874 2651 laude
2901 2596 3032 2650 estis
3076 2594 3400 2665 dignissimi.
3430 2592 3564 2648 Nam

1971 2691 2131 2761 etqui
2160 2707 2256 2760 pro
2272 2690 2465 2744 alienis
2485 2687 2653 2755 dolet,
2677 2688 2971 2758 apostolica
2993 2702 3100 2756 pra:
3125 2701 3184 2741 se
3211 2685 3319 2740 fert
3338 2684 3565 2749 viscera,

1973 2793 2028 2838 et
2056 2784 2269 2839 beatum
2301 2782 2452 2836 illum
2485 2781 2744 2847 imitatur,
2772 2780 3067 2843 dicentem,
3098 2778 3225 2844 Quis
3247 2779 3563 2846 inﬁrmatur,

1975 2885 2023 2930 et
2048 2893 2138 2948 ego
2165 2892 2265 2929 non
2289 2874 2565 2944 inﬁrmor?
2613 2873 2725 2942 quis
2750 2872 3170 2938 scandalizatur,
3222 2881 3274 2926 et
3322 2886 3414 2941 ego
3470 2886 3572 2924 non

1976 2970 2215 3042 uror(2.
2253 2969 2371 3025 Cor.
2416 2970 2504 3024 ll.
2534 2966 2667 3041 29)?
2715 2968 2783 3024 Et
2825 2967 2918 3037 qui
2962 2966 3191 3036 propriis
3238 2964 3520 3019 mordetur
3551 3005 3569 3032 ,

1979 3064 2211 3119 debitam
2238 3061 2529 3117 sceleribus
2550 3062 2661 3115 suis
2688 3074 2901 3130 poenam
2925 3057 3209 3125 crstinxit,
3234 3066 3288 3112 et
3316 3072 3410 3127 per
3430 3056 3576 3111 hunc

1980 3157 2222 3213 dolorem
2254 3157 2306 3210 in
2328 3155 2567 3209 futurum
2594 3169 2655 3208 se
2698 3152 2997 3207 cautiorem
3048 3149 3301 3206 reddidit.
3352 3149 3462 3203 Hac
3506 3148 3575 3204 de

1981 3264 2140 3306 causa
2165 3263 2264 3319 ego
2303 3262 2516 3319 quoque
2544 3262 2665 3301 cum
2694 3244 2928 3299 viderem
2956 3260 3052 3299 vos
3082 3243 3321 3300 demisso
3350 3242 3527 3313 capite
3553 3281 3572 3306 .

1984 3354 2367 3414 gementesque
2388 3352 2442 3397 et
2468 3339 2753 3396 tundentes
2776 3336 2989 3403 faciem,
3022 3336 3235 3407 gavisus
3287 3350 3405 3389 sum
3432 3334 3581 3404 cogi-

1988 3447 2109 3492 tans
2128 3447 2357 3508 quantus
2384 3435 2453 3489 sit
2482 3432 2685 3488 fructus
2712 3432 2828 3501 ejus
2854 3430 3101 3485 tristitize.
3148 3428 3265 3494 Quo
3314 3426 3373 3480 fit
3422 3435 3480 3480 ut
3526 3433 3583 3480 et

1989 3532 2147 3587 hodie
2192 3530 2333 3587 idem
2362 3535 2739 3599 argumentum
2784 3533 3013 3579 tractare
3064 3522 3262 3588 libeat,
3315 3529 3372 3574 ut
3391 3519 3585 3590 quibus

1989 3622 2137 3679 cordi
2179 3628 2306 3677 sunt
2333 3621 2555 3691 nuptiae,
2583 3627 2792 3672 mature
2812 3616 2879 3671 de
2905 3614 3008 3670 hoc
3032 3614 3246 3684 negotio
3266 3611 3583 3666 deliberent.

1991 3718 2048 3773 Si
2073 3716 2217 3774 enim
2241 3715 2458 3773 domum
2484 3712 2715 3782 emptori
2737 3718 2828 3765 aut
2849 3707 3133 3777 mancipia,
3162 3705 3374 3761 curiose
3402 3703 3585 3759 consi-

1991 3808 2246 3864 deramus
2278 3815 2387 3860 tum
2406 3804 2737 3867 venditores,
2768 3811 2878 3855 tum
2908 3800 3118 3870 priores
3146 3796 3415 3859 dominos,
3442 3794 3591 3864 ipso-

1993 3915 2115 3957 rum
2156 3913 2370 3970 quoque
2409 3896 2679 3952 venalium
2724 3903 2830 3949 tam
2878 3890 3122 3962 corporis
3174 3887 3540 3944 habitudinem
3567 3926 3589 3953 ,

1994 4010 2155 4066 quam
2179 3992 2412 4049 indolem
2438 3990 2639 4044 animi:
2672 3995 2874 4063 quanto
2903 3985 3071 4056 magis
3093 3982 3482 4054 diSpicienduni
3509 3990 3593 4037 est

1995 4092 2063 4147 de
2091 4090 2266 4145 futura
2285 4084 2552 4157 conjuge?
2579 4084 2808 4138 Domum
2834 4080 2999 4145 enim,
3022 4079 3070 4133 si
3092 4078 3280 4132 vitiosa
3301 4076 3407 4141 sit,
3464 4074 3591 4129 licet

1997 4184 2173 4242 denuo
2204 4179 2438 4236 vendere
2456 4218 2472 4243 ,
2502 4175 2644 4231 sicut
2671 4184 2727 4230 et
2755 4186 2969 4227 servum
3000 4183 3230 4239 nequam
3260 4173 3595 4235 compertum

1998 4277 2268 4337 venditori
2305 4275 2634 4334 restituere:
2663 4282 2885 4325 uxorem
2932 4279 3062 4321 vero
3105 4261 3276 4318 semel
3320 4267 3597 4328 acceptam

2000 4386 2109 4427 non
2140 4370 2267 4424 item
2294 4366 2371 4425 fas
2396 4373 2479 4421 est
2498 4379 2529 4418 a
2557 4361 2749 4433 quibus
2770 4355 3042 4427 acceperis
3070 4352 3333 4409 reddere:
3364 4350 3461 4406 sed
3492 4365 3597 4404 ne-

2001 4476 2154 4518 cesse
2180 4469 2263 4515 est
2295 4459 2349 4517 in
2374 4464 2692 4527 perpetuum
2731 4466 2848 4507 eam
2886 4447 3028 4503 domi
3060 4445 3278 4512 habere,
3311 4444 3413 4498 nisi
3444 4442 3600 4495 tnalis

2002 4571 2065 4610 ea
2099 4563 2157 4608 ut
2184 4550 2424 4621 improha
2449 4547 2621 4617 ejecta
2652 4558 2780 4599 reus
2805 4538 3054 4596 adulterii
3077 4537 3225 4608 juxta
3257 4536 3429 4606 legem
3456 4533 3598 4588 divi-

2006 4664 2128 4703 nam
2158 4646 2293 4700 lieri.
2326 4641 2550 4711 Quando
2595 4639 2757 4709 igitur
2778 4648 2999 4690 uxorem
3031 4631 3290 4687 ducturus
3336 4642 3397 4683 es
3427 4668 3443 4693 ,
3492 4641 3602 4680 non

2005 4742 2177 4798 solum
2199 4738 2354 4796 civile
2376 4736 2485 4806 jus,
2517 4746 2703 4788 verum
2731 4730 2892 4785 etiam
2918 4722 3343 4783 ecclesiasticum
3392 4720 3552 4790 legito
3584 4738 3599 4775 :

2007 4850 2130 4889 nam
2158 4828 2455 4889 secundum
2477 4826 2597 4888 hoc,
2617 4838 2726 4878 nou
2754 4820 2905 4884 illud,
2923 4828 3162 4874 extrema
3182 4812 3605 4880 diejudicandus

2008 4944 2039 4982 a
2093 4928 2199 4981 Deo
2242 4937 2301 4981 es
2327 4937 2342 4974 :
2372 4928 2428 4975 et
2474 4918 2568 4973 illo
2594 4921 2905 4982 contempto
2933 4920 3309 4979 saepenumero
3360 4903 3604 4973 pecuniis

2011 5028 2213 5074 tantutn
2248 5011 2611 5075 mulctaberis,
2641 5008 2744 5062 hoc
2773 5015 2950 5061 autem
2970 5002 3176 5057 calcato
3204 4997 3465 5059 inanima:
3478 5010 3608 5066 sup-

2010 5109 2226 5183 plicium
2252 5104 2457 5162 incides
2484 5110 2538 5158 et
2559 5102 2733 5172 ignem
2759 5091 3275 5164 inexstinguibilem.

2082 5203 2135 5257 2.
2178 5200 2258 5256 Tu
2284 5212 2410 5252 vero
2449 5207 2672 5249 uxorem
2713 5189 2970 5243 ducturus
3013 5183 3217 5240 externi
3246 5180 3382 5252 juris
3405 5178 3612 5249 peritos

2013 5295 2294 5365 diligenter
2316 5286 2574 5350 consulis,
2606 5292 2661 5339 et
2702 5280 2823 5336 illos
2864 5277 3206 5347 frequentans
3236 5270 3467 5327 sollicite
3492 5268 3608 5323 dis-

2013 5357 2204 5458 quiris,
2229 5381 2353 5453 quid
2384 5382 2616 5433 futurum
2647 5374 2738 5438 sit,
2769 5371 2813 5427 si
2859 5385 2922 5425 ea
2956 5366 3181 5423 decedat
3220 5361 3376 5417 nullis
3411 5357 3616 5413 relictis

2015 5452 2219 5543 liberis,
2238 5452 2363 5545 quid
2385 5472 2433 5527 si
2455 5470 2618 5524 filium
2639 5465 2927 5534 relinquat,
2945 5458 3069 5531 quid
3091 5458 3218 5512 item
3240 5454 3285 5508 si
3306 5452 3412 5506 duo
3430 5458 3610 5503 tresve

2016 5572 2218 5629 fuerint
2246 5564 2559 5637 superstites
2580 5604 2595 5627 ,
2630 5570 2740 5614 tum
2761 5553 3029 5628 quomodo
3057 5551 3181 5605 vivo
3206 5555 3356 5619 patre
3384 5555 3482 5596 suo
3510 5538 3609 5593 de-

2017 5665 2265 5721 functove
2291 5635 2449 5715 rebus
2476 5654 2588 5709 suis
2614 5664 2777 5707 usura
2806 5648 2908 5714 sit,
2939 5652 3193 5715 quantum
3214 5654 3279 5693 ex
3305 5635 3421 5704 ejus
3448 5641 3612 5702 patri-

2018 5754 2199 5813 monio
2235 5751 2447 5818 marito,
2478 5752 2735 5816 quantum
2778 5736 3033 5799 fratribus
3077 5728 3313 5789 mulieris
3350 5730 3607 5793 obw'uit'e
