3990 6358
398 262 501 321 ⁸227
1133 261 1191 315 S.
1231 259 1510 316 JOANNIS
1548 255 2018 315 CHRYSOSTOMI
2057 255 2377 318 ARCHIEP.
2419 262 2954 322 CONSTANTINOP.
3560 271 3671 324 2‘23

393 378 582 431 debeat
611 393 623 428 :
654 372 865 444 quando
892 373 1016 426 item
1047 373 1292 426 universa
1322 373 1501 426 uxoris
1532 372 1666 425 bona
1697 370 1976 425 retinenda

391 469 517 532 sint,
544 476 614 520 ita
642 478 694 519 ut
721 462 848 519 nihil
881 480 946 519 ex
986 465 1064 518 eis
1099 465 1190 518 alii
1223 464 1624 520 concedendum
1651 465 1740 528 sit,
1771 469 1983 534 quando

391 571 572 616 contra
603 559 897 615 cedendum
927 560 1172 614 omnibus
1201 577 1213 612 :
1239 560 1447 629 aliaque
1473 559 1664 613 similia
1699 568 1978 628 perconta-

392 657 466 710 ris
489 656 769 717 curiosius,
803 654 978 709 modis
1003 655 1251 709 omnibus
1275 655 1712 724 circumspiciens
1754 671 1819 709 ne
1858 656 1982 724 quid

390 765 452 804 ex
479 751 658 802 uxoris
689 750 840 804 bonis
869 749 932 802 ad
962 759 1182 818 agnatos
1207 749 1374 819 ipsius
1404 751 1607 814 redeat,
1637 752 1901 820 quamvis,
1928 762 1984 804 ut

387 843 495 910 jam
523 841 652 905 dixi,
679 842 722 894 si
744 841 868 909 quid
893 849 1084 910 prmter
1109 843 1412 909 opinionem
1433 841 1705 907 acciderit,
1729 841 1981 896 damnum

391 944 442 986 te
486 942 738 1002 sequatur
780 941 982 986 tantum
1025 933 1407 1002 pecuniarum;
1447 941 1682 987 attamen
1726 934 1856 987 nihil
1890 934 1984 988 bo-

387 1042 507 1081 rum
535 1027 852 1080 contemnis.
887 1027 966 1080 An
996 1041 1104 1080 non
1129 1026 1416 1080 absurdum
1450 1026 1681 1092 videtur,
1712 1043 1832 1082 cum
1866 1036 1984 1080 tan-

394 1128 500 1174 tam
550 1124 806 1172 rationem
853 1117 1143 1173 habeamus
1177 1119 1445 1188 pecnnize,
1476 1118 1666 1172 anima:
1692 1119 1982 1187 periculum

389 1223 443 1264 et
487 1209 806 1265 reddendam
840 1209 890 1264 in
929 1209 1015 1264 illa
1054 1209 1140 1264 die
1178 1211 1437 1265 rationem
1466 1221 1830 1277 Contemnere,
1859 1227 1979 1266 cum

392 1302 479 1355 hic
513 1303 844 1371 potissimum
875 1317 1000 1356 cura
1024 1301 1320 1355 adhibenda
1347 1301 1449 1354 sit?

466 1395 661 1449 Paulus
687 1396 994 1449 matrimonii
1022 1395 1152 1466 leges
1183 1395 1478 1465 praescribit.
1518 1395 1714 1451 Uxores
1733 1398 1980 1466 quomodo

391 1491 681 1561 diligendis.
711 1519 780 1530 —-
808 1489 931 1544 Ideo
961 1505 1152 1543 uxores
1182 1489 1418 1543 ducturis
1449 1491 1650 1544 suadeo
1679 1497 1738 1544 n‘.
1771 1491 1982 1545 beatum

393 1584 612 1636 l’auluin
637 1583 860 1649 adeant,
900 1593 952 1637 et
990 1583 1132 1652 leges
1160 1583 1298 1652 apud
1323 1598 1445 1637 eum
1475 1583 1543 1637 de
1571 1583 1819 1654 conjugio
1846 1585 1983 1639 scri-

393 1686 510 1742 ptas
539 1675 830 1744 perlegam,
860 1675 1177 1745 cognitoque
1215 1675 1360 1744 prius
1385 1674 1525 1744 quod
1566 1675 1655 1729 ille
1690 1687 1869 1730 censet
1911 1677 1986 1730 fa-

391 1772 659 1834 ciendum,
691 1772 733 1824 si
765 1787 896 1823 uxor
924 1771 1194 1840 contingat
1224 1771 1484 1824 malitiosa
1514 1781 1603 1822 aut
1632 1771 1754 1824 vino
1783 1771 1979 1836 dedita,

392 1864 434 1915 si
465 1864 719 1916 maledica
745 1873 836 1915 aut
866 1863 1004 1916 fatua
1032 1861 1260 1918 similive
1285 1863 1514 1918 obnoxia
1548 1864 1674 1916 vitio
1698 1905 1713 1927 ,
1747 1873 1854 1916 tum
1886 1864 1981 1916 de-

392 1970 535 2005 mum
575 1953 641 2008 de
687 1955 880 2022 nuptiis
918 1954 1170 2023 cogitent.
1221 1954 1275 2008 Si
1328 1955 1468 2008 enim
1517 1955 1710 2007 videris
1739 1971 1861 2009 cum
1892 1957 1983 2010 tibi

392 2045 699 2112 permittere
726 2046 775 2098 in
801 2061 908 2098 uno
938 2046 1125 2114 quovis
1165 2046 1252 2099 tali
1289 2046 1414 2098 vitio
1456 2045 1845 2115 deprehensam
1888 2063 1983 2100 ex-

389 2137 591 2204 pellere
616 2138 794 2202 domo,
827 2149 881 2191 et
913 2139 1070 2190 aliam
1110 2153 1204 2207 pro
1240 2137 1325 2191 illa
1366 2138 1724 2204 introducere,
1755 2147 1812 2190 ut.
1834 2148 1983 2192 extra

390 2229 681 2298 periculum
712 2229 1032 2284 constitutus
1062 2229 1201 2283 bono
1227 2238 1342 2283 esto
1371 2231 1570 2283 annno.
1611 2229 1761 2296 Quod
1798 2230 1840 2283 si
1885 2228 1985 2284 hoc

390 2339 495 2376 non
523 2323 681 2386 sinat,
721 2323 814 2377 sed
856 2323 1038 2392 jnbeat
1079 2322 1448 2392 quodcumque
1478 2332 1670 2390 prmter
1699 2323 1976 2392 impudici-

390 2416 516 2468 tiam
567 2416 753 2469 vitium
811 2415 1095 2470 habentem
1145 2415 1396 2484 diligere,
1443 2416 1666 2468 ohlirma
1723 2416 1981 2478 annuum,

388 2508 540 2576 quasi
572 2508 772 2562 laturus
797 2507 1087 2578 quamlibet
1106 2507 1221 2574 ejus
1246 2505 1553 2575 nequitiam.
1587 2505 1678 2560 Sin
1705 2507 1806 2559 hoc
1825 2522 1983 2575 grave

389 2599 598 2653 videtur
622 2608 673 2653 et
705 2599 1060 2663 intolerabile,
1085 2613 1298 2652 onmem
1328 2613 1508 2650 Cllt‘nttt
1542 2597 1733 2650 adhibe
1761 2607 1816 2650 ιιι
1839 2613 1984 2650 com-

389 2689 624 2755 modum,
655 2690 822 2760 a'quis
869 2689 1106 2743 moribus
1151 2687 1464 2757 prmditam,
1510 2698 1562 2742 et
1601 2688 1982 2757 obsequentem

389 2798 610 2838 uxorem
634 2783 797 2837 ducas
823 2823 838 2849 ,
872 2792 1049 2837 certus
1078 2783 1239 2851 quod,
1264 2783 1306 2836 si
1342 2783 1530 2835 malam
1562 2783 1795 2849 duxeris,
1821 2785 1984 2837 alter-

390 2885 564 2930 utrum
611 2877 912 2931 necessario
960 2877 1220 2945 sequitur,
1252 2883 1309 2929 ut
1352 2885 1443 2929 aut
1491 2873 1631 2928 feras
1677 2885 1982 2943 perpetuam

389 2968 710 3032 molestiam,
739 2979 827 3022 aut
865 2969 908 3022 si
957 2967 1060 3022 hoc
1103 2969 1260 3033 nolis,
1295 2968 1465 3038 ejecta
1499 2968 1583 3021 illa
1614 2984 1736 3022 reus
1768 2970 1863 3022 lias
1890 2969 1987 3021 ad-

391 3059 587 3113 ulterii.
636 3060 737 3126 Qui
773 3061 902 3113 enim
939 3061 1072 3129 ejicit
1114 3077 1342 3124 uxorem,
1379 3061 1576 3130 inquit,
1606 3061 1792 3130 absque
1829 3078 1984 3115 causa

389 3153 769 3223 fornicationis,
799 3155 918 3225 facit
945 3170 1054 3207 eam
1081 3153 1364 3208 adulteram
1397 3170 1414 3207 :
1439 3163 1482 3208 et
1507 3155 1593 3223 qui
1621 3155 1694 3207 sic
1723 3155 1984 3208 dimissam

389 3245 549 3310 ducit,
570 3246 833 3298 committit
856 3244 1158 3298 adulterium
1189 3244 1397 3316 (Matth.
1423 3245 1474 3298 5.
1495 3243 1606 3314 32).
1644 3245 1768 3300 ΙΙωο
1791 3247 1835 3300 si
1861 3256 1984 3300 ante

389 3338 602 3406 nuptias
640 3348 784 3391 recte
825 3336 1213 3406 dispexerimus
1233 3377 1247 3400 ,
1286 3345 1340 3391 et
1369 3335 1516 3406 leges
1547 3337 1641 3391 has
1667 3341 1980 3408 cognoveri-

390 3445 531 3495 mus,
560 3428 802 3483 dabimus
827 3443 1046 3496 operam
1083 3436 1140 3481 ιιι
1180 3427 1247 3480 ab
1288 3427 1438 3480 initio
1464 3439 1639 3496 aptam
1664 3438 1713 3481 et
1744 3429 1981 3482 moribus

391 3520 589 3572 nostris
626 3519 1028 3573 convenientem
1074 3517 1326 3572 ducamus
1359 3534 1373 3570 :
1401 3535 1506 3588 quo
1551 3518 1688 3573 facto
1727 3535 1835 3573 non
1883 3519 1985 3573 hoc

393 3618 597 3663 tantum
631 3609 971 3672 lnerabinmr,
1015 3609 1156 3677 quod
1202 3624 1320 3662 eam
1362 3625 1648 3679 numquam
1687 3610 1980 3680 cjiciemus,

390 3701 484 3754 sed
514 3715 706 3770 magno
731 3701 889 3755 etiam
919 3699 1110 3754 affectu
1141 3717 1258 3754 eam
1289 3700 1573 3771 diligemus
1593 3743 1607 3767 ,
1638 3701 1985 3770 quemadmo-

389 3793 516 3847 dum
547 3793 737 3846 Panlus
762 3793 1020 3864 pracipit.
1046 3792 1176 3847 Cum
1207 3794 1347 3848 enim
1380 3795 1636 3850 dixisset:
1669 3794 1774 3849 Viri
1800 3813 1983 3850 uxores

390 3886 604 3956 diligant
631 3883 843 3954 (Ep/tes.
879 3886 930 3939 5.
961 3886 1055 3956 ‘25)
1081 3904 1093 3938 :
1120 3903 1225 3940 non
1253 3885 1339 3942 hic
1365 3889 1624 3952 constitit,
1645 3889 1736 3942 sed
1767 3889 1980 3943 modum

389 3978 550 4031 etiam
579 3979 775 4031 amoris
809 3977 1106 4046 prmlinivit.
1144 3978 1235 4051 [At
1257 3997 1413 4049 quem
1439 3981 1691 4035 tandem?
1729 3980 1831 4036 Viri
1865 3984 1983 4036 dili—

390 4071 490 4140 gite
520 4083 719 4124 uxores.
769 4070 864 4125 Dic
903 4072 1208 4140 quomodo?
1247 4087 1403 4142 quem
1435 4073 1560 4126 mihi
1589 4074 1838 4144 diligendi
1870 4091 1986 4129 mo-

389 4163 515 4216 dum
543 4163 875 4233 pra‘scribis?
900 4161 998 4235 (α)]
1047 4164 1194 4217 Sicut
1232 4174 1278 4218 et
1313 4162 1543 4218 Christus
1581 4166 1756 4219 dilexit
1801 4165 1981 4220 Eccle-

391 4257 539 4308 sium.
592 4256 658 4310 Et
699 4257 986 4325 quomodo,
1028 4271 1244 4326 qua-so,
1275 4256 1519 4312 Christus
1566 4257 1788 4313 dilexit?
1816 4259 1901 4312 Ita
1931 4269 1985 4314 ut

391 4349 710 4417 semetipsum
741 4366 832 4418 pro
873 4365 935 4403 ea
974 4351 1207 4404 traderet.
1259 4349 1438 4420 Itaque
1468 4351 1675 4405 etiamsi
1712 4353 1846 4404 mori
1889 4369 1983 4421 pro

393 4459 558 4496 uxore
597 4451 869 4510 oporteat,
913 4457 1244 4510 nequaquam
1288 4444 1742 4512 tergiversaberis.
1775 4443 1905 4497 Nam
1938 4445 1979 4497 si

392 4535 650 4587 homines
678 4548 884 4586 servam
917 4534 986 4585 ita
1013 4532 1219 4598 dilexit,
1245 4541 1300 4585 ut
1327 4544 1497 4587 semet
1527 4551 1618 4602 pro
1641 4550 1701 4587 ea
1728 4535 1979 4601 traderet,

390 4625 558 4678 multo
585 4624 751 4692 magis
775 4637 1088 4678 conservam
1119 4634 1333 4691 oportet
1361 4625 1437 4678 sic
1462 4624 1627 4694 diligi.
1669 4625 1776 4679 Sed
1801 4625 1983 4679 vidca-

391 4729 531 4781 mus,
565 4730 632 4768 ne
663 4713 798 4768 forte
827 4713 1163 4783 pulchritudo
1189 4729 1399 4784 sponsa:
1426 4725 1518 4768 aut
1546 4717 1797 4785 praeclara
1827 4717 1981 4771 indo-

393 4807 473 4860 les
495 4820 750 4876 sponsum
779 4806 1074 4861 attraxerit.
1121 4804 1198 4859 Ne
1226 4805 1328 4858 hoc
1355 4805 1568 4874 quidem
1591 4806 1768 4860 dicere
1798 4821 1984 4876 possu-

391 4913 531 4950 mns.
565 4897 715 4962 Quod
739 4898 880 4950 enim
907 4897 1162 4951 deformis
1191 4911 1253 4949 ac
1274 4895 1477 4965 impura
1511 4896 1688 4960 fuerit,
1707 4897 1836 4951 audi
1866 4914 1983 4967 quae

392 4988 642 5057 deinceps
671 5000 977 5058 sequantur.
1026 4988 1157 5042 Nam
1195 5004 1316 5042 cum
1358 4989 1605 5056 dixisset,
1637 4989 1873 5044 Tradidit
1901 5008 1982 5045 se-

392 5081 559 5148 ipsnm
587 5095 678 5146 pro
706 5096 786 5144 ea,
817 5095 940 5134 mox
969 5080 1269 5149 subjunxit,
1301 5078 1368 5134 Ut
1391 5082 1727 5150 sanctiﬁcaret
1751 5100 1862 5137 eam
1885 5101 1982 5151 pu-

392 5172 644 5237 riﬁcatam
683 5171 882 5225 lavacro
911 5189 1057 5241 aqum
1092 5173 1251 5241 (Ibid.
1281 5189 1330 5228 υ,
1361 5173 1432 5229 26
1451 5173 1490 5245 ).
1542 5175 1675 5229 Cum
1701 5185 1876 5230 autem
1905 5176 1986 5229 di-

390 5262 464 5315 cit
493 5262 842 5330 puriﬁcatam,
878 5265 1109 5318 ostendit
1147 5267 1409 5336 impuram
1435 5275 1559 5321 ante
1586 5266 1750 5322 fuisse
1773 5276 1826 5322 et
1850 5283 1980 5321 con-

396 5352 727 5415 taminatam,
763 5352 921 5422 idque
951 5369 1054 5407 non
1083 5356 1287 5426 vulgari
1333 5357 1658 5426 impuritate,
1689 5356 1784 5412 sed
1828 5359 1983 5430 longe

395 5443 646 5507 maxima,
680 5452 737 5497 ut
763 5461 881 5513 quae
913 5445 1099 5502 nidore
1130 5463 1193 5502 ac
1216 5448 1360 5503 fumo
1389 5465 1686 5520 cruoreqne
1715 5465 1835 5505 cum
1866 5452 1985 5507 aliis

399 5535 444 5588 id
489 5551 655 5604 genus
696 5537 989 5592 innumeris
1020 5541 1272 5596 sordebat
1302 5544 1543 5598 maculis.
1590 5545 1839 5600 Attamen
1877 5560 1984 5600 non

452 5667 1039 5782 δαέηξὲῗξὲἒὲὲιιῖεειξῖιοίιιιε
1063 5673 1366 5740 clauduntur,
1385 5679 1436 5728 in
1459 5685 1620 5731 Graeco
1644 5693 1740 5731 non
1766 5686 1980 5742 exstant,

662 5751 663 5754 η
739 5747 749 5753 ’
799 5747 824 5782 e
906 5769 918 5782 .

395 5734 486 5782 Sed
510 5736 630 5780 Inter
639 5745 753 5794 pres
776 5734 918 5798 legit.

2090 386 2366 430 aversatus
2390 385 2471 432 est
2499 378 2614 447 ejus
2639 379 3050 444 deformitatem,
3083 381 3174 435 sed
3203 381 3603 436 transformavit
3626 386 3675 438 in

2093 467 2364 522 meliorem
2408 469 2595 525 faciem
2637 473 2874 527 remissis
2902 477 3132 543 peccatis
3164 474 3417 544 pristinis.
3447 475 3600 532 Hunc
3625 489 3676 533 et

2093 568 2146 612 tu
2169 559 2393 614 imitare.
2428 561 2539 616 Etsi
2571 564 2852 632 plurimum
2893 568 2943 618 in
2991 576 3042 622 te
3079 583 3213 622 uxor
3250 571 3568 638 peccaverit,
3599 581 3682 626 to-

2094 660 2200 703 tum
2238 652 2285 705 ei
2330 655 2540 707 remitte
2568 665 2620 709 et
2646 657 2886 711 condona
2920 675 2934 711 :
2962 659 3009 712 si
3041 661 3177 713 male
3205 672 3462 715 moratam
3493 676 3682 718 nactus

2092 741 2285 811 fueris,
2317 746 2518 817 refinge
2543 762 2660 802 eam
2688 748 2754 802 ad
2789 749 3074 805 bonitatem
3106 767 3168 806 ac
3193 754 3681 822 mansuetudinem,

2090 836 2228 891 sicut
2254 848 2307 892 et
2332 838 2576 895 Christus
2603 841 2917 898 Ecclesiam.
2950 843 3065 899 Non
3091 846 3263 900 solum
3286 849 3427 901 enim
3452 848 3684 903 immun-

2090 928 2273 983 ditiam
2297 931 2411 999 ejus
2431 933 2699 1000 abstersit,
2726 935 2818 989 sed
2841 937 3046 990 senium
3071 954 3280 1008 quoque
3299 938 3500 995 abrasit
3519 950 3687 994 exuto

2092 1021 2256 1076 veteri
2304 1023 2558 1091 homine,
2605 1027 2696 1095 qui
2748 1035 2890 1082 totus
2935 1031 3216 1085 constabat
3257 1047 3290 1086 e
3319 1033 3478 1088 vitiis.
3527 1033 3682 1101 Quod

2089 1116 2249 1168 etiam
2295 1116 2490 1172 Paulus
2517 1118 2818 1174 subindicat
2845 1121 2926 1175 his
2953 1122 3128 1174 verbis
3152 1166 3165 1183 ,
3199 1123 3266 1178 Ut
3296 1126 3546 1180 exhiberet
3568 1144 3684 1181 eain

2088 1208 2282 1276 sibiipsi
2302 1209 2573 1277 gloriosam
2600 1209 2898 1277 Eccksiam,
2922 1231 3021 1267 non
3043 1215 3298 1268 habentem
3322 1220 3572 1272 maculam
3594 1229 3710 1288 aut,

2089 1317 2270 1370 rugam
2316 1300 2545 1374 (Ephes.
2579 1304 2632 1358 5.
2664 1303 2775 1375 ‘27)
2810 1323 2823 1359 :
2854 1323 2958 1359 non
3005 1308 3148 1361 enim
3185 1310 3458 1378 pulchram
3507 1318 3683 1366 solum

2091 1393 2338 1458 reddidit,
2370 1395 2463 1450 sed
2485 1395 2824 1466 etjuvenem,
2847 1416 2950 1452 non
2973 1399 3122 1468 juxta
3150 1413 3392 1455 naturam
3414 1407 3680 1473 corporis,

2089 1485 2183 1540 sed
2209 1486 2358 1556 juxta
2385 1489 2669 1544 voluntatis
2697 1490 3082 1546 habitudinem.
3112 1491 3220 1550 Nec
3250 1495 3356 1550 hoc
3384 1498 3556 1551 solum
3587 1500 3686 1552 ad-

2091 1577 2372 1632 miratione
2412 1579 2628 1650 dignum
2658 1593 2774 1650 est,
2811 1583 2951 1653 quod
2983 1596 3169 1640 nactus
3195 1587 3512 1652 deformem,
3545 1592 3685 1644 mala

2091 1667 2226 1723 facie
2252 1670 2551 1739 prarditam,
2581 1681 2788 1742 turpem
2816 1691 2876 1729 ac
2901 1678 3151 1740 vetulam,
3180 1695 3283 1732 non
3305 1692 3580 1734 aversatus
3601 1692 3689 1735 νει

2092 1761 2251 1816 talem
2278 1780 2289 1814 :
2315 1762 2407 1816 sed
2434 1765 2574 1833 quod
2599 1767 2752 1820 morti
2782 1768 3013 1836 seipsnm
3041 1770 3296 1839 olijiciens
3326 1774 3539 1827 refinxit
3562 1790 3685 1827 eam

2092 1853 2142 1906 in
2172 1853 2618 1922 pulchritudinem
2649 1859 3014 1914 incredibilem
3043 1879 3055 1914 :
3081 1863 3172 1917 sed
3205 1865 3344 1933 quod
3371 1868 3530 1920 etiam
3562 1879 3686 1937 post

2093 1945 2205 2000 haec
2223 1961 2364 2016 szepe
2381 1948 2702 2004 sordidatam
2716 1952 3141 2009 animadvertens
3156 1966 3209 2010 et
3229 1961 3566 2030 maculatam,
3585 1978 3687 2016 nec

2089 2039 2233 2106 ejicit
2258 2055 2374 2092 eam
2404 2057 2433 2095 e
2462 2041 2696 2096 thalamo
2718 2085 2733 2108 ,
2768 2061 2865 2098 nec
2892 2045 3163 2116 abrumpit
3202 2065 3370 2104 nexus
3407 2053 3639 2123 conjugii
3667 2072 3684 2120 ;

2089 2130 2182 2183 sed
2213 2132 2411 2185 mavult
2440 2148 2555 2187 cam
2584 2150 2772 2190 curare
2796 2178 2810 2200 ,
2842 2146 2896 2191 et
2922 2139 3172 2194 remediis
3197 2143 3482 2212 corrigere.
3511 2144 3686 2212 Quam

2090 2221 2240 2275 ιιιιιΙιί
2269 2223 2432 2288 enim,
2463 2241 2663 2295 qiueso,
2695 2236 2814 2296 post
2852 2239 3126 2298 acceptam
3167 2230 3326 2286 [idem
3373 2234 3423 2286 in
3469 2247 3685 2303 peccata

2090 2313 2285 2383 relapsi
2311 2317 2473 2370 sunt?
2501 2333 2598 2371 nec
2627 2326 2801 2372 tamen
2839 2336 2932 2375 eos
2969 2323 3038 2374 ob
3073 2321 3176 2377 hoc
3214 2323 3432 2378 fastidiit
3464 2345 3476 2379 :
3511 2329 3688 2397 qualis

2089 2407 2188 2462 fuit
2215 2409 2302 2464 ille
2318 2409 2408 2479 qui
2433 2409 2570 2479 apud
2593 2409 2898 2467 Corinthios
2919 2424 3160 2484 stuprum
3176 2419 3539 2482 commiserat,
3560 2433 3683 2473 cum

2089 2511 2233 2555 esset
2273 2503 2570 2557 membrum
2612 2502 2901 2570 Ecclesia};
2937 2508 3276 2563 nihilominus
3307 2526 3412 2564 non
3445 2513 3684 2566 excisum

2088 2602 2172 2646 cst
2203 2593 2251 2646 id
2285 2594 2607 2657 menibrum,
2639 2596 2735 2650 sed
2763 2597 2976 2652 sanitati
3009 2599 3295 2654 redditum.
3323 2601 3461 2669 Quin
3493 2613 3545 2657 et
3575 2603 3685 2659 Ga-

2092 2684 2316 2738 latarum
2364 2685 2600 2741 Ecclesia
2646 2689 2891 2742 universa
2934 2690 3140 2753 resiliit.
3172 2694 3307 2746 etin
3346 2692 3683 2750 Judaismum

2089 2776 2235 2845 lapsa
2267 2786 2369 2841 est,
2394 2787 2628 2831 attamen
2664 2795 2730 2832 ne
2761 2779 2903 2834 illam
2931 2781 3146 2850 quidem
3174 2784 3387 2852 repulit,
3414 2785 3507 2839 sed
3534 2800 3689 2840 cura-

2090 2877 2196 2920 tam
2228 2867 2373 2922 Pauli
2401 2883 2561 2937 Opera
2584 2869 2650 2924 ad
2677 2872 2950 2939 pristinam
2978 2873 3193 2927 reduxit
3217 2877 3684 2931 consuetudinem.

2088 2961 2548 3028 Quemadmodum
2592 2973 2645 3018 et
2689 2966 2740 3017 in
2792 2967 2989 3020 nostris
3019 2968 3336 3036 corporibus
3376 2970 3423 3023 si
3468 2973 3688 3025 morbus

2087 3052 2361 3120 acciderit,
2398 3069 2501 3107 non
2541 3056 2837 3110 membrum
2881 3057 3266 3124 abscindimus,
3310 3060 3404 3114 sed
3439 3063 3686 3116 morbum

2087 3145 2334 3215 pellimus
2363 3163 2376 3200 :
2409 3145 2487 3199 sic
2524 3157 2576 3201 ct
2612 3163 2732 3201 cum
2779 3165 2944 3203 uxore
2990 3150 3253 3220 agendum
3293 3161 3395 3207 est.
3444 3152 3501 3207 Si
3545 3156 3688 3223 quod

2089 3236 2214 3290 insit
2252 3237 2301 3290 ei
2330 3238 2532 3299 vitium,
2564 3254 2631 3292 ne
2681 3241 2850 3308 ipsam
2892 3240 3092 3309 ejicias,
3128 3241 3222 3296 sed
3251 3243 3435 3296 vitium
3463 3245 3684 3314 abigito.

2088 3329 2245 3398 Atqui
2275 3345 2408 3383 uxor
2427 3329 2642 3399 quidem
2666 3331 2937 3384 emendari
2964 3343 3158 3400 potest,
3183 3336 3484 3388 membrum
3507 3348 3686 3390 autem

2089 3422 2331 3476 mutilum
2352 3438 2541 3477 curare
2561 3438 2703 3493 satpe
2724 3433 2806 3478 est
2828 3425 3187 3494 impossibile;
3219 3438 3272 3481 et
3301 3438 3478 3482 tamen
3501 3446 3686 3499 quam-

2088 3514 2167 3567 vis
2196 3517 2423 3569 sciamus
2468 3515 2519 3569 id
2566 3516 2894 3582 incurabile,
2938 3533 3005 3572 ne
3047 3520 3124 3574 sic
3167 3522 3378 3590 quidem
3421 3524 3687 3576 rescindi-

2088 3621 2207 3660 mus
2237 3623 2250 3657 :
2281 3607 2375 3661 sed
2401 3623 2521 3661 cum
2551 3607 2687 3662 alius
2718 3609 2913 3678 loripes
2935 3650 2950 3673 ,
2985 3610 3120 3662 alius
3145 3627 3213 3665 ex
3237 3626 3396 3666 crure
3438 3613 3686 3668 laborans

2088 3697 2371 3762 claudicet,
2402 3698 2538 3753 alius
2564 3714 2780 3752 manum
2811 3697 3012 3754 aridam
3041 3712 3096 3756 et
3122 3696 3420 3758 etnortuam
3449 3707 3685 3760 circum-

2090 3788 2259 3856 ferat,
2289 3789 2423 3844 alius
2449 3791 2663 3845 oculum
2694 3793 2894 3848 lumine
2925 3795 3114 3849 orbum
3143 3837 3157 3859 ,
3197 3813 3354 3850 nemo
3386 3807 3564 3852 tamen
3597 3817 3687 3854 eo-

2089 3896 2208 3934 rum
2253 3883 2462 3935 oculum
2511 3895 2600 3936 aut
2655 3899 2903 3951 manum,
2947 3895 3038 3941 aut
3081 3903 3206 3942 crus
3251 3889 3548 3960 pedemque
3576 3896 3688 3946 vult

2088 3973 2333 4028 amittere
2351 3990 2362 4025 :
2379 3983 2432 4029 et
2455 3976 2696 4043 quamvis
2717 3977 2824 4030 sint
2850 3979 3072 4046 inutilia,
3097 3982 3409 4048 exterisque
3431 3983 3685 4038 membris

2087 4064 2323 4120 dedecus
2367 4066 2630 4133 aderant,
2680 4077 2856 4123 tamen
2898 4070 3081 4123 innato
3125 4071 3354 4140 quodam
3404 4071 3596 4126 all'ectn
3630 4084 3686 4126 ut

2089 4167 2294 4226 partem
2343 4157 2581 4227 ejusdem
2628 4161 2871 4228 corporis
2913 4177 2975 4214 ea
3017 4162 3411 4232 prosequimur.
3451 4166 3536 4216 An
3580 4182 3682 4218 non

2090 4251 2248 4320 igitur
2273 4251 2560 4305 absurdum
2592 4251 2769 4314 fuerit,
2801 4253 2889 4307 ubi
2920 4254 3067 4306 nulla
3092 4265 3338 4322 speratur
3366 4255 3566 4310 utilitas
3593 4267 3683 4309 aut

2089 4346 2352 4398 correctio
2373 4386 2388 4408 ,
2431 4355 2630 4398 tantam
2661 4347 2916 4401 adhibere
2945 4347 3363 4402 sollicitudinem
3391 4368 3402 4400 :
3439 4351 3527 4403 ubi
3559 4365 3682 4403 vero

2092 4437 2226 4490 bona
2253 4452 2377 4505 spes
2400 4448 2643 4508 superest
2668 4448 2719 4490 et
2752 4438 2920 4492 facilis
2953 4440 3196 4504 mutatio,
3226 4441 3424 4492 nullam
3461 4442 3678 4494 medici—

2091 4545 2212 4582 nam
2245 4527 2460 4583 facere?
2489 4529 2619 4582 Nam
2651 4531 2826 4584 innata
2854 4530 2979 4584 vitia
3004 4532 3164 4584 nullis
3183 4533 3382 4586 cedunt
3407 4534 3678 4598 remediis,

2089 4622 2332 4674 voluntas
2357 4632 2534 4676 autem
2561 4622 2844 4691 depravata
2880 4634 3053 4692 potest
3079 4625 3292 4693 corrigi.

2161 4715 2214 4770 5.
2245 4714 2397 4780 Quod
2417 4715 2464 4768 si
2491 4724 2634 4767 tuam
2656 4731 2874 4770 uxorein
2905 4726 3026 4784 post
3047 4715 3282 4770 adhibita
3306 4718 3476 4771 nmlla
3508 4734 3681 4772 reme-

2089 4804 2176 4859 dia
2220 4821 2382 4875 neges
2423 4805 2738 4868 Curabilcm,
2777 4820 2827 4859 ιιι
2875 4822 2995 4875 quae
3031 4806 3297 4861 obstinate
3343 4823 3523 4862 mores
3561 4824 3682 4862 suos

2092 4899 2351 4961 retineat,
2385 4913 2452 4950 ne
2484 4907 2590 4949 tum
2621 4897 2833 4966 quidem
2865 4897 3156 4966 ableganda
3183 4908 3266 4953 est
3295 4917 3305 4950 :
3339 4916 3516 4968 neque
3543 4902 3679 4954 enim

2092 4989 2388 5044 membrum
2439 4989 2732 5042 incurabile
2780 4989 3090 5043 recidimus.
3145 4991 3240 5044 Est
3277 5001 3460 5045 autem
3491 5003 3545 5044 et
3577 4994 3685 5044 lure

2092 5099 2214 5154 pars
2267 5083 2341 5136 tui
2381 5082 2620 5150 corporis
2653 5099 2666 5136 :
2701 5081 2900 5136 dictum
2950 5091 3034 5137 est
3079 5083 3220 5137 enim
3251 5101 3265 5136 :
3299 5082 3466 5136 Erunt
3499 5085 3600 5137 duo
3635 5085 3682 5135 in

2089 5194 2239 5232 carne
2265 5195 2366 5232 una
2393 5178 2542 5251 (Gen.
2575 5179 2628 5232 2.
2657 5179 2774 5249 24).
2808 5179 2874 5232 Ει
2899 5178 3198 5233 membrum
3224 5178 3440 5248 quidem
3471 5193 3682 5234 curasse

2091 5272 2292 5324 nullum
2335 5287 2514 5341 operte
2558 5271 2786 5341 pretium
2832 5272 3010 5336 fuerit,
3039 5272 3084 5325 si
3111 5287 3176 5326 ex
3205 5271 3516 5327 infirmitate
3547 5272 3681 5326 insa-

2090 5363 2268 5417 nabile
2294 5373 2536 5429 maneat;
2569 5372 2753 5415 contra
2792 5363 2974 5416 uxoris
3001 5364 3130 5416 vitio
3169 5363 3213 5418 si
3264 5363 3531 5418 medearis
3554 5403 3570 5429 ,
3619 5363 3680 5417 li-

2089 5464 2174 5510 cet
2212 5454 2504 5510 insanabde
2540 5463 2772 5513 maneat.
2819 5470 3071 5525 magnum
3110 5455 3202 5510 tibi
3241 5457 3568 5523 propositum
3607 5463 3684 5507 cst

2091 5548 2390 5615 praemium,
2416 5548 2460 5600 si
2498 5563 2614 5601 eam
2639 5547 2884 5602 docueris
2919 5555 2973 5601 et
2999 5547 3311 5601 institueris.
3340 5547 3681 5614 Quantumvis

2090 5639 2232 5692 enim
2263 5639 2455 5692 frustra
2496 5641 2568 5694 sit
2611 5640 2787 5694 omnis
2832 5639 3110 5708 disciplina
3152 5650 3207 5693 et
3244 5641 3527 5705 institutio,
3557 5640 3680 5692 tole-

2095 5736 2262 5794 rantia
2312 5744 2490 5792 tamen
2541 5743 2629 5790 tua
2683 5734 2930 5791 mercede
2971 5734 3226 5790 divinitus
3271 5735 3532 5805 promissa
3577 5748 3677 5788 non
