3990 6358
249 322 361 376 2'27

249 434 364 504 τῆς
392 435 652 508 χρήσεται
680 439 990 508 πράγμασι,
1021 440 1183 492 καὶτί
1209 445 1307 511 μὲν
1335 446 1413 506 είς
1441 445 1567 508 τοὺς
1594 447 1856 516 ἀδελφοὺς

249 520 385 589 ἡξει
422 520 514 573 τσῦ
545 519 771 590 κλήρου,
808 521 860 573 τί
890 521 944 574 δὲ
971 523 1050 586 εἰς
1080 523 1172 576 τὸν
1196 528 1566 593 συνοικοῦντα,
1600 531 1694 582 καὶ
1729 531 1856 582 πότε

253 604 453 674 κύριος
483 605 633 658 ἔσται
654 607 749 658 τοῦ
786 608 1008 670 παντὸς,
1064 609 1268 676 μηδένα
1307 611 1476 679 μηδὲν
1503 615 1720 681 ἀφεῖναι
1747 614 1856 667 τῶν

250 690 481 759 ἐκείνης
505 691 974 761 παρασπάσασθαι
1011 692 1196 762 μέρος,
1246 695 1339 746 καὶ
1373 695 1506 746 πότε
1535 697 1628 750 τοῦ
1657 699 1856 762 παντὸς
1887 734 1891 738 -

247 775 576 826 ἐκπεσεῖται
596 789 610 801 ·
643 773 734 826 καῖ
758 774 928 826 πολλά
951 774 1111 845 ἕτερα
1131 776 1355 830 τοιαῦτα
1377 778 1855 852 πολυπραγμονεῖς

249 857 392 925 παρ’
421 856 644 909 ἐκείνων
671 858 764 910 καὶ
795 859 993 927 ζητεῖς,
1024 859 1203 912 πάντα
1234 861 1458 930 περιιὼν
1488 865 1580 916 καὶ
1605 882 1855 936 περισκο-

248 939 401 1004 πῶν,
432 942 581 1004 ὅπως
603 943 665 994 ἐκ
702 943 930 1014 μηδενὸς
963 943 1189 1016 γένηται
1212 947 1413 1017 τρόπου
1449 966 1499 1002 τι
1527 949 1636 1002 τῶν
1666 968 1853 1019 γυναι-

248 1024 352 1086 κδς
395 1025 738 1094 πραγμάτων
787 1026 867 1088 εἰς
901 1043 1024 1082 τινα
1076 1029 1186 1082 τῶν
1237 1032 1422 1103 ἐκείνῃ
1464 1036 1853 1104 προσηκόντων

244 1104 412 1191 (215]
431 1109 602 1162 ἐλθεῖν
621 1125 635 1140 ⁸
666 1112 864 1176 καίτοι,
891 1102 1028 1185 ὅπερ
1054 1113 1224 1185 ἔφθην
1247 1102 1437 1178 εἰπὼν,
1457 1102 1698 1172 εἰ-καί-τι
1720 1138 1852 1191 συμ-

241 1190 388 1261 ϐαίη
416 1191 523 1244 τῶν
551 1192 829 1260 ἀδοκήτων
849 1235 863 1257 ,
917 1199 976 1248 ἐν
1028 1199 1305 1270 χρήμασιν
1337 1199 1488 1254 ἔσται
1527 1201 1590 1254 τά
1620 1203 1720 1271 τῆς
1754 1190 1850 1273 ζη-

245 1275 411 1342 μίας,
471 1277 584 1328 ἀλλ’
611 1277 760 1346 ὅμως
813 1281 916 1332 οὐκ
945 1281 1117 1354 ἀνέχῃ
1154 1284 1360 1336 τούτων
1388 1286 1540 1338 οὐδὲν
1577 1287 1844 1356 παριδεῖν.

243 1357 382 1420 Πῶς
403 1354 498 1411 οῦν
523 1361 623 1413 οὐκ
652 1361 870 1420 ἄτοπον,
902 1368 1199 1435 χρημάτων
1231 1367 1330 1438 μὲν
1357 1371 1489 1439 ἡμῖν
1512 1354 1848 1424 ἀπόλλυσθαι

245 1441 578 1509 μελλόντων,
605 1445 880 1527 τοσαύτην.
899 1449 1136 1519 σπουδὴν
1166 1451 1593 1516 ἐπιδείκνυσθαι,
1628 1456 1768 1527 ὑπὲρ
1791 1458 1847 1510 δὲ

239 1526 427 1595 ψυχῆς
459 1527 611 1590 ὄντος
642 1531 772 1599 ἡμῖν
806 1511 900 1583 τοῦ
935 1533 1184 1587 κινδύνου
1219 1537 1312 1588 καὶ
1337 1537 1445 1588 τῶν
1472 1538 1708 1591 εὐθυνῶν
1738 1541 1846 1592 τῶν

237 1608 388 1673 ἐκεῖ,
447 1610 649 1678 μηδένα
685 1612 952 1665 ποιεῖσθαι
984 1614 1172 1683 λόγον,
1217 1617 1336 1671 δέον
1388 1620 1496 1689 πρὸ
1533 1621 1640 1672 τῶν
1672 1621 1844 1675 ἄλλων

240 1691 468 1744 πάντων
491 1692 662 1745 ταῦτα
709 1694 894 1765 ζητεῖν
923 1697 1018 1750 καὶ
1065 1702 1526 1770 περιεργάζεσθαι
1567 1707 1660 1757 καὶ
1692 1709 1845 1760 πολυ-

241 1779 590 1846 πραγμονεῖν
618 1793 633 1842 ;

313 1895 408 1947 Διὸ
437 1897 688 1968 παραινῶ
717 1898 812 1951 καὶ
844 1899 1202 1969 συμϐουλεύω
1229 1907 1357 1972 τοὺς
1393 1909 1684 1978 μέλλοντας
1716 1911 1843 1975 αγε-

235 1978 371 2030 σθαι
395 1983 683 2047 γυναῖκας.
724 1981 862 2053 πρὸς
889 1984 978 2036 τὸν
1013 1989 1283 2058 μακάριον
1317 1991 1526 2044 Παῦλον
1573 1995 1838 2064 ἀπαντᾷν,

234 2068 335 2119 καὶ
379 2069 506 2132 τοὺς
538 2071 662 2140 παρ’
705 2072 854 2142 αύτῷ
884 2075 1169 2144 κειμένους
1201 2079 1329 2148 περὶ
1354 2080 1549 2149 γάμων
1577 2083 1841 2150 ἀναγινώ-

233 2168 392 2205 σκειν
423 2156 656 2223 νόμους,
711 2156 804 2208 καὶ
860 2157 1129 2226 μαθόντας
1180 2165 1478 2234 πρότερον,
1529 2167 1581 2218 τί
1629 2169 1836 2222 κελεύει

230 2239 434 2292 ποιεῖν.
473 2237 601 2290 ὅταν
626 2240 837 2309 πονηρὰ
862 2241 955 2294 καὶ
979 2241 1234 2308 ὕπουλος,
1263 2247 1356 2299 καὶ
1386 2248 1556 2317 μέθης
1578 2250 1836 2312 ἐλάττων,

229 2322 327 2370 καὶ
358 2318 628 2391 λοίδορος.
687 2323 780 2375 καὶ
828 2325 1014 2388 ἀνοίας
1042 2324 1290 2396 γέμουσα
1313 2368 1328 2383 .
1381 2332 1473 2383 καὶ
1504 2333 1679 2386 ὁτιοῦν
1711 2336 1839 2388 ἄλλο

228 2403 480 2455 τοιοῦτον
509 2404 799 2475 ἐλάττωμα
832 2406 1033 2477 ἔχουσα
1060 2409 1198 2484 τύχῃ
1231 2414 1391 2482 γυνὴ,
1421 2413 1566 2468 οὕτω
1603 2419 1838 2487 διαλέγε-

229 2486 358 2538 σθαι
393 2491 522 2557 περί
560 2490 762 2557 γάμου.
823 2492 920 2544 “Av
953 2492 1052 2562 μὲν
1079 2495 1190 2564 γὰρ
1238 2496 1353 2568 ἴδῃς
1381 2499 1460 2549 ὅτι
1513 2516 1592 2551 σοι
1621 2501 1836 2554 δίδωσιν

225 2569 484 2632 ἐξουσίαν
510 2570 569 2622 ἓν
597 2572 804 2625 τούτων
827 2576 1057 2644 εὑρόντα
1092 2577 1200 2629 τῶν
1225 2578 1622 2651 ἐλαττωμάτων
1647 2584 1837 2637 ἐκϐάλ-

224 2650 340 2704 λειν
363 2654 467 2723 μὲν
493 2655 729 2723 ἐκείνην,
755 2658 994 2726 εἰσάγειν
1022 2659 1079 2712 δὲ
1113 2661 1323 2732 ἑτέραν,
1344 2664 1420 2727 ὡς
1443 2667 1641 2730 παντὸς
1669 2669 1836 2737 ἀπηλ-

222 2734 505 2808 λαγμένος
530 2739 776 2793 κινδύνου
809 2741 1001 2813 θάρρει
1026 2760 1038 2773 ·
1078 2741 1143 2797 ἂν
1167 2744 1222 2799 δὲ
1253 2745 1413 2800 τοῦτο
1453 2751 1550 2819 μὲν
1583 2752 1682 2804 οὐκ
1711 2754 1832 2805 επι-

220 2821 432 2893 τρέπῃ,
495 2824 694 2896 κελεύῃ
743 2827 798 2878 δέ
846 2828 986 2899 πλὴν
1039 2831 1298 2901 πορνείας
1353 2834 1533 2888 πάντα
1581 2837 1648 2889 τὰ
1697 2837 1832 2891 ἄλλα

223 2905 593 2974 ἐλαττώματα
616 2908 844 2978 ἔχουσαν
869 2911 1117 2983 στέργειν
1146 2916 1239 2967 καὶ
1265 2914 1412 2969 ἔνδον
1443 2919 1716 2988 κατέχειν,
1748 2921 1833 2974 οῦ-

226 3005 340 3052 τως
364 2991 668 3058 ἀσφάλισαι
699 2995 925 3058 ἐαυτὸν,
984 2998 1062 3061 ὡς
1117 2999 1328 3069 μέλλων
1370 3002 1592 3056 ἅπασαν
1643 3005 1830 3076 φέρειν

218 3071 326 3140 τῆς
378 3075 639 3141 γυναικὸς
678 3077 774 3147 τὴν
809 3080 1093 3149 πονηρίαν.
1143 3083 1207 3136 Ei
1255 3084 1310 3136 δέ
1343 3084 1482 3156 βαρὺ
1528 3071 1686 3141 τοῦτο
1736 3091 1830 3143 καὶ

222 3158 514 3225 φορτικὸν,
549 3159 726 3212 πάντα
763 3163 905 3214 ποίει
937 3165 1032 3217 καὶ
1069 3169 1488 3238 πραγματεύου,
1522 3170 1662 3224 ὥστε
1695 3191 1830 3245 χρη-

220 3243 357 3310 στὴν
389 3243 486 3295 καὶ
515 3246 732 3316 ἐπιεικῆ
765 3249 859 3299 καὶ
888 3249 1167 3321 πειθήνιον
1187 3257 1422 3320 γυναῖκα
1442 3254 1646 3319 λαϐεῖν,
1673 3257 1828 3322 εἰδὼς

217 3323 306 3376 ὅτι
342 3325 493 3378 δυοῖν
528 3328 739 3399 ἀνάγκη
783 3329 1038 3403 θάτερον,
1088 3335 1120 3404 ἢ
1171 3337 1414 3406 πονηρὰν
1451 3337 1683 3392 λαϐόντα
1726 3359 1826 3410 γυ-

213 3411 384 3460 ναῖκα
417 3409 603 3481 φέρειν
653 3414 823 3484 αὐτῆς
850 3415 948 3485 τὴν
974 3416 1290 3487 ἐπάχθειαν,
1331 3420 1362 3491 ἣ
1394 3420 1561 3474 τοῦτο
1591 3425 1664 3496 μὴ
1699 3425 1826 3494 βου-

213 3490 474 3560 λόμενον,
509 3497 810 3551 ἐκϐαλόντα
846 3501 1062 3572 μοιχείᾳ
1105 3490 1446 3559 ἁλίσκεσθαι.
1494 3508 1548 3558 '0
1587 3508 1697 3578 γὰρ
1726 3511 1824 3564 ἑκ-

214 3577 468 3661 ϐεζῐ.ίων
498 3582 776 3648 γυναῖκα,
808 3586 962 3654 φησι,
989 3589 1284 3655 παρεκτὸς
1301 3591 1489 3659 λόγου
1517 3577 1820 3661 πορνείας,

214 3659 385 3712 ποιεῖ
421 3663 619 3731 αὐτὴν
641 3666 1039 3735 μοιχευθῆναι
1066 3687 1078 3699 ·
1135 3672 1234 3725 καί
1275 3676 1309 3726 ό
1355 3659 1826 3746 ἀπολελομέν-ήν

214 3747 428 3815 γαμῶν
453 3752 758 3820 μοιχᾶται.
798 3755 894 3806 ’Ἂν
921 3754 1096 3810 ταῦτα
1140 3760 1246 3829 πρὸ
1293 3760 1386 3813 τοῦ
1416 3761 1596 3833 γάμου
1644 3767 1826 3830 καλῶς

212 3823 373 3900 ὦμεν
400 3832 789 3906 διεσκεμμένοι
831 3839 924 3890 καὶ
953 3842 1079 3904 τοὺς
1106 3843 1304 3914 νόμους
1349 3846 1574 3911 τούτους
1599 3851 1820 3916 εἰδότες,

212 3916 793 4005 πολλὴν-ποιησόμεθα
813 3925 1070 3995 σπουδὴν,
1098 3927 1240 3982 ὥστε
1266 3930 1324 3996 ἐξ
1351 3932 1526 4002 ἀρχῆς
1550 3933 1824 4005 εὔρυθμόν

209 4015 342 4052 τινα
367 4003 461 4053 καὶ
481 4003 884 4071 συμϐαίνουσαν
899 4011 1013 4071 τοῖς
1043 4011 1334 4083 ἡμετέροις
1349 4015 1569 4086 τρόποις
1591 4003 1825 4086 γυναῖκα

207 4083 435 4136 λαϐεῖν’
470 4087 726 4157 τοιαύτην
758 4089 814 4142 δὲ
848 4091 1104 4156 λαϐόντες
1133 4097 1193 4148 οὐ
1224 4083 1394 4151 τοῦτο-
1414 4103 1821 4174 καρπωσόμεθα

210 4169 416 4237 μόνον.
467 4171 549 4222 ὃτι
607 4173 860 4226 οὐδέποτε
911 4177 1080 4244 αὐτὴν
1141 4169 1513 4250 ἐκϐαλοῦμεν,
1574 4169 1694 4239 an"
1737 4191 1820 4242 ὅτι

209 4251 309 4304 καὶ
360 4253 502 4343 μετά
544 4255 746 4343 πολλῆς
784 4258 952 4328 αὐτὴν
989 4262 1349 4334 ἀγαπήσομεν
1384 4269 1484 4338 τῆς
1519 4270 1819 4343 σφοδρότη-

201 4352 344 4427 104:
376 4338 472 4389 καὶ
501 4338 620 4407 μεθ’
648 4340 780 4410 ὅσης
826 4343 852 4394 ὁ
876 4343 1088 4408 Παῦλος
1116 4346 1422 4403 ἐκέλευσεν.
1461 4338 1815 4427 Εἰπὼννγὰρ,

207 4422 277 4472 Οἱ
304 4418 548 4488 ἄνδρες,
575 4424 845 4492 ἀγαπᾶτε
884 4428 990 4494 τὰς
1016 4430 1328 4498 γυναῖκας,
1365 4434 1464 4486 οὐκ
1493 4435 1621 4506 ἔστη
1655 4418 1819 4511 μέχρι

201 4504 408 4556 τούτου
440 4507 624 4574 μόνον,
656 4509 794 4563 ἀλλά
823 4513 915 4564 καὶ
949 4515 1148 4584 μέτρον
1174 4517 1309 4586 ἡμῖν
1341 4517 1541 4572 ἔδωκεν
1572 4504 1814 4594 ἀγάπης,

203 4589 421 4655 Καθὼς
448 4591 544 4643 καὶ
585 4594 618 4644 ό
654 4595 910 4662 Χριστὸς
951 4597 1231 4666 ἠγάπησε
1278 4599 1393 4668 τὴν
1424 4589 1812 4672 Ἐκκλησίαν.

202 4673 321 4724 Καὶ
353 4673 476 4737 πῶς
524 4677 815 4748 ἠγάπησεν
847 4681 875 4732 ὁ
905 4681 1176 4752 Χριστός;
1208 4685 1331 4736 εἰπέ
1366 4703 1476 4754 μοι.
1511 4687 1640 4741 ’Ότι
1670 4707 1817 4759 παρ-

199 4757 442 4810 έδωκεν
464 4757 686 4814 ἑαυτὸν
734 4764 883 4832 ὑπὲρ
929 4764 1137 4833 αὐτῆς.
1179 4768 1341 4821 Ὥστε
1395 4770 1496 4823 κάν
1524 4771 1816 4828 ἀποθανεῖν

201 4841 355 4911 ὑπὲρ
401 4845 515 4896 τῶν
560 4849 837 4914 γυναικῶν
864 4850 991 4923 δέῃ,
1048 4851 1122 4922 μὴ
1156 4857 1494 4928 παραιτήσῃ.
1550 4859 1610 4910 Εἰ
1645 4860 1752 4934 γάρ
1785 4863 1814 4913 ὁ

199 4927 491 4998 Δεσπότης
511 4932 610 5000 τὴν
639 4931 835 5003 δούλην
862 4933 1036 4998 οὕτως
1067 4936 1374 5005 ἠγάπησεν,
1402 4927 1477 5004 ὡς
1505 4943 1597 4994 καὶ
1625 4927 1812 4998 ἑαυτὸν

199 5009 496 5065 ἐπιδοῦναι
531 5015 672 5087 ὑπὲρ
699 5018 890 5088 αὐτῆς,
931 5018 1112 5090 πολλῷ
1139 5021 1340 5090 μᾶλλον
1374 5024 1432 5074 σὲ
1460 5023 1555 5094 τὴν
1585 5028 1807 5096 ὁμόδου-

196 5093 297 5146 λον
335 5094 512 5160 οῦτως
546 5100 767 5171 ἀγαπᾷν
819 5105 936 5173 χρή.
1016 5103 1152 5155 Ἀλλ’
1195 5105 1395 5174 ἴδωμεν
1443 5110 1515 5179 μή
1572 5128 1703 5164 ποτε
1750 5114 1812 5166 τὸ

197 5177 407 5241 κάλλος
436 5179 538 5249 τῆς
561 5182 781 5256 νύμφης
825 5187 1178 5240 ἐπεσπάσατο
1218 5189 1312 5242 τὸν
1357 5177 1609 5260 νυμφίον,
1649 5196 1742 5247 καὶ
1776 5199 1808 5268 ἡ

196 5263 377 5332 ἀρετὴ
421 5265 522 5333 τῆς
545 5266 744 5338 ψυχῆς.
800 5272 915 5324 Οὐκ
955 5271 1070 5324 ἐστι
1099 5272 1258 5326 τοῦτο
1295 5277 1488 5330 εἰπεῖν.
1549 5279 1670 5332 Ὅτι
1701 5281 1809 5352 γάρ

194 5345 454 5417 δυσειδὴς
482 5345 550 5418 ἦν
585 5355 680 5405 καὶ
706 5353 1036 5425 ἀκάθαρτος,
1058 5355 1290 5410 ἄκουσον
1318 5359 1428 5411 τῶν
1446 5361 1593 5431 ἑξῆς.
1624 5364 1808 5417 Εἰπὼν

195 5429 346 5517 γάρ,
384 5433 751 5517 ᾈΠαρέδωκεν
789 5437 1009 5492 ἑαυτὸν
1051 5440 1203 5507 ὑπὲρ
1240 5443 1452 5510 αὐτῆς,
1503 5429 1803 5517 ἐπήγαγεν,

197 5512 334 5566 Ἵνα
359 5515 587 5584 ἁγιάσῃ
612 5521 807 5587 αὐτὴν
823 5525 1156 5592 καθαρίσας
1174 5527 1254 5591 τῷ
1275 5527 1510 5595 λουτρῷ
1531 5512 1636 5584 τοῦ
1663 5512 1805 5586 ὕδιιὲ

192 5614 326 5663 τος.
353 5597 540 5654 Εἰπὼν
563 5603 642 5666 δὲ,
663 5608 1007 5674 Καθαρίσας
1028 5611 1245 5677 αὐτὴν,
1263 5611 1464 5676 ἔδειξεν
1491 5615 1802 5686 ἀκάθαρτον

195 5683 372 5739 οὖσαν
400 5688 710 5760 ἔμπροσθεν
740 5696 834 5748 καὶ
858 5698 1049 5768 ἐναγῆ,
1080 5700 1173 5752 καὶ
1200 5700 1297 5769 οὐχ
1322 5705 1398 5764 ὡς
1421 5702 1632 5773 ἔτυχεν,
1666 5707 1802 5760 άλλά

195 5769 304 5842 τὴν
325 5771 566 5844 ἐσχάτην
592 5777 936 5852 ἀκαθαρσίαν
961 5797 974 5811 ·
1003 5783 1198 5858 κνίσσῃ
1228 5784 1336 5855 γὰρ
1369 5789 1461 5840 καὶ
1492 5769 1680 5860 καπνῷ
1711 5794 1799 5846 καὶ

1216 337 1493 403 QUALES
1533 337 1883 397 DUCENDIE
1923 341 2078 395 SINT
2131 341 2430 398 UXORES.
2471 343 2556 398 ΙΠ.

3443 344 3551 401 2'28

1963 448 2145 520 λύθρῳ
2174 452 2270 505 καὶ
2300 452 2516 523 αἵμασι,
2539 454 2632 506 καὶ
2658 453 2874 524 μυρίαις
2901 457 3116 526 ἑτέραις
3137 455 3407 523 τοιαύταις
3435 479 3558 519 κατε

1963 534 2270 603 ερρυποῦτο
2310 537 2544 605 κηλῖσιν.
2602 537 2740 588 Ἀλλ’
2775 539 2925 607 ὅμως
2963 542 3064 592 οὐκ
3106 539 3423 608 ἐϐδελύξατο
3456 555 3558 618 την

1961 617 2272 688 ἀμορφίαν,
2326 619 2463 672 ἀλλὰ
2515 620 2775 690 μετέϐαλε
2809 621 2958 692 [⁵214]
2997 623 3093 693 τὴν
3136 623 3356 693 ἀηδίαν,
3399 617 3558 696 μετέ-

1964 701 2154 763 πλασε,
2183 701 2638 774 μετερῤύθμισεν,
2662 704 2840 773 ἀφῆκε
2867 705 2936 757 τά
2953 707 3336 777 ἡμαρτημένα.
3356 711 3558 765 Τοῦτον

1961 781 2056 834 καὶ
2101 784 2166 836 σὺ
2217 785 2478 856 μίμησαι.
2526 786 2646 840 Κάν
2679 789 2847 857 μυρία
2897 790 3118 862 ἁμάρτῃ
3167 794 3555 860 ήσυνοικοῦσα

1959 867 2039 928 εἰς
2084 867 2143 918 σὲ
2186 869 2596 940 ἁμαρτήματα,
2643 871 2822 924 πάντα
2855 874 2990 941 ἄφες
3026 876 3120 926 καὶ
3165 877 3548 950 συγχώρησον·

1958 947 2063 1000 κᾶν
2092 948 2264 1022 λάϐῃς
2309 952 2632 1024 δύστροπον,
2664 955 3105 1026 μεταρρύθμισον
3137 947 3420 1031 ἐπιεικείά
3455 965 3553 1016 καὶ

1960 1035 2261 1103 πραότητι,
2322 1036 2504 1102 καθὼς
2557 1038 2653 1093 καὶ
2705 1040 2733 1091 ὁ
2764 1039 2998 1110 Χριστὸς
3045 1041 3145 1110 τὴν
3199 1042 3546 1115 Ἐκκλησίαν.

1958 1116 2033 1166 Οὐ
2073 1117 2181 1188 γαρ
2222 1119 2319 1189 τὴν
2377 1121 2718 1192 ἀκαθαρσίαν
2770 1123 2939 1194 αὐτῆς
2993 1123 3152 1193 μόνον
3206 1125 3545 1197 ἀπέσμηξεν,

1957 1199 2092 1251 ἀλλά
2127 1203 2219 1254 καὶ
2266 1203 2328 1255 τὸ
2367 1203 2546 1274 γῆρας
2590 1204 2859 1272 ἀπέξυσε,
2899 1207 2991 1259 τὸν
3018 1207 3248 1261 παλαιὸν
3274 1211 3549 1277 ἀποδύσας

1956 1282 2276 1352 ἄνθρωπον,
2305 1285 2398 1338 τὸν
2451 1289 2515 1339 ἐκ
2560 1287 2666 1341 τῶν
2713 1291 3124 1360 ἁμαρτημάτων
3173 1293 3546 1361 συγκείμενον.

1957 1366 2066 1419 Καὶ
2105 1369 2264 1421 τοῦτο
2295 1371 2458 1435 αὐτὸς
2488 1373 2860 1443 αἰνιττόμενος
2902 1374 3066 1426 πάλιν
3109 1379 3136 1427 ό
3182 1376 3394 1440 Παῦλος
3430 1379 3547 1430 ἐλε-

1954 1452 2048 1517 γεν
2077 1470 2089 1484 ·
2124 1452 2247 1506 Ἵνα
2281 1456 2648 1525 παραστήσῃ
2687 1456 2883 1524 αὐτὴν
2911 1457 3102 1523 ἐαυτῷ
3139 1459 3396 1523 ἔνδοξον
3433 1462 3549 1528 τὴν

1955 1537 2339 1603 Ἐκκλησίαν,
2369 1540 2454 1608 μὴ
2479 1542 2751 1609 ἔχουσαν
2772 1541 2999 1594 σπῖλον
3027 1542 3061 1609 ἢ
3073 1543 3290 1610 ῥυτίδα
3312 1563 3325 1576 ο
3351 1547 3412 1597 ού
3439 1547 3548 1618 γὰρ

1953 1619 2121 1688 καλὴν
2161 1622 2630 1694 μόνονέποίησεν,
2667 1625 2803 1677 ἀλλά
2845 1626 2940 1678 καὶ
2972 1628 3134 1685 νέαν,
3183 1629 3242 1680 οὐ
3278 1631 3420 1682 κατά
3447 1631 3546 1701 τὴν

1951 1701 2046 1753 τοῦ
2076 1703 2327 1771 σώματος
2364 1706 2546 1772 φύσιν,
2571 1707 2706 1760 ἀλλά
2734 1707 2876 1760 κατὰ
2907 1707 3004 1779 τὴν
3041 1711 3138 1780 τῆς
3168 1712 3544 1782 προαιρέσεως

1951 1793 2083 1858 ἕξιν.
2119 1792 2220 1845 Καὶ
2244 1797 2303 1846 ού
2335 1794 2492 1849 τοῦτο
2530 1798 2688 1867 μόνον
2716 1799 2834 1852 ἐστὶ
2869 1799 3205 1870 θαυμαστὸν,
3252 1803 3332 1855 ὅτι
3362 1803 3544 1858 λαϐὼν

1950 1876 2198 1946 ἄμορφον
2231 1879 2324 1931 καὶ
2354 1879 2572 1952 δυσειδῆ
2604 1883 2696 1935 καὶ
2724 1883 2956 1954 αἰσχρὰν
2998 1885 3092 1937 καὶ
3131 1893 3538 1958 γεγηρακυῖαν,

1949 1957 2073 2010 οὔτε
2117 1960 2438 2028 ἐϐδελύξατο
2463 1965 2560 2035 τὴν
2588 1966 2885 2036 ἀμορφίαν,
2917 1967 3057 2020 ἀλλά
3079 1970 3173 2021 καὶ
3203 1957 3287 2034 εἰς
3315 1972 3543 2030 θάνατον

1948 2043 2140 2096 ἑαυτὸν
2176 2048 2483 2117 παρέδωκε,
2512 2050 2607 2102 καὶ
2637 2050 3074 2121 μετερρύθμισεν
3107 2053 3277 2125 αὐτὴν
3306 2059 3385 2120 εἰς
3412 2060 3544 2113 κάλ-

1947 2128 2037 2191 λος
2090 2131 2395 2201 ἀμήχανον·
2453 2134 2569 2186 ἀλλ’
2617 2134 2699 2186 ὅτι
2752 2137 2844 2187 καὶ
2896 2137 3034 2206 μετὰ
3078 2139 3239 2192 τοῦτο
3280 2144 3542 2208 πολλάκις

1948 2213 2328 2284 ῥυπουμένην,
2353 2215 2748 2287 κηλιδουμένην
2775 2219 2946 2290 ὁρῶν,
2982 2223 3083 2274 οὐκ
3119 2223 3398 2286 ἐκϐάλλει,
3431 2228 3541 2280 οὐδ’

1946 2298 2354 2369 ἀπορρήγνυσιν
2373 2299 2593 2363 ἑαυτοῦ,
2621 2301 2759 2353 ἀλλά
2787 2302 2880 2354 καὶ
2920 2303 3070 2374 μένει
3098 2304 3419 2378 θεραπεύων
3447 2312 3541 2364 καὶ

1943 2381 2345 2452 διορκούμενος.
2379 2385 2542 2437 Πόσοι
2568 2385 2698 2456 γὰρ,
2718 2387 2838 2439 εἰπέ
2861 2405 2972 2457 μοι,
3006 2390 3144 2457 μετά
3166 2391 3226 2444 τὸ
3251 2394 3538 2449 πιστεῦσαι

1943 2466 2219 2536 ἥμαρτον;
2256 2468 2373 2520 ἀλλ’
2407 2469 2556 2540 ὅμως
2599 2471 2796 2534 αὐτοὺς
2831 2473 2931 2525 οὐκ
2961 2473 3316 2539 ἐϐδελύξατο·
3344 2473 3475 2541 οἷον,
3511 2481 3540 2532 ὁ

1944 2549 2095 2620 παρά
2123 2550 2429 2621 Κορινθίοις
2447 2554 2840 2624 πεπορνευκὼς
2879 2556 3039 2626 μέλος
3073 2559 3170 2629 τῆς
3211 2560 3542 2632 Ἐκκλησίας

1939 2630 2026 2704 ἦν·
2069 2635 2185 2687 ἀλλ’
2224 2636 2324 2687 οὐκ
2345 2635 2570 2706 ἐξέκοψε
2609 2639 2671 2690 τὸ
2708 2639 2901 2708 μέλος,
2939 2640 3072 2693 ἀλλά
3100 2630 3432 2714 διώρθωσεν.
3475 2648 3538 2700 Ἡ

1943 2719 2199 2772 Γαλατῶν
2239 2720 2539 2791 Ἐκκλησία
2595 2721 2785 2775 ἅπασα
2834 2725 3230 2796 ἀπεσκίρτησε,
3271 2730 3364 2780 καὶ
3399 2730 3537 2800 πρὸς

1944 2803 2251 2874 ίουδαῖσμὸν
2317 2807 2642 2859 κατέπεσενο
2679 2806 2792 2858 ἀλλ’
2828 2809 2978 2878 ὅμως
3021 2810 3143 2862 οὐδὲ
3191 2813 3408 2883 ἐκείνην
3450 2813 3537 2880 ἐξ·

1939 2886 2154 2948 έϐαλεν,
2182 2887 2319 2940 ἀλλά
2350 2889 2440 2941 διὰ
2459 2888 2552 2942 τοῦ
2593 2890 2808 2942 Παύλου
2839 2891 3187 2962 θεραπεύσας
3216 2895 3410 2966 αὐτὴν,
3441 2897 3535 2950 ἐπὶ

1937 2968 2034 3038 τὴν
2069 2972 2344 3042 προτέραν
2377 2975 2695 3044 ἐπανήγαγε
2736 2976 3080 3043 συγγένειαν.
3114 2977 3326 3050 ’Ὠσπερ
3353 2975 3446 3032 οὗν
3476 2980 3536 3034 ἐν

1935 3055 2050 3117 τοῖς
2079 3053 2298 3125 σώμασι
2321 3057 2432 3120 τοῖς
2455 3058 2764 3128 ἡμετέροις,
2797 3059 3017 3112 ἐπειδάν
3043 3060 3272 3130 γένηται
3295 3061 3531 3134 νόσημα,

1935 3139 1995 3191 οὐ
2045 3139 2108 3192 τὸ
2162 3140 2328 3210 μέλος
2381 3140 2764 3211 ἐκκόπτομεν,
2825 3141 2965 3196 ἀλλά
3022 3143 3084 3196 τὸ
3142 3145 3356 3215 νόσημα
3422 3149 3530 3199 άπ-

1934 3219 2276 3294 ελαύνομενο
2330 3222 2471 3276 οὕτω
2519 3226 2614 3277 καὶ
2667 3225 2759 3280 ἐπὶ
2799 3227 2899 3298 τῆς
2951 3227 3211 3295 γυναικὸς
3264 3229 3527 3300 ποιῶμεν.

1947 3305 2074 3358 Ἐάν
2100 3308 2328 3378 γένηταί
2356 3326 2441 3372 τις
2470 3311 2526 3362 ὲν
2572 3310 2710 3380 αὐτῇ
2758 3311 3023 3383 πονηρία,
3071 3313 3143 3384 μὴ
3169 3313 3270 3383 τὴν
3299 3317 3533 3384 γυναῖκα

1934 3389 2195 3462 ἐκϐάλῃς,
2227 3392 2362 3445 ἀλλά
2396 3392 2496 3462 τὴν
2530 3393 2730 3446 κακίαν
2757 3396 3053 3451 ἀπέλασον.
3080 3398 3271 3450 Καίτοι
3294 3402 3531 3467 γυναῖκα

1937 3473 2036 3543 μὲν
2064 3473 2466 3544 διορθώσασθαι
2494 3476 2740 3542 δυνατὸν,
2783 3478 2942 3548 μέλος
2965 3479 3021 3532 δὲ
3057 3479 3316 3543 πολλάκις
3346 3500 3528 3555 πεπη-

1936 3557 2179 3626 ρωμένον
2211 3557 2550 3630 θεραπεῦσαι
2569 3561 2668 3614 οὑκ
2689 3561 2768 3614 ἔνι
2790 3579 2802 3590 ·
2829 3561 2944 3614 ἀλλ’
2966 3565 3117 3632 ὅμως
3137 3563 3339 3627 εἰδότες
3361 3565 3529 3618 αὐτοῦ

1931 3639 2030 3710 τὴν
2063 3642 2314 3712 πήρωσιν
2337 3639 2500 3696 οὖσαν
2521 3645 2765 3708 ἀνίατον,
2799 3645 2920 3697 ούδέ
2956 3646 3130 3709 οὕτως
3163 3647 3525 3719 ἐκκόπτομεν·

1931 3723 2068 3776 ἀλλὰ
2096 3727 2191 3778 καὶ
2219 3725 2355 3779 πόδα
2383 3727 2818 3798 διεστραμμένον
2871 3728 3088 3800 ἔχοντες
3117 3729 3300 3783 πολλοὶ
3337 3733 3529 3787 πολλά-

1932 3823 2040 3871 κις,
2073 3810 2168 3862 καὶ
2199 3809 2390 3874 σκέλος
2414 3811 2608 3882 χωλὸν,
2637 3814 2728 3865 καὶ
2751 3815 2912 3884 χεῖρα
2940 3813 3110 3883 ξηράν
3137 3815 3234 3868 καὶ
3259 3832 3530 3887 νενεκρω-

1935 3893 2122 3960 μένην,
2157 3895 2250 3946 καὶ
2272 3894 2550 3964 ὀφθαλμὸν
2583 3895 2932 3965 ἐσϐεσμένον,
2981 3897 3104 3950 οὔτε
3133 3899 3225 3952 τὸν
3251 3899 3526 3971 ὀφθαλμὸν

1930 3975 2327 4046 ἐξορύττουσιν,
2371 3977 2494 4031 οὕτε
2525 3979 2586 4030 τὸ
2618 3980 2809 4041 σκέλος
2855 3980 3236 4040 ἐκκόπτουσιν,
3277 3983 3400 4037 οὕτε
3427 3986 3525 4056 τὴν

1929 4063 2086 4131 χεῖρα
2118 4061 2539 4130 ἀποτέμνουσιν,
2574 4063 2689 4115 ἀλλ’
2726 4064 2961 4133 ὁρῶντες
2993 4064 3116 4117 οὔτε
3145 4067 3333 4139 κέρδος
3368 4069 3523 4136 ἐγγι-

1935 4145 2160 4214 νόμενον
2186 4147 2244 4210 ἐξ
2279 4146 2458 4199 αὐτῶν
2486 4165 2538 4199 τι
2560 4147 2636 4216 τῷ
2664 4147 2899 4218 σώματι,
2929 4150 3024 4202 καὶ
3058 4150 3258 4220 πολλὴν
3281 4155 3393 4215 τοῖς
3412 4151 3523 4206 λοι-

1931 4231 2054 4291 ποῖς
2094 4228 2314 4297 μέλεσιν
2338 4229 2620 4302 αἰσχύνην,
2649 4230 2903 4300 μένουσιν
2927 4231 3066 4286 αὐτὰ
3087 4232 3300 4302 ἔχοντες
3318 4235 3407 4288 διὰ
3423 4235 3523 4305 τὴν

1927 4313 2064 4380 πρὸς
2107 4312 2178 4364 τά
2220 4313 2384 4365 λοιπά
2423 4314 2791 4384 συμπάθειαν.
2828 4317 2952 4379 Πῶς
2999 4313 3094 4370 οὖν
3145 4321 3246 4371 οὐκ
3295 4321 3518 4386 ἀτοπον,

1927 4394 2056 4447 ἔνθα
2096 4395 2196 4464 μὲν
2226 4396 2446 4458 ἀνίατος
2482 4399 2515 4468 ἡ
2547 4397 2854 4470 διόρθωσις,
2887 4399 2980 4452 καὶ
3013 4401 3202 4472 κέρδος
3232 4402 3404 4468 οὐδὲν,
3429 4422 3518 4462 10-.

1927 4477 2131 4548 σαύτην
2163 4480 2435 4532 ποιεῖσθαι
2471 4481 2749 4551 πρόνοιανο
2782 4482 2912 4536 ἔνθα
2945 4483 3001 4536 δὲ
3025 4486 3260 4555 χρησταὶ
3282 4486 3517 4551 ἐλπίδες,

1925 4565 2020 4612 καὶ
2056 4562 2282 4634 πολλὴὴ
2321 4565 2615 4634 μεταϐολὴ,
2651 4566 3019 4636 ἀπαγορεύειν
3053 4567 3152 4639 τὴν
3181 4569 3514 4640 θεραπείαν;

1924 4647 2004 4698 Τά
2038 4647 2136 4713 μὲν
2162 4647 2270 4717 γὰρ
2313 4651 2377 4718 τῇ
2420 4648 2579 4717 φύσει
2627 4650 2954 4719 πηρωθέντα
2987 4651 3245 4705 ἀδύνατον
3275 4654 3518 4725 ἀνακτή-

1923 4731 2120 4784 σασθαι
2147 4732 2330 4793 πάλιν,
2351 4733 2450 4802 τὴν
2474 4733 2530 4786 δὲ
2556 4735 2877 4805 προαίρεσιν
2899 4736 3340 4808 διεστραμμένην
3357 4738 3515 4792 δυνα-

1922 4815 2014 4866 τὸν
2041 4817 2501 4887 μεταρῤυθμίσαι.

1992 4969 2060 5031 γ’.
2084 4965 2144 5016 Εἰ
2162 4963 2218 5016 δὲ
2241 4965 2335 5017 καὶ
2363 4964 2534 5034 αὐτὴν
2551 4965 2732 5034 λέγοις
2752 4967 2945 5020 ἀνίατα
2966 4970 3162 5033 νοσεῖν,
3181 4969 3274 5022 καὶ
3306 4970 3505 5044 πολλῆς

1918 5046 2237 5114 ἐπιμελείας
2267 5047 2535 5118 τυχοῦσαν
2593 5049 2670 5119 τῲ
2713 5051 2901 5121 οἰκείῳ
2948 5051 3252 5122 κεχρῆσθαι
3285 5055 3506 5124 τρόπῳ,

1917 5130 2038 5181 οὐδὲ
2064 5128 2237 5194 οὕτως
2252 5132 2421 5202 αὐτὴν
2441 5132 2752 5201 ἐκϐλητέονι
2777 5133 2900 5187 οὔτε
2920 5135 3030 5208 γάρ
3048 5137 3112 5188 τὸ
3133 5135 3291 5204 μέλος
3312 5137 3510 5195 ἀνίατα

1917 5213 2106 5265 νοσοῦν
2139 5215 2488 5269 ἐκκόπτεται.
2526 5217 2704 5280 Μέλος
2727 5217 2783 5271 δὲ
2805 5219 2900 5271 καὶ
2927 5218 3065 5288 αὕτη
3099 5219 3509 5275 σόν-Ἔσονται

1915 5299 2046 5367 γὰρ,
2084 5300 2270 5369 φησὶν,
2301 5303 2356 5354 οἱ
2384 5301 2493 5355 δύο
2518 5304 2606 5368 είς
2631 5301 2832 5371 σάρκα
2844 5304 3012 5372 μίαν.
3046 5305 3156 5358 Καὶ
3176 5305 3268 5358 ἐπὶ
3297 5307 3396 5376 μὲν
3410 5307 3506 5361 τοῦ

1918 5383 2133 5451 μέλους,
2157 5383 2308 5436 οὐδὲν
2330 5383 2484 5437 ἔσται
2515 5386 2708 5457 κέρδος
2730 5388 2860 5456 ἡμῖν
2893 5388 2992 5458 τῆς
3025 5387 3344 5460 θεραπείας,
3365 5391 3508 5444 ἐπει-

1912 5464 2007 5518 δάν
2040 5467 2144 5520 ὑπὸ
2171 5468 2266 5538 τῆς
2298 5470 2609 5539 ἀρρωστίας
2642 5470 2970 5542 ἀδιόρθωτον
3005 5472 3185 5544 φθάσῃ
3227 5473 3501 5542 γενέσθαι·

1914 5549 2063 5622 [215]
2086 5550 2181 5603 ἐπὶ
2209 5552 2264 5604 δὲ
2290 5553 2391 5622 τῆς
2424 5553 2703 5619 γυναικὸς,
2727 5553 2830 5607 κᾶν
2855 5555 3052 5608 ἀνίατα
3080 5556 3219 5629 μένῃ
3245 5555 3499 5619 νοσοῦσα,

1913 5636 2078 5699 πολὺς
2097 5637 2228 5706 ἡμῖν
2244 5638 2271 5688 ὁ
2295 5635 2482 5705 μισθὸς
2499 5637 2852 5690 ἀποκείσεται
2873 5639 3210 5703 διδάσκουσι,
3234 5639 3502 5704 παιδαγω-

1909 5718 2084 5788 γοῦσι.
2111 5719 2231 5773 Κᾶν
2257 5720 2424 5789 μηδὲν
2445 5721 2626 5790 ἐκείνη
2650 5721 2802 5792 παρά
2827 5726 2927 5793 τῆς
2948 5725 3222 5793 ἡμετέρας
3247 5721 3499 5774 διδασκαρ

1909 5806 2029 5870 λίας
2062 5806 2340 5879 κερδαίνῃ,
2375 5805 2474 5875 τῆς
2506 5806 2636 5874 γοῦν
2677 5807 2960 5880 ὑπομονῆς
3001 5809 3165 5864 πολὺν
3217 5807 3366 5880 παρὰ
3402 5806 3496 5862 τοῦ
