3990 6358
448 312 558 366 9-29

451 427 588 483 Θεοῦ
613 428 896 500 ληψόμεθα
929 427 1021 482 τὸν
1058 431 1271 500 μισθὸν,
1295 431 1386 483 δτιι
1405 429 1491 482 διὰ
1523 429 1615 482 τὸν
1639 427 1848 481 ἐκείνου
1877 426 2041 496 φόϐον

455 517 722 588 τοσαύτην
747 516 1027 588 ὑπομονὴν
1057 517 1473 587 ἐπεδειξάμεθα,
1500 518 1592 571 καὶ
1606 518 1706 587 τὴν
1727 515 1924 569 κακίαν
1950 515 2049 568 αὺ-

454 609 554 676 τῆς
589 606 779 677 πράως
805 605 1124 676 ἠνέγκαμεν
1143 643 1158 667 ,
1207 606 1303 658 καὶ
1330 605 1392 657 τὸ
1437 605 1596 675 μέλος
1623 603 1780 675 ἡμῶν
1809 603 2046 674 ἐκρατή-

459 710 655 764 σαμεν.
684 693 859 758 Μέλος
889 693 998 765 γὰρ
1029 693 1188 765 ἡμῶν
1217 695 1514 761 ἀναγκαῖον
1539 695 1572 764 ἡ
1602 693 1738 763 γυνή
1763 708 1777 723 ⁶
1817 692 1912 746 καὶ
1961 690 2051 745 διὰ

457 779 618 833 τοῦτο
647 779 814 850 αὐτὴν
843 780 1076 851 μάλιστα
1105 780 1186 833 δεῖ
1219 781 1412 850 φιλεῖν.
1447 781 1625 852 Ὅπερ
1665 776 1760 833 οὖν
1794 779 1888 833 καὶ
1919 778 2050 831 αὐτὸ

459 868 619 922 τοῦτο
647 867 915 922 διδάσκων
937 868 1101 922 πάλιν
1130 871 1159 922 6
1182 867 1394 931 Παῦλος
1422 868 1626 936 ἐλεγενο
1653 867 1853 932 Οὕτως
1893 864 2055 934 ὀφεί-

461 959 684 1010 λουσιν
704 959 759 1010 οί
785 955 1002 1026 ἄνδρες
1027 954 1270 1025 ἀγαπᾷν
1288 955 1396 1022 τὰς
1412 953 1644 1008 ἑαυτῶν
1665 952 1954 1023 γυναῖκας
1972 952 2054 1018 ὠς

464 1046 538 1099 τὰ
569 1044 802 1099 ἑαυτῶν
831 1043 1094 1113 σώματα.
1135 1043 1343 1110 Οὐδεὶς
1381 1041 1494 1112 γάρ
1524 1056 1669 1096 ποτε
1694 1041 1809 1110 τὴν
1834 1039 2054 1113 ἑαυτοῦ

465 1133 664 1204 σάρκα
686 1109 1002 1204 ἐμίσησεν,
1027 1134 1168 1189 ἀλλ’
1189 1109 1468 1203 ἐκτρέφει⁷
1482 1133 1582 1187 καί
1599 1109 1814 1187 θάλπει
1835 1109 2053 1198 αι’ἷτὴν,

467 1224 663 1291 καθὼς
702 1223 804 1278 καί
847 1227 879 1278 ό
913 1223 1169 1292 Χριστὸς
1197 1223 1310 1291 τὴν
1345 1222 1744 1288 Ἐκκλησίανο
1781 1219 1870 1274 ὅτι
1899 1219 2057 1289 μέλη

467 1312 658 1384 ἐσμὲν
683 1311 788 1366 τοῦ
813 1310 1090 1382 σώματος
1119 1311 1328 1377 αὐτοῦ,
1347 1311 1415 1364 ἐκ
1443 1309 1553 1376 τῆς
1579 1307 1806 1376 σαρκὸς
1837 1305 2059 1372 αὐτοῦ,

469 1401 568 1454 καί
593 1401 662 1454 ἐκ
691 1398 810 1454 τῶν
840 1398 1068 1452 ὀστέων
1107 1398 1315 1453 αὑτοῦ.
1346 1396 1616 1468 Καθάπερ
1660 1397 1771 1468 γὰρ
1819 1398 1853 1466 ή
1902 1394 2016 1448 Εὔα
2041 1432 2057 1459 ,

471 1489 658 1560 φησὶν,
690 1486 801 1540 ἀπὸ
833 1486 934 1557 τῆς
981 1486 1222 1556 πλευράς
1262 1485 1358 1538 τοῦ
1413 1485 1587 1556 ’Λδάμ
1635 1486 1885 1554 γέγονεν,
1917 1482 2062 1536 οὕτω

471 1578 568 1632 καὶ
606 1578 768 1648 ἡμεῖς
803 1578 868 1629 ἐκ
898 1575 1000 1646 τῆς
1039 1576 1281 1647 πλευρᾶς
1309 1575 1402 1629 τοῦ
1433 1574 1694 1648 Χριστοῦ.
1738 1575 1912 1627 Τοῦτο
1951 1573 2062 1644 γάρ

473 1671 645 1730 ἐστιν,
680 1667 781 1720 Ἐκ
801 1664 913 1734 τῆς
937 1665 1166 1732 σαρκὸς
1199 1664 1409 1728 αὑτοῦ,
1439 1666 1538 1718 καὶ
1571 1664 1640 1718 ἐκ
1671 1663 1790 1717 τῶν
1833 1662 2064 1716 ὀστέων

473 1754 683 1811 αὑτοῦ.
735 1754 874 1808 Ἀλλ’
915 1755 998 1808 ὅτι
1033 1755 1132 1825 μὲν
1173 1756 1207 1825 ἡ
1257 1754 1370 1808 Εὕα
1397 1757 1462 1807 ἐκ
1489 1755 1586 1824 τῆς
1616 1754 1860 1824 πλευρᾶς
1894 1752 2061 1806 αύτοῦ

473 1844 569 1897 τοῦ
611 1843 785 1914 Ἀδάμ
830 1842 1076 1912 γέγονεν,
1115 1841 1356 1906 ἅπαντες
1409 1842 1599 1912 ἴσμεν,
1649 1843 1745 1896 καὶ
1805 1842 2062 1912 σαφῶςή

475 1931 668 2004 Γραφὴ
701 1929 860 1984 τοῦτο
890 1929 1134 2000 εἴρηκεν,
1189 1931 1273 1983 ὃτι
1332 1929 1598 1984 ἐπέϐαλεν
1655 1929 1915 1982 ἔκστασιν
1974 1930 2064 1982 ἐπ’

475 2015 670 2078 αὐτὸν,
717 2015 810 2068 καὶ
863 2014 1022 2067 ἔλαϐε
1084 2014 1214 2084 μίαν
1271 2013 1378 2067 τῶν
1438 2013 1689 2082 πλευρῶν
1742 2012 1932 2077 αὐτοῦ,
1973 2015 2066 2066 καὶ

473 2099 795 2170 ᾠκοδόμησε
847 2098 946 2170 τὴν
994 2102 1250 2166 γυναῖκα·
1311 2100 1394 2152 ὅτι
1441 2098 1499 2152 δὲ
1539 2100 1633 2151 καὶ
1683 2100 1715 2168 ὴ
1768 2097 2066 2168 Ἐκκλησία

476 2183 586 2236 ἀπὸ
605 2183 705 2253 τῆς
728 2181 969 2254 πλευρᾶς
995 2181 1090 2234 τοῦ
1110 2181 1344 2253 Χριστοῦ
1374 2182 1628 2253 συνέστη,
1651 2181 1812 2235 πόθεν
1843 2181 1956 2252 ἔχοι
1983 2199 2066 2245 τις

479 2266 546 2320 ἂν
569 2265 884 2332 ἀποδεῖξαις
921 2266 1031 2319 Καὶ
1065 2266 1224 2320 τοῦτο
1253 2267 1285 2338 ἡ
1309 2268 1502 2338 Γραφὴ
1531 2268 1824 2320 δείκνυσιν.
1845 2266 2065 2338 Ἐπειδὴ

478 2349 589 2420 γάρ
614 2350 644 2401 6
670 2348 905 2420 Χριστὸς
933 2351 1014 2412 εἰς
1047 2349 1139 2401 τὸν
1183 2350 1412 2422 σταυρὸν
1439 2351 1731 2421 ἀνηνέχθη,
1753 2351 1848 2404 καὶ
1902 2367 2070 2420 προσ-

476 2431 786 2503 ηλώθη,καὶ
805 2431 1432 2500 άπέθανε,Προσελθὼν
1451 2427 1539 2499 εἷς
1557 2433 1676 2486 τῶν
1693 2433 2070 2502 στρατιωτῶν

477 2516 700 2580 ἔνυξεν
726 2515 916 2569 αὑτοῦ
939 2515 1053 2582 τὴν
1075 2517 1365 2581 πλευρὰν,
1399 2517 1497 2568 καὶ
1525 2515 1786 2583 ἐξῆλθεν
1805 2512 1948 2587 αᾷια
1971 2517 2068 2570 καί

481 2597 657 2667 ὕδωρο
685 2600 780 2652 καὶ
809 2599 868 2665 ἐξ
903 2598 1112 2652 ἐκείνου
1153 2597 1250 2650 τοῦ
1281 2599 1522 2670 ,αἵματος
1550 2602 1644 2653 καὶ
1672 2600 1768 2653 τοῦ
1818 2600 2009 2664 ὓδατος
2036 2602 2069 2671 ἠ

496 2681 790 2752 Ἐκκλησία
829 2682 1016 2736 ἅπασα
1062 2682 1379 2752 συνέστηκε.
1435 2684 1546 2736 Καὶ
1597 2687 1866 2756 μαρτυρεῖ
1910 2683 2072 2748 αὐτὸς

482 2763 680 2832 λέγων,
697 2767 779 2818 ὅτι
803 2765 946 2820 Ἐὰν
972 2764 1056 2834 μή
1081 2782 1172 2831 τις
1199 2765 1583 2836 ἀναγεννηθῇ
1619 2767 1688 2832 ἐξ
1718 2766 1939 2834 ὕδατος
1971 2767 2072 2820 καί

481 2851 842 2918 πνεύματος,
879 2851 952 2903 οὐ
993 2849 1244 2903 δύναται
1271 2850 1572 2905 εἰσελθεῖν
1615 2854 1704 2916 είς
1739 2849 1857 2918 τὴν
1885 2851 2074 2915 βασις

480 2932 658 2986 λείαν
686 2930 803 2986 τῶν
821 2933 1111 3002 οὐρανῶν.
1143 2933 1216 2986 Τὸ
1243 2933 1301 2986 δὲ
1335 2927 1495 3004 αἷμα,
1520 2934 1742 3004 πνεῦμα
1767 2933 1936 3002 λέγει.
1965 2933 2075 2986 Καὶ

484 3015 805 3086 γεννιῦμεθα
835 3016 936 3086 μὲν
961 3017 1049 3070 διά
1073 3017 1166 3069 τοῦ
1199 3016 1391 3081 ὓδατος
1419 3017 1513 3070 τοῦ
1536 3017 1933 3088 βαπτίσματος,
1955 3034 2076 3089 τρε-

489 3099 704 3170 φόμεθα
722 3100 780 3153 δὲ
803 3099 893 3154 διὰ
922 3101 1016 3153 τοῦ
1044 3101 1296 3172 αἵματος.
1329 3101 1493 3173 Ὁρᾷς
1515 3101 1631 3166 πῶς
1661 3105 1726 3156 ἐκ
1749 3103 1849 3174 τῆς
1872 3103 2074 3173 σαρκὸς

489 3183 656 3237 αὑτοῦ
693 3185 881 3254 ἐσμεν,
910 3186 1005 3238 καὶ
1022 3186 1086 3238 ἐκ
1107 3185 1213 3238 τῶν
1230 3185 1432 3238 ὀστέων
1461 3185 1649 3246 αὐτοῦ,
1673 3187 1780 3240 ἀπὸ
1796 3187 1890 3239 τοῦ
1911 3187 2076 3256 αἵμα-

488 3285 580 3330 τος
607 3267 818 3320 ἐκείνου
837 3268 1041 3321 καὶτοῦ
1061 3268 1252 3332 ὓδατος
1275 3271 1583 3339 τικτόμενοι
1602 3272 1697 3324 καὶ
1715 3273 2040 3342 τρεφόμενοι
2057 3287 2076 3337 ;

490 3351 604 3405 Καὶ
627 3351 898 3423 καθάπερ,
929 3351 1024 3404 τοῦ
1066 3353 1237 3422 ’Δδάμ
1272 3352 1647 3416 καθεύδοντος,
1692 3356 1724 3426 ἡ
1775 3355 1913 3427 γυνὴ
1945 3372 2079 3408 κατ-

492 3435 841 3498 εσκευάζετο,
878 3435 1039 3500 οὕτω,
1081 3435 1175 3488 τοῦ
1205 3437 1444 3508 Χριστοῦ
1475 3438 1854 3502 ἀποθανόντος.
1885 3440 1918 3509 ἠ
1956 3438 2079 3490 Ἑκ-

492 3519 694 3590 κλησία
725 3519 1076 3572 διεπλάττετο
1097 3521 1160 3572 ἐκ
1196 3520 1299 3590 τῆς
1332 3521 1575 3592 πλευρᾶς
1627 3521 1819 3576 αὐτοῦ.
1863 3522 1938 3574 Οὐ
1989 3521 2080 3575 διὰ

491 3602 652 3656 τοῦτο
682 3602 740 3655 δὲ
779 3603 941 3672 μόνον
977 3604 1084 3673 χρὴ
1121 3603 1293 3672 φιλεῖν
1336 3605 1434 3675 τὴν
1475 3608 1746 3672 γυναῖκα,
1791 3605 1871 3658 ὅτι
1916 3604 2079 3676 μέλος

494 3685 654 3755 ἡμῶν
694 3686 832 3747 ἐστι,
868 3686 963 3737 καί⁵
1005 3685 1062 3750 ἐξ
1095 3685 1251 3756 ἡμῶν
1294 3687 1419 3756 ισχε
1450 3687 1549 3757 τὴν
1585 3688 1684 3758 τῆς
1719 3687 2078 3758 δημιουργίας

494 3769 691 3840 ἀρχήν·
725 3767 840 3821 ἀλλ’
867 3768 949 3821 ὃτι
972 3769 1065 3821 καὶ
1091 3769 1253 3839 νόμον
1277 3769 1415 3841 ὑπὲρ
1441 3769 1607 3822 αὐτοῦ
1628 3770 1817 3822 τούτου
1838 3771 2082 3824 τέθεικεν

493 3853 526 3905 6
562 3851 714 3917 Θεὸς,
744 3850 886 3904 οῦτω
927 3850 1120 3919 λέγων·
1166 3851 1316 3906 Ἀντί
1356 3853 1572 3906 τούτου
1603 3854 1950 3922 καταλείψει
1977 3853 2082 3907 ἇν-

497 3938 728 4002 θρωπος
769 3935 878 3989 τὸν
924 3933 1152 4004 πατέρα
1193 3935 1379 3990 αὑτοῦ
1410 3935 1508 3989 καί
1547 3937 1663 4004 τὴν
1694 3936 1952 4006 μητέρα,
1982 3937 2084 3990 καί

496 4017 1106 4090 προσκολληθήσεται
1136 4017 1286 4086 πρὸς
1319 4017 1438 4086 τὴν
1462 4018 1719 4088 γυναῖκα
1750 4020 1959 4083 αὑτοῦ,
1983 4019 2082 4073 καί

496 4104 744 4156 ἔσονται
769 4105 824 4156 οἰ
858 4102 968 4156 δύο
991 4105 1077 4170 εἰς
1102 4101 1302 4171 σάρκα
1333 4107 1503 4172 μίαν.
1535 4103 1636 4156 Διά
1664 4103 1774 4173 γάρ
1801 4103 1962 4158 τοῦτο
1989 4104 2086 4158 καὶ

495 4185 687 4240 τοῦτον
716 4188 848 4257 ἡμῖν
894 4186 922 4238 6
963 4186 1173 4250 Παῦλος
1201 4186 1415 4255 ἀνέγνω
1440 4187 1532 4240 τὸν
1567 4186 1769 4258 νόμον,
1816 4187 1902 4243 ῖνα
1950 4205 2087 4242 παν-

497 4269 728 4341 ταχόθεν
781 4271 930 4342 ἡμᾶς
984 4270 1120 4342 πρὸς
1181 4270 1274 4323 τὸν
1322 4270 1503 4341 ἔρωτα
1551 4271 1821 4343 συνελάσῃ
1873 4271 2083 4326 τοῦτον.

501 4354 612 4407 Καὶ
646 4353 838 4406 σκόπει
875 4353 1068 4422 σοφίαν
1105 4352 1500 4424 ἀποστολικήνο
1531 4353 1654 4408 οὔτε
1686 4353 1794 4424 γάρ
1831 4355 1940 4409 ἀπὸ
1977 4355 2086 4410 τῶν

500 4435 664 4491 θείων
720 4437 920 4506 νόμων,
947 4435 1070 4489 οὔτε
1098 4436 1206 4489 ἀπὸ
1243 4437 1353 4489 τῶν
1390 4436 1749 4508 ἀνθρωπίνων
1781 4439 1972 4510 μόνον,
2006 4442 2088 4504 εἰς

500 4520 600 4592 τὴν
629 4520 851 4591 ἀγάπην
880 4520 1027 4590 ἡμᾶς
1053 4519 1233 4587 ἐνάγει
1259 4519 1368 4572 τῶν
1393 4520 1690 4588 γυναικῶν,
1713 4521 1848 4575 ἀλλά
1869 4523 1963 4576 καὶ
1979 4523 2087 4577 ἀπὸ

500 4605 705 4660 τούτων
732 4604 826 4657 καὶ
851 4604 944 4656 ἀπ’
985 4603 1210 4656 ἐκείνοιν
1255 4603 1552 4669 ἐναλλάξας
1589 4605 1876 4678 ἀμφότερα
1914 4607 2089 4660 ταῦτα

499 4688 746 4760 τίθησιν’
789 4687 875 4740 ἵνα
914 4687 943 4740 6
993 4686 1094 4757 μὲν
1140 4686 1469 4759 ὑψηλότερος
1511 4690 1604 4742 καὶ
1655 4688 2088 4762 φιλοσοφώτερος

501 4773 611 4826 ἀπὸ
631 4771 739 4824 τῶν
775 4770 1004 4836 ἄνωθεν,
1037 4771 1066 4822 6
1098 4769 1155 4822 δὲ
1191 4771 1420 4842 ἀσθενὴς
1446 4773 1554 4825 ἀπὸ
1586 4772 1694 4826 τῶν
1729 4773 1970 4826 κάτωθεν
1993 4773 2090 4827 καὶ

501 4857 612 4910 τῶν
638 4856 740 4926 τῆς
771 4853 988 4924 φύσεως
1018 4855 1098 4917 εἰς
1123 4853 1341 4924 φίλτρον
1366 4856 1646 4926 ἐνάγηται.
1680 4857 1779 4910 Διά
1809 4856 1967 4910 τοῦτο
1993 4858 2091 4928 ἀρ-

503 4939 731 5010 χόμενος
778 4937 878 5008 μὲν
911 4937 1020 4991 ἀπὸ
1054 4937 1165 4991 τῶν
1197 4937 1293 4990 τοῦ
1327 4938 1566 5008 Χριστοῦ
1616 4940 2090 5011 κατορθωμάτων,

503 5025 604 5093 τὴν
635 5021 960 5092 παραίνεσιν
993 5022 1206 5090 εἰσάγει
1239 5022 1382 5076 οὕτω
1423 5023 1620 5093 λέγων⁸
1665 5023 1956 5094 Ἀγαπὰτε
1985 5026 2091 5092 τὰς

507 5107 816 5176 γυναῖκας,
863 5105 1060 5174 καθὼς
1103 5108 1204 5160 καὶ
1244 5109 1277 5161 ό
1325 5108 1582 5174 Χριστὸς
1633 5109 1916 5178 ἠγάπησε
1977 5109 2095 5177 τὴν

521 5191 906 5257 Ἐκκλησίαν
938 5188 1056 5245 εἶτα
1095 5191 1259 5246 πάλιν
1284 5192 1393 5245 ἀπὸ
1422 5192 1530 5244 τῶν
1559 5193 1942 5264 ἀνθρωπίνων
1985 5196 2096 5248 Οὔ-

508 5291 622 5340 τως
673 5274 1032 5341 ὀφείλουσιν
1075 5281 1128 5330 οι
1173 5275 1389 5345 ἄνδρες
1430 5275 1673 5346 ἀγαπᾷν
1711 5279 1818 5344 τὰς
1862 5278 2096 5334 ἑαυτῶν

508 5357 816 5427 γυναῖκας,
844 5358 928 5424 ὡς
947 5358 1021 5412 τὰ
1047 5359 1198 5432 [216]
1226 5359 1457 5415 ἑαυτῶν
1478 5360 1747 5431 σώματα’
1785 5358 1904 5416 εἶτα
1931 5363 2095 5416 πάλιν

507 5440 618 5495 ἀπὸ
654 5439 749 5494 τοῦ
801 5441 1059 5514 Χριστοῦ·
1108 5445 1192 5497 ὅτι
1228 5444 1366 5514 μέλη
1407 5445 1576 5517 ἐσμὲν
1619 5447 1684 5500 ἐκ
1716 5445 1810 5499 τοῦ
1843 5446 2095 5517 σώματος

509 5522 700 5588 αὐτοῦ,
728 5525 823 5579 καὶ
855 5527 920 5578 ἐκ
947 5527 1048 5596 τῆς
1077 5527 1280 5595 σαρκὸς
1308 5528 1494 5591 αὐτοῦ,
1523 5529 1618 5583 καὶ
1654 5532 1718 5583 ἐκ
1753 5529 1861 5583 τῶν
1889 5531 2096 5585 ὀστέων

511 5608 696 5661 αὐτοῦ·
729 5605 849 5662 εἶτα
880 5609 1042 5664 πάλιν
1065 5611 1173 5664 ἀπὸ
1202 5611 1311 5666 τῶν
1343 5613 1701 5684 ἀνθρωπίνων
1727 5629 1742 5642 ⁵
1784 5615 1935 5670 Ἀντί
1965 5617 2098 5670 τού-

513 5707 620 5745 του
651 5695 1006 5764 καταλείψει
1033 5694 1345 5774 ἅνθρωπος
1371 5697 1477 5750 τὸν
1509 5699 1736 5767 πατέρα
1771 5699 1961 5754 αὑτοῦ
1998 5700 2096 5754 καὶ

515 5775 630 5845 τὴν
669 5777 916 5848 μητέρα,
971 5779 1069 5834 καὶ
1123 5781 1727 5851 προσκολληθήσεται
1783 5783 1936 5852 πρὸς
1984 5783 2099 5854 τὴν

1159 336 1220 393 S.
1261 329 1552 392 J().\NN|S
1589 323 2079 386 CIIRYSOSTOMI
2105 319 2430 377 ARCHIEP.
2459 307 3014 375 CONSTANTINOP.

3626 293 3739 350 239

2149 423 2404 496 γυναῖκα
2451 421 2638 477 αὐτοῦ
2661 439 2675 452 ·
2695 427 2720 450 ’⁵
2739 420 2960 475 καὶτὸν
3011 417 3177 488 νόμον
3231 417 3496 485 ἀναγνοὺς
3543 415 3744 473 τοῦτόν

2147 525 2318 580 φησι·
2362 508 2433 562 Τὸ
2461 505 2800 577 μυστήριον
2832 505 3010 560 τοῦτο
3039 502 3196 573 μέγα
3231 502 3386 555 ἐστί.
3429 501 3554 566 Πῶς
3589 503 3743 573 μέγα

2147 592 2333 656 ὲστίνς
2372 592 2492 644 εἰπέ
2525 608 2635 661 μοι.
2668 591 2790 644 Ὅτι
2835 589 2927 642 τὸν
2969 586 3186 641 ἅπαντα
3229 583 3645 657 θαλαμευομὲνη
3701 586 3742 657 ἡ

2147 676 2287 746 κόρη
2326 675 2537 745 χρόνον.
2571 673 2842 745 μηδέποτε
2876 671 2968 725 τὸν
3007 669 3241 740 νυμφίον
3281 669 3599 740 ἑωρακυῖα,
3629 669 3746 722 ἀπὸ

2145 760 2247 830 τῆς
2269 758 2492 831 πρώτης
2517 759 2733 830 ἡμέρας
2755 756 2898 811 οὕτω
2927 757 3085 811 ποθεῖ
3105 756 3201 809 καὶ
3231 755 3448 827 στέργει
3477 756 3551 817 ώς
3582 755 3748 825 σῶμα

2150 845 2369 898 οἰκεῖον·
2401 842 2564 895 πάλιν
2585 844 2614 895 6
2642 843 2805 914 ἀνὴρ,
2837 842 2904 912 ἢν
2929 841 3188 894 οὐδέποτε
3216 833 3462 911 εἷδεν,ἦς
3483 838 3751 891 οὐδέποτε

2149 928 2249 998 τῆς
2271 926 2331 979 ἐν
2360 926 2503 995 λόγῳ
2529 925 2857 994 ἐκοινώνησε
2889 924 3176 988 συνουσίας
3197 963 3212 986 ,
3257 921 3465 993 ταύτην
3488 922 3764 988 κάκεῖνος,

2151 1009 2262 1064 ἀπὸ
2279 1009 2380 1080 τῆς
2401 1007 2628 1080 πρώτης
2652 1008 2866 1079 ἡμέρας
2891 1007 3149 1061 ἁπάντων
3179 1005 3490 1077 προτίθησι.
3521 1003 3754 1058 καὶτῶν

2152 1095 2344 1164 φίλων,
2363 1091 2580 1146 καὶτῶν
2599 1091 2840 1154 οἰκείων,
2855 1090 3081 1146 καὶτῶν
3103 1099 3339 1159 τεννησα
3346 1089 3523 1158 μένων
3539 1086 3752 1140 αὐτῶν.

2154 1178 2220 1230 Οἰ
2249 1179 2427 1246 γονεῖς
2446 1173 2635 1240 πάλιν,
2668 1174 2736 1228 ἂν
2769 1175 2868 1245 μὲν
2896 1173 2956 1240 ἐξ
2976 1173 3168 1244 ἐτέρας
3187 1171 3497 1233 ὑποθέσεως
3519 1170 3761 1240 ἀφαιρε-

2156 1261 2291 1315 θῶσι
2321 1261 2601 1332 χρήματα,
2637 1258 2946 1319 δάκνονται,
2979 1257 3257 1328 ἀλγοῦσιν,
3295 1258 3376 1320 εἰς
3401 1256 3760 1325 δικαστήριον

2154 1347 2283 1408 τοὺς
2331 1343 2701 1413 ἀφελομένους
2752 1341 3004 1395 ἕλκουσιν
3029 1359 3042 1371 ο
3089 1339 3363 1412 ἀνθρώπῳ
3396 1339 3452 1392 δὲ
3492 1338 3764 1399 πολλάκις

2160 1429 2435 1502 μηδέποτε
2467 1427 2710 1497 ὀφθέντι,
2743 1427 2879 1498 μηδὲ
2909 1426 3299 1498 γνωρισθέντι,
3336 1425 3429 1478 καὶ
3455 1423 3555 1492 τὴν
3582 1422 3765 1488 θυγα-

2155 1515 2292 1586 τέρα
2321 1513 2419 1586 τὴν
2452 1513 2662 1566 ἑαυτῶν
2696 1513 2792 1565 καὶ
2837 1514 3042 1583 προῖκα
3076 1507 3375 1582 χρὴμάτων
3411 1506 3622 1560 πολλῶν
3659 1507 3763 1573 ἐγ-

2158 1597 2481 1668 χειρίζουσι.
2525 1596 2636 1649 Καὶ
2669 1594 2922 1665 χαίρουσι
2959 1593 3120 1647 τοῦτο
3159 1591 3473 1655 ποιοῦντες,
3527 1591 3618 1642 καὶ
3656 1588 3769 1657 οὐχ

2159 1681 2417 1753 ἡγοῦνται
2445 1680 2652 1750 ζημίαν
2669 1675 2810 1733 εἶναι
2832 1680 2894 1734 τὸ
2921 1681 3228 1750 γινόμενον·
3258 1677 3374 1731 ἀλλ’
3397 1674 3632 1746 ὁρῶντες
3655 1673 3769 1741 τὴν

2160 1764 2440 1836 θυγατέρα
2467 1763 2848 1836 ἀπαγομένην,
2885 1763 2946 1816 οὐ
2977 1761 3263 1834 συνηθείας
3305 1760 3631 1830 μέμνηνται,
3655 1758 3772 1809 οὐκ

2160 1849 2440 1918 ἀλγοῦσιν,
2478 1849 2538 1902 οὺ
2570 1849 2878 1913 δάκνονται,
2916 1847 3053 1900 ἀλλὰ
3081 1847 3176 1900 καὶ
3207 1843 3626 1916 εὐχαριστοῦσι,
3665 1841 3772 1894 καὶ

2161 1935 2326 2005 εὐχῆς
2377 1934 2538 2006 ἔργον
2579 1927 2721 1987 εἶναι
2773 1932 3058 2003 νομίζουσι
3105 1931 3166 1984 τὸ
3203 1931 3300 1984 καὶ
3344 1928 3443 1999 τὴν
3484 1926 3775 1996 θυγατέρα

2166 2020 2290 2072 ἰδεῖν
2321 2019 2419 2090 τῆς
2443 2019 2620 2081 οἰκίας
2646 2016 3016 2088 ἐξαγομένην,
3060 2015 3154 2068 καὶ
3195 2014 3364 2068 πολλὰ
3395 2013 3513 2083 μετ’
3546 2010 3775 2079 ἐκείνης

2167 2104 2445 2174 χρήματα.
2475 2101 2661 2156 Ταῦτα
2689 2097 2782 2155 οὖν
2817 2100 3034 2154 ἅπαντα
3062 2099 3322 2168 ἐννοήσας
3349 2098 3376 2149 6
3418 2094 3652 2157 Παῦλος,
3684 2095 3774 2145 ὅτι

2162 2188 2291 2250 τοὺς
2325 2189 2504 2255 γονεῖς
2525 2185 2756 2255 ἀφέντες
2787 2185 3090 2255 ἀμφότεροι
3117 2181 3368 2250 ἀλλήλοις
3400 2177 3774 2248 συηδδεσμοῦν-

2163 2289 2273 2329 ται.
2316 2271 2412 2324 καὶ
2445 2269 2638 2342 χρόνου
2663 2267 2928 2322 τοσούτου
2971 2265 3263 2337 συνηθείας
3289 2267 3322 2336 ἡ
3344 2264 3464 2316 τότε
3503 2260 3776 2332 συντυχία

2164 2355 2615 2427 τυραννικωτέρα
2651 2354 2902 2422 γίνεται,
2945 2351 3042 2404 καὶ
3087 2348 3348 2412 συνιδὼν,
3382 2348 3463 2400 ὅτι
3502 2349 3605 2399 οὐκ
3653 2345 3774 2397 ἔστι

2165 2440 2325 2493 τοῦτο
2359 2437 2722 2509 ἀνθρώπινον,
2756 2436 2872 2490 ἀλλ’
2906 2437 2934 2488 6
2963 2433 3096 2496 Θεὸς
3124 2433 3252 2495 τοὺς
3295 2431 3504 2502 ἔρωτας
3538 2428 3774 2491 τούτους

2167 2522 2568 2593 ἐγκατέσπειρε
2589 2563 2603 2585 ,
2642 2520 2738 2573 καὶ
2777 2520 2904 2582 τοὺς
2938 2517 3246 2578 ἐκδιδόντας
3273 2516 3368 2569 καὶ
3399 2515 3526 2577 τοὺς
3559 2513 3776 2566 ἐκδιδο-

2171 2607 2368 2678 μένους
2397 2605 2536 2677 μετὰ
2551 2605 2728 2676 χαράς
2749 2602 2909 2656 τοῦτο
2937 2603 3108 2654 ποιεῖν
3132 2595 3536 2668 παρεσκεύασε,
3572 2596 3741 2666 φησίν
3757 2611 3774 2625 ο

2175 2689 2246 2744 Τὸ
2268 2687 2612 2758 μυστήριον
2652 2686 2831 2740 τοῦτο
2864 2683 3020 2754 μέγα
3052 2683 3206 2735 ἐστι.
3247 2681 3356 2733 Καὶ
3398 2679 3658 2748 καθάπερ
3683 2678 3778 2729 ἐπὶ

2167 2773 2277 2826 τῶν
2309 2772 2537 2835 παίδων,
2564 2771 2626 2824 τὸ
2650 2768 2859 2824 παιδίον
2884 2767 3077 2838 τεχθὲν
3103 2765 3212 2818 ἀπὸ
3241 2764 3340 2832 τῆς
3365 2763 3541 2829 ὅψεως
3569 2760 3778 2824 εὐθέως

2171 2856 2462 2909 ἐπίσταται
2496 2855 2625 2916 τοὺς
2657 2854 2836 2922 γονεῖς
2868 2852 2930 2904 οὐ
2965 2847 3367 2920 φθεγγόμενον’
3397 2844 3541 2898 οὕτω
3576 2844 3644 2914 δὴ
3681 2845 3779 2897 καὶ

2170 2939 2405 3011 νυμφίος
2435 2938 2530 2992 καλ⁵
2556 2937 2768 3007 νύμφη,
2794 2933 3008 2996 οὐδενὸς
3032 2929 3609 3000 συνάγοντος,ούδενὸς
3635 2944 3779 3011 παρ-

2171 3010 2456 3085 αινοῦντος
2483 3020 2580 3074 καὶ
2605 3017 3090 3090 συμϐουλεύοντος,
3121 3015 3228 3068 ἀπὸ
3260 3013 3362 3083 τῆς
3393 3013 3571 3080 ὅψεως
3606 3010 3775 3079 ἀλλή-

2171 3104 2284 3168 λοις
2314 3103 2738 3175 συμπλέκονται.
2773 3096 2906 3154 Εἶτα
2949 3099 3073 3154 ἰδὼν
3103 3099 3184 3152 ὅτι
3228 3098 3324 3150 καὶ
3373 3096 3469 3148 ἐπὶ
3507 3093 3606 3146 τοῦ
3645 3095 3778 3164 Χρι-

2174 3187 2301 3241 στοῦ
2331 3188 2492 3240 τοῦτο
2523 3187 2762 3256 ἐγένετο,
2781 3185 2874 3238 καὶ
2893 3185 2986 3237 ἐπὶ
3009 3183 3112 3252 τῆς
3143 3179 3474 3250 Ἐκκλησίας
3511 3177 3776 3248 μάλιστα,

2173 3271 2448 3342 ἐξεπλάγη
2477 3271 2572 3324 καὶ
2621 3269 2924 3340 ἐθαύμασε.
2974 3267 3098 3329 Πῶς
3137 3260 3231 3318 οὖν
3267 3264 3361 3316 ἐπὶ
3398 3261 3496 3314 τοῦ
3532 3258 3775 3330 Χριστοῦ

2175 3358 2271 3411 καὶ
2300 3358 2400 3426 τῆς
2439 3355 2768 3427 Ἐκκλησίας
2810 3353 2968 3407 τοῦτο
2997 3351 3247 3419 ἐγένετο;
3281 3346 3550 3416 Καθάπερ
3583 3347 3614 3398 6
3638 3363 3775 3412 νυμ-

2175 3441 2297 3511 φίος
2325 3440 2416 3494 τὸν
2443 3440 2658 3512 πατέρα
2713 3439 2871 3507 ἀφεὶς
2925 3435 3063 3508 πρὸς
3116 3432 3216 3504 τὴν
3261 3430 3482 3502 νύμφην
3532 3429 3776 3500 ἔρχεται,

2175 3524 2318 3578 οὕτω
2347 3523 2442 3577 καὶ⁸
2479 3525 2508 3577 6
2538 3522 2775 3594 Χριστὸς
2803 3520 2896 3572 τὸν
2927 3516 3193 3588 πατρικὸν
3226 3515 3417 3588 θρόνον
3445 3515 3611 3582 ἀφεὶς
3645 3511 3778 3580 πρὸς

2175 3608 2275 3679 τὴν
2327 3607 2548 3679 νύμφην
2574 3593 2768 3677 ἦλθενο
2805 3605 2904 3674 οὐχ
2944 3604 3095 3675 ἡμᾶς
3156 3601 3267 3655 άνω
3321 3598 3617 3661 ἐκάλεσεν,
3665 3593 3777 3648 ἀλλ’

2177 3692 2340 3755 αὐτὸς
2369 3693 2508 3763 πρὸς
2537 3692 2686 3762 ἡμᾶς
2718 3687 3076 3760 παρεγένετο.
3105 3686 3277 3739 Ὅταν
3316 3683 3375 3736 δὲ
3411 3680 3662 3749 ἀκούσῃς
3693 3680 3775 3730 ὅτι

2177 3777 2380 3847 ἀφῆκε.
2414 3776 2488 3846 μὴ
2523 3775 2856 3845 μετάστασιν
2890 3772 3112 3844 νοήσῃς,
3145 3767 3285 3822 ἀλλά
3324 3764 3773 3847 συγκατάὸασινξ

2179 3843 2533 3929 καὶγὰρ-καῖ
2557 3855 2675 3927 μεθ’
2715 3854 2875 3926 ἡμῶν
2900 3853 2997 3920 ὢν,
3031 3843 3170 3924 μετά
3194 3848 3290 3904 τοῦ
3319 3847 3533 3918 [ἰατρὸς
3560 3843 3653 3918 ἦν.
3682 3845 3776 3898 Διὰ

2177 3942 2338 3998 τοῦτό
2371 3958 2503 4011 φησι
2521 3956 2534 3970 ’
2567 3940 2638 3995 Τὸ
2661 3936 3004 4009 μυστήριον
3031 3935 3211 3990 τοῦτο
3234 3933 3389 4005 μέγα
3415 3933 3574 3986 ἐστί.
3621 3931 3778 3998 Μέγα

2184 4027 2283 4099 μέν
2313 4027 2430 4079 ἐστι
2470 4023 2567 4078 καὶ
2604 4023 2702 4078 ἐπὶ
2733 4021 3045 4093 ἀνθρώπων
3077 4021 3365 4090 γινόμενον
3388 4035 3402 4050 ο
3433 4017 3567 4070 ὅταν
3596 4015 3656 4068 δὲ
3686 4017 3775 4068 ἴδω

2181 4113 2263 4175 εἰς
2294 4110 2388 4163 τὸν
2412 4108 2650 4180 Χριστὸν
2674 4109 2769 4161 καὶ
2794 4109 2872 4170 εἰς
2908 4105 3006 4178 τὴν
3042 4102 3371 4174 Ἐκκλησίαν
3391 4101 3524 4156 αὐτὸ
3546 4119 3614 4154 συ
3624 4101 3779 4172 p.61?-

2183 4211 2293 4257 νον,
2338 4193 2462 4246 τότε
2509 4190 2906 4262 ἐκπλήττομαι,
2961 4191 3082 4241 τότε
3135 4184 3419 4257 θαυμάζω.
3465 4183 3566 4237 Διά
3626 4183 3779 4238 τοῦτο

2185 4275 2380 4338 εἰπὼν,
2415 4274 2485 4328 T6
2510 4271 2853 4344 μυστήριον
2879 4269 3056 4326 τοῦτο
3078 4269 3233 4340 μέγα
3256 4267 3449 4333 ἑστίν,
3474 4269 3777 4336 ἐπήγαγενο

2196 4361 2346 4430 Ἐγὼ
2367 4358 2437 4411 δὲ
2456 4358 2635 4426 λέγω,
2661 4359 2750 4423 εὶς
2779 4355 2888 4408 τὸν
2924 4353 3204 4424 Χριστὸν,
3244 4350 3343 4406 καί
3376 4353 3465 4417 εἰς
3491 4349 3615 4418 τὴν
3658 4352 3780 4404 ’Έκ-

2185 4443 2472 4513 κλησίαν.
2524 4440 2694 4504 Εἰδὼς
2747 4439 2928 4492 τοίνυν
2981 4437 3170 4509 ἡλίκον
3220 4435 3518 4508 μυστήριόν
3575 4435 3720 4487 ἐστιν
3751 4434 3780 4485 6

2185 4529 2386 4600 γάμος,
2405 4526 2498 4580 καὶ
2521 4524 2712 4594 ἡλίκου
2741 4522 3070 4592 πράγματος
3095 4519 3285 4582 τύπος,
3311 4517 3385 4588 μὴ
3405 4517 3624 4580 ἁπλῶς,
3657 4515 3779 4600 μηδὲ

2184 4599 2444 4680 ὼςέτυχε
2482 4607 2613 4680 περ).
2641 4605 2831 4660 τούτου
2863 4603 3144 4674 βουλεύου,
3195 4602 3329 4674 μηδὲ
3364 4602 3671 4675 χρημάτων
3694 4599 3779 4651 εῦ-

2187 4694 2384 4764 πορίαν
2411 4692 2562 4762 ζήτει
2593 4689 2801 4760 μέλλων
2828 4686 3060 4756 ἄγεσθαι
3094 4685 3334 4758 νύμφην.
3363 4684 3442 4738 Οὐ
3479 4684 3593 4756 γὰρ
3620 4700 3782 4752 καπη·

2187 4778 2358 4842 λείαν,
2391 4774 2528 4829 ἀλλά
2567 4774 2683 4846 βίου
2727 4773 3012 4827 κοινωνίαν
3048 4767 3192 4826 εἶναι
3240 4771 3332 4822 τὸν
3367 4769 3549 4841 γάμον
3588 4771 3668 4821 δεῖ
3700 4783 3781 4820 νο-

2240 4862 2395 4926 ίξειν.

2193 4879 2414 5017 μιῗὲἶνλ]
2435 4944 2496 4999 δ’.
2525 4939 2634 4997 Καὶ
2656 4937 2763 5010 γάρ
2783 4936 2990 5011 ποναῶν
3011 4935 3218 5007 ηκουσα
3236 4933 3520 5004 λεγόντων,
3550 4933 3612 4989 Ὀ
3645 4934 3782 5017 δεῖνα

2191 5016 2567 5101 εὐπορώτερος
2587 5027 2808 5096 γέγονεν
2829 5026 2936 5078 ἀπὸ
2950 5023 3043 5076 τοῦ
3059 5022 3258 5092 γάμου,
3287 5021 3456 5090 πένης
3477 5019 3574 5072 ὤν’
3604 5016 3779 5101 ἐπειδὴ

2190 5098 2424 5182 γυναῖκα
2468 5098 2701 5183 εὔπορον
2736 5109 2919 5171 ἔλαϐε,
2957 5107 3185 5161 πλουτεῖ
3227 5105 3321 5157 καὶ
3347 5105 3533 5175 τρυφᾷ
3571 5101 3683 5155 νῦν.
3716 5098 3780 5153 Τί

2191 5195 2393 5264 λέγεις,
2412 5191 2700 5266 άτιθρωπε;
2725 5192 2835 5247 ἀπὸ
2857 5189 3117 5259 γυναικὸς
3147 5187 3453 5256 κερδαίνειν
3477 5186 3778 5266 ἐπιθυμεῖς,

2193 5280 2287 5333 καὶ
2316 5279 2416 5333 οὐκ
2464 5265 2716 5350 αἰσχύνῃ,
2769 5275 2894 5328 οὐδὲ
2928 5273 3222 5346 ὲρυθριᾷς;
3279 5270 3401 5323 οὐδὲ
3437 5272 3520 5332 εἰς
3546 5268 3645 5339 τὴν
3679 5265 3782 5335 γῆν

2194 5362 2440 5435 καταδύῃ
2495 5362 2771 5423 τοιούτους
2814 5357 3024 5430 κερδῶν
3067 5354 3346 5426 ἐπιζητῶν
3378 5354 3644 5424 τρόπους;
3691 5350 3782 5401 καὶ

2198 5446 2300 5500 ποῦ
2351 5447 2528 5500 ταῦτα
2583 5444 2779 5516 ἀνδρὸς
2826 5443 2896 5496 τά
2949 5443 3208 5513 ῥήματας
3265 5439 3304 5491 Γ
3307 5438 3529 5500 υναικὸς
3565 5437 3623 5492 ἓν
3669 5437 3781 5487 ἐστι

2199 5531 2380 5601 μόνον,
2411 5529 2480 5584 τά
2507 5527 2880 5598 συλλεγόμενα
2920 5523 3325 5594 διαφυλάττειν,
3366 5521 3466 5582 τὰς
3494 5517 3783 5601 προσόδους

2195 5598 2494 5686 διατηρεῖν,
2516 5613 2615 5684 τῆς
2635 5611 2814 5674 οἰκίας
2837 5607 3239 5680 ἐπιμελεῖσθαι’
3266 5605 3360 5658 καὶ
3382 5604 3493 5674 γὰρ
3517 5602 3604 5656 διά
3626 5598 3784 5686 τοῦτο

2200 5681 2374 5770 αὐτὴν
2426 5681 2624 5751 ἔδωκεν
2678 5697 2708 5747 6
2744 5692 2913 5756 Θεὸς,
2957 5692 3047 5745 ἴνα
3093 5691 3152 5743 ὲν
3188 5687 3405 5750 τούτοις
3446 5687 3579 5770 ἡμῖν
3618 5681 3784 5770 βοηθῆ

2207 5766 2346 5857 μετᾶ
2365 5782 2472 5837 τῶν
2501 5780 2673 5837 ἄλλων
2697 5777 2972 5834 ἁπάντων.
3016 5773 3234 5844 Ἐπειδὴ
3262 5771 3373 5844 γὰρ
3410 5771 3503 5833 τὸν
3541 5769 3650 5842 βίον
3690 5766 3780 5824 τὸν
