3990 6358
206 345 312 400 239

204 461 571 535 frustrabitur,
594 467 737 538 quod
766 479 982 540 propter
1007 471 1100 528 Dei
1131 474 1375 531 timorem
1406 486 1610 532 tantmn
1638 479 1807 534 mole-

202 562 427 610 stiarum
446 560 855 627 sustinueris,et
878 578 1145 620 morosam
1168 567 1418 622 feminam
1441 586 1595 642 teque
1620 578 1802 627 animo

204 648 413 715 tuleris,
443 659 500 706 et
526 653 824 709 membrum
857 665 1002 711 tuum
1031 670 1341 717 constanter
1365 664 1669 732 pertuleris.
1704 664 1804 721 Est

201 743 345 796 enim
393 760 531 800 uxor
575 748 874 803 membrum
913 762 1153 807 nostrum
1191 758 1583 824 necessarium;
1615 769 1669 814 et
1698 758 1802 816 hoc

204 835 546 899 potissimum
573 840 788 896 nomine
816 841 1042 898 debetur
1064 846 1113 900 ei
1141 846 1531 903 benevolentia.
1560 850 1714 917 Quod
1744 860 1801 909 et

200 923 402 979 Paulus
427 927 511 981 his
539 930 717 985 verbis
742 935 1012 1004 prarcipit:
1035 935 1127 991 Sic
1154 938 1331 993 debent
1356 941 1449 994 viri
1476 959 1595 996 suas
1617 958 1800 998 uxores

196 1017 414 1087 diligere
462 1022 592 1075 sicut
635 1026 843 1095 propria
884 1043 1123 1098 corpora.
1170 1030 1336 1087 Nemo
1380 1034 1517 1088 enim
1561 1052 1797 1107 umquam

196 1126 341 1163 suam
362 1128 568 1168 carnem
596 1116 714 1169 odio
734 1118 927 1187 habuit,
950 1123 1039 1175 sed
1067 1126 1224 1177 nutrit
1252 1134 1298 1179 et
1326 1130 1461 1198 fovet
1484 1127 1650 1195 illam,
1668 1130 1797 1185 sicut

198 1209 244 1253 et
286 1200 520 1257 Christus
552 1204 865 1274 Ecclesiam,
901 1214 1141 1280 quoniam
1184 1218 1406 1272 membra
1438 1236 1613 1276 sumus
1650 1222 1795 1292 ejus-

195 1292 309 1346 clem
341 1299 591 1368 corporis,
619 1315 683 1353 ea:
705 1318 855 1355 carne
877 1305 989 1374 ejus
1024 1316 1073 1359 et
1103 1307 1297 1363 ossibus
1312 1307 1825 1383 ejus(Ep.5.28—50).

270 1391 508 1445 Ecclesia
537 1411 652 1448 cum
686 1393 791 1447 Eva
821 1396 1028 1449 collata.
1049 1425 1124 1435 —
1145 1395 1409 1468 [Magnum
1439 1394 1524 1450 hic
1551 1395 1797 1454 subindi-

198 1482 340 1536 cavit.
379 1484 692 1553 mySterium
715 1526 730 1549 ,
762 1485 979 1548 dicens,
1009 1484 1093 1539 Ex
1127 1487 1360 1540 carnibus
1398 1488 1506 1559 ejus
1534 1498 1578 1542 et
1605 1489 1798 1543 ossibus

198 1575 306 1644 ejus
339 1572 469 1647 (a).]
505 1573 655 1630 Sicut
692 1577 834 1631 enim
877 1578 1005 1639 Eva.
1044 1578 1232 1648 inquit,
1279 1594 1343 1633 ex
1393 1579 1560 1634 latere
1607 1580 1796 1635 Adami

200 1669 419 1738 prodiit,
455 1670 527 1725 ita
554 1680 609 1725 et
638 1685 735 1725 nos
765 1685 797 1725 e
823 1670 1019 1726 Christi
1048 1672 1236 1726 latere.
1267 1671 1377 1726 Hoc
1402 1673 1543 1727 enim
1571 1684 1680 1739 est,
1713 1673 1800 1728 Ea:

200 1779 353 1815 carne
379 1764 492 1833 ejus
513 1772 561 1817 et
586 1765 781 1819 ossibus
809 1766 918 1834 ejus
946 1764 1095 1837 (Gen.
1117 1765 1176 1822 2.
1198 1766 1314 1836 21).
1347 1766 1452 1822 Sed
1487 1768 1649 1822 Evam
1679 1770 1799 1839 qui-

198 1855 319 1909 dem
348 1870 382 1910 e
412 1856 580 1911 latere
610 1856 799 1911 Adami
828 1866 1138 1928 prognatam
1169 1860 1369 1914 scimus
1395 1875 1614 1925 omnes,
1642 1871 1697 1916 et
1719 1861 1803 1916 di-

198 1961 345 2003 serte
376 1948 480 2003 hoc
510 1950 561 2003 in
592 1948 867 2019 Scriptura
894 1952 1105 2022 legitur,
1127 1953 1266 2023 quod
1290 1953 1574 2008 immiserit
1600 1955 1651 2008 in
1673 1971 1795 2010 eum

197 2056 489 2110 50porem,
529 2052 584 2098 et
613 2055 859 2114 exempta
889 2061 991 2099 una
1023 2062 1054 2101 e
1096 2049 1264 2101 costis
1303 2047 1419 2116 ejus
1455 2048 1799 2105 auliticaverit

196 2135 483 2190 mulierem
512 2152 526 2190 :
559 2136 700 2206 quod
727 2145 903 2192 autem
934 2138 1170 2194 Ecclesia
1202 2154 1233 2193 e
1262 2138 1457 2195 Christi
1485 2140 1653 2197 latere
1683 2151 1798 2197 orta

196 2229 287 2293 sit,
327 2227 596 2281 undenam
638 2229 845 2284 discere
894 2232 1209 2300 possumus?
1255 2232 1366 2286 lloc
1407 2248 1618 2303 quoque
1658 2233 1803 2289 Scri-

196 2329 358 2389 ptura
406 2319 627 2376 indicat.
683 2321 973 2393 Postquam
1019 2322 1163 2377 enim
1210 2323 1455 2379 Christus
1492 2326 1545 2380 in
1584 2340 1798 2380 crucem

196 2412 445 2466 sublatus
470 2422 520 2467 et
552 2412 743 2468 affixus
767 2414 1092 2484 exspiravit,
1122 2415 1377 2470 Accedens
1416 2434 1546 2471 unus
1582 2417 1800 2472 militum

198 2504 420 2575 pupugit
446 2503 578 2558 latus
605 2505 763 2571 illius,
800 2516 847 2561 et
876 2508 995 2561 exiit
1024 2507 1143 2561 tnde
1161 2510 1369 2579 sanguis
1391 2518 1436 2563 et
1456 2526 1588 2581 aqua
1618 2510 1798 2579 (Joan.

200 2595 288 2651 i9.
321 2596 419 2668 34)
454 2615 469 2652 :
500 2606 557 2653 et
584 2613 649 2654 ex
677 2598 766 2654 illa
791 2614 927 2670 aqua
951 2608 1006 2655 et
1033 2602 1292 2671 sanguine
1318 2610 1424 2656 tota
1455 2611 1665 2657 constat
1694 2604 1800 2657 Ec-

196 2691 387 2745 clesia.
419 2691 596 2747 Testis
625 2701 709 2748 est
737 2693 852 2764 ipse
877 2694 1062 2749 dicens
1090 2712 1104 2748 :
1130 2693 1250 2748 Nisi
1275 2697 1388 2767 quis
1416 2705 1622 2749 renatus
1648 2697 1802 2768 [iterit

197 2797 259 2836 ea:
283 2798 423 2852 aqua
444 2792 490 2836 et
516 2784 722 2854 spiritu,
753 2801 853 2839 non
881 2795 1044 2856 potest
1072 2786 1281 2841 introire
1312 2787 1367 2840 in
1400 2804 1612 2858 regnum
1647 2788 1800 2842 cado-

194 2892 312 2929 rum
360 2875 381 2949 (
399 2876 556 2931 Joan.
590 2878 645 2933 5.
678 2877 755 2948 5)
786 2896 800 2932 :
831 2880 1145 2949 sanguinem
1174 2888 1352 2935 autem
1380 2880 1610 2950 appellat
1637 2881 1800 2951 spiri-

199 2977 332 3021 tum.
387 2968 457 3022 Et
500 2970 773 3025 nascimur
809 2970 1024 3041 quidem
1068 2986 1163 3041 per
1203 2986 1395 3042 aquam
1443 2971 1799 3041 baptismatis,

196 3060 395 3115 alimur
422 3069 600 3115 autem
632 3077 728 3132 per
752 3063 1088 3133 sanguinem.
1134 3062 1297 3118 Vides
1335 3064 1606 3134 quomodo
1630 3064 1800 3118 simus

196 3169 261 3207 ex
292 3169 461 3210 carne
489 3154 626 3224 ejus,
659 3165 714 3211 et
742 3172 807 3211 ex
835 3156 1046 3211 ossibus
1086 3156 1222 3226 ejus,
1266 3157 1392 3211 dum
1436 3173 1501 3212 ex
1542 3156 1801 3227 sanguine

196 3244 288 3299 illo
314 3254 372 3299 et
396 3260 534 3315 aqua
564 3255 673 3301 tum
701 3248 1004 3312 nascimur,
1036 3258 1146 3301 tttm
1172 3247 1402 3302 alimur?
1447 3246 1517 3301 Et
1542 3246 1801 3317 quemad-

196 3338 417 3392 modum
441 3338 647 3393 Adamo
663 3338 967 3395 dormiente
989 3339 1180 3394 mulier
1198 3348 1280 3393 cst
1300 3340 1532 3405 condita,
1557 3340 1633 3393 sic
1654 3338 1795 3393 Chri

196 3438 279 3482 sto
307 3440 524 3486 mortuo
549 3429 683 3485 facta
720 3442 803 3485 est
838 3431 1074 3487 Ecclesia
1107 3447 1175 3486 ex
1210 3432 1325 3501 ejus
1354 3432 1543 3489 latere.
1583 3430 1695 3487 Nec
1732 3433 1802 3487 ob

198 3520 312 3575 hazc
354 3530 558 3575 tantum
598 3523 826 3578 amanda
865 3532 950 3577 est
984 3539 1142 3590 uxor,
1178 3522 1321 3593 quod
1359 3523 1662 3578 membrum
1698 3539 1799 3578 no-

194 3621 368 3666 strum
407 3624 521 3679 est,
568 3624 623 3669 et
663 3630 735 3669 ex
780 3614 936 3669 nobis
981 3615 1241 3685 originem
1292 3615 1496 3682 habuit,
1538 3615 1632 3670 sed
1678 3616 1801 3685 quia

195 3706 370 3776 legem
400 3707 563 3760 etiam
592 3721 758 3777 super
779 3707 880 3762 hoc
913 3708 1051 3763 Deus
1077 3709 1280 3775 statuit,
1315 3709 1393 3763 sic
1419 3708 1625 3775 dicens,
1664 3707 1801 3763 Ριό⁴

196 3807 370 3866 pterea
397 3798 645 3867 relinquet
673 3798 824 3853 homo
852 3808 1047 3871 patrem
1083 3816 1234 3854 suum
1268 3809 1315 3853 et
1340 3811 1588 3867 matrem,
1620 3810 1667 3855 et
1706 3800 1802 3853 ad-

193 3890 405 3943 Iuerebit
434 3892 584 3944 uxori
608 3907 747 3957 sure,
780 3900 828 3945 et
856 3901 1002 3946 erunt
1030 3893 1133 3947 duo
1154 3893 1209 3947 in
1234 3909 1386 3946 carne
1414 3910 1516 3947 una
1543 3893 1562 3967 (
1585 3892 1712 3948 Gen.
1742 3893 1798 3947 2.

193 3981 306 4054 24).
335 3981 470 4036 Nam
491 3982 611 4038 ideo
630 3983 784 4038 nobis
805 3983 942 4039 hanc
971 3984 1141 4056 legem
1172 3985 1369 4040 Paulus
1390 3986 1607 4057 legit,ut
1626 3986 1800 4041 modis

193 4074 451 4129 omnibus
481 4089 578 4129 nos
602 4074 668 4128 ad
702 4074 843 4130 hunc
865 4090 1102 4130 amorem
1136 4077 1500 4146 compelleret.
1552 4077 1645 4133 llic
1667 4077 1798 4132 mihi

190 4165 480 4220 considera
521 4165 838 4235 sapientiam
886 4167 1283 4236 apostolicam:
1322 4183 1429 4223 non
1476 4168 1619 4223 enim
1669 4169 1799 4224 solis

191 4258 393 4312 divinis
413 4268 506 4312 aut
530 4259 659 4314 solis
681 4258 927 4314 humanis
954 4259 1157 4329 legibus
1187 4275 1285 4316 nos
1314 4259 1515 4315 inducit
1534 4260 1600 4315 ad
1622 4276 1800 4315 aman-

192 4348 290 4403 das
320 4350 603 4420 eotiiuges,
633 4349 726 4404 sed
755 4350 961 4404 mixtim
990 4352 1231 4421 utrisque
1264 4370 1277 4405 :
1309 4362 1367 4406 ut
1396 4352 1653 4407 sublimes
1679 4354 1802 4424 qni-

193 4442 321 4495 dem
346 4441 451 4497 viri
475 4456 537 4495 ac
561 4441 914 4512 philosophici
936 4443 1107 4514 magis
1129 4452 1446 4498 moveantur
1468 4444 1795 4513 ccclestibns,

193 4534 443 4588 infirmos
481 4543 661 4590 autem
706 4544 761 4591 et
801 4535 1033 4591 humiles
1079 4536 1320 4591 naturale
1364 4536 1565 4592 amoris
1610 4535 1800 4591 incita-

191 4638 439 4682 mentum
467 4629 635 4698 magis
662 4639 893 4683 moveat.
944 4628 1069 4685 Ideo
1093 4631 1324 4699 primum
1351 4646 1379 4683 a
1405 4630 1602 4685 Christi
1633 4632 1799 4687 bene-

194 4721 330 4773 liu-iis
362 4719 662 4775 doctrinam
693 4722 829 4777 hanc
859 4722 1040 4791 incipit
1070 4723 1148 4777 sic
1174 4723 1357 4777 dicens
1376 4764 1392 4789 ,
1425 4721 1637 4793 Diligite
1670 4741 1799 4777 uxo-

191 4831 271 4867 res
303 4823 495 4868 vestras
514 4854 529 4877 ,
559 4814 692 4869 sicut
713 4825 761 4869 et
787 4816 1016 4872 Christus
1044 4818 1224 4871 dilexit
1248 4816 1532 4871 Ecclesiam
1562 4816 1580 4887 (
1602 4818 1791 4887 Ephes.

192 4907 244 4961 5.
302 4904 425 4975 25);
483 4907 676 4962 deinde
724 4924 911 4965 rursus
963 4910 1103 4965 idem
1148 4911 1256 4981 agit
1305 4909 1550 4964 humanis
1579 4910 1793 4964 rationi-

190 4996 293 5049 bus
331 5015 344 5049 :
378 4997 471 5051 Sic
496 4997 674 5052 debent
707 5000 798 5053 viri
830 5018 949 5055 suas
976 5017 1160 5055 uxores
1197 5001 1425 5072 diligere,
1451 5012 1507 5054 ut
1534 5018 1627 5054 sua
1655 5003 1792 5070 ipso-

188 5104 308 5140 rum
329 5104 548 5158 corpora
576 5088 796 5159 (Ep/tes.
824 5091 878 5147 5.
909 5091 1024 5163 28);
1067 5092 1261 5147 deinde
1300 5110 1510 5148 rursum
1548 5093 1613 5147 ad
1641 5092 1797 5146 Citri-

190 5192 337 5236 stum
371 5182 659 5237 revertitur
690 5203 703 5238 :
733 5183 986 5250 Quoniam
1017 5184 1237 5238 membra
1274 5200 1450 5239 sumus
1486 5202 1549 5239 ea:
1585 5202 1796 5256 corpore

190 5276 327 5343 ejus,
357 5284 405 5327 et
428 5291 492 5328 ea:
515 5292 667 5329 carne
693 5277 823 5345 ejus,
845 5284 894 5329 et
919 5292 983 5329 ea:
1005 5277 1116 5347 ejus
1137 5277 1331 5330 ossibus
1363 5275 1468 5348 (Ib.
1502 5293 1548 5330 υ.
1573 5278 1685 5346 '50);
1729 5293 1793 5332 ac

188 5379 408 5421 rursum
450 5366 517 5421 ad
558 5366 819 5422 humanas
849 5369 1085 5423 rationes
1113 5369 1284 5435 redit,
1316 5368 1593 5437 Pmpterea
1635 5369 1793 5422 relin-

186 5466 311 5524 quet
342 5458 495 5511 homo
519 5467 714 5530 patrem
747 5474 895 5513 natm
933 5468 979 5514 et
1013 5470 1246 5528 matrem,
1274 5469 1323 5514 et
1346 5459 1617 5513 adhaerebit
1645 5460 1791 5514 uxori

190 5563 303 5602 sua
330 5546 442 5618 (Ib.
465 5563 514 5602 υ.
543 5549 659 5620 51);
690 5550 932 5619 lectaque
956 5550 1058 5607 hac
1082 5553 1199 5622 lege
1223 5571 1236 5607 :
1262 5551 1580 5622 Mysterium,
1600 5553 1786 5622 inquit,

182 5650 277 5689 ιιηε
314 5660 557 5712 magnum
586 5656 660 5698 est
696 5643 715 5715 (
740 5642 883 5699 Ibid.
935 5667 987 5708 υ.
1017 5654 1133 5726 52).

246 5749 324 5833 (ει)
359 5759 610 5833 racemum
636 5758 821 5809 uncinis
845 5758 1151 5824 clauduntur,
1172 5776 1268 5815 non
1291 5770 1404 5815 sunt
1427 5767 1477 5817 in
1500 5776 1678 5833 crteco,
1695 5788 1783 5827 seu

182 5811 251 5862 ξω
275 5814 399 5876 legit
426 5811 688 5878 Interprcs.

1177 359 1453 430 QUALES
1491 358 1844 421 DUCENDE
1884 364 2035 425 SINT
2076 370 2368 435 UXORES.
2411 380 2499 437 ΙΙΙ.

3393 392 3519 447 250

1983 476 2288 537 Parentibus
2315 484 2634 558 praferenda
2660 506 2807 547 uxor.
2836 523 2908 535 ——
2932 495 3211 565 Quomodo
3247 476 3499 576 magnum

1909 577 2018 635 est,
2046 571 2133 626 dic
2172 573 2301 628 mihi
2328 576 2353 629 ἲ
2390 577 2542 643 Quod
2572 580 2720 652 virgo
2744 598 3013 641 asservata
3042 592 3187 646 omni
3218 571 3459 665 tempore
3480 640 3499 662 ,,

1908 675 2167 731 sponsum
2214 682 2505 739 numquam
2549 685 2673 730 ante
2701 677 2870 733 visum
2902 696 3026 737 mox
3054 699 3082 737 a
3110 685 3277 754 prima
3307 688 3395 745 die
3422 692 3501 747 sic

1908 753 2211 823 desiderat,
2236 768 2292 813 et
2318 774 2462 815 amat
2491 774 2759 836 tamquam
2790 785 2984 841 corpus
3029 753 3297 844 proprium
3330 798 3344 835 :
3375 797 3498 837 rur—

1911 860 2028 900 sum
2061 847 2143 902 vir
2165 863 2322 919 qu:tm
2346 868 2634 926 numquam
2666 860 2826 928 vidit,
2861 879 3150 936 numquam
3195 871 3501 944 alloquutus

1906 945 2024 1003 est,
2073 956 2196 996 mox
2236 958 2267 996 a
2309 946 2479 1015 prima
2520 947 2609 1003 die
2641 951 2853 1019 prtefert
2880 958 3089 1013 czeteris
3113 964 3396 1031 omnibus,
3445 978 3501 1022 et

1907 1030 2093 1085 amicis
2119 1043 2173 1088 et
2204 1035 2552 1093 familiaribus
2574 1082 2587 1105 ,
2622 1042 2851 1114 denique
2881 1047 3010 1117 ipsis
3036 1054 3362 1120 parentibus.
3392 1056 3499 1112 Pa-

1907 1131 2089 1178 rentes
2118 1124 2243 1180 item
2263 1168 2278 1193 ,
2310 1128 2355 1181 si
2382 1144 2479 1199 per
2505 1132 2663 1187 aliam
2694 1150 2909 1192 causam
2935 1140 3206 1200 auferatur
3224 1148 3305 1201 eis
3332 1163 3499 1217 pecu-

1907 1213 2024 1279 nia,
2053 1215 2299 1273 dolenter
2326 1220 2543 1291 ferunt,
2591 1236 2646 1280 et
2673 1228 2724 1281 in
2745 1229 2834 1299 jus
2864 1232 3079 1288 tralmnt
3105 1253 3227 1291 eum
3254 1213 3347 1309 qui
3369 1241 3497 1297 abs-

1907 1306 2026 1360 tulit
2058 1325 2072 1363 :
2105 1307 2305 1365 homini
2344 1322 2525 1370 autem
2577 1333 2721 1388 smpe
2776 1338 3063 1394 numquam
3099 1339 3241 1385 -aute
3272 1306 3404 1387 —viso
3445 1343 3500 1389 et

1906 1396 2088 1467 ignoto
2112 1401 2274 1457 etiam
2303 1403 2484 1460 dotem
2531 1423 2633 1462 una
2664 1425 2785 1465 cum
2818 1414 2924 1468 lilia
2952 1416 3271 1475 luculentam
3301 1423 3354 1477 in
3380 1441 3499 1480 ma-

1905 1505 2007 1546 nus
2032 1491 2182 1547 dant.
2233 1494 2397 1567 quue
2442 1498 2669 1557 libenter
2712 1502 2938 1571 faciunt,
2980 1524 3154 1579 neque
3197 1527 3258 1567 se
3301 1515 3502 1572 damno

1902 1582 2045 1638 affici
2073 1585 2413 1656 existimant;
2445 1591 2540 1646 sed
2572 1594 2813 1651 videntes
2842 1598 3034 1655 abduci
3056 1602 3220 1659 filiam
3245 1622 3350 1661 non
3382 1625 3500 1665 me-

1906 1676 2181 1733 minerunt
2218 1684 2654 1754 consuetudinis,
2688 1704 2792 1744 non
2815 1691 3025 1760 dolent,
3060 1710 3165 1749 non
3196 1711 3497 1769 anguntur,

1905 1770 1999 1824 sed
2043 1773 2241 1842 gratias
2266 1786 2428 1845 agunt
2458 1778 2675 1848 insuper
2697 1822 2712 1847 ,
2745 1793 2801 1837 et
2829 1800 2941 1839 rem
2992 1790 3278 1857 optabilem
3312 1804 3500 1862 putant

1906 1861 2067 1917 ﬁliam
2095 1879 2127 1920 e
2155 1866 2316 1921 domo
2336 1883 2457 1924 cum
2487 1872 2651 1927 multa
2680 1874 2871 1932 abduci
2905 1883 3148 1948 pecunia.
3189 1861 3323 1939 [hec
3342 1886 3502 1957 igitur

1903 1956 2082 2009 omnia
2131 1957 2326 2013 Paulus
2366 1962 2743 2034 considerans,
2786 1970 2931 2038 quod
2962 1974 3269 2041 parentibus
3298 1956 3501 2033 relictis

1904 2046 2064 2099 ambo
2087 2048 2187 2101 sibi
2219 2052 2418 2106 mutuis
2442 2052 2733 2124 jungantur
2751 2059 3002 2127 nexibus,
3031 2077 3332 2137 novumque
3362 2083 3497 2123 con-

1904 2139 2128 2192 sortium
2160 2141 2418 2211 majorem
2441 2147 2660 2218 antiqua
2680 2154 3071 2213 consuetudine
3099 2158 3206 2211 vim
3228 2161 3455 2231 accipiat
3478 2181 3496 2217 :

1905 2231 2451 2307 animadvertensque
2477 2255 2583 2294 non
2607 2256 2728 2297 esse
2755 2242 2858 2300 hoc
2879 2244 3169 2304 humanum
3200 2254 3493 2323 negotium,

1902 2326 1998 2379 sed
2043 2325 2299 2383 divinitus
2342 2346 2556 2386 amores
2600 2334 2735 2391 tales
2785 2337 2984 2405 inseri,
3018 2350 3075 2396 ut
3099 2354 3276 2413 nuptae
3307 2349 3417 2416 pari
3445 2357 3500 2405 et

1904 2416 2225 2473 tradentium
2256 2430 2310 2475 et
2350 2424 2725 2493 accipientium
2757 2443 2878 2487 cum
2910 2430 3090 2488 laetitia
3119 2434 3397 2493 cloeentur
3418 2448 3501 2494 at-

1901 2522 2007 2576 que
2056 2520 2437 2579 assumantur,
2486 2515 2817 2586 Mysterium,
2872 2524 3076 2592 inquit,
3124 2530 3221 2581 hoc
3261 2546 3500 2601 magnum

1899 2608 1997 2653 est.
2028 2598 2097 2655 Et
2121 2602 2260 2656 sicut
2297 2620 2490 2661 recens
2528 2618 2685 2665 natus
2714 2610 3009 2670 infantulus
3032 2616 3287 2687 adSpeetu
3317 2598 3494 2677 statim

1903 2700 2156 2759 parentes
2180 2696 2442 2764 agnoscit,
2477 2697 2783 2769 priusquam
2823 2704 2960 2759 sciat
3001 2720 3161 2762 voces
3194 2710 3356 2766 edere
3385 2730 3398 2765 :
3427 2714 3499 2768 ita

1902 2796 2034 2836 sane
2059 2792 2114 2838 et
2135 2799 2363 2853 sponsus
2388 2803 2448 2842 ac
2478 2804 2698 2859 sponsa,
2719 2795 2931 2855 neruine
2954 2809 3253 2868 sequestro,
3284 2807 3502 2861 nemine

1901 2870 2180 2930 hortatore
2200 2917 2215 2941 ,
2245 2878 2418 2946 primo
2446 2882 2624 2936 statim
2672 2882 2932 2955 adspectu
2980 2892 3331 2949 conciliantur
3357 2897 3498 2952 invi-

1900 2982 2043 3022 cem.
2087 2969 2143 3025 ld
2172 2986 2294 3027 cum
2320 2975 2374 3027 in
2426 2973 2641 3031 Christo
2689 2979 2854 3033 etiam
2898 2981 3396 3062 animadvertisset,
3443 2997 3500 3044 et

1901 3064 2203 3132 praesertim
2242 3066 2292 3119 in
2323 3066 2591 3135 Ecclesia,
2620 3085 2727 3125 non
2758 3071 2874 3126 sine
2899 3083 3118 3143 stupore
3144 3079 3371 3147 quodam
3394 3083 3494 3135 ad-

1901 3153 2124 3208 miratus
2173 3165 2276 3210 est.
2335 3157 2615 3225 Quomodo
2662 3162 2821 3232 igitur
2846 3164 2896 3218 in
2926 3164 3140 3221 Christo
3169 3180 3223 3223 et
3253 3169 3494 3228 Ecclesia

1901 3247 2039 3301 idem
2071 3250 2292 3321 contigit
2309 3251 2333 3304 ?
2350 3251 2496 3307 Sicut
2517 3269 2745 3323 sponsus
2764 3256 2951 3312 relicto
2977 3268 3124 3327 patre
3148 3261 3215 3316 ad
3242 3278 3492 3332 Sponsam

1904 3348 2183 3410 properat,
2214 3342 2284 3395 ita
2316 3353 2370 3397 et
2400 3343 2643 3401 Christus
2675 3348 2860 3402 relicto
2890 3358 3111 3418 paterno
3140 3352 3276 3406 solio
3296 3396 3311 3420 ,
3354 3357 3498 3410 venit

1900 3433 1967 3486 ad
2012 3450 2261 3503 sponsam
2296 3452 2309 3489 :
2340 3452 2446 3491 non
2491 3454 2591 3493 nos
2632 3443 2873 3495 evocavit
2907 3442 2972 3495 ad
3000 3453 3224 3513 supera,
3257 3448 3348 3501 sed
3382 3449 3495 3517 ipse

1900 3526 2039 3579 ultro
2066 3526 2132 3581 ad
2181 3543 2280 3583 nos
2308 3530 2540 3585 advenit.
2590 3532 2721 3587 Cum
2762 3544 2939 3589 autem
2974 3537 3259 3592 achnlunt
3307 3542 3493 3605 audis,

1902 3632 2007 3670 non
2059 3618 2466 3687 migrationem,
2520 3623 2613 3677 sed
2664 3628 3160 3694 attemperationem
3207 3630 3487 3701 intelligo:

1899 3724 2025 3764 nam
2065 3710 2227 3764 etiam
2278 3728 2399 3766 cum
2439 3714 2712 3769 nobiscum
2744 3726 2921 3783 esset,
2974 3734 3097 3772 cum
3150 3720 3306 3777 Patre
3354 3735 3489 3780 erat.

1897 3802 2236 3875 Quapropter
2272 3806 2479 3876 inquit:
2512 3806 2813 3879 Mysterium
2854 3813 2948 3866 hoc
2973 3825 3045 3867 est
3085 3832 3342 3886 magnum.
3376 3819 3489 3872 Ma-

1897 3909 2061 3964 gnum
2104 3911 2233 3952 sane
2272 3898 2432 3952 etiam
2464 3900 2603 3969 apud
2632 3900 2908 3967 homines;
2940 3905 3033 3959 sed
3075 3922 3193 3961 cum
3238 3910 3393 3964 video
3437 3911 3491 3966 in

1895 3986 2164 4042 Christum
2191 4004 2402 4060 quoque
2419 4000 2474 4045 et
2502 3992 2796 4048 Ecclesiam
2824 3994 2961 4050 idem
2991 4010 3295 4068 competere
3315 4044 3330 4068 ,
3378 4012 3489 4059 tum

1895 4087 2041 4133 certe
2066 4080 2325 4135 miraculo
2356 4083 2430 4137 rei
2455 4084 2651 4139 reddar
2679 4086 2953 4142 attonitus.
2989 4091 3345 4156 Quamobrem
3363 4110 3487 4151 eum

1893 4168 2152 4236 dixisset,
2185 4170 2486 4242 Mysterium
2512 4176 2606 4229 hoc
2651 4194 2888 4248 magnum
2915 4190 3022 4246 est,
3064 4182 3293 4251 subjecit
3318 4200 3439 4240 mox
3473 4205 3486 4240 :

1899 4260 2011 4333 Ego
2034 4273 2201 4318 autem
2228 4267 2341 4321 dico
2359 4268 2412 4322 in
2433 4268 2634 4324 Christo
2660 4281 2706 4326 et
2725 4274 2777 4325 in
2805 4272 3033 4329 Ecclesia
3055 4274 3342 4347 (Ephes.'5.
3374 4281 3487 4351 59.).

1897 4356 2077 4427 Itaque
2106 4374 2228 4413 cum
2252 4362 2389 4416 scias
2418 4373 2676 4432 quantum
2697 4366 2768 4419 sit
2796 4366 2845 4418 in
2872 4369 3121 4438 conjugiu
3148 4375 3484 4441 mysterium,

1894 4458 1948 4503 et
1967 4452 2150 4519 quanti
2176 4453 2339 4521 ligura
2361 4455 2582 4522 negotii,
2612 4471 2716 4509 non
2750 4466 2954 4512 temere
2980 4459 3048 4514 de
3075 4464 3177 4515 hoc
3211 4462 3444 4517 delibera
3466 4505 3483 4529 ,

1893 4558 2065 4614 neque
2086 4546 2341 4601 ducturus
2358 4562 2631 4616 Sponsam,
2652 4551 2997 4617 pecttniarum
3015 4552 3375 4608 accessionem
3399 4572 3485 4611 re-

1893 4641 2059 4708 Spice.
2092 4638 2207 4692 Non
2238 4639 2379 4691 enim
2409 4640 2727 4705 negotiatio,
2755 4640 2848 4695 sed
2878 4641 2998 4695 vita:
3041 4643 3269 4699 societas
3293 4648 3486 4717 conju-

1891 4735 2035 4803 gium
2064 4732 2476 4786 existimandum:
2509 4742 2608 4786 est.

1965 4826 2019 4880 4.
2055 4824 2245 4878 Mulier
2268 4835 2437 4879 creata
2466 4834 2520 4878 ut
2548 4826 2822 4879 auxilietur
2848 4827 2974 4881 viro.
3014 4859 3087 4869 —
3123 4828 3315 4886 Multos
3338 4834 3482 4889 enim

1898 4916 2075 4975 audivi
2103 4916 2380 4987 dicentes,
2418 4917 2506 4973 Ille
2532 4918 2836 4989 opulentior
2887 4928 3006 4990 post
3051 4923 3264 4991 nuptias
3318 4924 3486 4981 factus

1897 5022 1979 5069 est
1999 5054 2013 5077 ,
2042 5028 2164 5067 cum
2195 5011 2379 5067 fuisset
2412 5026 2612 5081 panper
2638 5023 2829 5074 antea;
2861 5027 3001 5066 nunc
3029 5014 3187 5067 ducta
3216 5031 3380 5070 uxore
3406 5017 3483 5072 di-

1892 5107 1999 5159 vite
2028 5113 2084 5160 et.
2125 5106 2240 5175 ipse
2284 5105 2391 5174 agit
2440 5105 2492 5158 in
2523 5104 2753 5158 deliciis.
2784 5104 2921 5171 Quid
2949 5105 3058 5169 ais,
3094 5106 3233 5162 bone
3261 5110 3389 5163 vir?
3418 5125 3486 5166 ex

1892 5212 2059 5251 uxore
2086 5197 2279 5252 lucrari
2310 5195 2457 5266 cupis
2477 5236 2492 5261 ,
2524 5204 2577 5250 et
2614 5212 2718 5249 non
2768 5196 3041 5252 erubescis
3068 5196 3093 5251 ?
3124 5214 3226 5252 non
3261 5215 3368 5269 pra:
3398 5218 3488 5270 pu-

1890 5291 2020 5343 dore
2047 5290 2145 5343 sub
2174 5298 2365 5343 terram
2398 5298 2447 5342 te
2476 5288 2628 5341 abdis
2662 5288 2844 5341 talium
2885 5288 3152 5343 lucrorum
3185 5302 3444 5360 appetens
3473 5294 3495 5347 ?

1893 5379 2128 5434 lnucciue
2157 5387 2280 5432 sunt
2302 5379 2460 5431 verba
2483 5379 2577 5431 viri
2602 5377 2625 5429 ?
2655 5361 2899 5433 Mulieris
2919 5396 3080 5433 unttm
3109 5389 3192 5435 est
3212 5382 3446 5436 officium
3474 5425 3490 5449 ,

1891 5483 1948 5527 ut
1975 5482 2120 5542 parta
2143 5471 2426 5537 custodiat,
2460 5480 2519 5525 ut
2541 5481 2825 5525 conservet
2853 5472 3055 5527 reditus
3077 5514 3090 5537 ,
3116 5481 3168 5527 et
3197 5483 3347 5527 curet
3369 5489 3482 5527 rem

1889 5566 2235 5619 domesticam
2264 5582 2277 5618 :
2308 5578 2428 5616 nam
2470 5563 2672 5618 idcirco
2697 5579 2815 5617 eam
2843 5563 2983 5617 Deus
3011 5564 3185 5631 dedit,
3218 5573 3277 5618 ut
3304 5565 3402 5619 hac
3430 5582 3483 5620 tn

1888 5674 1943 5711 re
1966 5667 2020 5712 et
2039 5658 2089 5711 in
2111 5656 2319 5711 caeteris
2352 5654 2504 5709 nobis
2531 5655 2601 5708 sit
2623 5653 2843 5710 auxilio.
2887 5655 3146 5721 Quoniam
3189 5655 3330 5709 enim
3377 5656 3482 5708 vita

1889 5751 1921 5806 ιι
1942 5768 2001 5806 υς
2034 5759 2212 5807 nostra
2244 5766 2273 5806 e
2304 5749 2508 5806 duobus
2538 5756 2748 5805 constat
2768 5764 2841 5819 ,.e
2867 5749 3027 5806 rebus
3056 5747 3274 5820 privatis
3305 5748 3357 5793 ει
3376 5753 3483 5808 Pu‘
