3990 6358
457 340 552 393 Ξδι
1173 342 1230 397 S.
1270 341 1549 398 JOANNIS
1586 340 2063 398 CllllYSOSTOMl
2102 343 2422 397 AliClilEP.
2462 341 2993 401 CONSTANTINOP.

466 460 647 524 liticis,
676 474 827 520 suam
856 458 1066 528 utrique
1095 467 1303 528 partem
1335 458 1474 510 Deus
1501 457 1742 510 attribuit
1761 497 1775 521 ,
1824 454 2056 512 femineo

466 550 680 618 quidem
708 550 892 621 generi
919 564 1104 604 curam
1131 548 1207 602 rei
1228 547 1538 602 domestica)
1558 587 1573 609 .
1596 545 1724 601 viris
1748 557 1927 601 autem
1959 561 2058 602 ne-

466 643 608 711 gotia
656 641 864 710 publica
887 681 902 706 ,
933 639 1164 695 forensia
1187 680 1201 704 ,
1221 638 1421 707 judicia
1449 638 1714 692 senatoria
1732 680 1746 705 ,
1773 637 2018 693 militaria
2039 678 2056 705 ,

465 747 658 790 ca~tera
684 736 914 806 denique
935 736 1134 787 omnia.
1163 733 1276 787 Non
1299 741 1474 801 potest
1499 731 1688 786 mulier
1715 731 1921 786 hastam
1950 739 2062 786 tor-

466 843 636 896 quere
661 835 753 880 aut
775 825 998 896 jaculari
1023 825 1314 894 Spiculum;
1339 824 1432 878 sed
1460 825 1634 879 colum
1665 832 1838 892 potest
1875 838 2059 878 sume-

469 935 552 984 re,
572 929 626 974 et
657 921 815 974 telam
839 929 1039 982 texere,
1072 929 1126 972 et
1154 929 1344 973 cartera
1370 919 1580 988 negotia
1602 917 1890 971 domestica
1909 917 2058 971 obire
2091 961 2094 964 .

467 1011 700 1082 egregie.
728 1010 844 1066 Non
876 1018 1050 1080 potest
1077 1010 1126 1064 iu
1157 1019 1344 1063 senatu
1376 1011 1693 1064 sententiam
1722 1011 1932 1072 dicere;
1962 1009 2057 1064 sed

468 1116 646 1176 potest
672 1105 738 1159 de
766 1120 826 1160 re
865 1103 1108 1158 familiari
1155 1104 1294 1158 ferre
1319 1103 1672 1166 sententiam,
1696 1111 1750 1156 et
1774 1117 1916 1171 sarpe
1945 1118 2058 1157 me-

469 1198 571 1252 lius
595 1213 754 1267 quam
785 1197 1006 1251 maritus
1046 1196 1319 1265 prospexit
1361 1196 1520 1249 rebus
1567 1195 1894 1249 domesticis.
1939 1196 2054 1250 Non

471 1299 648 1360 potest
675 1291 1052 1344 administrare
1082 1289 1316 1358 publica;
1353 1289 1444 1342 sed
1477 1288 1694 1356 pulchre
1721 1299 1894 1357 potest
1921 1289 2056 1344 edu-

469 1399 594 1438 care
633 1383 863 1447 liberos,
909 1398 1028 1452 qua:
1054 1381 1268 1450 quidem
1313 1381 1574 1449 pra-eipua
1619 1389 1701 1435 est
1743 1384 2054 1450 possessio:

469 1484 643 1544 potest
669 1474 980 1528 ancillarum
1008 1471 1284 1527 malefacta
1313 1472 1743 1540 deprehendere,
1775 1485 1827 1526 et
1859 1475 1910 1526 in
1939 1474 2057 1527 offi-

466 1568 551 1622 cio
593 1567 869 1620 continere
915 1563 1204 1629 familiam,
1263 1564 1393 1618 alias
1435 1569 1748 1620 securitates
1802 1568 2057 1622 exhibere

468 1658 658 1712 tuarito
685 1657 941 1725 illumque
971 1656 1195 1710 liberare
1223 1655 1600 1720 sollicitudine,
1621 1658 1748 1712 dum
1780 1659 1888 1727 ipsa
1913 1659 2057 1714 domi

465 1758 617 1805 curat
641 1764 856 1818 penum,
886 1748 1196 1812 lanificium,
1223 1748 1455 1802 culinam
1479 1789 1492 1811 ,
1521 1748 1772 1804 decorem
1804 1751 2054 1816 vestium,

469 1857 768 1913 caateraque
818 1859 989 1912 neque
1036 1842 1231 1896 decora
1287 1841 1545 1908 maribus,
1578 1859 1750 1912 neque
1776 1842 1980 1910 facilia,
2013 1845 2058 1899 si

465 1935 565 1989 sibi
609 1935 694 1988 illa
722 1948 981 2002 usurpire
1012 1933 1294 1987 voluerint.
1327 1933 1418 1987 Est
1443 1934 1584 1988 enim
1625 1946 1677 1988 et
1730 1934 1830 1988 hoc
1865 1935 2057 1989 divina:

469 2027 846 2095 providentia',
893 2023 1033 2094 quod
1079 2025 1124 2078 is
1151 2024 1319 2093 quiin
1365 2024 1656 2093 majoribus
1708 2027 1932 2096 negotiis
1975 2035 2058 2081 est

468 2119 648 2181 utilis,
683 2119 732 2171 in
761 2115 1055 2170 minoribus
1099 2115 1364 2184 reperitur
1383 2114 1643 2179 deterior,
1673 2124 1727 2169 ut
1759 2117 2056 2170 necessaria

465 2210 536 2264 sit
565 2211 845 2264 mulierum
874 2223 1057 2276 opera.
1081 2205 1136 2262 Si
1165 2207 1308 2261 enim
1335 2207 1387 2261 in
1418 2208 1655 2276 utrisque
1679 2209 1757 2262 vir
1782 2207 2058 2278 praece'le-

467 2312 586 2366 ret,
621 2300 775 2356 facile
797 2309 1231 2355 contemneretur
1251 2314 1420 2369 genus
1447 2299 1735 2354 femineum
1764 2317 1776 2351 :
1801 2313 1986 2354 contra
2013 2301 2057 2353 si

467 2395 522 2448 in
553 2391 1009 2461 prmstantiorihus
1041 2389 1211 2458 major
1239 2398 1381 2442 esset
1412 2404 1538 2442 usus
1584 2389 1894 2456 mulierum,
1944 2391 2052 2458 ple-

469 2501 553 2538 nae
579 2491 761 2538 essent
790 2481 1089 2536 insolentia.
1140 2479 1497 2548 Quamobrem
1525 2496 1630 2534 non
1671 2482 1938 2536 commisit
1965 2482 2056 2536 uni

469 2583 724 2643 utraque,
758 2588 824 2625 ne
855 2571 1073 2624 alterius
1099 2570 1310 2640 generis
1336 2570 1574 2624 deterior
1623 2573 1778 2626 fieret
1819 2573 2059 2628 conditio

466 2678 526 2722 ut
551 2664 932 2734 supervacanei
969 2681 980 2715 :
1016 2671 1113 2716 nec
1158 2673 1332 2716 tamen
1362 2677 1430 2716 ex
1468 2679 1620 2732 :equo
1645 2663 1916 2718 distribuit
1939 2666 2060 2718 ofﬁ-

466 2758 545 2811 cia
567 2795 583 2821 ,
617 2773 686 2810 ne
732 2755 869 2808 inter
897 2764 1135 2822 :cquatos
1174 2752 1377 2808 honore
1408 2753 1641 2807 oriretur
1667 2754 1733 2808 de
1762 2757 2059 2824 principatu

469 2847 768 2912 contentio,
790 2843 1050 2899 uxoribus
1069 2859 1174 2897 non
1201 2844 1538 2913 dignantibus
1557 2845 1686 2896 viris
1714 2845 2058 2914 pra:rogativa

471 2938 667 2994 cedere
720 2954 733 2990 :
783 2935 877 2988 sed
908 2948 1012 3004 quo
1037 2943 1090 2986 et
1135 2933 1436 2987 cuneordiw
1467 2944 1518 2986 et
1560 2934 1763 2994 decoro
1777 2950 2062 3005 prospec-

467 3040 581 3096 ret,
610 3030 678 3082 ita
703 3027 891 3082 ordine
911 3039 1034 3079 suas
1055 3025 1245 3093 cuique
1267 3017 1743 3078 sexuifunctiones
1759 3025 2057 3092 distribuit,

469 3134 526 3177 ut
571 3120 753 3175 utilior
795 3133 859 3172 ac
897 3117 1063 3187 magis
1103 3118 1404 3174 necessaria
1433 3131 1553 3184 pars
1581 3116 1699 3170 viro
1721 3117 2020 3188 obtingeret
2043 3158 2061 3186 ,

471 3214 642 3267 minor
682 3219 862 3266 autem
895 3216 948 3263 et
985 3206 1478 3272 inferiorfeminzc;
1507 3217 1562 3262 ct
1585 3207 1671 3262 ille
1691 3209 1904 3278 quidem
1937 3227 2064 3278 pro-

469 3317 586 3376 pter
617 3304 944 3374 prmeipuum
972 3300 1052 3354 sui
1081 3315 1234 3353 usum
1260 3301 1410 3352 fieret
1433 3298 1779 3365 honorabilis,
1806 3301 1920 3356 hzcc
1938 3317 2063 3354 vero

469 3408 686 3469 propter
717 3396 901 3450 viliora
925 3394 1215 3447 ministeria
1239 3403 1421 3446 contra
1451 3394 1733 3463 conjugem
1757 3411 1863 3447 non
1891 3397 2064 3449 insur-

466 3498 637 3561 geret.

539 3579 669 3635 Sola
709 3579 868 3632 virtus
903 3587 952 3630 et
990 3593 1190 3630 morum
1225 3577 1444 3645 probitas
1499 3577 1549 3628 in
1579 3592 1738 3630 uxore
1766 3579 2057 3646 quwrenda.

475 3672 519 3727 ΙΙ
522 3673 660 3727 xoris
675 3671 844 3724 divitis
861 3668 1398 3723 incommoda.—ll:nc
1420 3668 1577 3738 igitur
1603 3685 1788 3722 omnes
1799 3687 1918 3724 cum
1933 3674 2066 3725 scia-

470 3781 610 3831 mus,
642 3779 806 3818 unum
843 3770 1044 3815 Lamum
1061 3774 1386 3830 quaeramus,
1406 3775 1597 3829 nempe
1615 3761 1862 3814 virtutem
1880 3763 2062 3829 animi,

469 3867 524 3911 et
550 3864 756 3910 uterum
778 3853 1043 3924 egregiam
1065 3851 1318 3916 indolem,
1341 3862 1398 3904 ut
1416 3865 1543 3920 pace
1562 3852 1818 3919 fruamur,
1842 3864 1895 3906 et
1917 3837 2066 3908 oble-

472 3958 680 4002 ctemnr
704 3943 989 4000 concordia
1017 3952 1371 4012 perpetuaque
1399 3944 1782 3998 benevolentia.
1803 3945 1902 4012 Qui
1924 3948 2065 4001 enim

471 4039 692 4094 divitem
713 4037 864 4091 duxit
888 4050 1106 4090 uxorem
1129 4076 1143 4101 ,
1172 4035 1440 4088 dominam
1469 4038 1638 4106 magis
1666 4038 1766 4094 sibi
1792 4041 2063 4107 QUIBSltil,

472 4145 630 4199 quam
659 4130 960 4197 eonjugem.
989 4125 1119 4181 Cum
1139 4126 1278 4180 enim
1297 4127 1564 4196 etabsque
1585 4127 1689 4182 hoc
1713 4131 1962 4186 mulieres
1984 4133 2066 4185 in-

474 4222 632 4290 genio
659 4220 891 4289 superbo
911 4218 1012 4271 sint
1034 4217 1357 4286 honorisque
1386 4217 1598 4287 cupido,
1629 4219 1672 4272 si
1694 4236 1829 4287 epes
1855 4237 2067 4291 quoque

477 4314 834 4373 accesserint,
874 4308 1142 4380 quomodo
1172 4318 1330 4362 erunt
1359 4311 1563 4364 maritis
1595 4312 1941 4367 tolerabiles?
1967 4316 2066 4383 Qui

477 4411 655 4457 autem
698 4400 957 4471 aqualem
998 4400 1186 4463 duxit,
1215 4408 1307 4452 aut
1338 4400 1527 4467 opibus
1554 4400 1652 4454 sibi
1684 4403 1972 4471 imparem,
2002 4406 2068 4459 iis

475 4492 791 4562 adjutricem
833 4492 980 4545 duxit
1019 4500 1073 4545 et
1116 4491 1312 4544 sociam
1336 4531 1350 4554 ,
1394 4501 1448 4546 et
1475 4485 1652 4546 omnia
1681 4495 1816 4548 bona
1846 4498 1955 4552 suis
1988 4498 2069 4551 iu-

475 4590 630 4642 duxit
673 4586 896 4640 atdibus.
951 4583 1067 4654 Ipsa
1117 4586 1258 4638 enim
1311 4587 1638 4654 paupertatis
1682 4591 1973 4644 necessitas
2017 4593 2065 4644 ei

481 4679 800 4750 persuadet,
833 4688 890 4731 ut
917 4678 1166 4730 maritum
1193 4677 1334 4730 colat
1365 4678 1534 4732 modis
1561 4680 1808 4735 omnibus
1829 4722 1843 4747 ,
1871 4681 2068 4737 cedens

477 4772 556 4828 illi
601 4778 657 4826 et
699 4772 1000 4839 obsequens
1045 4783 1137 4837 per
1176 4769 1354 4822 omnia
1399 4786 1412 4822 :
1450 4771 1631 4839 sicque
1669 4775 2025 4829 contentionis
2050 4816 2066 4840 ,

476 4867 641 4931 rix.t-,
689 4862 1018 4922 insolentim,
1065 4861 1510 4914 contumeliarum
1554 4863 1774 4916 materia
1821 4865 2064 4920 tollitur:

480 4957 626 5025 pacis
650 4965 827 5009 autem
852 4995 868 5021 ,
895 4953 1216 5018 concordiae,
1243 4952 1544 5006 dilectionis
1564 4969 1962 5026 consensusque
1982 4973 2070 5012 ac-

476 5047 620 5101 cedit
669 5045 957 5100 vinculum.
1008 5045 1119 5099 Pax
1179 5045 1336 5114 igitur
1378 5054 1432 5099 et
1469 5045 1701 5114 jucunda
1742 5050 2070 5104 consuetudo

477 5137 766 5206 qua:renda
809 5145 918 5201 est,
966 5151 1072 5189 non
1112 5136 1352 5204 pecunia.
1387 5133 1442 5188 In
1471 5135 1571 5189 hoc
1597 5135 1791 5190 factum
1820 5147 1905 5192 est
1932 5155 2066 5194 con-

476 5231 673 5299 jugimn
695 5269 711 5294 ,
742 5244 845 5282 non
874 5239 932 5282 ut
957 5229 1087 5282 rixis
1115 5229 1268 5297 plena
1300 5229 1370 5282 sit
1393 5227 1583 5282 domus
1606 5238 1658 5284 et
1680 5229 1853 5298 bello,
1880 5248 1983 5285 non
2011 5241 2068 5286 ut

474 5323 598 5376 lites
641 5321 818 5374 adsint
857 5329 912 5374 et
955 5321 1260 5383 contentio,
1305 5335 1409 5372 non
1454 5330 1508 5373 ut
1538 5324 1736 5376 mutuis
1765 5321 2068 5378 laboremus

471 5411 730 5474 dissidiis,
754 5420 809 5466 et
831 5410 910 5465 sic
940 5412 1179 5465 vivamus
1211 5421 1268 5464 ut
1297 5411 1419 5464 vitae
1451 5411 1641 5466 tatdeat
1674 5430 1687 5466 :
1721 5413 1812 5466 sed
1839 5423 1895 5468 ut
1922 5413 2068 5468 frua-

474 5523 596 5563 mur
617 5504 914 5577 adjutorio,
937 5513 992 5558 et
1032 5514 1240 5573 portum
1269 5503 1558 5558 habeamus
1578 5546 1592 5570 ,
1619 5504 1878 5574 refugium
1915 5516 2073 5577 atque

471 5599 722 5654 solatium
743 5638 759 5662 ,
789 5611 896 5667 quo
922 5595 1091 5650 levius
1121 5594 1355 5649 feramus
1385 5596 1719 5650 incommoda
1745 5635 1761 5661 ,
1796 5608 1960 5668 utque
1981 5598 2071 5667 ju-

477 5689 660 5743 :undis
704 5689 886 5743 uxoris
923 5701 1228 5741 recreemur
1255 5687 1552 5756 colloquiis.
1580 5686 1718 5753 Quot
1743 5689 1934 5742 divites
1962 5689 2059 5743 du-

469 5783 575 5836 ctis
611 5781 876 5855 opulentis
922 5777 1205 5846 uxoribus,
1241 5791 1301 5832 re
1329 5787 1479 5833 aucta
1510 5778 1817 5833 exciderunt
1847 5793 1877 5831 a
1908 5778 2057 5833 volu-

3645 353 3748 406 252

2165 467 2314 527 ptate
2344 459 2649 512 concordia.-
2670 500 2684 522 ,
2718 475 2785 514 ne
2816 475 2998 514 mensa
3031 461 3242 529 quidem
3275 472 3490 519 vacante
3520 482 3547 516 a
3581 470 3764 536 quoti-g

2163 547 2336 602 diariis
2362 549 2549 617 pugnis
2567 558 2621 602 et
2643 553 3116 604 contentionibus?
3144 565 3270 623 quot
3293 571 3556 624 pauperes
3583 559 3753 611 ductis

2166 638 2328 693 etiam
2357 641 2761 709 pauperioribus
2789 643 2968 695 vivunt
2996 645 3048 697 in
3071 661 3230 715 pace,
3255 658 3308 700 et
3328 648 3618 703 admodum
3651 651 3751 706 laeti

2162 731 2329 785 solem
2378 731 2519 785 lmuc
2560 733 2856 802 aspiciunt;
2891 735 3081 790 divites
3110 747 3292 792 contra
3321 741 3569 795 omnibus
3597 741 3751 796 afﬂu-

2161 829 2315 876 entes
2341 821 2548 876 deliciis
2569 864 2582 887 ,
2620 835 2836 894 propter
2864 841 3059 879 uxores
3085 827 3243 879 vitam
3275 845 3496 883 exosam
3525 830 3723 888 habent
3745 872 3760 896 ,

2161 923 2216 969 et
2255 925 2483 968 mortem
2528 917 2664 970 votis
2702 920 3003 988 expetunt?
3046 920 3181 974 adeo
3225 923 3367 977 nulla
3394 934 3476 977 est
3507 928 3754 994 pecunia-

2161 1025 2280 1063 rum
2321 1010 2549 1074 utilitas,
2591 1011 2690 1066 nisi
2730 1011 2781 1066 in
2827 1015 3016 1066 bonam
3060 1014 3289 1068 animam
3340 1017 3646 1072 inciderint.
3690 1019 3754 1074 Et

2160 1101 2287 1170 quid
2313 1116 2448 1172 opus
2477 1113 2561 1156 est
2587 1102 2655 1157 de
2676 1118 2805 1172 pace
2833 1105 2975 1174 loqui
3001 1115 3055 1159 et
3083 1108 3364 1160 concnrdia
3387 1150 3403 1175 ,
3431 1111 3650 1178 quando
3675 1112 3752 1165 di-

2162 1193 2350 1246 tiorem
2395 1193 2612 1249 duxisse
2653 1209 3047 1266 nonnumquam
3093 1195 3160 1250 ad
3211 1199 3461 1266 pecunias
3489 1202 3754 1268 parandas

2159 1281 2258 1338 fuit
2284 1283 2656 1340 obstaculum?
2684 1285 2769 1340 Fit
2788 1287 2929 1340 enim
2960 1287 3226 1342 interdum
3250 1301 3304 1342 ut
3326 1291 3414 1359 qui
3439 1301 3608 1345 totam
3631 1293 3754 1346 sub-

2161 1378 2412 1432 stantiam
2444 1379 2495 1431 iu
2521 1379 2830 1434 accessione
2855 1379 2996 1434 dotis
3023 1383 3223 1434 uxoria:
3253 1384 3569 1449 contribuit,
3597 1386 3754 1454 paulo

2160 1479 2281 1539 post
2323 1471 2392 1524 ob
2440 1472 2778 1524 immaturum
2827 1471 3070 1541 conjugis
3114 1473 3316 1527 obitum
3363 1483 3526 1529 totam
3575 1477 3752 1532 dotem

2162 1579 2448 1617 nmnerare
2490 1572 2712 1633 cogatur
2736 1563 2987 1618 affinibus
3017 1582 3028 1615 :
3060 1573 3114 1618 et
3139 1566 3590 1634 quemadmodum
3621 1585 3753 1622 nau-

2161 1656 2288 1724 fragi
2330 1664 2548 1709 enatant
2585 1655 2728 1709 nudo
2766 1672 2990 1724 corpore
3015 1697 3030 1721 ,
3070 1658 3140 1710 ita
3172 1666 3226 1712 et
3254 1657 3340 1713 hic
3372 1669 3492 1729 post
3519 1669 3598 1714 tot
3622 1676 3752 1715 con-

2163 1749 2460 1813 tentiones,
2496 1749 2638 1802 rixas
2658 1789 2674 1814 ,
2710 1750 2830 1802 lites
2860 1759 2914 1804 et
2938 1750 3157 1819 injurias
3183 1767 3323 1821 aegre
3352 1762 3566 1808 tueatur
3595 1755 3754 1810 liber-

2162 1849 2322 1894 tatem
2363 1841 2621 1908 corporis.
2669 1841 2734 1895 Et
2761 1843 2898 1896 sicut
2927 1842 3255 1899 insatiabiles
3285 1847 3642 1914 negotiatores
3670 1864 3756 1902 re-

2161 1931 2300 2000 pleta
2345 1932 2462 1984 navi
2507 1931 2801 1987 innumeris
2841 1934 3100 1998 seminis,
3139 1943 3193 1990 et
3228 1937 3495 2006 congestis
3523 1937 3758 2007 pluribus

2159 2040 2319 2094 quam
2367 2024 2588 2093 perferri
2628 2027 2834 2093 possint
2875 2027 3159 2093 oneribus,
3191 2041 3369 2082 merso
3397 2029 3615 2098 navigio
3641 2045 3762 2099 per-

2160 2115 2292 2168 dunt
2337 2115 2514 2170 omnia
2547 2131 2562 2169 :
2596 2116 2666 2170 ita
2709 2125 2764 2170 et
2791 2117 2879 2183 qui
2909 2131 3215 2188 praegraves
3243 2117 3434 2187 opibus
3463 2131 3761 2190 sequuntur

2161 2207 2372 2275 nuptias
2393 2249 2409 2272 ,
2439 2207 2565 2261 dum
2595 2208 2851 2276 majorem
2876 2223 2971 2276 per
2995 2209 3300 2277 conjugium
3331 2209 3550 2279 adipisci
3577 2228 3639 2265 se
3668 2227 3761 2280 pu-

2162 2307 2272 2352 tant
2303 2298 2685 2365 substantiam,
2724 2299 2976 2353 amittunt
3013 2309 3063 2355 et
3105 2315 3222 2354 eam
3247 2339 3266 2366 ,
3303 2316 3421 2370 quae
3455 2301 3606 2370 prius
3637 2302 3762 2372 ipsis

2161 2391 2331 2444 fu.:rat
2355 2407 2368 2452 ;
2398 2392 2535 2444 sicut
2565 2394 2707 2445 enim
2734 2391 2840 2446 illic
2867 2393 3024 2446 unius
3051 2393 3244 2447 ﬂuctus
3271 2393 3472 2462 impetu
3494 2395 3647 2448 navis
3667 2410 3761 2463 op-

2163 2483 2407 2551 primitur
2439 2501 2452 2536 :
2485 2483 2564 2537 sic
2584 2491 2638 2537 ct
2658 2481 2744 2537 hic
2767 2483 3047 2536 immatura
3075 2495 3222 2537 mors
3244 2484 3484 2554 conjugis
3510 2500 3764 2555 superve-

2162 2575 2315 2628 niens
2331 2591 2452 2628 cum
2482 2591 2647 2630 uxore
2671 2577 2830 2630 etiam
2864 2594 2974 2631 rem
3004 2594 3218 2634 omnem
3247 2581 3426 2650 eripit.

2233 2667 2287 2720 5.
2340 2665 2466 2720 lltec
2508 2667 2668 2735 igitur
2691 2670 2867 2721 omnia
2895 2670 3192 2738 cogitantes
3224 2686 3331 2725 non
3360 2672 3614 2740 pecunias
3638 2689 3761 2742 spe-

2163 2765 2367 2810 ctemus
2390 2797 2406 2822 ,
2435 2757 2529 2810 sed
2550 2758 2865 2827 probitatem
2891 2800 2906 2824 ,
2930 2759 3262 2814 honestatem
3285 2803 3300 2824 ,
3324 2771 3378 2815 et
3400 2764 3760 2831 prudentiam.

2159 2848 2354 2902 Mulier
2399 2849 2544 2904 enim
2591 2849 2846 2915 cordata,
2899 2854 3155 2920 probata,
3200 2854 3442 2908 modesta
3469 2896 3482 2918 ,
3525 2857 3598 2909 sit
3641 2857 3765 2910 licet

2166 2956 2366 3011 pauper
2384 2984 2398 3009 ,
2427 2951 2798 3012 paupertatem
2821 2944 3155 2999 commodius
3177 2944 3309 3000 feret
3333 2962 3493 3016 quam
3514 2947 3759 3001 divitias:

2164 3033 2304 3086 sicut
2341 3043 2528 3087 contra
2574 3049 2787 3088 morosa
2815 3073 2833 3101 ,
2873 3035 3237 3101 contentiosa,
3279 3045 3334 3090 et
3368 3037 3758 3104 intemperans,

2165 3124 2371 3176 etiamsi
2405 3125 2644 3193 ingentes
2673 3123 2953 3178 thesauros
2979 3125 3030 3178 in
3054 3126 3256 3180 :edibns
3285 3127 3554 3192 inveniat,
3581 3132 3763 3197 quavis

2169 3215 2396 3282 procella
2419 3217 2577 3269 citius
2603 3231 2696 3269 eos
2724 3215 2977 3286 dissipat,
3006 3217 3357 3286 maritumque
3377 3230 3430 3272 et
3454 3230 3764 3288 paupertate

2167 3317 2220 3360 ct
2250 3307 2542 3360 innumeris
2568 3307 3214 3361 involvitcalamitatibus.
3239 3307 3352 3362 Non
3377 3310 3535 3378 igitur
3555 3310 3766 3364 divitias

2167 3413 2505 3466 qumramus,
2543 3397 2638 3454 scd
2678 3415 2796 3468 quae
2841 3410 3134 3470 praesentes
3175 3399 3458 3456 facultates
3491 3402 3765 3472 dispenset

2167 3490 2469 3543 Commode.

2239 3581 2341 3633 Car
2380 3583 2663 3635 institutum
2709 3583 2860 3655 fuerit
2900 3585 3213 3654 conjugt'um.
3274 3583 3580 3653 Exemplum
3611 3587 3761 3639 Abra-

2168 3665 2306 3718 Itami
2337 3665 2445 3732 [ilio
2470 3684 2561 3720 suo
2597 3684 2806 3721 uxorem
2832 3671 3121 3740 quaerentis.
3154 3699 3226 3708 —
3253 3671 3390 3723 Ante
3415 3674 3599 3723 omnia
3625 3672 3762 3725 disce

2169 3775 2414 3830 quamam
2443 3760 2602 3815 fuerit
2624 3777 2781 3816 causa
2809 3761 3063 3833 conjugii,
3086 3770 3141 3817 et
3161 3763 3510 3833 quamobrem
3541 3764 3594 3817 in
3622 3779 3760 3818 com-

2169 3869 2385 3908 munem
2417 3855 2575 3907 vitam
2607 3854 2965 3910 introductum
2988 3855 3076 3921 sit,
3100 3871 3200 3911 nec
3218 3856 3504 3927 quidquam
3527 3858 3763 3928 requiras

2171 3946 2422 4015 amplius.
2465 3947 2594 4012 Qua:
2635 3947 2790 4016 igitur
2827 3945 2925 4000 fuit
2952 3963 3112 4002 causa
3139 3948 3406 4017 conjugii,
3433 3958 3486 4003 et
3513 3963 3614 4002 cur
3640 3947 3758 4004 illud

2171 4034 2354 4089 datum
2395 4046 2476 4089 est
2515 4035 2812 4090 divinitus?
2839 4037 2976 4091 Audi
3008 4038 3227 4091 Paulum
3258 4037 3559 4104 dicentem,
3595 4038 3761 4092 Adri-

2170 4126 2352 4180 taudas
2391 4137 2557 4179 autem
2596 4128 2922 4181 scorlatioues
2949 4130 3156 4199 quisque
3188 4145 3332 4182 suam
3359 4146 3570 4183 uxorem
3593 4130 3761 4182 habent

2177 4218 2254 4288 (l.
2285 4215 2400 4272 Cor.
2437 4218 2490 4272 7.
2517 4218 2595 4288 2).
2642 4219 2757 4273 Non
2801 4219 2972 4286 dixit,
3020 4219 3086 4275 Ut
3115 4222 3342 4276 evitetur
3369 4233 3686 4290 paupertas.
3713 4227 3766 4274 et

2174 4319 2429 4378 parentur
2465 4309 2665 4364 divitiae
2712 4329 2726 4366 :
2770 4312 2865 4366 sed
2895 4311 3058 4381 quid?
3084 4311 3152 4368 Ut
3181 4312 3565 4366 scortationem
3599 4314 3760 4368 evite-

2173 4415 2323 4465 mus,
2372 4410 2430 4455 ut
2473 4402 2818 4456 moderemur
2861 4403 3348 4473 concupiscentiam
3374 4445 3392 4470 ,
3441 4413 3498 4458 ut
3531 4407 3766 4458 vivamus

2174 4493 2384 4561 sobrie,
2433 4505 2490 4548 ut
2532 4494 2640 4548 Deo
2681 4495 2987 4563 placeamus
3024 4497 3261 4550 contenti
3301 4512 3470 4551 uxore
3509 4498 3714 4568 pr0pria
3747 4516 3762 4549 :

2177 4584 2277 4638 hoc
2324 4586 2479 4640 nobis
2521 4585 2677 4640 afl'crt
2723 4588 3061 4657 conjugium,
3115 4588 3200 4642 hic
3247 4589 3363 4658 ejus
3403 4589 3770 4657 fructus,hoc

2178 4677 2302 4732 inde
2327 4678 2531 4732 lucrum
2559 4687 2660 4732 est.
2691 4677 2830 4732 Cave
2860 4679 3018 4748 igitur
3045 4678 3257 4732 omissis
3282 4680 3583 4748 potioribus
3603 4691 3775 4734 secte-

2177 4769 2252 4822 ris
2280 4784 2398 4838 quae
2428 4771 2652 4824 minoris
2676 4780 2801 4824 sunt
2830 4771 2986 4838 pretii
3012 4788 3025 4824 :
3059 4786 3210 4824 mens
3240 4772 3382 4825 enim
3411 4772 3594 4826 sobria
3619 4771 3774 4838 longe

2176 4870 2397 4928 praestat
2422 4859 2642 4916 divitiis.
2672 4860 2784 4916 Hoc
2811 4862 2951 4915 enim
2984 4878 3148 4916 unum
3174 4863 3227 4916 in
3251 4862 3500 4933 conjugio
3527 4873 3778 4932 spectan-

2175 4953 2299 5007 dum
2327 4964 2409 5008 est
2436 4954 2665 5007 maxime
2689 4995 2704 5017 ,
2733 4963 2789 5007 ut
2819 4964 3094 5023 peccatum
3127 4955 3475 5024 eﬂ'ugiamus,
3499 4967 3556 5009 ut
3575 4957 3778 5008 immu»

2175 5063 2270 5100 nes
2313 5046 2480 5101 simus
2523 5062 2551 5100 a
2594 5047 3009 5100 scortationibus
3055 5064 3068 5100 :
3106 5047 3158 5100 itt
3191 5049 3290 5100 hoc
3314 5046 3619 5115 quaerenda:
3645 5055 3785 5098 sunt

2177 5138 2374 5206 nupti:e
2399 5178 2414 5203 ,
2444 5147 2500 5191 ut
2529 5137 2594 5190 ad
2627 5140 2786 5191 vitam
2814 5138 3002 5207 pudice
3023 5137 3320 5207 degendam
3349 5152 3448 5191 nos
3477 5137 3731 5206 adjuveut
3763 5155 3776 5188 :
3803 5139 3806 5141 λ

2176 5229 2317 5298 quod
2347 5230 2416 5282 ita
2445 5229 2658 5283 demum
2689 5229 2922 5282 futurum
2951 5239 3031 5283 est
3057 5270 3071 5293 ,
3100 5231 3143 5282 si
3172 5228 3292 5282 talis
3311 5244 3508 5298 sponsa
3538 5229 3785 5296 contige—

2176 5320 2274 5386 rit,
2307 5335 2425 5389 qua:
2452 5319 2514 5373 ad
2547 5320 2823 5388 pietatem,
2857 5319 2924 5372 ad
2950 5321 3355 5389 temperantiam
3377 5331 3430 5372 et
3453 5318 3782 5388 probitatem

2177 5426 2274 5463 nos
2305 5423 2548 5480 magnam
2581 5411 2803 5480 redigat.
2845 5410 3097 5481 Corporis
3126 5411 3268 5465 enim
3302 5411 3639 5480 pulchritudo
3665 5411 3787 5465 nisi

2175 5502 2513 5569 conjunctam
2557 5500 2751 5556 habeat
2782 5502 3033 5557 virtutem
3079 5501 3274 5568 animi,
3308 5502 3504 5572 poterit
3553 5500 3789 5571 quidem

2178 5595 2428 5648 maritum
2473 5610 2644 5662 usque
2682 5594 2748 5648 ad
2775 5594 2960 5649 decem
2987 5602 3078 5648 aut
3106 5595 3323 5665 viginti,
3352 5594 3631 5663 trigintave
3655 5592 3792 5647 dies

2174 5700 2403 5754 capere,
2459 5685 2552 5740 sed
2599 5686 2841 5740 eamdem
2891 5688 2999 5740 vim
3045 5702 3152 5741 non
3193 5687 3457 5743 obtinebit
3507 5686 3748 5740 ulterius
3776 5723 3799 5753 ,

2173 5779 2314 5847 quod
2359 5778 2682 5833 incentivum
2732 5780 2856 5834 illud
2901 5783 3100 5836 amoris
3146 5789 3401 5837 vanescat
3427 5780 3634 5835 deteCta
3667 5794 3799 5835 ma-
