3990 6358
224 319 326 376 231

223 432 501 503 ἡμέτερον
528 430 621 484 δύο
660 434 835 486 ταῦτα
873 438 1200 505 συγκροτεῖν
1233 437 1392 489 εἴωθε
1413 478 1428 503 ,
1459 437 1530 490 τὰ
1569 436 1824 489 πολιτικά

221 517 314 568 καὶ
345 516 592 568 ἰδιωτικὰ
627 517 932 586 πράγματα
956 560 971 584 ,
1029 517 1221 572 διελὼν
1250 520 1541 591 ἀμφότερα
1589 519 1760 572 ταῦτα
1796 521 1824 571 ό

218 598 373 660 Θεὸς,
394 599 569 669 ταύτῃ
594 601 693 670 μὲν
719 601 818 670 τὴν
839 603 940 672 τῆς
965 601 1143 665 οίκίας
1167 604 1505 672 προστασίαν
1531 604 1820 673 ἀπένειμε,

221 683 333 740 τοῖς
375 681 433 733 δὲ
463 682 690 752 ἀνδράσι
723 683 792 736 τά
835 685 939 753 τῆς
978 684 1184 747 πόλεως
1220 685 1434 738 ἅπαντα
1481 688 1820 758 πράγματα,

219 764 287 816 τά
316 780 379 815 τε
427 765 520 817 ἐπὶ
569 766 674 835 τῆς
721 768 966 838 ἀγορᾶς,
1014 767 1384 839 δικαστήρια,
1422 770 1778 842 βουλευτήρια
1805 813 1820 836 ,

221 849 583 916 στρατηγίας,
633 849 702 901 τὰ
736 850 872 903 ἄλλα
901 852 1096 906 πάντα.
1152 853 1230 905 Οὐ
1275 853 1497 905 δύναται
1541 856 1822 910 ἀκοντίσαι

217 925 371 998 δόρυ,
401 931 524 984 οὐδὲ
547 933 764 1000 ἀφεῖναι
797 933 949 1003 βέλος
969 937 1002 1005 ἡ
1031 937 1190 1006 γυνή’
1219 936 1334 989 ἀλλ’
1360 937 1640 1007 ἠλακάτην
1663 939 1822 993 δύνα-

217 1030 308 1065 ται
337 1013 545 1080 λαϐεῖν,
582 1019 676 1069 καὶ
705 1019 849 1070 ἱστὸν
877 1020 1101 1088 ὑφάναι,
1148 1021 1240 1073 καὶ
1269 1021 1334 1073 τὰ
1365 1021 1502 1075 ἄλλα
1543 1023 1723 1076 πάντα
1751 1025 1822 1078 τά

221 1097 364 1149 κατά
394 1098 494 1169 τὴν
517 1099 692 1152 οἰκίαν
714 1101 978 1157 διαθεῖναι
1001 1105 1204 1168 καλῶς,
1233 1106 1307 1157 Οὐ
1338 1105 1560 1160 δύναται
1594 1108 1820 1180 γνώμην

218 1182 629 1251 εἰσηγήσασθαι
657 1185 715 1236 ἐν
743 1184 1115 1258 βουλευτηρίῳ
1139 1204 1152 1216 θ
1187 1188 1322 1242 ἀλλὰ
1344 1189 1566 1244 δύναται
1594 1192 1820 1263 γνώμην

219 1266 626 1335 εἰσηγήσασθαι
657 1270 714 1319 ἐν
744 1270 912 1340 οἰκίᾳ,
946 1272 1040 1324 καὶ
1069 1271 1331 1336 πολλάκις
1358 1274 1502 1345 ἅπερ
1530 1277 1768 1328 συνεῖδεν
1791 1277 1818 1328 ὁ

220 1347 357 1417 ἀνὴρ
387 1348 498 1399 τῶν
537 1349 680 1402 κατά
706 1351 804 1422 τὴν
851 1354 1050 1416 οἰκίαν,
1107 1355 1318 1424 βέλτιον
1366 1357 1505 1428 αὐτη
1556 1360 1814 1412 συνεῖδεν.

221 1431 295 1480 Οὐ
329 1429 556 1483 δύναται
591 1432 659 1485 τά
687 1433 923 1503 δημόσια
953 1436 1216 1490 διαθεῖναι
1258 1440 1460 1503 καλῶς·
1496 1441 1632 1494 άλλά
1654 1442 1817 1494 δύναο

217 1528 307 1563 ται
344 1513 534 1566 παιδία
555 1513 843 1586 διαθρέψαι
879 1519 1079 1582 καλῶς,
1121 1522 1180 1573 τὸ
1216 1523 1510 1591 κεφάλαιον
1549 1525 1656 1578 τῶν
1686 1543 1820 1595 κτη-

223 1597 412 1663 μάτων
439 1613 450 1623 ·
490 1595 714 1650 δύναται
746 1600 1144 1671 θεραπαινίδων
1176 1606 1512 1674 κακουργίας
1552 1607 1781 1660 συνιδεῖν
1801 1647 1816 1669 ,

219 1677 309 1729 καὶ
341 1679 703 1749 σωφροσύνης
755 1683 1154 1756 ἐπιμεληθῆναι
1201 1687 1310 1740 τῶν
1344 1689 1778 1760 διακονουμένων
1801 1729 1816 1754 ,

218 1761 315 1828 τὴν
349 1760 520 1831 ἄλλην
553 1763 771 1817 ἃπασαν
819 1766 897 1836 τῷ
950 1769 1287 1823 συνοικοῦντι
1317 1773 1575 1843 παρέχειν
1601 1775 1814 1837 ἄδειαν,

218 1846 312 1897 καὶ
350 1847 533 1916 πάσης
585 1849 750 1902 αὐτὸν
795 1852 1054 1922 τοιαύτης
1101 1855 1410 1920 ἀπαλλάξαι
1455 1858 1732 1928 φροντίδος
1761 1861 1818 1912 ὲν

215 1930 409 1991 οἴκοις,
442 1931 731 2000 ταμιείων,
771 1935 1086 2007 ἐριουργίας
1110 1979 1124 2002 ,
1179 1940 1401 2009 ἀρίστου
1433 1943 1815 2012 παρασκευῆς,

219 2012 458 2094 ἱματίων
492 2014 904 2088 εὐσχημοσύνης
931 2059 944 2078 ,
977 2020 1086 2073 τῶν
1121 2021 1296 2074 ἀλλων
1336 2023 1591 2077 ἀπάντων
1620 2027 1819 2094 ἐπιμε-

214 2093 479 2166 λουμένη,
508 2099 650 2169 άπερ
682 2101 836 2172 ἀνδρὶ
890 2101 1016 2156 οὔτε
1062 2106 1380 2176 εὐπρεπὲς,
1426 2107 1550 2161 οὔτε
1596 2093 1819 2162 εὐκολον

260 2180 713 2262 εταχειρίσασθαί
746 2200 899 2247 ποτε,
920 2187 1024 2239 κᾶν
1055 2189 1226 2257 μυρία
1252 2191 1554 2260 φιλονεικῇ.
1583 2193 1691 2244 Καὶ
1712 2192 1820 2262 γάρ

217 2261 498 2316 καὶτοῦτο
524 2265 631 2334 τῆς
656 2266 748 2320 τοῦ
779 2269 916 2321 Θεοῦ
949 2271 1260 2343 φιλοτιμίας
1289 2275 1382 2328 καὶ
1413 2277 1605 2344 σοφίας
1635 2261 1817 2347 ἔργον,

219 2346 311 2398 τὸν
341 2348 403 2399 ἐν
441 2351 556 2412 τοῖς
592 2353 804 2421 μείζοσι
829 2359 1120 2426 χρήσιμον,
1151 2362 1208 2412 ἐν
1242 2363 1354 2423 τοῖς
1376 2359 1620 2414 ἐλάττοσι
1648 2346 1818 2416 κατα-

219 2430 504 2503 δεέστερον
532 2437 627 2486 καὶ
652 2437 923 2508 ἄχρηστον
952 2436 1112 2504 εἶναι,
1156 2443 1244 2496 ἵνα
1279 2446 1556 2512 ἀναγκαία
1591 2447 1818 2517 γένηται

214 2515 312 2602 τῇς
352 2517 618 2602 γυναικὸς
646 2521 678 2589 ή
715 2523 895 2591 χρεία.
933 2524 994 2576 El
1018 2525 1126 2596 γάρ
1157 2529 1214 2579 ἐν
1239 2527 1571 2598 ἀμφοτέροις
1599 2515 1818 2602 ἐποίησε

214 2597 302 2648 τὸν
351 2599 522 2668 ἄνδρα
551 2603 860 2672 ἐπιτήδειον
907 2602 1064 2671 εἶναι,
1116 2597 1596 2684 εὐκαταφρόνητον
1647 2614 1713 2667 ἂν
1758 2617 1820 2668 τὸ

214 2681 323 2733 τῶν
352 2685 634 2748 γυναικῶν
673 2689 890 2754 ἐγένετο
918 2693 1095 2760 γένος·
1130 2694 1310 2758 πάλιν,
1342 2681 1390 2747 εί
1414 2681 1691 2766 τὸμεῖζον
1727 2701 1820 2753 καὶ

214 2767 634 2839 χρησιμώτερον
664 2774 927 2844 ἐπέτρεψε
959 2779 1024 2847 τῇ
1059 2779 1318 2845 γυναικὶ,
1362 2779 1565 2851 πολλῆς
1617 2782 1682 2833 ἂν
1731 2784 1818 2835 ἐν·

214 2849 425 2919 ἐπλησε
462 2853 562 2916 τάς
591 2860 857 2922 γυναῖκας
900 2859 1000 2930 τῆς
1027 2861 1305 2926 ἀπονοίας.
1341 2863 1443 2915 Διά
1493 2849 1649 2918 τοῦτο
1693 2866 1816 2921 οὔτε

214 2931 512 3021 ἀμφότερα
551 2937 633 2989 ἐνὶ
678 2937 900 3021 ἔδωκεν,
951 2942 1038 2996 ἵνα
1080 2945 1154 3016 μὴ
1200 2945 1262 2998 τὸ
1307 2945 1493 3016 ἓτερον
1539 2947 1813 3021 ἐλαττωοῇ

214 3015 394 3078 γένος,
429 3017 524 3070 καὶ
560 3022 812 3091 περιττὸν
835 3019 974 3078 εἶναι
997 3015 1152 3098 δοκῇέ
1175 3028 1296 3082 οὐτε
1320 3015 1504 3099 ἐξίσης
1533 3015 1820 3103 ἀμφότερα.

216 3099 469 3185 ἐκατέρῳ
515 3102 822 3175 διένειμεν,
876 3108 963 3160 ἵνα
999 3110 1072 3180 μὴ
1111 3110 1274 3164 πάλιν
1302 3112 1368 3164 ἐκ
1403 3113 1502 3181 τῆς
1549 3099 1819 3185 ἰσοτιμίας

218 3181 478 3270 μάχηᾼτιᾼς
499 3185 723 3270 γένηται
744 3188 840 3242 καὶ
868 3190 1190 3258 φιλονεικία,
1211 3195 1312 3264 τῆς
1333 3196 1504 3266 αὐτῆς
1527 3181 1818 3270 προεδρίας

214 3267 330 3328 τοῖς
369 3266 596 3337 ἀνδράσι
625 3269 1044 3336 φιλονεικουσῶν
1073 3275 1354 3340 ἀξιοῦσθαι
1388 3280 1494 3332 τῶν
1516 3266 1814 3348 γυναικῶν·

217 3347 335 3398 ἀλλ’
371 3349 511 3417 ὁμοῦ
537 3354 748 3423 καὶτῆς
773 3356 996 3426 εἰρήνης
1031 3360 1294 3428 προνοῶν,
1326 3362 1423 3414 καὶ
1453 3363 1550 3434 τὴν
1579 3366 1820 3436 πρέπου⁹

217 3446 320 3482 σαν
369 3432 589 3503 ἑκάστῳ
641 3435 794 3500 τάξιν
828 3438 1124 3509 διατηρῶν,
1160 3443 1240 3506 εἰς
1274 3443 1366 3496 δύο
1407 3432 1580 3500 ταῦτα
1623 3432 1819 3503 ’διελὼν

217 3514 379 3582 ἡμῶν
412 3516 512 3586 τὴν
539 3516 705 3587 ζωὴν,
723 3519 785 3572 τὸ
811 3521 909 3590 μὲν
941 3525 1370 3596 ἀναγκαιότερον
1399 3528 1494 3580 καὶ
1525 3531 1817 3601 χρησιμώ-

215 3615 378 3686 τερον
418 3599 498 3668 τῷ
537 3603 690 3672 ἀνδρὶ
715 3644 730 3668 ,
781 3605 843 3657 τὸ
887 3605 945 3658 δὲ
1000 3606 1221 3660 ἔλαττον
1269 3609 1365 3662 καὶ
1397 3599 1819 3686 καταδεέστερον

215 3680 418 3734 δέδωκε
447 3687 514 3754 τῇ
546 3687 766 3752 γυναικί
795 3703 808 3715 °
858 3689 924 3743 ἵν’
958 3693 986 3743 ὁ
1024 3692 1123 3760 μέν
1151 3691 1240 3746 διά
1275 3693 1338 3746 τὸ
1381 3696 1680 3764 ἀναγκαῖον
1717 3680 1817 3769 τῆς

219 3765 410 3848 χρείας
443 3770 908 3839 περισπούδαστος
957 3776 1090 3844 ἡμῖν
1135 3771 1209 3846 ᾖ,
1257 3779 1291 3848 ή
1333 3777 1388 3830 δὲ
1426 3779 1516 3832 διὰ
1556 3781 1616 3833 τὸ
1649 3765 1818 3837 κατα-

217 3847 506 3919 δεέστερον
530 3853 628 3922 τῆς
657 3851 934 3918 διακονίας
959 3859 1032 3926 μὴ
1072 3858 1522 3923 κατεξανιστᾶται
1561 3865 1655 3918 τοῦ
1693 3883 1818 3918 συν-

217 3948 521 3996 οικουντος.

288 4016 460 4103 Ταῦτ’
505 4013 598 4070 οῦν
638 4018 876 4083 ἅπαντες
923 4021 1162 4090 εἰδότες,
1213 4023 1273 4077 ἓν
1329 4027 1490 4098 μόνον
1528 4029 1816 4103 ζητῶμεν,

216 4097 678 4189 ιξιυχῇςηάρετὴν.Δ
701 4103 797 4155 καὶ
853 4104 1136 4171 εὐγένειαν
1181 4109 1420 4178 τρόπων,
1459 4113 1546 4166 ἵνα
1585 4097 1817 4189 ⁷εἰρήνης

217 4181 614 4274 ἀπολαύωμεν,
657 4185 742 4274 ῖνα
776 4189 1135 4274 ἐντρυφῶμεν
1159 4192 1218 4244 ἐν
1239 4195 1462 4267 ὁμονοίᾳ
1502 4200 1596 4252 καὶ

216 4265 480 4334 διηνεκεῖ.
622 4268 721 4337 μὲν
760 4270 869 4341 γὰρ
907 4271 1143 4345 εὐπορον
1191 4274 1373 4330 λαϐὼν
1429 4265 1694 4350 γυναῖκα,
1729 4265 1818 4339 δέῖ

219 4363 454 4400 σπιιναν
496 4349 698 4417 μᾶλλον
721 4352 915 4406 ἐλαϐεν
945 4355 976 4426 ἢ
1009 4361 1264 4423 γυναῖκα.
1304 4362 1367 4414 Ei
1413 4365 1543 4436 γάρ,
1582 4368 1677 4420 καὶ
1711 4388 1820 4438 χω-

219 4433 534 4523 ρὶς-τούτου
556 4438 768 4523 ,Ᾱφρυνή
781 4438 947 4523 ματός
977 4442 1115 4494 εἰσιν
1144 4444 1201 4495 αί
1234 4433 1504 4513 γυναῖκες*
1532 4433 1820 4523 ἐμπεπλη-

220 4517 420 4584 σμέναι
444 4557 459 4576 ,
507 4518 598 4570 καὶ
631 4521 764 4589 πρὸς
796 4521 954 4592 δόξης
991 4525 1170 4596 ἔρωτα
1208 4517 1584 4600 εὐέμπτωτοι,
1623 4535 1689 4588 ἂν
1727 4517 1820 4589 καὶ

218 4599 804 4693 ταύτην-προσλάϐωσι
821 4607 920 4693 τὴν
946 4608 1284 4693 προσθήκην,
1303 4599 1421 4678 πῶς
1437 4615 1646 4670 ἔσονται
1671 4619 1726 4691 [‘2
1740 4622 1750 4671 Ι
1765 4620 1818 4693 8]

220 4685 463 4750 φοῃταὶ
499 4686 612 4747 τοῖς
656 4687 999 4742 συνοικοῦσιν
1039 4692 1264 4759 αὐταῖς;
1311 4697 1369 4748 '0
1401 4697 1458 4750 δὲ
1498 4685 1756 4772 ὁμότιμον

218 4764 560 4856 πειεστέραν
601 4768 779 4822 λαϐὼν
825 4776 1057 4839 γυναῖκα
1084 4817 1098 4838 ,
1146 4777 1339 4848 βοηθὸν
1385 4783 1481 4834 καὶ
1532 4764 1822 4856 σύμμαχού

442 4851 538 4901 καὶ
570 4851 746 4904 πάντα
776 4855 855 4916 είς
884 4857 980 4926 τὴν
1014 4859 1190 4912 οἰκίαν
1218 4847 1480 4934 εἰσήγαγε
1518 4867 1586 4920 τά
1607 4847 1819 4937 ἀγαθά.

231 4930 441 5024 ἸΙ-γάρ
487 4938 588 5022 τῇς
623 4937 813 5024 πενίας
843 4939 1059 5024 ἀνάγκη
1095 4930 1437 5014 θεραπεύειν
1463 4951 1633 5022 αὐτὴν
1669 4930 1823 5024 ’μετὰ

221 5010 425 5081 πολλῆς
475 5013 575 5080 τῆς
626 5017 946 5085 ἐπιμελείας
997 5010 1284 5077 ἀναπείθει
1335 5027 1426 5081 τὸν
1466 5010 1697 5102 ἄνδρα,’
1729 5035 1824 5088 καὶ

221 5094 408 5146 πάντα
455 5095 624 5148 εἴκειν
674 5099 770 5150 καὶ
828 5102 1133 5171 πείθεσθαι,
1191 5109 1286 5162 καὶ
1340 5110 1516 5182 ἔριδος
1565 5094 1685 5184 μὲν,
1731 5120 1826 5172 καὶ

223 5177 432 5247 μάχης,
463 5181 870 5272 καὶ-ἀπονοίας,
891 5187 984 5239 καὶ
1011 5186 1224 5260 ὕϐρεως
1254 5177 1433 5248 πᾶσαν
1456 5177 1824 5272 ἀναιρεῖνπρό-

221 5276 389 5325 φασιν
416 5278 428 5290 ’
459 5263 684 5350 εἰρήνης
727 5266 816 5331 δὲ,
853 5271 947 5322 καὶ
975 5273 1259 5342 ὁμονοίας,
1311 5280 1407 5332 καὶ
1452 5263 1694 5350 ἀγάπης,
1731 5263 1826 5338 καὶ

225 5343 556 5435 συμφωνίας
582 5347 791 5414 γίνεται
839 5351 1156 5425 σύνδεσμος.
1192 5360 1283 5431 Μὴ
1323 5363 1505 5416 τοίνυν
1532 5367 1688 5420 τοῦτο
1729 5367 1825 5440 ζη-

221 5425 611 5524 τῶμενξπως
656 5437 914 5504 χρήματα
946 5437 1180 5510 ἔχωμεν,
1233 5443 1345 5497 ἀλλ’
1377 5449 1525 5512 ὅπως
1577 5425 1822 5524 είρήνηύ,

225 5509 382 5608 ὅπως
418 5511 616 5585 ἡδονῆς
645 5517 1030 5592 ἀπολαύωμεν·
1067 5525 1156 5578 διὰ
1183 5527 1342 5581 τοῦτο
1371 5531 1574 5601 γάμος,
1738 5509 1825 5592 ἵνα

225 5601 606 5688 ΞωλιέμούκαὶἈ
642 5602 823 5688 μάχης
852 5606 952 5668 τὰς
981 5609 1160 5671 οίκίας
1190 5611 1578 5684 ἐμπιπλῶμεν,
1607 5601 1706 5688 οὐχ
1737 5621 1824 5674 ἵνα

225 5671 380 5772 ἕρεις
401 5681 507 5772 καὶ.
528 5684 864 5772 φιλονεικίας
895 5689 1132 5762 ἔχωμεν,
1159 5671 1256 5764 οὐχ
1293 5697 1378 5750 ἴνα
1403 5671 1538 5768 πρὸς
1559 5671 1824 5772 ἀλλήλους

226 5757 724 5853 διαστασιάζωμεν,
749 5771 844 5823 καὶ
869 5773 1102 5829 ἀϐίωτον
1129 5777 1220 5829 τὸν
1245 5778 1357 5846 βίον
1388 5757 1652 5853 πόιῶμεν,

235 5845 320 5897 ἵνα
358 5842 609 5916 βοηθείας
657 5851 1052 5926 ἀπολαύωμεν,
1100 5859 1192 5912 καὶ
1237 5860 1428 5931 λιμένα
1478 5842 1692 5934 ἔχ’ωμεν
1731 5873 1824 5925 καὶ

1188 324 1460 390 QUALES
1494 325 1840 382 DUCENDAE
1881 325 2035 381 SINT
2092 325 2392 382 UXORES.
2437 328 2523 386 Ill.

3411 301 3530 372 ετξ

1933 435 2278 506 καταφυγὴν,
2303 435 2397 488 καὶ
2425 432 2776 506 παραμυθίαν
2793 430 2901 484 τῶν
2921 428 3282 499 ἐπικειμένων
3313 431 3522 485 κακῶνο

1932 519 2017 571 ἵνα
2083 519 2202 589 μεθ’
2249 519 2448 590 ἡδονῆς
2500 521 2565 589 τῇ
2623 517 2844 584 γυναικὶ
2901 513 3296 584 διαλεγώμεθα.
3359 514 3524 566 Πόσοι

1929 601 2306 666 πλουτοῦντες,
2335 603 2598 666 γυναῖκας
2618 600 2872 662 λαϐόντες
2903 598 3187 668 εὐπόρους,
3210 597 3309 668 τὴν
3336 598 3526 650 οὐσίαν

1927 685 2283 755 αὐξήσαντες,
2305 684 2404 755 τὴν
2435 685 2628 754 ἡδονὴν
2660 685 2750 736 καὶ
2778 683 2874 753 τὴν
2903 683 3154 752 ὁμόνοιαν
3189 681 3521 744 κατέλυσαν,

1926 770 2301 839 καθημερινάς
2338 769 2518 838 μάχας
2560 769 2652 820 ἐπὶ
2695 767 2792 836 τῆς
2823 765 3104 837 τραπέζης
3160 764 3519 834 ποιούμενοι,

1927 847 2259 914 φιλονεικίας
2303 849 2546 917 ἐχοντεςς
2599 847 2756 900 πόσοι
2788 847 3021 916 πένητες
3064 846 3397 915 πενεστέρας
3427 843 3523 895 λα-

1925 924 2143 991 ϐόντες,
2195 927 2414 998 εἰρήνης
2467 925 2820 986 ἀπολαύουσι,
2871 926 2967 976 κα).
3023 924 3138 993 μετ’
3179 923 3519 993 εὐφροσύνης

1925 1003 2127 1072 πολλῆς
2158 1002 2249 1055 τὸν
2289 1003 2440 1074 ἥλιον
2482 1003 2672 1058 τοῦτον
2727 1005 3032 1073 βλέπουσιν·
3069 1005 3117 1054 οἱ
3154 1002 3211 1055 δὲ
3253 1002 3474 1072 εὔποροι
3497 1042 3514 1067 ,

1925 1086 2262 1156 πανταχόθεν
2313 1089 2498 1151 αὐτοῖς
2534 1087 2926 1158 περικειμένης
2974 1087 3220 1155 τρυφῆς,
3273 1084 3361 1137 διὰ
3414 1085 3516 1147 τὰς

1923 1175 2189 1238 γυναῖκας
2209 1172 2442 1242 ηὔξαντο
2486 1173 2744 1236 πολλάκις
2771 1171 3080 1232 ἀποθανεῖν,
3122 1169 3215 1221 καὶ
3244 1172 3340 1239 τῆς
3375 1187 3517 1239 παρ-

1923 1257 2090 1324 ούσης
2136 1257 2522 1327 ἀπαλλαγῆναι
2567 1257 2746 1327 ζωῆς;
2802 1255 2975 1318 οὕτως
3024 1253 3174 1306 οὐδὲν
3216 1254 3512 1322 χρημάτων

1922 1339 2134 1408 ὄφελος,
2167 1341 2296 1392 ὅταν
2327 1341 2507 1410 ψυχῆς
2541 1341 2616 1410 μὴ
2661 1338 3113 1408 ἐπιτυγχάνωμεν
3145 1335 3372 1404 ἀγαθῆς.
3404 1335 3513 1385 Καὶ

1920 1422 1973 1474 τί
2003 1423 2107 1491 χρὴ
2132 1421 2308 1489 λέγειν
2341 1424 2465 1493 περὶ
2495 1423 2714 1494 εἰρήνης
2740 1422 2834 1474 καὶ
2861 1423 3141 1490 όμονοίας;
3175 1418 3282 1470 Καὶ
3305 1417 3412 1486 γάρ
3434 1419 3513 1480 εἰς

1921 1505 2093 1574 αὐτὴν
2121 1505 2228 1556 τῶν
2271 1507 2570 1575 χρημάτων
2608 1507 2706 1576 τὴν
2743 1505 2937 1575 κτῆσιν
2969 1503 3228 1563 πολλάκις
3254 1501 3316 1553 τὸ
3348 1502 3511 1553 πλου-

1922 1590 2188 1659 σιωτέραν
2209 1589 2393 1642 λαϐεῖν
2421 1591 2566 1659 ἡμᾶς
2593 1588 2963 1659 παρέϐλαψεν.
2993 1589 3162 1638 Ὅταν
3187 1585 3296 1656 γὰρ
3319 1585 3398 1647 είς
3424 1584 3513 1636 τὸν

1918 1671 2018 1740 τῆς
2043 1672 2269 1743 προικὸς
2301 1672 2458 1740 λόγον
2487 1674 2702 1726 ἃπασαν
2748 1671 2849 1743 τὴν
2891 1669 3211 1742 περιουσίαν
3255 1668 3471 1728 ἐπιδοὺς
3495 1706 3511 1729 ,

1919 1750 2038 1806 εἷτα
2064 1756 2246 1826 ἀώρου
2266 1757 2572 1826 συμϐάντος
2594 1755 2851 1816 θανάτου,
2880 1755 3209 1807 καταϐαλεῖν
3230 1753 3378 1823 παρά
3406 1751 3514 1804 τῶν

1921 1839 2195 1908 κηδεστῶν
2218 1840 2597 1910 ἀναγκάζηται
2624 1841 2723 1909 τὴν
2755 1842 2958 1910 προῖκα
2990 1837 3223 1890 ἃπασαν·
3257 1836 3512 1904 καθάπερ

1918 1923 1966 1974 οί
2000 1923 2256 1990 ναυάγιον
2291 1924 2654 1992 ὑπομένοντες
2688 1923 2781 1975 ἐπὶ
2824 1922 2922 1992 τῆς
2949 1922 3226 1987 θαλάσσης
3255 1920 3316 1972 τὸ
3351 1918 3512 1988 σῶμα

1918 2004 2240 2070 διασώζουσι
2276 2008 2458 2076 μόνον,
2510 2006 2654 2058 οὕτω
2682 2006 2745 2076 δὴ
2779 2006 2874 2058 καὶ
2905 2000 3090 2068 οὗτος,
3131 2003 3268 2074 μετά
3313 2003 3516 2065 πολλάς

1921 2088 2280 2156 φιλονεικίας,
2315 2089 2409 2142 καλ⁵
2448 2089 2649 2159 μάχας,
2675 2090 2769 2141 καὶ
2791 2087 3000 2158 ὕϐρεις,
3035 2088 3130 2140 καὶ
3162 2087 3512 2156 δικαστήρια.

1922 2172 2075 2240 μόλις
2094 2173 2152 2224 τὸ
2174 2175 2334 2243 σῶμα
2350 2173 2632 2244 ἐλεύθερον
2653 2173 2792 2243 ἔχων
2811 2172 3114 2243 ἐξέρχεται.
3135 2172 3241 2224 Καὶ
3263 2170 3514 2240 καθάπερ

1919 2257 1968 2307 οἱ
2002 2256 2110 2308 τῶν
2137 2257 2394 2326 ἐμπόρων
2420 2255 2710 2326 ἄπληστοι,
2744 2255 2954 2328 μυρίων
2975 2256 3075 2326 την
3107 2254 3240 2307 ναῦν
3268 2253 3511 2324 πλήσαν-

1919 2357 2012 2402 τες
2041 2342 2299 2411 φορτίων,
2334 2343 2427 2394 καὶ
2455 2341 2616 2394 πλέον
2644 2341 2744 2411 τῆς
2768 2341 3055 2408 δυνάμεως
3079 2338 3168 2390 τὸν
3197 2337 3360 2405 ὄγκον
3396 2339 3515 2389 ἐπι-

1922 2422 2126 2487 θέντες,
2166 2425 2466 2477 κατέδυσαν
2489 2425 2550 2477 τὸ
2582 2425 2817 2494 σκάφος,
2853 2425 2948 2476 καὶ
2975 2423 3154 2476 πάντα
3183 2420 3471 2475 ἀπώλεσαν
3499 2437 3512 2449 ·

1921 2506 2064 2558 οὕτω
2089 2506 2151 2577 δὴ
2181 2509 2272 2559 καὶ
2300 2503 2447 2559 οῦτοι
2477 2509 2601 2570 τούς
2623 2509 2967 2578 ὑπερόγκους
2991 2506 3248 2574 ἀγόμενοι
3281 2506 3511 2574 γάμους,

1923 2589 2147 2658 μείζονα
2191 2591 2452 2652 πολλάκις
2489 2590 2738 2653 δόξαντες
2778 2590 3170 2660 περιϐαλέσθαι
3201 2586 3516 2660 ,οὐσίανδιά

1919 2661 2017 2727 τῆς
2039 2661 2318 2726 γυναικὸς,
2350 2661 2444 2714 καὶ
2466 2661 2565 2730 τῆς
2589 2660 2754 2730 φύσης
2772 2659 3051 2730 ἐξέπεσον
3078 2661 3170 2712 καὶ
3187 2659 3376 2728 ὥσπερ
3401 2659 3518 2730 ἐκεῖ

1920 2732 2164 2802 κύματος
2217 2731 2423 2802 ἐμϐολὴ
2479 2729 2732 2802 βραχεῖα-
2766 2729 3084 2802 ἐμπεσοῦσα
3145 2730 3396 2795 βαπτίζει
3455 2729 3516 2781 τὸ

1922 2801 2161 2864 σκάφος,
2215 2799 2354 2853 οὕτω
2405 2799 2780 2854 καὶένταῦθα
2837 2800 3063 2862 θάνατος
3120 2805 3296 2866 ἄωρος
3350 2815 3516 2868 προσ-

1921 2870 2102 2990 πεσιέλῖ
2135 2875 2273 2938 μετά
2307 2873 2405 2942 τῆς
2440 2871 2702 2938 γυναικὸς
2743 2871 2838 2924 καὶ
2875 2871 3052 2924 πάντα
3079 2871 3145 2923 τὰ
3179 2870 3308 2922 ὄντα
3347 2869 3514 2921 αὐτοῦ

1925 2942 2030 2990 ἀφε
2092 2958 2200 2990 ετο.

1925 2942 2200 3007 ἀφείλετο.

1990 3015 2051 3063 ε’.
2090 3010 2252 3062 Ταῦτ’
2269 3006 2360 3064 οὖν
2377 3009 2592 3064 ἅπαντα
2625 3009 2954 3074 ἐννοοῦντες,
2975 3009 3047 3080 μὴ
3073 3009 3332 3080 χρήματα
3353 3024 3512 3077 περι-

1921 3093 2230 3162 σκοπῶμεν,
2245 3093 2382 3147 ἀλλά
2400 3093 2616 3164 τρόπων
2639 3091 2960 3159 ἐπιείκειαν,
2980 3093 3072 3146 καὶ
3091 3091 3396 3162 σεμνότητα
3425 3090 3519 3142 καὶ

1920 3176 2295 3247 σωφροσύνην.
2329 3178 2471 3247 Γυνὴ
2499 3177 2605 3248 γάρ
2636 3175 2889 3246 σώφρων,
2915 3179 3009 3230 καὶ
3028 3175 3280 3245 ἐπιεικὴς
3302 3174 3396 3227 καὶ
3422 3191 3518 3244 μευ

1916 3259 2063 3330 τρία,
2079 3260 2182 3312 κᾶν
2201 3260 2368 3331 πένης
2383 3255 2438 3332 ᾖ,
2452 3260 2550 3330 τὴν
2569 3259 2762 3313 πενίαν
2781 3259 3012 3313 πλούτου
3038 3260 3244 3330 βέλτιον
3257 3258 3517 3310 διαθεῖναι

1917 3343 2204 3413 δυνήσεται
2226 3360 2239 3374 ·
2272 3344 2461 3416 ὥσπερ
2485 3347 2518 3414 ἡ
2545 3343 2939 3416 διεφθαρμένη,
2972 3345 3068 3398 καὶ
3085 3344 3400 3405 ἀκόλαστος,
3423 3341 3518 3393 καὶ

1919 3427 2150 3496 φίλερις,
2174 3427 2276 3480 κᾶν
2297 3429 2524 3498 μυρίους
2547 3427 2684 3500 εὕρῃ
2708 3428 3016 3500 θησαυροὺς
3040 3428 3186 3482 ἔνδον
3209 3427 3516 3496 κειμένους,

1918 3512 2118 3581 ἀνέμου
2152 3513 2354 3576 παντὸς
2388 3513 2575 3583 τάχιον
2605 3514 2804 3576 αὐτοὺς
2835 3513 3221 3582 ἐκφυσήσασα,
3254 3512 3348 3563 καὶ
3380 3527 3520 3576 συμ-

1919 3598 2114 3666 φοραῖς
2133 3595 2357 3666 μυρίαις
2377 3596 2514 3664 μετά
2537 3597 2636 3664 τῆς
2661 3596 2851 3658 πενίας
2872 3595 3192 3665 περιϐάλλει
3210 3593 3302 3647 τὸν
3325 3592 3516 3663 ἄνδρα.

1919 3678 2012 3748 Μὴ
2034 3679 2213 3732 τοίνυν
2262 3678 2496 3732 πλοῦτον
2541 3678 2820 3750 ζητῶμεν,
2866 3679 3004 3733 ἀλλά
3044 3679 3143 3750 τὴν
3173 3677 3520 3750 χρησομένην

1929 3762 2112 3824 καλῶς
2139 3765 2252 3826 τοῖς
2282 3758 2421 3818 οὖσι.

1990 3868 2266 3939 Πρότερον
2308 3868 2470 3938 μάθε,
2507 3868 2592 3932 τίς
2626 3867 2782 3939 ἠτοῦ
2827 3869 3007 3940 γάμου
3047 3868 3218 3932 αἰτία,
3258 3868 3350 3921 καὶ
3373 3868 3521 3931 τίνος

1920 3950 2105 4005 ἐνεκεν
2136 3953 2217 4015 είς
2249 3952 2342 4006 τὸν
2378 3952 2490 4022 βίον
2511 3955 2885 4024 εἰσενήνεκται
2922 3954 3013 4006 τὸν
3045 3952 3198 4024 [219]
3220 3952 3516 4023 ἡμέτερον,

1921 4034 2015 4086 καὶ
2045 4035 2211 4106 μηδὲν
2243 4035 2404 4088 πλέον
2434 4037 2678 4089 ἀπαίτει.
2722 4037 2822 4098 Τίς
2859 4032 2953 4089 οῦν
2985 4039 3017 4106 ή
3049 4037 3145 4088 τοῦ
3177 4037 3358 4106 γάμου
3388 4037 3519 4107 πρό-

1922 4134 2121 4186 φασις,
2178 4119 2271 4172 καὶ
2332 4119 2479 4181 τίνος
2535 4120 2722 4173 ἕνεκεν
2777 4119 2976 4172 ἔδωκεν
3040 4120 3203 4172 αὑτὸν
3266 4123 3294 4173 ὁ
3345 4120 3517 4185 Θεός;

1926 4202 2192 4255 ’Ἄκουσον
2237 4201 2332 4255 τοῦ
2379 4201 2593 4256 Παύλου
2641 4203 2924 4271 λέγοντος·
2981 4206 3085 4258 Διὰ
3131 4204 3200 4257 δὲ
3230 4205 3337 4270 τὰς
3384 4221 3520 4272 πορ-

1922 4285 2089 4350 νείας
2120 4284 2376 4351 ἕκαστος
2420 4285 2534 4353 τὴν
2585 4285 2802 4339 ἑαυτοῦ
2855 4287 3113 4355 γυναῖκα
3161 4288 3347 4356 ἐχέτω
3403 4290 3518 4341 Οὐκ

1923 4363 2072 4430 εἷπε,
2114 4367 2213 4422 Διά
2245 4364 2300 4419 δὲ
2339 4368 2436 4438 τὴν
2476 4371 2570 4439 τῆς
2604 4371 2796 4433 πενίας
2840 4369 3184 4440 ἀπαλλαγὴν,
3238 4372 3386 4445 ἣΔιά
3420 4371 3516 4441 τὴν

1921 4453 2020 4522 τῆς
2048 4453 2309 4523 εὐπορίας
2335 4455 2528 4523 κτῆσιν
2554 4471 2566 4484 ’
2599 4454 2736 4507 ἀλλὰ
2779 4455 2862 4517 τί;
2898 4455 3017 4509 Ἵνα
3051 4457 3306 4527 πορνείας
3336 4457 3520 4525 φύγω-

1926 4554 2046 4606 μεν,
2081 4537 2168 4589 ἵνα
2193 4537 2292 4606 τὴν
2337 4538 2633 4607 ἐπιθυμίαν
2678 4539 3144 4610 καταστείλωμεν,
3183 4539 3268 4592 ἵνα
3303 4557 3516 4610 σωφρο-

1926 4619 2061 4692 σύνη
2108 4619 2454 4690 συζήσωμεν,
2493 4621 2579 4674 ἵνα
2628 4623 3086 4694 εὐαρεστήσωμεν
3137 4621 3276 4693 Θεῷ,
3322 4626 3388 4693 τῇ
3440 4625 3519 4675 ol—

1923 4703 2046 4774 κείᾳ
2071 4703 2402 4772 ἀρκούμενοι
2435 4708 2671 4776 γαμετῇ.
2701 4705 2872 4758 Τοῦτο
2902 4705 2995 4758 τοῦ
3023 4707 3205 4776 γάμου
3234 4705 3296 4758 τὸ
3322 4706 3517 4774 δῶρον,

1923 4781 2077 4848 οὗτος
2102 4785 2130 4835 ὁ
2161 4785 2393 4856 καρπὸς,
2425 4787 2584 4839 τοῦτο
2623 4789 2682 4840 τὸ
2723 4788 2933 4858 κέρδος,
2968 4788 3060 4859 Μὴ
3095 4787 3272 4840 τοίνυν
3301 4789 3368 4840 τά
3403 4790 3518 4858 μεί-

1925 4870 2053 4934 ζονα
2077 4869 2257 4938 ἀφεὶς,
2304 4870 2370 4922 τά
2413 4870 2674 4924 ἐλάττονα
2709 4872 2880 4941 ζήτει·
2923 4873 3058 4926 πολὺ
3093 4873 3201 4943 γὰρ
3241 4872 3521 4943 σωφροσύ-

1925 4969 2023 5021 νης
2049 4951 2287 5004 ἐλάττων
2335 4954 2364 5004 ὁ
2407 4953 2657 5018 πλοῦτος.
2691 4953 2767 5008 Δι’
2809 4954 2865 5007 ἓν
2897 4955 3003 5026 γὰρ
3037 4955 3195 5008 τοῦτο
3221 4955 3380 5025 μόνον
3410 4957 3517 5028 χρὴ

1925 5035 2224 5106 λαμϐάνειν
2254 5040 2511 5104 γυναῖκα,
2551 5039 2637 5090 ἵνα
2664 5039 2763 5110 τὴν
2796 5041 3074 5111 ἁμαρτίαν
3103 5040 3386 5111 φύγωμεν,
3431 5042 3519 5095 ἵνα

1926 5121 2180 5191 πορνείας
2213 5121 2432 5191 ἁπάσης
2464 5122 2872 5192 ἀπαλλαγῶμεν
2897 5141 2908 5152 ·
2949 5123 3086 5194 πρὸς
3121 5122 3280 5176 τοῦτο
3302 5123 3406 5194 χρὴ
3426 5123 3520 5178 τὸν

1925 5204 2102 5272 γάμον
2131 5204 2494 5258 καθίστασθαι
2530 5207 2730 5271 πάντα,
2768 5207 2854 5260 ἵνα
2888 5208 2969 5270 είς
3002 5207 3361 5280 σωφροσύνην
3386 5209 3518 5278 ἡμῖν

1928 5288 2276 5360 συμπράττῃ·
2310 5287 2542 5342 ἕσταιδὲ
2573 5289 2750 5350 τοῦτο,
2799 5291 2892 5341 ἐάν
2942 5290 3199 5353 τοιαύτας
3251 5288 3517 5360 ἀγώμεθα

1925 5369 2162 5440 νύμφας,
2224 5370 2279 5424 αἳ
2339 5371 2542 5441 πολλὴν
2578 5371 2676 5440 μὲν
2727 5371 3038 5434 εὐλάϐειαν,
3090 5371 3292 5442 πολλὴν
3320 5371 3378 5424 δὲ
3413 5388 3518 5424 σω-

1926 5451 2222 5524 φροσύνην,
2259 5454 2459 5523 πολλὴν
2490 5454 2544 5506 δέ
2586 5455 2892 5508 ἐπιείκειαν
2923 5457 3054 5526 ἡμῖν
3081 5457 3394 5524 εἰσαγαγεῖν
3422 5454 3514 5508 δύ-

1925 5533 2135 5590 νανται.
2173 5538 2235 5588 Ἢ
2274 5537 2371 5606 μὲν
2403 5537 2512 5606 γὰρ
2542 5536 2637 5589 τοῦ
2671 5537 2921 5608 σώματος
2950 5540 3242 5609 εὐμορφία,
3279 5539 3404 5592 ὅταν
3435 5538 3512 5608 μὴ

1928 5619 2363 5690 συνεζευγμένην
2392 5619 2488 5690 ἔχῃ
2517 5620 2616 5690 τὴν
2647 5620 2746 5688 τῆς
2777 5621 2955 5691 ψυχῆς
2983 5624 3201 5693 ἀρετὴν,
3222 5620 3317 5674 καὶ
3339 5621 3512 5672 εἴκοσι

1929 5705 2021 5758 καὶ
2051 5704 2345 5775 τριάκοντα
2391 5703 2604 5772 ἡμέρας
2641 5703 2926 5773 δυνήσεται
2973 5706 3064 5757 τὸν
3113 5705 3279 5776 ἄνδρα
3330 5703 3468 5756 ἐλεῖν
3494 5743 3510 5765 ,

1929 5787 2240 5859 περαιτέρω
2268 5786 2324 5838 δὲ
2352 5787 2413 5838 οὐ
2447 5787 2806 5858 προϐήσεται,
2840 5789 2977 5842 ἀλλά
3021 5788 3242 5853 δείξασα
3280 5789 3377 5858 τὴν
3412 5805 3510 5840 κα·

1932 5872 2073 5934 κίαν,
2118 5871 2262 5925 ἅπαν
2291 5869 2586 5924 καταλύσει
2635 5870 2693 5923 τὸ
2723 5871 2975 5942 φίλτρον⁸
3020 5874 3074 5924 αἱ
3116 5871 3171 5923 δὲ
3212 5868 3289 5944 τῷ
3321 5869 3509 5923 κάλλει
