3990 6358
451 315 559 372 255

446 426 549 498 τῆς
591 425 768 498 ψυχῆς
818 423 1274 496 καταλάμπουσαι
1300 465 1318 490 ,
1377 427 1598 496 ὅσῳπερ
1643 424 1710 478 ἂν
1757 427 1787 479 ό
1839 426 2030 496 χρόνος

450 508 636 581 προΐῃ,
671 510 765 562 καὶ
799 511 993 578 πεῖραν
1031 508 1129 577 τῆς
1158 509 1367 572 οἰκείας
1396 509 1671 576 εὐγενείας
1708 509 1988 579 παρέχωσι
2014 548 2030 571 ,

448 591 687 661 τοσούτῳ
715 591 948 660 μάλιστα
997 590 1329 662 θερμότερον
1381 595 1493 654 τοῖς
1547 592 1766 653 οἰκείοις
1808 592 2033 661 ἀνδράσι

451 673 663 726 ποιοῦσι
708 674 798 726 τὸν
828 673 1029 743 ἔρωτα,
1067 673 1160 725 καί
1200 674 1297 744 τὴν
1335 674 1470 744 πρὸς
1513 674 1674 726 αὐτὸν
1716 674 2034 737 ἐξάπτουσιν

451 759 692 828 ἀγάπην.
727 757 926 811 Τούτου
975 757 1033 810 δὲ
1082 758 1254 821 ὄντος,
1294 757 1388 812 καὶ
1416 757 1593 826 φιλίας
1627 757 1828 827 μεταξύ
1852 759 2038 826 κειμέυ

452 858 550 910 νης
572 840 780 910 θερμῆς
839 841 933 892 καὶ
965 841 1217 910 γνησίας,
1276 840 1420 894 ἅπαν
1482 839 1760 892 ἐλαύνεται
1785 841 2037 911 πορνείας

453 920 613 988 εἶδος,
655 925 748 976 καὶ
773 923 894 975 οὐδὲ
927 923 1102 976 ἔννοιά
1129 941 1214 986 τις
1246 923 1538 985 ἀκολασίας
1563 922 1640 992 τῷ
1667 923 1908 991 φιλοῦντι
1941 923 2038 993 τὴν

455 1005 648 1059 ἑαυτοῦ
691 1005 925 1074 γυναῖκά
967 1023 1099 1058 ποτε
1138 1007 1481 1076 ἐμπεσεῖται.
1515 1006 1650 1060 ἀλλά
1685 1007 1835 1076 μένει
1863 1006 2039 1076 διηνεο

454 1088 564 1151 κῶς
590 1091 688 1160 τὴν
717 1089 910 1143 ἑαυτοῦ
947 1089 1188 1160 στέργων
1210 1092 1303 1143 καί
1327 1089 1414 1142 διὰ
1437 1091 1534 1159 τῆς
1566 1088 1920 1161 σωφροσύνης
1951 1087 2041 1141 τὸν

453 1171 585 1224 Θεὸν
617 1171 996 1240 ἐπισπώμενος
1022 1174 1101 1235 εἰς
1135 1171 1231 1242 τὴν
1260 1173 1357 1242 τῆς
1384 1172 1560 1236 οἰκίας
1583 1172 1800 1241 ἀπάσης
1829 1171 2041 1226 εὔνοιάν

452 1269 514 1306 τε
563 1254 658 1307 καὶ
712 1255 1065 1324 προστασίαν.
1123 1253 1309 1316 Οὕτως
1378 1254 1686 1324 ἐλάμϐανον
1718 1256 1766 1307 οἰ
1805 1257 2043 1322 γενναῖοι

454 1335 562 1388 τῶν
594 1336 837 1391 παλαιῶν
867 1335 1074 1408 ἀνδρῶν
1106 1339 1386 1405 γυναῖκας,
1409 1337 1588 1406 ψυχῆς
1618 1335 1896 1404 εὐγένειαν
1923 1338 2045 1389 ἐπι-

455 1418 761 1487 ζητοῦντες,
803 1420 898 1472 καὶ
956 1419 1056 1472 οὐκ
1104 1419 1364 1490 εὐπορίαν
1422 1420 1741 1490 χρημάτων.
1811 1421 1919 1472 Καὶ
1962 1419 2038 1473 ὅτι

453 1504 611 1558 τοῦτό
639 1507 785 1557 ἔστιν
815 1503 1032 1574 ἀληθὲς,
1068 1503 1512 1575 παραδείγματος
1548 1503 1754 1575 ἶνεκεν,
1790 1502 1906 1566 ἑνὸς
1927 1505 2047 1556 ὲπι-

459 1586 838 1657 μνησθήσομαι
863 1573 1042 1657 γάμου
1065 1602 1078 1616 ·
1114 1573 1224 1640 Καὶ
1267 1587 1511 1655 Ἀϐραὰμ
1543 1573 1944 1654 πρεσϐύτερος
1966 1581 2046 1655 ἦν

458 1671 949 1740 καίπροϐεϐηκὼς
995 1669 1250 1739 ἡμερῶν,
1290 1671 1443 1740 φησὶ,
1483 1671 1579 1723 καί
1606 1667 1737 1723 εἷπε
1767 1669 1846 1735 τῷ
1879 1669 2044 1724 παιδί

454 1754 645 1808 αὐτοῦ
684 1752 763 1819 τῷ
814 1755 1197 1822 πρεσϐυτέρῳ
1240 1753 1350 1820 τῆς
1384 1755 1576 1819 οἰκίας
1609 1753 1814 1818 αὑτοῦ,
1838 1752 1917 1818 τῷ
1943 1752 2050 1821 dp-

456 1853 623 1908 χοντι
644 1835 763 1889 τῶν
798 1838 986 1892 αὑτοῦ
1017 1836 1278 1891 πάντων·
1308 1835 1418 1902 Θὲς
1449 1835 1566 1904 τὴν
1594 1835 1761 1904 χεῖρά
1789 1853 1902 1890 σου
1928 1835 2047 1890 ὑπὸ

456 1921 566 1974 τὸν
590 1921 787 1988 μηρόν
827 1937 968 1988 μου,
997 1920 1096 1975 καὶ
1126 1917 1376 1987 ἐξορκιῶ
1407 1935 1480 1972 σε
1508 1921 1726 1987 Κύριον
1755 1919 1862 1972 τὸν
1901 1917 2050 1972 Θεὸν

455 2003 563 2058 τοῦ
587 2003 848 2070 οὐρανοῦ
896 2002 996 2055 καί
1040 2001 1151 2068 τῆς
1194 2001 1327 2071 γῆς.
1352 2001 1544 2071 ἵναμὴ
1570 2001 1763 2073 λάϐῃς
1797 2001 2050 2070 γυναῖκα

456 2083 536 2150 τῷ
568 2083 674 2150 υίῷ
690 2103 808 2154 μου
856 2085 1054 2139 Ἰσαὰκ
1090 2084 1208 2138 ἀπὸ
1245 2083 1362 2137 τῶν
1401 2083 1736 2153 θυγατέρων
1782 2083 1900 2137 τῶν
1931 2085 2049 2136 Xa-

456 2169 736 2232 ναναίων,
766 2170 895 2236 μεθ’
942 2161 1030 2220 ὧν
1071 2168 1186 2236 ἐγὼ
1215 2165 1354 2220 οἰκῶ
1383 2166 1511 2234 μετ’
1548 2165 1764 2227 αὐτῶν,
1791 2165 1927 2220 ἀλλ’
1963 2169 2050 2230 εἰς

457 2251 573 2318 τὴν
599 2249 716 2320 γῆν
725 2268 846 2319 μου
891 2246 962 2304 οὗ
987 2249 1347 2321 ἐγεννήθην,
1372 2250 1666 2316 πορεύσῃ,
1695 2249 1790 2302 καί
1822 2251 1908 2314 εἰς
1938 2249 2051 2316 τὴν

457 2333 666 2399 φυλήν
686 2351 827 2401 μου,
853 2333 947 2386 καί
970 2333 1144 2405 ,λήψῃ
1161 2332 1411 2400 γυναῖκα
1434 2331 1512 2396 τῷ
1536 2331 1643 2396 υἱῲ
1657 2349 1775 2400 μου
1798 2331 2046 2385 ἐκεῖθεν.

459 2413 618 2479 Εἶδες
643 2417 736 2469 τοῦ
762 2417 968 2470 δικαίου
993 2417 1088 2487 τὴν
1113 2417 1333 2488 ἀρετὴν,
1359 2415 1529 2487 πόσην
1562 2416 1700 2486 ὑπὲρ
1721 2416 1900 2486 γάμου
1919 2415 2053 2485 πρό-

461 2516 610 2552 νοιαν
649 2501 978 2570 ἐποιήσατο;
1023 2501 1096 2553 Οὐ
1156 2500 1266 2572 γάρ
1304 2500 1367 2570 δὴ
1420 2499 1786 2570 μαστρωποὺς
1816 2497 2052 2562 καλέσας

460 2587 747 2653 γυναῖκας,
777 2585 1028 2656 καθάπερ
1058 2586 1106 2638 οἰ
1156 2585 1272 2650 νῦν,
1308 2584 1428 2637 οὐδὲ
1466 2583 1902 2655 προμνηστρίας,
1933 2583 2053 2636 οὐδὲ

460 2667 683 2738 γραῖδια
739 2667 1062 2737 μυθεύοντα,
1106 2667 1242 2720 ἀλλά
1301 2667 1393 2720 τὸν
1425 2667 1640 2738 οἰκέτην
1683 2667 1776 2719 τὸν
1811 2666 2006 2718 ἑαυτοῦ
2031 2707 2046 2730 ,

459 2748 636 2820 τούτῳ
656 2749 717 2802 τὸ
748 2751 978 2820 πρᾶγμα
1017 2751 1341 2820 ἐνεχείρισεν
1362 2765 1378 2780 ’
1419 2749 1448 2802 δ
1478 2751 1570 2802 καὶ
1609 2749 1741 2802 αὐτὸ
1764 2750 1861 2819 τῆς
1889 2750 2051 2802 εὐλα-

461 2833 614 2896 ϐείας
668 2833 763 2886 τοῦ
818 2835 1153 2905 πατριάρχου
1222 2833 1477 2904 μέγιστόν
1542 2835 1659 2886 ἐστι
1689 2836 1932 2903 σημεῖον,
1972 2834 2054 2886 ὅτι

461 2917 703 2969 τοιοῦτον
749 2917 1122 2970 κατεσκεύασε
1152 2916 1242 2969 τὸν
1271 2917 1510 2987 οἰκέτην,
1549 2915 1624 2979 ὼς
1681 2917 1776 2969 καὶ
1813 2915 2054 2968 τοιούτου

463 2999 788 3068 πράγματος
822 3000 1040 3070 νομίσαι
1088 2999 1396 3064 ἀξιόπιστον
1436 2997 1575 3052 εἶναι
1627 2998 1894 3052 διάκονον.
1926 2995 2058 3052 Εἶτα

463 3086 698 3150 γυναῖκα
727 3083 899 3154 ζητεῖ,
931 3085 1032 3137 οὐκ
1057 3082 1311 3155 εὔπορον,
1355 3083 1474 3137 οὐδὲ
1509 3081 1806 3154 εὔμορφον,
1831 3083 1945 3136 ἀλλ’
1967 3085 2058 3136 εὐ-

463 3166 598 3236 γενῆ
615 3168 726 3230 τοῖς
763 3165 1009 3237 τρόποις,
1045 3167 1138 3220 καὶ
1163 3166 1251 3220 διὰ
1285 3164 1442 3218 τοῦτο
1478 3165 1747 3236 τοσαύτην
1782 3166 1900 3218 όδὸν
1921 3167 2056 3219 ἀποο

462 3249 664 3322 δημίας
691 3249 1028 3320 προπέμπει.
1059 3249 1202 3320 Ὅρα
1249 3248 1306 3301 δὲ
1349 3249 1440 3300 καί
1475 3247 1568 3300 τοῦ
1606 3249 1819 3301 οἰκέτου
1849 3248 1946 3318 τὴν
1972 3249 2062 3301 εὐ-

463 3331 854 3402 γνωμοσύνηνο
909 3331 1029 3384 οὐδὲ
1075 3332 1184 3402 γὰρ
1231 3327 1374 3390 εἰπε.
1411 3330 1476 3383 Τί
1516 3348 1643 3384 ποτε
1684 3331 1840 3385 τοῦτό
1873 3335 2058 3400 tactv;

465 3417 595 3486 ἔθνη
633 3416 872 3470 τοσαῦτα
923 3413 1150 3483 πλησίον
1179 3413 1329 3487 [⁸220]
1355 3414 1532 3485 ἡμῶν,
1562 3415 1814 3486 εὐπόρων
1850 3416 2061 3488 ἀνδρῶν

465 3499 766 3570 θυγατέρες
797 3497 1079 3563 τοσαῦται,
1129 3498 1415 3568 ἐπισήμων
1451 3499 1546 3550 καὶ
1590 3499 1907 3567 περιφανῶν
1932 3515 1946 3528 ·
1997 3502 2061 3552 συ

468 3584 526 3637 δὲ
550 3587 630 3647 εἰς
659 3582 880 3654 μακρὰν
929 3580 1070 3633 οὑτω
1108 3581 1354 3650 πέμπεις
1401 3581 1524 3650 γῆν,
1568 3582 1704 3653 πρὸς
1741 3582 2063 3652 ἀνθρώπους

468 3669 747 3733 ιίιγνώτσις⁹
781 3667 888 3718 τίνι
932 3663 1282 3732 διαλέξομαι;
1315 3664 1398 3726 τίς
1443 3682 1509 3734 με
1549 3667 1787 3732 εἰσεται;
1817 3666 1968 3732 τίδὲ,
1997 3666 2064 3719 ἂν

467 3752 618 3806 δόλον
653 3768 742 3822 μοι
768 3749 1034 3820 ράψωσιν,
1065 3749 1130 3801 ἂν
1148 3749 1368 3818 ἀπάτην
1389 3748 1732 3819 ἐργάσωνται
1754 3767 1767 3813 ;
1789 3749 1939 3802 οὐδὲν
1955 3749 2064 3822 γὰρ

469 3833 642 3896 οὑτως
663 3832 1096 3903 εὐεπιχείρητον,
1140 3830 1214 3892 ὡς
1248 3829 1415 3894 ξένος.
1445 3830 1612 3883 Οὐδὲν
1646 3831 1852 3884 τούτων
1888 3827 2062 3896 εἶπεν,

466 3915 606 3972 ἀλλὰ
623 3915 795 3969 ταῦτα
826 3916 1040 3968 ᾶπαντα
1073 3911 1336 3984 παριδὼν,
1373 3913 1402 3965 ὃ
1430 3913 1668 3984 μάλιστά
1698 3916 1844 3967 ἐστιν
1879 3914 2064 3968 ὑπιδέ-

471 3999 614 4064 σθαι,
639 3998 794 4052 τοῦτο
832 3997 1103 4063 ὑπείδετο,
1140 3995 1250 4048 ἀπὸ
1283 3997 1382 4066 μὲν
1431 3997 1527 4050 τοῦ
1558 3998 1724 4068 μηδὲν
1747 3998 1939 4068 ἐκείνῳ
1967 3999 2065 4051 ἀν-

469 4085 680 4137 τειπεῖν
709 4082 806 4152 τὴν
837 4079 1084 4150 ὑπακοὴν
1124 4079 1589 4150 ἐπιδεικνύμενος,
1623 4081 1731 4134 ἀπὸ
1767 4082 1823 4134 δὲ
1852 4081 1944 4134 τοῦ
1971 4083 2064 4152 μό-

469 4185 560 4220 νον
587 4167 762 4220 ἑκεῖνο
805 4163 1048 4237 ἐρέσθαι,
1071 4163 1100 4216 ὃ
1145 4163 1379 4233 μάλιστα
1418 4164 1634 4218 πάντων
1663 4164 1895 4236 ζητῆσαι
1934 4165 2060 4233 ἔδει,

467 4256 569 4327 τὴν
603 4255 818 4308 σύνεσιν
861 4253 959 4323 τὴν
997 4252 1162 4308 αὐτοῦ
1199 4253 1291 4306 καί
1327 4251 1580 4324 πρόνοιαν
1621 4249 1814 4320 δηλῶν.
1845 4251 1910 4302 Τί
1946 4262 2066 4304 ποτ’

467 4334 563 4392 οὖν
590 4341 706 4390 ἐστι
743 4336 938 4402 τοῦτος
983 4336 1076 4390 καὶ
1103 4336 1157 4388 τί
1187 4338 1277 4388 τὸν
1314 4333 1580 4401 δεσπότην
1623 4333 1786 4403 ἤρετο
1820 4331 1910 4386 τὸν
1939 4333 2066 4385 ἐαυ-

469 4421 602 4485 τοῦς
647 4421 780 4472 Ἐὰν
812 4417 987 4488 δὲμὴ
1022 4416 1328 4484 βουληθῇ.
1370 4415 1557 4486 φησὶν,
1599 4416 1636 4482 ἡ
1671 4415 1826 4482 γυνὴ
1850 4430 2064 4483 πορευ-

471 4503 646 4570 θῆναι
676 4503 801 4570 μετ’
827 4502 994 4570 ἐμοῦ,
1021 4500 1382 4567 ἀποστρέψω
1400 4498 1508 4551 τὸν
1535 4499 1671 4550 υί.,’ν
1700 4513 1816 4550 σου
1847 4500 1932 4562 εἰς
1954 4497 2068 4565 τὴν

468 4585 611 4655 γῆν,
648 4582 1094 4650 ὅθενέξῆλθες;
1129 4578 1258 4636 Εἰτα
1279 4585 1306 4634 ό
1348 4580 1626 4650 Ἀϐραάμ·
1661 4579 1756 4646 Μὴ
1785 4579 2068 4648 ἀποστρέ-

469 4673 632 4738 ψῃςι
654 4669 762 4722 τὸν
784 4670 918 4721 υίόν
935 4685 1054 4737 μου
1102 4665 1242 4719 ἐκεῖ.
1270 4666 1484 4733 Κύριος
1511 4667 1542 4718 ό
1584 4663 1723 4728 Θεὸς
1744 4663 1850 4716 τοῦ
1889 4666 2067 4731 οὐρα-

469 4752 580 4806 νοῦ
605 4753 701 4805 καί
733 4749 840 4818 τῆς
861 4748 992 4820 γῆς,
1019 4749 1087 4813 ὃς
1115 4747 1294 4802 ἔλαϐέ
1317 4765 1393 4816 με
1418 4748 1487 4800 ἐκ
1512 4745 1619 4798 τοῦ
1633 4747 1802 4798 οίκου
1828 4745 1934 4800 τοῦ
1958 4763 2070 4800 πα-

472 4839 610 4906 τρός
632 4853 771 4905 μου,
802 4835 899 4889 καί
930 4835 997 4888 ἐκ
1026 4832 1137 4899 τῆς
1161 4831 1293 4901 γῆς,
1343 4827 1418 4901 ἧς
1451 4830 1806 4900 ἐγεννήθην,
1838 4829 1905 4894 ὃς
1926 4829 2068 4884 ἐλά-

470 4918 625 4987 λησέ
649 4937 748 4988 μοι
774 4918 871 4972 καὶ
896 4916 1094 4984 ὤμοσέ
1121 4934 1223 4985 μοι
1244 4914 1458 4982 λέγων·
1493 4914 1594 4968 Σοί
1623 4913 1795 4967 δώσω
1821 4912 1935 4979 τὴν
1954 4911 2070 4984 γῆν

470 5005 699 5068 ταύτην
741 5002 837 5053 καὶ
877 4998 957 5065 τῷ
1011 4997 1310 5067 σπέρματί
1349 5014 1488 5061 σου,
1528 4996 1708 5061 αὐτὸς
1744 4995 2076 5050 ἀποστελεῖ

472 5085 580 5138 τὸν
620 5085 880 5153 ἄγγελον
924 5083 1112 5138 αὑτοῦ
1163 5081 1506 5150 ἔμπροσθέν
1553 5096 1690 5143 σου,
1732 5081 1827 5134 καί
1870 5097 2072 5133 κατευ-

472 5167 685 5221 οδώσει
707 5167 821 5232 τὴν
846 5167 989 5221 ὀδόν
1027 5182 1164 5220 σου.
1183 5167 1348 5237 Ὁρᾷς
1373 5165 1554 5218 πίστιν
1583 5164 1801 5235 ἀνδρός;
1824 5165 1897 5218 Οὐ
1930 5181 2069 5236 παρ-

473 5249 700 5304 εκάλεσε
731 5249 936 5316 φίλους,
966 5249 999 5320 ἢ
1025 5253 1331 5318 συγγενεῖς,
1365 5249 1464 5303 οὐκ
1493 5247 1650 5304 ἄλλον
1683 5248 1896 5304 οὐδένα.
1934 5248 2070 5301 ἀλλά

474 5333 565 5386 τὸν
583 5333 714 5385 Θεὸν
731 5332 930 5386 ἔδωκεν
958 5335 1105 5404 αὐτῴ
1138 5335 1365 5406 μεσίτην
1389 5336 1482 5387 καὶ
1513 5332 1908 5402 συνοδοιπόρον.
1939 5328 2069 5384 Εἶτα

476 5416 799 5488 βουλόμενος
847 5419 1268 5490 παρτθαρσῦναι
1324 5419 1413 5472 τὸν
1461 5417 1700 5488 οἰκέτην,
1750 5418 1848 5486 οὐχ
1885 5416 2071 5480 ἀπλῶς

474 5496 616 5566 εἰπε,
659 5499 861 5571 Κύριος
897 5503 925 5554 ὁ
957 5501 1088 5566 Θεὸς
1123 5503 1216 5556 τοῦ
1256 5502 1486 5574 οὐρανοῦ
1534 5501 1628 5556 καὶ
1664 5501 1764 5572 τῆς
1788 5503 1910 5570 γῆς,
1936 5501 2073 5553 ἀλλὰ

475 5583 852 5654 προστίθησιν,
893 5585 987 5648 Ὃς
1021 5584 1183 5638 ἔλαϐέ
1221 5604 1288 5657 με
1329 5590 1392 5640 ἐκ
1421 5585 1514 5639 τοῦ
1554 5585 1703 5639 οἴκου
1737 5584 1829 5638 τοῦ
1866 5585 2072 5651 πατρός

479 5682 601 5736 μου.
657 5667 1093 5738 ’Δναμνήσθητμ
1133 5669 1288 5741 φησί,
1352 5670 1470 5735 πῶς
1527 5668 1798 5742 τοσαύτην
1833 5667 2072 5743 ἤλθομεν

540 5778 566 5806 ⁸
588 5778 695 5827 Duo
717 5791 832 5829 mss.
861 5779 1193 5844 ἀποστρέψεις.

1147 329 1205 388 S.
1245 331 1532 387 JOANNIS
1559 331 2050 388 CIIBYROSTOWI

2159 329 2401 387 ΚΟΠΙΕΡ.
2440 325 3004 384 CON'STANTINOP.

3603 309 3717 365 234

2133 422 2460 494 ἀποδημίαν,
2484 423 2600 487 πῶς
2619 425 2715 497 τὴν
2733 428 2940 482 οἰκείαν
2960 426 3186 496 ἀφέντες
3206 425 3299 479 ἐπὶ
3317 426 3416 498 τῆς
3435 426 3730 497 ἀλλοτρίας

2132 506 2375 568 πλείονος
2417 507 2806 579 ἀπελαύσαμεν
2855 510 3176 582 εὐημερίας,
3226 509 3341 572 πῶς
3374 510 3441 563 τά
3486 509 3730 563 ἀδύνατα

2132 589 2322 657 γέγονε
2343 589 2563 643 δυνατά.
2600 593 2675 644 Οὑ
2712 592 2870 646 τοῦτο
2913 593 2971 647 δὲ
3011 593 3170 662 μόνον
3201 592 3527 662 βουλόμενος
3556 594 3732 662 δηλῶ-

2137 689 2227 724 σαι
2267 671 2473 740 ἔλεγεν,
2509 674 2606 739 ⁸·ος
2633 674 2812 728 ἔλαϐέ
2832 693 2908 744 με
2939 677 3007 729 ἐκ
3028 675 3134 728 τοῦ
3164 676 3336 728 οἷκου
3365 675 3470 728 τοῦ
3500 679 3732 742 πατρὸς

2131 771 2270 823 μου,
2299 754 2412 808 ἀλλ’
2437 756 2518 808 ὅτι
2537 757 2631 808 καὶ
2651 758 2935 827 ὀφειλέτην
2978 758 3092 827 ἔχει
3121 759 3210 810 τὸν
3233 758 3384 813 Θεόν.
3408 759 3731 828 Χρεώστης,

2138 839 2324 908 φησὶν,
2384 841 2514 909 ἡμῖν
2553 841 2737 893 ἐστιν’
2784 842 2944 904 αὐτὸς
2991 837 3132 900 εἰπε,
3177 841 3268 893 Σοὶ
3310 839 3466 893 δώσω
3497 842 3596 910 τὴν
3626 841 3736 908 γῆν

2137 920 2341 991 ταύτην
2381 923 2472 974 καὶ
2497 922 2574 991 τῷ
2619 924 2890 994 σπέρματί
2963 941 3073 976 σου.
3102 923 3264 976 Ὥστε
3322 923 3370 974 εἰ
3427 923 3522 974 καὶ
3569 924 3737 992 ἡμεῖς

2139 1003 2370 1069 ἀνάξιοι,
2420 1003 2506 1056 διά
2539 1004 2669 1073 γοῦν
2709 1007 2807 1078 τὴν
2850 1007 3141 1076 ὑπόσχεσιν
3176 1005 3336 1068 αὐτὸς
3365 1005 3462 1072 τὴν
3516 1004 3732 1059 ἑαυτοῦ.

2141 1087 2236 1139 καί
2265 1087 2352 1140 ἵνα
2409 1088 2578 1158 αὐτὴν
2621 1091 2700 1151 εἰς
2728 1090 2879 1153 τέλος
2912 1091 3115 1160 ἀγάγῃ,
3165 1088 3586 1158 συμπαρέσται,
3639 1088 3740 1140 καὶ

2141 1169 2459 1241 ἐξευμαριεῖ
2506 1172 2573 1224 τὰ
2620 1175 2956 1244 προκείμενα
2985 1175 3222 1236 ἅπαντα,
3253 1175 3346 1226 καὶ
3367 1174 3518 1236 τέλος
3541 1172 3740 1243 ἐπιθή-

2087 1325 2091 1330 _
2145 1272 2225 1308 σει
2263 1254 2453 1307 τούτου
2479 1247 2653 1328 οὗπερ
2677 1257 2968 1328 εὐχόμεθα.
2999 1257 3184 1311 Ταῦτα
3212 1257 3382 1310 εἰπὼν
3408 1256 3625 1328 έπεμψε
3641 1256 3742 1309 τὸν

2144 1338 2327 1392 παῖδα.
2358 1341 2367 1350 ’

2215 1432 2349 1492 Εἶτα
2377 1437 2548 1492 ἐλθὼν
2580 1439 2789 1501 ἐκεῖνος
2821 1439 2900 1501 εἰς
2919 1437 3018 1506 τὴν
3033 1435 3218 1509 χώραν
3241 1436 3474 1506 ἐκείνην,
3494 1437 3555 1488 οὑ
3574 1450 3741 1505 προσ·

2144 1520 2275 1590 ἦλθέ
2303 1538 2410 1575 τινι
2440 1523 2547 1575 τῶν
2574 1522 2672 1592 τὴν
2711 1521 2866 1574 πόλιν
2915 1521 3226 1584 οἰκούντων,
3260 1522 3322 1574 οὐ
3363 1518 3612 1588 διελέχθη
3643 1520 3744 1571 ἀν·-

2148 1603 2406 1675 ορώποις,
2433 1606 2534 1658 οὑκ
2584 1604 2810 1657 ἐκάλεσε
2860 1606 3156 1672 γυναῖκας’
3191 1603 3304 1656 ἀλλ’
3337 1604 3437 1673 δρα
3487 1603 3605 1664 πῶς
3644 1600 3744 1652 καὶ

2148 1687 2355 1750 ἐκεῖνος
2404 1688 2593 1752 πιστὸς
2625 1687 2722 1754 ὣν,
2775 1687 2867 1740 τὸν
2913 1687 3161 1757 μεσίτην,
3213 1687 3272 1739 ὃν
3323 1685 3532 1748 ἔλαϐεν,
3575 1683 3746 1736 αὐτὸν

2149 1773 2420 1840 κατεῖχεν,
2475 1771 2624 1840 αὐτῷ
2661 1769 2934 1838 διελέγετο
2989 1769 3156 1840 μόνῳ,
3201 1771 3296 1823 καὶ
3338 1770 3466 1830 στάς
3513 1767 3743 1836 ηὔξατο,

2150 1855 2302 1922 φησί,
2357 1854 2467 1908 Καί
2525 1851 2677 1917 εἶπε,
2722 1855 2900 1921 Κύριε
2939 1858 2972 1907 d
3014 1853 3160 1918 Θεὸς
3208 1853 3314 1906 τοῦ
3367 1852 3576 1918 κυρίου
3618 1867 3745 1920 μου

2163 1935 2427 2004 Ἀϐραὰμ,
2486 1937 2792 1990 εὑόὸωσον
2839 1937 3116 1990 ἐναντίον
3147 1953 3265 2005 μου
3307 1934 3606 2002 σήμερον·
3647 1935 3749 1986 καὶ

2149 2019 2250 2072 οὐκ
2279 2015 2422 2083 εἷπε,
2458 2018 2630 2091 Κύριε
2669 2021 2696 2072 ό
2730 2019 2861 2083 Θεός
2905 2037 3026 2088 μου,
3057 2019 3191 2072 ἀλλὰ
3218 2019 3309 2084 τίς
3344 2017 3570 2085 Κύριεό
3596 2016 3750 2079 Θεὸς

2150 2102 2258 2156 τοῦ
2296 2103 2508 2170 κυρίου
2541 2120 2662 2170 μου
2713 2103 2988 2170 Ἀϐραάμ.
3038 2102 3098 2154 Εἰ
3130 2102 3223 2154 καί
3258 2100 3366 2168 ἐγὼ
3397 2099 3624 2167 εὐτελὴς
3650 2099 3750 2150 καὶ

2151 2185 2582 2256 ἀπερῤιμμένος,
2633 2186 2816 2256 φησὶν,
2851 2185 2987 2237 ἀλλά
3029 2185 3121 2237 τὸν
3151 2184 3416 2253 δεσπότην
3445 2180 3752 2252 προϐάλλο-

2155 2285 2253 2339 μαι
2283 2268 2373 2320 τὸν
2398 2269 2530 2336 ὲμόν
2557 2284 2573 2298 ⁸
2601 2269 2662 2322 οὐ
2689 2271 2798 2338 γὰρ
2848 2267 3090 2338 ἐμαυτῷ,
3126 2267 3239 2320 ἀλλ’
3260 2266 3452 2335 ἐκείνῳ
3484 2263 3754 2316 διακονῶν

2151 2353 2296 2421 ῆκωθ
2326 2351 2536 2404 ἐκείνου
2583 2351 2762 2405 τοίνυν
2791 2351 3056 2414 αἰδεσθεὶς
3089 2351 3190 2421 τὴν
3215 2349 3436 2420 ἀρετὴν,
3471 2347 3752 2416 συγκατά-

2152 2435 2361 2505 πραξόν
2398 2451 2488 2504 μοι
2513 2435 2573 2488 τὸ
2601 2435 2964 2504 προκείμενον
2996 2434 3165 2487 ἆπαν.

2225 2533 2300 2592 ς’.
2320 2523 2450 2580 Εῐτα
2474 2528 2560 2580 ἵνα
2586 2528 2660 2598 μὴ
2682 2527 2910 2598 νομίσῃς
2925 2528 3006 2580 ὅτι
3032 2525 3106 2588 ώς
3127 2524 3286 2596 χρέος
3313 2523 3555 2586 ἀπαιτεῖ,
3583 2522 3759 2576 ἀκού.

2155 2625 2246 2662 σον
2294 2611 2389 2663 καὶ
2426 2610 2534 2662 τῶν
2569 2610 2730 2678 ἑξῆςο
2777 2610 2887 2662 Καὶ
2927 2609 3190 2675 ποίησον
3244 2606 3418 2673 ἕλεος
3444 2605 3593 2675 μετὰ
3640 2604 3756 2657 τοῦ

2155 2691 2365 2760 κυρίου
2402 2710 2521 2760 μου
2573 2691 2839 2762 Ἁϐραάμ.
2877 2691 2996 2745 Κᾶν
3027 2691 3198 2762 μυρία
3226 2685 3395 2760 ὦμεν,
3424 2690 3580 2759 φησὶ,
3612 2704 3756 2740 κατ-

2154 2773 2498 2843 ωρθωκότες,
2551 2773 2810 2846 ἀξιοῦμεν
2851 2777 3035 2846 χάριτι
3073 2775 3334 2844 σωθῆναι,
3366 2773 3463 2826 καὶ
3492 2772 3600 2825 ἀπὸ
3634 2769 3757 2840 φιλ-

2156 2856 2468 2926 ανθρωπίας
2497 2857 2654 2910 τοῦτο
2696 2857 2900 2922 λαϐεῖν,
2931 2858 3032 2910 οὐκ
3083 2857 3140 2923 ἐξ
3191 2856 3411 2927 ὁφειλῆς
3462 2871 3608 2916 τινος
3657 2851 3761 2907 καὶ

2153 2941 2369 3012 χρέους.
2400 2941 2464 2993 Τί
2498 2941 2679 2994 τοίνυν
2706 2941 2884 3011 βούλει
2908 2957 2922 2970 ·
2967 2940 3113 2994 Ἰδοὺ
3150 2941 3400 3008 ἕστηκα,
3440 2939 3628 3011 φησὶν,
3652 2937 3755 2991 ἐπὶ

2157 3024 2263 3092 τῆς
2288 3024 2488 3094 πηγῆς
2523 3025 2628 3078 τοῦ
2661 3025 2881 3092 ὕδατος
2901 3042 2914 3056 ο
2960 3028 3021 3078 al
3051 3025 3122 3078 δὲ
3161 3025 3484 3094 θυγατέρες
3529 3022 3651 3077 τῶν
3679 3026 3759 3076 οἰ-

2157 3110 2431 3163 κούντων
2460 3109 2573 3177 τὴν
2594 3111 2776 3163 πόλιν
2805 3108 2954 3182 [2'21]
2989 3109 3412 3177 ἐκπορεύονται
3450 3106 3759 3174 ἀντλῆσαι

2157 3191 2314 3260 ὕδωρ
2335 3209 2352 3226 ο
2404 3191 2503 3245 καί
2548 3191 2720 3246 ἔσται
2770 3192 2808 3258 ἠ
2858 3191 3188 3258 παρθένος,
3232 3186 3272 3262 ᾗ
3298 3192 3376 3245 ἂν
3422 3190 3540 3260 ἐγὼ
3583 3191 3760 3250 εἵκω,

2156 3275 2504 3333 Ἐπίκλινόν
2517 3293 2617 3348 μοι
2640 3277 2756 3344 τὴν
2780 3275 2994 3344 ὑδρίαν
3015 3292 3154 3337 σου,
3177 3275 3277 3328 ἵνα
3296 3275 3431 3338 πίω,
3458 3274 3559 3327 καὶ
3586 3275 3758 3340 ειεῃ.

2161 3361 2265 3415 Πίε
2302 3361 2401 3414 καί
2439 3362 2544 3428 σὺ,
2577 3352 2674 3414 καί
2700 3359 2803 3423 τὰς
2823 3357 3137 3428 καμήλους
3172 3372 3290 3410 σου
3321 3355 3524 3420 ποτιῶ,
3543 3356 3657 3424 ἓως
3684 3355 3763 3411 ἂν

2162 3443 2509 3496 παύσωνται
2545 3441 2736 3498 πᾶσαι
2788 3444 3098 3505 πίνουσαι,
3146 3443 3374 3508 ταύτην
3421 3441 3764 3511 ἡτοίμασας

2164 3523 2242 3590 τῷ
2267 3524 2432 3576 παιδί
2473 3541 2588 3578 σου
2623 3526 2846 3585 Ἰσαὰκ.
2882 3525 2980 3578 καί
3009 3526 3080 3578 ὲν
3118 3525 3306 3590 τούτῳ
3339 3523 3645 3594 γνώσομαι
3670 3523 3760 3578 ὅτι

2163 3608 2455 3672 ἐποίησας
2481 3607 2652 3673 ἕλεος
2678 3607 2758 3673 τῷ
2806 3608 2990 3674 κυρίῳ
3011 3625 3132 3676 μου
3173 3608 3437 3676 Ἀϐραάμ.
3488 3609 3635 3678 Ὅρα
3676 3625 3763 3660 co-

2166 3691 2292 3758 φίαν
2312 3690 2546 3750 οἰκέτου,
2570 3681 2680 3743 οἷον
2699 3689 2879 3760 τίθησι
2901 3692 3144 3759 σημεῖον.
3161 3688 3276 3744 Οὐκ
3297 3686 3469 3754 εἶπεν,
3493 3689 3625 3744 Ἐάν
3643 3707 3763 3744 τινα

2167 3773 2260 3826 ίδω
2283 3774 2374 3826 ἐπὶ
2397 3773 2634 3843 ἡμιόνων
2660 3774 2989 3843 φερομένην,
3014 3773 3106 3825 ἐπὶ
3131 3772 3404 3842 ὀχήματος
3433 3773 3763 3844 ὀχουμένην,

2165 3857 2432 3927 εὐνούχων
2461 3856 2516 3908 δὲ
2543 3855 2710 3925 ἐσμὸν
2733 3855 3159 3926 ἐπισυρομένην,
3180 3854 3380 3926 πολλὴν
3411 3856 3645 3926 ἔχουσαν
3672 3856 3758 3909 0e-

2167 3940 2423 4012 ραπείαν,
2464 3938 2739 4010 εὔμορφον
2777 3938 2871 3992 καὶ
2901 3937 3333 4010 ἀπολάμπουσαν
3361 3940 3504 3993 κατά
3551 3941 3650 4010 τὴν
3669 3939 3762 3993 τοῦ

2167 4023 2416 4093 σώματος
2451 4022 2622 4093 ὥραν,
2650 4021 2855 4092 ταύτην
2869 4023 3170 4092 ἡτοίμασας
3189 4023 3269 4092 τῷ
3294 4023 3444 4075 παιδί
3468 4040 3564 4076 σου
3590 4039 3603 4052 ·
3629 4023 3762 4078 ἀλλά

2165 4107 2218 4159 τί
2238 4124 2252 4171 ;
2285 4101 2360 4177 ’ῌ
2380 4107 2444 4160 ἂν
2477 4105 2586 4174 ἐγὼ
2601 4107 2760 4158 εἰπωο
2779 4105 3120 4159 Ἐπίκλινόν
3131 4123 3233 4174 μοι
3260 4105 3375 4174 τὴν
3398 4105 3762 4173 ὐδριάνσουο

2167 4192 2268 4244 ἵνα
2283 4190 2490 4242 πίω.Τί
2509 4191 2706 4251 ποιεῖς,
2725 4189 2822 4242 ἀνθ
2833 4205 2982 4258 ρωπε
3005 4187 3211 4254 ;οὑτως
3225 4188 3420 4258 εὐτελῆ
3437 4193 3674 4258 γυναῖκα
3690 4189 3766 4259 τῷ

2167 4272 2403 4345 δεσπότῃ
2427 4289 2521 4325 σου
2555 4271 2756 4343 ζητεῖς,
2787 4270 3213 4342 ὑδροφοροῦσαν,
3237 4271 3330 4324 καί
3365 4288 3448 4324 σοι
3475 4273 3764 4343 διαλεχθῆ-

2167 4373 2254 4409 ναι
2280 4355 2614 4426 δυναμένην;
2637 4354 2764 4418 Ναὶ,
2789 4353 2982 4424 φησιν’
3009 4355 3070 4406 οὐ
3111 4354 3222 4425 γὰρ
3249 4354 3463 4425 ἔπεμψέ
3518 4374 3589 4426 με
3632 4374 3764 4426 xm;-

2172 4437 2356 4508 μάτων
2405 4437 2660 4509 εὐπορίαν
2683 4477 2697 4501 ,
2739 4437 2862 4490 οὐδὲ
2918 4437 3110 4505 γένους
3170 4437 3568 4508 λαμπρότητα,
3632 4441 3764 4493 ἀλλὰ

2167 4521 2344 4590 ψυχῆς
2371 4520 2649 4588 εὐγένειαν
2678 4519 3099 4592 ὲπιζητήσοντα.
3141 4520 3340 4573 Πολλαί
3371 4521 3634 4586 πολλάκις
3661 4523 3766 4576 τών

2171 4603 2581 4676 ὐδροφορούσῶν
2605 4603 2810 4658 τούτων
2830 4604 3122 4676 ὀλόκληρον
3159 4604 3374 4674 ἔχουσιν
3408 4609 3635 4678 ἀρετὴν,
3670 4607 3763 4662 ἀλ-

2169 4687 2259 4740 λαι
2286 4687 2342 4740 δὲ
2386 4690 2442 4741 ὲν
2470 4688 2640 4750 οἴκοις
2689 4687 2964 4758 λαμπροῖς
3019 4687 3348 4759 καθήμεναι,
3395 4691 3618 4744 πάντων
3661 4690 3765 4743 εἰσὶ

2171 4771 2387 4842 χείρους
2438 4771 2532 4824 καὶ
2571 4771 2919 4842 φαυλότεραι.
2959 4769 3088 4824 Εἶτα
3136 4772 3233 4824 καὶ
3265 4773 3431 4826 πόθεν
3473 4775 3656 4835 τοῦτο,
3685 4776 3764 4828 ὅτι

2171 4855 2422 4926 ὲνάρετός
2448 4856 2595 4907 ἐστιν
2623 4857 2656 4925 ή
2701 4857 2874 4924 γυνή;
2924 4855 3055 4908 Ἀπὸ
3080 4855 3173 4908 τοῦ
3205 4857 3456 4926 σημείου,
3488 4860 3674 4928 φησὶν,
3698 4851 3766 4912 οὗ

2171 4933 2314 4992 εἶπε.
2353 4939 2463 4991 Καὶ
2493 4940 2645 4991 ποῖον
2689 4937 2848 4990 τοῦτο
2880 4939 2940 4990 τὸ
2971 4941 3196 5008 σημεῖον
3221 4939 3425 5010 ἀρετῆς
3450 4957 3463 5004 ;
3493 4943 3766 5009 Μέγιστον

2171 5023 2264 5076 καὶ
2287 5021 2790 5091 ἀναμφισϐήτητον.
2821 5021 3128 5088 Φιλοξενίας
3165 5022 3275 5093 γάρ
3305 5023 3467 5077 τοῦτο
3499 5026 3644 5095 μέγα
3673 5042 3767 5093 ση-

2175 5106 2324 5178 μεῖόν
2357 5107 2526 5166 ἐστιν,
2589 5105 2730 5159 ὥστε
2790 5109 2970 5159 πᾶσαν
3004 5108 3312 5176 παρασχεῖν
3362 5108 3661 5174 ἀπόδειξιν.
3696 5111 3763 5161 Ὀ

2171 5190 2348 5242 τοίνυν
2402 5188 2550 5256 λέγει
2598 5187 2838 5242 τοιοῦτόν
2871 5189 3038 5251 ἐστιν,
3077 5191 3126 5241 εἰ
3154 5189 3248 5242 καὶ
3289 5189 3363 5261 μὴ
3395 5190 3571 5243 ταῦτα
3600 5189 3768 5260 φθέγο

2172 5289 2328 5340 γεται
2355 5272 2420 5325 τά
2455 5275 2678 5342 ῥήματα
2697 5289 2711 5302 ’
2745 5273 2990 5343 Ἑκείνην
3014 5272 3162 5346 ζητῶ
3185 5275 3285 5346 τὴν
3330 5273 3620 5344 παρθένον,
3649 5276 3768 5342 ἥτις

2173 5354 2317 5408 οὑτω
2349 5354 2623 5424 φιλόξενός
2665 5358 2834 5417 ἐστιν,
2860 5355 2937 5418 ώς
2968 5356 3150 5409 πᾶσαν
3189 5360 3493 5426 παρασχεῖν
3515 5359 3572 5410 ὲν
3600 5353 3677 5420 οἷς
3700 5356 3768 5409 ἂν

2171 5438 2394 5507 δύνηται
2433 5437 2751 5507 θεραπείαν.
2809 5439 2918 5490 Καὶ
2961 5439 3060 5508 οὐχ
3127 5440 3314 5503 ἁπλῶς
3349 5441 3508 5493 τοῦτο
3548 5442 3767 5511 ἐζήτει·

2173 5521 2290 5576 ἀλλ’
2323 5521 2511 5592 ἐπειδὴ
2534 5521 2789 5592 τοιαύτης
2813 5523 2992 5585 οἰκίας
3017 5519 3104 5594 ἦν,
3135 5525 3194 5575 ἐν
3312 5525 3549 5595 μάλιστα
3583 5525 3651 5576 τὰ
3670 5524 3771 5593 τῆς

2177 5604 2481 5674 φιλοξενίας
2515 5605 2666 5675 ἤνθει
2701 5606 3124 5677 κατορθώματα,
3157 5608 3315 5662 τοῦτο
3340 5612 3447 5680 πρὸ
3470 5610 3577 5662 τῶν
3597 5609 3770 5664 ἀλλων

2177 5687 2459 5760 ἐζήτησεν,
2511 5689 2814 5760 όμότροπον
2845 5695 2957 5756 τοῖς
2995 5693 3189 5746 ἑαυτοῦ
3238 5694 3529 5758 δεσπόταις
3564 5695 3766 5748 λαϐεῖν.

2179 5771 2272 5836 Εἰς
2294 5772 2470 5826 οἰκίαν
2504 5773 2674 5845 αὐτὴν
2701 5775 2988 5847 μέλλομεν,
3023 5779 3188 5850 φησὶν
3229 5780 3568 5848 εἰσαγαγεῖν,
3601 5776 3770 5844 ξένοις
