3990 6358
201 338 312 395 €35

196 455 306 509 litia
341 470 356 517 ;
386 461 443 508 at
467 467 585 523 quae
617 450 780 506 animi
810 448 1014 519 pollent
1038 446 1437 518 pulchritudine
1457 488 1472 511 ,
1498 461 1604 515 quo
1628 446 1797 514 magis

198 548 465 615 temporis
513 559 764 615 processu
812 541 1224 613 generositatem
1270 556 1419 594 suam
1460 538 1794 607 approbant,

196 648 356 692 tanto
394 636 591 691 acriori
622 634 835 689 ﬂamma
866 643 1027 688 urunt
1059 633 1373 686 maritorum
1423 645 1655 700 pectora.
1689 632 1798 682 lloc

195 740 360 799 pacto
393 729 479 782 ubi
512 728 712 782 fervida
754 736 808 781 et
839 740 1091 794 germana
1137 724 1432 778 innascitur
1478 723 1799 777 benevolen-

196 821 292 881 tia,
329 836 488 874 omne
513 819 682 888 stupri
713 833 881 888 genus
907 818 1137 880 exsulat,
1165 825 1218 869 et
1244 817 1322 870 sic
1346 815 1545 869 amanti
1575 830 1793 866 uxorem

196 927 266 965 ne
314 914 367 965 in
414 922 649 965 mentem
680 910 894 978 quidem
925 910 1068 961 venit
1094 907 1340 976 voluptas
1380 906 1481 960 nisi
1527 906 1795 974 legitima,

198 1002 513 1057 immanenti
545 1002 816 1054 amorilms
847 1000 1111 1070 propriis,
1154 1008 1208 1053 et
1240 1014 1333 1068 per
1362 996 1663 1066 pudicitiam
1705 1012 1791 1047 ca-

197 1096 371 1162 ptanti
418 1094 653 1147 favorem
685 1094 917 1147 caelestis
956 1093 1189 1146 numinis
1213 1131 1228 1157 ,
1261 1090 1412 1161 cujus
1453 1090 1704 1158 auSpiciis
1743 1100 1799 1143 et

196 1183 576 1241 benevolentia
608 1189 749 1241 inter
771 1186 1028 1255 conjuges
1057 1185 1127 1238 sit
1154 1193 1432 1254 perpetua,
1467 1192 1522 1237 et
1549 1182 1665 1251 ejus
1695 1198 1797 1249 ope

194 1281 607 1334 administretur
634 1294 719 1334 res
748 1279 1064 1333 domestica.
1092 1276 1182 1331 Sic
1210 1291 1407 1330 uxores
1446 1275 1546 1329 sibi
1590 1290 1799 1344 quan-e-

194 1374 326 1428 bant
373 1372 532 1443 prisci
568 1372 638 1425 illi
666 1372 863 1425 virtute
894 1369 1136 1434 nobiles,
1169 1368 1482 1438 praeclaram
1522 1366 1686 1420 animi
1719 1367 1799 1419 in-

194 1464 380 1518 dotem
424 1464 475 1516 in
521 1464 599 1517 eis
640 1471 982 1531 spectantes,
1035 1476 1141 1514 non
1187 1459 1528 1529 pecuniarum
1564 1458 1795 1527 copiam,

195 1555 346 1624 quod
378 1555 449 1608 ita
477 1570 599 1609 esse
632 1562 691 1607 ut
719 1553 827 1608 dixi
861 1568 966 1607 uno
995 1551 1242 1620 exemplo
1269 1550 1608 1605 indicabitur.
1634 1550 1798 1603 Abra-

197 1648 385 1700 hamus
401 1647 517 1715 jam
545 1647 713 1699 senior
743 1653 1086 1715 provectwque
1110 1642 1274 1696 aetatis
1298 1642 1428 1695 dixit
1451 1657 1592 1695 servo
1614 1640 1799 1710 majori

196 1740 383 1793 domus
407 1755 535 1804 sum,
557 1739 643 1808 qui
665 1746 879 1807 praeerat
900 1738 1009 1807 ejus
1030 1733 1260 1789 omnibus
1285 1733 1628 1807 facultatibus,
1657 1733 1800 1788 Pone

197 1846 409 1883 manuni
458 1839 596 1883 tuam
634 1827 801 1882 subter
841 1833 1007 1898 femur
1050 1844 1252 1889 meum,
1280 1836 1335 1879 ut
1361 1827 1591 1894 adiurem
1632 1835 1679 1879 te
1709 1842 1802 1896 per

199 1920 482 1975 Dominum
507 1918 671 1973 Deum
694 1920 805 1973 εωιὶ
834 1928 880 1973 et
911 1930 1058 1971 terrm
1077 1958 1093 1981 ,
1128 1928 1181 1970 ut
1211 1934 1311 1971 non
1341 1917 1564 1986 accipias
1590 1934 1801 1971 uxorem

204 2017 316 2084 ﬁlio
357 2032 469 2067 meo
511 2012 661 2066 Isaac
705 2014 767 2066 de
795 2012 1000 2081 ﬁliabus
1028 2011 1435 2064 Chananworum
1459 2052 1473 2074 ,
1504 2010 1636 2063 inter
1676 2026 1801 2079 quos

198 2107 395 2172 habito,
418 2106 508 2159 sed
527 2105 594 2158 ad
615 2115 796 2157 terram
812 2120 975 2157 meam
994 2104 1077 2156 ubi
1093 2112 1240 2156 natus
1254 2119 1385 2159 sum.
1402 2112 1446 2154 et
1461 2101 1528 2154 ad
1542 2103 1801 2171 cognatio-

198 2215 313 2251 nem
344 2214 509 2250 meum
532 2196 889 2265 proﬁciscaris,
911 2204 955 2249 et
983 2194 1100 2247 inde
1119 2210 1327 2247 uxorem
1344 2194 1451 2261 ﬁlio
1475 2209 1585 2245 meo
1619 2190 1801 2258 capias

201 2290 220 2360 (
246 2289 377 2344 Gen.
405 2289 500 2343 24.
537 2290 630 2342 1-4
653 2286 696 2359 ).
728 2287 916 2342 Viden”
939 2287 1067 2356 justi
1099 2286 1255 2354 lmjus
1284 2285 1534 2339 virtutem
1556 2326 1571 2349 ,
1604 2295 1801 2352 quanta

199 2396 328 2435 cura
380 2380 581 2449 nuptiis
627 2379 994 2448 prospexerit?
1019 2377 1137 2431 Non
1166 2377 1309 2431 enim
1341 2376 1581 2430 adhibuit
1611 2376 1802 2445 perdu-

197 2471 400 2525 ctrices
435 2470 780 2524 mulierculas
802 2512 815 2533 ,
844 2478 901 2524 ut
931 2486 1070 2522 ntmc
1101 2467 1187 2532 fit,
1220 2483 1394 2538 neque
1417 2466 1686 2536 pronubas
1711 2476 1801 2521 aut

198 2582 333 2620 anus
366 2567 637 2639 garrulas,
666 2564 763 2623 sed
799 2563 1006 2619 famulo
1035 2578 1135 2622 suo
1164 2561 1436 2616 commisit
1487 2561 1588 2615 hoc
1633 2576 1798 2630 nego-

199 2669 335 2721 tium
361 2685 375 2721 :
402 2664 547 2735 quod
572 2680 748 2735 ipsum
771 2680 1025 2735 magnum
1057 2662 1272 2732 pietatis
1298 2655 1615 2732 patriarcha:
1643 2672 1804 2731 argu-

200 2768 446 2812 mentum
476 2766 593 2822 est,
623 2756 764 2826 quod
807 2765 915 2811 tam
961 2755 1100 2810 bene
1132 2754 1361 2809 instituit
1403 2754 1657 2807 famulum
1684 2793 1699 2816 ,
1744 2762 1802 2807 ut

199 2853 396 2921 dignus
424 2852 598 2917 fieret,
621 2850 709 2905 cui
729 2849 1041 2905 crederetur
1065 2847 1172 2903 tale
1197 2848 1573 2903 ministerium.
1602 2846 1802 2902 Deinde

200 2946 485 3000 mulierem
523 2944 715 3013 quaerit
744 2958 851 2997 non
885 2943 1177 2997 formosam
1208 2950 1299 2995 aut
1329 2940 1567 3005 divitem,
1592 2939 1685 2993 sed
1711 2954 1804 3009 ge-

200 3038 415 3092 nerosis
457 3036 703 3091 moribus
732 3035 1006 3105 prteditam
1040 3052 1053 3088 :
1086 3044 1140 3089 et
1170 3033 1271 3089 hac
1307 3034 1375 3088 de
1417 3047 1577 3087 causa
1625 3032 1800 3085 homi-

198 3145 326 3184 nem
372 3128 527 3197 jubet
571 3138 680 3181 tam
725 3127 1072 3197 longinquam
1113 3124 1596 3196 peregrinationem
1633 3123 1805 3177 susci-

199 3236 353 3290 pere.
381 3218 537 3274 Nunc
554 3218 925 3287 contemplare
948 3226 1009 3274 et
1028 3217 1211 3271 famuli
1238 3226 1470 3269 mentem
1496 3214 1799 3284 egregiam:

197 3326 311 3365 non
340 3311 487 3365 enim
528 3309 700 3365 dixit:
732 3309 869 3375 Quid
913 3308 1019 3362 hoc
1048 3308 1124 3362 rei
1154 3308 1278 3361 est?
1310 3315 1387 3360 tot
1415 3317 1542 3360 sunt
1581 3306 1802 3375 propin-

196 3420 326 3474 qua:
369 3413 595 3472 gentes,
649 3412 726 3456 tot
768 3401 821 3455 in
862 3401 940 3455 eis
978 3400 1099 3454 filiae
1129 3398 1384 3453 nobilium
1413 3407 1469 3452 et
1498 3397 1798 3460 illustrium,

195 3495 475 3563 simulque
502 3493 872 3563 praedivitum;
903 3502 958 3545 et
985 3504 1039 3545 tu
1072 3505 1161 3545 me
1192 3489 1358 3544 mittis
1390 3490 1440 3542 in
1471 3498 1667 3541 terram
1698 3499 1802 3541 tant

197 3587 365 3655 longe
394 3584 659 3650 dissitam,
695 3584 760 3638 ad
784 3584 997 3652 ignotos
1025 3581 1270 3635 homines
1296 3600 1307 3633 :
1333 3596 1490 3650 quem
1524 3581 1631 3635 illic
1653 3595 1802 3633 coin-

196 3675 458 3748 pellabo?
493 3676 614 3745 quis
663 3690 749 3729 me
798 3673 1092 3743 agnoscet?
1131 3670 1259 3742 quid
1309 3672 1353 3725 si
1406 3670 1625 3724 insidias
1674 3670 1805 3724 mihi

196 3769 466 3825 struant?
494 3766 619 3837 quid
649 3766 693 3820 si
720 3774 980 3819 conentur
1023 3763 1305 3833 decipere?
1345 3761 1476 3816 nihil
1521 3761 1662 3815 enim
1705 3761 1806 3814 ho-

199 3864 349 3933 Spite
376 3863 548 3930 magis
591 3860 804 3935 injuriis
833 3858 1155 3927 expositum.
1185 3856 1328 3911 Nihil
1363 3856 1468 3910 tale
1510 3855 1643 3909 dixit
1671 3872 1684 3908 :
1712 3854 1808 3909 sed

197 3956 390 4010 missis
413 3953 607 4007 talibus
627 3950 1061 4021 cogitationibus,
1086 3947 1227 4018 quod
1248 3948 1480 4001 maxime
1500 3955 1808 4016 suspectum

198 4062 333 4101 esse
357 4053 587 4115 poterat,
620 4043 921 4112 suSpicatus
950 4050 1053 4108 est,
1084 4043 1200 4095 sine
1227 4040 1651 4095 contradictione
1675 4038 1807 4093 obe-

198 4139 405 4203 diens,
460 4136 766 4191 necessaria
822 4145 999 4188 tamen
1061 4134 1478 4203 interrogatione
1529 4131 1810 4186 declarans

197 4247 363 4286 suam
414 4228 771 4296 prudentiam.
798 4226 936 4292 Quid
976 4226 1136 4296 igitur
1172 4233 1256 4279 est
1292 4223 1433 4293 quod
1466 4222 1811 4293 interrogavit

198 4320 532 4375 dominum?
560 4318 621 4374 Si
662 4318 917 4384 noluerit,
946 4318 1149 4387 inquit,
1180 4316 1361 4370 mulier
1386 4316 1554 4369 venire
1577 4331 1808 4380 mecum,

198 4414 465 4484 numquid
503 4414 743 4467 reducere
779 4411 933 4466 debeo
971 4412 1137 4480 ﬁlium
1176 4419 1318 4463 tuum
1363 4409 1432 4463 ad
1469 4408 1722 4479 regionem
1751 4422 1815 4461 ea:

197 4524 313 4576 qua
343 4520 574 4576 egressus
598 4520 652 4558 es
682 4501 834 4573 (Gen.
858 4503 947 4557 24.
980 4501 1085 4573 5)?
1116 4500 1410 4570 Respondit
1438 4498 1811 4554 Abrahamus:

200 4599 348 4651 (Iure
391 4594 659 4666 nequando
700 4594 914 4648 reducas
955 4594 1120 4663 ﬁlium
1160 4609 1325 4647 meum
1368 4590 1510 4645 illuc.
1562 4589 1815 4643 Dominus

199 4691 359 4745 Deus
388 4689 502 4743 caeli
532 4698 577 4742 et
606 4696 774 4753 terra,
803 4687 888 4758 qui
912 4686 1029 4739 tulit
1058 4700 1136 4739 me
1165 4686 1228 4737 de
1256 4684 1407 4737 domo
1440 4682 1597 4751 patris
1622 4682 1739 4747 mei,
1770 4689 1817 4734 et

200 4784 275 4836 de
310 4792 450 4835 terra
479 4778 755 4833 nativitatis
787 4793 930 4841 mete,
960 4777 1044 4846 qui
1073 4777 1311 4846 loquutus
1338 4784 1407 4827 est
1438 4774 1564 4826 mihi
1594 4782 1637 4825 el
1658 4775 1817 4842 jura-

200 4876 282 4928 eit
306 4914 323 4939 ,
356 4872 532 4925 dicens
550 4913 563 4934 ,
593 4869 709 4923 Tibi
738 4870 867 4924 dabo
898 4878 1082 4922 terram
1111 4868 1241 4921 hanc
1277 4878 1322 4919 et
1350 4866 1526 4920 semini
1556 4876 1640 4919 tuo
1659 4904 1674 4930 ,
1706 4866 1818 4935 ipse

202 4966 387 5019 mittet
407 4962 644 5033 angelum
665 4978 815 5015 suum
840 4977 1013 5014 coram
1038 4974 1104 5025 te,
1127 4960 1215 5030 qui
1240 4959 1333 5011 iter
1358 4968 1499 5011 tuum
1521 4974 1819 5030 prosperum

204 5056 377 5129 faciet
406 5052 512 5123 (1b.
544 5068 593 5106 υ.
623 5053 677 5108 6.
711 5053 790 5123 7).
823 5050 1010 5107 Viden’
1038 5051 1137 5105 viri
1170 5050 1371 5104 fidem?
1398 5048 1515 5103 Non
1543 5049 1821 5104 advocavit

200 5149 467 5210 amicos,
504 5154 597 5200 aut
634 5154 929 5216 cognatos,
974 5158 1083 5199 non
1120 5143 1282 5197 alium
1326 5157 1682 5212 quemquam,
1726 5139 1819 5195 sed

206 5241 396 5296 Deum
443 5237 682 5307 adjunxit
720 5236 771 5291 ei
814 5246 1154 5306 sequeStrum
1198 5242 1253 5289 ct
1297 5235 1546 5289 comitem
1577 5251 1591 5289 :
1622 5242 1677 5288 et
1717 5248 1824 5303 quo

203 5328 395 5398 magis
425 5328 663 5381 animum
693 5326 916 5381 adderet
936 5324 1156 5391 famulo,
1186 5340 1292 5379 non
1320 5325 1634 5394 simpliciter
1652 5323 1821 5379 dixit:

202 5421 480 5477 Dominus
511 5418 651 5472 Deus
679 5419 791 5493 φωνιὶ
818 5428 866 5472 et
893 5428 1042 5472 terrae
1062 5433 1081 5469 :
1104 5417 1199 5472 sed
1227 5418 1523 5486 subjunxit,
1554 5416 1654 5485 Qui
1681 5432 1825 5471 sum-

202 5514 325 5583 psit
352 5527 435 5566 me
459 5527 485 5565 e
500 5510 651 5565 domo
673 5512 833 5582 patris
864 5510 978 5564 mei.
998 5509 1325 5574 Recordare,
1342 5509 1534 5578 inquit,
1557 5508 1827 5579 quomodo

206 5611 434 5658 tantam
464 5602 951 5672 peregrinationem
975 5603 1327 5672 suscepimus,
1348 5600 1618 5670 quomodo
1638 5600 1827 5654 relicto

202 5696 343 5750 Snio
376 5695 553 5765 patrio
583 5695 845 5765 majorem
872 5693 1014 5765 apud
1048 5705 1263 5749 exteros
1286 5692 1596 5749 felicitatem
1619 5691 1828 5746 inveni-

206 5805 391 5845 mus:
426 5788 699 5860 quomodo
744 5803 866 5860 qua:
908 5787 1258 5861 impossibilia
1306 5786 1644 5853 videbantur,
1692 5785 1827 5839 tacta

1250 329 1526 399 QUALES
1564 328 1914 386 DUCENDAS
1952 329 2104 387 SINT
2147 331 2442 391 UXORES.
2486 334 2575 391 Ill.

3395 345 3503 402 954

1907 456 2024 498 sunt
2052 447 2347 515 possibilia.
2371 448 2478 504 Nec
2502 450 2604 506 hoc
2631 450 2802 505 solum
2834 453 2888 508 in
2910 463 3142 511 mentem
3166 458 3213 513 ei
3242 474 3501 515 revocans

1902 536 2058 602 dixit,
2108 537 2207 604 Qui
2241 542 2453 606 sumpsit
2480 558 2559 594 me
2595 558 2625 594 e
2666 542 2815 596 domo
2851 546 3010 614 patris
3039 550 3169 614 mei,
3199 552 3292 605 sed
3336 555 3496 607 etiam

1903 627 2044 696 quod
2086 629 2382 685 debitorem
2430 632 2596 687 Deum
2640 633 2851 689 habeat.
2898 636 3162 708 Obligavit
3203 657 3263 696 se
3307 646 3461 698 nobis
3487 687 3503 708 ,

1906 719 2107 789 inquit;
2143 721 2256 792 ipse
2289 722 2553 790 pollicitus
2579 735 2661 778 est
2693 734 2888 780 terram
2921 729 3058 784 hanc
3087 733 3217 787 mihi
3249 749 3310 789 se
3338 736 3497 789 datu-

1904 828 2021 866 rum
2051 826 2105 868 et
2136 830 2260 869 meo
2310 818 2523 871 semini.
2553 818 2892 889 Quapropter
2918 825 3128 879 etiamsi
3161 843 3259 883 nos
3299 830 3499 901 indigni

1906 909 2093 969 simus,
2126 917 2273 961 certe
2305 923 2371 961 ne
2407 909 2691 975 promissio
2718 912 2808 965 fiat
2832 912 3000 979 irrita,
3036 918 3189 972 nobis
3212 920 3411 985 aderit,
3444 935 3501 979 et

1904 1009 2097 1051 cuncta
2141 1015 2261 1067 quae
2301 1000 2693 1057 destinavimus
2739 1006 2928 1060 reddet
2970 1008 3169 1075 facilia,
3199 1024 3251 1066 et
3276 1016 3340 1068 ad
3366 1018 3499 1071 cli'e-

1905 1096 2086 1153 ctnm,
2133 1091 2344 1159 qualem
2397 1101 2679 1162 optamus,
2727 1096 2998 1165 perducet.
3032 1100 3123 1154 llis
3159 1104 3316 1159 dictis
3356 1110 3499 1166 misit

1905 1178 2184 1233 fannnlum.

1989 1269 2038 1322 [τ’
2040 1271 2199 1325 amuli
2249 1272 2469 1327 Abraha:
2528 1275 2777 1331 laudatio.
2852 1278 3194 1350 llospitalitas
3254 1286 3499 1344 bonorum

1902 1380 2075 1418 causa.
2100 1396 2171 1406 —
2198 1368 2292 1423 Ille
2322 1370 2407 1424 ubi
2441 1373 2686 1440 pervenit
2723 1374 2879 1442 illuc,
2919 1392 3023 1431 non
3053 1379 3181 1434 adiit
3222 1381 3386 1436 ullum
3431 1401 3498 1439 ex

1902 1455 2129 1520 civibus,
2158 1474 2265 1512 non
2291 1459 2598 1530 alloquutus
2619 1474 2699 1518 est
2728 1464 2995 1533 homines,
3021 1486 3127 1524 nou
3153 1475 3500 1542 compellavit

1904 1547 2154 1602 mulieres
2186 1567 2199 1603 :
2229 1550 2322 1604 sed
2356 1552 2479 1606 vide
2508 1568 2666 1623 quam
2695 1555 2833 1611 bona
2862 1557 2989 1624 ﬁde,
3021 1577 3178 1631 quem
3215 1576 3501 1636 acceperat

1903 1649 2275 1707 sequestrum,
2319 1644 2573 1710 retinuit,
2606 1656 2802 1713 pneter
2838 1664 2961 1702 eum
2996 1653 3285 1721 appellavit
3324 1658 3499 1710 nemi-

1905 1745 2060 1796 nem;
2093 1739 2149 1785 et
2177 1743 2324 1787 stans
2353 1736 2549 1799 oravit,
2574 1735 2641 1790 Et
2670 1738 2763 1805 ait,
2787 1738 2998 1795 Domine
3022 1742 3161 1797 Deus
3191 1746 3384 1800 domini
3403 1750 3501 1802 mei

1904 1821 2185 1875 Abrahami
2212 1864 2226 1886 ,
2259 1826 2327 1877 sis
2357 1827 2483 1879 mihi
2510 1827 2660 1881 hodie
2697 1846 2918 1899 prtesens
2946 1850 3007 1887 ac
3047 1838 3295 1905 prOpitius
3328 1839 3496 1910 (Gen.

1904 1911 1994 1965 24.
2032 1914 2118 1981 12)
2151 1931 2163 1966 :
2197 1931 2295 1969 nec
2323 1916 2458 1970 dixit
2483 1958 2496 1979 ,
2545 1918 2767 1974 Domine
2812 1922 3144 1999 Deus_meus
3169 1967 3181 1979 .
3206 1928 3302 1982 Sed
3331 1932 3501 1999 quid?

1907 2001 2124 2057 Domine
2153 2004 2288 2059 Deus
2313 2008 2506 2061 domini
2531 2010 2627 2062 mei
2651 2010 2947 2067 Abrahami.
2968 1994 3203 2071 'Etiatnsi
3232 2034 3330 2087 ego
3350 1994 3504 2090 ahje-

1905 2103 2024 2149 ctus
2050 2096 2173 2159 sim,
2207 2099 2396 2168 inquit,
2428 2112 2479 2154 et
2515 2100 2730 2155 humilis
2755 2145 2770 2171 ,
2800 2116 2947 2159 certe
2976 2105 3164 2161 herum
3196 2126 3372 2165 meum
3404 2130 3502 2182 pro

1907 2200 1993 2239 me
2040 2188 2248 2257 allego:
2282 2206 2387 2243 non
2433 2194 2575 2246 enim
2630 2194 2799 2259 mihi,
2848 2197 2942 2251 sed
2986 2198 3061 2251 illi
3106 2200 3501 2259 ministraturus

1906 2279 2010 2335 lmc
2039 2284 2156 2336 veni
2189 2300 2201 2334 :
2237 2284 2376 2338 illius
2412 2286 2570 2354 igitur
2602 2289 2812 2341 virtutis
2840 2303 3087 2361 respectu
3109 2304 3331 2350 conatus
3352 2313 3505 2354 meos

1907 2372 2117 2440 adjtna.

1980 2466 2029 2518 ϐ.
2066 2465 2267 2522 Deinde
2305 2483 2373 2523 ne
2414 2480 2568 2538 putes
2597 2486 2718 2525 eum
2758 2481 3026 2543 tamquam
3063 2474 3303 2531 debitum
3344 2494 3504 2547 repe-

1908 2563 2043 2618 tere,
2075 2558 2197 2611 audi
2228 2575 2345 2627 qua:
2371 2571 2667 2630 sequuntur
2701 2580 2713 2615 :
2746 2563 2811 2616 Et
2843 2568 2926 2632 [ac
2953 2566 3350 2621 misericordiam
3388 2586 3506 2623 cum

1907 2647 2112 2700 domino
2140 2666 2248 2702 meo
2275 2650 2533 2704 Abraham
2556 2650 2722 2724 (Gen.
2747 2653 2836 2707 24.
2862 2655 2980 2724 12).
3012 2655 3234 2711 Etiamsi
3278 2659 3503 2727 plurima

1904 2755 2212 2812 exstarent,
2244 2744 2442 2816 inquit,
2474 2752 2661 2799 nostra
2692 2747 2882 2801 merita
2905 2787 2918 2809 ,
2949 2766 3198 2819 rogamus
3239 2762 3414 2808 tamen
3449 2764 3504 2808 ut

1909 2848 1995 2893 tua
2026 2854 2125 2894 nos
2153 2855 2339 2896 serves
2362 2842 2554 2911 gratia,
2589 2851 2755 2897 totum
2788 2856 2841 2898 ut
2868 2842 3192 2903 beneficium
3224 2857 3499 2916 acceptum

1909 2930 2167 2997 ferentes,
2200 2948 2305 2986 non
2336 2941 2392 2986 ut
2421 2932 2683 2987 debitum.
2710 2936 2770 2989 Et
2796 2938 2921 3006 quid
2953 2941 3045 2994 tibi
3076 2944 3351 3010 postulas?
3379 2941 3509 2996 Ecce

1908 3039 2001 3093 ego
2031 3034 2129 3086 sto,
2164 3024 2366 3094 inquit,
2392 3042 2550 3096 prope
2582 3028 2770 3098 fontem
2801 3045 2980 3098 aquaz,
3014 3042 3060 3085 el
3090 3033 3215 3101 ﬁlia:
3250 3037 3504 3090 habitato-

1906 3134 2022 3171 rum
2049 3119 2263 3171 civitatis
2288 3118 2605 3188 egrediantur
2642 3120 2711 3172 ad
2750 3121 3080 3177 hauriendam
3108 3143 3312 3195 aquam.
3330 3126 3506 3197 Igitur

1908 3209 2078 3280 puella
2100 3210 2178 3263 cui
2208 3211 2383 3263 dixero
2410 3227 2428 3264 :
2451 3210 2626 3265 Prwbe
2647 3212 2879 3282 hydriam
2899 3226 3036 3267 tuam
3061 3227 3113 3269 ut
3135 3217 3323 3285 bibant,
3347 3231 3393 3273 ct
3417 3222 3507 3274 illa

1906 3302 2241 3373 responderit,
2273 3303 2415 3369 Bibe,
2439 3305 2558 3373 quin
2578 3314 2625 3357 et
2647 3306 2849 3359 camelis
2870 3309 2967 3361 tuis
2989 3308 3119 3362 dabo
3144 3321 3317 3380 potum
3342 3326 3361 3365 :
3391 3312 3504 3380 ipsa

1908 3406 1979 3448 est
2006 3412 2155 3464 quant
2178 3397 2477 3466 prwparasti
2503 3412 2643 3449 servo
2668 3407 2752 3450 tuo
2777 3396 2929 3451 Isaac
2948 3440 2962 3462 ,
2993 3409 3039 3452 ct
3067 3418 3155 3470 per
3184 3402 3279 3455 hoc
3313 3420 3505 3474 cogno-

1909 3504 2066 3549 scam,
2085 3488 2222 3555 quod
2242 3488 2415 3558 feceris
2436 3488 2831 3543 misericordium
2850 3507 2966 3543 cum
2983 3492 3104 3545 hero
3124 3510 3233 3547 meo
3250 3495 3507 3548 Abraham

1915 3578 2065 3650 (Gen.
2087 3579 2176 3634 24.
2202 3581 2285 3634 15.
2313 3578 2562 3649 14).νίι1ρ
2579 3581 2890 3649 sapientiam
2911 3583 3111 3649 famuli,
3128 3587 3283 3654 quale
3300 3587 3508 3655 signant

1912 3680 2093 3742 ponat.
2116 3670 2232 3725 Non
2253 3672 2407 3734 dixit,
2428 3671 2483 3725 Si
2506 3688 2664 3741 quam
2689 3674 2872 3727 videro
2895 3675 3053 3729 mulis
3088 3689 3409 3746 carpentove
3428 3679 3510 3733 in-

1912 3764 2055 3830 vehi,
2079 3765 2553 3833 eunuehorunique
2583 3780 2771 3835 agmen
2802 3776 2919 3835 post
2949 3781 3007 3821 se
3036 3768 3282 3836 trahere,
3315 3779 3370 3823 et
3411 3788 3513 3825 mt-

1912 3873 2181 3912 merosum
2214 3857 2547 3921 famulitium,
2577 3858 2802 3926 puellam
2833 3868 2989 3912 mtate
3011 3874 3072 3913 ac
3094 3859 3263 3914 forma
3294 3861 3507 3931 ﬂorida,

1913 3966 2030 4004 eam
2052 3952 2358 4019 prwparasti
2374 3960 2464 4005 tuo
2483 3949 2706 4015 famulo;
2721 3950 2812 4004 sed
2831 3952 2990 4022 quid?
3007 3952 3100 4007 Cui
3113 3954 3290 4008 dixero
3310 3954 3517 4011 :Prwbe

1914 4044 2153 4115 hydriam
2177 4054 2334 4109 tuam,
2366 4054 2419 4097 ut
2445 4044 2630 4098 bibam.
2660 4044 2797 4111 Quid
2823 4046 2953 4113 agis,
2986 4046 3124 4100 bone
3152 4048 3271 4101 vir?
3294 4049 3515 4104 Adeone

1914 4135 2072 4189 vilem
2102 4133 2235 4188 hero
2264 4144 2353 4187 tuo
2381 4136 2578 4204 quzeris
2608 4136 2887 4206 conjugem
2911 4178 2926 4201 ,
2970 4151 3220 4206 aquatum
3262 4140 3477 4195 missam
3496 4183 3513 4205 ,

1916 4235 1972 4279 et
1997 4241 2116 4296 qua:
2144 4236 2198 4280 te
2225 4226 2423 4295 alloqui
2455 4224 2662 4296 potest?
2691 4228 2884 4291 Etiam,
2920 4228 3121 4298 inquit:
3147 4232 3341 4284 missus
3371 4234 3517 4288 enim

1916 4331 2033 4370 sum
2062 4332 2167 4370 non
2194 4315 2535 4385 pecuniosam
2562 4326 2653 4370 aut
2682 4316 2949 4383 nobilem,
2978 4320 3071 4371 sed
3099 4319 3337 4375 moribus
3368 4321 3518 4391 inge-

1918 4408 2039 4462 nuis
2082 4407 2356 4476 prwditam
2401 4422 2663 4474 quaerere.
2718 4408 2893 4462 Multa:
2934 4424 3077 4478 smpe
3119 4426 3185 4465 ex
3232 4411 3347 4466 isds
3395 4429 3518 4483 quas

1917 4507 2170 4568 aquatum
2199 4499 2480 4553 mittuntur
2502 4541 2518 4565 ,
2571 4500 2621 4553 in
2662 4501 2892 4554 solidum
2922 4502 3171 4557 virtutem
3202 4505 3475 4574 possident
3501 4523 3514 4559 :

1919 4590 2040 4642 aliae.
2067 4598 2250 4643 contra
2284 4590 2338 4643 in
2369 4590 2664 4660 magnificis
2691 4590 2997 4646 desidentes
3023 4593 3248 4661 uadibus,
3278 4595 3514 4665 ignavis-

1923 4682 2076 4734 sima:
2098 4690 2222 4734 sunt
2247 4690 2300 4734 et
2325 4680 2651 4735 deterrimzc.
2680 4683 2745 4735 Et
2768 4683 2855 4751 qui
2888 4684 2993 4736 scis
3016 4682 3154 4738 hanc
3176 4700 3298 4739 esse
3326 4690 3519 4744 virtute

1927 4770 2242 4840 pneditam?
2273 4771 2312 4824 E
2339 4771 2491 4841 signo
2511 4814 2525 4836 ,
2560 4772 2729 4841 inquit
2757 4813 2768 4835 ,
2796 4774 2937 4842 qunti
2969 4774 3096 4827 dixi.
3127 4773 3194 4828 Et
3234 4777 3390 4845 quale
3418 4778 3521 4834 hoe

1924 4863 2135 4917 virtutis
2165 4864 2371 4932 signum
2403 4864 2521 4917 est?
2567 4863 2926 4918 lndubitatum
2967 4875 3021 4920 et
3064 4868 3377 4923 maximum.
3424 4872 3517 4926 Est

1925 4958 2067 5011 enim
2099 4957 2479 5026 hospitalitatis
2517 4958 2727 5027 signum
2758 4958 3137 5012 certissimum.
3184 4960 3274 5016 Sic
3316 4961 3516 5033 igitur,

1927 5050 2028 5104 etsi
2061 5065 2165 5103 non
2196 5049 2398 5103 eisdem
2427 5048 2606 5102 verbis
2625 5088 2640 5115 ,
2672 5048 2904 5119 loquitur
2929 5066 2942 5101 :
2970 5049 3115 5103 Illam
3146 5066 3331 5129 quaero
3358 5053 3520 5124 virgi-

1929 5157 2090 5209 nem,
2131 5156 2250 5210 quae
2278 5151 2384 5193 tam
2428 5139 2707 5209 hospitalis
2733 5148 2853 5204 est,
2894 5150 2952 5193 ut
2996 5141 3234 5206 nullum,
3266 5153 3524 5212 quantum

1931 5240 2127 5302 potest,
2160 5242 2372 5286 recuset
2401 5231 2776 5286 ministerium.
2812 5230 2975 5300 quue
3006 5246 3109 5285 non
3143 5242 3349 5289 temere
3376 5251 3524 5304 qua:-

1932 5324 2021 5386 rit,
2051 5323 2145 5378 sed
2173 5323 2295 5393 quia
2322 5323 2374 5377 in
2405 5323 2483 5377 eis
2513 5322 2687 5376 fuerat
2708 5322 2964 5376 educatus
2987 5322 3224 5390 aedibus,
3254 5323 3307 5377 in
3332 5325 3526 5395 quibus

1934 5418 2166 5471 maxime
2216 5416 2492 5471 colebatur
2541 5415 2876 5486 hospitalitas
2905 5435 2916 5468 :
2945 5424 3071 5471 ante
3114 5416 3291 5472 omnia
3348 5433 3528 5471 mores

1934 5511 2125 5579 quaerit
2150 5508 2399 5562 berorum
2421 5523 2637 5562 suorum
2662 5508 2902 5562 moribus
2921 5509 3250 5575 consimiles,
3271 5508 3528 5563 ducturus

1935 5616 2186 5671 sponsam
2221 5601 2273 5654 in
2303 5600 2444 5654 aedes
2471 5609 2715 5670 patentes
2745 5599 3064 5669 hospitibus.
3105 5599 3195 5654 Sic
3234 5613 3361 5669 ergo
3386 5599 3530 5666 cogi-

1941 5692 2086 5745 tabat
2116 5708 2128 5743 :
2157 5707 2225 5745 ne
2253 5706 2355 5760 qna
2396 5694 2509 5744 rixa
2536 5690 2739 5744 oriatur
2769 5690 2906 5743 inter
2934 5690 3100 5760 ipsam
3129 5698 3183 5744 et
3206 5682 3520 5758 conjugem,

1936 5784 2063 5839 dum
2095 5783 2319 5838 maritus
2341 5796 2435 5836 sua
2467 5781 2693 5853 benigne
2718 5782 3095 5851 communicat,
3126 5780 3177 5835 in
3203 5780 3305 5836 hoc
3323 5794 3352 5831 a
3375 5788 3527 5849 patre
