3990 6358
459 331 569 387 255

460 465 565 506 non
596 447 831 518 degener
855 486 871 509 ,
897 453 956 499 et
984 442 1222 511 hospites
1251 442 1391 495 ultro
1415 441 1677 503 invitans;
1718 438 1834 494 lucc
1861 446 2047 493 contra

458 558 570 612 pra:
602 541 762 594 nimia
789 535 1112 607 parcimonia
1142 533 1192 588 id
1219 543 1386 599 vetat,
1415 541 1470 588 et
1499 548 1605 586 non
1630 532 1874 595 sustinet,
1909 539 1968 583 ut
1994 529 2052 582 fit

460 636 514 690 in
546 635 814 704 plerisque
841 629 1120 692 domibus;
1160 628 1271 696 jam
1318 641 1459 680 nunc
1487 625 1716 695 experiri
1744 625 1865 678 volo
1893 639 2050 693 quam

460 727 740 796 hoSpitalis
799 725 867 777 sit
910 741 924 780 :
963 719 1394 790 quandoquidem
1453 716 1796 784 hoSpitalitati
1836 730 2050 768 omnem

459 831 694 874 nostram
750 815 1054 869 felicitatem
1111 809 1391 864 debemus.
1449 808 1552 862 Per
1604 806 1743 860 hanc
1795 821 2051 874 sponsmn

460 909 631 979 ipsum
663 907 825 961 herus
861 910 1224 970 consequutus
1253 909 1335 954 est
1357 942 1372 964 ,
1418 914 1515 969 per
1545 899 1682 952 hanc
1711 907 1858 968 pater
1886 897 2053 951 factus

459 1012 576 1064 est,
608 998 830 1052 vitulum
862 995 1145 1060 mactavit,
1193 1003 1248 1048 et
1277 992 1483 1060 accepit
1526 991 1783 1054 filiolum,
1829 990 2050 1043 farinam

460 1091 830 1153 l’crmentavit,
862 1098 915 1141 et
943 1094 1138 1157 quanta
1167 1083 1440 1139 stellarum
1473 1091 1556 1136 est
1578 1121 1591 1144 ,
1629 1091 1828 1136 tantam
1874 1082 2055 1134 multi-

457 1183 694 1236 tudinem
728 1189 977 1250 nepntnm
1023 1178 1070 1230 ei
1107 1176 1246 1230 Deus
1275 1185 1356 1228 est
1391 1173 1676 1242 pollicitus.
1709 1173 1931 1239 Quando
1959 1173 2054 1241 igi-

457 1287 546 1331 tur
573 1275 698 1330 hiuc
725 1273 902 1328 omnia
929 1271 1066 1325 bona
1096 1268 1420 1324 influxerunt
1441 1266 1493 1320 in
1517 1275 1754 1320 nostram
1777 1266 2049 1330 familiam,

459 1368 598 1423 hanc
635 1367 884 1420 virtutem
926 1362 1140 1431 requiro
1183 1369 1309 1414 ante
1347 1358 1546 1412 omnia.
1597 1357 1713 1412 Non
1761 1357 1862 1411 hoc
1908 1357 2051 1410 enim

457 1457 898 1520 cotisiderettms,
945 1452 1084 1522 qttod
1125 1451 1286 1505 homo
1314 1465 1505 1518 aquam
1540 1449 1926 1518 postulaverit,
1959 1447 2050 1501 sed

459 1548 602 1618 quod
641 1545 927 1602 admodum
958 1542 1234 1612 hospitalis
1265 1542 1334 1594 sit
1361 1541 1561 1604 animi,
1598 1555 1702 1592 non
1725 1538 1898 1592 solmu
1924 1538 2053 1592 dare

457 1641 597 1712 quod
625 1639 852 1709 petitur,
889 1637 983 1691 sed
1015 1635 1152 1688 ultro
1185 1632 1380 1688 offerre
1413 1633 1661 1700 amplius.
1711 1629 1779 1682 Et
1821 1631 2042 1694 accidit,

457 1733 664 1801 inquit,
709 1739 762 1783 ut
791 1729 1083 1799 priusquam
1112 1726 1155 1778 is
1184 1725 1333 1791 linem
1361 1722 1600 1790 loquendi
1627 1721 1842 1792 faceret,
1875 1722 2048 1792 prodi-

456 1833 531 1877 ret
573 1820 796 1876 Rebecca
836 1834 902 1872 ea:
944 1817 1133 1888 Oppido
1171 1813 1340 1885 (Gen.
1371 1813 1458 1866 Ἡ.
1494 1813 1558 1867 15
1584 1813 1623 1880 ).
1667 1811 2050 1880 Prophetarum

457 1915 587 1971 illud
611 1913 698 1968 hic
728 1911 1000 1980 impletum
1021 1918 1105 1962 est
1127 1925 1139 1960 :
1165 1907 1344 1960 Adhuc
1371 1906 1604 1972 loquente
1627 1914 1674 1956 te
1700 1903 1887 1967 dicam,
1923 1901 2054 1956 Ecce

457 2009 637 2062 adsum
683 2003 837 2073 (Hes.
877 2001 969 2056 58.
1000 1987 1097 2073 '9).
1145 1998 1306 2054 Tales
1353 2007 1478 2051 sunt
1525 1997 1788 2050 bonorum
1833 2009 2050 2064 preces:

462 2110 587 2154 ante
616 2097 776 2152 linem
799 2108 981 2148 earum
1014 2091 1256 2146 sentiunt
1279 2089 1533 2142 annuisse
1551 2087 1715 2140 Deum
1743 2085 2049 2156 prepitium.

458 2195 598 2263 Ergo
629 2204 682 2246 tu
727 2205 936 2262 quoque
973 2201 1195 2241 uxorem
1239 2184 1496 2238 ducturus
1539 2197 1644 2235 non
1684 2179 1958 2249 confugias
1986 2178 2052 2232 ad

458 2284 723 2346 homines,
755 2293 845 2335 aut
860 2280 924 2334 ad
949 2278 1199 2333 mulieres
1216 2284 1477 2345 quaestum
1502 2272 1758 2326 facientes
1782 2288 1843 2326 ex
1867 2273 2054 2324 alienis

459 2376 798 2438 infortuniis,
851 2381 905 2427 et
954 2370 1086 2425 nihil
1133 2367 1274 2423 aliud
1314 2377 1615 2436 quaarcntcs
1644 2379 1800 2432 qnam
1835 2374 1888 2416 ut
1925 2364 2054 2432 ipsa:

459 2484 637 2536 operte
683 2465 982 2520 mercedem
1031 2459 1399 2532 capiant:sed
1441 2459 1506 2511 ad
1554 2458 1717 2512 Deum
1761 2454 2046 2525 confugitu.

457 2559 574 2614 Non
604 2555 908 2627 gravabitur
951 2569 1071 2608 esse
1113 2561 1235 2606 tuus
1278 2550 1568 2620 prounbus.
1613 2546 1782 2616 Ipsius
1810 2555 1893 2600 est
1925 2561 2052 2616 pro-

457 2652 641 2706 missio
668 2668 680 2703 :
709 2649 928 2716 Quaerite
969 2660 1180 2717 regnum
1217 2643 1476 2706 ccelorum,
1516 2650 1563 2693 et
1589 2640 1696 2693 haec
1722 2639 1890 2692 omnia
1915 2639 2052 2708 atljt'-

457 2743 650 2796 cientur
672 2739 808 2794 vobis
833 2735 1040 2808 (Matth.
1071 2735 1124 2790 6.
1148 2735 1258 2804 55).
1284 2733 1361 2787 Ne
1385 2732 1557 2793 dicas,
1584 2729 1854 2800 quomodo
1884 2729 2046 2781 Deum

456 2833 642 2888 videre
691 2827 946 2900 possum?
991 2827 1082 2896 qui
1125 2839 1338 2895 possum
1384 2821 1582 2876 habere
1621 2836 1740 2874 cum
1786 2834 1850 2872 eo
1879 2818 2049 2872 collo-

458 2926 640 2995 quium
666 2963 682 2989 ,
723 2931 778 2975 et
817 2921 1147 2987 interrogare
1175 2915 1456 2970 cominus?
1489 2912 1721 2968 lnfidelis
1751 2912 1865 2966 lucc
1891 2913 2051 2964 Vt‘l‘lla

457 3023 582 3069 sunt
627 3013 839 3067 animm.
873 3010 1057 3065 Potest
1082 3008 1224 3062 enim
1255 3007 1393 3060 Deus
1423 3016 1477 3059 et
1519 3005 1716 3074 absque
1741 3019 1869 3056 voce
1894 3003 2051 3072 quid-

457 3109 581 3179 quid
606 3107 718 3160 vult
737 3123 767 3160 e
794 3103 1018 3173 vestigio
1039 3098 1485 3169 conﬁcerezqnod
1513 3097 1599 3153 hic
1619 3113 1828 3167 quoque
1855 3096 2049 3150 factum

459 3211 561 3254 est.
594 3199 722 3254 Nam
750 3206 804 3251 et
831 3197 930 3250 isle
959 3208 1057 3250 nec
1087 3208 1276 3246 vocent
1303 3193 1462 3244 ullam
1491 3190 1718 3253 audivit,
1762 3205 1860 3242 nec
1892 3189 2050 3241 visio-

458 3309 580 3346 num
614 3290 760 3352 vidit,
791 3289 881 3342 sed
908 3287 972 3341 ad
999 3288 1195 3339 fontem
1220 3292 1367 3337 stans
1389 3298 1450 3336 ac
1472 3295 1736 3351 precatus,
1769 3283 2050 3336 confestim

459 3383 567 3437 voti
600 3394 824 3449 compos
855 3379 1022 3431 factus
1051 3385 1154 3430 est.
1184 3374 1415 3436 Accidit,
1448 3372 1638 3441 inquit,
1671 3383 1722 3424 ut
1761 3373 2049 3440 priusquam

462 3476 612 3542 linem
644 3469 880 3540 loquendi
916 3467 1122 3536 faceret,
1157 3465 1381 3520 Rebecca
1422 3465 1642 3533 prodiret
1669 3474 1868 3534 gtstans
1889 3481 2050 3531 aqua-

458 3567 559 3619 lem
579 3565 630 3617 in
653 3561 896 3625 humeris,
921 3559 1030 3628 ﬁlia
1057 3556 1318 3610 Bathuelis
1338 3572 1365 3609 e
1387 3554 1589 3609 Melcha
1619 3555 1883 3625 progeniti,
1913 3555 2051 3623 virgo

458 3657 606 3711 ualde
642 3657 885 3725 formosa,
925 3653 1064 3722 uirgo
1103 3660 1150 3704 et
1187 3650 1292 3702 uiro
1331 3649 1590 3718 incognita
1661 3646 1812 3718 (Gen.
1837 3647 1928 3701 ‘24.
1961 3647 2048 3700 15.

461 3748 574 3818 16).
604 3744 741 3814 Quid
783 3743 909 3797 mihi
951 3756 1137 3796 narras
1165 3739 1612 3809 pulchritudinem
1655 3738 1937 3807 corporis?
1984 3736 2052 3792 Ut

460 3838 922 3906 diseasqinsignem
949 3834 1065 3904 ejus
1092 3833 1422 3903 pudicitiam,
1456 3839 1514 3884 ut
1534 3830 1706 3885 discas
1731 3829 1896 3884 animi
1929 3829 2049 3898 pul-

461 3927 842 3990 chritudinem.
875 3923 1224 3994 Suspicienda
1263 3937 1493 3990 namque
1525 3935 1613 3975 res
1641 3933 1721 3975 est
1751 3921 1863 3989 ipsa
1894 3921 2051 3990 pudi-

459 4021 582 4075 citia
609 4061 623 4084 ,
665 4016 759 4073 sed
805 4017 976 4085 magis
1003 4014 1162 4069 etiam
1195 4013 1241 4068 si
1269 4012 1554 4081 conjuncta
1594 4011 1661 4064 sit
1690 4026 1811 4065 eum
1842 4011 2049 4081 egregia

468 4115 666 4184 specie.
716 4111 852 4166 Hinc
891 4117 976 4164 est
1013 4106 1154 4177 quod
1193 4105 1261 4161 de
1302 4104 1500 4175 Joseph
1546 4104 1700 4158 nobis
1745 4114 2052 4157 narraturus

465 4208 687 4278 ejusque
718 4201 1107 4273 temperantia,
1159 4197 1414 4270 prtefatus
1449 4207 1532 4252 est
1574 4197 1642 4251 de
1683 4197 1823 4250 illius
1860 4195 2051 4250 eximia

463 4297 854 4370 pulchritudine
874 4293 1136 4364 corporis,
1159 4291 1344 4346 dicens
1372 4289 1664 4344 formosum
1685 4287 1870 4353 fuisse,
1895 4301 2050 4354 aspe-

464 4402 659 4462 ctuque
688 4399 892 4461 gratum
923 4397 980 4444 et
1019 4386 1070 4441 in
1121 4385 1236 4454 ipso
1263 4383 1393 4437 flore
1423 4379 1861 4451 pulchritudinis,
1892 4389 2053 4447 atque

466 4489 535 4541 ita
577 4487 790 4541 demum
831 4481 1104 4552 subiunxit
1132 4481 1197 4534 de
1219 4478 1429 4548 juvenis
1455 4475 1825 4544 temperantia,
1853 4473 2053 4527 docens

463 4581 604 4651 quod
642 4579 827 4634 forma:
864 4577 1059 4631 decore
1094 4589 1199 4628 non
1245 4574 1314 4626 sit
1352 4586 1480 4625 usus
1506 4571 1570 4624 ad
1601 4569 1870 4623 lasciviam
1899 4568 2049 4637 (Gen.

465 4673 551 4730 59.
597 4671 675 4742 6).
711 4669 1130 4739 Haudquaquam
1172 4665 1314 4718 enim
1347 4659 1684 4730 pulchritudo
1714 4658 2053 4713 scortationis

465 4780 623 4818 causa
659 4776 872 4829 semper
901 4767 1016 4822 est,
1047 4756 1184 4809 sicut
1228 4769 1327 4806 nec
1351 4751 1661 4806 deformitas
1689 4750 2048 4805 continenlite.

464 4855 641 4910 Multa:
657 4852 800 4907 enim
820 4850 1056 4904 illustres
1076 4845 1264 4914 insigni
1283 4843 1463 4913 specie
1478 4842 1719 4910 corporis
1737 4841 2053 4895 illustriores

466 4952 617 5002 facta:
661 4955 786 5000 sunt
827 4958 923 5013 per
966 4938 1273 5011 pudicitiam
1309 4953 1320 4988 :
1354 4934 1472 4988 alite
1521 4934 1654 4988 facie
1704 4943 1886 5003 turpes
1937 4943 2052 4988 tur-

467 5041 671 5106 piorem
732 5035 964 5088 animam
1023 5029 1222 5097 stupris
1272 5025 1683 5080 sordidavernnt
1739 5024 2051 5078 innumeris.

470 5127 761 5193 litt-otiique
790 5137 948 5178 causa
979 5131 1063 5176 est
1105 5116 1435 5188 pr0positum
1480 5114 1677 5180 animi,
1724 5129 1830 5168 non
1867 5122 2052 5167 natura

465 5218 728 5282 corporis.

538 5309 586 5361 7.
605 5305 708 5360 Cur
730 5305 806 5358 bis
834 5305 1048 5374 appellet
1073 5303 1312 5373 virginem
1327 5298 1620 5352 Rebeccam.
1639 5329 1708 5338 —
1722 5298 1830 5353 Nec
1856 5309 2054 5352 temere

466 5415 584 5450 eam
619 5397 698 5450 bis
726 5396 959 5462 appellat
1003 5393 1282 5462 virginem.
1325 5390 1458 5443 Cum
1493 5389 1633 5443 enim
1658 5388 1766 5456 jam
1796 5387 2050 5450 dixisset,

479 5487 632 5557 Virgo
670 5495 776 5538 erat
799 5525 813 5547 ,
865 5483 1133 5552 snhjunxit
1160 5500 1172 5534 :
1205 5481 1360 5550 Virgo
1390 5491 1532 5543 erat,
1575 5490 1619 5532 et
1646 5481 1752 5531 viro
1779 5480 2051 5550 incognita.

469 5577 730 5646 Quoniam
774 5575 914 5629 enim
956 5575 1132 5627 multa:
1171 5574 1404 5640 virgines
1450 5584 1644 5638 corpus
1692 5570 2053 5638 incorruptutu

471 5678 781 5730 servantes,
829 5664 1057 5718 animam
1105 5664 1300 5716 habent
1354 5663 1562 5731 plenam
1616 5661 2051 5728 intemperantia,

469 5765 716 5835 facisque
752 5756 962 5812 turbam
994 5764 1288 5809 amatorum
1321 5753 1620 5820 attrahunt,
1664 5764 1718 5810 et
1755 5752 2055 5807 inescantes

1213 323 1270 380 S.
1309 321 1589 378 JOANNIS
1623 318 2098 378 CIIRYSOSTOMI
2140 319 2456 377 ARCIIIEP.
2497 322 3029 380 CONSTANTINOP.

3644 332 3756 388 23c.

2165 438 2349 491 oculos
2369 439 2622 508 juvenum
2655 442 2708 494 in
2739 441 2961 496 insidias
2994 456 3089 497 eos
3115 443 3352 509 trahunt,
3381 456 3542 518 atque
3567 449 3634 503 ad
3664 451 3757 502 ha-

2163 531 2338 582 rathra
2385 530 2692 598 pelliciunt,
2747 533 3037 588 ostendens
3080 534 3254 590 Moses
3296 538 3437 608 quod
3484 542 3603 593 tunc
3647 556 3756 594 non

2162 622 2302 688 talis,
2331 623 2427 678 sed
2455 631 2560 678 tam
2588 625 2768 679 animo
2797 640 2956 694 quam
2978 640 3203 695 corpore
3227 629 3372 698 virgo
3392 629 3574 698 fuerit,
3596 632 3754 697 dixit,

2171 711 2325 784 Virgo
2351 725 2478 780 erat,
2513 724 2559 768 et
2587 715 2694 769 viro
2726 716 3003 786 incognita.
3039 717 3270 772 Tametsi
3304 721 3496 776 multas
3527 722 3762 776 habebat.

2162 807 2471 861 oceasiones
2493 848 2509 874 ,
2558 823 2656 877 per
2684 824 2816 878 quas
2845 825 2874 863 a
2902 812 3030 864 viris
3055 824 3502 881 cognosceretur:
3527 817 3758 886 primunt

2159 899 2404 967 corporis
2443 899 2926 967 pulchritudinem;
2964 901 3160 955 deinde
3191 905 3407 958 modum
3438 908 3758 972 ministerii,

2159 1005 2267 1057 quo
2298 989 2536 1060 perfungi
2566 1000 2650 1045 est
2669 992 2847 1047 solita.
2881 993 2934 1048 Si
2963 995 3105 1047 enim
3131 994 3180 1047 in
3205 993 3439 1049 thalamo
3462 997 3764 1053 desedisset

2160 1089 2418 1150 perpetuo
2437 1121 2451 1145 ,
2485 1082 2622 1136 sicut
2652 1084 2821 1137 nostri
2854 1085 3110 1154 temporis
3140 1086 3368 1155 virgines
3387 1129 3401 1154 ,
3447 1105 3547 1143 nec
3577 1089 3756 1143 forum

2160 1174 2414 1236 adiisset,
2462 1189 2561 1228 nec
2593 1175 2793 1229 exisset
2841 1183 3114 1244 paternam
3155 1178 3406 1242 domum,
3437 1181 3580 1233 nulla
3613 1193 3762 1236 esset

2161 1263 2276 1317 laus
2297 1306 2310 1328 ,
2353 1263 2399 1317 si
2426 1263 2696 1318 diceretur
2736 1266 2852 1319 viro
2894 1267 3177 1337 incognita.
3209 1268 3343 1323 Cum
3373 1279 3550 1324 autem
3575 1272 3765 1326 videas

2161 1367 2281 1408 eam
2314 1355 2486 1408 forum
2525 1365 2741 1424 petere,
2770 1357 3112 1427 quotidieque
3139 1359 3256 1428 cogi
3283 1371 3533 1429 aquatum
3566 1363 3646 1416 ire
3671 1378 3763 1416 se-

2163 1445 2295 1508 tnel,
2327 1445 2409 1499 bis
2433 1454 2526 1500 aut
2551 1448 2776 1516 saepius,
2812 1458 2970 1517 atque
3012 1449 3081 1502 ita
3125 1465 3344 1504 manere
3372 1451 3486 1506 viro
3517 1453 3764 1522 incogni-

2162 1543 2305 1602 tam,
2354 1552 2416 1591 ea
2445 1553 2574 1592 vero
2604 1538 2720 1593 laus
2760 1549 2842 1593 est
2873 1555 2979 1593 neu
3012 1542 3251 1595 minima.
3282 1542 3414 1596 Cum
3447 1546 3592 1598 enim
3628 1563 3766 1598 non-

2159 1642 2448 1696 numquam
2475 1629 2713 1693 accidat,
2761 1641 2816 1684 nt
2861 1648 2984 1684 raro
3022 1633 3190 1686 forum
3225 1645 3409 1702 petens
3438 1637 3609 1706 virgo,
3659 1655 3762 1691 nec

2158 1718 2393 1775 formosa
2418 1763 2434 1786 ,
2467 1731 2522 1776 et
2546 1724 2796 1777 comitata
2828 1725 3037 1778 ancillis
3063 1726 3284 1795 aliquot,
3315 1729 3523 1782 amittat
3551 1746 3766 1783 tuorum

2160 1812 2443 1880 puritatem
2473 1814 2526 1867 in
2555 1813 2817 1883 ejusmodi
2837 1817 3240 1885 evagationibus
3267 1820 3415 1873 :haae
3433 1836 3554 1889 qua:
3577 1824 3765 1890 quoti-

2159 1903 2247 1958 die
2277 1904 2388 1957 sola
2419 1906 2645 1974 prodite
2667 1909 2904 1976 paternis
2929 1910 3154 1975 aedibus,
3183 1911 3341 1982 idque
3367 1928 3471 1966 non
3501 1915 3552 1967 in
3582 1914 3762 1968 forum

2161 2004 2390 2062 tantum,
2421 1997 2516 2052 sed
2543 2009 2794 2068 aquatum
2825 2000 2891 2053 ad
2925 2001 3148 2064 fontem,
3178 2018 3286 2071 quo
3314 2013 3369 2057 et
3396 2004 3532 2059 alios
3561 2006 3767 2058 multos

2161 2090 2452 2144 convenire
2497 2099 2580 2144 est
2624 2106 2881 2153 necesse,
2927 2107 2994 2145 an
3039 2110 3140 2147 non
3175 2109 3364 2163 magna
3405 2096 3768 2150 admiratione

2160 2179 2316 2248 digna
2345 2181 2466 2234 est?
2492 2183 2688 2251 quippe
2709 2182 2862 2251 enjus
2887 2184 3132 2251 probitati
3156 2201 3328 2255 neque
3348 2188 3522 2241 crebri
3545 2203 3576 2242 e
3595 2189 3764 2242 dorno

2159 2271 2355 2335 exitus,
2383 2287 2555 2340 neque
2583 2274 2793 2342 egregia
2820 2274 2997 2327 vultus
3028 2275 3218 2341 forma,
3250 2293 3421 2346 neque
3450 2277 3770 2345 frequentes

2155 2363 2413 2432 juvenutn
2445 2379 2722 2428 occursus,
2750 2381 2924 2435 neque
2949 2367 3094 2422 aliud
3123 2370 3434 2439 quidquam.
3463 2371 3768 2426 detritum-

2161 2467 2271 2510 tum
2315 2457 2476 2510 ullmn
2519 2457 2750 2525 afferat,
2793 2459 2920 2514 dum
2967 2472 3071 2514 tam
3118 2465 3298 2515 animo
3344 2479 3500 2534 quant
3536 2481 3766 2535 corpore

2161 2560 2338 2605 servat
2364 2551 2669 2620 pudicitiam
2703 2552 3031 2622 diligentius,
3063 2571 3222 2624 quam
3251 2572 3368 2624 qua:
3402 2573 3692 2624 numquam
3728 2574 3763 2610 e

2158 2659 2416 2713 gynaeceo
2455 2657 2514 2696 se
2541 2645 2814 2713 proferunt
2839 2688 2853 2709 ,
2884 2646 3041 2714 plane
3072 2646 3188 2700 talis
3215 2647 3422 2715 qualem
3451 2649 3649 2702 Paulus
3678 2665 3769 2702 m-

2160 2737 2325 2804 quirit
2351 2735 2532 2789 dicens
2553 2776 2568 2799 ,
2607 2734 2675 2790 Ut
2704 2738 2767 2791 sit
2809 2751 2984 2792 sancta
3015 2756 3228 2806 corpore
3253 2750 3297 2792 et
3326 2740 3505 2808 spiritu
3535 2743 3577 2808 (I
3597 2782 3610 2792 .
3637 2741 3762 2794 Car.

2159 2827 2210 2880 7.
2239 2827 2370 2890 5i)?
2399 2824 2525 2881 Cum
2555 2828 2708 2896 igitur
2735 2828 2802 2880 ad
2841 2832 3030 2899 fontem
3056 2829 3410 2891 descendisset,
3435 2831 3650 2898 jamque
3677 2849 3764 2882 re-

2162 2921 2298 2990 pleta
2323 2919 2507 2988 hydria
2530 2930 2880 2986 reverteretur,
2905 2938 3173 2976 occurrens
3200 2924 3244 2975 ei
3270 2939 3441 2977 servus
3459 2925 3563 2976 ait:
3579 2922 3769 2977 Prcebe

2157 3011 2281 3064 mihi
2310 3010 2599 3080 pauxillum
2635 3022 2780 3080 potus
2816 3012 2878 3066 de
2923 3024 3007 3066 tua
3047 3013 3251 3084 hydria.
3293 3013 3421 3078 Quae
3461 3016 3762 3084 rapondit,

2159 3101 2284 3154 Bibe
2311 3143 2326 3164 ,
2377 3100 2612 3166 domine;
2665 3104 2988 3174 celeriterque
3031 3105 3266 3173 deposuit
3319 3105 3556 3175 hydriam
3609 3124 3767 3175 super

2156 3194 2329 3246 ulnam
2371 3208 2554 3254 suam,
2608 3204 2655 3246 et
2708 3196 2924 3263 prtebuit
2975 3197 3020 3256 ei
3071 3195 3232 3249 donec
3278 3197 3526 3250 desineret
3570 3198 3760 3251 bibere.

2158 3284 2377 3353 Moxque
2406 3283 2508 3348 ait,
2542 3283 2714 3337 Etiam
2745 3287 2952 3338 camelis
2984 3287 3083 3340 tuis
3114 3287 3368 3351 hauriam,
3397 3288 3557 3341 donec
3585 3305 3762 3342 ontnes

2156 3377 2344 3431 bibant.
2379 3380 2748 3446 Festinansque
2773 3377 2933 3443 e/fusa
2962 3395 3095 3449 aqua
3118 3381 3170 3433 in
3197 3382 3393 3433 alveum
3424 3383 3559 3434 unde
3583 3391 3759 3449 potum

2155 3483 2424 3540 sumerent,
2455 3473 2675 3527 accurrit
2705 3470 2772 3525 ad
2802 3481 3041 3539 puteum,
3079 3483 3134 3524 ut
3182 3473 3408 3526 hauriret
3442 3490 3631 3542 aquam
3673 3491 3760 3528 ca—

2161 3565 2303 3618 melis
2329 3567 2559 3618 omnibus
2588 3563 2738 3632 (Gen.
2771 3562 2858 3616 2.5.
2885 3561 3092 3633 16-20).

2219 3655 2269 3708 Η
2276 3657 2556 3725 ospitalitas
2576 3666 2620 3708 et
2643 3655 2886 3707 modestia
2906 3654 3159 3708 Rebeccae.
3190 3655 3307 3709 Non
3329 3673 3392 3709 ea:
3407 3668 3613 3726 suniptu
3631 3659 3759 3712 csti-

2155 3747 2345 3798 manda
2399 3746 2738 3815 hospitalitas.
2765 3776 2836 3785 —
2880 3745 3063 3815 Magna
3110 3746 3446 3816 hospitalitas
3491 3747 3703 3804 femina!
3733 3794 3750 3816 ,

2158 3853 2349 3908 magna
2389 3837 2649 3892 modestia
2673 3879 2686 3903 ,
2716 3846 2773 3890 nt
2810 3852 2874 3890 ex
2903 3837 3067 3905 ipsius
3093 3846 3200 3890 tam
3231 3838 3389 3892 dictis
3413 3855 3572 3909 quam
3603 3839 3758 3894 factis

2155 3941 2235 3983 est
2279 3930 2649 3998 conspicuum.
2676 3928 2861 3982 Viden’
2890 3928 3160 3997 quomodo
3201 3945 3300 3984 nec
3340 3931 3622 3985 modestiae
3663 3934 3760 3986 ho-

2157 4022 2419 4090 Spitalitas
2471 4021 2682 4081 ohfnit.
2733 4036 2832 4074 nec
2886 4020 3231 4090 hnspitalitati
3279 4023 3575 4078 modestia?
3604 4024 3756 4091 Quod

2157 4113 2297 4165 enim
2327 4128 2432 4165 non
2464 4114 2608 4180 prior
2644 4113 2910 4174 occurrit,
2947 4127 3045 4166 nec
3073 4113 3362 4180 appellavit
3402 4114 3573 4168 virum
3598 4157 3614 4178 ,
3657 4116 3760 4170 hoc

2157 4200 2256 4255 fuit
2277 4201 2555 4256 modestia:
2588 4219 2600 4254 :
2631 4217 2838 4256 rursum
2868 4203 3011 4270 quod
3037 4202 3102 4256 ad
3136 4205 3396 4271 postulata
3419 4220 3528 4258 non
3557 4207 3756 4268 renuit,

2157 4309 2329 4361 neque
2353 4295 2566 4361 negavit
2590 4308 2649 4347 se
2679 4292 2972 4359 facturam,
3006 4293 3108 4347 hoc
3134 4309 3341 4364 magna:
3376 4295 3760 4365 hospitalitatis

2157 4403 2219 4441 ac
2247 4387 2590 4442 humanitatis
2619 4387 2720 4441 fuit
2743 4386 2998 4441 officium.
3032 4387 3102 4442 Ut
3129 4388 3273 4442 enim
3301 4389 3644 4458 impudenter
3671 4389 3755 4443 fe-

2157 4480 2352 4542 cisset,
2382 4479 2426 4532 si
2471 4479 2615 4547 prior
2659 4479 2979 4534 occurrisset
3001 4520 3017 4546 ,
3047 4487 3102 4533 et
3127 4479 3271 4534 ultro
3305 4481 3626 4549 appellasset
3656 4482 3764 4536 ho-

2159 4568 2360 4623 minem
2389 4584 2405 4622 :
2439 4569 2508 4622 ita
2541 4567 2891 4622 inhumanum
2919 4579 3036 4624 erat
3063 4578 3118 4624 et
3149 4571 3456 4634 barbarum,
3487 4573 3530 4625 si
3562 4588 3760 4641 rogan-

2159 4661 2226 4712 tis
2261 4659 2418 4713 vcrba
2462 4660 2764 4725 repulisset.
2803 4659 2956 4714 Nunc
2992 4676 3121 4715 vero
3158 4672 3404 4716 neutrqu
3450 4663 3573 4717 fecit
3609 4685 3620 4718 :
3658 4679 3766 4718 nec

2159 4749 2434 4804 modestia:
2458 4750 2637 4803 studio
2658 4751 3008 4820 hospitalitati
3034 4750 3223 4818 defuit,
3249 4769 3350 4808 nec
3379 4753 3770 4824 hospitalitatis

2157 4855 2282 4894 cura
2316 4839 2527 4895 laudem
2558 4840 2895 4897 verecundia:
2940 4841 3043 4896 sibi
3086 4843 3280 4898 minuit
3301 4884 3315 4906 .
3349 4844 3444 4900 sed
3479 4854 3766 4914 utramque

2157 4932 2408 4986 virtutem
2444 4931 2705 5000 integram
2743 4931 3011 4996 obtinuit,
3035 4933 3366 4989 declaranda
3389 4949 3540 4990 suam
3570 4939 3769 4990 mode-

2159 5025 2315 5077 stiam
2340 5063 2354 5087 ,
2381 5023 2506 5076 dum
2541 5023 2717 5092 rogari
2743 5033 3017 5092 exspectat
3043 5042 3058 5089 ;
3087 5027 3277 5080 miram
3306 5041 3439 5080 vero
3471 5028 3764 5096 hospitali-

2160 5126 2355 5178 tatem.
2388 5116 2514 5171 dum
2559 5125 2742 5186 rogata
2789 5117 2914 5174 sine,
2953 5131 3105 5170 mora
3158 5117 3490 5187 obsequitur.
3543 5119 3767 5173 Etenim

2159 5219 2382 5262 Summa:
2413 5207 2791 5273 hospitalitatis
2829 5207 2960 5272 fuit,
2993 5223 3100 5261 non
3132 5209 3292 5262 modo
3317 5225 3438 5278 quae
3463 5209 3772 5278 postulavit

2159 5297 2372 5352 dedisse
2397 5338 2412 5362 ,
2451 5296 2544 5352 sed
2593 5297 2752 5350 etiam
2785 5298 3063 5367 plusquam
3098 5299 3188 5353 ille
3231 5301 3384 5368 petiit
3423 5300 3765 5356 exhibuisse.

2161 5389 2268 5443 Nec
2313 5390 2476 5444 refert
2525 5389 2666 5457 quod
2730 5405 2866 5459 aqua
2910 5401 3028 5445 erat
3077 5408 3195 5459 qua:
3243 5391 3566 5447 oll‘erebatur
3597 5413 3610 5446 :
3643 5401 3770 5447 tum

2161 5481 2302 5533 enim
2355 5480 2492 5533 hanc
2531 5479 2696 5532 solam
2728 5479 2932 5535 habuit.
2965 5479 3270 5548 llosjiitales
3309 5493 3488 5535 autem
3530 5496 3630 5537 non
3689 5499 3769 5538 ex

2161 5581 2374 5637 sumptu
2401 5569 2651 5623 censendi
2685 5581 2806 5624 sunt
2834 5611 2849 5633 ,
2892 5571 2984 5624 Sed
3026 5586 3091 5625 ex
3138 5571 3506 5632 facultatibus;
3545 5574 3776 5641 quando

2161 5663 2301 5716 Dens
2323 5678 2442 5715 eum
2484 5665 2644 5718 etiam
2685 5663 2901 5726 laudat,
2934 5665 3023 5734 qni
3053 5665 3194 5718 dedit
3242 5666 3445 5736 frigida:
3472 5667 3770 5736 poculum,

2163 5762 2215 5807 et
2245 5769 2393 5820 eam,
2426 5769 2544 5823 qua:
2570 5753 2703 5807 duos
2729 5769 2900 5810 wreos
2946 5759 3179 5812 minutos
3205 5756 3432 5824 obtulit,
3461 5759 3533 5812 ait
3563 5769 3772 5815 contu-
