3990 6358
284 245 401 302 2'53

283 379 465 448 ἁνεῳγ
481 376 647 449 μένην
672 394 683 407 ·
711 378 805 432 ἶνα
830 378 904 450 μὴ
934 377 1170 449 πόλεμος
1247 379 1342 432 καὶ
1371 379 1538 450 μάχη,
1563 375 1659 430 τοῦ
1688 375 1880 448 ἀνδρὸς

283 463 620 535 προϊεμένου
636 461 863 528 τὰόντα,
882 463 1085 518 καὶτὸν
1107 463 1319 534 πατέρα
1344 463 1704 534 μιμουμένου,
1738 473 1765 502 ιι
1788 461 1883 514 καὶ

281 551 418 612 τοὺς
447 549 627 613 ξένους
673 549 1068 622 ὑποδεχομένου
1092 567 1109 583 ο
1137 550 1342 621 ταύτης
1382 551 1438 603 δὲ
1488 550 1886 620 σμικρολογού-

285 632 464 702 μένης
493 649 550 683 τε
583 631 678 684 καί
711 633 786 703 μὴ
836 634 1153 706 ἀνεχούσης,
1199 635 1293 687 καί
1328 632 1667 703 κωλυούσης,
1696 633 1726 685 ὃ
1756 631 1888 684 πολ-

281 715 448 779 λάκις
486 718 541 768 ὲν
589 717 812 780 πολλαῖς
845 718 1044 782 οἰκίαις
1087 719 1243 773 εἴωθε
1293 717 1537 786 γίνεσθαι
1565 735 1580 748 ο
1638 716 1886 770 ἐντεῦθεν

281 799 396 868 ἤδη
413 798 676 869 βούλομαι
693 800 884 870 μαθεῖν
897 803 946 854 εἰ
964 802 1238 870 φιλόξενός
1250 804 1388 854 ἐστι’
1410 801 1624 872 καὶγὰρ
1637 799 1886 852 ἐντεῦθεν

280 883 425 951 ἡμῖν
474 882 687 936 ἅπαντα
745 884 936 952 γέγονε
983 885 1054 938 τὰ
1096 884 1296 954 ἀγαθά.
1340 883 1498 938 Ούτω
1536 884 1627 938 τὸν
1659 883 1887 954 νυμφίον

279 967 561 1037 ἐκτήσατο
601 969 631 1019 6
675 967 940 1037 δεσπότης
977 971 1005 1022 6
1037 970 1201 1038 ἐμός·
1241 967 1385 1022 οὐτω
1421 969 1606 1039 πατὴρ
1648 968 1886 1036 ἐγένετο,

285 1051 496 1119 μόσχον
523 1049 703 1113 ἔθυσε,
739 1051 834 1104 καὶ
858 1054 1072 1106 παιδίον
1097 1051 1313 1112 ἐλαϐεν,
1342 1052 1546 1122 ἄλευρα
1567 1053 1759 1124 ἕφυρε,
1796 1053 1891 1104 καὶ

200 1180 210 1192 ,
275 1133 436 1185 κατά
450 1131 510 1185 :6
532 1132 734 1203 πλῆθος
761 1133 868 1186 τῶν
890 1136 1104 1207 ἄστρων
1130 1137 1252 1199 τοὺς
1295 1135 1554 1204 ἐκγόνους
1595 1134 1744 1206 αὐτῷ
1782 1135 1889 1188 ὐπ-

279 1216 484 1285 έσχετο
527 1213 722 1269 δώσειν
760 1218 790 1268 6
834 1217 987 1281 Θεός.
1041 1220 1192 1272 Ἐπεὶ
1223 1214 1317 1272 οὖν
1354 1217 1605 1272 ἐντεῦθεν
1637 1221 1768 1290 ήμῖν
1798 1220 1892 1272 καὶ

279 1301 360 1370 τῇ
397 1298 546 1368 οἰκίᾳ⁹
597 1298 818 1353 ἅπαντα
875 1301 1066 1370 γέγονε
1093 1303 1164 1355 τά
1209 1303 1410 1372 ἀγαθὰ,
1460 1304 1618 1357 τοῦτο
1647 1304 1754 1373 πρὸ
1782 1303 1892 1356 τῶν

281 1384 468 1438 ἄλλων
497 1383 762 1454 ἐπιζητῶ.
795 1385 884 1456 Μὴ
912 1387 1021 1456 γὰρ
1043 1387 1202 1440 τοῦτο
1240 1389 1458 1460 ἴδωμεν,
1486 1389 1567 1442 ὅτι
1588 1382 1733 1458 ὕδωρ
1761 1389 1890 1440 ἐπε-

281 1468 552 1539 ζήτησεν,
586 1468 702 1522 ἀλλ’
731 1471 910 1522 ἐκεῖνο
956 1474 1344 1543 σκοπήσωμεν,
1378 1475 1458 1527 ὄτι
1507 1473 1713 1544 σφόδρα
1742 1472 1887 1542 φιλο-

279 1552 444 1617 ξένου
472 1552 674 1622 ψυχῆς,
711 1553 787 1624 μὴ
821 1554 981 1624 μόνον
1018 1554 1200 1608 δοῦναι
1243 1557 1306 1609 τὸ
1345 1559 1590 1628 αἰτηθὲν,
1625 1556 1762 1610 ἀλλά
1799 1555 1894 1609 καὶ

283 1635 456 1688 πλέον
489 1629 564 1689 ὧν
598 1635 765 1707 ᾔτησε
800 1641 1126 1708 παρασχεῖν.
1159 1641 1269 1694 Καὶ
1293 1641 1552 1710 ἐγένετο,
1588 1642 1744 1711 φησὶ,
1781 1641 1893 1709 πρὸ

281 1717 397 1771 τοῦ
443 1716 809 1770 συντελέσαι
858 1719 1048 1772 αὐτὸν
1091 1723 1422 1786 λαλοῦντα,
1459 1723 1587 1776 ἰδοὺ
1623 1723 1896 1776 Ῥεϐέκκα

281 1803 701 1870 ἐξεπορεύετο,
762 1803 856 1858 καὶ
895 1804 955 1856 τὸ
978 1808 1317 1877 προφητικὸν
1347 1809 1525 1863 ἐκεῖνο
1553 1807 1853 1880 ἐπληροῦτο
1877 1826 1889 1838 ·

287 1885 417 1937 ’ὅτι
466 1885 808 1951 λαλοῦντός
854 1897 973 1940 σου
997 1888 1131 1957 ἐρῶ,
1175 1888 1325 1946 Ἰδοὺ
1351 1891 1610 1962 πάρειμι.
1637 1890 1894 1946 Τοιαῦται

279 1969 399 2022 ’τῶν
428 1970 690 2038 γενναίων
715 1972 926 2042 ἀνδρῶν
954 1975 1010 2025 αἰ
1049 1973 1242 2044 εὐχαί·
1283 1976 1390 2048 πρὸ
1423 1976 1516 2030 τοῦ
1560 1977 1750 2039 τέλους
1778 1976 1898 2028 πεί-

277 2052 444 2105 θουσι
491 2052 583 2106 τὸν
650 2052 785 2107 Θεὸν
846 2053 1135 2110 ἐπινεῦσαι
1173 2059 1283 2121 τοῖς
1328 2059 1660 2130 λεγομένοις.
1699 2059 1809 2112 Καὶ
1830 2059 1895 2111 σὺ

282 2138 492 2203 τοίνυν,
535 2138 758 2192 ἐπειδάν
812 2141 1015 2212 μέλλῃς
1059 2146 1294 2210 γυναῖκα
1336 2144 1585 2214 ἄγεσθαι,
1635 2145 1710 2216 μὴ
1759 2145 1898 2214 πρὸς

279 2221 614 2292 ἀνθρώπους
672 2223 1024 2294 καταφύγης,
1076 2227 1212 2297 μηδέ
1251 2227 1388 2298 πρὸς
1425 2231 1686 2297 γυναῖκας
1723 2230 1898 2299 ἐμπο-

287 2306 596 2374 ρευομένας
648 2306 749 2368 τὰς
786 2306 1079 2380 ἀλλοτρίας
1126 2313 1430 2380 συμφοράς,
1499 2314 1591 2366 καὶ
1629 2311 1897 2384 ζητούσας

280 2387 342 2438 ἓν
393 2388 578 2456 μόνον,
624 2387 778 2461 [2⁸22]
813 2392 962 2454 ὅπως
1007 2393 1169 2446 αὐταὶ
1201 2394 1392 2464 μισθὸν
1431 2395 1670 2449 λάϐωσιν
1694 2411 1707 2424 ·
1763 2394 1898 2447 ἀλλά

284 2472 576 2540 κατάφυγε
607 2474 701 2525 ἐπὶ
726 2474 816 2525 τὸν
850 2475 1002 2529 Θεόν.
1043 2477 1157 2529 Οὐκ
1190 2478 1582 2550 ἐπαισχύνεται
1612 2497 1706 2532 σου
1741 2478 1896 2547 γενέ-

286 2553 412 2606 σθαι
446 2558 838 2624 νυμφαγωγός.
895 2558 1065 2623 Αὐτὸς
1123 2560 1391 2632 ὑπέσχετο
1441 2564 1535 2615 καὶ
1577 2559 1734 2616 εἷπε·
1778 2568 1895 2632 Ζη-

278 2638 438 2692 τεῖτε
450 2639 568 2706 τὴν
587 2641 918 2703 βασιλείαν
931 2641 1048 2696 τῶν
1067 2645 1358 2712 οὐρανῶν,
1385 2647 1482 2700 καί
1498 2647 1685 2703 ταῦτα
1701 2650 1898 2704 πάντα

281 2725 771 2792 προστεθήσεται
813 2726 978 2795 ὑμῖν.
1040 2728 1150 2780 Καὶ
1207 2729 1283 2800 μὴ
1333 2729 1480 2799 λέγε,
1506 2731 1630 2795 Πῶς
1659 2733 1896 2804 δύναμαι

277 2808 377 2862 τδν
403 2807 541 2859 Θεὸν
574 2808 706 2861 ἰδεῖν
732 2825 746 2872 ;
776 2810 852 2880 μὴ
895 2810 1007 2878 γὰρ
1045 2811 1262 2879 ἀφεῖναί
1309 2830 1399 2882 μοι
1429 2813 1612 2884 φωνὴν
1645 2816 1776 2886 ἔχει,
1802 2821 1896 2874 καὶ

275 2889 636 2960 διαλεχθῆναι
662 2892 934 2963 φανερῶς,
963 2894 1050 2946 ἵνα
1077 2895 1388 2966 προσελθὼν
1409 2899 1671 2969 ἐρωτήσω
1697 2917 1711 2965 ;
1747 2901 1894 2954 Ἀπί-

285 2993 416 3028 στου
445 2975 628 3030 ταῦτα
664 2977 864 3048 ψυχῆς.
904 2980 1016 3032 Καὶ
1055 2979 1164 3053 γάρ
1194 2981 1361 3047 ὀξέως
1391 2983 1485 3036 καὶ
1513 2985 1684 3054 χωρὶς
1712 2988 1896 3059 φωνῆς

283 3061 494 3124 πάντα,
525 3061 627 3113 ὅσα
657 3060 723 3113 ἂν
745 3062 898 3134 θέλῃ,
943 3061 1166 3117 δύναται
1208 3067 1638 3132 κατασκευάζειν
1667 3072 1695 3123 6
1724 3072 1856 3138 Θεός
1879 3090 1894 3106 ο

271 3146 310 3197 ὃ
337 3146 404 3215 δὴ
438 3147 534 3200 καὶ
563 3148 658 3199 ἐπὶ
686 3145 878 3200 τούτου
908 3149 1158 3218 γέγονεν.
1197 3150 1331 3204 Οὐδέ
1369 3151 1480 3224 γὰρ
1509 3154 1695 3224 φωνὴν
1724 3157 1893 3227 ἤκου-

282 3249 402 3294 σεν,
438 3231 564 3284 οὐδέ
589 3231 711 3300 ὄψιν
736 3231 858 3284 τινὰ
887 3228 1061 3286 εἶδενο
1117 3233 1232 3287 ἀλλ’
1269 3235 1364 3288 ἐπὶ
1403 3239 1552 3308 πηγῇ
1591 3239 1764 3302 ἑστὼς
1793 3239 1896 3310 ηὐ-

281 3318 437 3382 ξατο,
495 3316 593 3368 καὶ
634 3315 845 3386 ταχέως
903 3316 1188 3388 ἐπέτυχεν.
1231 3319 1498 3389 Ἐγένετο
1555 3322 1667 3390 γὰρ
1691 3323 1892 3393 πρίνῆ

272 3399 663 3454 συντελέσαι
691 3401 1002 3454 λαλοῦντα
1025 3402 1234 3469 αὑτὸν,
1275 3403 1430 3474 φησὶ,
1471 3404 1742 3459 Ῥεϐέκκα
1798 3407 1894 3473 ἑξ-

272 3485 607 3554 επορεὺετο
653 3483 693 3550 ἡ
732 3484 1014 3552 τεχθεῐσα
1044 3486 1326 3554 Βαθουὴλ
1372 3486 1454 3553 τῷ
1482 3488 1591 3553 υἱῷ
1623 3489 1890 3560 Μελχᾶς,

279 3569 524 3638 ἔχουσα
553 3568 672 3634 τὴν
693 3568 911 3636 ὑδρίαν
930 3567 1028 3621 ἐπὶ
1045 3567 1162 3622 τῶν
1191 3570 1368 3639 ὤμων
1391 3583 1406 3599 ⁸
1432 3571 1472 3640 ἦ
1499 3571 1568 3624 δὲ
1593 3572 1893 3639 παρθένος

275 3649 362 3724 ἦν
399 3651 560 3720 καλὴ
581 3651 655 3719 τῇ
683 3651 823 3720 ὄψει
857 3652 1115 3722 σφόδρα,
1148 3653 1448 3722 παρθένος
1475 3651 1574 3725 ἦν,
1595 3655 1752 3724 ἀνὴρ
1779 3659 1892 3712 οὐκ

275 3736 440 3804 ἔγνω
462 3733 678 3802 αὐτὴν.
703 3735 769 3787 Τί
788 3752 879 3806 μοι
907 3735 1088 3804 λέγεις
1107 3737 1207 3808 τὴν
1237 3737 1542 3810 εὐμορφίαν
1569 3736 1666 3792 τοῦ
1699 3738 1890 3810 σώμα-

278 3837 420 3885 τοςς
471 3820 591 3872 Ἵνα
651 3818 834 3890 μάθῃς
873 3819 974 3890 τὴν
1010 3821 1319 3894 ὑπερϐολὴν
1360 3823 1460 3892 τῆς
1511 3824 1886 3896 σωφροσύνης,

278 3905 378 3957 ἵνα
414 3903 596 3975 μάθῃς
633 3903 694 3956 :6
732 3903 930 3966 κάλλος
949 3903 1011 3957 :6
1048 3905 1106 3957 ἐν
1139 3907 1205 3975 τῇ
1236 3905 1404 3978 ψυχῇ.
1433 3906 1760 3978 Θαυμαστὸν
1788 3909 1888 3978 μὲν

276 3989 396 4059 γάρ
439 3988 503 4040 :6
560 3989 895 4058 σωφρονεῖν⁸
941 3987 1121 4060 πολλῷ
1156 3989 1214 4043 δέ
1268 3989 1728 4063 θαυμαστότερον,
1761 3993 1888 4046 ὅταν

278 4075 407 4144 μετ’
484 4073 793 4144 εὐμορφίας
856 4070 1014 4126 τοῦτο
1077 4073 1316 4144 γίνηται.
1397 4075 1498 4128 Διά
1572 4077 1733 4131 τοῦτο
1793 4080 1889 4133 καὶ

276 4159 416 4229 περὶ
473 4157 569 4210 τοῦ
631 4156 832 4225 Ἰωσὴφ
885 4155 1093 4226 μέλλων
1129 4159 1260 4227 ἡμῖν
1313 4157 1621 4229 διηγεῖσθαι
1658 4163 1888 4234 καὶτῆς

273 4241 498 4295 ἐκείνου
567 4238 944 4310 σωφροσύνης,
1000 4239 1266 4312 πρότερον
1313 4242 1414 4312 τὴν
1454 4243 1758 4317 εὐμορφίαν
1791 4246 1885 4300 τοῦ

276 4325 540 4396 σώματος
576 4323 841 4386 τέθεικεν,
896 4321 1097 4375 εἰπών·
1133 4323 1311 4386 Καλὸς
1355 4319 1424 4396 ἦν
1471 4324 1552 4396 τῷ
1600 4328 1758 4392 εῖδει,
1792 4329 1888 4383 καὶ

271 4410 488 4480 ὡραῖος
541 4409 607 4477 τῇ
668 4406 789 4475 ὕψει
813 4405 1019 4477 σφόδρα
1049 4423 1064 4436 ·
1097 4409 1191 4462 καὶ
1227 4407 1349 4460 τότε
1383 4408 1482 4480 τὴν
1529 4411 1884 4483 σωφροσύνην

273 4493 452 4548 αὐτοῦ
505 4492 806 4561 διηγήσατο
849 4491 1086 4554 δεικνὺς,
1144 4492 1226 4544 ὅτι
1261 4493 1321 4545 :6
1354 4493 1549 4556 κάλλος
1603 4497 1764 4549 αὐτὸν
1805 4499 1886 4560 εἰς

272 4575 573 4645 ἀσέλγειαν
632 4575 693 4627 οὐ
748 4574 1086 4644 προήγαγεν.
1117 4573 1253 4628 Οὐτε
1297 4575 1404 4646 γὰρ
1434 4577 1494 4630 τὸ
1528 4578 1724 4643 κάλλος
1752 4598 1885 4652 πορ-

273 4662 433 4724 νείας
475 4659 669 4722 αἴτιον,
720 4656 844 4710 οὔτε
889 4659 924 4726 ἡ
970 4658 1219 4729 ἀμορφία
1247 4663 1600 4732 σωφροσύνης
1641 4663 1879 4728 πάντως.

274 4748 490 4802 Πολλαί¹
519 4746 629 4818 γὰρ
678 4746 818 4798 κατά
870 4745 968 4816 τὴν
1005 4744 1156 4817 ῶραν
1181 4747 1276 4798 τοῦ
1305 4746 1555 4818 σώματος
1575 4749 1880 4821 λάμψασαι,

277 4829 554 4902 μειζόνως
580 4829 722 4882 κατά
753 4831 851 4898 τὴν
895 4828 1249 4900 σωφροσύνην
1277 4829 1526 4901 ἔλαμψαν
1551 4849 1562 4860 ·
1590 4834 1746 4887 ἄλλαι
1780 4837 1882 4890 πά-

274 4919 368 4969 λιν
399 4915 625 4984 αἰσχραί
681 4914 775 4966 καὶ
802 4913 1064 4978 δυσειδεῖς
1112 4910 1290 4978 οὖσαι,
1341 4917 1696 4988 αἰσχρότεραι
1739 4921 1882 4973 κατὰ

269 5002 384 5071 τὴν
408 5001 590 5069 ψυχὴν
636 4998 904 5066 ἐγένοντο,
939 4998 1161 5070 μυρίαις
1194 4999 1533 5068 ρυπωθεῖσαι
1578 5001 1876 5073 πορνείαις.

273 5087 361 5136 (ιύ
402 5086 511 5152 γὰρ
541 5083 574 5152 ἡ
608 5080 767 5149 φύσις
796 5079 889 5133 τοῦ
919 5080 1190 5152 σώματος,
1213 5081 1327 5134 ἀλλ’
1367 5085 1402 5153 ή
1443 5083 1764 5156 προαίρεσις
1783 5087 1880 5157 τῆς

271 5166 467 5237 ψυχῆς
496 5167 590 5218 καὶ
608 5163 796 5216 τούτου
821 5166 1075 5218 κάκείνου
1097 5165 1265 5220 αἰτία.

361 5253 426 5311 ζ’.
463 5249 576 5318 Οὐχ
607 5248 795 5311 ἀπλῶς
829 5249 887 5300 δὲ
921 5248 1171 5320 δεύτερον
1201 5251 1370 5322 αὐτὴν
1404 5251 1672 5322 παρθένον
1702 5247 1876 5306 εἶπεν.

271 5332 471 5386 Εἰπὼν
495 5334 625 5405 γὰρ,
657 5332 960 5401 Πιιρθένος
984 5328 1082 5403 ἦν,
1120 5335 1365 5406 ἐπήγαγε
1391 5351 1406 5366 ο
1448 5337 1748 5404 Παρθένος
1778 5334 1877 5408 ἦν,

272 5417 441 5484 ἀνὴρ
471 5419 584 5470 οὐκ
622 5416 776 5487 ἔγνω
810 5416 1022 5482 αὐτήν.
1074 5417 1290 5489 Ἐπειδὴ
1320 5418 1428 5489 γὰρ
1459 5419 1649 5473 πολλαὶ
1677 5423 1880 5492 παρθέ-

273 5517 390 5552 νων
410 5499 472 5552 :6
501 5499 661 5570 σῶμα
708 5498 1030 5570 ἀδιάφθορον
1076 5501 1360 5570 τηροῦσαι,
1400 5504 1499 5574 τὴν
1526 5504 1704 5574 ψυχήν
1747 5505 1878 5558 πολ-

275 5582 382 5654 λῆς
415 5584 711 5646 ἀκολασίας
761 5583 1059 5655 πληροῦσι,
1102 5585 1606 5658 καλλωπιζόμεναι,
1653 5589 1879 5660 μυρίους

352 5717 377 5746 ⁸
401 5715 495 5765 Hic
513 5715 610 5765 loci
630 5713 892 5763 verborum
919 5715 1057 5771 ordo.
1096 5729 1158 5763 ex
1203 5716 1397 5767 Morelli
1428 5722 1646 5772 editione
1673 5725 1876 5773 restitu-

279 5783 387 5840 tos,
412 5777 641 5828 turbatus
656 5776 880 5825 exstabat
904 5780 1031 5838 apud
1056 5777 1223 5827 Monu‘.
1248 5780 1382 5828 Ευιτ.
1475 5777 1485 5787 ⁸

601 5868 875 5933 ΡΑτιιοι..
921 5869 1040 5931 Gn.
1087 5869 1186 5930 LI.

1273 267 1550 339 QUALES
1594 261 1944 324 DUCENDIE
1985 260 2144 321 SINT
2176 260 2475 320 UXﬂRES.
2525 257 2614 313 111.

3479 255 3585 312 256

1991 375 2330 445 πανταχόθεν
2359 372 2742 444 ἐπισπώμεναι
2773 371 3030 444 ἐραστὰς,
3054 373 3147 425 καὶ
3165 371 3291 437 τοὺς
3323 370 3433 428 τῶν
3455 375 3595 430 νέων

1991 459 2305 530 ὀφθαλμοὺς
2327 457 2745 529 ἀναπτεροῦσιν,
2768 456 2988 529 ἐνέδρας
3015 456 3249 510 τιθεῖσαι
3281 458 3376 511 καὶ
3418 456 3586 529 βάρα-

1993 545 2118 616 θρα,
2153 545 2368 608 δεικνύς
2403 545 2433 595 ὁ
2465 545 2706 614 Μωύσῆς
2742 546 2826 596 ὅτι
2870 544 2973 595 οὐκ
3018 542 3156 612 αὐτὴ
3187 542 3435 613 τοιαύτη,
3475 541 3591 596 ἀλλ’

1993 628 2337 700 ἑκατέρωθεν
2378 623 2446 698 ἦν
2481 629 2769 699 παρθένος,
2829 627 2938 681 ἀπό
2994 645 3053 680 τε
3089 625 3363 696 σώματος,
3394 626 3502 679 ἀπό
3533 643 3594 680 τε

1992 712 2190 782 ψυχῆς,
2217 712 2370 779 φησὶ,
2401 711 2703 779 Παρθένος
2729 708 2827 781 ἦν,
2857 711 3014 779 ἀνὴρ
3040 712 3150 764 οὐκ
3187 710 3343 779 ἔγνω
3377 709 3590 775 αὑτήν.

1995 797 2188 850 Καίτοι
2221 813 2288 865 γε
2339 796 2544 859 πολλὰς
2597 793 2740 867 εἶχεν
2791 795 3047 866 ἀφορμὰς
3099 794 3193 848 τοῦ
3227 795 3595 866 γνωρισθῆναι

1995 880 2256 952 ἀνδράσι·
2279 881 2495 950 πρῶτον
2531 880 2651 951 μὲν,
2687 880 2749 932 :6
2796 880 2992 942 κάλλος
3025 877 3120 931 τοῦ
3157 879 3408 949 σώματος
3433 895 3447 910 ο
3475 878 3596 931 δεύ-

1995 980 2152 1035 τερον
2181 965 2260 1028 δὲ,
2292 966 2321 1017 ὁ
2344 965 2444 1034 τῆς
2470 964 2744 1027 διακονίας
2790 963 3010 1035 τρόπος.
3043 964 3106 1016 Εἰ
3149 963 3249 1033 μὲν
3274 963 3382 1034 γάρ
3413 963 3469 1015 ἐν
3497 962 3594 1014 θα-

1997 1046 2156 1118 λάμῳ
2177 1047 2441 1118 διηνεκῶς
2490 1047 2758 1118 ἐκάθητο,
2809 1047 3058 1118 καθάπερ
3100 1048 3157 1098 αἱ
3184 1047 3279 1100 νῦν
3310 1046 3592 1115 παρθένοι,

1997 1133 2092 1185 καὶ
2129 1132 2398 1202 μηδέποτε
2455 1134 2534 1196 εἰς
2576 1131 2782 1203 ἀγορὰν
2829 1132 3102 1196 ἐνέϐαλεν,
3149 1130 3466 1202 μηδὲ-ἐξῄει
3494 1129 3594 1200 τὴν

1997 1216 2174 1268 οἰκίαν
2203 1216 2300 1286 τὴν
2331 1215 2611 1287 πατρῴαν,
2645 1215 2796 1268 οὐδὲν
2841 1215 3094 1268 τοσοῦτον
3121 1211 3188 1286 ἦν
3216 1216 3295 1276 εἰς
3321 1213 3594 1282 ἐγκώμιον

1998 1299 2250 1369 λέγεσθαι
2284 1303 2412 1372 περὶ
2441 1302 2632 1370 αὐτῆς,
2657 1303 2738 1354 ὅτι
2757 1301 2894 1372 ἀνὴρ
2927 1301 3028 1353 οὐκ
3055 1300 3198 1368 ἔγνω
3229 1298 3594 1368 αὐτήν.”οταν
3625 1359 3631 1366 ,

1998 1384 2055 1438 δέ
2092 1385 2207 1456 ἴδῃς
2239 1385 2408 1456 αὐτὴν
2429 1386 2510 1447 εἰς
2525 1384 2732 1456 ἀγορὰν
2766 1385 3036 1449 ἐξιοῦσαν,
3063 1385 3183 1437 καθ’
3207 1383 3442 1454 ἑκάστην
3459 1382 3595 1452 ἡμέ-

1999 1486 2102 1539 ραν
2125 1469 2443 1540 ὑδροφορεῖν
2469 1468 2946 1539 ἀναγκαζομένην,
2973 1469 3070 1521 καὶ
3095 1467 3243 1531 ἅπαξ
3270 1467 3364 1519 καὶ
3389 1467 3470 1528 δὶς
3497 1465 3594 1517 καὶ

2001 1552 2296 1617 πολλάκις,
2346 1551 2465 1606 εἶτα
2501 1553 2692 1624 μηδενί
2726 1551 3007 1622 γνώριμον
3047 1547 3212 1604 οὖσαν
3255 1549 3430 1620 ἀνδρὶ,
3470 1549 3594 1602 τότε

2005 1636 2241 1705 μάλιστα
2264 1637 2435 1708 αὐτῆς
2463 1637 2668 1708 δυνήσῃ
2691 1637 2932 1688 κατιδεῖν
2960 1635 3022 1688 τὸ
3052 1634 3350 1705 ἐγκώμιον.
3387 1634 3450 1686 Εἰ
3484 1632 3594 1703 γὰρ

2001 1719 2248 1787 ὀλιγάκις
2291 1721 2372 1782 εἰς
2419 1721 2626 1792 ἀγορὰν
2677 1720 3109 1791 παραϐάλλουσα
3153 1717 3447 1789 παρθένος,
3497 1718 3595 1769 καὶ

1997 1802 2252 1874 δυσειδὴς
2275 1799 2410 1857 οὖσα
2441 1806 2536 1857 καὶ
2567 1803 2841 1875 ἄμορφος,
2884 1803 3095 1857 πολλῶν
3125 1803 3409 1872 ἑπομένων
3437 1801 3595 1871 θερα-

2003 1887 2286 1953 παινίδων,
2316 1889 2424 1942 ἀπὸ
2459 1887 2571 1940 τῶν
2604 1887 2798 1952 ἐξόδων
2826 1887 3033 1942 τούτων
3073 1887 3340 1958 διεφθάρη
3368 1885 3430 1939 :6
3459 1881 3592 1955 ἦθος

2003 1972 2298 2036 πολλάκις*
2333 1973 2370 2043 ἠ
2406 1971 2527 2026 καθ’
2561 1972 2801 2042 ἐκάστην
2839 1972 3055 2042 ἡμέραν
3095 1974 3158 2024 ἐκ
3191 1972 3292 2041 τῆς
3331 1969 3592 2040 πατρῴας

2003 2056 2181 2120 οἰκίας
2198 2055 2416 2121 ἐξιοῦσα
2440 2057 2598 2128 μόνη,
2619 2057 2717 2110 καὶ
2741 2055 2841 2108 οὐκ
2865 2057 2947 2119 εἰς
2968 2054 3178 2126 ἀγορὰν
3203 2055 3413 2119 ἁπλῶς,
3439 2054 3591 2126 [225]

2003 2139 2117 2193 ἀλλ’
2148 2143 2228 2204 εἰς
2258 2141 2358 2212 τὴν
2387 2140 2572 2212 πηγὴν
2605 2139 2906 2193 ἀπαντῶσα
2941 2140 3038 2192 καὶ
3072 2139 3430 2212 ὑδρευομένῃ,
3462 2140 3593 2194 ἔνθα

2002 2223 2233 2288 πολλοὺς
2271 2225 2368 2278 καὶ
2410 2223 2632 2296 ἐτέρους
2677 2223 2918 2277 συνιέναι
2950 2222 3188 2294 ἀνάγκη,
3227 2222 3345 2288 πῶς
3380 2225 3482 2278 οὐκ
3525 2225 3595 2278 ἂν

2005 2309 2091 2379 εῖη
2117 2309 2326 2380 μυρίων
2346 2308 2475 2375 ἀξία
2504 2308 2822 2379 θαυμάτων,
2847 2307 2973 2361 οὔτε
3003 2306 3113 2361 ἀπὸ
3138 2307 3246 2360 τῶν
3271 2309 3466 2373 ἐξόδων
3486 2310 3594 2364 τῶν

2006 2392 2280 2464 συνεχῶν,
2321 2389 2447 2446 οὐτε
2491 2392 2599 2446 ἀπὸ
2631 2391 2728 2463 τῆς
2769 2391 2913 2446 κατά
2950 2391 3048 2465 τὴν
3085 2392 3212 2462 ὄψιν
3258 2393 3592 2463 εὐμορφίας,

2003 2476 2127 2530 οὐτε
2153 2477 2262 2531 61:6
2299 2476 2392 2531 τοῦ
2423 2477 2661 2549 πλήθους
2685 2477 2796 2531 τῶν
2825 2477 3286 2548 παραγινομένων
3304 2517 3319 2540 ,
3350 2476 3474 2531 οὐτε
3502 2478 3597 2532 άλ-

2003 2561 2159 2614 λοθεν
2189 2562 2488 2632 οὐδαμόθεν
2517 2561 2880 2634 διαφθαρεῖσα
2915 2559 2976 2616 :6
2994 2558 3146 2632 ἦθος,
3177 2561 3314 2615 ἀλλά
3341 2562 3402 2614 :6
3433 2561 3595 2632 σῶμα

2004 2647 2100 2700 καὶ
2127 2647 2227 2718 τὴν
2265 2645 2442 2718 ψυχὴν
2471 2646 2802 2717 ἀδιάφθορος
2833 2647 3087 2717 μείνασα,
3120 2647 3215 2700 καὶ
3250 2646 3350 2716 τὴν
3383 2665 3596 2717 σωφρο-

2005 2731 2172 2799 σύνην
2191 2729 2301 2783 τῶν
2330 2731 2388 2783 ἐν
2415 2729 2818 2799 γυναικωνίτιδι
2844 2730 3173 2800 καθημένων
3201 2730 3595 2803 ἀκριϐέστερον

2003 2812 2413 2884 διατηρήσασα,
2451 2813 2547 2867 καὶ
2582 2813 2814 2882 τοιαύτη·
2858 2816 3120 2884 φανεῖσα,
3153 2814 3274 2867 οἵαν
3311 2817 3340 2867 6
3382 2814 3594 2878 Παῦλος

2003 2896 2253 2967 ἐπιζητεῖ
2277 2897 2472 2967 λέγων,
2498 2899 2632 2952 Ἵνα
2659 2892 2700 2968 ᾖ
2723 2897 3119 2969 ἀγιταβώματι
3145 2896 3244 2950 καὶ
3265 2899 3590 2967 πνεύματις

2001 2981 2325 3036 Καταϐᾶσα
2376 2981 2586 3036 τοίνυν
2638 2980 2735 3035 ἐπὶ
2781 2980 2899 3049 τὴν
2935 2980 3142 3051 πηγὴν
3190 2980 3428 3049 ἔπλησε
3474 2981 3590 3050 τὴν

2001 3065 2216 3134 ὑδρίαν
2264 3064 2371 3119 τοῦ
2414 3064 2660 3131 ὕδατος,
2707 3065 2806 3118 καὶ
2849 3065 3033 3133 ἀνέϐη
3054 3079 3068 3094 ·
3111 3063 3210 3118 καὶ
3259 3065 3517 3134 ἔδραμεν
3558 3069 3593 3120 ὁ

2001 3149 2144 3216 παῖς
2171 3151 2259 3216 είς
2288 3149 2671 3218 συνάντησιν
2696 3147 2907 3217 αὐτῆς,
2933 3147 3033 3202 καί
3051 3148 3210 3203 εἶπεν
3230 3150 3490 3204 Πότισόν
3515 3167 3594 3219 με

1996 3233 2217 3304 μικρὸν
2243 3233 2311 3288 ἐκ
2337 3231 2447 3301 τῆς
2476 3233 2679 3301 ὑδρίας
2709 3246 2846 3287 σου.
2878 3233 2943 3288 Ἠ
2964 3232 3033 3286 δὲ
3058 3229 3191 3287 εἷπε
3212 3232 3364 3297 ·Πίε,
3389 3235 3588 3301 κύριεο

2001 3319 2100 3373 καὶ
2127 3317 2418 3380 ἔσπευσε,
2435 3317 2536 3371 καί
2558 3316 2798 3371 καθεῖλε
2811 3316 2928 3384 τὴν
2945 3315 3162 3384 ὑδρίαν
3187 3316 3285 3370 ἐπὶ
3313 3316 3423 3369 τὸν
3435 3320 3590 3386 ,βρα-

1999 3404 2179 3473 κίονα
2215 3401 2437 3471 αὐτῆς,
2472 3402 2570 3456 καὶ
2598 3403 2880 3457 ἐπότισεν
2921 3403 3111 3458 αὐτὸν
3139 3401 3252 3468 ἕως
3279 3403 3592 3459 ἐπαύσατο

2001 3489 2226 3542 πίνων·
2265 3487 2364 3542 καὶ
2405 3482 2537 3540 εἷπε
2556 3504 2569 3517 ·
2603 3486 2714 3541 Καὶ
2739 3487 2867 3553 ταῖς
2900 3485 3197 3556 καμήλοις
3230 3501 3347 3541 σου
3380 3488 3590 3556 ὑδρεύ-

1998 3586 2202 3642 σομαι,
2244 3571 2355 3639 ἕως
2405 3570 2483 3626 ἂν
2519 3569 2712 3626 πᾶσαι
2758 3571 2958 3626 πίωσι.
2998 3569 3115 3625 Καὶ
3166 3571 3437 3626 ἔσπευσε
3487 3576 3588 3630 καὶ

1997 3655 2330 3720 ἐξεκένωσε
2369 3655 2485 3723 τὴν
2527 3654 2741 3722 ὑδρίαν
2783 3655 2870 3721 εἰς
2902 3654 2970 3708 τὸ
3012 3653 3438 3722 ποτιστήριον,
3487 3658 3588 3713 καὶ

1996 3743 2254 3814 ἔδραμεν
2280 3743 2380 3798 ἐπὶ
2406 3743 2474 3798 τὸ
2501 3743 2690 3814 φρέαρ
2717 3743 3021 3813 ἀντλῆσαι
3047 3742 3148 3797 καί
3179 3743 3588 3813 ὑδρεύσασθαι

1997 3827 2227 3894 πάσαις
2267 3828 2398 3896 ταῖς
2434 3829 2750 3899 καμήλοις.

2070 3927 2248 3998 Πολλὴ
2281 3927 2380 3997 μὲν
2406 3927 2507 3997 τῆς
2544 3925 2806 3996 γυναικὸς
2839 3927 2872 3997 ἡ
2913 3924 3209 3994 φιλοξενία,
3243 3927 3414 3998 πολλὴ
3448 3927 3506 3981 δὲ
3552 3929 3586 4001 ἡ

2000 4011 2346 4082 σωφροσύνη,
2378 4011 2474 4064 καί¹
2493 4009 2785 4080 ἀμφότερα
2803 4007 2981 4063 ταῦτα
3006 4009 3100 4062 καί
3123 4010 3218 4078 ἀφ’
3238 4003 3313 4064 ὧν
3337 4011 3583 4081 ἐποίησε,

1997 4097 2093 4150 καὶ
2134 4097 2228 4164 ἀφ’
2272 4087 2354 4147 ’ὧν
2396 4090 2554 4160 εἶπε,
2593 4092 2826 4163 μάλιστα
2877 4092 2993 4147 ἐστι
3025 4094 3387 4164 καταμαθεῖν.
3429 4091 3586 4160 Εἶδες

1997 4179 2116 4243 πῶς
2146 4178 2273 4232 οὔτε
2319 4179 2350 4247 ὴ
2394 4177 2716 4248 σωφροσύνη
2750 4177 2852 4246 τὴν
2905 4173 3210 4245 φιλοξενίαν
3252 4177 3582 4248 ἐλυμήνατο,

1995 4261 2122 4316 οὐτε
2153 4263 2187 4333 ἡ
2214 4259 2490 4331 φιλοξενία
2519 4259 2618 4331 τὴν
2650 4259 3007 4332 σωφροσύνην
3039 4259 3346 4332 διέφθειρε;
3380 4262 3454 4314 Τὸ
3482 4263 3585 4332 μὲν

1994 4347 2105 4419 γάρ
2145 4346 2222 4418 μὴ
2259 4344 2529 4416 προτέραν
2576 4343 2898 4415 ἐπιδραμεῖν
2920 4383 2935 4406 ,
2970 4343 3104 4414 μηδέ
3142 4349 3459 4415 προσειπεῖν
3491 4346 3583 4401 τὸν

1993 4432 2186 4504 ἄνδρα,
2215 4427 2572 4500 σωφροσύνης
2597 4422 2695 4497 ἦν·
2725 4427 2787 4479 :6
2809 4427 2867 4478 δὲ
2893 4427 3211 4497 αἰτηθεῖσαν
3241 4428 3315 4500 μὴ
3355 4429 3584 4482 ἀνανεῦ-

1995 4536 2108 4581 σαι,
2145 4515 2281 4588 μηδέ
2315 4511 2676 4584 ἀρνήσασθαι,
2714 4509 3018 4578 φιλοξενίας
3051 4512 3144 4565 καὶ
3171 4513 3582 4586 φιλανθρωπίας

1993 4602 2216 4672 πολλῆς.
2268 4599 2482 4667 Ὥσπερ
2535 4595 2643 4663 γάρ
2688 4596 2738 4646 εἰ
2792 4595 3032 4666 προτέρα
3071 4598 3442 4668 προσέδραμε,
3487 4600 3582 4653 καὶ

1996 4687 2162 4760 μηδὲν
2188 4682 2393 4736 εἰπόντι
2421 4678 2690 4749 διελέχθη,
2731 4679 3052 4750 ἰταμότητος
3077 4676 3143 4750 ἦν
3171 4683 3264 4732 καὶ
3291 4682 3582 4752 ἀναισχυν-

1991 4772 2132 4834 τίας·
2165 4769 2360 4830 οὓτως,
2392 4767 2440 4819 εἰ
2465 4763 2928 4836 παρακαλέσαντα
2961 4765 3337 4834 διεκρούσατο,
3370 4766 3581 4836 ὠμότη-

1990 4873 2082 4918 τος
2118 4851 2185 4924 ἦν
2222 4852 2318 4904 καὶ
2352 4847 2772 4919 ἀπανθρωπίας,
2808 4847 2924 4899 Νῦν
2960 4848 3016 4900 δὲ
3049 4848 3331 4918 οὐδέτερον
3371 4849 3580 4904 τούτων

1991 4939 2275 5009 ἐποίησεν’
2311 4934 2435 4988 οὔτε
2474 4932 2564 4985 διὰ
2603 4935 2704 5002 τὴν
2749 4931 3106 5001 σωφροσύνην
3138 4933 3237 5001 τὴν
3271 4931 3577 5000 φιλοξενίαν

1990 5023 2313 5092 ἐλυμήνατο,
2331 5017 2438 5071 οὐδ’
2455 5015 2522 5070 αὐ
2544 5015 2705 5068 πάλιν
2723 5014 2814 5068 διὰ
2831 5014 2931 5084 τὴν
2949 5014 3253 5083 φιλοξενίαν
3269 5017 3330 5068 τὸ
3345 5017 3446 5086 τῆς
3471 5035 3578 5071 σω-

1990 5107 2268 5177 φροσύνης
2300 5101 2576 5171 ἐγκώμιον
2603 5098 2924 5166 ὐπετέμετο,
2957 5097 3074 5151 ἀλλ’
3102 5099 3397 5171 ὁλόκληρον
3454 5103 3579 5155 ἐκα-

1988 5190 2152 5260 τέραν
2173 5185 2487 5250 ἐπεδείξατο
2503 5183 2599 5254 τὴν
2623 5181 2927 5254 ἁρετὴν,τῷ
2951 5183 3048 5252 μὲν
3063 5184 3350 5252 ἀναμεῖναι
3375 5185 3472 5256 τὴν
3501 5188 3579 5238 αἴ·

1986 5290 2146 5345 τησιν
2162 5273 2260 5342 τὴν
2275 5267 2631 5340 σωφροσύνην
2644 5265 3092 5337 ἐπιδεικνυμένη,
3112 5267 3187 5337 τῷ
3199 5267 3255 5320 δέ
3270 5272 3576 5340 παρασχεῖν

1991 5357 2130 5428 μετά
2143 5357 2242 5427 τὴν
2263 5354 2478 5423 αἴτησιν
2504 5351 2600 5422 τὴν
2624 5350 2932 5420 φιλοξενίαν
2960 5349 3059 5420 τὴν
3083 5352 3308 5420 ἄφατον.
3335 5354 3443 5406 Καὶ
3467 5351 3574 5424 γὰρ

1987 5441 2194 5510 ἀφάτου
2213 5437 2518 5508 φιλοξενίας
2536 5431 2626 5505 ἦν,
2651 5434 2711 5487 :6
2736 5434 2809 5504 μὴ
2835 5433 2994 5504 μόνον
3022 5435 3159 5506 ὅπερ
3179 5436 3350 5505 ᾔτησε
3365 5435 3572 5497 δοῦναι,

1985 5523 2123 5576 ἀλλά
2157 5525 2252 5576 καὶ
2291 5521 2453 5574 πλέον
2481 5537 2534 5572 τι
2567 5519 2872 5588 παρασχεῖν
2902 5515 3013 5569 τῶν
3045 5517 3398 5587 αἰτηθέντων.
3427 5518 3491 5570 Εἰ
3515 5517 3574 5570 δε

1987 5606 2132 5678 ὕδωρ
2157 5602 2224 5677 ἦν
2251 5605 2313 5656 τὸ
2342 5603 2638 5672 διδόμενον,
2667 5599 2860 5652 τούτου
2887 5601 3052 5670 κυρία
3076 5597 3144 5672 ἦν
3172 5601 3314 5654 τότε.
3348 5600 3486 5662 Τοὺς
3514 5599 3574 5654 δὲ

1985 5689 2295 5759 φιλοξένους
2327 5689 2428 5740 οὐκ
2459 5685 2568 5739 ἀπὸ
2599 5687 2697 5756 τῆς
2727 5683 3079 5748 πολυτελείας
3116 5685 3227 5739 τῶν
3252 5684 3570 5755 διδομένων,

1987 5766 2101 5827 ἀλλ’
2133 5771 2240 5825 ἀπὸ
2258 5772 2356 5842 τῆς
2377 5770 2682 5842 δυνάμεως,
2702 5763 2770 5841 ἧς
2796 5772 3117 5844 παρέχουσι,
3144 5769 3351 5840 κρίνειν
3374 5766 3575 5824 εἰώθααι

3083 5876 3158 5938 15
