3990 6358
389 254 496 317 257

395 387 484 431 σιν
501 386 522 409 ⁸
553 369 677 428 ἐπεὶ
709 368 804 426 καὶ
823 369 920 424 τὸν
956 368 1217 442 ποτήριον
1240 370 1402 425 δόντα
1422 369 1634 443 ψυχροῦ
1657 371 1688 424 6
1719 369 1853 436 Θεὸς
1877 373 1980 426 ἐπ.

391 459 576 530 ῄνεσε,
593 455 689 509 καὶ
706 455 806 527 τὴν
829 453 926 508 δύο
948 453 1122 508 λεπτὰ
1151 452 1569 509 καταϐαλοῦσαν
1587 453 1804 507 πάντων
1818 453 1982 508 πλέον

390 539 860 611 καταϐεϐληκέναι
893 537 1024 609 ἔφη,
1057 538 1246 611 ἐπειδὴ
1280 539 1492 602 πάντα,
1523 537 1668 607 ειπερ
1693 533 1981 608 εἷχε,-τότε

389 622 710 680 κατέϐαλεν.
771 621 930 675 Οὕτω
991 622 1086 675 καὶ
1135 621 1275 692 αὕτη
1333 621 1543 684 τούτοις
1593 621 1684 674 τὸν
1735 624 1981 690 γενναῖον

390 711 600 764 ἐκεῖνον
642 707 915 774 ἐξένισεν,
951 702 1027 760 ὧν
1057 707 1209 760 ούδέν
1241 703 1352 778 εἶχε
1399 706 1560 760 πλέον
1604 705 1754 777 αὑτῷ
1805 723 1982 778 παρα-

390 798 561 866 σχεῖν.
593 792 708 866 Οὑχ
743 793 930 856 ἁπλῶς
967 792 1026 847 δὲ
1063 793 1386 864 πρόσκειται
1416 792 1499 856 τὸ,
1549 793 1846 855 Ἕσπευσε,
1883 781 1980 844 καὶ

388 879 615 950 ἔδραμε,
650 878 745 930 καὶ¹
768 878 868 930 ὅσα
891 875 1141 943 τοιαῦτα,
1170 876 1405 929 ἀλλ’-ἴνα
1432 875 1612 948 μάθῃς
1643 875 1755 946 τὴν·
1773 874 1979 945 προθυ-

391 971 544 1044 μίαν,
593 969 711 1042 μεθ’
752 963 821 1041 ἧς
849 968 1026 1022 ἐποίει
1071 969 1134 1022 τὺ
1165 971 1422 1041 πρᾶγμα,
1459 969 1559 1022 οὑκ
1593 969 1822 1032 ἄκουσα,
1857 967 1979 1020 οὑδέ

388 1054 845 1127 ἀναγκαζομένη,
896 1053 1017 1110 οὐδὲ
1086 1053 1547 1126 δυσχεραίνουσα,
1613 1052 1733 1106 οὑδέ
1774 1054 1979 1120 ἀγανα-

387 1141 616 1196 κτοῦσα.
671 1139 784 1194 Καὶ
821 1139 905 1192 ὃτι
954 1139 1015 1192 οὑ
1069 1139 1265 1211 μικρὸν
1302 1137 1460 1192 τοῦτό
1516 1139 1652 1204 ἐστι,
1718 1137 1979 1201 πολλάκις

388 1225 661 1297 παριόντα
696 1223 821 1277 τινὰ
871 1223 1063 1293 στῆναι
1103 1221 1298 1294 μικρὸν
1351 1223 1637 1292 ᾐτήσαμεν
1677 1221 1803 1292 δᾷδα
1850 1238 1981 1274 κατ-

389 1310 604 1383 έχοντα,
634 1309 723 1363 ἵνα
750 1308 998 1378 ἅψωμεν,
1030 1307 1064 1378 ἢ
1098 1307 1242 1379 ὕδωρ
1267 1307 1634 1378 βαστάζοντα,
1666 1306 1810 1359 ὥστε
1844 1308 1980 1360 ἀπο-

388 1396 556 1458 πιεῖν,
581 1394 676 1446 καὶ
703 1392 806 1446 οὑκ
832 1391 1111 1462 ἠνέσχετο,
1143 1391 1256 1445 ἀλλ’
1285 1391 1644 1462 ἐδυσχέρανεν
1663 1405 1677 1420 °
1711 1390 1894 1460 ἐκείνη
1923 1388 1978 1442 δὲ

389 1475 451 1532 οὑ
491 1478 651 1549 μόνον
681 1476 975 1530 ἀπέκλινεν
1004 1474 1154 1547 αὑτῷ
1188 1476 1286 1547 τὴν
1312 1476 1500 1546 ὑδρίαν
1519 1515 1534 1540 ,
1577 1474 1712 1528 ἀλλὰ
1740 1476 1835 1527 καὶ
1861 1477 1980 1538 ταῖς

390 1563 663 1634 καμήλοις
691 1561 895 1624 πάσαις
927 1559 1245 1632 ὑδρεύσατο,
1281 1560 1442 1614 πόνον
1465 1558 1718 1614 τοσοῦτον
1751 1561 1980 1630 ἀνασχο-

393 1646 553 1718 μένη,
585 1645 681 1698 καὶ
709 1643 858 1716 [224]
885 1644 984 1716 τὴν
1008 1643 1116 1698 ἀπὸ
1138 1643 1233 1698 τοῦ
1258 1643 1506 1715 σώματος
1527 1643 1870 1715 λειτουργίαν
1898 1644 1979 1707 είς

389 1730 488 1802 τὴν
509 1728 814 1800 φιλοξενίαν
831 1725 1219 1796 είσενεγκοῦσα
1239 1727 1377 1798 μετά
1399 1727 1602 1798 πολλῆς
1623 1726 1975 1798 προσηνείας·

390 1813 454 1867 οὑ
492 1813 602 1884 γὰρ
640 1812 706 1865 τὸ
750 1811 972 1882 ποιῆσαι
1026 1811 1206 1881 μόνον,
1255 1809 1392 1864 ἀλλά
1431 1811 1528 1863 καὶ
1563 1810 1625 1862 τὸ
1658 1809 1976 1880 προθύμως,

391 1899 663 1952 δείκνυσιν
689 1896 857 1966 αὑτῆς
888 1895 987 1966 τὴν
1020 1895 1249 1966 ἀρετήν·
1283 1893 1472 1964 κύριον
1506 1893 1663 1946 καλεῖ
1694 1892 1981 1964 ἄνθρωπον

391 1982 612 2052 ἀγνῶτα
657 1981 754 2034 καὶ
782 1981 904 2033 τότε
951 1979 1195 2047 φανέντα
1235 1979 1472 2052 πρῶτον.
1517 1981 1630 2032 Καὶ
1671 1979 1923 2051 καθάπερ
1953 1979 1982 2030 ὁ

391 2066 658 2139 κηδεστὴς
685 2065 855 2133 αὑτῆς
888 2063 1140 2134 Ἀϐραὰμ
1163 2063 1265 2116 οὑκ
1289 2063 1479 2134 ἠρώτα
1504 2065 1632 2127 τοὺς
1658 2064 1979 2136 παριόντας,

391 2151 549 2213 Τίνες
582 2151 644 2203 τέ
686 2151 830 2212 ἐστε,
872 2149 968 2200 καὶ
1001 2147 1202 2215 πόθεν;
1237 2149 1334 2201 καλ⁵
1370 2149 1472 2202 ποῦ
1509 2149 1840 2220 πορεύεσθε;
1888 2149 1983 2204 καὶ

391 2235 556 2287 πόθεν
587 2233 795 2302 ﬁxura;
827 2231 942 2285 ἀλλ’
979 2231 1166 2294 ἁπλῶς
1192 2231 1292 2304 τὴν
1320 2232 1625 2301 φιλοξενίαν
1650 2231 1978 2304 ἐκαρποῦτοο

390 2316 536 2370 οὕτω
564 2317 659 2370 καὶ
689 2315 827 2386 αῦτη
857 2316 957 2369 οὑκ
985 2310 1128 2379 εἷπε,
1152 2314 1246 2378 Τίς
1272 2311 1343 2382 εἶ,
1375 2316 1470 2370 καὶ
1500 2314 1687 2380 πόθεν,
1718 2318 1813 2370 καὶ
1839 2317 1984 2380 τίνος

391 2403 578 2456 ἕνεκεν
611 2400 1031 2474 παραγέγονας;
1062 2398 1199 2454 ἀλλά
1236 2401 1650 2472 καρπωσαμένη
1685 2401 1786 2472 τὴν
1821 2401 1984 2454 εὑπο-

390 2487 518 2558 ’ρίαν
556 2487 655 2557 τῆς
693 2485 1022 2554 φιλοξενίας,
1055 2483 1123 2537 τά
1157 2482 1386 2555 περιττά
1419 2484 1598 2536 πάντα
1629 2483 1831 2554 ἀφῆκε.
1875 2485 1984 2538 Καὶ

393 2570 505 2642 γὰρ
529 2571 579 2623 οἱ
609 2569 954 2641 μαργαρίτας
976 2568 1294 2638 ὠνούμενοι,
1319 2567 1412 2622 καὶ
1434 2566 1656 2639 χρυσίον
1682 2567 1986 2639 λαμϐάνον-

393 2672 506 2720 τες,
540 2655 597 2708 ἓν
631 2654 790 2707 τοῦτο
830 2653 1053 2726 ζητοῦσι
1091 2653 1250 2724 μόνον
1271 2692 1286 2718 ,
1318 2653 1467 2715 ὅπως
1500 2651 1836 2724 κερδαίνοιεν
1878 2653 1986 2707 ἀπὸ

390 2739 506 2792 τῶν
534 2739 768 2810 ἐχόντων
792 2738 860 2791 τὰ
883 2738 987 2810 χρή
998 2754 1162 2807 ματα,
1188 2737 1287 2806 οὑχ
1313 2737 1460 2798 ὅπως
1483 2737 1679 2800 αὑτοὺς
1698 2738 1988 2809 περιεργά-

397 2840 608 2878 σοιντοσ
650 2822 746 2876 καὶ
789 2821 926 2893 αῦτη
966 2821 1126 2874 τοῦτο
1164 2820 1321 2890 μόνον
1358 2819 1540 2892 ζητεῖ,
1580 2821 1727 2884 ὅπως
1767 2820 1986 2892 δέξηται

393 2905 488 2960 τὸν
521 2905 622 2976 τῆς
657 2905 963 2975 φιλοξενίας
993 2904 1238 2974 καρπὸν,
1267 2905 1416 2967 ὅπως
1454 2904 1609 2958 λάϐοι
1653 2906 1744 2958 τὸν
1795 2905 1986 2975 μισθὸν

395 2987 824 3060 ἀπηρτισμένον.
861 2987 1016 3059 ’ᾘδει
1048 2985 1208 3040 τοῦτο
1244 2987 1460 3056 σαφῶς,
1493 2989 1576 3040 ὃτι
1615 2990 1643 3040 6
1685 2988 1833 3052 ξένος
1882 2988 1989 3060 μά-

392 3070 555 3126 λιστα
586 3073 808 3125 πάντων
843 3068 1196 3141 αἰσχύνεται·
1239 3070 1330 3124 διὰ
1374 3071 1533 3124 τοῦτο
1572 3071 1743 3126 δεῖται
1788 3073 1990 3144 πολλῆς

389 3156 498 3226 ’τῆς
526 3153 947 3226 φιλοφροσύνης,
981 3154 1076 3207 καὶ
1107 3153 1541 3225 ἀπεριεργάστου
1571 3155 1671 3225 τῆς
1704 3155 1988 3226 σωφροσύ-

396 3257 527 3312 νης·
561 3241 626 3293 ἂν
656 3239 834 3292 τοίνυν
869 3238 1154 3309 μέλλωμεν
1185 3238 1348 3292 αὑτὸν
1388 3239 1852 3310 περιεργάζεσθαι
1895 3240 1989 3293 καὶ

395 3324 913 3395 πολυπραγμονεῖν,
962 3322 1112 3374 ὀκνεῖ
1157 3322 1254 3375 καὶ
1303 3322 1612 3386 ἀναδύεται,
1660 3324 1753 3376 καὶ
1811 3323 1990 3393 ἀηδῶς

391 3407 784 3479 προσέρχεται.
815 3406 946 3458 -Διά
986 3405 1146 3458 τοῦτο
1190 3405 1312 3458 οὑδέ
1355 3405 1494 3476 αῦτη
1533 3406 1690 3460 τοῦτο
1733 3409 1989 3476 ἐποίησεν

397 3502 495 3556 ἐπὶ
517 3501 732 3565 τούτου,
762 3499 885 3553 ούδέ
908 3499 1001 3552 ἐπὶ
1030 3498 1140 3552 τῶν
1171 3499 1338 3566 ξένων
1363 3502 1392 3554 ὁ
1414 3500 1737 3572 κηδεστὴςὸ
1761 3504 1986 3575 ταύτης,

395 3595 489 3652 ἵνα
525 3596 600 3668 μὴ
636 3598 735 3667 τὴν
770 3596 942 3666 θήραν
976 3595 1294 3668 άποσοϐήσῃ
1316 3611 1330 3626 ⁶
1374 3595 1488 3648 ἀλλ’
1519 3596 1820 3668 ἐθεράπευε
1863 3601 1988 3664 τοὺς

401 3687 699 3760 παριόντας
745 3687 940 3755 μόνον,
977 3689 1073 3742 καὶ
1108 3687 1492 3758 καρπούμενος
1525 3689 1592 3743 δι’
1629 3693 1808 3746 αὑτῶν
1853 3694 1990 3766 ὅπερ

401 3779 673 3845 ἐϐούλετο,
703 3777 874 3840 οὑτως
895 3779 1094 3842 αὑτοὺς
1123 3777 1425 3851 ἐξέπεμπε.

459 3897 541 3962 -η’.
559 3889 660 3943 Διά
675 3890 834 3944 τοῦτο
852 3889 946 3944 καὶ
974 3891 1236 3961 ἀγγέλους
1266 3893 1394 3948 ποτέ
1418 3893 1731 3960 ὑπεδέξατο*
1751 3897 1828 3962 ὡς
1853 3899 1904 3952 εἴ
1926 3917 1989 3967 γε

401 3981 842 4054 πέριειργάζετο,
873 3982 1161 4054 ἠλαττώθη
1192 3984 1258 4038 ἂν
1283 3984 1432 4057 αὑτῷ
1459 3989 1487 4040 ό
1516 3969 1866 4059 ἐπικείμενος
1897 4009 1989 4061 μι-

403 4074 551 4138 σθός.
589 4074 700 4127 Καὶ
729 4073 836 4145 γάρ
873 4074 1232 4146 θαυμάζομεν
1262 4077 1447 4142 αὑτὸν,
1473 4079 1574 4150 οὑχ
1603 4081 1685 4133 ὅτι
1723 4083 1990 4152 ἀγγέλους

403 4166 720 4232 ὑπεδέξατο,
755 4165 871 4219 ἀλλ’
909 4167 992 4220 ὅτι
1032 4167 1244 4237 ἀγνοῶν
1279 4170 1595 4234 ὑπεδέξατο.
1637 4174 1702 4227 Εί
1740 4176 1837 4244 μὲν
1881 4177 1990 4251 γὰρ

403 4258 561 4323 εἰδὼς
581 4259 967 4330 ἐθεράπευσεν,
984 4261 1136 4314 οὑδέν
1157 4261 1471 4332 θαυμαστὸν
1492 4265 1686 4331 ἐποίει,
1709 4267 1812 4337 τῆς
1833 4269 1991 4334 ἀξίας

393 4351 944 4422 ’τῶνὺποδεχθέντων
969 4352 1064 4406 καὶ
1095 4352 1185 4407 τὸν
1215 4354 1422 4426 σφόδρα
1447 4355 1648 4410 λίθινον
1682 4359 1776 4413 καὶ
1801 4362 1987 4437 ἀπηνῆ

402 4447 923 4520 καταναγκαζούσης
947 4447 1332 4519 φιλάνθρωπον
1356 4449 1612 4517 γενέσθαι
1636 4455 1730 4507 καὶ
1757 4456 1986 4529 ἥμερονο

400 4542 462 4595 τὸ
496 4541 554 4594 δὲ
587 4541 906 4611 θαυμαστὸν
938 4541 1098 4594 τοῦτο
1130 4537 1198 4614 ἦν
1218 4583 1232 4607 ,
1270 4542 1353 4594 ὅτι
1386 4542 1566 4607 όδίτας
1598 4547 1755 4612 τινάς
1791 4551 1990 4618 αὑτοὺς

400 4631 543 4690 εἶναι
579 4633 849 4705 νομίζων,
897 4633 1169 4704 τοσαύτην
1211 4635 1299 4686 ἐπ’
1333 4633 1519 4700 αὐτοῖς
1545 4638 1859 4705 ἐπεδείξατο
1891 4645 1990 4719 τὴν

403 4727 717 4798 θεραπείαν.
753 4725 1002 4798 Τοσαύτη
1037 4726 1134 4780 καὶ
1167 4724 1306 4799 αῦτη
1338 4722 1408 4798 ἦν
1429 4744 1446 4759 ⁶
1478 4730 1579 4784 οὑκ
1611 4727 1750 4788 οἶδεν
1781 4737 1867 4801 τίς
1899 4735 1988 4811 ἦν,

397 4818 524 4872 οὑδέ
553 4819 644 4871 ἐπὶ
671 4819 724 4871 τί
750 4817 1105 4889 παρεγένετο,
1129 4818 1250 4870 οὑδὲ
1281 4819 1361 4873 ὅτι
1383 4820 1555 4894 αὑτὴν
1582 4832 1989 4904 μνηστευσόμε-

401 4930 493 4977 νος
519 4909 703 4985 ἦλθεν,
724 4913 860 4967 ἀλλά
883 4913 1033 4977 ξένον
1057 4914 1181 4968 τινὰ
1194 4915 1296 4968 καὶ
1321 4915 1600 4988 ὁδοιπόρον
1622 4921 1864 4992 ἐνόμισε.
1891 4929 1991 4981 Διά

401 5003 561 5056 τοῦτο
599 5004 800 5074 μείζων
828 5008 964 5079 αὑτῇ
994 5011 1022 5062 6
1057 5007 1250 5080 μισθὸς
1279 5009 1380 5080 τῆς
1409 5010 1718 5079 φιλοξενίας
1758 5017 1988 5085 ἐγίνετο,

401 5094 488 5145 ὅτι
533 5094 625 5147 τὸν
669 5097 963 5167 οὐδαμόθεν
1021 5101 1151 5154 ὄντα
1203 5101 1480 5173 γνώριμον
1533 5104 1671 5174 μετά
1721 5109 1993 5181 τοσαύτης

408 5185 705 5252 ὑπεδέξατο
732 5190 964 5256 εὐνοίας,
995 5194 1131 5265 ὁμοῦ
1160 5194 1254 5248 καὶ
1279 5195 1378 5267 τὴν
1423 5199 1778 5270 σωφροσύνην
1806 5203 1992 5275 διατη-

411 5277 598 5348 ροῦσα.
651 5279 785 5331 Οὑδέ
827 5281 937 5354 γάρ
981 5285 1373 5356 ἀναισχύντως,
1424 5289 1545 5342 οὑδέ
1593 5293 1832 5364 ἰταμῶς,
1868 5295 1990 5350 οὔτε

407 5369 814 5436 ἀναγκάζουσα,
838 5372 959 5426 οὔτε
979 5376 1328 5450 ὀργιζομένη,
1362 5379 1498 5434 ἀλλὰ
1533 5384 1673 5453 μετὰ
1697 5387 1796 5455 τῆς
1822 5406 1994 5460 προσ-

409 5461 648 5531 ηκούσης
705 5464 1030 5535 σεμνότητος
1062 5469 1218 5522 τοῦτο
1268 5472 1462 5526 ἐποίει.
1517 5475 1684 5530 Τοῦτο
1717 5481 1824 5549 γάρ
1861 5479 1994 5535 αὑτὸ

411 5552 627 5624 ᾐνίξατο
651 5555 679 5605 6
704 5555 944 5627 Μωῦσῆς
972 5558 1164 5627 λέγων·
1205 5563 1261 5614 Ὁ
1281 5563 1349 5616 δὲ
1369 5566 1678 5636 ἅνθρωπος
1704 5574 1993 5643 κατεμάν-

413 5643 592 5696 θανεν
625 5645 824 5714 αὐτὴν
843 5687 856 5708 ,
892 5648 990 5701 καὶ
1023 5654 1373 5718 παρεσιώπα
1407 5660 1513 5712 τοῦ
1543 5661 1782 5730 γνῶναι,
1813 5666 1864 5717 εί
1892 5668 1991 5719 εὐ-

414 5731 613 5788 ὼὸωσε
640 5739 852 5808 Κύριος
886 5741 998 5809 τὴν
1023 5743 1165 5798 ὁδὸν
1188 5748 1396 5803 αὑτοῦ.
1431 5749 1494 5802 Τί
1521 5753 1655 5820 ἐστι,
1693 5757 1991 5826 Κατεμάν-

1115 259 1173 320 S.
1207 260 1494 320 JOANNIS
1530 259 2023 326 CHRYSOSTDMI
2054 259 2378 324 ARCHIEP.
2402 255 2957 320 CONSTANTINOP.

2091 374 2275 426 θανεγ
2293 369 2520 437 αὐτήν;
2541 367 2654 422 Καὶ
2675 367 2886 438 σχῆμα,
2915 365 3012 420 καὶ
3037 364 3297 436 βάδισμα,
3318 364 3415 420 καὶ
3435 363 3683 442 βλέμμα,

2085 454 2181 508 καὶ
2211 455 2388 526 ῥῆμα,
2419 454 2517 509 καὶ⁵
2539 453 2720 507 πάντα
2739 450 2986 521 ἀκριϐῶς
3013 450 3293 522 ἐξήταζεν,
3319 450 3429 505 ἀπὸ
3448 452 3558 506 τῶν
3585 452 3686 506 τοῦ

2086 538 2347 609 σώματος
2399 537 2720 607 κινημάτων
2763 535 2861 607 τὴν
2897 535 3012 602 ἐξιν
3045 536 3147 606 τῆς
3187 535 3367 606 ψυχῆς
3395 553 3684 606 καταμαν-

2085 622 2282 676 θάνων.
2308 622 2422 675 Καὶ
2447 622 2568 675 οὑδέ
2597 619 2812 683 τούτοις
2835 619 3082 690 ἠρκέσθη
3128 619 3307 690 μόνον,
3334 619 3472 673 ἀλλά
3495 620 3684 674 δευτέο

2087 722 2184 776 ραν
2218 707 2486 776 προσάγει
2530 705 2747 775 πεῖραν.
2795 703 3018 772 Ἐπειδὴ
3051 703 3158 774 γάρ
3194 704 3446 756 ἐπότισεν
3490 704 3685 767 αὑτὸν.

2081 787 2182 840 οὑκ
2210 787 2338 860 ἔστη
2374 788 2540 860 μέχρι
2570 787 2784 850 τούτου,
2825 787 2940 840 ἀλλ’
2975 781 3129 839 εἶπεν
3164 787 3337 856 αὐτῇ,
3377 789 3545 854 Τίνος
3579 792 3687 842 θυ-

2083 872 2267 942 γάτηρ
2315 869 2386 938 εἷ,
2430 871 2793 942 ἁνάγγειλόν
2835 889 2974 941 μοι,
3008 872 3106 924 καὶ
3145 873 3195 924 εὶ
3225 869 3359 923 ἐστι
3394 873 3556 940 παρὰ
3602 869 3687 938 τῷ

2082 958 2260 1026 πατρί
2289 973 2404 1011 σου
2441 959 2626 1021 τόπος
2657 956 2763 1008 τοῦ
2805 943 3179 1020 καταλῦσαὶ’;
3209 955 3275 1006 Τί
3317 950 3411 1008 οὖν
3456 957 3683 1027 ἐκείνη;

2095 1040 2460 1108 ’Λνεξικάκως
2501 1041 2596 1094 καὶ
2641 1039 2833 1111 πράως
2862 1041 2957 1094 καὶ
2995 1039 3088 1093 τὸν
3133 1041 3349 1110 πατέρα
3401 1036 3544 1104 εἶπε,
3585 1042 3689 1098 καὶ

2082 1125 2184 1188 οὑκ
2204 1123 2578 1194 ἠγανάκτησε,
2603 1123 2860 1191 λέγουσα.
2876 1124 2948 1176 Σὺ
2970 1122 3027 1175 δέ
3051 1140 3134 1185 τις
3153 1116 3205 1174 εἷ
3227 1123 3255 1173 6
3278 1123 3680 1193 πολυπραγμοο

2085 1209 2212 1270 νῶν,
2260 1207 2354 1260 καὶ
2390 1206 2604 1278 ζητῶν,
2632 1207 2745 1260 -καὶ
2776 1206 2874 1277 τὴν
2916 1202 3094 1258 οἰκίαν
3139 1205 3683 1277 περιεργαζόμενοςς

2083 1289 2218 1342 ἀλλὰ
2244 1291 2331 1357 τί;
2363 1283 2636 1358 Θυγάτηρ
2658 1290 2940 1353 Βαθουήλ
2969 1291 3086 1358 εἰμι
3107 1288 3222 1358 ἐγὼ
3247 1289 3383 1343 υἱοῦ
3412 1280 3684 1358 Μελχᾶς,

2083 1374 2157 1427 ὃν
2192 1374 2400 1427 ἔτεκεν
2432 1373 2513 1439 τῷ
2547 1373 2788 1442 Ναχώρο
2844 1372 2943 1426 καὶ
2983 1373 3178 1441 ἄχυρα
3221 1375 3320 1428 καὶ
3362 1373 3514 1445 [29.5]
3555 1384 3688 1443 χορ

2082 1457 2354 1525 τάσματα
2399 1454 2601 1510 πολλὰ
2628 1456 2764 1524 παρ’
2804 1448 2950 1525 ἡμῖν
2969 1496 2984 1521 ,
3016 1457 3114 1509 καὶ
3147 1458 3330 1522 τόπος
3367 1457 3474 1510 τοῦ
3502 1473 3688 1510 κατα-

2081 1540 2292 1594 λῦσαι.
2343 1542 2554 1614 Ὠσπερ
2600 1540 2694 1594 ἐπὶ
2736 1538 2828 1593 τοῦ
2883 1539 3112 1604 ῦδατος,
3162 1539 3324 1592 πλέον
3368 1532 3442 1593 ὧν
3477 1535 3687 1612 ᾔτησεν

2083 1624 2284 1677 ἔδωκεν
2310 1641 2322 1653 ·
2349 1626 2377 1676 6
2405 1625 2502 1694 μέν
2537 1623 2646 1693 γὰρ
2689 1626 2836 1676 πιεῖν
2863 1615 3052 1694 ᾔτησε
3091 1617 3276 1694 μόνον,
3302 1627 3335 1694 ἠ
3362 1623 3418 1676 δὲ
3460 1627 3552 1676 καὶ
3582 1625 3687 1687 τὰς

2083 1707 2363 1777 καμήλους
2393 1707 2666 1784 ὑπέσχετο
2689 1705 3075 1771 ποτίζειν,ικαὶ
3101 1708 3353 1760 ἐπότισεν
3373 1725 3386 1737 ·
3416 1707 3557 1760 οὑτω
3587 1709 3689 1761 καὶ

2083 1787 2319 1843 ἐνταῦθα
2345 1805 2357 1819 ·
2395 1789 2562 1852 αὑτὸς
2589 1789 2756 1843 τόπον
2797 1789 2969 1860 ᾔτησε
3001 1790 3196 1860 μόνον,
3227 1792 3259 1860 ἠ
3297 1790 3354 1843 δὲ
3382 1792 3473 1844 καὶ
3503 1792 3689 1861 ἄχυρα

2084 1872 2179 1925 καὶ
2205 1873 2561 1944 χορτάσματα
2597 1873 2691 1926 καὶ
2718 1872 2855 1928 ἄλλα
2887 1872 3080 1934 πολλὰ,
3111 1873 3201 1927 διὰ
3221 1871 3432 1927 τούτων
3463 1875 3689 1928 πάντων

2085 1956 2250 2011 αὑτὸν
2293 1957 2710 2028 ἐκκαλουμένη,
2743 1950 2838 2010 καὶ
2883 1951 3022 2028 πρὸς
3069 1957 3167 2028 τὴν
3212 1959 3388 2011 οίκίαν
3423 1959 3681 2020 ἕλκουσα,

2086 2038 2169 2092 ἵνα
2212 2038 2302 2092 τὸν
2345 2040 2446 2110 τῆς
2483 2032 2791 2107 φιλοξενίας
2834 2032 3201 2111 καρπώσηται
3245 2040 3458 2111 μισθόν.
3495 2037 3685 2097 Ταῦτα

2083 2121 2140 2173 δέ
2177 2121 2250 2192 μὴ
2289 2121 2584 2194 παρέργως
2633 2116 2770 2194 μηδέ
2801 2122 2988 2186 ἁπλῶς
3023 2123 3336 2194 ἀκούωμεν,
3366 2123 3481 2178 ἀλλ’
3530 2127 3685 2196 ἡμᾶς

2084 2204 2284 2268 αὑτοὺς
2309 2197 2685 2268 καθ”ἐαυτοὺς
2715 2205 3044 2270 ἐννοοῦντες,
3059 2207 3154 2259 καὶ
3171 2206 3381 2271 τούτοις
3402 2199 3688 2276 παραϐάλο

2083 2287 2289 2354 λοντες,
2339 2288 2518 2351 οὕτως
2565 2289 2827 2361 εἰσόμεθα
2865 2289 2967 2361 τὴν
3004 2290 3209 2362 ἀρετὴν
3253 2291 3356 2361 τῆς
3397 2291 3682 2359 γυναικός.

2086 2372 2355 2436 Πολλάκις
2410 2364 2542 2442 γοῦν
2601 2374 2915 2444 γνωρίμους
2982 2373 3141 2437 τινὰς
3200 2375 3294 2427 καὶ
3346 2375 3686 2445 ἐπιτηδείους

2086 2455 2477 2527 ὑποδεχόμενοι
2515 2455 2978 2528 δυσχεραίνομεν,
3027 2457 3133 2510 κᾶν
3174 2458 3303 2528 μίαν
3343 2458 3375 2526 ἦ
3419 2458 3686 2529 δευτέραν

2085 2539 2301 2612 ἡμέραν
2363 2541 2792 2611 ἐνδιατρίψωσι,
2850 2540 3232 2612 βαρυνόμεθα·
3286 2541 3426 2612 αῦτη
3475 2543 3533 2596 δὲ
3589 2545 3685 2596 τὸν

2086 2623 2305 2692 ἀγνῶτα
2332 2623 2428 2677 καὶ
2471 2624 2618 2688 ξένον
2659 2625 2796 2696 μετὰ
2825 2625 3028 2696 πολλῆς
3073 2627 3153 2688 είς
3185 2627 3286 2698 τὴν
3325 2627 3504 2680 οἰκίαν
3533 2624 3610 2680 εἴ)
3624 2646 3686 2684 κε

2085 2708 2189 2778 τῆς
2217 2707 2552 2780 προθυμίας,
2583 2709 2679 2762 καὶ
2708 2708 2883 2762 ταῦτα
2907 2709 3007 2762 οὑκ
3032 2709 3182 2780 αὑτῷ
3218 2710 3399 2780 μόνον,
3427 2710 3562 2764 ἀλλὰ
3591 2713 3690 2765 καὶ

2087 2793 2360 2863 καμήλοις
2408 2793 2701 2866 τοσαύταις
2753 2793 3026 2863 μέλλουσα
3074 2795 3338 2865 παρέξειν
3380 2795 3478 2866 τὴν
3524 2796 3692 2866 θεραυ

2089 2875 2269 2928 πείαν.
2320 2874 2540 2946 Ἐπειδὴ
2585 2875 2643 2930 δέ
2683 2875 2902 2946 είσῆλθε
2925 2915 2940 2940 ,
2975 2877 3167 2930 σκόπει
3201 2877 3453 2932 ἐντεῦθεν
3485 2881 3694 2949 μᾶλλον

2088 2957 2254 3012 αὑτοῦ
2284 2957 2384 3030 τὴν
2429 2957 2668 3036 σύνεσιν.
2720 2958 2809 3023 Ὦς
2836 2961 2949 3030 γὰρ
2995 2960 3278 3032 παρέθηκε
3313 2967 3508 3032 φαγεῖν
3535 2966 3695 3036 αὑτῷ

2089 3040 2309 3111 ἄρτους,
2341 3040 2508 3111 φησίν
2529 3058 2541 3071 ·
2568 3039 2773 3112 vam
2800 3039 2989 3112 φάγω,
3023 3042 3136 3109 ἕως
3167 3043 3311 3098 ὅτου
3337 3045 3592 3113 λαλήσω
3618 3065 3696 3102 tu

2087 3122 2326 3191 ῥήματά
2346 3141 2486 3192 μου.

2161 3205 2313 3272 Εἶδες
2343 3209 2459 3271 πῶς
2490 3203 2559 3279 ὴν
2589 3206 2910 3281 ἐγρηγορὼς
2940 3210 3035 3265 καὶ
3067 3212 3292 3283 νήφων;
3321 3212 3472 3278 Εἶτα,
3500 3215 3696 3288 ἐπειδὴ

2091 3299 2266 3351 εἰπεῖν
2309 3299 2652 3369 ἐπέτρεψαν,
2711 3301 2911 3372 ἴδωμεν
2962 3305 3080 3368 πῶς
3128 3307 3313 3370 αὑτοῖς
3357 3307 3692 3376 διαλέγεται.

2089 3384 2236 3462 Ἀρα
2267 3390 2437 3444 ταῦτα
2469 3387 2589 3445 εἶπε
2622 3392 2758 3462 πρὸς
2792 3395 2990 3458 αὑτοὺς
3017 3395 3086 3449 τὰ
3116 3399 3361 3470 ῥήματα,
3389 3400 3469 3453 ὅτι
3493 3401 3697 3457 δεσπό-

2091 3498 2191 3553 την
2222 3481 2335 3553 έχοι
2363 3484 2639 3554 περιφανῆ
2669 3485 2764 3538 καὶ
2797 3485 3072 3558 λαμπρὸν,
3098 3490 3249 3562 παρὰ
3275 3492 3494 3546 πάντων
3516 3495 3698 3563 τιμώ-

2096 3589 2276 3643 μενον,
2323 3573 2526 3643 πολλῆς
2557 3574 2710 3645 παρά
2745 3575 2855 3629 τῶν
2889 3579 3172 3651 ἐγχωρίων
3219 3583 3514 3656 προεδρίας
3553 3587 3700 3638 ἀπο-ο

2092 3661 2356 3728 λαύοντα;
2391 3663 2567 3717 καίτοι
2593 3683 2658 3735 γε
2696 3667 2855 3740 εἴπερ
2881 3669 3133 3724 ἐϐούλετο
3158 3673 3332 3726 ταῦτα
3361 3675 3560 3743 εἰπεῖν,
3590 3679 3699 3735 οὑκ

2091 3755 2158 3810 ἂν
2181 3756 2449 3827 ἠπόρησε·
2481 3760 2576 3812 καὶ
2604 3759 2716 3831 γὰρ
2749 3763 2806 3814 ἐν
2832 3761 2981 3828 τάξει
3011 3763 3274 3833 βασιλέως
3303 3768 3466 3820 αὑτὸν
3488 3770 3537 3820 οί
3568 3770 3696 3822 ἐπι-

2091 3846 2282 3918 χώριοι
2314 3848 2540 3918 ἐτίμων.
2589 3850 2728 3902 Ἀλλ’
2763 3853 2914 3923 ὅμως
2939 3853 3095 3908 οὐδὲν
3123 3855 3326 3910 τούτων
3354 3854 3529 3922 εἶπεν,
3553 3860 3694 3915 ἀλλά

2092 3937 2161 3991 τά
2204 3938 2521 4010 ἀνθρώπινα
2563 3942 2737 3996 ταῦτα
2781 3945 2960 4013 ἀφεὶς,
3003 3946 3112 3999 ἀπὸ
3150 3949 3250 4020 τῆς
3275 3950 3483 4004 ἀνωθεν
3527 3954 3693 4007 αὑτὸν

2095 4026 2268 4096 ῥοπῆς
2296 4027 2605 4099 ἐκόσμησεν
2645 4029 2793 4082 οὕτω
2832 4031 3007 4100 λέγων
3032 4051 3045 4064 ⁸
3081 4035 3228 4102 Παῖς
3287 4038 3535 4108 Ἀϐραὰμ
3575 4041 3699 4110 ἐγιὶι

2092 4115 2236 4187 εἰμι·
2272 4121 2488 4186 Κύριος
2527 4122 2830 4191 εὐλόγησε
2865 4123 2973 4176 τὸν
2999 4110 3228 4194 ’κϋριόν
3263 4147 3383 4196 μου
3426 4131 3690 4199 σφόδρα,

2092 4209 2191 4264 καὶ
2229 4210 2440 4278 ὑψώθη
2462 4251 2478 4275 ,
2532 4213 2631 4266 καὶ
2662 4213 2887 4270 ἔδωκεν
2936 4219 3100 4284 αὐτῷ
3138 4221 3432 4287 πρόϐατα,
3466 4224 3565 4276 καί
3589 4227 3694 4292 μό-

2092 4316 2308 4384 ονχους,
2342 4301 2440 4354 καὶ
2480 4355 2484 4358 ,
2497 4305 2786 4372 χρυσίον,
2822 4307 2921 4360 καὶ
2955 4309 3262 4380 ἀργύριον.
3316 4312 3421 4365 Τὸν
3459 4314 3692 4369 πλοῦτον

2092 4385 2268 4456 εἶπεν,
2294 4392 2392 4462 οὑχ
2417 4392 2504 4446 ἵνα
2527 4392 2759 4467 εὔπορον
2793 4397 2942 4470 δείξῃ
2967 4399 3118 4466 ὄντα,
3145 4401 3264 4455 ἀλλ’
3299 4403 3386 4455 ἵνα
3417 4405 3688 4472 φιλόθεον·

2092 4482 2153 4535 ού
2181 4482 2291 4553 γὰρ
2329 4483 2437 4536 ἀπὸ
2466 4485 2561 4538 τοῦ
2604 4487 2927 4558 κεκτῆσθαι,
2953 4490 3069 4544 ἀλλ’
3098 4493 3206 4546 ἀπὸ
3239 4493 3332 4546 τοῦ
3364 4496 3515 4566 παρὰ
3551 4496 3694 4551 Θεοῦ

2093 4574 2268 4628 ταῦτα
2305 4575 2468 4630 αὑτὸν
2499 4577 2790 4649 εἰληφέναι
2836 4581 3186 4653 ἐγκωμιάσαι
3233 4584 3515 4655 βούλεται·
3571 4586 3693 4647 εἶτα

2095 4667 2225 4739 περὶ
2258 4665 2350 4718 τοῦ
2383 4668 2619 4738 νυμφίου
2657 4669 3071 4743 διαλεγόμενος
3113 4676 3227 4730 Καὶ
3258 4679 3428 4734 ἔτεκε
3464 4683 3690 4753 Σάρρα,

2096 4757 2136 4823 ἡ
2165 4756 2322 4825 γυνὴ
2354 4758 2460 4812 τοῦ
2489 4761 2700 4829 κυρίου
2731 4779 2871 4831 μου,
2905 4764 3040 4818 υἱὸν
3071 4765 3187 4820 ἕνα
3233 4770 3312 4835 τῷ
3357 4775 3544 4842 κυρίῳ
3569 4795 3698 4844 μου

2089 4850 2238 4918 μετὰ
2273 4849 2339 4902 τὸ
2364 4851 2619 4920 γηρᾶσαι
2648 4855 2855 4907 αὐτόν.
2900 4855 3167 4912 Ἐνταῦθά
3198 4877 3290 4930 μοι
3321 4865 3414 4915 καὶ
3445 4865 3536 4919 τὸν
3565 4869 3694 4937 τρό-

2090 4955 2194 4993 πον
2221 4939 2328 4994 τῶν
2355 4940 2559 4996 ὠδίνων
2588 4943 2829 5015 ᾐνίξατο,
2861 4947 3076 5014 δεικνὺς
3103 4949 3186 5004 ὅτι
3213 4953 3306 5006 καὶ
3338 4956 3366 5007 6
3393 4957 3552 5020 τόκος
3579 4958 3692 5011 ἀπὸ

2093 5033 2193 5102 τῆς
2221 5031 2314 5085 τοῦ
2353 5033 2489 5087 Θεοῦ
2530 5036 2721 5106 γέγονε
2763 5040 3024 5111 προνοίας
3052 5043 3153 5115 τῆς
3185 5047 3322 5116 πρὸς
3353 5049 3581 5116 ἐκεῖνον,
3625 5053 3689 5106 οὑ

2094 5123 2237 5178 κατά
2274 5124 2487 5194 φύσεως
2516 5129 2859 5188 ἀκολουθίαν.
2901 5135 3013 5187 Καὶ
3050 5135 3114 5188 σὺ
3146 5139 3325 5192 τοίνυν
3353 5141 3420 5194 ἄν
3448 5161 3507 5196 τε
3552 5163 3694 5216 νυμ-

2094 5216 2235 5285 φίον,
2269 5217 2335 5270 ἄν
2367 5235 2427 5270 τε
2462 5219 2682 5292 νύμφην
2716 5224 3004 5297 ἐπιζητῇς,
3046 5227 3215 5282 ταῦτα
3245 5233 3349 5303 πρὸ
3375 5235 3482 5286 τῶν
3512 5236 3694 5291 ἄλλων

2095 5307 2270 5379 ζήτει,
2302 5311 2350 5362 εί
2383 5309 2639 5385 θεοφιλής
2663 5317 2834 5380 ἐστιν,
2863 5320 2912 5370 εἰ
2943 5319 3143 5392 πολλῆς
3179 5322 3384 5376 ἄνωθεν
3421 5326 3694 5381 ἀπολαύει

2093 5399 2195 5468 τῆς
2229 5401 2460 5465 εὐνοίας.
2495 5405 2591 5457 Ἂν
2629 5407 2738 5478 γάρ
2767 5410 2951 5463 ἐκεῖνα
2979 5407 3035 5484 ᾗ,
3071 5413 3168 5466 καὶ
3197 5413 3263 5466 τὰ
3293 5414 3427 5470 ἄλλα
3457 5418 3690 5474 ἐπεταιο

2093 5490 2296 5544 τούτων
2334 5493 2391 5545 δὲ
2438 5495 2538 5548 οὑκ
2575 5495 2766 5562 ὄντων,
2805 5501 2910 5554 κᾶν
2945 5503 3085 5571 μετά
3130 5505 3332 5576 πολλῆς
3367 5510 3465 5579 τῆς
3504 5511 3692 5576 ἀδείας

2095 5583 2280 5646 αὐτοῖς
2307 5585 2523 5658 ὑπάρχῃ
2549 5589 2616 5641 τά
2644 5590 2892 5660 βιωτικὰ,
2917 5595 3109 5666 κέρδος
3131 5598 3304 5652 οὐδέν.
3333 5597 3469 5654 Εἶτα
3497 5604 3582 5656 ἵνα
3610 5605 3690 5678 μὴ

2095 5674 2314 5742 λέγωσι,
2343 5677 2498 5742 Τίνος
2541 5677 2634 5734 οὖν
2686 5684 2874 5738 ἓνεκεν
2927 5686 3185 5758 οὐδεμίαν
3226 5690 3337 5746 τῶν
3374 5674 3690 5766 ἐπιχωρίων

2097 5762 2252 5816 ἔλαϐε
2303 5769 2601 5836 γυναικῶν;
2663 5773 2907 5842 ’Ὠρκιινέ
2962 5794 3078 5845 με,
3123 5781 3280 5854 φησὶ,
3331 5762 3566 5855 λέγωκί
3604 5785 3690 5837 Οὐ
