3990 6358
303 386 412 441 237

304 500 437 554 lisse
461 500 585 570 plus
613 501 886 570 omnibus,
915 500 1039 571 quia
1072 509 1239 556 totum
1270 500 1411 570 quod
1444 498 1627 553 habuit
1652 497 1900 567 conjece-

307 598 392 645 rat
422 590 635 663 (Matth.
660 592 746 647 10.
778 593 883 658 42;
910 591 1037 645 Luc.
1065 592 1155 646 2i.
1178 591 1321 660 2-4).
1348 590 1435 645 Sic
1461 599 1515 645 et
1548 590 1643 643 ista
1694 588 1775 641 his
1802 588 1900 643 bo-

307 697 441 736 num
482 682 629 736 illum
667 683 840 736 virum
881 683 1092 752 excepit
1135 682 1327 743 xeniis,
1371 696 1490 751 qua:
1527 680 1638 734 sola
1685 687 1793 733 tum
1833 677 1900 731 ad

306 788 528 826 manum
573 773 816 827 aderant.
856 773 966 827 Nec
1005 784 1207 827 temere
1235 771 1471 827 additum
1502 779 1583 825 est
1607 811 1621 832 ,
1653 768 1792 839 quod
1825 768 1901 821 fe-

306 863 515 917 stinans
539 864 798 928 cucurrit,
830 873 884 917 et
912 863 1127 929 similia,
1156 862 1251 917 sed
1282 872 1339 916 ut
1368 856 1631 931 intelligas
1658 875 1774 915 eam
1798 860 1902 912 ala-

305 956 476 1009 criter
503 957 692 1010 fecisse
718 956 896 1009 omnia
918 997 932 1019 ,
962 971 1067 1009 non
1095 971 1240 1025 aegre
1283 969 1346 1009 ac
1370 956 1625 1024 gravatim
1645 996 1658 1018 ,
1692 968 1790 1007 nec
1816 953 1900 1006 in-

310 1047 475 1100 vitam
518 1058 572 1101 et
619 1057 820 1101 coacta:
860 1048 1109 1101 similem.
1138 1047 1209 1100 Et
1250 1060 1319 1101 ne
1369 1046 1423 1100 id
1472 1061 1692 1114 parvum
1719 1054 1897 1115 putes,

311 1152 461 1207 smpe
490 1139 719 1208 aliquem
750 1146 1160 1207 praetereuntem
1190 1137 1513 1208 rogavimus,
1542 1145 1601 1191 ut
1633 1136 1901 1205 paulisper

308 1230 537 1299 gradum
574 1231 820 1293 sisteret,
849 1230 1237 1298 summissaque
1272 1244 1366 1283 sua
1403 1229 1517 1284 face
1546 1238 1781 1283 nostram
1812 1243 1904 1282 ac-

308 1323 586 1389 cenderet,
613 1334 703 1377 aut
725 1339 754 1377 a
780 1323 1053 1392 bajulante
1074 1338 1262 1393 aquam
1285 1323 1534 1393 petiimus
1550 1331 1611 1375 ut
1635 1322 1900 1375 modicum

312 1414 438 1467 inde
464 1414 646 1469 bibere
677 1414 864 1469 liceret
895 1432 908 1467 :
939 1431 1037 1469 nec
1064 1414 1115 1468 id
1145 1414 1323 1470 facere
1347 1414 1628 1478 sustinuit,
1659 1413 1753 1467 sed
1786 1412 1904 1465 tulit

311 1506 578 1575 graviter:
602 1505 717 1561 haec
745 1516 924 1560 autem
948 1520 1056 1560 non
1087 1506 1248 1561 modo
1277 1505 1541 1559 summisit
1561 1505 1608 1558 ei
1635 1504 1899 1574 hydriam,

312 1598 407 1651 sed
427 1597 644 1651 camelis
661 1598 820 1651 etiam
840 1598 1087 1652 omnibus
1100 1612 1288 1667 aquam
1308 1596 1483 1650 hausit
1498 1596 1713 1659 affatim,
1738 1595 1903 1648 labori

313 1705 420 1743 non
454 1706 700 1758 parcens,
726 1699 779 1743 et
800 1705 897 1744 suo
923 1705 1148 1759 corpore
1173 1690 1514 1760 hospitalitati
1538 1690 1759 1743 comiter
1780 1689 1904 1742 sub-

314 1782 554 1834 serviens
591 1798 602 1832 :
637 1796 741 1834 non
769 1782 914 1835 enim
945 1780 1139 1835 factum
1168 1780 1271 1836 hoc
1299 1782 1501 1849 solum,
1532 1797 1713 1835 verum
1739 1782 1901 1836 etiam

311 1871 565 1925 alacritas
608 1871 857 1939 adjuncta
884 1873 1131 1926 virtutem
1161 1873 1347 1941 puella:
1386 1873 1619 1938 indicat,
1643 1888 1762 1942 quae
1801 1873 1902 1926 ho-

310 1960 514 2014 minem
552 1961 786 2029 ignotum
824 1971 890 2016 et
918 1972 1029 2016 tum
1069 1964 1298 2032 primum
1333 1966 1503 2019 visum
1548 1974 1702 2019 vocat
1728 1965 1903 2018 domi-

309 2065 462 2103 num.
499 2052 559 2105 Et
601 2053 738 2106 sicut
766 2052 1104 2108 Abrahamus
1144 2054 1311 2124 ipsius
1342 2070 1495 2110 socer
1522 2065 1905 2125 praetereuntes

310 2158 421 2197 non
449 2143 761 2214 interrogat,
795 2147 1010 2214 quinam
1045 2146 1151 2200 sint
1187 2156 1240 2200 et
1275 2147 1499 2216 cujates,
1530 2162 1703 2218 quove
1729 2148 1907 2202 iteret

310 2233 455 2287 unde
496 2234 728 2301 faciant,
759 2236 856 2291 sed
903 2237 1218 2307 simpliciter
1261 2236 1607 2307 bospitalitati
1646 2239 1738 2293 dat
1770 2254 1905 2309 0pc-

308 2341 428 2379 ram
458 2342 472 2378 :
501 2326 571 2380 ita
596 2335 649 2381 et
674 2327 788 2382 haec
810 2342 915 2382 non
942 2329 1262 2394 sciscitatur,
1280 2328 1400 2399 quis
1429 2344 1490 2384 es
1511 2338 1565 2384 et
1591 2329 1733 2384 unde
1754 2330 1776 2384 ?
1797 2345 1903 2400 qua

308 2415 382 2471 de
411 2432 573 2472 causa
615 2419 809 2474 venis?
850 2420 945 2474 sed
989 2420 1361 2490 hospitalitatis
1384 2437 1514 2493 opes
1542 2437 1902 2493 congregans,

313 2532 421 2570 non
447 2519 533 2571 est
549 2512 755 2573 curiosa
776 2520 1111 2574 ceterorum.
1139 2514 1346 2574 Etenim
1374 2516 1651 2591 gemmarii
1679 2525 1730 2575 et
1754 2531 1908 2574 num-

312 2610 527 2664 mularii
568 2610 669 2665 hoc
708 2626 870 2666 unum
901 2620 1129 2680 curant,
1168 2622 1225 2666 ut
1268 2613 1471 2667 lucrum
1500 2613 1713 2682 capiant
1749 2628 1812 2668 ex
1843 2613 1907 2668 iis

313 2719 437 2757 cum
470 2705 661 2773 quibus
691 2705 1027 2774 negotiantur
1048 2747 1061 2771 ,
1101 2722 1284 2775 parum
1315 2706 1524 2759 solliciti
1558 2705 1743 2775 quales
1787 2714 1907 2757 tan-

313 2795 438 2849 dem
472 2795 549 2848 illi
578 2796 686 2849 sint
716 2814 728 2849 :
762 2797 841 2851 sic
867 2796 983 2852 haec
1009 2797 1181 2851 solum
1212 2796 1262 2851 id
1291 2798 1514 2867 quaerit,
1547 2806 1602 2851 ut
1628 2796 1907 2865 hospitali-

315 2887 442 2941 tatis
488 2887 716 2941 fructum
746 2888 951 2957 capiat,
980 2898 1144 2959 utque
1172 2887 1396 2943 solidam
1438 2888 1557 2957 ejus
1605 2888 1907 2943 mercedem

316 2979 602 3048 percipiat.
639 2979 781 3035 Bene
821 2980 1024 3034 sciebat
1063 2980 1327 3049 hospitem
1373 2980 1604 3034 maxime
1648 2964 1916 3033 verecuni

314 3072 444 3125 dum
466 3087 609 3137 esse,
638 3073 863 3143 ideoque
890 3088 1132 3143 magnam
1158 3073 1206 3128 ei
1228 3073 1533 3127 comitatem
1555 3073 1909 3127 exhibendam

313 3177 440 3217 esse
478 3172 532 3216 et
560 3163 876 3218 modestiam
916 3179 1024 3218 non
1048 3165 1315 3219 curiosam
1348 3182 1361 3218 :
1393 3163 1535 3234 quod
1563 3164 1608 3218 si
1642 3163 1708 3218 de
1751 3165 1910 3218 rebus

313 3254 435 3324 ejus
493 3267 866 3323 percontemur
930 3256 1253 3320 immodice,
1289 3256 1627 3326 tergiversari
1682 3271 1802 3309 eum
1857 3267 1913 3311 et

316 3347 582 3415 gravatim
612 3346 891 3401 accedere.
922 3347 1258 3417 Quapropter
1281 3362 1455 3416 neque
1481 3346 1597 3401 haec
1621 3362 1679 3401 se
1714 3348 1783 3400 ita
1820 3362 1912 3417 ge-

316 3438 393 3493 rit
431 3454 558 3507 erga
599 3439 742 3493 illum
765 3481 779 3507 ,
809 3455 981 3509 neque
1021 3440 1137 3509 ejus
1176 3456 1330 3494 socer
1354 3440 1621 3495 Abraham
1652 3456 1775 3511 erga
1816 3441 1914 3494 ho-

319 3531 523 3601 spites,
554 3548 622 3587 ne
655 3532 733 3587 sic
778 3533 1114 3589 venationem
1156 3548 1306 3588 suam
1331 3533 1626 3589 absterreat
1653 3550 1666 3586 :
1697 3534 1791 3589 sed
1816 3550 1912 3589 cu-

318 3624 453 3679 ratis
498 3626 930 3693 przetereuntium
975 3628 1289 3697 corporibus
1341 3637 1396 3682 et
1443 3626 1769 3697 obscquutus
1814 3644 1913 3682 suo

318 3716 525 3781 animo,
557 3718 634 3771 sic
662 3732 754 3771 eos
782 3718 1017 3772 dimittit.

300 3828 303 3833 ν
394 3808 449 3863 8.
496 3808 611 3863 Hoc
659 3819 815 3878 pacto
867 3810 1028 3864 etiam
1084 3811 1302 3880 angelos
1343 3811 1628 3881 aliquando
1670 3812 1911 3881 excepit,

318 3901 464 3954 circa
496 3916 630 3969 quos
660 3900 704 3954 si
726 3901 912 3957 fuisset
933 3901 1228 3965 curiosior,
1252 3917 1356 3957 non
1381 3918 1566 3972 parum
1596 3902 1914 3957 decessisset

322 3994 562 4047 mercedi
590 3994 704 4063 ejus
730 3994 922 4049 debita:
945 3994 1094 4068 (Gen.
1122 3996 1234 4063 18).
1266 3996 1607 4073 Admiramur
1626 3998 1766 4051 enim
1792 4013 1914 4051 eum

323 4102 432 4139 non
461 4085 605 4155 quod
633 4088 906 4156 exceperit
931 4088 1151 4157 angelos
1174 4130 1186 4151 ,
1218 4088 1312 4143 sed
1351 4089 1490 4159 quod
1531 4091 1772 4144 nesciens
1797 4105 1918 4145 esse

324 4177 581 4244 angelos,
610 4179 904 4247 exceperit.
938 4178 1048 4233 Nec
1087 4180 1226 4233 enim
1268 4180 1567 4234 mirandum
1609 4180 1653 4234 si
1686 4181 1918 4250 prudens

322 4282 390 4321 ac
433 4267 611 4321 sciens
668 4276 948 4324 tractasset
990 4285 1084 4325 cos
1126 4271 1385 4333 comiter.
1422 4287 1644 4340 quorum
1691 4272 1919 4342 dignitas

323 4358 671 4427 quantumvis
702 4360 934 4414 immane
977 4369 1161 4429 pectus
1188 4375 1250 4415 ac
1277 4377 1495 4415 saxeum
1518 4362 1584 4416 ad
1613 4362 1917 4417 humanita-

329 4460 438 4504 tem
464 4451 952 4521 benignitatemque
973 4462 1152 4522 posset
1177 4469 1368 4524 cogere
1398 4472 1412 4509 :
1439 4454 1532 4509 sed
1562 4455 1661 4510 hoc
1681 4463 1920 4510 meretur

325 4542 774 4609 admirationem,
808 4542 951 4613 quod
977 4546 1209 4599 viatores
1253 4546 1491 4615 vulgares
1523 4557 1669 4601 ratus
1715 4555 1918 4601 tantum

328 4633 558 4688 honoris
582 4635 659 4689 eis
683 4634 888 4690 habuit.
919 4636 1063 4691 Talis
1090 4646 1205 4691 erat
1233 4636 1346 4691 Inec
1374 4653 1585 4707 quoque
1608 4655 1621 4690 :
1649 4638 1923 4693 nesciebat

329 4724 607 4780 hominem
639 4727 879 4795 quisnam
912 4734 1075 4792 esset,
1102 4737 1193 4780 aut
1219 4742 1436 4782 curnam
1464 4728 1718 4796 venisset,
1749 4743 1923 4797 neque

330 4816 476 4885 quod
505 4817 884 4872 conciliaturus
911 4827 1054 4872 esset
1082 4818 1247 4887 ipsius
1276 4818 1517 4889 nuptias,
1544 4820 1637 4873 sed
1664 4821 1921 4875 viatorem

330 4924 502 4962 unum
530 4908 758 4979 aliquem
791 4909 1009 4979 putabat
1052 4918 1107 4964 et
1144 4909 1431 4979 hospitem.
1462 4909 1667 4965 Idcirco
1712 4910 1925 4966 uberior

331 5000 387 5054 ei
422 5000 799 5070 hospitalitatis
828 5016 1035 5055 merces
1063 5001 1354 5071 contingit,
1381 5000 1520 5071 quod
1548 5002 1719 5055 modis
1746 5003 1923 5055 omni-

332 5090 438 5145 bus
466 5094 701 5159 ignotum
734 5099 877 5145 tanta
906 5100 1227 5161 prosequuta
1255 5092 1324 5145 sit
1361 5092 1727 5147 benevolentia
1749 5134 1764 5159 ,
1807 5108 1924 5147 ser-

330 5191 465 5257 .vata
507 5184 716 5237 interim
744 5193 798 5238 et
836 5184 1117 5238 modestia.
1145 5184 1326 5253 Neque
1357 5185 1497 5237 enim
1529 5183 1729 5237 effrena
1759 5193 1925 5238 teme-

336 5274 532 5340 ritate,
577 5290 751 5343 neque
794 5274 899 5327 vim
942 5275 1174 5329 aﬂ‘ercns
1220 5285 1310 5329 aut
1346 5273 1796 5329 stomachabunda
1825 5274 1928 5329 hoc

339 5366 604 5429 faciebat,
632 5366 727 5421 sed
770 5380 889 5420 cum
926 5367 1122 5421 decoro
1163 5367 1233 5419 ita
1262 5375 1317 5419 ut
1346 5382 1441 5435 par
1469 5374 1605 5419 erat.
1644 5365 1755 5419 lloc
1785 5366 1925 5420 enim

340 5460 518 5528 ipsum
552 5458 724 5514 Moses
762 5459 1060 5513 subindicat
1107 5459 1190 5513 his
1232 5459 1407 5514 verbis
1434 5477 1447 5512 :
1478 5458 1578 5512 Ille
1606 5470 1773 5511 autem
1802 5475 1926 5512 con-

343 5548 685 5617 templabatur
720 5566 831 5603 eam
860 5551 1038 5603 tacitus
1058 5591 1074 5615 ,
1098 5551 1224 5603 scire
1247 5551 1416 5603 volens
1445 5559 1611 5603 utrum
1634 5566 1931 5619 prosperum

343 5641 442 5693 iter
480 5657 626 5693 suum
674 5642 869 5710 fecisset
900 5640 1144 5694 Dominus
1179 5639 1344 5711 (Gen.
1373 5640 1463 5694 24.
1496 5640 1611 5712 2|).
1636 5640 1775 5708 Quid
1813 5652 1929 5704 est,

345 5730 796 5801 Contemplabatur
811 5733 958 5787 eam?
975 5734 1039 5786 Et
1060 5731 1317 5795 habitum,
1336 5741 1388 5785 et
1408 5730 1694 5793 incessum,
1714 5740 1767 5784 et
1788 5744 1933 5799 aspe-

345 5833 516 5889 ctum,
540 5836 595 5881 ct
620 5827 800 5890 verba,
825 5824 1001 5880 omnia
1023 5824 1248 5893 denique
1270 5823 1550 5898 diligenter
1570 5822 1927 5887 examinabat,

1281 383 1558 455 QUALES
1594 381 1939 440 DUC‘ENDIE
1978 379 2131 437 SINT
2172 380 2465 437 UXORES.
2508 382 2595 438 ΙΙΙ.

3486 387 3591 444 238

2010 509 2077 550 ex
2124 496 2363 565 corporis
2405 496 2644 566 gestibus
2693 496 3056 554 habitudinem
3107 500 3271 556 animi
3315 500 3591 572 colligens.

2007 586 2116 642 Nec
2143 586 2226 642 his
2264 596 2576 656 contentus,
2622 590 2846 644 alterum
2891 592 3315 661 experimentum
3350 594 3588 650 adhibet.

2006 680 2243 749 Accepto
2281 681 2425 734 enim
2469 681 2537 735 ab
2571 696 2633 736 ea
2672 692 2800 753 potu
2847 698 2953 738 non
2984 685 3225 751 destitit,
3258 686 3350 741 sed
3402 703 3593 758 rogare

2008 770 2176 839 pergit
2200 787 2211 822 :
2242 768 2399 841 Cujus
2427 788 2479 826 es
2500 772 2641 841 ﬁlia,
2681 774 2851 826 indica
2880 775 3005 828 mihi
3031 791 3050 829 :
3076 785 3213 829 estne
3239 778 3292 830 in
3323 778 3471 832 demo
3499 796 3594 848 pa-

2007 863 2096 915 tris
2120 863 2191 915 tui
2211 862 2354 917 locus
2381 881 2478 932 quo
2510 865 2699 934 possim
2727 864 2971 920 divertere
3005 867 3159 938 (Gen.
3181 868 3271 923 24.
3298 868 3431 940 25)?
3456 869 3592 937 Quid

2006 953 2095 1008 illa
2120 954 2187 1009 ad
2217 955 2371 1010 hzec?
2395 956 2662 1012 Patienter
2687 973 2751 1013 ac
2779 970 3055 1014 mansuete
3081 976 3236 1015 suum
3267 970 3471 1032 patrem
3508 964 3592 1018 in-

2005 1044 2170 1099 dicat.
2202 1046 2316 1100 Non
2348 1046 2481 1101 dixit
2510 1047 2904 1117 indignabunda
2933 1068 2945 1103 :
2979 1050 3055 1104 Tu
3092 1066 3219 1105 vero
3245 1053 3364 1121 quis
3397 1068 3456 1108 es
3484 1063 3591 1107 tam

2005 1141 2248 1193 curiosus
2289 1150 2629 1208 percontator
2671 1141 2830 1195 etiam
2870 1142 2937 1197 de
2978 1144 3177 1197 nostris
3204 1144 3445 1211 aedibus;
3497 1146 3593 1200 sed

2005 1228 2130 1299 quid
2153 1230 2172 1281 ?
2200 1229 2339 1283 Filia
2364 1248 2475 1285 sum
2501 1231 2758 1286 Bal/melis
2784 1234 2879 1302 ﬁlii
2915 1232 3147 1294 Melclue,
3177 1253 3323 1305 quem
3361 1235 3593 1290 Nnc/tori

2007 1322 2218 1392 peperit.
2256 1321 2535 1377 Palearum
2574 1340 2770 1395 quoque
2793 1334 2837 1377 et
2864 1326 2983 1397 [teni
3012 1327 3150 1396 apud
3187 1344 3278 1380 nos
3304 1336 3374 1381 est
3415 1328 3591 1398 copia,

2006 1423 2053 1467 et
2096 1415 2237 1468 iocus
2274 1415 2342 1468 ad
2384 1416 2730 1470 diuertendum
2763 1416 2886 1487 (Ib.
2917 1434 2967 1471 υ.
3010 1418 3102 1472 24.
3130 1418 3243 1489 25).
3274 1419 3423 1473 Sicut
3471 1427 3594 1473 ante

2006 1522 2196 1577 aquam
2239 1508 2437 1576 petenti
2468 1508 2745 1578 plusquam
2773 1519 3016 1579 posceret
3053 1510 3243 1564 obtulit
3274 1527 3287 1564 :
3321 1526 3440 1563 nam
3468 1526 3591 1565 cum

2009 1600 2098 1653 ille
2125 1609 2305 1666 potum
2334 1601 2433 1655 sibi
2456 1602 2554 1655 soli
2586 1601 2845 1671 petiisset,
2877 1603 3036 1657 etiam
3062 1603 3278 1657 camelis
3307 1617 3365 1656 se
3396 1601 3594 1671 praebi—

2010 1702 2180 1746 turam
2212 1702 2293 1747 est
2333 1694 2568 1764 pollicita
2590 1736 2603 1757 ,
2631 1703 2686 1749 et
2713 1696 2891 1765 utique
2918 1696 3141 1765 praebuit
3169 1714 3183 1749 :
3214 1696 3291 1750 sic
3316 1697 3475 1749 etiam
3507 1695 3594 1751 hic

2007 1784 2297 1852 requirenti
2320 1785 2684 1840 tantummodo
2703 1785 3071 1851 diversorium,
3098 1787 3314 1856 insuper
3336 1786 3404 1841 de
3429 1788 3594 1856 paleis

2007 1889 2070 1928 ac
2097 1873 2240 1929 ἴα)ηο
2278 1875 2567 1945 prospicit,
2601 1875 2773 1945 deque
2808 1877 2927 1931 aliis
2960 1878 3175 1941 multis,
3205 1878 3445 1933 alliciens
3471 1893 3592 1933 eum

2008 1963 2092 2018 his
2117 1965 2388 2032 omnibus,
2412 1974 2470 2020 et
2506 1964 2723 2020 domum
2755 1966 3071 2035 pertrahens
3096 2009 3110 2032 ,
3140 1976 3195 2021 ut
3223 1968 3595 2037 hospitalitatis

2008 2054 2235 2110 fructum
2264 2066 2318 2111 et
2346 2057 2646 2112 mercedem
2674 2058 2865 2127 capiat.
2898 2058 3020 2113 llaec
3047 2069 3223 2113 autem
3264 2074 3368 2113 non
3397 2060 3592 2122 obiter,

2009 2162 2181 2218 neque
2218 2148 2548 2217 negligenter
2568 2149 2865 2214 audiamus,
2898 2148 2992 2204 sed
3032 2151 3391 2220 nosmetipsos
3417 2153 3597 2206 consi-

2008 2237 2291 2303 derantes,
2321 2238 2389 2293 ad
2431 2238 2535 2294 hoc
2575 2240 2877 2310 exemplum
2918 2239 3257 2295 conferamus
3288 2259 3302 2296 :
3335 2242 3413 2296 sic
3450 2242 3593 2295 enim

2009 2331 2368 2401 intelligemus
2387 2333 2639 2388 virtutem
2666 2332 2822 2402 hujus
2844 2333 3076 2388 feminas.
3103 2333 3478 2402 Smpenumero
3499 2349 3595 2387 no-

2010 2430 2093 2476 tos
2129 2422 2335 2491 aliquos
2375 2432 2430 2478 et
2456 2424 2785 2479 necessarios
2814 2424 3139 2494 excipientes
3166 2440 3305 2494 aegre
3334 2422 3554 2479 ferimus
3575 2464 3592 2489 ,

2009 2526 2062 2576 et
2085 2532 2387 2590 gravamur,
2418 2520 2460 2574 si
2493 2535 2655 2574 unum
2698 2528 2789 2574 aut
2827 2520 3053 2574 alterum
3099 2519 3239 2574 diem
3280 2520 3594 2573 commorati

2009 2611 2213 2667 fuerint
2237 2629 2253 2678 ;
2287 2611 2401 2667 Ι]ωο
2429 2620 2607 2667 autem
2634 2613 2871 2683 ignotum
2894 2620 2948 2666 et
2968 2611 3231 2680 hospitem
3264 2625 3452 2681 magna
3480 2610 3596 2663 ala-

2010 2707 2200 2761 critate
2229 2705 2444 2760 domum
2498 2704 2791 2775 pertraxit,
2838 2703 3138 2774 praesertim
3178 2716 3299 2755 cum
3343 2717 3450 2755 non
3496 2700 3596 2770 ipsi

2011 2799 2111 2853 soli
2135 2841 2150 2867 ,
2173 2798 2268 2854 sed
2300 2806 2377 2853 tot
2400 2796 2621 2852 camelis
2648 2796 2806 2851 etiam
2828 2794 3043 2849 offerret
3070 2808 3249 2847 curam
3276 2800 3330 2847 et
3355 2792 3598 2845 ministe-

2011 2892 2170 2946 rium.
2198 2891 2482 2960 Postquam
2527 2897 2705 2944 autem
2760 2887 3114 2956 introgressus
3161 2895 3244 2940 est
3287 2883 3596 2952 hospitium,

2006 2982 2116 3053 jam
2140 2983 2305 3053 magis
2333 2981 2611 3036 considera
2638 2979 2775 3035 servi
2800 2977 3153 3048 prudentiam.
3178 2976 3431 3045 Apposita
3455 2975 3596 3027 enim

2012 3090 2194 3130 mensa
2216 3116 2229 3140 ,
2258 3074 2445 3144 inquit,
2476 3072 2598 3127 Non
2632 3072 2773 3139 prius
2801 3070 2965 3123 cibum
2997 3068 3195 3138 capiam
3229 3083 3380 3133 quam
3423 3066 3603 3135 loquar

2012 3168 2159 3223 verba
2180 3184 2293 3222 mea
2319 3166 2470 3236 (Gen.
2502 3165 2593 3219 24.
2618 3165 2733 3235 35).
2761 3162 2897 3219 Vide
2922 3177 3080 3233 quam
3114 3159 3337 3229 vigilans
3361 3158 3518 3213 fuerit
3546 3166 3601 3212 et

2013 3259 2223 3314 sobrius
2239 3258 2262 3311 ἲ

2087 3348 2365 3402 Abraltanu’
2389 3348 2626 3419 potentia.
2656 3345 2782 3401 Cum
2815 3355 3007 3415 quanta
3048 3343 3295 3413 sapientia
3334 3358 3367 3395 a
3407 3340 3603 3411 famulo

2015 3441 2265 3494 laudetur.
2318 3438 2425 3493 Deo
2472 3438 2675 3505 auspice
2712 3452 2824 3503 qua:
2866 3437 2998 3505 ﬁunt
3037 3436 3157 3489 bene
3198 3433 3490 3487 succedunt.
3528 3461 3603 3472 --

2018 3531 2218 3588 Deinde
2249 3540 2528 3602 postquam
2559 3529 2874 3599 permissum
2901 3536 2983 3583 est
3006 3526 3057 3581 ei
3080 3526 3259 3581 dicere
3283 3568 3298 3591 ,
3326 3525 3598 3580 videamus

2015 3623 2282 3693 quomodo
2308 3623 2423 3676 illos
2445 3621 2749 3691 alloquitur.
2767 3619 2902 3674 Num
2928 3620 3027 3673 ista
3045 3618 3203 3673 verba
3229 3616 3293 3670 ad
3315 3631 3409 3672 eos
3433 3615 3599 3673 dixit:

2017 3715 2212 3769 llerum
2240 3729 2299 3768 se
2322 3712 2520 3768 habere
2546 3712 2805 3767 illustrem
2832 3720 2885 3766 et
2912 3709 3266 3780 splendidum,
3287 3707 3600 3763 honoratum

2018 3807 2085 3862 ab
2110 3807 2377 3871 omnibus,
2404 3806 2576 3859 virum
2602 3818 2808 3873 magna:
2833 3803 3162 3856 auctoritatis
3187 3801 3324 3870 apud
3350 3802 3493 3856 cives
3514 3817 3603 3855 re-

2018 3898 2191 3968 gionis
2216 3938 2230 3962 ,
2262 3896 2314 3950 in
2340 3912 2444 3967 qua
2472 3907 2581 3950 tum
2611 3895 2866 3965 degeret?
2893 3893 3127 3948 Tametsi
3159 3902 3397 3962 poterat,
3429 3895 3474 3947 si
3505 3908 3603 3947 vo-

2024 3992 2214 4046 luisset
2234 4033 2249 4057 ,
2282 3992 2398 4045 hmc
2422 4005 2548 4045 vere
2572 3989 2751 4043 dicere
2779 4004 2792 4040 :
2825 3987 3022 4041 etenim
3049 3995 3311 4055 tamquam
3342 4000 3429 4040 res
3454 3984 3604 4040 cole-

2021 4086 2176 4139 batur
2203 4083 2268 4136 ab
2293 4082 2409 4151 ejus
2434 4081 2664 4135 nationis
2694 4079 3014 4133 hominibus.
3058 4077 3305 4133 Attamen
3343 4077 3473 4131 nihil
3504 4078 3606 4132 ho-

2021 4194 2136 4232 rum
2165 4177 2337 4240 dixit,
2369 4176 2463 4229 sed
2492 4174 2704 4228 omissis
2733 4174 2867 4237 istis,
2894 4188 3015 4242 quze
3043 4169 3181 4239 apud
3215 4171 3457 4224 homines
3482 4178 3608 4225 sunt

2022 4272 2074 4325 in
2101 4270 2289 4340 pretio,
2314 4284 2340 4321 a
2365 4269 2545 4323 divino
2572 4282 2691 4321 eum
2723 4266 2901 4319 favore
2926 4263 3265 4318 commendat
3290 4263 3373 4318 his
3396 4262 3605 4318 verbis:

2025 4360 2137 4432 Ego
2166 4358 2389 4415 Abrahae
2425 4375 2616 4414 servus.
2660 4356 2907 4411 Dominus
2954 4356 3205 4409 benedixit
3250 4354 3454 4408 domino
3499 4370 3609 4407 meo

2024 4452 2189 4518 valde,
2216 4450 2559 4520 exaltatusque
2586 4457 2676 4512 est,
2706 4456 2753 4501 et
2781 4447 2917 4501 dedit
2943 4447 2988 4499 ei
3017 4463 3130 4500 oves
3160 4455 3205 4499 et
3234 4445 3399 4509 boves,
3427 4461 3612 4514 argen—

2025 4554 2127 4597 tum
2151 4551 2196 4596 et
2224 4558 2404 4594 aurum
2437 4539 2596 4609 (Gen.
2623 4540 2712 4593 24.
2739 4538 2825 4593 54.
2857 4538 2925 4591 55
2948 4538 2988 4607 ).
3021 4537 3238 4591 Divitias
3264 4536 3379 4605 ejus
3407 4550 3612 4590 memo-

2026 4642 2145 4697 rat,
2173 4647 2280 4686 non
2305 4642 2362 4685 ut
2389 4629 2697 4700 Opulentum
2723 4669 2738 4695 ,
2768 4627 2862 4682 sed
2901 4635 2959 4681 ut
2995 4626 3138 4695 pium
3169 4640 3289 4679 esse
3316 4623 3568 4678 ostendat
3590 4663 3606 4687 ,

2029 4727 2131 4780 hoc
2155 4723 2368 4777 nomine
2393 4720 2615 4775 laudans
2643 4719 2786 4790 quod
2815 4734 2842 4772 a
2888 4719 2998 4773 Deo
3025 4717 3139 4770 haec
3167 4715 3472 4785 acceperit,
3503 4729 3613 4769 non

2027 4815 2170 4885 quod
2198 4823 2460 4868 tantarum
2491 4825 2670 4866 rerum
2712 4810 2783 4864 sit
2819 4808 3092 4863 dominus.
3136 4807 3335 4862 Deinde
3380 4806 3613 4874 loquitur

2028 4908 2094 4962 de
2120 4920 2319 4976 sponso
2346 4921 2360 4957 :
2390 4903 2457 4957 Et
2480 4901 2670 4972 peperit
2710 4900 2890 4964 Sarra,
2924 4915 3053 4952 uxor
3078 4898 3267 4951 domini
3297 4896 3426 4962 mei,
3452 4896 3616 4963 [ilium

2030 4999 2231 5054 domino
2259 5013 2366 5050 meo
2383 4998 2495 5066 jam
2522 4995 2628 5048 seni
2654 4992 2807 5062 (Gen.
2837 4992 2926 5046 24.
2956 4991 3070 5060 56).
3100 4990 3193 5046 Hic
3218 4999 3271 5045 et
3298 5000 3479 5057 partus
3508 5002 3617 5041 mo-

2031 5094 2154 5148 dum
2185 5089 2503 5153 subindicat,
2535 5087 2733 5142 docens
2758 5084 2899 5155 quod
2924 5092 2976 5138 et
3008 5093 3188 5151 partus
3211 5082 3257 5134 ei
3285 5082 3460 5134 divina
3492 5095 3621 5145 pro-

2032 5182 2263 5239 videntia
2294 5193 2581 5235 concessus
2621 5178 2728 5243 sit,
2770 5190 2877 5229 non
2914 5184 3116 5227 naturae
3154 5171 3361 5225 ordine.
3390 5171 3529 5236 Ergo
3565 5177 3620 5220 tu

2033 5288 2243 5345 quoque
2271 5271 2384 5326 sive
2418 5284 2694 5339 sponsum,
2723 5267 2835 5321 sive
2860 5280 3108 5333 sponsam
3139 5276 3368 5333 quaeras,
3402 5261 3505 5314 hoc
3531 5259 3615 5311 in-

2033 5366 2183 5435 quire
2223 5372 2346 5416 ante
2393 5360 2611 5427 omnia,
2650 5359 2789 5416 sitne
2831 5356 3033 5410 amicus
3078 5354 3224 5417 Deo,
3280 5368 3350 5435 an
3396 5350 3615 5435 multam

2035 5432 2246 5503 sursum
2277 5445 2517 5499 obtineat
2542 5441 2987 5497 benevolentiam.
3021 5436 3076 5491 Si
3108 5437 3247 5489 enim
3278 5434 3391 5487 haec
3420 5432 3615 5493 adsint,

2035 5547 2422 5609 consequenter
2459 5546 2513 5591 et
2548 5535 2651 5589 alia
2680 5551 2693 5586 :
2723 5534 2804 5588 sin
2843 5542 3017 5586 autem
3057 5529 3263 5591 desint,
3294 5524 3499 5580 etiamsi
3533 5540 3620 5577 res

2040 5632 2306 5687 familiaris
2333 5628 2542 5683 abunde
2570 5631 2844 5696 suppetat,
2872 5622 3006 5677 nihil
3039 5620 3292 5690 proderit.
3326 5616 3525 5670 Deinde
3553 5631 3619 5670 ne

2038 5727 2217 5782 audiat
2237 5726 2303 5780 ab
2327 5724 2424 5785 eis,
2453 5721 2561 5777 Cur
2588 5721 2747 5791 igitur
2770 5717 2966 5772 nullam
2998 5713 3296 5782 indigenam
3321 5711 3372 5762 in
3398 5723 3614 5763 uxorem

2043 5820 2275 5892 accipit?
2308 5816 2570 5885 Adjuravit
2601 5829 2678 5868 me
2701 5856 2714 5880 ,
2745 5811 2952 5882 inquit,
2981 5805 3211 5862 dominus
3246 5821 3388 5861 nteus
3416 5804 3615 5863 dicens,
