3990 6358
374 369 505 429 Ἓόξ)

405 489 525 546 Non
548 489 764 560 accipies
785 503 989 543 uaorcm
1010 489 1118 556 [ilio
1140 505 1249 543 meo
1269 505 1332 544 ex
1350 490 1552 559 ﬁliabus
1568 491 1995 560 (Ilimmmrorum,

397 583 490 638 sed
514 583 581 637 nd
605 582 810 637 domum
836 581 994 648 patris
1019 599 1112 636 me:
1146 585 1484 652 proﬁcisceris
1508 627 1521 649 ,
1555 596 1600 638 et
1626 587 1690 640 de
1723 589 1856 641 tribu
1887 605 1996 641 mea

395 675 613 744 accipies
639 690 849 727 uxorem
880 674 988 742 [ilio
1011 691 1122 728 meo
1152 675 1302 745 (Gen.
1322 675 1412 731 ‘25.
1436 677 1523 730 57.
1556 678 1669 746 58).
1689 679 1796 733 Sed
1816 696 1882 734 ne
1911 690 1993 733 to-

404 776 510 819 tam
551 765 830 820 historiam
875 767 926 819 in
973 766 1206 820 medium
1243 767 1527 823 afferentes
1568 770 1777 824 molesti
1809 771 1993 825 videa-

395 872 534 920 mur,
567 855 633 910 ad
657 856 814 910 linem
849 867 1205 912 transeamus.
1229 856 1362 914 Cum
1383 860 1526 913 enim
1555 861 1841 925 retulisset,
1864 878 1994 930 quo-

396 951 560 1005 modo
600 951 666 1006 ad
707 953 903 1006 fontem
947 952 1250 1015 adstiterit,
1294 954 1419 1022 quid
1449 969 1479 1007 a
1521 955 1690 1024 puella
1732 956 1990 1024 petierit,

394 1042 665 1111 quomodo
704 1043 792 1098 illa
837 1045 955 1114 plus
996 1059 1153 1114 quam
1187 1046 1408 1115 petitum
1435 1055 1578 1100 esset
1604 1045 1832 1112 dederit,
1858 1061 1994 1116 quo-

397 1135 560 1190 modo
585 1136 727 1190 Deus
758 1136 1023 1190 mediator
1049 1137 1225 1203 fuerit,
1252 1151 1483 1208 cumque
1507 1137 1686 1192 omnia
1712 1137 1996 1208 diligenter

399 1226 718 1291 nuntiasset,
751 1227 1018 1282 sermonis
1047 1226 1204 1284 ﬁnem
1238 1228 1378 1282 feeit.
1409 1228 1502 1283 llis
1527 1229 1776 1284 omnibus
1800 1229 1995 1284 auditis

395 1319 473 1374 illi
519 1335 626 1375 non
671 1321 903 1390 amplius
948 1319 1374 1386 dubitaverunt,
1425 1337 1597 1394 neque
1647 1321 1996 1392 neglexerunt

396 1425 533 1478 rem,
566 1411 658 1466 sed
697 1411 849 1480 quasi
875 1411 1133 1468 divinitus
1163 1411 1430 1480 instincti,
1465 1415 1581 1468 sine
1610 1428 1756 1468 mora
1787 1412 1835 1468 ei
1868 1429 1992 1483 pro-

399 1504 664 1558 miserunt
699 1505 882 1560 ﬁliam.
926 1505 1441 1577 Respondentesque
1473 1506 1652 1561 Laban
1681 1515 1732 1564 et
1772 1506 1994 1562 Bathuel

397 1596 646 1651 dixerunt
678 1614 691 1651 :
727 1595 1033 1651 Mandatum
1070 1597 1166 1652 hoc
1203 1614 1457 1668 egressum
1498 1609 1569 1651 est
1613 1615 1646 1652 a
1684 1596 1794 1652 Deo
1821 1615 1840 1654 :
1869 1597 1995 1653 Ideo

399 1703 499 1741 non
534 1704 801 1758 possumus
843 1699 943 1743 tute
987 1689 1313 1759 postulationi
1359 1689 1718 1744 contradicere.
1764 1688 1847 1743 En
1888 1689 1993 1744 Re-

397 1779 544 1831 becca
563 1820 579 1845 ,
607 1778 729 1832 tolle
749 1796 860 1834 eam
883 1789 930 1834 et
961 1797 1198 1851 propera,
1229 1790 1277 1835 et
1305 1781 1369 1838 sit
1399 1797 1530 1836 uxor
1554 1781 1747 1835 domini
1774 1782 1868 1848 tui,
1899 1783 1996 1836 sic-

398 1877 454 1920 ut
487 1869 719 1939 loquutus
744 1881 816 1924 est
863 1869 1109 1926 Dominus
1142 1869 1308 1944 (Gen.
1336 1872 1427 1928 24.
1457 1871 1546 1928 50.
1574 1871 1635 1928 51
1731 1871 1861 1941 Quis
1889 1890 1992 1926 utin

397 1962 837 2033 obstupesceret?
862 1965 982 2035 quis
1006 1979 1111 2020 non
1140 1964 1518 2033 admiraretur,
1546 1975 1743 2037 quanta
1772 1967 1996 2038 impedi-

401 2064 580 2109 menta
612 2055 758 2110 brevi
789 2057 1048 2126 temporis
1070 2066 1344 2113 momento
1370 2059 1578 2114 sublata
1602 2059 1754 2114 sint?
1782 2060 1992 2114 Etenim

399 2147 483 2202 vel
509 2149 650 2219 quod
673 2150 870 2220 hospes
889 2159 1026 2218 erat,
1051 2150 1136 2206 vel
1162 2151 1302 2220 quod
1333 2165 1540 2218 servus,
1568 2153 1652 2207 vel
1678 2152 1818 2222 quod
1846 2154 1996 2224 igno-

402 2249 490 2294 tus
513 2281 528 2306 ,
556 2239 640 2294 vel
671 2241 813 2310 quod
843 2241 1060 2312 longum
1089 2250 1236 2297 esset
1262 2241 1470 2297 itineris
1500 2243 1834 2298 intervallum
1861 2285 1876 2309 ,
1910 2245 1993 2300 vel

399 2329 541 2402 quod
571 2345 670 2386 nec
700 2347 876 2397 socer,
910 2347 1009 2388 nec
1040 2346 1269 2404 sponsus
1293 2374 1309 2400 ,
1350 2349 1523 2405 neque
1551 2335 1686 2390 alius
1711 2351 1775 2390 ex
1807 2351 1992 2392 eorum

400 2424 721 2480 necessariis
763 2436 919 2480 notus
960 2435 1077 2480 erat
1100 2468 1115 2494 ,
1145 2426 1334 2482 horum
1365 2429 1789 2500 unumquodque
1817 2445 1910 2500 per
1935 2445 1995 2486 se

397 2515 530 2569 satis
549 2527 665 2570 erat
686 2516 1074 2587 impedimenti,
1098 2519 1383 2588 quominus
1405 2519 1508 2575 hoc
1530 2520 1851 2575 connubium
1875 2536 1996 2576 suc-

401 2604 622 2660 cederet
657 2623 670 2660 :
703 2617 937 2663 attamen
965 2608 1080 2665 lucc
1106 2611 1353 2666 universa
1384 2609 1560 2667 facilia
1587 2622 1712 2667 sunt
1742 2612 1949 2668 reddita
1973 2654 1988 2680 ,

397 2706 452 2750 et
483 2696 622 2752 haud
653 2714 808 2756 secus
833 2717 992 2772 quam
1023 2703 1068 2758 si
1100 2712 1257 2758 notus
1288 2713 1453 2768 esset,
1482 2703 1852 2777 babitaretque
1873 2721 1996 2776 pro—
2039 2767 2054 2786 ι

2102 2797 2397 2852 videntiam
2443 2794 2762 2866 patriarcha:
2807 2791 3111 2857 imitamini,
3166 2806 3271 2862 qua
3331 2805 3459 2845 usus
3506 2800 3589 2844 est
3639 2790 3694 2844 in

400 2803 466 2856 pe
489 2830 502 2854 ,
533 2800 589 2845 et
617 2799 780 2846 totam
811 2802 1024 2850 aetatem
1054 2810 1176 2849 cum
1208 2796 1286 2851 eis
1315 2805 1557 2853 versatus
1586 2796 1815 2867 fuisset,
1841 2815 1992 2854 com-

395 2881 660 2937 miserunt
684 2897 938 2954 Sponsam
961 2886 1078 2955 ejus
1108 2887 1262 2953 ﬁdei,
1290 2887 1391 2943 hac
1419 2887 1489 2944 de
1516 2905 1698 2956 causa,
1728 2891 1868 2962 quod
1899 2907 1989 2947 au-

401 2975 549 3043 spice
583 2975 692 3030 Deo
721 2992 809 3032 res
837 2980 1112 3049 agebatur.
1138 2979 1284 3036 Sicut
1309 2982 1452 3036 enim
1481 2983 1527 3037 si
1557 2983 1683 3053 quid
1710 2998 1776 3039 eo
1804 2999 1992 3054 parum

397 3066 612 3122 favente
639 3070 1033 3140 aggrediamur,
1057 3074 1263 3128 etiamsi
1282 3075 1460 3130 omnia
1480 3079 1587 3130 sint
1611 3076 1764 3146 plana
1791 3085 1846 3132 et
1867 3075 1995 3133 faci-

403 3159 469 3214 lia
494 3203 508 3226 ,
543 3165 825 3233 voragines
851 3174 906 3220 et
933 3166 1174 3222 salebras
1199 3175 1255 3222 et
1281 3167 1588 3224 innumeras
1617 3169 1992 3228 frustrationes

397 3249 574 3307 obiter
595 3252 918 3310 offendimus
952 3273 966 3310 :
994 3256 1073 3312 sic
1097 3257 1287 3312 eodem
1315 3271 1578 3328 prresente
1603 3269 1657 3315 et
1685 3259 1991 3330 adjuvante,

397 3339 522 3395 licet
545 3343 722 3398 omnia
751 3359 870 3414 qua:
900 3344 1156 3402 habemus
1182 3361 1292 3417 prre
1323 3350 1564 3404 manibus
1584 3390 1601 3418 ,
1630 3349 1737 3404 sint
1764 3349 1994 3421 impedi-

397 3431 601 3487 tissima
622 3476 634 3498 ,
668 3436 823 3504 plana
854 3437 986 3492 ﬁunt
1012 3448 1067 3492 et
1105 3437 1302 3494 facilia.
1339 3441 1480 3496 Nihil
1521 3443 1680 3512 igitur
1709 3443 1794 3499 vel
1823 3444 1992 3500 facia-

399 3539 542 3588 mus,
571 3527 651 3580 vel
681 3527 920 3583 dicamus
939 3571 952 3595 ,
983 3531 1083 3585 nisi
1114 3531 1358 3588 invocato
1383 3533 1632 3601 Numine,
1661 3544 1718 3590 ut
1748 3553 1834 3592 res
1858 3552 1993 3608 quas

401 3623 691 3672 tractamus
717 3619 911 3690 dirigat
929 3662 944 3686 ,
975 3632 1031 3676 ut
1056 3623 1146 3678 ille
1173 3622 1318 3678 fecit.

469 3708 524 3762 9.
564 3709 719 3765 Nunc
779 3708 1075 3780 videamus,
1126 3725 1407 3787 postquam
1452 3734 1572 3774 eam
1613 3722 1841 3790 accepit,
1885 3737 1992 3792 quo

398 3809 556 3869 pacto
589 3803 814 3859 adornet
847 3807 1076 3874 nuptias.
1121 3807 1255 3863 Num
1290 3811 1551 3881 cymbala,
1595 3812 1820 3880 ﬁstulas,
1862 3815 1993 3869 cho-

398 3907 540 3961 reas,
575 3902 845 3966 tympana,
877 3897 1033 3951 tibias
1076 3914 1257 3954 secum
1295 3903 1474 3966 traxit,
1518 3904 1856 3975 reliquasque
1898 3919 1994 3976 ap-

400 3994 617 4054 paratus
643 3988 892 4056 species?
915 3989 1054 4044 Nihil
1085 3990 1296 4058 horum,
1334 3993 1428 4048 sed
1461 3995 1544 4049 illa
1575 3996 1686 4050 sola
1718 4006 1990 4066 assumpta

397 4076 544 4143 abiit,
580 4077 878 4136 deducente
917 4091 969 4136 et
1007 4084 1297 4137 comitante
1343 4087 1554 4156 angelo.
1599 4104 1759 4158 quem
1807 4089 1988 4156 herus,

396 4164 524 4222 dum
578 4168 831 4224 famulum
872 4186 904 4226 e
934 4171 1097 4228 domo
1131 4173 1444 4242 dimitteret,
1488 4192 1591 4230 una
1638 4178 1775 4233 mitti
1823 4195 1854 4234 a
1883 4181 1992 4235 Deo

396 4263 618 4333 supplex
672 4265 1069 4334 impetraverat.
1117 4268 1290 4338 Atque
1328 4269 1400 4324 ita
1444 4268 1739 4326 ducebatur
1790 4285 1989 4340 sponsa

397 4353 559 4408 nullis
588 4353 730 4409 tibiis
757 4365 811 4410 et
834 4356 1051 4412 citharis
1076 4358 1462 4424 occinentibus,
1511 4360 1606 4417 sed
1636 4362 1930 4418 innumeris
1959 4380 1990 4419 a

398 4445 512 4500 Deo
537 4454 900 4514 caputornata
932 4447 1414 4516 benedictionibus,
1459 4455 1573 4507 vice
1612 4468 1828 4509 corona:
1867 4470 1991 4524 pre-

397 4535 633 4590 tiosioris
663 4538 850 4605 quovis
879 4537 1199 4595 diademate.
1234 4541 1536 4597 Ducebatur
1556 4552 1734 4599 autem
1765 4561 1870 4600 non
1889 4562 1988 4602 au-

394 4629 525 4683 ratis
563 4629 755 4683 amicta
789 4631 1046 4699 vestibus,
1077 4633 1168 4687 sed
1210 4645 1396 4688 ornata
1436 4637 1720 4703 modestia,
1769 4640 1986 4708 pietate,

397 4719 1100 4792 hospitalitate,ca‘terisque
1111 4724 1392 4779 virtutibus
1404 4727 1670 4783 omnibus.
1690 4729 1990 4786 Ducebatur

392 4829 504 4867 non
531 4813 582 4868 in
609 4824 864 4884 carpento
899 4824 1192 4882 camerato,
1213 4827 1302 4871 aut
1329 4827 1582 4889 apparatu
1605 4819 1783 4889 aliquo
1803 4821 1985 4888 simili,

392 4903 488 4957 sed
544 4905 752 4959 camelo
802 4904 1059 4959 insidens.
1107 4905 1238 4961 Nam
1285 4916 1480 4976 przcter
1519 4909 1743 4964 virtutes
1798 4913 1982 4978 animi,

395 4995 558 5048 etiam
590 5010 812 5065 corpora
853 4997 1118 5067 virginum
1149 4998 1277 5051 olim
1308 4999 1507 5066 optima
1535 5000 1752 5055 fuerunt
1781 5003 1985 5058 habituv

391 5087 539 5137 dine.
572 5084 690 5139 Non
731 5087 872 5140 enim
923 5089 1001 5143 sic
1026 5087 1392 5144 educabantur
1430 5105 1458 5142 a
1489 5092 1766 5159 matribus,
1817 5103 1875 5148 ut
1917 5094 1976 5149 fit

395 5177 578 5241 hodie,
609 5179 796 5233 crebra
824 5179 963 5235 inter
991 5193 1261 5252 unguenta
1287 5190 1342 5238 et
1367 5182 1576 5249 balnea,
1610 5183 1786 5240 fucum
1817 5195 1873 5241 et
1905 5188 1982 5257 pi-

395 5276 634 5336 gmenta,
665 5268 720 5322 in
747 5269 994 5326 mollibus
1022 5273 1366 5340 indumentis,
1397 5275 1622 5345 aliisque
1650 5279 1984 5348 corruptela—

401 5376 519 5413 rum
563 5360 738 5416 modis
787 5360 1121 5431 innumeris,
1165 5367 1358 5436 quibus
1381 5368 1509 5422 ﬁant
1532 5367 1804 5440 plusquam
1829 5371 1985 5426 decet

399 5449 681 5505 mollicula;
734 5467 747 5503 :
810 5451 903 5505 sed
958 5454 1129 5508 modis
1174 5457 1422 5511 omnibus
1469 5457 1599 5512 dura
1644 5469 1754 5512 erat
1800 5476 1982 5516 earnm

399 5539 664 5596 educatio.
715 5541 1075 5608 Quamobrem
1129 5555 1182 5599 et
1231 5549 1471 5617 corporis
1517 5549 1691 5602 nativa
1724 5550 1986 5606 ﬂorebant

404 5629 834 5700 pulchritudine,
875 5634 1034 5688 nullis
1076 5635 1270 5705 adjuta:
1307 5640 1543 5693 externis
1585 5641 1858 5696 lenociniis
1881 5683 1895 5707 ,
1931 5653 1985 5698 et

403 5721 712 5779 valetudine
739 5742 891 5796 teque
922 5726 1059 5781 felici
1083 5743 1144 5781 ac
1171 5729 1335 5784 forma
1369 5730 1699 5794 fruebantur,
1731 5734 1874 5788 nulla
1904 5735 1984 5789 in-

394 5811 623 5871 festante
658 5818 993 5888 aegritudine,
1043 5819 1391 5892 ablegataque
1432 5824 1576 5880 omni
1608 5823 1846 5880 mollitie.
1877 5825 1980 5880 La-

1125 372 1181 428 S.
1221 371 1499 429 JOANNIS
1536 374 2011 432 CllRYSOSTOlIl
2053 373 2373 430 ARCHIEP.
2411 369 2949 429 CONSTANTINUP.

3580 371 3681 428 9.30

2103 492 2266 548 bores
2315 493 2458 547 enim
2487 501 2542 546 et
2570 505 2736 561 Opera
2762 531 2776 555 ,
2819 489 3013 562 quibus
3048 491 3434 546 exercebantur
3457 529 3473 554 ,
3503 489 3642 542 varia
3668 529 3681 550 ,

2101 586 2413 655 languorem
2443 600 2656 639 omnem
2685 585 2977 654 pellebant,
3007 584 3171 638 robur
3197 593 3373 638 autem
3400 593 3450 637 et
3481 583 3683 636 sanita-

2103 687 2209 733 tem
2240 686 2404 732 tutam
2425 679 2502 731 eis
2528 677 2904 742 conciliabant,
2929 676 3328 746 reddebantque
3350 685 3497 730 tanto
3514 678 3680 746 magis

2102 773 2306 826 maritis
2327 782 2505 842 gratas
2535 779 2589 826 et
2617 771 2876 825 ainaliiles
2901 789 2914 825 :
2948 771 3025 825 sic
3051 770 3195 825 enim
3233 785 3339 823 non
3371 769 3543 824 solum
3566 784 3689 822 eor-

2103 879 2255 934 pora,
2312 863 2410 918 sed
2443 872 2497 917 et
2547 862 2708 916 animi
2765 862 2818 916 in
2869 861 3060 916 melius
3105 860 3470 930 proﬁciebant.
3527 858 3688 914 Vecta

2101 958 2261 1025 igitur
2307 955 2514 1010 camelo
2557 963 2841 1024 postquam
2915 952 2982 1008 ad
3044 952 3362 1006 destinatam
3417 952 3689 1021 regionem

2105 1047 2369 1118 pervenit,
2389 1047 2613 1101 sublatis
2635 1046 2819 1116 procul
2849 1045 3018 1100 oculis
3034 1046 3164 1100 vidit
3184 1045 3440 1108 lsaacum,
3463 1061 3695 1114 moxque

2099 1155 2126 1193 a
2159 1141 2366 1196 camelo
2397 1141 2617 1195 desiliit.
2653 1139 2818 1195 Vides
2843 1139 3006 1194 robur
3030 1138 3055 1192 ἲ
3082 1138 3231 1193 vides
3255 1139 3449 1192 bonam
3479 1136 3694 1190 habitu-

2101 1233 2400 1288 dinem?A
2431 1232 2639 1288 camelo
2687 1232 2903 1286 desiliit.
2946 1231 3173 1285 Tantum
3219 1231 3292 1284 illi
3338 1230 3531 1284 virium
3590 1246 3692 1283 una

2099 1339 2221 1380 cum
2255 1325 2512 1379 modestia
2545 1333 2844 1395 supererat.
2873 1323 2940 1377 Et
2967 1323 3040 1376 ait
3068 1322 3134 1376 ad
3166 1336 3377 1376 servum
3409 1339 3422 1374 :
3450 1319 3578 1385 Quis
3619 1329 3694 1373 est

2097 1417 2186 1471 ille
2233 1418 2382 1471 homo
2426 1417 2510 1487 qui
2553 1432 2849 1486 progressus
2887 1425 2960 1469 est
3007 1415 3061 1468 in
3095 1414 3376 1482 campum!
3409 1411 3690 1481 Respondit

2096 1525 2266 1562 seruus
2294 1524 2314 1562 :
2341 1507 2464 1576 Ipse
2495 1516 2568 1562 est
2610 1508 2844 1561 dominus
2874 1523 3033 1560 meus.
3091 1504 3218 1558 Tum
3247 1505 3338 1557 illa
3365 1504 3536 1558 restire
3566 1503 3688 1571 pal-

2105 1600 2228 1654 liolo
2255 1609 2457 1668 sumpto
2484 1615 2538 1654 se
2572 1599 2806 1667 obnupsit
2825 1597 2976 1670 (Gen.
3003 1597 3092 1652 24.
3117 1596 3232 1666 65).
3255 1594 3492 1650 Observa
3515 1595 3694 1647 omnia

2099 1692 2280 1746 testari
2328 1691 2446 1761 ejus
2489 1690 2844 1758 modestiam,
2872 1705 3031 1760 quam
3068 1689 3273 1758 pudens
3301 1695 3414 1742 erat
3442 1702 3507 1742 ac
3535 1703 3694 1742 vere-

2095 1785 2292 1840 cunda.
2338 1783 2406 1839 Et
2461 1785 2654 1856 accepit
2700 1801 2810 1838 eam
2853 1799 3062 1838 uxorem
3120 1782 3291 1846 Isaac,
3336 1783 3610 1851 dilexitque
3642 1783 3696 1835 in

2098 1885 2294 1930 tantum
2345 1884 2401 1930 ut
2451 1876 2627 1930 leniret
2671 1875 2897 1929 dolorem
2923 1916 2938 1938 ,
2981 1877 3065 1944 qui
3113 1875 3192 1928 illi
3232 1891 3298 1928 ex
3323 1885 3484 1928 morte
3520 1873 3698 1928 Same

2105 1969 2284 2023 matris
2312 1968 2566 2022 acciderat
2601 1967 2621 2038 (
2653 1966 2782 2022 Gen.
2811 1966 2900 2022 24.
2925 1967 2991 2023 67
3010 1968 3050 2038 ).
3083 1966 3208 2022 Haec
3237 1981 3341 2022 non
3384 1977 3588 2021 temere
3615 1967 3698 2019 di-

2097 2072 2311 2127 cuntur,
2339 2060 2478 2132 quod
2520 2061 2764 2116 dilexerit
2792 2075 2912 2115 eam
2946 2101 2960 2126 ,
2993 2059 3240 2131 quodque
3286 2073 3386 2130 pro
3433 2058 3696 2114 solamine

2103 2153 2280 2208 luctus
2307 2152 2572 2218 habuerit,
2603 2151 2696 2207 sed
2726 2159 2786 2206 ut
2810 2150 3008 2216 discas,
3034 2150 3230 2219 quibus
3258 2149 3418 2204 rebus
3450 2148 3542 2202 illa
3573 2163 3691 2201 ma-

2099 2246 2258 2299 ritum
2308 2245 2363 2298 in
2401 2251 2641 2298 amorem
2688 2243 2771 2298 sui
2813 2241 3092 2312 pellexerit
3117 2282 3131 2304 ,
3163 2253 3300 2310 quas
3323 2238 3486 2293 domo
3514 2252 3694 2292 secum

2101 2335 2374 2390 attulerat.
2409 2334 2540 2401 Quis
2561 2334 2702 2388 enim
2735 2333 2896 2387 talem
2947 2345 3054 2386 non
3103 2330 3410 2394 adamaret,
3441 2338 3548 2382 tam
3577 2344 3696 2382 mo-

2100 2425 2310 2481 destam
2331 2467 2346 2492 ,
2380 2435 2485 2480 tam
2515 2425 2818 2486 honestam,
2845 2432 2950 2477 tam
2991 2421 3311 2492 hospitalem
3335 2462 3350 2487 ,
3383 2421 3691 2484 humanam,

2101 2529 2156 2574 et
2186 2519 2494 2586 amabilem,
2524 2517 2715 2572 fortem
2737 2517 2918 2570 animo
2942 2524 2997 2568 et
3022 2513 3248 2568 validam
3272 2513 3536 2582 corpore?
3564 2511 3692 2566 llaec

2099 2611 2254 2679 dixi,
2287 2620 2346 2667 ut
2375 2626 2482 2666 non
2522 2610 2748 2665 audiatis
2779 2616 2983 2662 tantum
3005 2649 3020 2672 ,
3051 2615 3143 2660 aut
3176 2607 3372 2660 auditis
3403 2605 3695 2674 applauda-

2098 2705 2168 2760 tis
2199 2746 2214 2770 ,
2247 2705 2342 2760 sed
2378 2704 2619 2759 utetiam
2643 2700 2990 2757 :nmulemini.
3023 2698 3094 2754 Et
3119 2709 3298 2768 patres
3325 2697 3539 2768 quidem
3563 2711 3693 2766 pro-

2102 2889 2339 2961 paranda
2377 2904 2544 2944 uxore
2571 2886 2801 2958 simplici
2827 2927 2842 2952 ,
2878 2900 2986 2941 non
3013 2883 3271 2955 pecunias
3295 2898 3563 2953 quaerens,
3585 2898 3693 2937 non

2098 2981 2440 3052 splendorem
2483 2980 2697 3050 generis
2719 3019 2734 3046 ,
2767 2993 2873 3033 non
2921 2976 3370 3048 pulchritudinem
3407 2977 3650 3045 Corporis
3674 3017 3691 3044 ,

2099 3088 2205 3128 non
2237 3071 2382 3126 aliud
2414 3071 2702 3142 quidquam
2733 3077 2934 3140 printer
2953 3067 3371 3140 generositatem
3395 3067 3582 3120 animi.

2172 3163 2440 3230 Quomodo
2471 3163 2759 3218 erudiendae
2785 3162 2910 3232 ﬁlia
2933 3178 2966 3214 α
2991 3159 3256 3214 matribus.
3288 3190 3362 3200 —
3381 3159 3489 3213 Vos
3514 3169 3693 3214 autem

2055 3293 2061 3302 ι
2097 3266 2296 3313 matres
2325 3297 2340 3324 ,
2371 3256 2492 3311 date
2536 3270 2755 3326 operam
2800 3265 2856 3309 ut
2889 3254 2954 3308 ad
3006 3253 3146 3307 hunc
3185 3251 3401 3306 modum
3447 3250 3692 3306 edncetis

2096 3359 2307 3405 vestras
2351 3347 2507 3402 tilias.
2559 3347 2728 3402 Porro
2768 3345 2951 3416 sponsi
3004 3344 3094 3415 qui
3158 3357 3253 3397 eas
3293 3343 3504 3397 ducturi
3544 3354 3691 3407 sum,

2096 3442 2295 3498 ducant
2325 3456 2448 3496 cum
2477 3441 2758 3495 honestate
2796 3439 2955 3494 simili
2983 3480 2996 3504 ,
3024 3438 3446 3493 exterminantes
3476 3437 3646 3492 risum
3670 3477 3686 3502 ,

2096 3533 2324 3590 choreas
2349 3575 2364 3600 ,
2395 3532 2776 3604 turpiloqnium
2803 3572 2817 3596 ,
2866 3530 3073 3586 ﬁstulas
3099 3569 3115 3595 ,
3139 3529 3295 3584 tibias
3321 3570 3335 3593 ,
3367 3528 3691 3583 diabolicum

2097 3627 2246 3682 illum
2283 3635 2595 3698 apparatum
2633 3634 2689 3682 et
2727 3624 2934 3696 reliqua
2977 3623 3283 3693 hujusmodi
3309 3663 3324 3688 ,
3371 3637 3690 3692 semperque

2096 3722 2406 3776 invocantes
2441 3720 2607 3775 Deum
2633 3760 2648 3785 ,
2689 3727 2748 3773 ut
2799 3717 3066 3772 mediator
3108 3715 3250 3770 adsit
3293 3714 3562 3769 actionum
3595 3729 3691 3768 no-

2096 3822 2330 3866 strarum
2375 3809 2642 3865 omnium.
2696 3807 2751 3862 Si
2807 3808 2950 3862 enim
3005 3819 3094 3860 res
3137 3813 3349 3860 nostras
3389 3803 3494 3858 hoc
3535 3816 3690 3872 pacto

2095 3901 2540 3972 disposuerimns,
2569 3899 2773 3954 nullum
2800 3896 3092 3953 divortium
3119 3897 3241 3960 erit,
3268 3894 3413 3948 nulla
3440 3893 3687 3948 adulterii

2097 3993 2352 4064 suspicio,
2375 4001 2469 4046 aut
2496 3991 2710 4046 occasio
2740 3989 3043 4060 zelotypia‘,
3092 4001 3198 4041 non
3243 3987 3378 4048 rixa,
3413 4000 3519 4039 non
3561 3999 3689 4038 con-

2098 4085 2287 4149 tentio,
2311 4083 2404 4139 sed
2430 4083 2593 4140 multa
2619 4081 2862 4137 fruemur
2883 4095 3045 4151 pace,
3070 4079 3341 4149 multaque
3378 4077 3686 4143 concordia,

2094 4188 2124 4228 a
2152 4174 2344 4244 quibus
2391 4189 2498 4229 non
2545 4173 2774 4228 aberunt
2819 4171 3045 4226 virtutes
3090 4180 3323 4224 cauerat.
3364 4168 3513 4222 Sicut
3541 4169 3687 4222 enim

2094 4281 2264 4322 uxore
2297 4282 2326 4321 a
2373 4266 2566 4321 marito
2595 4264 2892 4320 dissidente
2939 4263 3071 4318 nihil
3115 4263 3230 4317 sani
3255 4270 3338 4317 est
3365 4261 3418 4315 in
3446 4261 3685 4328 aedibus,

2094 4358 2302 4412 etiamsi
2331 4357 2564 4428 alioquin
2598 4371 2686 4411 res
2728 4369 2912 4411 eorum
2962 4352 3201 4408 secundo
3229 4351 3474 4408 ferantur
3508 4351 3635 4406 ﬂatu
3665 4369 3683 4406 :

2095 4450 2167 4505 ita
2211 4449 2336 4505 dum
2385 4464 2486 4519 pax
2533 4447 2802 4504 constabit
2850 4457 2902 4502 et
2943 4443 3232 4501 concordia
3259 4485 3274 4509 ,
3307 4444 3438 4497 nihil
3461 4445 3564 4498 erit
3607 4444 3684 4496 in-

2094 4555 2278 4608 suave,
2309 4540 2516 4596 etiamsi
2561 4538 2799 4610 quotidie
2840 4545 3196 4606 tempestates
3239 4535 3486 4590 accidant
3512 4535 3683 4603 pluri-

2096 4651 2218 4689 nuc.
2265 4634 2323 4689 Si
2371 4633 2475 4688 hoc
2521 4632 2682 4687 modo
2724 4630 3152 4686 conciliabuntnr
3182 4631 3405 4699 neptim,
3435 4630 3686 4698 perfacile

2096 4726 2389 4794 poterimus
2433 4725 2500 4779 ad
2531 4725 2780 4779 virtutem
2821 4723 3052 4778 educare
3117 4723 3338 4776 liberos.
3393 4721 3495 4777 Ubi
3539 4724 3680 4777 enim

2094 4825 2266 4871 mater
2291 4825 2394 4870 tam
2429 4815 2657 4870 honesta
2697 4813 2880 4875 fuerit.
2934 4828 2997 4867 ac
3048 4812 3230 4866 sobria
3254 4853 3270 4877 ,
3301 4813 3554 4882 omnique
3578 4813 3682 4865 vir-

2093 4919 2204 4965 tute
2245 4908 2486 4980 prtcdita,
2517 4907 2757 4978 profecto
2793 4907 3043 4961 maritum
3073 4905 3344 4960 desiderio
3383 4905 3466 4958 sui
3508 4906 3681 4973 capiet

2091 5016 2154 5054 ac
2179 4999 2480 5063 devinciet;
2508 5008 2670 5068 atque
2698 4999 2770 5053 ita
2801 4997 3019 5052 habebit
3061 5010 3185 5050 eum
3211 4995 3444 5050 alacrem
3474 4995 3679 5063 adjuto-

2091 5105 2203 5145 rem
2232 5090 2283 5144 in
2314 5088 2564 5144 curandis
2593 5097 2752 5158 atque
2775 5086 3116 5142 instituendis
3137 5084 3515 5140 communibus
3544 5085 3679 5140 libeo

2091 5183 2166 5238 ris
2193 5199 2208 5249 ;
2232 5181 2497 5250 simulque
2533 5181 2700 5235 Deum
2725 5179 2793 5234 ad
2838 5178 3272 5249 prospiciendum
3299 5179 3377 5233 eis
3402 5177 3634 5233 attrahet
3660 5195 3675 5232 :

2091 5291 2197 5346 quo
2224 5275 2495 5345 aspirante
2536 5282 2642 5327 tam
2670 5272 2912 5328 honestae
2938 5271 3385 5326 administrationi
3425 5269 3679 5325 domesti-

2091 5384 2190 5434 em,
2215 5377 2268 5422 et
2295 5375 2584 5421 exercente
2627 5381 2918 5435 puerorum
2970 5365 3204 5431 animos,
3252 5363 3428 5418 omnia
3460 5363 3675 5432 posthac

2087 5458 2320 5528 jucunda
2352 5465 2510 5511 erunt
2538 5465 2592 5511 et
2624 5457 2815 5520 felicia,
2849 5457 3009 5510 rebus
3041 5465 3147 5510 tam
3178 5455 3316 5510 bene
3341 5454 3674 5523 compositis,

2090 5561 2144 5605 et
2184 5551 2249 5606 iis
2274 5551 2363 5621 qui
2389 5558 2622 5620 prcesunt
2659 5549 2739 5603 sic
2767 5549 3018 5602 affectis:
3061 5550 3363 5618 poteritque
3391 5547 3673 5616 unusquis-

2089 5660 2192 5712 que
2217 5659 2320 5697 una
2359 5659 2480 5698 cum
2521 5658 2619 5698 sua
2663 5641 2846 5707 domo,
2888 5641 3141 5697 videlicet
3182 5655 3382 5705 uxore,
3415 5640 3594 5695 liberis
3614 5653 3673 5691 ac

2090 5734 2322 5801 famulis,
2351 5743 2404 5789 et
2435 5743 2749 5804 prtesentem
2787 5735 2948 5788 vitam
2993 5748 3183 5788 secure
3214 5747 3467 5803 peragere
3490 5773 3503 5794 ,
3531 5740 3586 5785 et
3605 5729 3669 5784 ad

2092 5826 2345 5882 cmlornm
2377 5843 2596 5899 regnum
2623 5827 2908 5898 pervenire
2934 5845 2947 5881 :
2975 5843 3094 5898 qua:
3121 5826 3276 5883 nobis
3304 5824 3550 5880 omnibus
3575 5833 3669 5893 per
