3990 6358
315 373 430 428 23‘.)

309 492 489 556 ,ιιῖψῃ
533 487 614 552 τῷ
658 490 766 553 υἱῷ
805 507 926 559 μου
963 491 1217 560 γυναῖκα
1248 492 1368 546 ἀπὸ
1411 491 1528 546 τῶν
1564 491 1900 562 θυγατέρων

310 577 434 631 τῶν
469 581 852 646 Χαναναίων,
897 581 1032 635 ἀλλ’
1073 586 1160 646 εἰς
1189 582 1297 636 τὸν
1338 579 1508 638 οἷκον
1538 583 1644 637 τοῦ
1675 583 1900 648 πατρός

307 689 428 739 μου
455 672 751 740 πορεύσῃ,
777 672 878 726 καὶ
905 675 992 739 εὶς
1030 674 1144 741 τὴν
1177 675 1384 743 φυλήν
1415 693 1556 743 μου,
1594 674 1689 728 καί
1726 671 1898 739 λήψῃ

307 764 568 833 γυναῖκα
592 764 670 830 τῷ
694 765 802 830 υἱῷ
830 784 971 834 μου.
1011 766 1150 819 Ἀλλ’
1177 767 1264 818 ἵνα
1305 767 1380 838 μὴ
1415 769 1598 820 πᾶσαν
1623 767 1724 838 τὴν
1753 768 1896 818 ἱστο⁴

308 856 435 928 ρίαν
465 858 544 922 είς
575 857 738 928 μέσον
763 858 1019 929 φέροντες
1052 859 1402 929 παρενοχλεῖν
1429 859 1691 928 δόξωμεν,
1723 859 1816 910 ἐπὶ
1837 857 1897 910 τὸ

305 948 464 1011 τέλος
499 950 689 1019 ἴωμεν.
734 950 952 1020 Ἐπειδὴ
984 950 1093 1022 γάρ
1127 948 1270 1013 εἶπε,
1303 951 1420 1014 πῶς
1457 952 1550 1003 ἐπὶ
1582 952 1680 1021 τῆς
1714 951 1899 1020 πηγῆς

307 1041 465 1108 ἔστη,
491 1040 608 1103 πῶς
627 1040 796 1110 ⁴ᾔτησε
819 1041 918 1111 τὴν
945 1041 1136 1112 κόρην,
1164 1043 1282 1106 πῶς
1303 1042 1501 1096 ἔδωκεν
1526 1043 1710 1112 ἐκείνη
1736 1043 1899 1095 πλέον

306 1130 409 1198 τῆς
431 1131 720 1198 αἰτήσεως,
745 1131 862 1195 πῶς
881 1135 909 1186 ὸ
933 1133 1065 1196 Θεὸς
1095 1134 1320 1206 μεσίτης
1343 1134 1576 1202 ἐγένετο,
1604 1135 1698 1187 καὶ
1723 1135 1900 1188 πάντα

282 1199 455 1292 δμετά
508 1226 795 1295 ἀκριϐείας
842 1227 1218 1296 ἀπαγγείλας,
1258 1226 1552 1281 κατέλυσεν
1591 1230 1648 1281 ὲν
1691 1227 1902 1291 τούτοις

309 1314 468 1386 [9.26]
501 1317 594 1368 τὸν
628 1318 807 1384 λόγον.
841 1319 1028 1371 Ταῦτα
1063 1318 1279 1372 ἅπαντα
1315 1319 1647 1382 ἀκούσαντες
1681 1319 1899 1379 ἐκεῖνοι,

302 1407 496 1460 οὐκέτι
557 1407 743 1460 λοιπὸν
804 1409 1156 1478 ἁμφέϐαλον,
1206 1411 1362 1465 οὐδὲν
1417 1411 1734 1481 ἠμέλησαν,
1786 1411 1900 1463 ἀλλ’

306 1498 501 1570 ὥσπερ
527 1499 620 1552 τοῦ
655 1500 792 1554 Θεοῦ
821 1501 920 1573 τὴν
949 1501 1123 1573 ψυχὴν
1147 1503 1329 1556 αὐτῶν
1357 1505 1438 1566 εἰς
1461 1504 1616 1556 τοῦτο
1644 1505 1900 1573 κινήσαν-

305 1609 421 1654 τος,
465 1591 669 1656 εὐθέως
722 1593 873 1664 αὑτῷ
930 1594 1398 1667 καθωμολόγησαν
1450 1597 1548 1668 τὴν
1601 1597 1895 1667 θυγατέρα.

307 1686 422 1738 Καὶ
447 1685 770 1756 ἀποκριθεὶς
800 1686 985 1740 Λάϐαν
1018 1689 1112 1740 καὶ
1136 1689 1380 1760 Βαθουὴλ
1409 1686 1581 1742 εἶπον
1606 1690 1674 1743 Τὸ
1709 1692 1897 1756 πρόσ-

304 1795 505 1848 ταγμα
540 1779 716 1833 τοῦτο
743 1782 901 1848 παρὰ
924 1779 1072 1834 Θεοῦ
1104 1779 1384 1848 ἐξῆλθεν
1424 1783 1493 1835 οὐ
1519 1781 1906 1851 δυνησόμεθα

302 1867 424 1924 οὖν
453 1886 553 1923 σοι
585 1870 891 1926 ἀντειπεῖν
927 1871 1144 1924 κακόν-⁸
1181 1869 1312 1924 ἰδοὺ
1353 1870 1660 1935 Ῥεϐέκκα,
1699 1870 1900 1925 λαϐὼν

303 1964 626 2033 ἀπότρεχε,
653 1962 752 2016 καὶ
782 1963 954 2017 ἔσται
981 1961 1136 2033 γυνὴ
1160 1961 1240 2029 τῷ
1264 1963 1449 2032 κυρίῳ
1469 1977 1606 2027 σου,
1635 1962 1898 2030 καθάπερ

303 2055 582 2123 ἐλάλησε
612 2056 848 2124 Κύριος.
879 2055 975 2118 Τίς
1003 2055 1104 2108 οὑκ
1129 2053 1195 2109 ἂν
1224 2053 1526 2125 ἐκπλαγείη
1549 2070 1565 2119 ;
1594 2053 1677 2116 τίς
1705 2054 1805 2106 οὐκ
1832 2052 1898 2105 ἂν

305 2147 674 2217 θαυμάσειεν,
722 2148 823 2200 ὅσα
868 2149 963 2200 καὶ
1011 2146 1178 2218 ἡλίκα
1223 2145 1523 2218 κωλύματα
1567 2147 1626 2198 ὲν
1669 2145 1900 2216 βραχείᾳ

304 2240 507 2309 καιροῦ
540 2241 682 2310 ῥοπῇ
716 2240 1006 2311 ἀνῃρεῖτος
1043 2238 1154 2292 Καὶ
1196 2239 1305 2310 γὰρ
1331 2237 1392 2292 τὸ
1422 2235 1570 2302 ξένον
1613 2233 1772 2300 εἶναι,
1805 2238 1899 2290 καὶ

302 2332 552 2402 οἰκέτην,
580 2331 678 2384 καὶ
705 2331 948 2399 ἀγνῶτα,
971 2333 1066 2386 καὶ
1088 2331 1223 2385 πολὺ
1247 2332 1348 2401 τῆς
1375 2330 1496 2384 ὀδοῦ
1522 2330 1580 2384 τὸ
1599 2331 1895 2402 διάστημα,

303 2427 406 2478 καὶ
445 2424 504 2476 τὸ
547 2423 684 2494 μηδὲ
711 2422 802 2476 τὸν
829 2421 1120 2494 κηδεστὴν,
1164 2423 1300 2494 μηδὲ
1331 2423 1424 2475 τὸν
1456 2421 1689 2492 νυμφίον
1709 2462 1722 2486 ,
1756 2422 1896 2492 μήτε

303 2515 470 2570 ἄλλον
503 2515 626 2568 τινα
656 2515 765 2568 τῶν
799 2515 981 2586 ἐκείνῃ
1005 2527 1033 2556 ι
1074 2515 1458 2586 προσηκόντων
1497 2513 1895 2585 γνωρίζεσθαι,

305 2611 406 2661 καὶ
453 2607 572 2660 καθ’
611 2608 770 2660 ἑαυτὸ
812 2607 1018 2661 τούτων
1054 2608 1287 2662 ἕκαστον
1331 2607 1513 2660 ἰκανὸν
1544 2603 1613 2678 ἦν
1655 2605 1898 2660 κωλῦσαι

301 2697 402 2750 τὸν
436 2699 642 2768 γάμονο
691 2697 808 2752 ἀλλ’
841 2699 991 2769 ὅμως
1019 2697 1172 2752 οὐδὲν
1201 2695 1473 2751 ἐκώλυσεν
1496 2737 1510 2760 ,
1542 2696 1679 2750 ἀλλὰ
1720 2697 1898 2751 πάντα

302 2791 484 2844 ταῦτα
513 2790 910 2862 έξηυμαρίζετο
937 2792 1031 2844 καὶ
1063 2790 1312 2860 καθάπερ
1341 2790 1604 2861 γνωρίμῳ
1639 2791 1732 2845 καὶ
1759 2791 1898 2862 πλη-

308 2883 428 2936 σίον
463 2883 724 2944 οἰκοῦντι,
772 2883 866 2936 καὶ
901 2885 966 2934 ἐκ
1013 2881 1236 2952 πρώτης
1266 2881 1477 2952 ἡμέρας
1525 2899 1897 2953 συναναστρα-

306 2973 490 3041 φέντι,
523 2972 695 3036 οὕτως
727 2971 878 3042 αὐτῷ
912 2970 1241 3043 θαρροῦντες
1280 2969 1606 3042 ἐνεχείριζον
1638 2971 1734 3043 τὴν
1764 2972 1898 3043 νύμ-

306 3082 421 3133 φην
447 3081 458 3093 ·
495 3063 556 3115 τὸ
585 3063 642 3116 δὲ
681 3063 872 3126 αἴτιον,
909 3063 938 3116 ὁ
966 3062 1099 3126 Θεὸς
1125 3058 1193 3135 ἦν
1221 3063 1278 3116 ὲν
1323 3061 1493 3134 μέσῳ.
1537 3063 1750 3134 ’Ὠσπερ
1789 3062 1898 3135 γὰρ

304 3156 442 3208 ὅταν
463 3156 632 3226 χωρὶς
661 3154 822 3209 αὑτοῦ
853 3171 906 3208 τι
930 3154 1196 3227 ποιῶμεν,
1225 3154 1327 3209 κᾶν
1355 3155 1572 3209 ἅπαντα
1660 3155 1777 3208 λεῖα
1801 3157 1898 3208 καὶ

309 3246 475 3317 ῥᾴδια
494 3285 510 3309 ,
539 3245 789 3317 βάραθρα
817 3246 910 3300 καὶ
942 3247 1223 3316 κρημνοὺς
1253 3247 1348 3299 καὶ
1383 3245 1584 3317 μυρίας
1621 3247 1680 3299 ὲν
1711 3246 1897 3310 αὐτοῖς

304 3339 613 3409 ἀποτυχίας
665 3339 1020 3410 εὑρίσκομεν
1068 3337 1240 3402 οὑτως
1276 3339 1402 3392 ὅταν
1441 3341 1590 3409 παρῇ
1631 3340 1727 3392 καὶ
1774 3355 1898 3391 συν-

304 3431 644 3501 εφάπτηται,
662 3431 764 3484 κᾶν
781 3430 1035 3485 ἁπάντων
1053 3429 1382 3501 ἀπορώτερα
1452 3430 1521 3482 τὰ
1536 3431 1894 3503 προκείμενα,

306 3527 528 3580 ᾶπαντα
577 3523 698 3578 λεῖα
747 3525 842 3579 καὶ
895 3524 1052 3596 ῥᾴδια
1097 3523 1330 3593 γίνεται.
1380 3523 1563 3594 Μηδὲν
1611 3521 1706 3578 οὖν
1757 3527 1895 3597 μήτε

304 3617 578 3687 ποιῶμεν,
627 3619 764 3689 μήτε
807 3616 1092 3688 λέγωμεν,
1124 3619 1255 3690 πρὶν
1292 3617 1328 3688 ἢ
1369 3618 1461 3672 τὸν
1499 3617 1631 3672 Θεὸν
1665 3618 1894 3673 καλέσαι

302 3711 405 3766 καὶ
437 3710 820 3780 παρακαλέσαι
856 3710 1266 3781 συνεφάψασθαι
1295 3711 1404 3764 τῶν
1447 3713 1506 3763 ἐν
1543 3712 1731 3784 χερσὶν
1763 3714 1896 3785 ἡμῖν

305 3802 587 3866 ἁπάντων,
623 3801 875 3874 καθάπερ
900 3798 993 3857 οὖν
1022 3803 1118 3857 καὶ
1145 3797 1299 3867 οὗτος
1324 3803 1601 3875 ἐποίησεν.

382 3892 450 3946 0'.
494 3893 632 3946 Ἀλλ’
656 3893 876 3964 ἴδωμεν,
899 3894 1088 3964 ἐπειδὴ
1119 3893 1288 3966 αὐτὴν
1320 3894 1504 3960 ἔλαϐε,
1536 3896 1676 3967 ποίῳ
1711 3897 1896 3968 τρόπῳ

303 3979 402 4032 τὸν
419 3982 488 4047 γά
497 3997 599 4049 μον.
611 3979 947 4036 ἐπετέλεσεν.
961 3975 1032 4033 Ἀ
1044 3998 1110 4052 ρα
1128 3981 1196 4034 κύ
1206 3982 1386 4054 μϐαλα
1405 3983 1502 4036 καὶ
1519 3983 1784 4055 σύριγγας
1802 3985 1896 4038 καὶ

301 4063 505 4134 χοροὺς
533 4064 628 4116 καὶ
643 4063 902 4133 τύμπανα
929 4066 1024 4118 καὶ
1047 4064 1243 4129 αὐλοὺς
1264 4067 1359 4119 καὶ
1384 4066 1485 4138 τήν
1508 4066 1674 4138 ἄλλην
1699 4067 1895 4122 ἐπεσύ-

303 4164 443 4219 ρατο
485 4148 822 4217 φαντασίαν;
867 4148 1031 4201 Οὐδὲν
1062 4148 1268 4203 τούτων
1290 4191 1307 4216 ,
1344 4151 1481 4206 ἀλλά
1514 4151 1681 4223 μόνην
1713 4151 1893 4209 λαϐὼν

299 4230 481 4296 οὕτως
518 4233 714 4303 ἀπῄει,
755 4231 847 4285 τὸν
879 4231 1110 4300 ἄγγελον
1150 4232 1290 4304 ἔχων
1333 4234 1451 4306 μεθ’
1483 4234 1680 4290 ἑαυτοῦ
1717 4255 1894 4309 παρα-

302 4315 596 4384 πέμποντα
624 4313 794 4384 αὐτὴν
824 4314 920 4369 καὶ
951 4315 1429 4390 συνοδοιποροῦντα
1447 4358 1462 4384 ,
1491 4318 1550 4372 ὃν
1573 4321 1602 4372 ὁ
1629 4318 1894 4392 δεσπότης

300 4395 474 4451 αὐτοῦ
495 4397 587 4449 τὸν
613 4396 744 4449 Θεὸν
777 4397 1055 4452 ἱκέτευσεν
1083 4399 1231 4470 αὐτῷ
1262 4403 1673 4456 συναποστεῖλαι
1700 4405 1766 4458 ὲκ
1795 4405 1895 4474 τῆς

299 4479 485 4542 οἰκίας
509 4479 872 4552 ὲξερχομένῳ.
900 4481 1010 4534 Καὶ
1035 4482 1201 4552 ήγετο
1225 4481 1408 4539 λοιπὸν
1431 4487 1464 4556 ἡ
1496 4485 1682 4558 νύμφη
1714 4487 1893 4544 αὐλῶν

304 4562 412 4632 μὲν
434 4563 530 4615 καὶ
551 4563 784 4636 κιθάρας
809 4563 905 4616 καὶ
930 4563 1041 4617 τῶν
1066 4564 1243 4619 ἄλλων
1266 4567 1374 4621 τῶν
1401 4568 1658 4624 τοιούτων
1679 4570 1893 4637 οὐδενὸς

300 4647 612 4708 ἀκούσασα,
643 4646 843 4719 μυρίας
867 4645 923 4700 δὲ
947 4647 1099 4718 παρά
1125 4648 1218 4703 τοῦ
1244 4650 1380 4704 Θεοῦ
1400 4652 1495 4706 ἐπὶ
1523 4653 1624 4724 τὴν
1649 4655 1893 4728 κεφαλὴν

299 4728 408 4792 τὰς
459 4729 711 4798 εὐλογίας
746 4728 946 4800 ἔχουσα
967 4770 984 4796 ,
1031 4731 1295 4802 στέφανον
1334 4735 1660 4808 διαδήματος
1694 4738 1894 4804 παντὸς

300 4809 920 4882 λαμπρότερον.⁹Ηγετο
941 4814 1003 4866 οὐ
1024 4817 1205 4885 χρυσᾶ
1217 4818 1510 4890 περιϐεσλη
1520 4819 1654 4892 μένη
1673 4821 1891 4892 ἱμάτια,

303 4893 448 4948 ἀλλὰ
480 4894 834 4967 σωφροσύνην
867 4898 961 4951 καὶ
989 4897 1295 4967 εὐλάϐειαν,
1324 4903 1418 4955 καὶ
1445 4903 1770 4971 φιλοξενίαν,
1798 4907 1893 4960 καὶ

301 4977 406 5049 τὴν
439 4978 605 5048 ἀλλην
635 4979 850 5034 ἃπασαν
881 4983 1103 5055 ἀρετήν.
1139 4985 1341 5053 Ἤγετο
1367 4986 1469 5039 οὐκ
1497 4988 1591 5041 ἐπὶ
1617 4988 1893 5060 ὀχήματος

305 5063 674 5130 καταστέγου,
715 5064 836 5117 οὐδὲ
863 5066 956 5118 ὲπί
993 5065 1157 5138 ἄλλης
1188 5069 1334 5132 τινὸς
1371 5069 1893 5138 φαντασίας-τοιαύ-

299 5161 429 5215 της,
457 5145 572 5198 ἀλλ’
597 5147 690 5199 ἐπὶ
717 5147 815 5216 τῆς
841 5150 1090 5219 καμήλου
1120 5151 1428 5223 καθημένη.
1458 5153 1615 5206 Μετὰ
1643 5152 1754 5225 γὰρ
1791 5155 1892 5226 τῆς

301 5227 512 5297 ἀρετῆς
546 5229 647 5298 τῆς
677 5232 733 5284 ὲν
763 5233 829 5302 τῇ
861 5230 1028 5303 ψυχῇ,
1056 5235 1151 5286 καὶ
1177 5233 1246 5287 τὰ
1273 5233 1500 5306 σώματα
1530 5239 1649 5299 ταῖς
1681 5237 1890 5309 παρθέ-

300 5329 418 5394 νοις
445 5313 507 5365 τὸ
540 5313 768 5366 παλαιὸν
800 5315 1000 5385 πολλῆς
1043 5319 1257 5388 μετεῖχε
1286 5319 1384 5388 τῆς
1411 5319 1643 5384 εὐεξίας.
1673 5322 1749 5374 Οὐ
1781 5322 1890 5394 γὰρ

299 5393 480 5457 οὕτως
511 5395 682 5460 αὐτάς
711 5397 936 5468 ἔτρεφον
967 5400 1022 5452 αἱ
1061 5401 1320 5472 μητέρες,
1355 5402 1606 5474 καθάπερ
1641 5403 1741 5468 τὰς
1772 5393 1887 5470 νῦν,

301 5477 613 5548 βαλανείοις
663 5484 914 5544 πυκνοῖς,
969 5481 1154 5554 μύρων
1199 5485 1470 5554 ἀλοιφαῖς,
1520 5489 1886 5558 ὲπιτρίμμασι

301 5565 697 5634 σκιατραφίας,
729 5566 989 5632 μαλακοῖς
1019 5567 1273 5636 ἱματίοις,
1298 5569 1506 5640 ἑτέροις
1539 5571 1751 5643 μυρίοις
1776 5571 1889 5624 δια-

298 5645 626 5716 φθείρουσαι
675 5650 928 5718 τρόποις,
977 5651 1070 5703 καὶ
1112 5650 1206 5704 τοῦ
1249 5651 1458 5716 δέοντος
1493 5654 1887 5726 μαλακωτέρας

297 5729 580 5795 ποιοῦσαι,
628 5731 742 5784 ἀλλ’
804 5734 884 5796 εἰς
931 5732 1148 5787 ἃπασαν
1206 5735 1376 5795 αὐτὰς
1424 5737 1629 5806 ήγαγον
1680 5740 1885 5792 ἐκεῖναι

299 5810 746 5894 σκληραγωγίαν.
776 5815 876 5869 Διὰ
902 5815 1061 5870 τοῦτο
1097 5817 1286 5880 αὑταῖς
1323 5819 1418 5872 καὶ
1443 5819 1538 5872 τοῦ
1576 5820 1824 5892 σώματος
1855 5824 1886 5894 ή

299 5897 423 5965 ὔρα
450 5896 655 5967 σφόδρα
683 5891 750 5968 ἦν
782 5899 1011 5972 εὐανθὴς
1041 5901 1132 5952 καὶ
1168 5903 1385 5971 γνησία,
1422 5901 1516 5957 ἅτε
1561 5891 1761 5978 φυσική
1794 5923 1875 5972 τις

368 6015 398 6047 ⁸
420 6016 572 6069 Savil.
601 6017 652 6070 in
676 6033 827 6083 marg.
855 6023 1052 6085 conjicit
1073 6021 1256 6086 ἐκείνῳ.

1308 392 1586 456 ουΜΕὸ
1621 389 1972 446 DUCENDIE
2012 386 2169 443 SINT
2209 384 2507 441 UXORES.
2548 384 2643 442 Ill.

3483 374 3591 430 ειι)

2009 483 2166 553 οὖσα,
2193 490 2306 544 ἀλλ’
2331 492 2395 544 οὑ
2421 491 2819 562 χειροποίητος,
2846 490 2968 544 οὗτε
2993 488 3460 558 έπιτετηδευμένη.
3495 492 3596 544 Διά

2009 565 2169 619 τοῦτο
2199 568 2293 620 καὶ
2321 567 2510 636 ὑγείας
2539 567 2810 624 ἀπέλαυον
2843 568 3110 638 καθαρᾶς,
3143 569 3236 622 καὶ
3266 565 3459 630 κάλλος
3493 573 3595 621 αύ-

2008 649 2130 709 ταῖς
2170 648 2455 717 ἀμήχανον
2494 643 2597 719 ἦν,
2627 650 2889 719 οὐδεμιᾶς
2925 647 3238 720 ἀρρωστίας
3276 645 3598 716 ἐνοχλούσης

2008 725 2086 794 τῷ
2115 724 2346 793 σώματι,
2376 726 2512 780 ἀλλὰ
2553 728 2734 798 πάσης
2772 728 3029 798 βλακείας
3068 725 3493 795 ἐκϐεϐλημένης.
3533 726 3596 775 ΟΞ

2011 803 2118 874 γὰρ
2141 804 2293 857 πόνοι
2325 805 2414 859 καὶ
2442 806 2498 858 αἱ
2532 806 2900 877 ταλαιπωρίαι
2933 807 3027 858 καὶ
3058 805 3116 857 τὸ
3147 805 3203 856 ἐν
3235 804 3437 857 ἅπασιν
3469 802 3600 852 αὐτ-

2009 887 2230 954 ουργεῖν
2275 885 2533 955 βλακείαν
2579 887 2677 957 μὲν
2719 886 2998 956 ἀπήλαυνε
3043 886 3260 944 πᾶσαν,
3297 881 3608 953 εὐρωστίαν-

2012 961 2164 1035 [2‘27]
2192 965 2248 1017 δὲ
2275 967 2370 1019 καὶ
2399 967 2588 1034 ὑγείαν
2624 967 2765 1036 μετὰ
2791 967 2990 1036 πολλῆς
3021 968 3248 1036 παρεῖχε
3285 963 3384 1032 τῆς
3417 963 3566 1036 ἀσφα

2011 1034 2177 1106 λείας.
2217 1045 2307 1097 Διὸ
2351 1045 2413 1116 δὴ
2449 1047 2544 1099 καὶ
2585 1034 2961 1116 ποθεινότεραι
2999 1034 3115 1106 τοῖς.
3144 1041 3400 1110 ἀνδράσιν
3430 1034 3612 1116 ἦσανμ

2013 1123 2106 1174 καὶ
2154 1123 2354 1192 μᾶλλον
2398 1115 2724 1194 ἐπέραστοι·
2763 1125 2822 1176 οὐ
2865 1124 2974 1192 γάρ
3013 1123 3078 1192 δὴ
3109 1120 3170 1172 τὸ
3209 1117 3370 1186 σῶμα
3412 1115 3610 1194 μόνον,.

2011 1198 2145 1250 ἁλλά
2174 1202 2270 1253 καὶ
2297 1201 2396 1270 τὴν
2424 1192 2603 1271 ψυχὴν
2640 1201 2849 1263 τούτοις
2881 1199 3072 1269 βελτίω
3101 1198 3193 1252 καὶ
3224 1192 3594 1264 σωφρονεστέ-

2013 1295 2113 1348 ραν
2142 1281 2595 1349 κατειργάσαντο.
2628 1279 2932 1351 Καθημένη
2963 1279 3140 1330 τοίνυν
3170 1276 3261 1328 ἐπὶ
3289 1274 3389 1342 τῆς
3415 1272 3598 1340 καμή-

2010 1355 2100 1409 λου
2135 1359 2228 1412 καὶ
2262 1359 2516 1429 φθάσασα
2545 1361 2626 1423 εἰς
2662 1361 2760 1432 τὴν
2793 1360 2976 1430 χώραν
2996 1402 3010 1424 ,
3050 1358 3180 1430 πρὶν
3224 1356 3392 1424 αὐτὴν
3424 1352 3597 1432 ἐλθεῖν

2010 1436 2177 1502 ἐγγὺς
2198 1478 2210 1496 ,
2241 1437 2592 1507 ἀναϐλέψας-α
2620 1431 2727 1492 εἶδε
2769 1443 2881 1504 τοῖς
2921 1439 3220 1508 ὀφθαλμοῖς
3248 1435 3340 1488 τὸν
3385 1431 3596 1494 Ἰσαὰκ,

2013 1515 2106 1566 καὶ
2159 1517 2533 1588 κατεπήδησεν
2576 1519 2684 1571 ἀπὸ
2725 1521 2826 1587 τῆς
2866 1519 3138 1588 καμήλου.
3195 1511 3349 1577 Εἶδες
3402 1511 3596 1580 ἰσχύν;

2012 1590 2149 1655 εἶδες
2170 1593 2414 1662 εὐεξίαν;
2445 1597 2840 1668 Κατεπήδησεν
2863 1597 2972 1652 ἀπὸ
2992 1598 3091 1668 τῆς
3113 1594 3384 1666 καμήλου.
3405 1590 3598 1668 ρὺτως

2009 1672 2197 1735 αὑταῖς
2220 1674 2378 1744 ῥώμη
2403 1674 2569 1744 πολλή
2597 1666 2734 1745 μετὰ
2755 1666 3106 1748 σωφροσύνης
3133 1670 3220 1745 ἦν.
3245 1673 3356 1727 Καὶ
3377 1666 3497 1723 εἷπε
3522 1668 3600 1738 τῷ

2011 1751 2182 1806 παιδί·
2210 1751 2302 1818 Τίς
2321 1753 2490 1806 ἐστιν
2517 1757 2549 1806 ό
2577 1754 2887 1821 ἅνθρωπος
2901 1755 3132 1820 ἐκεῖνος
3153 1750 3600 1818 ὀπορευόμενος

2008 1829 2079 1883 ἐν
2106 1830 2182 1894 τῷ
2205 1830 2420 1898 πεδίῳ;
2455 1827 2604 1885 Εἶπε
2631 1832 2698 1884 δὲ
2727 1836 2759 1886 ὀ
2780 1831 2941 1900 παῖς·
2980 1835 3033 1884 '0
3069 1831 3270 1898 κύριός
3290 1845 3430 1898 μου.
3457 1821 3617 1877 Εἶτα-

2008 1909 2286 1962 .ἳαϐοῦσα
2311 1910 2378 1963 τὸ
2401 1909 2714 1978 Οέριστρον
2740 1911 3136 1978 περιεϐάλετο.
3160 1911 3300 1980 Ὅρα
3321 1904 3596 1972 πανταχοῦ

2007 1987 2108 2058 τὴν
2140 1985 2495 2057 σωφροσύνην
2524 1988 2694 2056 αὐτῆς
2727 1989 3182 2059 μαρτυρουμένην
3211 2026 3224 2046 .
3250 1985 3366 2047 πῶς
3403 1980 3472 2054 ἦν
3507 1983 3598 2035 αἰ-

2011 2067 2315 2136 σχυνττιρὰ.
2349 2064 2466 2127 πῶς
2495 2061 2564 2137 ἦν
2607 2065 2906 2132 αἰδέσιμος.
2937 2067 3045 2120 Καὶ
3082 2065 3299 2118 ἔλαϐεν
3333 2061 3526 2126 αὐτὴν
3565 2061 3600 2113 ό

2021 2142 2238 2208 Ἰσαὰκ,
2255 2143 2354 2197 καὶ
2366 2143 2602 2212 ἐγένετο
2613 2141 2772 2208 αὐτῷ
2789 2146 2876 2209 είς
2891 2143 3146 2213 γυναῖκα
3163 2144 3259 2197 καὶ
3279 2140 3600 2210 ἠγάπησεν

2007 2221 2220 2289 αὐτὴν.
2242 2222 2340 2275 καὶ
2363 2220 2711 2291 παρεκλήθη
2730 2222 2862 2290 περὶ
2881 2221 3112 2290 Σάρρας
3127 2221 3236 2287 τῆς
3250 2221 3474 2288 μητρὸς
3494 2221 3600 2271 m3-

2006 2300 2135 2354 τοῦ.
2168 2301 2282 2370 Οὐχ
2308 2300 2494 2364 ἁπλῶς
2523 2301 2580 2354 δὲ
2606 2300 2779 2354 ταῦτα
2810 2303 3048 2372 εἴρηται,
3079 2302 3162 2352 ὅτι
3189 2300 3473 2370 ἠγάπησεν
3501 2297 3598 2350 αὑ-

2005 2381 2127 2450 τὴν,
2172 2379 2269 2432 καὶ
2317 2377 2640 2449 παρεκλήθη
2677 2381 2807 2448 περὶ
2849 2379 2949 2448 τῆς
2982 2379 3200 2449 Σάρρας
3244 2377 3344 2446 τῆς
3393 2373 3598 2446 μητρὸς

2007 2460 2196 2528 αὑτοῦ,
2229 2460 2345 2515 ἀλλ’
2373 2461 2464 2514 ἵνα
2502 2461 2681 2532 μάθῃς
2718 2459 2812 2513 τοῦ
2846 2461 3072 2531 φίλτρου
3114 2461 3209 2513 καὶ
3249 2459 3350 2529 τῆς
3375 2457 3599 2526 ἀγάπης

2005 2545 2106 2608 τὰς
2134 2544 2442 2608 ὑποθέσεις,
2474 2543 2539 2607 ἃς
2572 2544 2784 2596 οἴκοθεν
2817 2542 3014 2613 ἔχουσα
3047 2539 3210 2613 ἦλθεν
3237 2545 3268 2612 ὴ
3309 2541 3466 2610 γυνή.
3501 2539 3598 2602 Τίς

2006 2629 2116 2700 γὰρ
2153 2627 2255 2700 τὴν
2301 2627 2563 2698 τοιαύτην
2602 2627 2704 2679 οὐκ
2740 2619 3141 2697 ἂνήγάπησε,
3169 2626 3267 2697 τὴν
3314 2625 3455 2676 ούτω
3495 2621 3596 2674 σώη

2007 2729 2214 2784 φρονα,
2245 2712 2345 2781 τὴν
2378 2709 2524 2764 οὑτω
2570 2709 2833 2780 κοσμίαν,
2865 2712 2964 2780 τὴν
2999 2709 3142 2763 οὑτω
3181 2708 3456 2779 φιλόξενον
3503 2708 3598 2760 καὶ

2006 2794 2388 2866 φιλάνθρωπον
2417 2793 2512 2847 καὶ
2541 2794 2770 2863 ἥμερον,
2793 2794 2893 2862 τὴν
2921 2793 3174 2863 ἀνδρείαν
3207 2794 3306 2861 μὲν
3333 2791 3470 2843 κατὰ
3498 2790 3596 2858 τὴν

2005 2878 2208 2948 ψυχὴν,
2241 2876 2530 2948 ῥωμαλέαν
2569 2877 2627 2929 δὲ
2662 2877 2801 2928 κατά
2845 2875 2906 2926 τὸ
2943 2875 3131 2945 σῶμα;
3181 2875 3368 2927 Ταῦτα
3417 2871 3595 2934 εἷπον,

2005 2963 2104 3031 οὐχ
2143 2961 2232 3015 ἵνα
2269 2959 2539 3030 ἀκούσητε
2562 3002 2576 3025 ,
2623 2959 2729 3012 οὐδ’
2763 2961 2848 3013 ἵνα
2899 2959 3232 3022 ἀκούσαντες
3270 2959 3596 3028 ἐπαινέσητε

1955 3057 1958 3060 '
2009 3045 2191 3115 μόνον,
2223 3043 2338 3097 ἀλλ’
2383 3043 2472 3096 ἵνα
2498 3043 2591 3096 καὶ
2617 3041 2918 3114 ζηλώσητε.
2947 3043 3054 3096 Καὶ
3087 3043 3320 3113 πατέρες
3353 3042 3476 3111 μὲν,
3497 3043 3598 3111 τὴν
3632 3043 3638 3054 ’

2007 3127 2266 3198 πρόνοιαν
2295 3125 2387 3180 τοῦ
2418 3125 2754 3199 πατριάρχου
2792 3125 3069 3196 μιμεῖσθε,
3101 3127 3168 3196 ἣν
3201 3129 3437 3179 ἐποιεῖτο
3469 3128 3598 3196 περὶ
3633 3141 3640 3152 ⁸

2003 3211 2099 3264 τοῦ
2137 3210 2324 3267 λαϐεῖν
2350 3212 2584 3279 γυναῖκα
2617 3211 2924 3272 ἄπλαστον,
2952 3211 3012 3262 οὐ
3042 3213 3300 3282 χρήματα
3340 3212 3600 3284 ἐπιζητή-
3633 3219 3642 3232 ·

2008 3311 2130 3359 σας,
2154 3295 2216 3348 οὐ
2245 3293 2436 3362 γένους
2462 3293 2847 3366 λαμπρότητα,
2881 3295 2948 3347 οὑ.
2971 3293 3222 3364 σώματος
3253 3294 3470 3360 κάλλος,
3497 3295 3598 3348 οὐκ
3635 3314 3642 3324 ·

2006 3375 2134 3431 ἄλλο
2160 3376 2332 3442 οὐδὲν,
2359 3374 2498 3430 ἀλλὰ
2523 3375 2704 3446 ψυχῆς
2732 3375 3015 3444 εὐγένειαν
3033 3377 3192 3446 μόνον
3212 3391 3226 3404 '
3254 3376 3490 3446 μητέρες
3511 3377 3592 3439 δὲ,

2005 3457 2151 3513 οὕτω
2203 3458 2303 3522 τὰς
2360 3457 2570 3511 ἑαυτῶν
2624 3459 2959 3530 ἀνατρέφετε
3021 3459 3344 3530 θυγατέρας.
3407 3460 3469 3510 Οἱ
3539 3460 3602 3512 δὲ.

2003 3543 2234 3613 ἄγεσθαι
2280 3541 2450 3605 αὑτὰς
2507 3540 2796 3612 μέλλοντες
2841 3541 3102 3613 νυμφίοι,
3139 3542 3280 3613 μετὰ
3327 3541 3598 3613 τοσαύτης

2005 3626 2175 3687 αὑτὰς
2208 3624 2372 3692 ἄγετε
2404 3622 2789 3694 κοσμιότητος,
2828 3625 3050 3696 χορείας
3092 3623 3190 3696 μὲν
3220 3625 3315 3678 καί⁸
3353 3625 3600 3693 γέλωτας

2005 3707 2101 3762 καὶ
2140 3707 2365 3778 ῥήματα
2406 3704 2628 3776 αἰσχρὰ,
2674 3707 2770 3758 καὶ
2803 3707 3073 3778 σύριγγας
3114 3708 3208 3760 καὶ
3249 3707 3466 3770 αὐλοὺς,
3502 3709 3598 3760 καὶ

2001 3790 2101 3862 τὴν
2133 3789 2448 3860 διαϐολικὴν
2487 3790 2822 3858 φαντασίαν,
2871 3792 2966 3844 καὶ
3009 3791 3078 3844 τὰ
3120 3791 3257 3846 ἄλλα
3303 3792 3480 3844 πάντα
3528 3791 3600 3846 τά

2002 3871 2229 3926 τοιαῦτα
2268 3870 2604 3942 ὲξορίζοντες
2621 3910 2638 3936 ,
2664 3873 2755 3927 τὸν
2794 3873 2924 3927 Θεὸν
2951 3873 3007 3926 δὲ
3036 3873 3124 3928 ἀεὶ
3151 3873 3598 3944 παρακαλοῦντες

2007 3955 2233 4028 μεσίτην
2273 3955 2528 4024 γενέσθαι
2572 3955 2681 4009 τῶν
2726 3958 3120 4029 πραττομένων
3167 3958 3447 4012 ἁπάντων.
3499 3960 3596 4010 Ἂν

2003 4040 2113 4111 γάρ
2140 4037 2284 4092 οὕτω
2313 4039 2382 4091 τὰ
2414 4037 2538 4092 καθ’
2582 4038 2811 4103 ἑαυτοὺς
2833 4042 3280 4113 οἰκονομήσωμεν
3305 4081 3317 4103 ,
3348 4042 3448 4094 οὐκ
3469 4041 3596 4094 ἁπο-
3630 4055 3644 4098 ’.

2007 4125 2227 4177 στάσιον
2261 4121 2414 4176 ἔσται
2445 4123 2599 4187 ποτὲ,
2632 4123 2692 4174 οὐ
2723 4123 2968 4194 μοιχείας
3006 4123 3243 4192 ὑποψία,
3271 4125 3329 4176 οὐ
3372 4123 3595 4194 ζηλοτυ-
3638 4169 3642 4174 .

2004 4207 2136 4270 πίας
2174 4207 2473 4278 πρόφασις,
2507 4207 2567 4260 οὑ
2607 4205 2754 4278 μάχη
2795 4209 2890 4261 καὶ
2920 4208 3058 4278 ἔρις,
3099 4209 3234 4261 ἀλλὰ
3265 4207 3464 4278 πολλῆς
3497 4209 3594 4278 μὲν
3621 4203 3635 4250 ἰ

2003 4290 2425 4362 ἀπολαυσόμεθα
2453 4291 2551 4362 τῆς
2581 4293 2824 4363 εἰρήνης,
2852 4292 3054 4361 πολλῆς
3082 4292 3139 4344 δὲ
3175 4292 3276 4362 τῆς
3309 4291 3589 4363 ὁμονοίας·

2002 4373 2210 4444 ταύτης
2253 4373 2313 4426 δὲ
2366 4371 2562 4445 οὔσης,
2619 4375 2713 4428 καὶ
2768 4375 2826 4426 αἰ
2879 4373 3036 4428 ἄλλαι
3101 4374 3318 4439 πάντως
3371 4373 3624 4443 ἕψονται;

2001 4457 2212 4530 ἀρεταί.
2256 4457 2469 4530 Ὠσπερ
2515 4458 2645 4530 γάρ,
2694 4458 2955 4526 γυναικὸς
3007 4459 3142 4530 πρὸς
3172 4460 3339 4530 ἄνδρα
3373 4477 3596 4512 στασια-

2001 4543 2228 4614 ζούσης,
2251 4543 2406 4597 οὐδὲν
2432 4543 2582 4612 ὑγιὲς
2609 4541 2761 4597 ἔσται
2788 4543 2881 4596 ἐπὶ
2908 4544 3003 4614 τῆς
3024 4542 3220 4606 οἰκίας,
3248 4543 3352 4596 κᾶν
3375 4542 3592 4596 ἅπαντα

2000 4629 2070 4682 τὰ
2101 4627 2237 4682 ἄλλα
2279 4627 2424 4682 κατὰ
2464 4627 2592 4698 ῥοῦν
2619 4628 2854 4698 φέρηται
2886 4627 3190 4698 πράγματα
3216 4644 3230 4657 ·
3264 4625 3437 4688 οὑτως
3466 4627 3594 4696 ὁμο-

2001 4711 2230 4784 νοούσης
2272 4712 2371 4764 καὶ
2416 4710 2829 4782 εἰρηνευούσης,
2865 4711 3018 4763 οὐδὲν
3055 4710 3209 4762 ἔσται
3255 4709 3438 4778 ἀηδὲς,
3488 4709 3591 4762 κᾶν

2006 4795 2190 4869 μυρίοι
2214 4795 2482 4866 χειμῶνες
2507 4793 2629 4847 καθ’
2650 4793 2890 4864 ἑκάστην
2916 4793 3205 4846 τίκτωνται
3229 4793 3326 4864 τὴν
3353 4793 3587 4862 ἡμέραν.

2006 4881 2106 4936 Ἂν
2133 4879 2307 4944 οὑτως
2354 4880 2403 4931 οἰ
2436 4878 2604 4948 γάμοι
2654 4877 2944 4946 γένωνται,
2990 4877 3082 4929 καὶ
3117 4877 3184 4930 τὰ
3229 4875 3420 4929 παιδία
3451 4876 3592 4946 μετὰ

2003 4962 2205 5034 πολλῆς
2235 4963 2334 5033 τῆς
2354 4963 2605 5023 εὐκολίας
2635 4963 2714 5022 είς
2742 4961 2943 5032 ἀρετὴν
2972 4961 3198 5028 ἀγαγεῖν
3222 4959 3584 5030 δυνησόμεθα.

2005 5049 2174 5101 Ὅταν
2204 5045 2314 5116 γὰρ
2357 5047 2390 5116 ή
2435 5047 2618 5117 μήτηρ
2659 5041 2896 5116 οὑτωςῇ
2945 5043 3163 5114 κοσμία,
3204 5046 3295 5096 καὶ
3331 5041 3585 5113 σώφρων,

2003 5129 2099 5182 καὶ
2129 5128 2309 5178 πᾶσαν
2335 5125 2534 5196 ἀρετὴν
2561 5125 2904 5196 κεκτημένη,
2933 5125 3150 5186 πάντως
3179 5125 3274 5176 καὶ
3299 5125 3390 5176 τὸν
3417 5125 3588 5196 ἄνδρα

2003 5207 2145 5260 έλεϊν
2203 5204 2491 5274 δυνήσεται
2548 5205 2640 5258 καὶ
2693 5203 3062 5275 χειρώσασθαι
3109 5204 3187 5273 τῷ
3240 5207 3367 5274 περὶ
3417 5205 3588 5274 αὐτὴν

2003 5285 2188 5355 πόθῳο
2219 5283 2415 5336 ἑλοῦσα
2448 5284 2504 5337 δὲ
2533 5286 2716 5349 αὐτὸν,
2753 5285 2890 5355 μετὰ
2933 5283 3133 5352 πολλῆς
3173 5284 3283 5350 ἓξει
3322 5284 3422 5354 τῆς
3453 5301 3587 5356 προ-

2007 5365 2208 5436 θυμίας
2249 5363 2549 5434 βοηθοῦντα
2578 5365 2716 5434 πρὸς
2745 5367 2844 5432 τὴν
2873 5364 2981 5416 τῶν
3011 5364 3216 5416 παίδων
3245 5364 3584 5434 ἐπιμέλειαν,

2004 5445 2098 5497 καὶ
2143 5443 2233 5496 τὸν
2286 5442 2419 5496 Θεὸν
2468 5441 2644 5506 οὕτως
2684 5445 3049 5497 ἐπισπάσεται
3095 5443 3232 5514 πρὸς
3277 5443 3375 5512 τὴν
3417 5441 3587 5512 αὐτὴν

2002 5523 2205 5595 ταύτην
2254 5523 2548 5594 πρόνοιαν·
2605 5524 2813 5578 ἐκείνου
2858 5525 2914 5576 δὲ
2958 5523 3438 5593 συνεφαπτομένου
3486 5522 3589 5592 τῆς

2003 5603 2176 5674 καλῆς
2196 5602 2400 5672 ταύτης
2430 5605 2764 5674 οἰκονομίας,
2794 5605 2890 5657 καὶ
2913 5603 3012 5665 τὰς
3041 5603 3218 5674 ψυχὰς
3241 5603 3348 5656 τῶν
3377 5603 3588 5656 παίδων

2002 5681 2318 5746 ἀσκοῦντος,
2361 5683 2514 5735 οὐδὲν
2545 5684 2707 5751 ἀηδὲς
2749 5683 2902 5736 ἔσται
2933 5683 3148 5743 λοιπὸν,
3193 5682 3329 5736 ἀλλά
3373 5682 3469 5734 καὶ
3516 5683 3586 5736 τὰ

2002 5761 2103 5830 τῆς
2135 5761 2311 5826 οἰκίας
2339 5758 2397 5816 εὖ
2435 5762 2790 5825 διακείσεται,
2817 5764 2926 5816 τῶν
2956 5763 3232 5833 ἀρχόντων
3260 5760 3402 5814 οὕτω
3429 5760 3582 5834 [228]

2003 5840 2361 5910 διακειμένων
2381 5858 2394 5872 ·
2424 5842 2519 5894 καὶ
2544 5843 2681 5913 μετά
2708 5845 2805 5912 τῆς
2839 5842 3014 5906 οἰκίας
3043 5841 3219 5904 οὕτως
3249 5841 3475 5904 ἕκαστος
3500 5841 3583 5893 δυ-

2002 5920 2248 5989 νήσεται,
2273 5922 2373 5991 τῆς
2405 5922 2601 5974 ἑαυτοῦ
2633 5922 2888 5989 γυναικὸς
2921 5921 3085 5986 λέγω,
3125 5921 3217 5972 καὶ
3251 5921 3456 5973 παίδων
3489 5921 3584 5973 καὶ

1998 5997 2246 6068 οἰκετῶν,
2275 6000 2368 6055 καὶ
2394 6000 2482 6056 τὸν
2513 6000 2746 6054 ἐνταῦθα
2778 6001 2916 6072 μετὰ
2950 5999 3132 6062 ἁδείας
3163 5999 3380 6069 ἁπάσης
3406 5997 3578 6052 διανύ-
