3990 6358
315 332 409 392 211
1122 330 1190 386 IN
1231 329 1509 386 DICTUME
1524 328 1750 393 PAULI,
1790 327 1917 382 N01.

2028 326 2149 380 vos
2174 326 2545 392 lGNOltAttE,
2588 322 2735 379 E'fC.

319 446 565 517 gratiam,
590 443 994 514 benignitatem,
1022 450 1087 497 et-
1109 442 1529 497 misericordiam
1573 457 1722 496 suam
1771 457 1906 495 con-

318 539 470 593 cedat
500 538 761 593 Dominus
790 544 971 589 noster
989 534 1145 590 Jesus
1161 532 1427 599 Christus,
1446 549 1568 588 cum
1597 548 1703 601 quo
1720 531 1862 586 Patri
1888 573 1903 595 ,

320 627 586 697 simulque
610 626 832 694 Spiritui
860 623 1069 680 vivifico
1098 632 1154 679 et
1177 631 1366 678 sancto
1384 622 1575 693 gloria,
1593 622 1898 692 imperium,

3493 313 3597 367 ΞΗ

2014 452 2069 498 et
2113 443 2304 509 honor,
2334 454 2474 494 nunc
2499 447 2559 493 et
2580 452 2812 506 semper,
2836 443 2889 489 ct
2914 434 2966 489 in
3008 446 3219 488 amenta.
3245 429 3589 485 seculorum.

2016 536 2209 589 Amen.

1047 1198 1266 1260 ΝΟΕο
1310 1195 1954 1270 VOS-IGNORABE,
2003 1193 2403 1267 FRATRES,
2449 1193 2704 1267 QUOD,
2751 1209 2883 1254 ETC.

341 1407 585 1463 habitam
617 1405 789 1462 fuisse
807 1403 1051 1461 vel-inde
1081 1404 1274 1475 liquet,
1307 1405 1456 1476 quod
1489 1405 1633 1460 dicta
1667 1407 1740 1461 sit
1774 1415 1898 1477 post
1930 1406 2131 1462 festum
2160 1406 2338 1462 sancti
2371 1404 2663 1471 Barlaami,
2694 1403 2995 1459 Antiochia:
3027 1401 3289 1458 celebrari
3329 1403 3586 1466 solitum,

344 1528 407 1578 ut
439 1520 625 1577 videas
650 1520 706 1575 in
739 1517 943 1575 Monito
967 1518 1363 1577 ad.Homiliam
1390 1522 1445 1576 in
1479 1530 1728 1578 sanctum
1759 1521 2104 1578 Barlaamum
2140 1522 2301 1579 Tom.
2338 1523 2406 1576 11.
2442 1521 2817 1593 Chrysostomi
2854 1535 3052 1590 scopus
3085 1526 3164 1574 est
3192 1519 3590 1582 demonstrare,

345 1651 436 1693 res
462 1637 520 1692 in
564 1638 736 1693 veteri
765 1636 905 1709 Lege
934 1646 1085 1693 actas
1113 1638 1419 1693 futurarum
1454 1654 1636 1694 rerum
1670 1640 2117 1711 praedictionibus
2150 1640 2308 1695 fidem
2342 1638 2520 1694 facere
2547 1656 2561 1693 :
2591 1652 2822 1707 esseque
2853 1635 2975 1690 illas
3012 1649 3195 1689 rerum
3245 1632 3369 1687 novi
3397 1632 3592 1685 Testa-

347 1752 518 1805 menti
540 1758 726 1822 typum
746 1760 802 1807 et
826 1753 1098 1808 umbram.
1129 1751 1486 1818 Marcionem,
1517 1752 1874 1808 Manichazum
1918 1762 1973 1808 et
2011 1753 2239 1807 Paulum
2279 1751 2694 1809 Samosatcnum
2737 1749 2913 1805 obiter
2945 1747 3295 1819 perstringit,
3320 1754 3375 1801 et
3402 1752 3595 1816 postu-

348 1867 476 1924 latis
505 1868 560 1922 in
585 1868 695 1925 fine
719 1878 1037 1929 sanctorum
1069 1870 1327 1940 precibus
1358 1870 1638 1925 homiliam
1678 1870 1905 1926 claudit.

423 1975 621 2033 Incerti
648 1978 1156 2050 interpretationem
1181 1979 1452 2049 Latinam,
1489 1988 1676 2050 utpote
1704 1996 1813 2037 non
1844 1986 2173 2043 accuratam,
2204 1977 2514 2050 rejecimus,
2543 1989 2849 2038 novamque
2876 1974 3204 2044 paravimus.

343 2210 1503 2237 Μ

1708 2226 1771 2231 κ.-
1810 2225 2781 2236 _...—__—__._—_____—

1272 2630 1382 2702 IN
1424 2629 2173 2702 APOSTOLICUM
2222 2625 2675 2713 DICTUM,

332 2798 496 2843 κοιο
538 2798 653 2845 VOS
693 2799 1039 2856 IGNORARE,
1085 2800 1392 2855 FRATRES,
1438 2800 1607 2853 QUOD
1640 2800 1875 2843 PATRES
1916 2799 2139 2843 NOSTRI
2181 2799 2388 2843 OMNES
2434 2798 2549 2841 SUB
2579 2796 2745 2841 NUBE
2776 2794 3095 2850 FUERUNT,
3141 2793 3220 2839 EI
3247 2791 3454 2837 OMNES
3484 2792 3600 2837 Plit

1250 2900 1426 2945 manu
1474 2900 1918 2943 TRANSIEBUNT
1964 2880 2221 2961 (I..Cor.
2269 2879 2501 2960 1Ο.,1,)
2550 2878 2686 2959 (α).,

404 3112 459 3167 1.
498 3110 834 3168 Νθυιωνεοιη
860 3112 1023 3167 maris
1045 3121 1249 3183 partem
1280 3113 1531 3169 libentius
1553 3113 1911 3184 frequentant,

332 3220 452 3275 quae
481 3205 666 3260 multis
694 3206 934 3276 portibus
954 3206 1247 3277 insulisque
1272 3209 1527 3262 instructa
1557 3216 1658 3263 est.
1694 3208 1918 3278 Pelagus

333 3296 478 3350 enim
500 3296 757 3365 portubus
787 3300 1120 3361 destitutum,
1148 3299 1306 3352 etiam
1339 3298 1627 3367 tranquillo
1650 3309 1914 3367 tempore,

334 3388 562 3442 multum
606 3389 795 3443 incutit
833 3390 1201 3459 navigantibus
1246 3399 1530 3444 tremorem
1561 3409 1575 3444 :
1605 3391 1696 3444 ubi
1737 3399 1916 3446 autem

334 3490 526 3549 portus
554 3490 610 3535 et
634 3481 812 3537 littora
841 3482 1210 3553 undecumque
1238 3492 1438 3553 patent,
1461 3499 1581 3538 cum
1608 3499 1799 3555 magna
1829 3499 1918 3539 se-

334 3572 561 3625 curitate
582 3574 848 3643 navigant.
883 3574 1100 3628 Etiamsi
1126 3575 1267 3628 enim
1292 3590 1438 3629 mare
1459 3576 1788 3644 aliquantum
1816 3592 1918 3631 sa:-

332 3665 448 3720 vire
502 3665 738 3733 videant,
797 3682 919 3722 cum
968 3668 1022 3721 in
1063 3669 1309 3739 proximo
1357 3669 1615 3738 refugium
1668 3668 1916 3736 habeant,

334 3765 583 3825 prompte
614 3755 873 3827 facileque
897 3768 1118 3828 possunt
1140 3761 1208 3815 ab
1237 3760 1554 3815 instantibus
1579 3762 1831 3831 periculis
1856 3764 1920 3817 li-

334 3845 530 3900 berari.
566 3846 863 3919 Eapropter
883 3864 987 3904 non
1017 3850 1176 3905 modo
1200 3867 1319 3906 cum
1350 3868 1512 3922 prope
1538 3862 1748 3923 portum
1771 3863 1917 3921 sunt,

333 3936 429 3990 sed
458 3938 668 3992 etiamsi
712 3940 898 4009 procul
942 3941 1068 4007 sint,
1115 3956 1145 3996 a
1187 3943 1302 3997 solo
1329 3952 1511 4012 portus
1551 3954 1769 4014 aspectu
1808 3961 1922 3999 ma-

333 4042 496 4095 gnam
518 4029 936 4085 consolationem
963 4032 1249 4100 accipiunt.
1282 4034 1396 4087 Non
1418 4036 1559 4089 enim
1592 4052 1775 4105 parum
1801 4037 1921 4091 illos

335 4134 584 4175 recreare
632 4122 807 4176 solent
847 4124 1106 4177 montium
1147 4125 1419 4179 cacumina
1451 4127 1630 4195 procul
1677 4128 1808 4192 visa,
1840 4127 1921 4182 fu-

334 4227 460 4266 mus
488 4212 765 4279 exsiliens,
816 4222 870 4268 et
916 4216 1091 4269 ovium
1118 4230 1307 4285 greges
1352 4216 1417 4270 ad
1445 4217 1593 4271 littus
1617 4227 1918 4287 pascentes.

336 4302 541 4358 Verum
580 4305 670 4358 ubi
705 4305 770 4358 ad
809 4315 995 4374 portus
1037 4308 1333 4376 ingressum
1362 4309 1714 4377 devenerunt,
1763 4311 1920 4381 plena

336 4393 594 4449 fruuntur
622 4395 825 4449 lzetitia.
855 4396 1004 4451 Tunc
1030 4399 1174 4452 enim
1202 4408 1256 4453 et
1298 4415 1504 4454 remum
1531 4400 1826 4472 deponunt,
1868 4410 1922 4457 et

334 4501 568 4555 corpora
631 4488 899 4557 salsugine
970 4488 1212 4545 confecta
1269 4491 1584 4559 potabilibus
1651 4492 1922 4548 oblectant

334 4580 513 4649 aquis,
544 4588 598 4634 et
622 4578 689 4633 ad
729 4580 877 4634 littus
914 4581 1138 4650 egressi,
1166 4582 1218 4636 in
1247 4596 1495 4652 terraque
1535 4583 1690 4638 nudis
1725 4599 1920 4653 corpo-

336 4672 493 4729 ribus
520 4672 848 4742 aliquantum
879 4684 1176 4739 versantes,
1206 4674 1476 4729 nauticum
1516 4676 1919 4732 omne-taedium

335 4763 636 4832 deponunt.
667 4764 1125 4830 Quemadmodum
1156 4766 1313 4835 igitur
1336 4766 1408 4820 illi
1446 4781 1564 4821 eam
1606 4767 1768 4821 maris
1796 4782 1920 4836 par-

338 4866 452 4910 tem
479 4856 730 4910 libentius
769 4858 1159 4926 amplexantur,
1192 4859 1261 4913 ob
1285 4859 1587 4928 frequentes
1614 4860 1730 4915 illas
1758 4871 1813 4915 et
1836 4876 1922 4915 as-

338 4948 525 5004 siduas
560 4950 922 5004 recreationes
952 4965 965 5002 :
998 4950 1069 5004 ita
1105 4958 1159 5004 et
1192 4966 1291 5021 ego
1316 4950 1454 5005 hanc
1478 4953 1602 5006 anni
1634 4962 1922 5021 tempesta-

339 5054 450 5098 tem
488 5042 720 5097 maxime
747 5042 929 5113 diligo,
968 5058 1073 5097 non
1101 5046 1225 5112 quia
1264 5044 1472 5098 liberati
1510 5060 1694 5100 sumus
1724 5046 1919 5112 hieme,

336 5150 442 5190 nec
460 5134 607 5204 quod
640 5143 826 5189 aestate
864 5133 1101 5188 fruamur
1132 5135 1368 5206 zephyro
1412 5135 1645 5191 suaviter
1681 5135 1919 5203 amante,

336 5226 433 5281 sed
460 5226 585 5295 quia
612 5224 805 5279 adsunt
823 5225 1123 5294 spirituales
1151 5234 1353 5294 portus,
1385 5226 1474 5296 qui
1499 5242 1595 5281 nos
1620 5226 1924 5297 frequenter

336 5319 651 5388 excipiunt,
696 5319 815 5373 festi
859 5333 1050 5388 nempe
1093 5327 1403 5374 sanctorum
1442 5328 1740 5389 martyrum
1782 5320 1920 5377 dies.

337 5411 456 5464 Non
496 5407 640 5464 enim
687 5418 877 5478 portus
916 5408 1138 5478 perinde
1186 5418 1392 5473 nautas,
1442 5418 1601 5479 atque
1650 5409 1764 5464 dies
1805 5410 1924 5464 festi

336 5520 649 5566 Sanctorum
667 5509 857 5565 horum
886 5509 1068 5564 fideles
1093 5523 1340 5564 recreare
1362 5509 1554 5563 solent.
1580 5508 1703 5563 Illos
1725 5509 1922 5578 quippe

334 5618 367 5657 a
411 5599 669 5656 ﬂuctuum
728 5602 929 5671 impetu
973 5609 1028 5654 et
1066 5600 1314 5654 diuturna
1353 5599 1698 5668 remigatione
1739 5608 1922 5668 portus

338 5694 602 5758 liberant;
631 5693 730 5749 hos
756 5702 936 5747 autem
964 5691 1031 5746 ad
1075 5700 1366 5762 martyrum
1408 5689 1801 5747 solemnitatem
1830 5706 1920 5747 ac-

405 5809 479 5873 (α)
513 5809 688 5861 collata
712 5821 820 5861 cum
844 5816 949 5860 Mss.
973 5806 1261 5858 Colbertinis
1280 5805 1374 5855 970
1398 5808 1450 5856 et
1471 5805 1614 5856 3058.

2027 3110 2299 3175 cedentes,
2337 3125 2367 3164 a
2396 3109 2627 3164 violenta
2659 3124 2752 3178 per
2779 3107 3042 3179 malignos
3074 3108 3415 3177 impurosque
3445 3103 3604 3173 Spiri-

2024 3210 2130 3268 tus,
2160 3216 2361 3272 perque
2403 3200 2661 3256 absurdas
2689 3200 3038 3270 cogitationes
3077 3200 3130 3252 in
3173 3198 3351 3252 animo
3376 3196 3603 3250 excitata

2026 3302 2368 3363 tempestate,
2402 3301 2709 3346 sanctorum
2747 3291 3003 3345 memoria
3031 3289 3216 3359 eripit.
3246 3287 3369 3342 Sive
3397 3286 3515 3355 quis
3536 3302 3602 3338 ex

2024 3385 2268 3455 publicis,
2300 3385 2413 3440 sive
2456 3399 2520 3438 ex
2549 3382 2766 3454 privatis
2809 3382 3035 3452 negotiis
3076 3396 3307 3447 mmrore
3333 3388 3605 3434 contraeto

2024 3479 2128 3534 huc
2181 3477 2541 3549 ingrediatur,
2592 3476 2686 3531 illo
2725 3490 2945 3566 prorsus
2996 3474 3237 3543 deposito
3282 3472 3605 3533 revertitur,

2023 3581 2183 3641 atque
2211 3570 2512 3641 expeditior
2532 3568 2803 3638 leviorque
2828 3568 2957 3633 abit,
2983 3583 3089 3621 non
3118 3567 3289 3635 posito
3316 3580 3482 3626 remo,
3510 3576 3606 3615 nec

2024 3665 2222 3720 relictis
2250 3662 2647 3733 gubernaculis,
2676 3661 2770 3716 sed
2798 3676 3021 3715 excussa
3049 3660 3134 3713 illa
3166 3673 3390 3713 onerosa
3424 3656 3603 3708 varia-

2023 3772 2129 3829 que
2173 3756 2442 3812 saacularis
2486 3755 2713 3811 tristitia:
2764 3754 2990 3818 sarcina,
3044 3751 3319 3821 multaque
3365 3747 3601 3817 repletus

2024 3851 2190 3905 animi
2231 3850 2433 3905 laetitia.
2470 3848 2673 3904 Horum
2719 3848 2957 3901 omnium
2992 3861 3083 3899 vos
3126 3854 3290 3899 testes
3320 3842 3471 3904 estis,
3513 3839 3602 3908 qui

2025 3944 2081 3997 in
2108 3943 2491 3999 certaminibus
2532 3942 2673 3995 beati
2715 3939 2955 3994 Barlaam
3003 3938 3115 3991 hcri
3149 3935 3224 4007 (α)
3257 3932 3525 3997 Oblectati,
3555 3939 3609 3985 et

2025 4051 2146 4091 cum
2182 4050 2373 4104 magna
2404 4034 2788 4104 tranquillitate
2815 4032 2865 4084 in
2895 4031 3010 4099 ejus
3035 4037 3241 4098 portum
3272 4026 3600 4085 festinantes,

2027 4128 2358 4183 saecularium
2397 4141 2647 4180 curarum
2691 4122 3008 4193 salsuginem
3038 4121 3299 4183 abluistis,
3329 4130 3487 4187 atque
3516 4134 3608 4171 au-

2024 4219 2151 4275 ditis
2176 4220 2245 4274 de
2291 4219 2384 4273 illo
2426 4217 2785 4283 sermonibus,
2835 4216 2981 4269 leves
3024 4221 3079 4267 et
3118 4211 3347 4281 expediti
3390 4212 3605 4263 donnun

2027 4310 2346 4366 recessistis.
2375 4312 2448 4364 At
2470 4324 2598 4364 ecce
2626 4309 2727 4363 alia
2760 4316 3052 4378 martyrum
3093 4304 3297 4360 accedit
3320 4304 3604 4357 festivitas.

2028 4402 2207 4456 Donec
2236 4400 2396 4469 igitur
2415 4398 2713 4453 adillorum
2741 4407 2949 4468 portum
2976 4396 3322 4465 appellamus,
3355 4410 3451 4464 age
3473 4408 3605 4447 nau-

2028 4504 2109 4548 tas
2136 4494 2438 4559 imitemur;
2471 4501 2526 4549 et
2552 4493 2687 4547 sicut
2729 4493 2805 4546 illi
2846 4489 3153 4561 navigantes
3188 4490 3238 4543 in
3269 4489 3458 4565 pelago
3482 4502 3609 4541 can—

2025 4593 2160 4654 tant,
2195 4595 2353 4641 cantu
2381 4587 2617 4641 laborem
2664 4585 2910 4639 sedantes
2941 4600 2953 4636 :
2988 4583 3057 4636 ita
3097 4588 3153 4635 et
3191 4595 3289 4639 nos
3331 4578 3503 4633 donec
3541 4577 3608 4631 ad

2027 4675 2241 4731 illorum
2266 4685 2479 4746 portum
2509 4674 2862 4745 appellamus,
2901 4672 3203 4743 spirituales
3232 4671 3487 4739 quosdam
3520 4670 3604 4724 in-

2029 4778 2112 4824 ter
2163 4760 2273 4825 nos'
2304 4768 2641 4824 conferamus
2685 4782 2982 4831 sermones,
3027 4766 3185 4820 beato
3236 4763 3403 4818 Paulo
3447 4762 3602 4832 hujus

2028 4860 2231 4931 pulchri
2268 4860 2512 4929 colloquii
2542 4860 2677 4914 duce
2704 4857 3013 4924 constituto,
3046 4864 3106 4910 ut
3133 4870 3275 4920 eum,
3307 4869 3408 4924 qua
3432 4853 3607 4922 jusse-

2026 4952 2097 5006 rit
2114 4951 2207 5006 ille
2232 4950 2337 5015 via,
2361 4965 2666 5020 sequamur.
2689 4948 2927 5015 Quanam
2954 4960 3115 5017 porro
3142 4945 3293 5015 sequi
3313 4944 3394 4998 via
3415 4943 3605 5014 jubet?

2028 5044 2132 5100 Per
2162 5043 2427 5099 desertum
2456 5051 2511 5098 et
2544 5058 2637 5112 per
2663 5040 2936 5105 miracula,
2970 5054 3087 5110 quae
3112 5036 3219 5093 illic
3242 5037 3598 5107 contigerunt.

2028 5136 2239 5191 Etenim
2264 5135 2485 5192 audistis
2514 5136 2661 5189 illum
2691 5134 2848 5189 hodie
2870 5132 2949 5188 sic
2966 5132 3285 5187 clamantem
3316 5148 3330 5184 :
3361 5128 3499 5184 Nolo
3520 5145 3606 5183 vos

2026 5228 2279 5299 ignorare,
2321 5227 2523 5296 fratres,
2560 5225 2695 5295 quod
2738 5235 2907 5295 patres
2939 5225 3098 5277 nostri
3133 5240 3303 5277 omnes
3349 5222 3439 5276 sub
3478 5224 3608 5274 nube

2029 5321 2250 5389 fuerunt,
2292 5328 2539 5372 et~omnes
2577 5334 2667 5389 per
2713 5333 2852 5370 mare
2882 5317 3207 5381 transierunt,
3253 5326 3300 5369 et
3347 5331 3516 5369 omnes
3557 5315 3609 5366 in

2030 5412 2260 5483 Moysem
2287 5411 2529 5481 baptizati
2556 5418 2693 5477 sunt,
2725 5420 2771 5464 et
2796 5426 2967 5464 omnes
2998 5409 3222 5462 eamdem
3259 5423 3423 5461 escam
3452 5408 3607 5475 spiri-

2028 5503 2217 5556 tualem
2259 5501 2599 5566 comederunt,
2657 5509 2705 5554 et
2753 5516 2925 5554 omnes
2969 5500 3198 5553 eumdem
3248 5506 3419 5568 potum
3453 5496 3609 5566 spiri-

2030 5595 2215 5649 tualem
2242 5594 2488 5650 biberunt.
2515 5593 2758 5648 Bibebant
2808 5593 2940 5647 enim
2987 5592 3051 5646 de
3102 5588 3355 5661 spirituali
3381 5598 3610 5658 sequente

2030 5697 2208 5760 petra;
2232 5697 2375 5758 petra
2399 5695 2565 5741 autem
2601 5695 2709 5741 erat
2734 5685 2983 5741 Christus.
3017 5683 3123 5741 Sed
3160 5697 3261 5737 non
3297 5680 3351 5735 in
3377 5680 3608 5751 pluribus

2092 5802 2166 5868 (α)
2197 5805 2285 5855 Die
2305 5804 2601 5869 praecedenti
2620 5803 2686 5857 de
2710 5810 2855 5857 Beato
2876 5802 3087 5855 Barlaam
3104 5800 3262 5855 fuerat
3277 5800 3607 5855 eorctonstus.
