3990 6358
374 279 488 338 ὶὶὃ

365 404 549 444 eorum
600 389 961 459 bencplacitnm
990 391 1088 461 fuit
1131 388 1241 444 Deo
1268 405 1286 444 :
1314 388 1554 461 prostrati
1596 387 1728 441 enim
1767 395 1882 440 sunt
1915 386 1969 439 in

383 477 600 534 descrio.
648 477 769 533 "(ac
808 491 974 532 autent
1002 481 1183 551 figura:
1222 481 1382 534 nostri
1410 483 1573 550 fuere,
1604 487 1657 530 ut
1687 495 1790 531 non
1815 477 1972 532 simus

387 571 793 638 concupiscentes
817 573 1088 639 nullorum,
1109 574 1238 626 sicut
1262 582 1309 628 et
1329 573 1407 626 illi
1432 571 1861 639 concupiverunt;
1888 587 1974 623 ne-

388 680 484 732 que
507 662 796 719 idololatch
819 666 998 732 simus,
1029 666 1156 720 sicut
1185 665 1394 736 quidam
1430 662 1656 724 illorum,
1689 663 1819 715 sicut
1843 661 1974 715 scri-

399 769 546 824 p.'unt
577 768 653 811 est
677 772 693 809 :
720 757 864 811 Sedit
893 758 1116 824 populus
1143 754 1466 809 manducare
1491 763 1538 808 et
1572 753 1763 819 bibere,
1783 762 1832 806 et
1864 769 1980 807 stir-

401 855 650 900 rexerunt
684 847 882 900 ludere.
918 843 1099 914 Neque
1129 845 1470 914 fornicamur,
1502 844 1638 897 sicut
1667 844 1879 912 quidam
1909 843 1982 897 il-

401 937 573 990 lorum
592 937 842 1005 fornicati
867 947 1011 997 sunt,
1029 946 1074 989 et
1101 936 1399 990 ceciderunt
1417 955 1521 991 uno
1545 937 1647 1000 die,
1671 937 1855 1006 viginti
1877 937 1982 989 tria

398 1029 594 1085 millia.
615 1027 794 1098 Neque
812 1038 1066 1081 tentemus
1085 1028 1370 1090 Christum,
1391 1030 1525 1082 sicut
1540 1027 1978 1098 quidantillorum

399 1131 750 1183 tentaverunt,
771 1131 820 1175 et
841 1138 873 1174 α
890 1120 1216 1187 serpentibus
1236 1121 1520 1190 perierunt.
1548 1118 1729 1190 Neque
1746 1136 1979 1172 murmu-

398 1229 596 1274 remus,
615 1214 752 1266 sicut
774 1213 992 1282 quidam
1015 1213 1229 1266 illorum
1249 1222 1728 1275 murmurarerunt,
1747 1221 1795 1264 et
1817 1212 1978 1280 perie-

397 1315 520 1359 runt
551 1304 614 1357 ab
642 1305 1046 1358 exterminotore
1068 1304 1113 1375 (Ι
1144 1303 1266 1358 Cor.
1295 1306 1562 1370 1Ο.1-10;
1598 1303 1766 1357 Exod.
1791 1303 1877 1357 52.
1895 1303 1974 1372 6).

402 1397 666 1452 Videntur
682 1397 904 1467 quidem
936 1397 1358 1451 hiccinani'esta
1395 1397 1664 1464 esse;sed
1687 1398 1977 1468 diligenter

401 1488 806 1544 advertentibus
851 1488 1236 1544 dubitationem
1276 1487 1504 1544 alierum
1550 1503 1656 1543 non
1694 1490 1988 1559 vulgarem.

403 1579 615 1635 Etenim
647 1581 816 1651 [triuio
845 1583 1124 1652 qu:critur,
1152 1597 1246 1636 cur
1275 1589 1484 1636 veteres
1525 1590 1785 1636 memoret
1822 1581 1992 1635 histo-

403 1673 510 1726 rias
537 1689 550 1725 :
581 1683 636 1726 et
676 1688 778 1742 qua
817 1672 1214 1743 consequentia,
1256 1688 1378 1727 cum
1424 1671 1492 1726 de
1543 1672 1608 1726 iis
1649 1671 1991 1742 disputasset,

403 1776 522 1830 qua:
552 1762 706 1815 idolis
734 1772 856 1816 sunt
883 1763 1174 1830 immolata,
1207 1762 1260 1816 in
1289 1761 1427 1816 hanc
1464 1761 1708 1816 inciderit
1732 1763 1994 1816 narratio-

405 1870 552 1918 nem,
581 1869 642 1906 ea
669 1853 897 1909 all'erens
920 1854 972 1908 in
1003 1854 1256 1921 medium,
1287 1869 1406 1924 qua:
1432 1854 1483 1908 in
1517 1853 1731 1908 deserto
1759 1854 1996 1923 contige-

404 1954 550 2000 runt.
579 1943 762 2016 Neque
787 1946 932 2000 enim
975 1955 1178 2001 temere
1214 1945 1298 2000 vel
1350 1945 1569 2000 fortuito
1605 1959 1732 1999 casu
1782 1955 1996 1999 sanctus

406 2039 499 2092 ille
523 2037 778 2107 loquitur,
815 2037 910 2093 sed
945 2054 1067 2093 eum
1100 2053 1290 2111 magna
1316 2039 1718 2108 consequentia,
1756 2048 1810 2092 et
1835 2054 1996 2092 accu-

406 2138 576 2184 ratam
623 2145 838 2199 semper
888 2139 1066 2185 servat
1113 2130 1378 2186 dictorum
1425 2130 1848 2185 consonantiam.
1893 2131 2000 2184 Cur

407 2239 536 2294 ergo
576 2232 630 2278 et
667 2223 809 2278 unde
843 2224 894 2277 in
939 2223 1076 2278 hanc
1106 2224 1291 2279 incidit
1339 2215 2002 2292 historiamf'lncrepabat

410 2338 525 2389 eos,
543 2325 635 2390 qui
659 2329 861 2376 temere
891 2328 946 2374 et
969 2319 1084 2374 sine
1101 2323 1350 2374 examine
1367 2317 1432 2372 ad
1457 2317 1594 2372 idola
1625 2317 2000 2388 ingredieban-

414 2426 520 2481 tur,
555 2415 729 2484 deque
771 2417 968 2485 polluta
1006 2430 1193 2474 mensa
1217 2411 1595 2485 degustabant,
1641 2420 1800 2480 atque
1829 2409 2002 2465 idolo-

414 2510 564 2580 thyla
614 2510 1030 2580 contingebant:
1059 2521 1112 2566 et
1156 2526 1278 2565 cum
1324 2506 1646 2565 ostendisset
1681 2507 1832 2578 ipsos
1867 2503 2005 2561 .hinc

415 2599 613 2668 duplici
632 2599 828 2654 damno
857 2601 1021 2669 afﬁci,
1049 2618 1168 2658 cum
1197 2611 1254 2656 et
1297 2600 1521 2656 inﬁrmis
1565 2600 1884 2656 oll'endieulo
1913 2615 2002 2657 es-

417 2700 556 2756 sent,
589 2701 644 2746 et
670 2693 768 2763 ipsi
800 2693 1101 2748 daemonum
1128 2693 1410 2763 participes
1435 2701 1616 2748 essent
1641 2707 1657 2746 :
1681 2703 1734 2748 et
1761 2707 1882 2747 eum
1913 2708 2008 2762 per

415 2783 670 2852 pra-dicta
715 2785 844 2840 satis
872 2786 1302 2840 illorumattimos
1329 2785 1676 2853 coercuisset,
1701 2787 2001 2842 docuisset-

416 2889 542 2942 que,
573 2883 823 2945 0portere
848 2877 1058 2932 ﬁdelem
1088 2893 1192 2934 non
1237 2893 1330 2933 sua
1358 2888 1560 2932 tantum
1588 2879 1876 2949 respicere,
1912 2878 2008 2934 sed

419 2965 578 3018 etiam
614 2981 698 3031 ea,
728 2980 846 3036 qua:
891 2968 1119 3024 aliorum
1161 2970 1449 3024 multorum
1487 2981 1628 3036 sunt,
1662 2971 1850 3025 volens
1878 2971 2008 3041 ipsis

423 3056 666 3112 timorem
691 3059 910 3124 addere,
939 3071 1148 3116 veteres
1174 3061 1424 3116 historias
1445 3071 1847 3118 commemorat.
1875 3062 2014 3131 Quia

423 3153 563 3206 enim
592 3151 666 3206 illi
689 3153 852 3208 altum
880 3155 1176 3224 sapiehant,
1206 3164 1389 3225 utpote
1415 3154 1623 3222 lideles,
1656 3164 1710 3211 et
1733 3155 1801 3211 ab
1825 3170 2011 3212 errore

423 3243 653 3307 liberati,
697 3251 857 3314 atque
900 3247 1177 3300 scientiam
1223 3247 1514 3316 assequuti,
1563 3256 1618 3302 et
1659 3246 2007 3302 inell'abilium

425 3336 800 3405 mysteriorum
839 3338 1124 3406 participes
1162 3338 1357 3401 ell‘ecti,
1394 3338 1462 3392 ad
1493 3353 1824 3408 regnumque
1847 3339 2016 3395 czelon

424 3442 544 3480 rum
573 3428 742 3482 vocati
775 3445 790 3483 :
821 3428 1097 3484 declarare
1119 3431 1300 3484 volens
1325 3445 1511 3486 eorum
1540 3431 1742 3486 nullam
1769 3447 1890 3487 esse
1911 3433 2018 3486 uti-

426 3519 646 3583 litatem,
697 3520 796 3573 nisi
838 3520 1051 3576 adesset
1097 3521 1204 3575 vita
1237 3515 1396 3577 tantm
1438 3523 1624 3593 gratiae
1662 3537 1921 3590 consona,
1947 3538 2016 3580 ex

427 3614 594 3668 veteri
629 3613 845 3668 historia
870 3615 1015 3684 ipsos
1041 3614 1236 3668 erudit.

503 3703 558 3757 2.
589 3703 692 3759 Cur
719 3704 916 3760 Paulus
954 3701 1018 3760 de
1055 3708 1214 3776 pcenis
1243 3717 1563 3776 peccatorum
1586 3707 1793 3777 loquens
1829 3707 2017 3762 Veteris

433 3794 738 3850 Testamcnti
777 3798 936 3852 verbis
977 3808 1152 3852 utatur
1181 3801 1346 3869 potius
1381 3817 1535 3871 quant
1564 3799 1717 3854 Novi.
1743 3798 2016 3855 Pratterita

429 3897 568 3957 gesta
588 3889 874 3957 futurorum
902 3890 1307 3960 pranlictionibus
1333 3891 1484 3959 ﬁdem
1507 3893 1717 3961 faciunt.
1735 3920 1808 3931 —
1827 3893 1895 3945 At
1917 3891 2017 3946 hoc

433 3978 603 4044 ipsum
635 3979 850 4034 ’tnultas
894 3981 1267 4050 complectitur
1312 3983 1652 4050 qumstiones.
1685 3980 1792 4036 Cur
1816 3996 1919 4036 non
1950 3999 2016 4036 ex

432 4069 609 4123 verbis
633 4070 828 4125 Christi
849 4074 902 4128 in
922 4074 1215 4149 Evangelia
1235 4073 1419 4142 positis
1439 4089 1559 4128 cum
1588 4072 1716 4142 ipsis
1736 4071 1972 4142 disputet
1995 4075 2021 4127 ?

434 4175 530 4214 cur
553 4176 656 4215 non
678 4161 976 4232 gehennam
1005 4174 1287 4228 memoret,
1315 4179 1418 4218 non
1438 4162 1686 4218 tenebras
1701 4166 2016 4230 exteriores,

436 4267 542 4305 non
569 4264 887 4309 venenatum
912 4271 1145 4309 vermcm
1165 4295 1180 4318 ,
1223 4273 1328 4310 non
1361 4257 1568 4311 vincula
1594 4265 1849 4328 perpetua
1869 4298 1883 4320 ,
1913 4272 2018 4310 non

437 4345 610 4413 ignem
641 4353 880 4413 paratum
905 4344 1117 4399 diabolo
1142 4355 1196 4401 et
1223 4347 1426 4417 angelis
1445 4347 1704 4416 ejus,non
1731 4345 2021 4401 stridorem

437 4435 675 4489 dentium
696 4477 710 4500 ,
742 4446 794 4490 et
820 4437 920 4490 alia
948 4437 1321 4492 inenarrabilia
1346 4438 1644 4508 supplicia?
1667 4437 1722 4492 Si
1746 4437 1889 4493 enim
1918 4445 2024 4491 ter-

437 4542 557 4582 rere
583 4527 774 4592 voluit,
803 4543 831 4580 a
859 4528 1191 4598 gravioribus
1216 4528 1266 4581 id
1296 4528 1594 4584 faciendum
1624 4529 1890 4598 Oportuit,
1915 4543 2022 4582 non

439 4626 615 4673 autem
645 4617 711 4672 ab
739 4619 802 4672 iis
821 4660 836 4685 ,
863 4635 982 4688 qua:
1026 4620 1078 4673 in
1109 4618 1323 4673 deserto
1347 4621 1702 4688 contigerunt.
1733 4619 1812 4674 Illi
1843 4617 1985 4673 enim
2006 4658 2022 4684 ,

435 4711 646 4767 etiamsi
679 4712 819 4780 plcxi
849 4713 985 4776 sint,
1020 4718 1076 4766 at
1116 4711 1328 4766 mitiore
1377 4721 1432 4765 et
1471 4721 1812 4780 temporanea
1837 4723 2023 4778 poena,

434 4815 592 4873 atque
623 4819 724 4857 una
753 4813 956 4858 tantum
983 4803 1068 4857 die
1087 4818 1102 4867 ;
1122 4802 1175 4856 hi
1206 4802 1687 4857 autemimmortali
1709 4817 1772 4858 ac
1790 4801 2021 4871 graviori

437 4905 561 4950 sunt
589 4895 850 4964 supplicio
877 4894 1166 4964 plectendi.
1208 4894 1314 4949 Cur
1334 4910 1462 4964 ergo
1489 4895 1609 4948 illos
1640 4911 1744 4949 non
1775 4910 1840 4948 ex
1877 4895 2023 4948 hisce

439 4987 660 5049 terruit,
692 5002 862 5056 neque
889 4986 1090 5040 Christi
1127 4985 1266 5040 dicta
1309 4986 1748 5040 connnemoravit
1772 4986 1794 5038 ?
1815 4985 2030 5040 Poterat

440 5081 584 5132 enim
617 5077 721 5132 illis
763 5079 978 5145 dicere,
1023 5079 1160 5133 Nolo
1189 5093 1285 5133 vos
1329 5080 1608 5147 ignorare,
1642 5077 1831 5132 fratres
1854 5117 1869 5143 ,
1897 5092 2033 5146 quas

441 5171 587 5239 leges
619 5169 863 5224 Christus
890 5171 1126 5240 posuerit
1155 5171 1238 5237 iis,
1281 5171 1370 5241 qui
1418 5186 1540 5225 cum
1569 5171 1727 5224 lidcm
1769 5169 2027 5232 habeant,

440 5262 606 5314 vitam
656 5270 836 5316 tamen
888 5262 1145 5330 optimam
1193 5277 1298 5317 non
1347 5261 1621 5316 exhibent.
1683 5259 1892 5314 Etenim
1936 5273 2030 5313 eos

444 5353 637 5416 etiam,
688 5353 776 5421 qui
828 5353 1079 5408 miracula
1133 5353 1416 5423 patrabant
1453 5362 1508 5408 et
1550 5352 1844 5422 prophetia:
1887 5351 2030 5406 dono

448 5445 752 5514 fulgebant,
786 5443 1011 5499 exclusit
1037 5461 1067 5500 a
1111 5461 1277 5517 regno
1299 5447 1550 5500 caelorum
1570 5487 1586 5511 ,
1613 5445 1798 5500 dicens
1832 5461 1846 5499 :
1877 5443 2029 5496 Multi

445 5538 609 5592 dicent
631 5539 754 5592 mihi
780 5539 833 5592 in
855 5537 937 5592 die
956 5537 1078 5604 illa,
1111 5538 1325 5593 Domine
1343 5582 1358 5606 ,
1387 5539 1634 5604 Domine,
1663 5554 1830 5594 nonne
1853 5538 1906 5591 in
1934 5554 2027 5590 no-

451 5631 581 5682 mine
607 5641 689 5684 tuo
711 5631 960 5685 dwmonia
982 5630 1217 5699 ejecimus
1238 5673 1252 5694 ,
1277 5642 1322 5684 et
1349 5632 1402 5685 in
1422 5633 1624 5687 nomine
1647 5643 1732 5684 tuo
1756 5630 2028 5701 prapheta-

453 5721 640 5788 rimus,
661 5732 718 5795 et.
744 5724 959 5778 rirtutes
993 5721 1186 5780 multas
1211 5721 1465 5793 fecimus?
1494 5723 1562 5780 Et
1590 5733 1710 5779 tunc
1742 5724 2025 5796 confitebor

1089 275 1144 330 S.
1186 272 1468 330 JOANNIS
1504 269 1980 327 CllliYSOSTOMl
2017 273 2337 335 ARCHIEP.
2379 272 2925 332 CONSTANTINOP.

3549 271 3656 326 ‘2“

2076 394 2174 458 eis,
2193 392 2432 447 Recedite
2453 409 2486 446 a
2504 407 2602 451 me.
2625 406 2729 443 non
2751 390 2868 442 novi
2901 403 3012 450 eos,
3036 390 3127 456 qui
3151 386 3444 456 operamini
3463 386 3657 451 iniqui-

2083 494 2243 538 tatem
2279 485 2494 552 (Matth.
2518 482 2677 538 7&2.
2702 480 2814 550 25).
2849 478 2914 531 Ει
2935 479 3178 548 virgines
3198 492 3417 547 quoque
3451 491 3556 528 non
3589 475 3659 529 de

2075 577 2181 632 ﬁde
2201 585 2255 632 et
2275 575 2625 645 dogmatibus
2648 587 2906 645 arguens.
2926 571 3022 626 sed
3057 570 3126 624 de
3159 584 3416 640 perversa
3450 569 3583 630 vita,
3603 576 3659 620 ct

2074 670 2479 723 inhumanitate
2501 675 2556 721 et
2578 666 2928 730 crudelitate,
2951 664 3186 718 exclusit
3219 679 3248 716 e
3278 662 3522 716 thalamo
3553 675 3657 712 nu-

2073 762 2224 833 ptiali
2246 759 2464 834 (Matth.
2485 759 2579 814 25.
2606 758 2830 828 10-12);
2857 758 3010 812 illum
3036 771 3166 810 vero
3185 754 3276 823 qui
3300 751 3543 808 sordidis
3572 751 3660 804 in-

2083 853 2244 908 dutus
2272 861 2391 907 erat
2414 853 2683 916 vestibus,
2729 853 2848 907 ideo
2877 852 3111 906 vinclum
3152 849 3308 920 ejecit
3340 847 3562 919 (Matth.
3583 845 3680 901 ἓξ.

2084 945 2146 998 11
2179 974 2206 984 -
2233 944 2325 1011 15)
2358 961 2370 996 :
2403 958 2508 998 non
2532 943 2674 1014 quod
2703 943 2950 1013 dogmata
2974 951 3117 996 recta
3155 957 3260 996 non
3317 949 3554 1003 teneret,
3584 938 3679 992 sed

2084 1037 2226 1106 quod
2248 1036 2409 1090 vitam
2441 1035 2712 1090 sordidam
2737 1046 2791 1090 et
2820 1036 3083 1104 impuram
3108 1034 3336 1103 egisset;
3368 1033 3487 1085 illus
3515 1033 3638 1085 item
3663 1071 3681 1094 ,

2085 1143 2219 1197 quos
2249 1127 2438 1182 abduci
2466 1127 2626 1196 jussit
2653 1127 2704 1182 in
2735 1127 2910 1197 ignem
2945 1133 3187 1196 paratum
3213 1124 3425 1178 diabolo
3451 1133 3506 1177 et
3531 1137 3686 1190 ange-

2088 1219 2154 1272 lis
2197 1220 2312 1286 ejus
2353 1218 2568 1289 (Matth.
2599 1217 2691 1274 25.
2748 1218 2864 1288 41),
2919 1232 3022 1270 non
3057 1226 3335 1285 propterea
3368 1214 3459 1266 illo
3504 1213 3683 1275 misit,

2090 1311 2231 1380 quod
2271 1326 2302 1365 a
2353 1309 2458 1365 lide
2502 1309 2863 1374 excidissent,
2905 1307 2998 1363 sed
3027 1305 3166 1376 quod
3213 1305 3406 1360 nullius
3434 1318 3686 1372 umquam

2093 1403 2299 1458 miserti
2329 1414 2532 1458 essent.
2570 1402 2695 1456 Haec
2739 1400 2918 1454 omnia
2959 1407 3014 1454 et
3038 1397 3230 1452 similia
3259 1407 3694 1450 commemorare

2094 1505 2322 1566 poterat,
2351 1510 2413 1549 ac
2436 1494 2616 1549 dicere
2637 1536 2649 1556 ,
2681 1492 2816 1547 Nolo
2862 1506 2961 1544 vos
3011 1491 3256 1559 ignorare
3282 1530 3295 1553 ,
3331 1489 3557 1550 fratres,
3593 1485 3691 1538 hos

2095 1601 2284 1644 omnes
2311 1587 2630 1658 baptismum
2655 1599 2775 1640 esse
2813 1588 3172 1652 consequutos
3207 1588 3263 1634 et
3311 1579 3691 1650 mysteriorum

2098 1679 2382 1752 participes
2405 1677 2655 1740 effectos,
2685 1675 2906 1728 multam
2949 1671 3262 1729 exhibuisse
3289 1670 3448 1724 ﬁdem
3469 1710 3486 1734 ,
3512 1669 3692 1724 scien—

2099 1773 2227 1827 tiam
2256 1772 2507 1828 habuisse
2538 1769 2828 1840 perfcctam
2849 1784 2863 1833 ;
2887 1767 2980 1821 sed
3007 1766 3129 1836 quia
3157 1765 3318 1818 vitam
3351 1762 3472 1818 ﬁdei
3495 1775 3694 1816 consu-

2101 1885 2223 1924 nam
2258 1883 2362 1922 non
2391 1867 2766 1930 instituerunt,
2792 1879 2822 1918 a
2853 1877 3020 1933 regno
3039 1860 3293 1915 exclusos
3313 1899 3328 1922 ,
3360 1867 3414 1912 et
3443 1855 3551 1927 igni
3584 1867 3694 1908 tra-

2100 1960 2240 2016 ditos
2271 1959 2451 2014 fuisse.
2492 1958 2601 2013 Cur
2641 1971 2769 2026 ergo
2800 1955 2914 2009 haec
2952 1967 3058 2006 non
3085 1951 3244 2014 dixit,
3279 1948 3374 2004 sed
3403 1949 3487 2001 his
3517 1946 3698 2000 missis

2102 2051 2354 2105 omnibus
2375 2092 2389 2115 ,
2422 2049 2501 2104 sic
2528 2048 2778 2118 loquutus
2807 2054 2922 2100 est:
2957 2042 3096 2097 Nolo
3122 2052 3288 2095 autem
3312 2056 3397 2093 vos
3427 2040 3696 2108 ignorare,

2102 2147 2308 2214 fratres,
2336 2141 2473 2212 quod
2498 2150 2666 2210 patres
2693 2137 2850 2190 nostri
2876 2151 3049 2189 omnes
3084 2133 3176 2187 sub
3215 2131 3345 2185 nube
3371 2135 3574 2201 fuerunt
3592 2169 3609 2193 ,
3641 2138 3698 2180 et

2105 2250 2166 2290 ea
2199 2245 2659 2295 commemorans,
2687 2245 2807 2298 qua:
2837 2226 2903 2281 ad
2933 2225 3170 2296 Moysem
3199 2221 3548 2293 spectabant,
3579 2234 3701 2288 qua:

2107 2326 2174 2383 ad
2201 2327 2424 2398 gratiam
2454 2322 2797 2393 pertinebant
2825 2319 3038 2375 tacuit?
3063 2317 3183 2373 Non
3210 2326 3413 2372 temere
3444 2330 3543 2369 nec
3583 2314 3699 2366 sine

2107 2432 2268 2471 causa
2299 2416 2378 2470 sic
2401 2415 2543 2483 agit;
2577 2413 2743 2467 multa
2780 2410 2978 2481 quippe
3021 2407 3280 2478 sapientia
3328 2407 3516 2472 plenus
3564 2412 3702 2459 erat.

2107 2507 2212 2563 Sed
2243 2522 2372 2563 cur.
2427 2516 2482 2560 et
2526 2514 2743 2575 propter
2763 2502 2888 2574 quid
2925 2502 2948 2554 ‘l
2980 2500 3192 2555 Duabus
3214 2498 3363 2552 hisce
3391 2497 3460 2551 de
3485 2496 3700 2561 causis;

2109 2609 2168 2659 ut
2195 2599 2448 2659 videlicet
2477 2598 2601 2653 illos
2630 2603 2897 2666 tangeret,
2927 2590 3200 2658 simulque
3225 2587 3560 2655 Ostenderet,
3589 2605 3703 2648 nm.

2109 2710 2267 2767 gnam
2291 2709 2412 2749 esse
2443 2692 2816 2763 cognationem
2845 2689 3012 2745 Vetus
3037 2689 3176 2744 inter
3195 2697 3250 2744 et
3279 2687 3482 2742 Novum
3511 2687 3701 2740 Testa-

2111 2795 2374 2842 mentum.
2405 2785 2667 2852 Quoniam
2694 2783 2838 2838 enim
2871 2780 3024 2834 multi
3053 2789 3207 2844 sunt,
3252 2779 3342 2848 qui
3383 2793 3482 2832 nec
3505 2777 3703 2847 gehen-

2113 2895 2236 2936 nam
2260 2893 2359 2934 nec
2379 2876 2698 2948 supplicium
2716 2890 2836 2929 esse
2865 2880 3082 2944 putant,
3111 2871 3203 2925 sed
3231 2879 3509 2924 autumant
3537 2869 3704 2922 Deum

2113 2972 2467 3043 simpliciter,
2511 2978 2569 3024 ut
2611 2979 2811 3022 metum
2842 2976 2897 3021 et
2949 2964 3356 3034 temperantiam
3399 2963 3702 3024 induceret,

2114 3062 2231 3118 hate
2257 3065 2636 3118 comminatum
2659 3073 2810 3123 esse,
2839 3072 3077 3111 vermem
3107 3055 3464 3110 immortalem
3484 3096 3499 3119 ,
3531 3055 3704 3124 ignem

2117 3153 2636 3222 inexstinguibilem;
2669 3151 2918 3204 tenebras
2945 3149 3279 3212 exteriores,
3309 3146 3403 3201 sed
3433 3161 3537 3199 non
3585 3159 3708 3214 pes-

2115 3255 2241 3302 sunt
2287 3244 2573 3316 pratteritis
2631 3242 2790 3298 ﬁdem
2819 3256 3036 3313 negare.
3067 3239 3200 3294 Nam
3222 3256 3340 3310 quae
3382 3240 3518 3292 facta
3550 3248 3666 3292 sunt
3692 3280 3708 3300 ,

2117 3356 2226 3411 quo
2273 3349 2428 3410 pacto
2481 3337 2601 3408 quis
2657 3335 2838 3390 dicere
2878 3335 3049 3404 possit
3097 3349 3204 3388 non
3252 3332 3388 3386 facta
3429 3335 3600 3386 esse?
3643 3331 3712 3384 lis

2118 3437 2315 3506 quippe
2345 3448 2463 3502 qua:
2493 3447 2601 3486 non
2632 3430 2766 3497 visa,
2799 3443 2897 3484 nec
2923 3429 2973 3482 in
3007 3442 3142 3497 opus
3170 3426 3358 3481 educta
3379 3433 3531 3487 sunt,
3557 3425 3706 3477 multi

2119 3543 2225 3580 non
2255 3524 2515 3588 credunt;
2545 3524 2609 3577 iis
2636 3532 2813 3577 autem
2837 3536 2955 3592 quae
2986 3518 3122 3574 facta
3161 3528 3319 3582 sunt,
3367 3526 3421 3570 et
3449 3517 3515 3569 ad
3551 3517 3709 3569 ﬁnem

2119 3617 2368 3682 deducta,
2401 3614 2740 3686 quantumvis
2767 3626 3052 3683 perversus
3081 3620 3136 3665 et
3161 3609 3434 3678 improbus
3459 3609 3580 3678 quis
3603 3605 3712 3659 fue-

2120 3713 2220 3777 rit,
2255 3726 2323 3766 ne
2360 3709 2575 3780 quidem
2605 3709 2648 3764 si
2674 3708 2836 3773 velit,
2867 3705 3062 3777 poterit
3097 3704 3256 3758 ﬁdem
3283 3718 3498 3772 negare.
3547 3700 3624 3755 Ab
3651 3701 3716 3754 iis

2123 3820 2285 3875 ergo,
2331 3818 2450 3873 qua:
2477 3804 2529 3856 in
2559 3800 2808 3857 conlesso
2845 3797 2983 3868 apud
3011 3812 3200 3852 omnes
3237 3805 3392 3858 sunt,
3425 3803 3612 3864 utpote
3641 3794 3715 3846 la-

2123 3905 2210 3951 cta
2234 3937 2248 3959 ,
2274 3909 2497 3964 quorum
2534 3892 2693 3946 etiam
2720 3890 2958 3958 reliquias
2987 3897 3237 3952 manent,
3283 3885 3395 3938 vult
3419 3899 3514 3939 eos
3539 3884 3608 3937 de
3633 3899 3715 3937 re-

2124 3996 2212 4041 cto
2245 3985 2334 4038 Dei
2370 3984 2570 4054 judicio
2597 3982 2714 4036 ﬁeri
2743 3979 3037 4043 certiores;
3067 3993 3131 4032 ac
3159 3979 3202 4032 si
3230 3977 3434 4032 diceret
3471 3993 3484 4028 :
3526 3975 3583 4028 Si
3612 3991 3713 4028 non

2127 4088 2281 4148 putas
2299 4093 2419 4132 esse
2441 4075 2769 4146 gehennam,
2815 4086 2989 4142 neque
3016 4085 3225 4139 paenam
3247 4111 3261 4133 ,
3310 4083 3484 4139 neque
3513 4065 3718 4135 suppli-

2128 4170 2304 4234 cium,
2336 4168 2430 4224 sed
2460 4168 2626 4221 Deum
2657 4165 2853 4219 frustra
2877 4163 3257 4218 comminutum
3279 4175 3429 4224 esse,
3452 4160 3718 4228 prmterila

2128 4273 2410 4333 repetens,
2457 4261 2648 4315 l'uturis
2691 4260 2852 4314 etiam
2899 4256 3082 4311 crede.
3116 4255 3174 4309 Si
3201 4254 3342 4308 enim
3391 4254 3432 4306 is
3480 4253 3596 4320 ipse
3644 4259 3721 4305 est

2131 4356 2306 4419 Dens,
2335 4354 2424 4422 qui
2453 4361 2508 4407 et
2542 4350 2808 4420 prmterita
2845 4357 2899 4403 et
2926 4346 3203 4416 praiscntia
3231 4345 3538 4413 dispensat;
3573 4345 3722 4395 item-

2130 4463 2235 4517 que
2264 4462 2325 4501 ea
2353 4461 2470 4515 quae
2497 4444 2596 4498 sub
2623 4441 2804 4497 Veteri
2838 4440 3000 4509 Lege,
3029 4447 3084 4492 et
3111 4453 3171 4491 ea
3199 4452 3318 4506 quae
3351 4435 3402 4488 in
3428 4443 3572 4488 statu
3602 4451 3720 4503 gra-

2132 4542 2221 4596 tim
2241 4583 2254 4604 ,
2287 4539 2424 4593 sicut
2461 4550 2648 4592 revera
2694 4534 2833 4589 idem
2862 4541 2914 4587 et
2943 4531 3057 4601 ipse
3076 4539 3157 4584 est
3178 4569 3195 4595 ,
3226 4543 3326 4598 qua
3365 4527 3576 4580 ratione
3609 4526 3722 4579 illos

2133 4633 2354 4705 quidem
2407 4636 2693 4700 peccantes
2717 4624 2996 4694 castigavit
3022 4630 3077 4677 et
3119 4620 3293 4690 poenis
3321 4617 3579 4685 subjecit,
3631 4630 3723 4670 nos

2132 4741 2260 4781 vero
2281 4723 2368 4793 qui
2392 4721 2569 4792 paria,
2590 4720 2698 4774 imo
2729 4718 2898 4772 multo
2923 4715 3166 4786 graviora
3198 4710 3513 4764 admisimus
3533 4751 3548 4774 ,
3585 4708 3724 4761 inul-

2137 4827 2221 4872 tos
2245 4816 2476 4871 dimittet
2493 4815 2517 4866 ?
2533 4815 2726 4879 Quaero
2748 4810 2928 4882 igitur,
2951 4823 3130 4861 annon
3151 4805 3318 4860 Judari
3337 4802 3584 4857 fornicati
3607 4809 3725 4854 sunt

2137 4920 2191 4966 et
2231 4909 2370 4978 plexi
2414 4908 2579 4960 sunt?
2606 4919 2781 4957 annon
2828 4906 3330 4960 murmuraverunt,
3368 4904 3424 4948 et
3466 4892 3726 4962 supplicio

2136 5012 2262 5058 sunt
2287 5001 2460 5056 allecti
2487 5001 2510 5052 ’ὲ
2534 4997 2591 5053 Id
2621 4995 2864 5052 conﬁteri
2907 5007 3128 5046 necesse
3153 4999 3253 5045 est.
3295 4984 3578 5053 Quomodo
3603 4999 3726 5051 ergo

2136 5096 2228 5166 qui
2258 5095 2380 5148 illos
2423 5091 2601 5146 aﬁ'ccit
2623 5105 2777 5160 poena
2799 5130 2814 5153 ,
2843 5097 2895 5142 te
2927 5087 3073 5156 paria
3095 5098 3283 5138 ausum
3307 5079 3601 5149 pra-teribit
3631 5076 3721 5130 Hd

2138 5203 2266 5243 sane
2288 5201 2395 5241 non
2427 5193 2510 5239 est
2537 5183 2730 5238 rationi
2777 5193 3074 5236 consonum
3095 5179 3133 5230 ι.
3169 5178 3237 5229 At
3284 5173 3372 5228 hic
3401 5187 3505 5226 non
3535 5169 3724 5224 dedisti

2141 5278 2376 5350 pmnas?
2413 5275 2539 5331 Ideo
2585 5273 2821 5328 maxime
2861 5269 3020 5326 crede
3071 5267 3370 5338 gehennam
3422 5278 3544 5318 esse
3571 5272 3725 5329 atque

2138 5372 2496 5442 supplicium,
2529 5369 2650 5437 quia
2697 5366 2783 5420 hic
2823 5381 2929 5419 non
2985 5361 3180 5418 dedisti
3213 5374 3415 5429 prunas.
3451 5356 3562 5410 Nisi
3587 5355 3721 5409 enim

2142 5465 2366 5536 posthac
2407 5461 2620 5532 aliquod
2667 5459 2986 5530 supplicium
3035 5455 3270 5510 futurum
3310 5461 3494 5517 esset,
3529 5463 3722 5518 nequa-

2205 5603 2221 5632 ‘-
2257 5599 2399 5650 savii.
2426 5600 2474 5647 in
2497 5599 2718 5659 margine
2743 5597 2848 5646 haec
2871 5591 3169 5659 adt_lil.,___illos
3192 5589 3389 5652 quidem
3413 5592 3606 5659 propter
3627 5596 3722 5659 pec:

2141 5670 2248 5712 cata
2272 5663 2496 5726 plectere,
2520 5650 2734 5726 noscere
2757 5657 2974 5722 quamvis
3005 5650 3322 5716 illortun‘quw
3341 5650 3491 5701 multo
3511 5654 3727 5711 mortem

2141 5733 2246 5777 sunt
2273 5722 2381 5776 reos
2404 5737 2495 5775 non
2518 5722 2743 5786 plectere.
