3990 6358
517 325 624 384 245

515 445 629 509 τοῖς
661 439 945 511 προτέροις
979 435 1272 507 τολμήσας,
1307 430 1656 503 ἀτιμώρητος
1695 426 1961 511 ἔμεινας.-
1984 418 2095 511 ῐξαὶ

519 505 805 581 σὺντοίνυν
833 505 984 575 ’ὅταν
1037 505 1208 589 λάϐῃς
1254 515 1376 570 τινά
1425 512 1662 585 χαῦνον,
1716 511 1811 564 καὶ
1858 505 2100 589 διαλελυξ-

521 612 702 682 μένον,
745 608 838 662 καὶ
883 603 1080 674 πολλὴν
1129 587 1421 669 ἀσέλγειαν
1479 594 1951 682 ἐπιδεικνύμενον,
2003 587 2098 682 καὶ

519 673 656 763 λέγῃ
687 692 820 761 πρὸς
845 689 925 751 σε,
961 673 1045 740 ὅτι
1080 686 1245 758 μῦθος
1281 683 1455 736 ταῦτά
1497 683 1664 744 ἐστιν,
1698 679 1804 763 οῦκ
1842 676 1960 763 ἐστι
2007 673 2100 763 κό-

517 757 694 838 λασίς,
729 757 852 827 οὗτε
881 757 1093 841 γέεννα,
1132 769 1245 823 ἀλλ’
1273 765 1460 827 ἁπλῶς
1507 767 1535 819 6
1571 763 1702 826 Θεὸς
1741 759 1910 834 [259.]-
1940 757 2100 828 ¹Ιγτιεί-

517 859 651 931 λησε
711 858 946 927 φοϐῆσαι
997 853 1339 925 βουλόμενος,
1390 847 1516 916 λέγε
1567 845 1703 931 πρὸς
1738 844 1932 931 αὐτόν·
1972 843 2100 894 Ἀν-

520 925 733 1014 θρωπε,
757 925 868 1002 τοῖς
893 936 1174 1009 μέλλουσιν
1199 935 1467 995 ἀπιστεῖς,
1497 928 1691 1014 ἐπειδή
1719 927 1792 1014 μὴ
1827 925 2098 1014 φαίνεται,

523 1010 659 1098 μηδέ
687 1026 766 1088 εἰς
799 1023 961 1093 μέσον
993 1016 1145 1090 ἦλθε,
1172 1017 1306 1089 μηδὲ
1331 1015 1436 1069 ὑπὸ
1459 1015 1570 1076 τοῖς
1601 1010 1900 1098 ὀφθαλμοῖς
1923 1010 2098 1098 κεῖται

518 1090 633 1172 τοῖς
664 1090 952 1178 ἡμετέροις
974 1121 985 1134 ·
1023 1102 1097 1174 μή
1136 1103 1227 1155 ἐπὶ
1257 1103 1366 1162 τοῖς
1396 1094 1784 1178 γεγενημένοις
1819 1091 1921 1178 καὶ,
1948 1090 2100 1178 τέλος

520 1175 766 1262 εἰληφόσι
805 1175 1028 1241 δυνατὸν
1062 1182 1362 1253 ἀπιστῆσαί
1392 1196 1543 1244 τινας
1588 1177 1868 1262 Ἐννόησόν
1904 1192 2001 1262 *μοι
2023 1175 2100 1262 τά

521 1257 729 1345 Σόδομα
757 1274 851 1328 κει)⁸
887 1270 956 1324 τά
987 1270 1260 1340 Γόμορρα.
1305 1264 1518 1335 Ἐκείνη
1561 1263 1622 1318 δέ
1661 1261 1816 1345 χώρα
1850 1259 1916 1315 διῗ
1951 1257 2102 1345 οὐδε-

525 1341 665 1430 μίαν-
684 1357 874 1428 ἑτέραν
920 1351 1194 1424 ἁμαρτίαν
1228 1348 1494 1418 τοσαύτην
1534 1347 1710 1430 ἔδωκε,
1737 1344 1912 1430 δίκην,
2018 1341 2100 1394 ὅτι

523 1426 873 1514 παρανόμους
901 1437 1194 1506 εἰσήγαγον
1223 1433 1397 1504 μίξεις
1423 1431 1483 1485 οί,
1505 1430 1605 1494 τάς
1631 1428 1812 1514 πόλεις
1844 1426 2100 1514 οἰκήσαν-

523 1507 620 1591 τες
645 1507 879 1588 ἐκείνας,
909 1522 1003 1574 καὶ
1027 1519 1298 1588 ἀθέσμους
1332 1515 1562 1587 ἔρωτας,
1591 1512 1684 1566 καὶ
1710 1513 1839 1591 τοὺς
1862 1511 1961 1580 τῆς
1995 1507 2102 1576 φύ-

526 1589 664 1673 σεως
696 1609 892 1678 νόμους
921 1606 985 1658 ἐκ
1019 1602 1234 1673 βάθρων
1270 1598 1592 1670 ἀνέτρεψαν.
1629 1595 1752 1658 Πῶς
1781 1589 1874 1647 οῦν
1901 1592 1967 1645 ἂν
1988 1591 2101 1678 έχοι

522 1693 701 1762 λόγον,
748 1677 839 1744 τὸν
881 1688 1033 1751 Θεὸν,
1077 1686 1167 1740 τὸν
1215 1683 1376 1739 αὑτὸν
1413 1683 1544 1736 ὄντα
1589 1681 1684 1734 καὶ
1711 1680 1832 1733 τότε
1863 1678 1957 1731 καὶ
1985 1677 2101 1762 νῦν,

522 1758 766 1837 ἐκείνους
805 1774 901 1845 μὲν
941 1769 1354 1842 ἁμαρτάνοντας
1389 1765 1614 1820 κολάσαι
1645 1763 1825 1834 χωρὶς,
1855 1758 2103 1845 συγγνώ-

528 1877 635 1931 μης
664 1842 900 1926 ἀπάσης,
937 1855 996 1909 σὲ
1027 1855 1082 1906 δέ
1109 1852 1200 1906 τὸν
1231 1850 1345 1921 μετ’
1380 1849 1620 1908 ἐκείνους
1649 1845 1982 1931 ἁμαρτόντα,
2012 1842 2102 1896 τὸν

525 1928 704 2013 πολλῷ
747 1941 990 2012 μείζονος
1023 1937 1149 1990 δντα
1176 1933 1446 2005 τιμωρίας
1495 1933 1643 1997 ἀξιον
1671 1931 1775 1986 καὶ.
1805 1928 2099 2013 κολάσεως,

523 2029 634 2098 ὅσῳ
669 2012 762 2079 καὶ
795 2024 1017 2095 χάριτος
1049 2018 1370 2091 ἀπήλαυσας
1391 2056 1407 2080 ,
1451 2018 1544 2070 καὶ
1575 2015 1695 2070 οὑδέ
1730 2016 1852 2076 ταῖς
1880 2012 2104 2064 ἐκείνων

525 2107 971 2180 ἐσωφρονίσθηςα
1006 2102 1317 2174 τιμωρίαις,
1361 2099 1708 2170 ἀτιμώρητον
1745 2099 1995 2166 ἀφεῖναι;

592 2201 639 2266 γ’
651 2236 662 2247 .
679 2179 778 2245 Διά
799 2191 862 2260 δὴ
885 2189 1058 2242 ταῦτα
1073 2189 1166 2240 καὶ
1185 2185 1394 2246 Παῦλος
1418 2183 1568 2236 οὐδὲν
1585 2201 1651 2235 πε
1659 2184 1712 2254 ρ“ι
1729 2181 1949 2251 γεέννης
1965 2179 2103 2243 τέως

527 2263 718 2339 εἰπὼν,
746 2275 932 2344 ἐπειδὴ
960 2271 1173 2334 πολλοῖς
1197 2272 1264 2326 τά
1293 2268 1552 2340 μέλλοντά
1579 2269 1725 2320 ἐστιν
1755 2266 1976 2328 ἄπιστα,
1997 2263 2105 2318 ἀπὸ

525 2364 634 2419 τῶν
667 2364 767 2434 ήδη
806 2360 1148 2430 συμϐάντων,
1202 2357 1296 2409 καὶ
1341 2349 1416 2408 ὧν
1468 2353 1656 2422 ἱκανὴν
1703 2346 1847 2420 εἶχον
1895 2350 2102 2413 πίστιν,

527 2433 725 2511 αὐτοὺς
754 2443 1081 2516 σωφρονίσαι
1114 2439 1378 2510 βούλεται.
1414 2440 1476 2494 Εἰ
1497 2438 1603 2509 γὰρ
1629 2438 1721 2490 καὶ
1752 2433 2105 2505 φοϐερώτερα

527 2533 598 2586 τά
631 2530 912 2602 μέλλοντα,
947 2526 1084 2582 ἀλλά
1123 2527 1235 2587 τοῖς
1262 2522 1634 2592 ἀτελεστέροις
1662 2518 1772 2572 τῶν
1799 2516 2104 2602 ἀνθρώπων

527 2617 598 2671 τά
632 2601 973 2685 παρελθόντα
998 2609 1312 2680 πιστότερα,
1342 2608 1434 2660 καὶ
1464 2605 1636 2660 ταῦτα
1678 2603 1878 2674 μᾶλλον
1905 2601 2104 2666 αὐτοὺς

529 2701 753 2756 ἐκείνων
785 2697 969 2768 φοϐεῖν
995 2694 1176 2748 εἴωθε.
1203 2691 1490 2749 Διάταῦτα
1518 2688 1765 2743 ἐντεῦθεν
1787 2688 1970 2750 αὐτοῖς
1990 2686 2107 2739 δια-

529 2785 766 2854 λέγεται,
795 2776 875 2844 οἷς
899 2779 1018 2832 οῦδέ
1048 2777 1138 2833 τὸν
1163 2776 1367 2846 σφόδρα
1399 2770 1856 2843 ἀναισχυντοῦντα
1880 2769 2107 2854 ἀπιστῆ-

532 2853 620 2922 σαι
649 2865 871 2921 δυνατὸν
892 2860 960 2934 ἦν
982 2879 996 2893 ·
1031 2861 1166 2931 ὁμοῦ
1196 2861 1253 2913 δὲ
1281 2860 1375 2915 καὶ
1403 2856 1690 2928 Μαρκίωνι
1716 2854 1810 2909 καὶ
1845 2853 2103 2916 Μάνεντι,

530 2952 625 3005 καὶ
660 2952 793 3002 πᾶσι
839 2950 949 3010 τοῖς
991 2945 1058 2999 τὰ
1099 2944 1236 2997 αῦτά
1279 2941 1508 3004 ἐκείνοις
1540 2938 1759 2993 νοσοῦσι.
1783 2937 2000 3008 καιρίαν
2029 2936 2108 2989 δί-

530 3037 662 3090 δωσι
689 3032 785 3103 τὴν
814 3031 1049 3102 πληγήν.
1095 3027 1157 3080 Εἰ
1190 3026 1297 3098 γὰρ
1328 3027 1401 3096 μή
1432 3026 1576 3077 ἐστιν
1607 3026 1635 3077 6
1669 3023 1825 3084 αὐτὸς
1847 3022 1977 3084 Θεὸς
2009 3022 2108 3091 τῆς

532 3119 775 3180 Παλαιᾶς
807 3117 901 3171 καὶ
931 3114 1030 3184 τῆς
1077 3113 1306 3180 Καινῆς,
1341 3111 1369 3163 6
1403 3109 1495 3162 καὶ
1536 3109 1716 3160 ἐκεῖνα
1761 3107 2106 3177 νουθετήσας,

531 3201 828 3259 καὶταῦτα
878 3198 1086 3271 μέλλων
1123 3191 1446 3257 διατυποῦν,
1489 3191 1758 3261 περιττῶς
1811 3208 1899 3261 μοι
1939 3189 2109 3244 ταῦτα

531 3290 733 3357 λέγεις,
769 3280 814 3338 ὢ
845 3282 1025 3337 Παῦλε
1047 3320 1062 3345 ,
1099 3281 1194 3334 καὶ
1241 3279 1402 3348 φόϐον
1435 3277 1628 3331 οὐδένα
1669 3278 1781 3338 τοῖς
1814 3277 2110 3346 ἀκροαταῖς

532 3374 766 3443 ἐντίθης.
800 3371 1032 3424 Δύναται
1073 3368 1180 3435 γάρ
1212 3366 1239 3417 6
1271 3362 1482 3443 ἀκούων
1507 3360 1706 3428 λέγειν,
1742 3361 1822 3413 ὅτι
1847 3363 1894 3412 ει
1926 3359 2112 3443 ἕτερος

534 3437 738 3522 ἐκεῖνός
767 3460 883 3511 ἐστι
907 3454 1059 3516 Θεὸς,
1086 3451 1180 3506 καὶ
1207 3451 1293 3502 έτε
1303 3465 1392 3518 ρος
1418 3440 1590 3509 οὗτος,
1617 3445 1690 3497 οὐε
1710 3445 1926 3508 πάντως
1958 3437 2112 3509 οὗτος

534 3545 678 3600 κατά
709 3542 806 3614 τὴν
846 3539 1054 3594 ἐκείνου
1107 3536 1290 3607 κρινεῖ·
1321 3530 1569 3601 γνώμην,
1619 3529 1738 3582 οὐδὲ
1781 3531 1890 3591 τοῖς
1930 3529 2113 3591 αὐτοῖς

535 3612 780 3685 πείθεται
825 3625 1028 3695 νόμοις.
1081 3621 1147 3674 Τί
1195 3620 1323 3688 γὰρ,
1360 3618 1409 3670 εἰ
1450 3615 1528 3686 τῷ
1573 3615 1670 3685 τῆς
1709 3614 1949 3677 Παλαιᾶς
1994 3612 2115 3684 Θεῷ

535 3716 745 3773 πάντας
788 3709 932 3775 ἔδοξε
974 3706 1200 3761 κολάσαι
1236 3705 1330 3758 καὶ
1357 3699 1795 3773 τιμωρήσασθαι,
1826 3697 1878 3751 τί
1906 3715 2115 3770 μορμο-

535 3798 748 3860 λύττεις
771 3795 863 3849 καὶ
885 3792 1136 3862 ἐκφοϐεῖς
1158 3809 1172 3857 ;
1206 3785 1563 3858 Ἕτερον-ἔχω
1581 3786 1855 3854 Δεσπότην
1872 3781 1963 3834 τὸν
1989 3783 2117 3852 μέλ-

537 3881 699 3937 λοντά
725 3897 792 3951 με
827 3877 1052 3950 κρίνειν.
1095 3877 1255 3927 Ὥστε
1293 3875 1340 3925 εἰ
1371 3873 1553 3942 ἕτερος
1583 3867 1650 3939 ἦν
1677 3871 1705 3921 6
1728 3867 1826 3938 τῆς
1848 3869 2112 3931 Παλαιᾶς,

538 3968 634 4023 καὶ
653 3968 838 4037 ἐτερος
858 3963 1005 4033 ὁτῆς
1025 3961 1252 4030 Καινῆς,
1278 3955 1607 4018 τούναντίον,
1631 3955 1766 4023 ὅπερ
1793 3952 2063 4018 ἐϐούλετο,
2089 3954 2117 4006 6

539 4053 750 4114 Παῦλος
795 4048 1094 4116 ἐποίησεν·
1137 4044 1197 4096 οὐ
1241 4043 1348 4113 γάρ
1401 4041 1558 4112 μόνον
1603 4039 1703 4092 οὐκ
1748 4038 1980 4109 ἐφόϐησε
2025 4037 2116 4090 τὸν

539 4137 827 4198 ἀκούοντα,
865 4131 1000 4186 ἀλλά
1031 4129 1126 4183 καλ⁸
1162 4128 1341 4198 πάσης
1376 4125 1612 4194 ἀγωνίας
1636 4124 1729 4177 καί
1761 4123 1912 4184 δέους
1941 4122 2118 4194 ἀπήλο

539 4223 700 4287 λαξεν
722 4238 736 4252 ·
759 4221 894 4288 ὅπερ
917 4216 1036 4269 οὐδέ
1059 4216 1165 4266 τῶν
1189 4212 1462 4281 τυχόντων
1482 4208 1785 4280 ἀνθρώπων
1805 4209 1897 4260 καὶ
1913 4207 2117 4278 σφόδρα

543 4306 786 4374 ἀνοήτων
808 4319 889 4363 τις
906 4298 1106 4352 ἔπαθεν
1125 4297 1212 4358 ἂν,
1234 4295 1363 4364 μήτι
1383 4290 1676 4374 γεῴΠαῦλος
1700 4293 1727 4344 6
1748 4290 2016 4361 τοσαύτης
2033 4292 2118 4358 γέ.

548 4369 887 4460 μιυνσοφίας.
916 4382 1076 4434 Ὅθεν
1097 4378 1275 4449 δῆλον,
1300 4377 1381 4429 ὅτι
1407 4369 1486 4438 εἷς
1508 4376 1600 4428 καὶ
1616 4377 1644 4427 6
1671 4374 1830 4437 αὑτός
1850 4373 2120 4460 ἐστιῌΘεὸς

543 4456 572 4526 6
601 4473 695 4526 καὶ
726 4472 851 4532 τοὺς
895 4464 1177 4526 Ἰουδαίους
1205 4462 1297 4514 ἐπὶ
1329 4461 1429 4530 τῆς
1457 4461 1665 4531 ἐρήμου
1701 4456 2116 4528 καταστρώσας,

547 4557 641 4612 καὶ
668 4553 824 4626 ήμῶν
867 4552 992 4614 τοὺς
1021 4548 1436 4620 ἁμαρτάνοντας
1475 4543 1726 4608 κολάζειν
1766 4542 1995 4626 μέλλων.
2043 4543 2117 4626 Οὐ

544 4641 656 4712 γὰρ
681 4641 730 4692 ει
769 4637 844 4709 μὴ
875 4630 956 4698 εἷς
985 4629 1054 4703 ἦν
1088 4631 1272 4703 (πάλιν
1303 4628 1412 4696 γὰρ
1438 4627 1500 4679 τὸ
1531 4625 1662 4712 αὐτὸ
1691 4625 1842 4712 ἐρῶ),
1881 4625 1987 4712 ἀπὸ
2008 4625 2122 4712 *τῶν

546 4709 648 4796 ῆδη
683 4721 1062 4792 γεγενημένων
1101 4717 1190 4767 ὑπ’
1227 4711 1582 4796 ἐκείνου,ῗκαὶ
1610 4710 1868 4796 περὶτῶν
1907 4709 2124 4779 μελλόν-

548 4794 654 4863 των
680 4808 826 4877 ἡμᾶς
855 4803 1058 4873 ἐφόϐει·
1086 4796 1272 4867 ἐπειδὴ
1292 4796 1349 4848 δὲ
1369 4797 1397 4848 6
1422 4795 1584 4855 αὑτός
1607 4795 1774 4856 ἐστιν,
1809 4794 2126 4866 ἁναντίρῤη-

548 4911 640 4947 τον
668 4893 959 4962 εἰσήγαγεν
989 4887 1170 4946 αὐτοῖς
1192 4882 1290 4952 τὴν
1325 4880 1452 4950 περὶ¹
1484 4879 1584 4948 τῆς
1603 4882 1872 4948 τιμωρίας
1897 4879 2123 4948 προσδο-

550 4980 696 5041 κίαν,
725 4977 936 5036 δεικνὺς
963 4973 1044 5024 ὅτι
1076 4967 1371 5022 δεδοικέναι
1415 4963 1520 5034 χρὴ
1555 4964 1647 5016 καὶ
1693 4963 1994 5032 φοϐεῖσθαι.
2051 4963 2125 5016 Οὐ

553 5062 664 5131 γὰρ
695 5060 759 5112 ἂν
782 5062 810 5112 6
831 5058 958 5119 τοὺς
985 5053 1224 5124 πατέρας
1255 5052 1286 5118 ή
1296 5049 1409 5120 μῶν
1433 5047 1668 5131 κολάσας
1692 5047 2122 5131 ἁμαρτάνοντας,

555 5129 713 5216 ήμῶν
745 5143 985 5210 φείσεται
1033 5137 1102 5190 τά
1136 5133 1276 5188 αὐτά
1314 5129 1801 5201 πλημμελούντων.
1856 5130 2040 5194 ’Ἄξιον
2072 5129 2128 5181 δὲ

480 5224 486 5231 ’
555 5215 640 5283 ἐπ’
691 5216 858 5295 αύτὴν
911 5225 1009 5293 τὴν
1058 5220 1232 5290 ἀρχὴν
1262 5217 1437 5270 ἐλθεῖν
1477 5215 1571 5268 τοῦ
1621 5216 1997 5285 διηγήματος,
2035 5215 2130 5267 καὶ

555 5309 791 5379 ἑκάστην
811 5303 1249 5376 διερευνήσασθαι
1273 5301 1430 5371 ῥῆσιν
1455 5299 1571 5368 μετ’
1595 5298 1876 5368 ἀκριϐείας
1893 5299 2126 5368 ἁπάσης.

555 5396 630 5448 Οὐ
679 5392 818 5446 θέλω
854 5389 911 5442 δὲ
951 5389 1095 5457 ὑμᾶς
1131 5386 1376 5454 ἀγνοεῖν,
1419 5381 1656 5451 ἀδελφοί.
1700 5381 1838 5443 Τοὺς
1883 5381 2131 5452 μαθητάς

553 5477 818 5546 ἀδελφοὺς
848 5473 1123 5535 ἐκάλεσεν,
1151 5474 1250 5525 οὐκ
1278 5471 1386 5525 ἀπὸ
1416 5470 1509 5522 τοῦ
1535 5470 1636 5539 τῆς
1660 5465 1840 5532 ἀξίας,
1882 5465 1996 5519 ἀλλ’
2025 5466 2133 5519 ἀπὸ

554 5562 648 5618 τοῦ
666 5565 763 5632 τῆς
783 5561 1001 5630 ἀγάπης
1016 5559 1210 5621 αὐτοὺς
1227 5556 1648 5632 προσαγορεύων
1665 5555 1946 5624 ὀνόματος.
1980 5554 2132 5625 ᾜδει

559 5649 688 5721 γὰρ,
705 5645 1050 5721 ᾔδειίσαφῶς,
1064 5644 1145 5696 ὅτι
1165 5646 1368 5714 ταύτης
1385 5644 1498 5695 ῑσον
1512 5640 1682 5721 οὐδὲν,
1697 5639 1790 5692 καῖ
1805 5638 1865 5690 τὸ
1881 5637 2136 5708 μέγιστον

562 5720 713 5807 ςὲὗὸ]
730 5720 1002 5803 τῆςάξίας
1017 5723 1177 5792 εἶδος,
1202 5728 1262 5780 τὸ
1280 5727 1378 5798 τῆς
1393 5725 1614 5796 ἀγάπης
1631 5720 1772 5788 εἶδός
1795 5724 1931 5776 ἐστι.
1967 5723 2136 5776 Τοῦτο

623 5874 653 5905 ⁸
678 5872 808 5926 Edil.
831 5873 964 5927 male
991 5871 1337 5936 σωφρονισθείς
1365 5882 1395 5922 e
1416 5869 1532 5922 Cod.
1551 5867 1644 5920 748
1667 5871 1988 5917 correximus.
2006 5868 2138 5929 Εωτ,

1214 331 1272 386 S.
1305 327 1602 386 JOANNIS‘
1630 323 2123 385 CHRYSOSTOM!
2163 319 2488 377 ARCHIEP.
2531 309 3073 374 CONSTANTINOP.

3676 290 3790 347 266

2204 416 2261 470 δὲ
2282 418 2496 490 πρῶτον
2525 418 2619 472 καὶ
2640 419 2800 490 ἡμεῖς
2820 415 3175 488 ζηλώσωμεν.
3199 415 3316 470 Κᾶν
3339 415 3541 487 σφόδρα
3561 415 3789 470 καταδι-

2210 501 2422 572 έστεροί
2443 520 2587 566 τινες
2611 503 2767 574 ήμῶν
2797 497 2899 555 ὦσι
2917 503 2943 542 b
2961 542 2976 566 ,
3007 505 3120 565 τοῖς
3147 501 3246 571 τῆς
3275 500 3568 571 θεραπείας
3588 501 3788 563 αὐτοὺς

2205 585 2457 656 καλῶμεν
2502 587 2749 657 ὀνόμασι,
2790 586 2864 658 μὴ
2913 588 3073 657 μόνον
3121 586 3454 656 ἐλευθέρους,
3505 585 3641 640 ἀλλά
3685 586 3789 639 καὶ

2203 668 2441 733 δούλους,
2474 671 2547 741 μὴ
2583 669 2743 740 μόνον
2771 669 3076 733 πλουσίους,
3100 669 3235 722 ἀλλά
3265 669 3360 722 καὶ
3386 671 3644 740 πένητας,
3661 669 3792 721 ἐπεὶ

2207 753 2301 806 καὶ
2329 753 2540 816 Παῦλος
2572 753 2693 823 οὐχί
2737 753 2862 815 τοὺς
2893 752 3182 815 πλουσίους
3222 754 3348 815 τοὺς
3394 752 3548 823 παρά
3594 755 3794 822 Κοριν-

2208 836 2363 901 θίοις,
2399 836 2519 890 οὐδὲ
2543 837 2670 900 τοὺς
2693 835 3010 906 ἐλευθέρους
3036 836 3134 890 καὶ
3157 839 3494 908 περιφανεῖς,
3516 835 3638 889 οὐδέ
3656 836 3792 896 τοὺς

2207 921 2511 992 ἐπισήμους
2551 919 2733 990 μόνον,
2767 918 2904 973 ἀλλά
2932 920 3024 971 καὶ
3053 918 3288 982 ίδ.ώτας,
3317 920 3411 972 καὶ
3435 919 3670 982 οἰκέτας,
3692 918 3793 972 καὶ

2207 1003 2417 1067 πάντας
2453 1002 2640 1066 ἀπλῶς
2686 1002 2859 1075 ταύτῃ
2900 1002 3162 1072 τετίμηκε
3195 1006 3261 1072 τῇ
3309 1003 3665 1074 προσηγορίᾳ.
3697 1003 3792 1054 Ἐν

2206 1087 2316 1157 γὰρ
2367 1085 2587 1158 Χριστῷ
2625 1083 2808 1155 Ἰησοῦ.
2851 1085 2920 1139 οὐ.
2963 1084 3168 1148 δοῦλος,
3225 1085 3323 1138 οὐκ
3372 1085 3672 1156 ἐλεύθερος,
3725 1086 3793 1138 οὐ

2210 1169 2506 1241 βάρϐαρος,
2542 1169 2602 1222 οὐ
2645 1167 2877 1239 Σκύθης,
2905 1168 2965 1220 οὐ
3016 1168 3198 1236 σοφὸς,
3245 1168 3345 1221 οὐκ
3395 1168 3616 1238 ἄσοφος,
3650 1167 3795 1220 ἀλλά

2209 1254 2359 1306 πᾶσα
2403 1252 2560 1316 ἀξίας
2603 1252 2888 1322 ἀνωμαλία
2936 1253 3194 1322 βιωτικῆς
3236 1253 3525 1325 ἀνῄρηται.
3579 1251 3692 1306 Καὶ
3736 1252 3793 1304 τί

2209 1334 2541 1405 θαυμαστὸν,
2571 1337 2619 1388 εἰ
2644 1333 2854 1397 Παῦλος
2886 1336 3012 1398 τοὺς
3039 1334 3365 1406 ὁμοδούλους
3393 1334 3567 1398 οὕτως
3597 1335 3795 1388 ἐκάλε-

2211 1435 2324 1481 σεν,
2354 1419 2486 1472 ὅπου
2521 1435 2584 1486 γε
2635 1419 2730 1470 καὶ
2779 1420 2807 1471 6
2851 1418 3128 1489 Δεσπότης
3158 1419 3322 1472 αὐτοῦ
3371 1418 3471 1490 τὴν
3513 1419 3794 1491 ἡμετέραν

2209 1500 2351 1557 οὓτω
2393 1502 2618 1555 ἐκάλεσε
2656 1501 2838 1570 φύσιν,
2888 1500 3032 1554 οὕτω
3070 1501 3278 1570 λέγων·
3329 1501 3670 1570 Ἀπαγγελῶ
3725 1503 3796 1554 τὸ

2211 1585 2407 1654 ὄνομά.
2440 1601 2556 1638 σου
2599 1584 2723 1651 τοῖς
2749 1583 3036 1654 ἀδελφοῖς
3061 1602 3201 1654 μου,
3237 1584 3308 1638 ἐν
3331 1583 3500 1653 μέσῳ
3547 1585 3797 1652 Exun—

2209 1669 2352 1734 σίας
2389 1666 2642 1736 ὑμνήσω
2671 1682 2780 1731 σε;
2811 1666 2888 1723 Οὐ
2918 1667 3077 1737 μόνον
3101 1667 3158 1720 δὲ
3184 1666 3438 1722 ἐκάλεσεν
3469 1669 3617 1738 ἡμᾶς
3640 1667 3798 1720 ἀδελ-

2212 1754 2367 1822 φοὺς,
2401 1751 2535 1806 ἀλλά
2561 1751 2654 1805 καὶ
2685 1750 2936 1820 γενέσθαι
2961 1749 3187 1820 ἀδελφὸς
3217 1751 3374 1821 ήμῶν
3404 1750 3676 1821 ήθέλησε,⁶
3698 1751 3799 1804 καὶ

2211 1835 2428 1904 ἐγένετο
2470 1835 2568 1906 τὴν
2618 1834 2797 1904 σάρκα
2841 1833 3038 1898 ὑποδὺς
3079 1834 3186 1906 τήν
3229 1833 3526 1904 ἡμετέραν,
3563 1837 3656 1886 καὶ
3696 1835 3799 1903 τῆς

2212 1922 2426 1992 φύσεως
2465 1919 2622 1991 ἡμῶν
2670 1921 3007 1990 κοινωνήσας
3037 1919 3138 1990 τῆς
3171 1915 3671 1991 αὐτῆς.⁹¹οπἐρ..οῦν
3701 1921 3798 1972 καὶ

2211 2004 2345 2058 αὐτὸ
2370 2003 2664 2074 θαυμάζων
2709 2005 2737 2057 6
2787 2002 2998 2066 Παῦλος
3023 2001 3235 2071 ἔλεγεν·
3270 2006 3350 2057 Οὐ
3381 2005 3491 2072 γὰρ
3522 2003 3799 2070 ἀγγέλων

2211 2087 2670 2155 ἐπιλαμϐάνεται
2699 2088 2733 2140 ό
2777 2084 3143 2153 Θεὸςμάλλὰ
3175 2084 3514 2155 σπέρματος
3550 2086 3800 2153 Ἀϐραὰμ

2210 2169 2670 2239 ἐπιλαμϐάνεται
2693 2209 2708 2235 ,
2764 2169 2904 2224 ὅθεν
2957 2169 3174 2238 ὤφειλε
3222 2169 3371 2222 κατὰ
3418 2167 3618 2221 πάντα
3674 2169 3800 2234 τοῖς

2211 2252 2497 2322 ἀδελφοῖς
2529 2252 2908 2322 ὁμοιωθῆναι.
2940 2253 3050 2307 Καὶ
3080 2252 3242 2305 πάλιν
3266 2268 3280 2282 ·
3325 2251 3490 2305 Ἐπεὶ
3535 2247 3654 2306 οὖν
3699 2252 3800 2304 καί

2211 2337 2285 2390 τὰ
2313 2337 2519 2390 παιδία
2541 2335 3187 2405 κεκοινώνηκε-σαρκός
3213 2335 3309 2390 καὶ
3331 2337 3602 2405 αἵματος,
3621 2352 3801 2404 παραι

2213 2422 2488 2487 πλησίως
2524 2420 2623 2474 καί
2657 2419 2842 2484 αὐτὸς
2865 2419 3124 2489 μετέσχε
3153 2419 3272 2472 τῶν
3300 2420 3519 2473 αὐτῶν.

2285 2505 2470 2558 Πάντα
2499 2504 2557 2557 δὲ
2583 2503 2755 2556 ταῦτα
2784 2503 3095 2568 ἀκούοντες,
3120 2501 3461 2566 ἀλαζονείαν,
3486 2502 3583 2556 καὶ
3608 2501 3798 2570 τῦφον,

2214 2587 2308 2641 καὶ
2359 2586 2616 2640 ἀπόνοιαν
2668 2587 2886 2640 ἃπασαν
2935 2587 3035 2654 τῆς
3082 2586 3260 2656 ψυχῆς
3317 2584 3656 2656 ἐξορίσωμεν
3701 2585 3800 2654 τῆς

2214 2671 2509 2740 ἡμετέρας,
2543 2670 2637 2723 καὶ
2663 2671 2799 2740 μετά
2831 2670 3031 2739 πολλῆς
3059 2669 3214 2722 τοῦτο
3241 2668 3682 2739 κατορθώσωμεν
3700 2668 3800 2737 τῆς

2217 2754 2471 2822 σπουδῆς,
2497 2752 2558 2806 τὸ
2592 2754 3005 2824 θεραπευτικοῖς
3033 2752 3260 2822 ὀνόμασι
3287 2753 3395 2806 ’καὶ
3423 2752 3591 2822 τιμὴν
3620 2751 3802 2822 ἔχουσι

2213 2838 2340 2902 τοὺς
2383 2837 2609 2908 πλησίον
2656 2837 2860 2890 καλεῖν.
2896 2837 2960 2889 Εἰ
2986 2835 3092 2905 γὰρ
3138 2836 3230 2888 καὶ
3280 2835 3477 2906 μικρὸν
3509 2836 3606 2888 καὶ
3650 2835 3806 2905 ψιλὸν

2216 2918 2354 2975 εἶναι
2379 2922 2526 2975 δοκεῖ
2546 2920 2606 2974 τὸ
2627 2920 2976 2991 κατόρθωμα,
2995 2919 3109 2972 ἀλλ’
3133 2920 3280 2989 ὅμως
3306 2920 3557 2989 μεγάλων
3583 2919 3804 2986 ἀγαθῶν

2217 3008 2365 3058 ἐστιν
2397 3008 2568 3059 αἴτιον
2595 3023 2607 3034 ·
2634 3004 2820 3073 ῶσπερ
2842 2999 2934 3056 οὖν
2963 3003 3021 3056 τὸ
3046 3003 3285 3056 ἐναντίον
3316 3003 3516 3066 πολλάς
3547 3003 3801 3066 πολλάκις

2218 3088 2416 3160 ἔχθρας
2442 3089 2535 3142 καὶ
2565 3088 2708 3159 ἕρεις
2731 3087 2825 3140 καὶ
2852 3085 3180 3154 φιλονεικίας
3203 3086 3478 3157 ἐποίησεν.
3503 3087 3578 3140 Οὐ
3603 3085 3806 3152 ταύτην

2216 3171 2273 3226 δὲ
2307 3172 2464 3241 μόνον
2493 3172 2591 3242 τὴν
2623 3171 2796 3241 ῥῆσιν,
2829 3169 2964 3223 ἀλλά
2999 3169 3093 3223 καὶ
3124 3169 3222 3240 τὴν
3259 3169 3388 3239 ἐξῆς
3438 3169 3577 3239 μετά
3604 3169 3810 3238 πολλῆς-

2218 3256 2534 3321 ἐξεταστέον
2582 3256 2680 3323 τῆς
2725 3255 3040 3324 ἀκριϐείας·
3071 3254 3192 3306 ούδέ
3229 3253 3337 3324 γάρ
3367 3253 3576 3323 ταύτην
3621 3252 3801 3315 ἅπλῶς

2217 3340 2480 3394 τέθεικεν.
2531 3339 2731 3392 Εἰπὼν.
2766 3339 2907 3409 γάρ·
2983 3340 3066 3392 Οὐ
3119 3335 3272 3392 θέλω
3329 3336 3487 3406 ὑμᾶς
3540 3338 3798 3406 ἀγνοεῖν,

2219 3424 2492 3494 ἀδελφοί,
2529 3425 2840 3495 ἐπήγαγεν·
2877 3422 3000 3476 Ὅτι
3045 3423 3098 3475 οἱ
3152 3421 3405 3489 πατέρες
3442 3420 3615 3490 ἡμῶν
3654 3420 3801 3474 πάν-

2220 3525 2346 3574 τες·
2376 3506 2480 3560 οὐκ
2497 3499 2672 3569 εἶπεν,
2693 3503 2884 3562 Ὅτιοί
2916 3504 3176 3568 Ἰουδαῖοι,
3203 3504 3323 3562 οὐδέ
3357 3505 3406 3556 οἰ
3435 3503 3496 3568 ἐξ
3527 3503 3803 3571 Αἰγύπτου

2221 3590 2554 3660 ἐξελθόντες·
2602 3587 2740 3642 ἀλλά
2782 3588 2869 3651 τί;
2917 3589 2981 3640 Οἱ
3032 3585 3284 3653 πατέρες
3324 3584 3494 3655 ἡμῶν
3538 3588 3796 3654 πάντες·

2221 3675 2355 3744 ὁμοῦ
2387 3674 2480 3727 καί
2518 3673 2618 3744 τὴν
2663 3670 3176 3741 ταπεινοφροσύνην,
3214 3669 3657 3740 ἐπιδεικνύμενος
3704 3673 3802 3741 τὴν

2223 3757 2438 3823 ἐαυτοῦ,
2483 3755 2693 3812 ὅτιούκ
2719 3754 2995 3824 ἀπηξίωσε
3023 3753 3121 3825 τὴν
3149 3752 3284 3828 πρὸς
3316 3753 3574 3816 ἐκείνους,
3607 3755 3799 3822 συγγέ-

2223 3859 2390 3901 νειαν,
2429 3839 2683 3893 τοσοῦτον
2734 3839 2929 3900 αὐτοὺς
2975 3836 3331 3906 ἀναϐεϐηκὼς
3383 3835 3522 3890 κατά
3573 3836 3664 3889 τὸν
3704 3836 3800 3906 τῆς

2225 3923 2423 3995 ἀρετῆς
2470 3922 2648 3990 λόγον,
2679 3921 2772 3974 καὶ
2817 3921 2926 3973 τῶν
2978 3919 3076 3991 τὴν
3128 3919 3370 3975 Παλαιὰν
3410 3919 3799 3975 διαϐαλλόντων

2225 4006 2590 4076 ἐπιστομίζων
2640 4004 2736 4074 τὴν
2783 4003 3136 4072 ἀναίσχυντον
3165 4001 3429 4070 γλῶτταν.
3464 4003 3540 4055 Οὐ
3575 4002 3684 4074 γὰρ
3713 4003 3806 4066 ἂν,

2226 4093 2278 4145 εἰ,
2303 4090 2436 4161 πρὸς
2468 4089 2682 4157 ἐκείνην
2715 4087 2966 4157 ἀπεχθῶς
2998 4087 3248 4149 διέκειτο,
3282 4087 3390 4139 ἀπὸ
3425 4086 3534 4138 τῶν
3564 4087 3799 4158 εὐφημο-

2227 4175 2400 4243 τέρων
2447 4173 2722 4241 ὀνομάτων
2772 4171 2836 4224 ἂν
2887 4170 3151 4240 ἐμνήσθη,
3186 4169 3293 4223 τῶν
3333 4169 3452 4222 τότε
3497 4171 3799 4240 γενομένων

2229 4259 2480 4312 ἁπάντων
2534 4255 2784 4325 διαϐολὴν
2847 4254 3101 4322 ἐχόντων.
3155 4252 3400 4315 Πάντες.
3453 4253 3589 4306 υύδέ
3650 4252 3803 4306 τοῦτο

2218 4341 2414 4404 διπλῶς
2454 4339 2663 4392 τέθεικε
2705 4340 2784 4401 τὸ,
2833 4337 3094 4402 Πάντες,
3141 4336 3260 4388 οῦδέ
3307 4336 3624 4406 παρέργως,
3671 4337 3800 4389 ἀλλά

2233 4424 2369 4496 μετὰ
2400 4423 2598 4492 πολλῆς
2625 4422 2726 4490 τῆς
2753 4422 2961 4489 σοφίας.
2995 4419 3129 4472 Οὐδὲ
3155 4418 3264 4489 γάρ
3308 4417 3453 4482 ἀπαξ
3486 4417 3658 4471 εἰπὼν
3693 4419 3799 4471 ἐσί-

2229 4526 2414 4580 γησεν,
2441 4507 2574 4560 ἀλλά
2604 4506 2695 4558 καὶ
2721 4505 2799 4567 δὶς
2828 4504 2921 4557 καὶ
2949 4503 3072 4574 τρὶς
3104 4501 3197 4554 καὶ
3236 4501 3516 4564 πολλάκις,
3574 4503 3660 4556 ἵνα
3699 4502 3799 4572 μά-

2233 4593 2352 4665 θῃς,
2381 4593 2463 4645 ὅτι
2492 4591 2551 4642 οὑ
2579 4588 2870 4658 παρέργως
2897 4584 3036 4639 αὐτά
3059 4584 3440 4656 προσέρριψεν.
3473 4583 3657 4637 Εἰπὼν
3679 4585 3796 4656 γάρ·

2233 4677 2353 4729 Ὅτι
2394 4677 2446 4728 οἱ
2489 4671 2739 4740 πατέρες
2763 4669 2932 4738 ἡμῶν
2979 4666 3201 4732 πάντες
3245 4667 3365 4721 ὑπὸ
3399 4666 3513 4735 τὴν
3545 4669 3802 4737 νεφέλην

2231 4755 2414 4829 ἦσαν,
2460 4756 2729 4827 ἐπήγαγε·
2775 4752 2883 4806 Καὶ
2933 4750 3154 4816 πάντες
3209 4749 3307 4804 διὰ
3334 4748 3445 4818 τῆς
3489 4750 3802 4817 θαλάσσης

2233 4840 2514 4908 διῆλθον,
2559 4837 2657 4892 καὶ
2709 4834 2930 4899 πάντες
2972 4836 3059 4899 εὶς
3099 4834 3205 4888 τὸν
3259 4832 3526 4901 Μωῢσῆν
3569 4835 3802 4887 ἐϐαπτί-

2235 4941 2444 4989 σαντο,
2485 4921 2585 4976 καὶ
2621 4919 2841 4982 πάντες
2874 4920 2938 4970 τὸ
2983 4916 3128 4971 αὐτὸ
3165 4917 3378 4985 ,βρῶμα
3407 4916 3802 4985 πνευματικὸν·

2235 5011 2479 5077 ἔφατον,
2509 5002 2607 5058 καὶ
2649 5000 2872 5064 πάντες
2908 5000 2975 5052 τὸ
3017 5000 3163 5052 αὐτὸ
3196 4999 3360 5068 πόμα
3402 4998 3802 5068 πνευματικὸν·

2237 5089 2754 5147 ἐπιγονέΗκουσας
2803 5082 2918 5146 πῶς
2963 5082 3222 5146 πολλάκις
3248 5083 3329 5147 τὸ,
3357 5081 3800 5149 Πάντες-,τέθει-

2239 5192 2371 5238 κεν;
2405 5172 2524 5227 Οὐκ
2567 5170 2631 5224 ἂν
2676 5169 2734 5223 δέ
2771 5166 2928 5219 τοῦτο
2956 5166 3233 5236 ἐποίησεν,
3263 5165 3310 5216 εἰ
3345 5165 3430 5236 μὴ,
3465 5165 3610 5235 μέγα
3637 5182 3684 5217 τι
3712 5166 3804 5218 καὶ

2239 5256 2546 5328 θαυμαστὸν
2604 5253 2898 5322 μυστήριον
2944 5247 3249 5314 αἰνίξασθαι
3313 5247 3520 5318 ἢθελεν.
3574 5248 3638 5300 Εἰ
3697 5247 3803 5316 γάρ

2240 5342 2426 5404 ἁπλῶς
2454 5339 2641 5403 ἐτίθει,
2669 5339 2828 5409 ἢρκει
2851 5334 2994 5399 ἅπαξ
3020 5333 3242 5385 εἰπόντα
3276 5333 3513 5402 σιγῆσαι,
3546 5331 3688 5404 [254]
3713 5333 3806 5386 καὶ

2242 5429 2415 5480 εἰπεῖν
2455 5423 2651 5485 οὕτως’
2679 5422 2800 5474 Ὀτι
2824 5420 2874 5472 οἱ
2897 5414 3136 5485 πατέρες
3153 5415 3307 5486 ἡμῶν
3347 5415 3549 5476 πάντες
3581 5415 3679 5467 ὑπὸ
3707 5413 3803 5482 τήν

2242 5511 2476 5580 νεφέλην
2499 5502 2658 5577 ἦσαν,
2693 5503 2785 5558 καὶ
2813 5500 2901 5555 διά
2926 5502 3022 5571 τῆς
3046 5499 3319 5580 θαλάσσης
3345 5496 3580 5580 διῆλθον,
3607 5497 3694 5549 καὶ
3726 5498 3803 5558 εἰς

2244 5579 2333 5648 τὸν
2357 5579 2594 5660 Μωῦσῆν
2617 5586 2994 5647 ἐϐαπτίσαντο,
3031 5583 3124 5635 καὶ
3165 5579 3226 5632 τὸ
3263 5579 3395 5632 αὐτὸ
3423 5579 3617 5650 βρῶμα
3645 5597 3802 5632 πνευ-

2250 5695 2356 5750 ματ
2364 5675 2476 5729 ικὸν
2504 5672 2727 5743 ἔφαγον,
2741 5667 2836 5722 καὶ
2854 5667 2914 5720 τὸ
2931 5665 3062 5719 αὐτὸ
3080 5663 3229 5736 πόμα
3251 5663 3616 5733 πνευματικὸν
3633 5661 3802 5715 ἔπιον.

2313 5800 2340 5836 b
2363 5798 2443 5847 Sic
2465 5795 2581 5848 Cod.
2609 5793 2718 5857 748,
2741 5797 2793 5845 el
2819 5793 2923 5845 hac
2943 5795 3050 5845 erat
3072 5790 3354 5856 conjectura
3377 5783 3806 5848 SaviliixLegeba-

2247 5867 2327 5915 tur
2352 5863 2494 5916 ὄντες.
2521 5857 2654 5908 Enn.
