3990 6358
185 380 295 438 3-55

183 517 345 573 quam
375 498 562 557 eadem
581 513 699 570 quze
718 496 791 552 illi
814 497 1018 568 priores
1042 512 1225 563 ausus,
1248 496 1450 551 inultus
1466 495 1776 552 mansisses.

184 595 268 649 Tu
306 609 436 664 ergo
475 593 519 647 si
546 590 849 662 quempiam
879 588 1297 659 deprehenderis
1324 588 1538 643 mollem
1558 629 1573 653 ,
1603 586 1781 641 disso-

187 686 394 748 lutum,
426 684 755 752 multamque
807 681 1079 735 lasciviam
1111 680 1490 746 exhibentem,
1523 678 1612 749 qui
1641 678 1785 733 dicat

191 775 317 841 tibi,
371 775 496 829 Hme
540 783 665 827 sunt
713 772 937 839 fabulte;
984 788 1089 835 non
1121 782 1204 827 est
1231 772 1582 842 supplicium,
1612 786 1784 840 neque

190 870 474 941 gebenna,
506 868 599 922 sed
631 868 772 922 Deus
815 866 930 921 haec
956 866 1151 921 frustra
1186 865 1415 920 terrendi
1446 880 1605 920 causa
1633 880 1785 919 eom-

189 963 425 1017 minatus
456 969 568 1025 est,
614 960 881 1030 responde
923 960 999 1014 illi
1029 977 1043 1013 :
1076 959 1282 1026 Homo,
1308 974 1413 1013 non
1440 959 1615 1014 credis
1643 957 1786 1013 futu-

188 1055 269 1111 ris
287 1097 306 1121 ,
346 1054 471 1124 quia
499 1068 604 1108 non
638 1061 924 1123 apparent,
952 1067 1123 1122 neque
1150 1052 1200 1105 in
1227 1051 1404 1105 medio
1427 1051 1510 1106 vel
1536 1050 1633 1106 sub
1655 1066 1786 1105 ocu-

190 1144 262 1201 lis
291 1155 417 1199 sunt
446 1144 730 1200 constituta
760 1160 773 1197 :
799 1158 927 1198 num
955 1152 1107 1214 potes
1137 1142 1293 1197 fidem
1322 1156 1515 1212 negare
1538 1142 1601 1195 iis
1621 1183 1636 1207 ,
1669 1156 1787 1211 quae

192 1237 333 1293 facta
364 1237 631 1306 ﬁnemque
661 1237 849 1290 sortita
879 1236 1048 1289 sunt?
1073 1234 1257 1305 Cogita
1288 1233 1574 1289 Sodomam
1602 1241 1656 1289 et
1683 1234 1790 1289 Go-

189 1328 463 1385 morham.
484 1329 656 1401 Regio
679 1329 771 1382 illa
816 1329 962 1383 nulla
990 1328 1093 1383 alia
1117 1328 1185 1383 de
1223 1343 1381 1383 causa
1430 1337 1605 1383 tantas
1644 1327 1791 1383 dedit

190 1435 417 1491 poenas,
440 1435 603 1489 quam
631 1419 771 1490 quod
802 1420 992 1475 incolae
1013 1419 1129 1489 ejus
1160 1420 1371 1475 illicitos
1418 1420 1590 1475 coitus
1638 1418 1791 1474 indu-

190 1520 387 1566 xerunt
414 1552 429 1578 ,
455 1511 868 1581 illegitimosque
892 1526 1125 1577 amores,
1157 1526 1219 1566 ac
1246 1519 1450 1566 naturae
1477 1512 1621 1581 leges
1648 1512 1792 1567 radi-

190 1602 331 1656 citus
370 1601 767 1656 subverterunt.
813 1602 923 1668 Qua
953 1602 1112 1672 igitur
1142 1603 1348 1658 ratione
1380 1602 1491 1657 fieri
1522 1604 1692 1673 possit
1734 1612 1793 1658 ut

191 1694 339 1748 Deus
378 1693 520 1748 idem
550 1695 665 1763 ipse
698 1709 839 1748 nunc
885 1694 974 1764 qui
1018 1702 1143 1749 tunc
1187 1704 1335 1760 erat,
1360 1695 1482 1749 illos
1510 1704 1791 1764 peccantes

189 1785 314 1840 sine
354 1784 509 1840 venia
561 1786 833 1854 punierit,
878 1793 930 1841 te
976 1801 1104 1841 vero
1143 1789 1231 1857 qui
1261 1797 1379 1857 post
1409 1787 1527 1842 illos
1559 1787 1791 1858 peccasti

191 1886 248 1933 et
287 1877 498 1948 majore
535 1876 725 1948 dignus
764 1893 824 1932 es
860 1878 1092 1944 ultione,
1134 1880 1257 1949 quia
1294 1879 1515 1949 gratiam
1572 1879 1791 1933 sortitus

191 1983 274 2035 es,
296 1984 473 2039 neque
499 1969 711 2024 illorum
732 1970 993 2040 supplicio
1013 1970 1345 2037 emendatus,
1366 1972 1593 2025 inultum
1614 1970 1791 2025 sinat?

266 2063 321 2117 5.
355 2061 613 2116 Probatur
632 2064 863 2117 eumdem
885 2080 993 2117 esse
1022 2062 1156 2117 Novi
1182 2080 1243 2117 ac
1273 2063 1463 2119 Veteris
1494 2064 1793 2119 Testamenti

191 2152 386 2207 Deum.
415 2184 491 2193 —
521 2154 750 2223 Ideoque
781 2154 976 2209 Paulus
996 2196 1008 2219 ,
1042 2154 1301 2209 nihildum
1341 2154 1407 2209 de
1432 2155 1674 2225 gehenna
1716 2156 1795 2209 lo-

192 2256 435 2316 quutus,
483 2247 607 2316 quia
654 2246 825 2302 futura
870 2262 898 2299 a
930 2246 1113 2300 multis
1143 2262 1247 2300 non
1277 2247 1600 2312 creduntur,
1632 2247 1699 2300 ab
1730 2247 1797 2301 iis

193 2354 317 2408 qua:
344 2338 457 2407 jam
482 2338 846 2407 contigerant,
880 2346 934 2392 et
975 2338 1167 2407 quibus
1193 2338 1269 2392 illi
1299 2338 1456 2393 ﬁdem
1486 2338 1792 2405 habebant,

195 2430 348 2498 ipsos
369 2428 587 2484 erudire
616 2430 753 2484 vult.
793 2429 1017 2484 Etiamsi
1065 2430 1209 2484 enim
1240 2429 1413 2483 futura
1474 2429 1793 2484 terribiliora

192 2523 335 2586 sint,
365 2521 712 2591 popularibus
752 2528 934 2575 tamen
974 2521 1243 2590 praeterita
1273 2529 1398 2574 sunt
1423 2520 1792 2585 credibiliora,

193 2622 250 2667 et
274 2611 395 2667 haec
424 2613 545 2683 plus
570 2628 727 2683 quam
759 2612 849 2667 illa
874 2612 1067 2667 terrori
1087 2621 1212 2666 sunt
1233 2612 1383 2681 ipsis.
1416 2610 1621 2667 Idcirco
1643 2628 1708 2667 ex
1733 2613 1798 2666 iis

195 2713 577 2772 argumentum
608 2711 900 2770 mutuatur,
923 2703 1116 2772 quibus
1147 2719 1213 2758 ne
1240 2702 1661 2772 impudentidres
1683 2703 1798 2772 qui-

197 2794 322 2850 dem
344 2794 502 2848 fidem
522 2810 714 2864 negare
735 2802 992 2864 possunt:
1017 2795 1176 2849 simul
1192 2802 1369 2849 autem
1387 2802 1441 2849 et
1461 2794 1716 2849 Marcioni
1742 2803 1800 2848 et

196 2887 498 2942 Manichaee
523 2897 579 2942 et
607 2888 671 2942 iis
699 2886 790 2957 qui
816 2888 929 2957 pari
971 2887 1160 2942 morbo
1208 2886 1556 2953 laborabant,
1584 2886 1797 2941 letalem

200 2979 400 3049 inﬂigit
422 2980 650 3050 plagam.
673 2981 729 3036 Si
760 2982 902 3036 enim
925 2997 1032 3036 non
1059 2989 1141 3037 est
1167 2974 1307 3036 idem
1331 2981 1540 3036 Veteris
1560 2983 1648 3052 qui
1666 2981 1795 3035 Novi

199 3072 539 3128 Testamenti
568 3074 709 3129 Deus
728 3116 742 3140 ,
768 3075 857 3145 qui
882 3085 936 3129 et
962 3075 1050 3129 illa
1070 3075 1295 3139 monuit,
1324 3085 1377 3130 et
1402 3075 1541 3130 hanc
1572 3076 1795 3129 formam

205 3166 505 3221 traditurus
545 3175 694 3235 erat,
726 3167 923 3223 frustra
950 3169 1080 3224 mihi
1113 3169 1215 3224 hoc
1252 3169 1415 3234 dicis,
1448 3185 1481 3225 ο
1521 3169 1713 3232 Paule,
1746 3178 1801 3224 et

201 3259 415 3313 nullum
437 3258 772 3314 auditoribus
794 3260 1041 3315 timorem
1067 3261 1279 3316 iucutis.
1302 3260 1435 3317 Nam
1455 3271 1628 3331 potest
1649 3262 1693 3315 is
1710 3262 1801 3331 qui

202 3349 359 3405 audit
391 3350 574 3406 dicere
617 3369 629 3403 :
663 3350 718 3406 Si
746 3352 883 3406 alius
912 3353 1035 3419 ille,
1063 3353 1200 3407 alius
1256 3353 1343 3407 hic
1384 3353 1522 3408 Deus
1554 3362 1633 3408 est
1668 3371 1681 3406 :
1717 3354 1803 3408 hic

202 3453 360 3498 certe
388 3459 495 3497 non
524 3444 819 3499 secundum
857 3446 999 3500 illius
1021 3445 1342 3500 sententiam
1381 3445 1640 3515 judicabit
1659 3486 1673 3511 ,
1702 3462 1801 3500 ne-

204 3550 316 3604 que
364 3535 552 3589 iisdem
583 3536 973 3605 obtemperabit
1018 3538 1240 3608 legibus.
1268 3538 1404 3606 Quid
1442 3539 1585 3593 enim
1617 3538 1662 3593 si
1695 3539 1803 3593 Deo

204 3624 428 3680 Veteris
457 3626 615 3696 chis
642 3629 813 3682 visum
845 3638 929 3683 est
971 3644 1159 3684 omnes
1202 3631 1425 3699 punire,
1466 3646 1599 3700 quas
1628 3631 1804 3685 larvas

205 3717 448 3787 profers,
472 3720 600 3789 quid
630 3730 801 3775 terres
827 3720 1046 3775 ?Alium
1077 3720 1253 3775 habeo
1268 3721 1576 3787 Dominum,
1603 3721 1691 3793 qui
1719 3737 1805 3777 me

204 3810 545 3882 iudicaturus
566 3821 669 3868 est.
695 3812 878 3884 Itaque
900 3814 944 3867 si
990 3813 1122 3867 alius
1152 3812 1339 3868 fuisset
1381 3814 1623 3881 Veteris,
1668 3814 1806 3869 alius

214 3904 386 3959 Nova:
411 3904 570 3976 Legis
589 3947 603 3971 ,
631 3905 827 3961 Paulus
852 3916 1039 3961 contra
1060 3949 1074 3973 ,
1097 3922 1257 3976 quam
1286 3906 1527 3971 volebat,
1552 3905 1765 3961 fecisset
1789 3923 1801 3959 :

209 4013 321 4053 non
353 4000 514 4053 modo
540 4000 682 4054 enim
712 4014 816 4054 non
846 4000 1121 4055 terruisset
1148 4000 1443 4054 auditorem
1463 4040 1479 4066 ,
1510 4000 1605 4054 sed
1634 3999 1798 4054 etiam

209 4094 279 4149 ab
298 4095 445 4148 omni
471 4094 713 4164 angustia
737 4104 793 4149 et
821 4103 963 4148 metu
987 4094 1290 4159 liberasset,
1308 4093 1450 4164 quod
1470 4108 1627 4148 nemo
1649 4108 1807 4163 quan-

211 4189 339 4243 tivis
364 4190 554 4259 pretii,
587 4191 747 4245 etiam
793 4190 1050 4259 insipiens
1094 4188 1316 4252 fecerit,
1364 4187 1559 4243 nedum
1611 4188 1808 4241 Paulus

212 4293 363 4337 tanta
403 4283 593 4352 plenus
614 4283 892 4351 sapientia.
925 4282 1079 4338 Unde
1110 4282 1283 4351 palam
1308 4288 1392 4335 est
1416 4280 1661 4335 eumdem
1690 4294 1810 4334 esse

214 4375 417 4441 Deum,
452 4374 541 4444 qui
567 4382 621 4428 et
653 4374 867 4429 Judzros
894 4374 946 4428 in
974 4388 1156 4428 eremo
1177 4373 1497 4443 prostravit,
1529 4383 1583 4427 et
1621 4371 1687 4425 de
1710 4387 1808 4425 no-

212 4468 297 4522 bis
338 4482 436 4522 eos
463 4466 674 4522 ultnrus
719 4476 830 4533 est,
872 4466 961 4537 qui
1010 4465 1367 4535 peccaverint.
1414 4464 1598 4533 Neque
1628 4463 1807 4528 enim,

215 4558 319 4612 nisi
350 4572 490 4612 unus
519 4565 663 4612 esset
695 4556 769 4629 (id
797 4558 991 4611 iterum
1017 4556 1185 4626 dico),
1215 4570 1312 4625 per
1356 4570 1418 4610 ea
1456 4570 1576 4625 quae
1624 4554 1749 4608 olim
1781 4568 1810 4606 a

216 4666 275 4705 se
302 4659 454 4720 gesta
482 4658 637 4716 sunt,
669 4649 735 4703 de
772 4648 965 4703 futuris
1013 4650 1172 4703 etiam
1222 4663 1320 4702 nos
1378 4656 1636 4711 terreret;
1688 4646 1811 4717 quia

214 4753 399 4799 autem
444 4743 585 4797 idem
618 4744 731 4812 ipse
765 4750 885 4807 est,
918 4742 1163 4811 supplicii
1192 4740 1644 4810 exspectationem
1666 4778 1680 4803 ,
1725 4736 1813 4792 cui

213 4838 515 4894 contradici
536 4837 751 4907 nequit,
784 4837 915 4905 ipsis
946 4834 1191 4900 induxit,
1237 4832 1527 4887 ostendens
1566 4840 1811 4885 metuen-

210 4932 345 4988 dum
371 4930 876 5000 formidandumque
900 4944 1041 4984 esse.
1071 4927 1171 4995 Qui
1221 4927 1361 4993 enim
1393 4934 1572 4996 patres
1601 4936 1813 4979 nostros

214 5035 513 5098 peccantes
540 5026 681 5079 ultus
711 5032 831 5089 est,
861 5038 966 5077 non
1014 5022 1197 5091 utique
1242 5020 1395 5075 nobis
1438 5026 1616 5088 parcet
1670 5018 1815 5086 paria

213 5119 591 5192 peccantibus.
638 5117 755 5172 Jam
796 5132 975 5186 opera:
1023 5116 1253 5184 pretium
1296 5113 1453 5167 fuerit
1496 5112 1813 5183 principium

212 5211 550 5268 narrationis
576 5218 823 5280 repetere
843 5251 858 5274 ,
885 5219 940 5264 et
965 5208 1103 5263 dicta
1135 5208 1340 5277 singula
1366 5222 1488 5261 cum
1531 5206 1680 5260 omni
1723 5220 1814 5259 ac-

215 5303 506 5359 curatione
530 5302 856 5357 examinare.
879 5299 1019 5353 Nolo
1041 5310 1206 5353 autem
1227 5316 1311 5352 vos
1335 5301 1592 5369 ignorare,
1611 5300 1813 5366 fratres.

216 5395 527 5465 Discipulos
554 5404 714 5448 vocat
734 5393 962 5457 fratres;
988 5407 1093 5446 non
1120 5391 1392 5461 dignitatis
1412 5431 1427 5456 ,
1456 5389 1549 5444 sed
1581 5388 1817 5443 caritatis

218 5486 447 5543 nomine
497 5486 646 5555 ipsos
688 5485 1037 5555 compellans.
1092 5482 1307 5539 Sciebat
1362 5483 1543 5545 enim,
1576 5480 1817 5551 apprime

220 5579 410 5647 utique
428 5579 665 5643 sciebat,
695 5578 817 5633 huic
838 5576 1181 5648 appellationi
1205 5575 1413 5645 :equale
1436 5574 1569 5628 nihil
1590 5588 1711 5629 esse
1726 5614 1742 5639 ,
1764 5581 1819 5627 et

220 5670 517 5723 maximam
538 5668 812 5739 dignitatis
839 5670 1070 5738 speciem
1092 5707 1109 5733 ,
1148 5667 1380 5737 speciem
1410 5680 1531 5721 esse
1555 5665 1814 5720 caritatis.

222 5761 341 5815 Hoc
365 5771 545 5815 autem
575 5761 724 5830 prius
751 5769 806 5816 et
835 5775 936 5815 nos
985 5759 1279 5815 imitemur.
1332 5756 1556 5812 Etiamsi
1601 5755 1817 5827 quidam

224 5862 476 5909 nostrum
503 5852 659 5909 valde
710 5852 993 5910 inferiores
1019 5851 1157 5921 sint,
1191 5851 1336 5922 ipsos
1380 5847 1662 5907 ministerii
1715 5863 1812 5907 no-

1046 377 1113 435 lN
1151 378 1406 436 DlCTUM
1445 375 1670 445 PAULI,
1697 375 1887 433 NOLO
1915 376 2049 435 VOS
2085 378 2457 449 IGNORARE,
2500 382 2653 440 ETC.

3367 386 3477 443 Ξῒϐ

1891 495 2037 551 mine
2062 498 2462 569 compellemus,
2481 515 2586 554 non
2615 500 2786 555 solum
2814 500 3032 567 liberos,
3060 500 3155 556 sed
3181 500 3340 556 etiam
3364 515 3479 557 ser-

1888 601 2015 652 vos;
2043 602 2149 644 non
2177 590 2349 644 solum
2370 590 2581 659 divites,
2604 592 2697 648 sed
2718 594 2874 646 etiam
2902 608 3162 663 pauperes
3188 610 3201 646 :
3231 593 3474 663 quando-

1890 678 2105 747 quidem
2153 689 2207 735 et
2252 680 2450 737 Paulus
2488 698 2596 737 non
2626 684 2797 737 solum
2824 683 3221 738 Corinthiorum
3249 683 3474 751 divites,

1891 771 2090 827 liberos
2119 782 2172 828 et
2197 777 2516 845 conspicuos
2544 786 2598 831 et
2626 777 2865 844 nobiles,
2896 778 2990 833 sed
3035 779 3195 833 etiam
3248 780 3479 850 privatos

1891 871 1947 919 et
1962 864 2315 935 domesticos,
2339 878 2393 923 et
2414 885 2605 925 omnes
2634 871 3090 925 indiscriminatim
3123 874 3217 927 hac
3235 873 3475 943 appeila-

1894 954 2037 1010 tione
2084 955 2382 1013 honoravit.
2434 959 2565 1013 Nam
2590 961 2641 1013 in
2691 961 2904 1015 Christo
2930 962 3052 1016 Jesu
3092 977 3263 1032 neque
3293 978 3478 1017 servus

1891 1060 2067 1116 neque
2097 1047 2248 1115 liber,
2272 1064 2377 1103 non
2401 1050 2655 1105 barbarus
2673 1091 2687 1116 ,
2709 1068 2811 1107 non
2843 1052 3037 1123 Scytha
3063 1095 3079 1120 ,
3104 1069 3207 1107 non
3229 1055 3441 1123 sapiens
3472 1088 3491 1116 ,

1895 1153 2071 1209 neque
2097 1141 2354 1211 insipiens
2376 1142 2520 1213 (Gal.
2546 1146 2599 1200 5.
2628 1145 2697 1199 28
2726 1145 2767 1216 ),
2797 1145 2889 1199 sed
2918 1146 3091 1199 omnis
3114 1146 3381 1200 smcularis
3408 1140 3496 1197 di-

1893 1231 2110 1301 gnitatis
2165 1233 2496 1304 inaequalitas
2534 1236 2741 1290 sublata
2798 1246 2894 1293 est.
2944 1236 3145 1307 Ecquid
3192 1237 3383 1291 mirum
3449 1235 3496 1289 si

1896 1321 2092 1377 Paulus
2116 1338 2405 1380 conservos
2432 1327 2509 1381 sic
2537 1328 2899 1397 appellaverit,
2918 1328 3129 1397 quando
3150 1337 3204 1383 et
3231 1328 3495 1383 Dominus

1894 1413 2009 1483 ejus
2027 1425 2269 1469 naturam
2300 1426 2533 1471 nostram
2564 1420 2639 1473 sic
2657 1420 2881 1484 vocavit,
2908 1419 2991 1472 his
3012 1419 3188 1473 verbis
3212 1416 3485 1473 :Narrabo

1898 1522 2083 1561 nomen
2113 1516 2255 1561 tuum
2284 1510 2527 1578 fratribus
2554 1512 2695 1576 meis,
2722 1512 2775 1564 in
2806 1512 2969 1565 medio
2993 1510 3237 1565 Ecclesia
3267 1509 3485 1564 laudabo

1897 1600 2139 1671 te-(Psal.
2162 1601 2253 1656 2i.
2282 1602 2373 1673 25)
2402 1604 2431 1655 ‘i
2460 1603 2642 1673 Neque
2674 1614 2875 1658 tantum
2918 1620 3013 1658 nos
3044 1603 3235 1658 fratres
3256 1604 3485 1670 vocavit,

1896 1692 1991 1748 sed
2017 1702 2071 1747 et
2091 1694 2205 1763 ipse
2236 1692 2400 1749 frater
2437 1710 2557 1749 esse
2580 1706 2758 1749 noster
2781 1696 2978 1759 voluit,
3007 1706 3061 1750 et
3088 1710 3209 1749 vere
3237 1693 3333 1748 fuit
3361 1709 3483 1748 cum

1898 1799 2115 1840 carnem
2167 1797 2402 1840 nostram
2460 1788 2662 1851 induit,
2713 1803 2768 1842 et
2797 1797 3005 1841 natura:
3035 1796 3231 1841 nostrae
3267 1802 3490 1841 consors

1898 1878 2068 1932 factus
2121 1889 2222 1932 est.
2276 1879 2427 1945 Quod
2480 1881 2648 1949 ipsum
2678 1881 2950 1936 admirans
2993 1882 3189 1935 Paulus
3233 1879 3488 1934 dicebat:

1901 1970 2022 2025 Non
2053 1972 2184 2025 enint
2208 1973 2413 2042 angelos
2443 1974 2773 2044 apprehendit
2800 1974 2968 2040 Deus,
2997 1974 3085 2029 sed
3122 1990 3291 2029 semen
3330 1974 3494 2027 Abra-

1899 2061 1980 2115 Itaa
2001 2063 2366 2133 apprehendit;
2399 2065 2532 2117 unde
2571 2064 2740 2117 debuit
2786 2083 2873 2135 per
2900 2066 3069 2118 omnia
3095 2066 3333 2136 fratribus
3360 2064 3491 2117 assi-

1898 2155 2069 2208 milari
2096 2154 2289 2227 (Hebr.
2323 2156 2377 2209 ‘2.
2422 2157 2506 2212 16.
2552 2158 2674 2227 17).
2707 2157 2775 2211 Ει
2804 2173 3013 2211 rursum
3041 2176 3053 2212 :
3092 2158 3344 2223 Quoniam
3377 2171 3493 2209 vero

1900 2246 2046 2316 pueri
2072 2247 2497 2316 participavertmt
2526 2248 2666 2302 carni
2691 2256 2737 2301 et
2758 2249 3028 2318 sanguini,
3051 2246 3283 2302 similiter
3319 2257 3362 2300 et
3386 2247 3492 2316 ipse

1900 2338 2221 2409 participavit
2246 2339 2424 2392 iisdem
2440 2340 2563 2406 ipsis
2595 2338 2755 2407 (Ibid.
2780 2355 2828 2392 v.
2856 2340 2964 2409 Η).

1978 2427 2206 2482 Proximi
2231 2429 2433 2483 honeste
2456 2429 2812 2500 compellandi.
2834 2428 3099 2484 Transitus
3127 2447 3214 2500 per
3231 2446 3367 2483 mare
3388 2428 3497 2483 Ru-

1901 2519 2044 2573 brum
2075 2520 2309 2589 baptismi
2332 2531 2502 2591 typus.
2533 2550 2603 2560 —-
2634 2521 2757 2575 Haec
2792 2536 2954 2590 porro
2988 2522 3165 2575 omnia
3192 2521 3493 2585 audientes,

1900 2612 2256 2680 arrogantiam
2283 2653 2296 2674 ,
2328 2611 2518 2665 fastum
2543 2620 2596 2666 et
2640 2613 2941 2681 superbiam
2969 2612 3259 2682 quamlibet
3282 2627 3347 2666 ex
3383 2612 3496 2665 ani-

1902 2702 2007 2755 mis
2035 2702 2229 2757 nostris
2256 2702 2594 2757 eliminemus
2645 2721 2658 2757 :
2689 2703 2741 2757 id
2783 2718 2993 2757 summo
3022 2702 3197 2756 studio
3226 2715 3495 2766 curemus,

1902 2800 1961 2848 ut
1987 2793 2229 2863 obsequii
2258 2801 2313 2849 et
2358 2794 2581 2849 honoris
2632 2795 2940 2849 nominibus
2987 2794 3258 2864 proximos
3285 2801 3497 2847 nostros

1903 2885 2308 2954 compellemus.
2335 2884 2484 2940 Licet
2513 2887 2655 2941 enim
2678 2887 2780 2940 hoc
2805 2885 3038 2939 officium
3072 2884 3216 2955 parvi
3238 2884 3495 2938 momenti

1903 2989 2025 3030 esse
2052 2976 2316 3041 videatur,
2347 2991 2536 3047 magna
2578 2986 2752 3032 tamen
2780 2978 2919 3046 parit
2946 2977 3083 3031 bona
3113 2993 3125 3029 :
3152 2975 3499 3045 quemadmo-

1903 3068 2029 3123 dum
2058 3076 2113 3123 et
2137 3069 2438 3139 oppositum
2463 3069 2655 3124 multas
2684 3068 3010 3133 inimicitias,
3044 3068 3163 3121 lites
3193 3075 3246 3121 et
3275 3078 3497 3121 conten-

1907 3162 2079 3216 tiones
2107 3162 2420 3232 plerumque
2447 3163 2671 3231 peperit.
2703 3161 2885 3231 Neque
2917 3161 3016 3215 hoc
3041 3158 3379 3215 solummodo
3407 3158 3492 3212 di-

1905 3264 2070 3321 ctum,
2103 3255 2197 3309 sed
2226 3255 2384 3309 etiam
2414 3254 2543 3309 illud
2586 3253 2729 3325 quod
2760 3254 3019 3321 sequitur,
3062 3249 3249 3321 magna
3271 3266 3493 3305 accura-

1908 3349 2055 3404 tione
2106 3350 2438 3405 excutiamus
2496 3366 2513 3403 :
2571 3364 2743 3417 neque
2798 3347 2941 3401 enim
3000 3344 3129 3400 illud
3181 3346 3295 3399 sine
3341 3359 3498 3397 causa

1909 3441 2102 3511 posuit.
2133 3440 2267 3494 Cum
2297 3440 2439 3494 enim
2458 3440 2700 3505 dixisset,
2731 3437 2868 3491 Nolo
2895 3452 2981 3490 vos
3006 3438 3258 3507 ignorare,
3282 3438 3501 3504 fratres;

1907 3533 2122 3604 adjecit,
2176 3534 2327 3599 Quod
2374 3543 2541 3604 patres
2583 3532 2737 3586 nostri
2768 3547 2937 3585 omnes
2970 3545 3114 3584 :non
3164 3528 3317 3594 dixit,
3361 3527 3502 3597 quod

1907 3628 2100 3693 Judaei,
2134 3643 2309 3698 neque
2344 3627 2397 3694 ii,
2427 3626 2517 3697 qui
2548 3640 2613 3680 ex
2643 3624 2877 3695 Egypto
2904 3623 3103 3694 egressi
3128 3620 3375 3686 fuerant;
3405 3618 3498 3675 sed

1909 3720 2069 3790 quid?
2098 3719 2280 3774 Patres
2308 3720 2467 3773 nostri
2509 3735 2715 3783 omnes;
2748 3717 2905 3771 simul
2934 3730 3082 3769 suam
3112 3713 3370 3769 exhibens
3402 3712 3503 3765 hu-

1909 3811 2211 3875 militatem,
2242 3825 2363 3865 eum
2399 3824 2583 3864 eorum
2630 3808 2997 3877 cognationem
3033 3820 3138 3859 non
3185 3804 3503 3873 dedignatus

1911 3911 2012 3968 est,
2036 3902 2135 3957 etsi
2162 3909 2367 3955 tantum
2409 3903 2653 3970 superior
2677 3899 2870 3952 virtute
2896 3915 2910 3962 ;
2938 3906 2992 3951 et
3022 3894 3381 3965 impudentem
3409 3909 3505 3947 eo-

1911 4011 2029 4051 rum
2050 3996 2285 4065 linguam
2312 4009 2590 4059 coercens,
2616 3993 2705 4061 qui
2740 3993 2979 4047 Veterem
3002 3990 3197 4060 Legem
3219 3988 3506 4043 criminan-

1915 4100 2021 4144 tur.
2063 4089 2247 4158 Neque
2285 4088 2429 4142 enim
2460 4088 2505 4142 si
2556 4086 2760 4141 odisset
2806 4086 2969 4148 illam,
3026 4082 3507 4137 honorabilioribus

1915 4183 2057 4236 illam
2088 4180 2391 4235 nominibus
2426 4188 2924 4241 commemorasset,
2952 4191 3070 4230 cum
3102 4176 3179 4229 illi
3203 4189 3389 4228 omnes
3416 4175 3505 4243 qui

1917 4282 2040 4328 tunc
2091 4272 2337 4327 vixerant
2389 4270 2743 4325 criminationi
2792 4280 2974 4323 essent
3023 4267 3260 4322 obnoxii.
3301 4266 3507 4320 Omnes.

1914 4367 2096 4437 Neque
2118 4364 2246 4420 illud
2278 4375 2478 4419 temere
2513 4363 2705 4433 posuit,
2741 4360 2945 4425 Omnes,
2988 4376 3160 4429 neque
3186 4374 3505 4428 supervaca-

1918 4474 2039 4521 uee,
2072 4457 2166 4513 sed
2213 4471 2401 4526 magna
2440 4470 2561 4509 cum
2605 4454 2886 4522 sapientia.
2932 4452 3114 4522 Neque
3169 4467 3290 4506 cum
3343 4451 3511 4505 semel

1919 4552 2161 4615 dixisset,
2205 4548 2255 4602 id
2306 4556 2486 4618 postea
2539 4546 2731 4609 tacuit;
2764 4544 2855 4623 sed
2882 4553 2937 4599 et
2975 4544 3057 4598 bis
3081 4554 3134 4598 ct
3167 4552 3246 4598 ter
3275 4552 3329 4597 et
3367 4558 3511 4611 saepe

1920 4641 2301 4715 pronuntiavit,
2344 4648 2401 4693 ut
2443 4638 2651 4693 ediscas
2690 4637 2836 4690 illum
2868 4652 2971 4689 non
3005 4634 3362 4705 perfunctorie
3408 4633 3509 4686 hoc

1919 4735 2224 4808 protulisse.
2257 4732 2390 4786 Cum
2415 4731 2638 4785 dixisset
2657 4728 2819 4791 enim,
2847 4727 2998 4793 Quod
3028 4735 3194 4796 patres
3215 4724 3374 4778 nostri
3395 4740 3507 4776 om-

1920 4847 2007 4883 nes
2028 4827 2119 4883 sub
2148 4827 2277 4879 nube
2305 4830 2530 4895 fuerunt,
2577 4822 2791 4889 adjecit,
2824 4820 2887 4873 Et
2928 4835 3099 4871 omnes
3122 4834 3210 4888 per
3238 4833 3376 4869 mare
3402 4814 3511 4868 Rn-

1923 4922 2069 4974 brum
2089 4919 2415 4980 transierunt,
2444 4925 2490 4968 et
2515 4931 2684 4967 omnes
2710 4914 2762 4966 in
2796 4911 2849 4965 Μ
2855 4928 3025 4981 oysem
3046 4910 3287 4979 baptizati
3303 4918 3438 4972 sunt,
3464 4918 3511 4962 et

1923 5029 2094 5067 omnes
2118 5010 2342 5064 eamdem
2368 5024 2531 5061 escam
2559 5005 2870 5075 spiritualem
2895 5002 3240 5068 comederunt,
3268 5010 3309 5055 et
3335 5018 3509 5054 omnes

1922 5105 2147 5161 eumdem
2180 5112 2351 5173 potum
2373 5099 2687 5171 spirituafetn
2731 5099 2973 5151 biberunt.
3006 5094 3212 5151 Audisti
3249 5096 3514 5165 quomodo

1923 5213 2067 5269 saepe
2098 5195 2247 5262 illud,
2284 5193 2490 5259 Omnes,
2521 5190 2799 5260 posuerit?
2828 5189 2978 5256 Quod
3003 5202 3338 5257 nequaquam
3363 5187 3515 5241 fecis-

1924 5299 2026 5355 set,
2051 5288 2151 5343 nisi
2192 5300 2442 5355 magnum
2468 5282 2592 5351 quid
2630 5290 2683 5336 et
2713 5280 2955 5335 mirabile
2984 5280 3296 5351 mysterium
3326 5277 3513 5332 subiu-

1923 5386 2104 5441 dicare
2131 5382 2405 5437 voluisset.
2440 5378 2498 5433 Si
2544 5378 2685 5431 enim
2716 5374 3027 5442 simpliciter
3066 5371 3356 5444 posuisset,
3384 5370 3512 5423 satis

1924 5486 2039 5535 erat
2084 5477 2139 5533 id
2176 5473 2340 5531 semel
2384 5472 2584 5526 dictum
2630 5477 2811 5538 postea
2839 5475 3038 5532 tacere,
3092 5474 3148 5519 et
3174 5465 3252 5519 sic
3286 5461 3467 5517 dicere
3498 5479 3510 5513 :

1923 5570 2076 5640 Quod
2127 5579 2305 5639 patres
2334 5562 2499 5619 nostri
2528 5574 2717 5615 omnes
2753 5558 2851 5613 sub
2885 5557 3024 5612 nube
3063 5556 3293 5615 fuerunt.
3340 5560 3393 5607 et
3421 5565 3515 5620 per

1926 5677 2074 5718 mare
2116 5658 2464 5718 transierunt,
2503 5662 2557 5707 et
2601 5652 2652 5705 in
2680 5649 2917 5720 Moysem
2974 5644 3225 5716 baptizati
3262 5649 3429 5708 sunt,
3460 5648 3515 5695 et

1925 5752 2169 5810 eamdem
2197 5762 2375 5804 escam
2426 5742 2753 5815 spiritualem
2784 5738 3150 5802 comederunt,
3182 5742 3236 5790 et
3266 5731 3513 5789 eumdem

1929 5853 2110 5919 potum
2132 5838 2458 5913 spiritualem
2476 5836 2742 5893 biberunt.
2767 5831 2916 5890 Nunc
2935 5839 3111 5887 autem
3134 5842 3240 5885 non
3269 5827 3338 5882 ita
3357 5823 3512 5891 dixit,
