3990 6358
474 355 579 410 217

464 471 560 526 sed
608 469 676 523 ad
713 467 918 538 singula
967 476 1117 535 gesta
1163 465 1309 530 illud,
1359 465 1568 529 Unities,
1613 464 1889 528 adjicieus,
1949 477 2052 515 noti

467 575 684 630 parvam
713 558 866 613 nobis
895 557 1172 610 sententia.-
1201 572 1310 609 sua:
1334 555 1550 623 januam
1597 554 1826 620 aperuit,
1856 563 1910 603 ιιι
1940 550 2056 613 ejus

462 651 776 724 sapientiam
801 647 1223 712 consideremus,
1259 645 1365 701 Cur
1391 661 1520 713 ergo
1544 645 1679 700 hanc
1720 659 1904 696 vocent
1953 641 2058 694 fre-

463 754 688 812 quenter
718 741 946 810 repetit?
978 739 1044 795 Ut
1072 739 1315 793 ostendat
1344 752 1587 806 magnam
1625 751 1743 789 esse
1771 734 1925 800 Legis
1956 732 2057 788 Vc-

469 835 599 890 tet'is
625 850 744 886 cuin
789 833 934 885 Nova
988 831 1382 902 Cogitationem,
1443 837 1495 882 et
1526 827 1612 880 illa
1665 827 1824 878 fuisse
1869 825 2057 876 horum

467 924 687 992 figurant
714 965 727 987 ,
762 932 816 977 et
849 924 1148 976 futurorum
1179 922 1443 974 umbram.
1479 921 1652 987 Atque
1680 918 1902 986 primum
1935 914 2059 968 hinc

467 1016 871 1070 consonantiam
924 1015 1176 1068 ostendit.
1229 1012 1450 1066 Volebat
1499 1012 1638 1066 enim
1693 1009 2062 1063 demonstrare

466 1106 628 1175 quod,
661 1104 1106 1175 quemadmodum
1140 1104 1189 1157 in
1222 1103 1458 1158 Ecclesia
1489 1118 1594 1157 non
1645 1111 1727 1155 est.
1771 1099 2058 1154 discrimen

467 1185 606 1253 inter
628 1213 840 1250 set-vum
874 1206 926 1250 et
954 1195 1202 1256 liberum,
1234 1210 1406 1264 neque
1454 1194 1594 1247 inter
1627 1193 1962 1260 peregrinum
2010 1198 2064 1244 et

467 1287 660 1350 civem,
689 1303 872 1342 senem
905 1295 959 1340 et
987 1288 1263 1356 juvenem,
1297 1286 1592 1354 sapientem
1615 1294 1667 1336 et
1700 1284 2060 1352 insipientem,

472 1379 738 1448 privatum
769 1389 823 1433 et
853 1378 1168 1448 principem,
1201 1378 1476 1432 mulierem
1504 1387 1558 1431 et
1597 1377 1788 1441 virum,
1822 1375 1912 1430 sed
1945 1390 2062 1428 om-

472 1469 557 1523 ttis
582 1477 714 1522 tetas
736 1478 787 1521 et
811 1468 1062 1538 dignitas,
1095 1477 1253 1538 atque
1293 1475 1518 1536 uterque
1548 1483 1706 1519 sexus
1737 1465 1980 1518 similiter
2012 1465 2062 1520 itt

476 1559 718 1614 eamdem
751 1559 890 1611 illattt
921 1574 1176 1627 aquarum
1203 1557 1458 1627 piscinam
1488 1556 1836 1619 descendunt,
1868 1571 1932 1609 ae
1954 1555 2066 1609 sive

478 1664 572 1703 rex
588 1649 700 1701 sive
726 1647 1004 1701 mendicus
1025 1648 1210 1704 eadem
1235 1647 1534 1717 expiatione
1553 1646 1826 1700 fruuntur:
1851 1646 1898 1700 id
1923 1644 2065 1714 quod

474 1752 556 1796 est
611 1741 895 1794 maximum
930 1749 1126 1794 nostra:
1173 1741 1461 1793 nobilitatis
1489 1750 1880 1808 argumentum,
1927 1737 2068 1808 quod

476 1832 634 1885 simili
669 1832 827 1884 tnodo
867 1831 1168 1886 tuettdieuttt
1198 1847 1261 1885 ac
1292 1847 1522 1901 purpura
1555 1832 1801 1884 vestitum
1851 1830 1914 1883 ad
1947 1845 2064 1900 tity-

474 1925 636 1977 steria
689 1923 1029 1977 admittantus
1060 1965 1074 1988 ,
1130 1933 1287 1992 atque
1335 1923 1386 1976 itt
1437 1923 1808 1993 mysteriorum
1863 1923 2069 1976 ratione

478 2013 608 2065 nihil
635 2012 718 2066 hic
751 2013 866 2081 plus
894 2013 983 2065 illo
1011 2011 1204 2066 habeat
1235 2031 1250 2068 :
1279 2013 1357 2065 sic
1378 2021 1428 2066 et
1465 2012 1516 2066 itt
1556 2011 1730 2065 Veteri
1750 2011 1887 2081 Lege
1917 2011 2066 2078 illud,

482 2103 687 2166 Omnes,
722 2105 1029 2172 frequenter
1059 2104 1251 2172 posuit.
1296 2101 1654 2172 Nequeenim
1677 2103 1855 2156 dicere
1884 2113 2057 2172 potes,

479 2195 713 2265 Moysem
742 2211 836 2264 per
880 2194 1112 2258 aridam,
1149 2193 1364 2247 Judmos
1409 2209 1533 2246 vero
1582 2210 1675 2262 per
1703 2210 1847 2248 mare
1895 2203 2068 2247 trans-

483 2289 675 2350 ivisse;
702 2304 873 2355 neque
898 2288 1183 2355 opulentos
1213 2303 1304 2354 per
1338 2285 1472 2339 hanc
1503 2287 1660 2348 viam,
1695 2301 1954 2355 pauperes
1977 2303 2071 2355 per

481 2381 670 2446 aliam,
689 2396 861 2449 neque
889 2381 1134 2434 mulieres
1171 2381 1270 2432 sub
1296 2395 1443 2444 aere,
1464 2380 1609 2433 viros
1646 2379 1744 2432 sub
1771 2379 1942 2443 nube;
1976 2379 2068 2434 sed

480 2489 668 2524 omnes
695 2488 792 2540 per
823 2489 986 2537 mare,
1012 2474 1110 2525 sub
1138 2473 1277 2526 nube
1294 2488 1502 2536 ntnnes,
1528 2484 1581 2525 et
1612 2473 1663 2525 in
1688 2472 1922 2542 Moysetn
1958 2489 2072 2524 titti-

488 2581 602 2620 ιιι-οε.
651 2565 909 2632 Quoniam
954 2565 1095 2619 enim
1143 2565 1392 2618 transitus
1434 2565 1519 2618 ille
1545 2564 1704 2618 futuri
1739 2565 2071 2633 baptismatis

485 2669 639 2728 typus
670 2667 785 2710 erat
808 2698 822 2722 ,
871 2658 970 2711 Itoe
1004 2660 1232 2730 primunt
1262 2673 1354 2726 per
1385 2658 1602 2726 figuram
1634 2657 1865 2724 exprimi
1909 2673 2072 2727 opor-

483 2749 599 2813 tttit,
629 2764 819 2818 nempe
845 2765 1030 2804 onmes
1049 2749 1355 2804 corumdem
1378 2759 1652 2804 consortes
1679 2748 1865 2815 fuisse,
1882 2767 2072 2820 quent-

481 2840 766 2894 admoduttt
797 2853 849 2895 et
881 2841 966 2897 hic
993 2857 1182 2896 omnes
1202 2843 1387 2897 eadem
1416 2844 1690 2913 a-qualiter
1732 2845 2070 2914 participant.

486 2931 557 2985 Et
601 2932 869 3000 quomodo
894 2943 1087 3001 potest,
1143 2933 1372 3003 inquies,
1421 2934 1547 2988 illttd
1589 2936 1925 3004 praisentiun‘t
1957 2949 2075 2992 esse

484 3023 678 3094 typus?
701 3024 754 3079 Si
787 3025 932 3094 prius
954 3025 1202 3080 didiceris
1231 3027 1354 3096 quid
1383 3029 1454 3080 sit
1485 3037 1660 3097 typus,
1691 3027 1815 3097 quid
1849 3029 2072 3093 veritas,

487 3123 609 3167 tuttc
639 3115 727 3166 tibi
755 3114 974 3184 hujusce
1003 3115 1076 3169 rei
1101 3117 1358 3170 rationem
1389 3117 1624 3172 reddam.

556 3206 611 3258 -1,
649 3205 929 3260 Discrimen
986 3208 1116 3261 inter
1172 3209 1402 3261 umbram
1447 3219 1492 3262 et
1537 3210 1812 3262 veritatem.
1845 3211 2075 3278 -—-Qnid

486 3297 643 3363 igitur
684 3305 765 3350 est
811 3299 1018 3363 umbra,
1059 3309 1112 3353 et
1146 3301 1272 3370 quid
1325 3301 1556 3355 veritas?
1587 3305 1716 3372 Age,
1769 3318 2073 3357 sermonem

487 3389 552 3441 ad
584 3389 838 3458 imagines
878 3391 1285 3458 transferamus,
1331 3409 1464 3464 quas
1515 3395 1745 3463 pictores
1784 3394 2072 3451 detineant.

487 3480 674 3534 Vidisti
707 3498 851 3550 smpe
874 3483 1268 3552 imperatoriam
1292 3486 1578 3555 imaginem
1597 3487 1828 3541 caeruleo
1859 3489 2074 3541 tinctam

489 3572 704 3636 colore;
736 3573 926 3626 deinde
955 3589 1082 3628 vero
1108 3576 1364 3643 pietorent
1391 3578 1536 3630 albas
1563 3578 1731 3631 lineas
1771 3578 2075 3645 ducentem,

492 3662 956 3730 etlmpi-ratorem
1001 3664 1395 3734 depingentem,
1448 3676 1502 3722 et
1546 3669 1738 3722 solium
1786 3669 2076 3739 imperato-

492 3754 650 3817 rium,
678 3765 731 3808 et
753 3772 917 3824 equos
953 3757 1245 3823 adstantes,
1284 3767 1338 3813 et.
1379 3760 1634 3814 satellites
1663 3770 1715 3814 et
1740 3763 1947 3816 vinctos
1977 3763 2078 3815 lto-

492 3855 602 3896 stes
631 3854 786 3912 atque
829 3847 1094 3902 subactos.
1144 3851 1393 3903 Attamen
1434 3865 1551 3902 cum
1599 3851 1746 3904 vides
1777 3850 1890 3906 lucc
1941 3851 2078 3906 deli-

496 3946 650 3988 neata
683 3946 734 3990 et
775 3936 1105 4002 adumbrata,
1154 3956 1324 4009 neque
1352 3950 1517 3993 totum
1549 3943 1674 4008 scis,
1705 3957 1877 4012 neque
1914 3952 2076 3996 totum

495 4029 709 4098 ignoras
739 4047 752 4085 :
801 4031 894 4084 sed
928 4031 1195 4087 hominem
1247 4034 1385 4103 pingi
1418 4044 1471 4088 ct
1499 4051 1692 4104 equum
1719 4036 1944 4090 obscure
1988 4052 2079 4090 c0-

493 4123 738 4190 gnoscis;
793 4125 960 4192 qualis
988 4141 1114 4179 vero
1160 4126 1229 4180 sit
1259 4127 1549 4196 imperator
1583 4135 1637 4182 et
1682 4128 1849 4198 quelis
1891 4128 1936 4181 In
1961 4129 2075 4195 stis,

497 4230 602 4267 non
639 4216 706 4268 ita
743 4220 1013 4286 perspicue
1043 4219 1339 4287 cognoscis,
1363 4221 1533 4274 donec
1555 4222 1812 4276 accedens
1839 4224 2076 4276 colorum

494 4305 689 4356 veritas
706 4306 1167 4361 ViStllttCt'l‘liOI'cltt
1198 4310 1533 4364 faciat.Sicut
1555 4311 1711 4380 igitur
1749 4312 1798 4364 itt
1825 4311 1911 4365 illa
1945 4312 2077 4366 iuta-

496 4395 619 4463 gine
649 4412 750 4449 non
775 4399 940 4466 exigis
969 4409 1134 4452 totum
1167 4413 1288 4454 ante
1315 4402 1553 4472 colorum
1578 4402 1886 4468 veritatem;
1921 4405 2013 4457 sed
2036 4405 2078 4458 si

502 4486 783 4540 obscuram
807 4489 1084 4556 quamdam
1120 4491 1191 4544 rei
1233 4492 1588 4560 cognitionem
1620 4493 1900 4563 percipias,
1951 4495 2081 4550 satis

499 4576 793 4629 absolutam
841 4577 1248 4633 delineationent
1301 4599 1419 4636 esse
1458 4585 1730 4638 arbitraris
1766 4604 1778 4638 :
1811 4587 1888 4641 sic
1935 4595 1987 4640 et
2015 4589 2083 4642 de

505 4664 684 4720 Veteri
711 4677 762 4721 et
797 4667 869 4722 de
889 4668 1035 4723 Novo
1061 4671 1402 4726 'l‘estantento
1427 4675 1626 4728 sentias
1681 4693 1694 4729 :
1750 4692 1920 4746 neque
1969 4692 2083 4730 om.

500 4757 766 4812 nimodam
799 4760 850 4813 itt
884 4769 1007 4831 typo
1032 4762 1270 4817 veritatis
1295 4768 1692 4820 accurationem
1736 4783 1764 4820 a
1795 4785 1877 4822 nte
1903 4771 2083 4838 requi-

499 4864 624 4914 ras;
659 4859 873 4921 tumque
904 4862 1089 4920 potero
1117 4862 1167 4907 te
1205 4854 1421 4920 docere,
1471 4873 1576 4926 quo
1603 4869 1758 4926 pacto
1803 4863 2084 4930 quamdam

502 4941 815 4997 affinitatem
841 4943 1084 4999 habuerit
1114 4945 1272 5002 Vetus
1303 4964 1420 5001 cum
1449 4949 1616 5015 Novo,
1641 4960 1694 5004 et
1724 4953 1814 5008 ille
1837 4955 2086 5011 transitus

504 5047 625 5084 eum
655 5033 917 5101 baptismo
941 5045 1142 5090 nostro.
1176 5037 1285 5092 Illic
1330 5055 1463 5110 aqua
1488 5051 1539 5095 et
1565 5043 1649 5096 hic
1677 5059 1810 5114 aqua
1843 5064 1856 5099 :
1897 5045 1981 5100 hic
2012 5050 2087 5116 pi-

507 5123 678 5185 scina,
709 5123 814 5177 illic
841 5126 1055 5197 pelagus
1089 5146 1102 5180 :
1134 5129 1220 5184 hic
1244 5146 1432 5185 omnes
1461 5133 1510 5186 itt
1556 5150 1743 5204 aquam
1779 5137 2086 5206 ingrediun-

511 5220 615 5277 tur,
646 5211 752 5266 illic
775 5215 896 5267 item
925 5234 1110 5273 omnes
1159 5237 1173 5272 :
1223 5223 1517 5277 secundum
1567 5224 1946 5282 hoeafi’initas.
2000 5229 2088 5284 Vis

509 5302 720 5356 demum
749 5305 954 5362 discere
991 5311 1226 5364 colorum
1272 5315 1586 5370 veritatem?
1619 5317 1729 5372 Illic
1760 5320 1826 5372 ab
1857 5319 2088 5390 {Egypto

514 5411 608 5464 per
630 5412 774 5449 mare
797 5397 1172 5471 liberabantur,
1209 5403 1292 5458 hic
1341 5405 1408 5460 ab
1448 5406 1785 5463 idololatria:
1824 5411 1929 5464 illic
1950 5412 2089 5464 Pha-

513 5502 606 5539 rao
631 5487 1071 5557 demergehatur,
1114 5494 1199 5550 hic
1231 5496 1472 5552 diabolus
1503 5517 1515 5551 :
1549 5500 1652 5554 illic
1686 5501 1920 5573 {Egyptii
1955 5521 2087 5573 pr:e~

515 5577 844 5644 focabantttr,
895 5579 977 5634 hic
1016 5593 1168 5639 vetns
1197 5587 1354 5641 homo
1386 5592 1612 5658 peccatis
1640 5604 1861 5647 onustus
1883 5594 2091 5648 defodi-

517 5679 622 5722 tur.
677 5673 742 5725 Et
785 5674 903 5729 vide
947 5680 1311 5746 eognationcm
1352 5685 1529 5752 figura:
1573 5701 1694 5739 cum
1745 5687 1983 5754 veritate,
2031 5705 2094 5746 ac

517 5762 754 5819 veritatis
784 5781 892 5835 pra:
915 5775 1038 5838 typo
1063 5770 1456 5827 excellentiam.
1505 5773 1685 5845 Neque
1711 5778 1848 5832 enim
1875 5780 2092 5836 omnino

1191 353 1249 409 S.
1290 351 1570 410 J0.\N.\'lS
1607 345 2081 406 Clll‘iYSOSTOMI
2110 347 2424 404 ARClllEP.
2466 347 3005 405 (ΖΟᾸΞΓΑΝΤΙΝΟΡ.

3653 354 3688 406 Ξ
3702 356 3764 406 18

2169 462 2402 514 alienum
2430 473 2643 530 oportet
2665 477 2785 516 esse
2815 473 2992 533 typum
3022 479 3050 515 a
3080 464 3321 530 veritate,
3352 464 3586 536 alioquin
3613 468 3761 520 enim

2168 559 2320 620 typus
2348 567 2452 604 non
2477 561 2620 606 esset
2648 569 2660 605 :
2691 568 2862 620 neque
2908 569 3120 606 rursum
3155 568 3248 621 par
3271 566 3352 607 est
3373 557 3643 624 exmquari
3683 567 3760 627 ty-

2167 657 2293 711 pum
2320 644 2568 709 veritati;
2608 643 2844 714 alioquin
2878 653 3032 715 typus
3075 646 3186 713 ipsa
3218 648 3413 699 veritas
3441 656 3580 701 esset
3619 666 3633 700 :
3666 649 3761 699 sed

2166 731 2220 786 in
2256 749 2354 788 suo
2385 734 2547 788 modo
2578 742 2791 788 maneat
2814 743 3044 803 oportet,
3097 751 3270 804 neque
3309 737 3485 788 omnia
3543 737 3761 798 habeat,

2165 842 2286 894 quae.
2314 827 2505 881 veritas
2529 826 2710 892 habet,
2742 843 2914 895 neque
2949 843 2977 880 a
3009 838 3120 880 toto
3153 828 3378 881 excidat.
3423 828 3475 882 Si
3507 829 3651 882 enim
3685 839 3766 882 lo-

2171 927 2280 972 tttnt
2310 917 2562 981 haberet,
2607 919 2720 987 ipsa
2757 919 2954 971 veritas
2979 929 3158 981 esset;
3193 920 3234 973 si
3264 934 3290 971 a
3325 928 3436 974 toto
3461 920 3762 985 excideret,

2168 1025 2275 1063 non
2304 1017 2486 1079 possm
2510 1023 2630 1064 esse
2659 1018 2844 1080 typus;
2871 1009 2962 1064 sed
2991 1020 3201 1078 oportet
3228 1019 3286 1063 ut
3310 1020 3511 1079 partem
3545 1010 3761 1075 habeat,

2171 1110 2373 1168 partem
2402 1100 2611 1154 veritati
2642 1111 2897 1154 reservet.
2945 1099 3024 1154 Ne
3055 1101 3211 1169 igitur
3250 1102 3300 1155 in
3331 1101 3506 1156 Veteri
3537 1112 3706 1156 totum
3733 1119 3763 1154 a

2169 1205 2256 1245 me
2286 1191 2524 1258 requiras
2555 1190 2686 1244 :sed
2731 1191 2775 1244 si
2809 1206 2910 1260 qua
2948 1206 3106 1259 parva
3138 1201 3191 1244 et
3235 1192 3458 1245 obscura
3487 1191 3767 1260 acceperis

2171 1283 2470 1349 aenigmata,
2497 1290 2670 1334 tecum
2704 1283 2839 1335 bene
2867 1296 3044 1335 aetum
3094 1297 3214 1336 esse
3261 1293 3403 1352 puta.
3436 1281 3537 1337 Ubi
3583 1283 3764 1352 itaque

2173 1387 2254 1425 εει
2283 1373 2530 1439 cognatio
2559 1373 2668 1443 typi
2694 1371 3116 1426 cutu'veritate?
3147 1371 3201 1424 lu
3239 1388 3306 1426 eo
3329 1374 3470 1442 quod
3499 1374 3610 1428 illic
3643 1391 3761 1426 oui-

2175 1479 2288 1526 nes,
2319 1462 2404 1516 ltic
2431 1463 2555 1516 itettt
2593 1479 2782 1518 omnes
2811 1479 2824 1517 :
2860 1463 2970 1518 illic
3000 1479 3091 1533 per
3109 1481 3322 1532 aquam,
3356 1464 3442 1518 hic
3471 1466 3637 1519 etiam
3664 1481 3763 1534 per

2173 1569 2362 1623 aquam
2399 1572 2410 1606 :
2441 1554 2572 1608 illia
2599 1555 2853 1610 servitute
2879 1556 3089 1610 liberati
3131 1565 3276 1621 sunt,
3329 1568 3382 1610 ct
3425 1572 3524 1612 nos
3567 1557 3696 1611 item
3736 1574 3766 1611 a

2172 1647 2428 1699 servitute
2458 1647 2685 1713 liberati,
2721 1647 2813 1700 sed
2839 1662 2942 1701 non
2971 1646 3038 1699 ab
3066 1647 3253 1701 eadem
3286 1665 3300 1702 :
3330 1663 3449 1701 nam
3479 1648 3610 1701 illia
3641 1663 3761 1702 ser-

2173 1738 2340 1790 vitute
2369 1737 2762 1807 .ﬁligyptiorum,
2793 1754 2888 1790 nos
2915 1753 2945 1791 a
2973 1738 3229 1792 servitute
3247 1737 3552 1792 (Lemonum
3586 1756 3599 1792 :
3631 1739 3708 1792 illi
3733 1756 3770 1792 a-

2176 1830 2431 1881 Servitute
2464 1829 2842 1891 Barbarorum,
2875 1845 2972 1884 nos
3003 1845 3030 1882 ξι
3055 1831 3319 1885 servitute
3342 1831 3570 1899 peccati.
3595 1830 3676 1884 Ad
3708 1832 3772 1884 li-

2177 1921 2437 1974 bertatem
2463 1921 2667 1976 reducti
2695 1932 2818 1976 sunt
2859 1922 2954 1986 illi,
3004 1931 3058 1974 et
3100 1938 3198 1976 nos
3229 1924 3410 1985 etiam,
3441 1924 3537 1977 sed
3568 1939 3675 1977 non
3703 1923 3780 1976 ad.

2175 2013 2440 2077 eamdem,
2485 2013 2579 2069 sed
2611 2013 2676 2067 ad
2708 2014 2876 2067 multo
2927 2014 3339 2084 splendidiorem
3375 2031 3492 2068 nos.
3530 2014 3685 2082 Quod
3725 2017 3780 2069 si.

2182 2105 2379 2173 majora
2402 2105 2513 2160 suis
2544 2114 2722 2159 nostra
2755 2115 2805 2160 et
2863 2106 3265 2172 excellentiora,
3295 2122 3363 2160 ne
3387 2117 3627 2176 stupeas.
3658 2106 3772 2160 Hoc

2177 2194 2317 2251 enim
2343 2197 2571 2252 maxime
2592 2197 2828 2252 veritatis
2858 2207 2961 2263 est,
2994 2198 3135 2266 quod
3157 2199 3224 2251 sit
3247 2211 3371 2270 typo
3397 2201 3554 2268 longe
3585 2201 3771 2252 exi-el-

2176 2291 2390 2352 lentior,
2425 2305 2598 2358 neque
2627 2299 2803 2344 tamen
2842 2289 2915 2343 illi
2965 2289 3266 2344 adversaria
3299 2291 3387 2355 sit,
3419 2300 3472 2344 et
3514 2306 3638 2343 eum
3673 2291 3776 2343 illo

2180 2391 2393 2450 pugnet.
2429 2381 2563 2448 Quid
2601 2390 2778 2436 autem
2809 2390 2909 2446 est,
2944 2380 3129 2435 Omnes
3159 2382 3210 2435 in
3252 2381 3478 2452 Moysen:
3517 2382 3770 2451 baptizati

2177 2483 2292 2526 sunt
2313 2473 2338 2525 Ρ
2359 2471 2518 2526 Forte
2563 2472 2850 2527 obscurum
2881 2474 2896 2503 ¹
2929 2481 3010 2528 est
3043 2473 3184 2542 quod
3204 2473 3548 2539 dicitur;sed
3573 2473 3774 2526 clarius

2177 2566 2393 2620 efticere
2422 2565 2675 2620 conabor.
2712 2565 2856 2621 Marc
2882 2576 3005 2620 tune
3026 2576 3140 2620 erat
3161 2566 3408 2621 diffusum
3436 2576 3559 2621 ante
3587 2568 3776 2621 oculos

2177 2673 2363 2711 eorum
2392 2668 2444 2710 et
2470 2657 2792 2725 jubebantur
2832 2659 3058 2711 transire
3107 2672 3202 2726 per
3235 2667 3544 2711 extraneam
3583 2674 3784 2726 quant-

2178 2750 2302 2805 dant
2332 2758 2386 2805 et
2411 2749 2774 2804 admirabilem
2806 2749 2965 2802 viam.
3010 2748 3178 2803 Nemo
3208 2764 3456 2817 umquam
3487 2750 3565 2802 sic
3594 2757 3777 2803 trans-

2181 2843 2333 2898 ierat.
2362 2842 2759 2899 Cuuetabantur
2797 2851 2852 2897 et
2882 2843 3216 2905 recusabant,
3266 2853 3425 2912 atque
3449 2858 3588 2912 aegre
3625 2842 3775 2896 fere-

2182 2935 2327 2988 bant.
2381 2934 2649 2989 Transivit
2691 2932 2900 3004 Moyses
2954 2933 3175 3002 primus,
3221 2943 3275 2988 et
3303 2946 3358 2987 ut
3381 2949 3567 2988 omnes
3614 2935 3777 2987 facile

2181 3035 2529 3094 sequerentur
2571 3024 2768 3079 effecit.
2803 3025 2915 3078 lloe
2961 3025 3060 3078 sibi
3103 3025 3212 3078 vult
3254 3024 3409 3089 illud,
3435 3023 3498 3078 In
3543 3025 3786 3095 Moysen

2181 3117 2421 3187 baptizati
2449 3125 2563 3170 sunt
2581 3133 2600 3180 ;
2620 3131 2739 3170 etun
2768 3115 2842 3170 illi
2863 3115 3244 3181 credidissent,»
3275 3125 3401 3170 tunc
3419 3116 3468 3168 itt
3493 3131 3659 3184 aquas
3683 3117 3776 3169 illo

2181 3208 2316 3263 duce
2345 3209 2546 3278 ipsique
2569 3209 2790 3262 fidentes
2813 3207 3014 3278 ingredi
3037 3208 3150 3262 ausi
3171 3217 3314 3262 sunt.
3339 3208 3449 3262 Hoc
3466 3209 3584 3262 etin
3606 3207 3773 3262 Chri—

2180 3309 2265 3354 sto
2286 3300 2475 3354 aceidit
2508 3317 2521 3352 :
2555 3315 2678 3353 cum
2709 3302 2852 3352 enim
2885 3314 2985 3354 nos
3029 3299 3330 3353 reduxisset
3358 3300 3424 3353 ab
3465 3314 3674 3362 errore,
3720 3308 3782 3352 et

2183 3392 2249 3444 ab
2271 3391 2530 3445 idolorum
2558 3390 2702 3445 cultu
2732 3390 3033 3456 liberasset,
3066 3400 3120 3444 et
3151 3391 3206 3444 in
3239 3406 3459 3460 regnum
3490 3405 3587 3443 nos
3610 3405 3776 3443 manu

2183 3482 2423 3548 duceret,
2455 3481 2568 3551 ipse
2599 3482 2802 3552 primus
2842 3483 2984 3536 viam
3014 3482 3247 3552 aperuit,
3287 3483 3485 3552 primus
3516 3483 3568 3535 in
3609 3483 3778 3536 emtas

2182 3575 2439 3629 ascendit.
2485 3575 2944 3642 Quemadmodum
2978 3576 3137 3644 igitur
3179 3575 3254 3629 illi
3303 3575 3470 3646 Moysi
3521 3574 3774 3642 fidentes,

2185 3668 2285 3721 iter
2313 3667 2583 3735 suscipere
2623 3674 2746 3720 sunt
2773 3667 2887 3720 ausi
2912 3709 2926 3730 ,
2957 3667 3025 3720 ita
3052 3677 3107 3722 et
3132 3681 3235 3720 nos
3269 3666 3480 3720 Christo
3522 3664 3776 3732 fidentes,

2185 3757 2321 3812 hanc
2349 3759 2829 3826 peregrinationem
2865 3758 3089 3813 fidentes
3118 3757 3458 3826 suscipimus.
3487 3757 3636 3823 Quod
3676 3771 3779 3810 au-

2185 3857 2292 3904 tem
2325 3849 2377 3902 id
2407 3849 2505 3903 sibi
2549 3849 2678 3904 velit
2720 3849 2848 3903 illud
2897 3848 2962 3902 In
2991 3848 3220 3919 Moysen:
3261 3849 3497 3918 baptizatt'
3523 3859 3660 3912 sunt,
3713 3865 3781 3904 ex

2188 3939 2406 3994 historia
2441 3939 2612 4008 palam
2639 3950 2742 3992 est.
2770 3939 2884 3992 Non
2909 3939 3052 3993 enim
3081 3939 3130 3992 itt
3163 3955 3355 3994 nomen
3375 3939 3571 4010 Moysis
3597 3939 3778 4007 bapti-

2185 4031 2285 4085 zati
2318 4040 2462 4084 sunt.
2495 4029 2553 4084 Si
2597 4045 2752 4099 porro
2803 4045 2901 4084 nos
2949 4046 3054 4084 non
3103 4031 3261 4085 modo
3287 4030 3467 4086 Jesum
3494 4032 3687 4085 ducem
3717 4047 3780 4086 ac

2186 4123 2477 4195 principem
2500 4123 2778 4188 habemus,
2811 4122 2902 4177 sed
2927 4124 3085 4178 etiam
3115 4123 3167 4177 in
3197 4139 3390 4179 nomen
3409 4124 3521 4192 ejus
3546 4123 3782 4193 baptiza-

2187 4234 2324 4282 mur,
2357 4217 2478 4270 licet
2509 4217 2581 4271 illi
2633 4232 2738 4271 non
2769 4216 3101 4286 baptizcntur
3140 4217 3193 4272 in
3223 4233 3416 4271 nomen
3449 4218 3666 4288 Moysis,
3715 4233 3782 4273 ne

2188 4307 2306 4362 ideo
2357 4309 2583 4362 turbcris
2618 4326 2629 4362 :
2662 4307 2769 4362 dixi
2819 4324 3046 4377 namque
3075 4319 3321 4377 oportere
3345 4319 3401 4362 ιιι
3445 4312 3640 4363 veritas
3686 4312 3782 4363 ali-

2187 4414 2342 4468 quam
2388 4399 2651 4468 ingentem
2697 4408 2750 4454 et
2795 4398 3116 4454 ineffabilem
3170 4400 3539 4456 excellentiam
3588 4400 3784 4456 habeat

2187 4502 2344 4556 supra
2376 4489 2615 4556 figurant.

2262 4579 2438 4633 Mensa
2457 4593 2501 4632 et
2532 4580 2582 4632 Μ
2591 4581 2776 4650 ysteria
2822 4596 2969 4634 sacra
2995 4581 3045 4633 in
3096 4578 3261 4634 Veteri
3287 4583 3420 4652 Lege
3448 4582 3785 4647 adumbrata;

2188 4669 2392 4726 Paulus
2435 4671 2797 4726 Sumosutenus
2844 4673 3111 4742 refellitur.
3141 4702 3212 4711 —
3239 4672 3477 4726 Vidistin’
3503 4673 3556 4727 in
3604 4676 3784 4742 bapti-

2189 4778 2306 4818 smo
2332 4767 2418 4833 qui
2449 4764 2519 4818 sit
2547 4775 2721 4835 typus,
2761 4781 2878 4833 qua:
2909 4764 3150 4820 veritas?
3194 4767 3328 4833 Age,
3355 4766 3628 4820 ostendam
3692 4767 3784 4821 tibi

2191 4865 2245 4911 et
2273 4871 2509 4910 mensam
2550 4867 2604 4911 et
2633 4857 3006 4927 mysteriorum
3054 4858 3510 4927 participationem
3541 4859 3648 4911 illic
3683 4859 3785 4912 ad-

2193 4949 2490 5000 umbratam
2519 4929 2702 5007 fuisse,
2749 4948 2790 4999 si
2846 4963 2950 4999 ttott
2993 4955 3162 5000 totum
3201 4962 3385 5001 rursus
3411 4964 3441 5000 a
3468 4963 3555 5002 me
3604 4961 3786 5016 petas,

2193 5039 2287 5092 sed
2313 5039 2390 5091 sic
2419 5054 2480 5092 ea
2507 5054 2625 5106 qua:
2668 5046 2815 5107 gesta
2845 5047 2967 5092 sunt
3009 5039 3303 5103 examines,
3337 5051 3393 5093 ut
3419 5055 3516 5110 par
3544 5051 3626 5093 est
3656 5058 3791 5095 um-

2194 5129 2316 5183 bras
2344 5140 2396 5184 et
2426 5130 2640 5199 figuras.
2670 5128 2802 5182 Nam
2833 5144 2951 5183 cum
2983 5130 3207 5184 dixisset
3241 5131 3307 5184 de
3334 5132 3489 5197 litati,
3520 5131 3590 5186 de
3617 5134 3792 5202 nube,

2193 5223 2365 5293 deque
2391 5222 2589 5293 Moyse,
2614 5221 2887 5292 subjunxit
2915 5238 2928 5274 :
2959 5221 3024 5275 Et
3044 5238 3214 5278 omnes
3234 5223 3457 5276 eamdem
3478 5240 3639 5278 escam
3681 5228 3794 5295 cpi.

2195 5316 2428 5369 ritualem
2476 5315 2818 5368 comederunt.
2868 5314 3328 5380 Quemadmodum
3379 5324 3456 5380 ttt,
3489 5316 3683 5385 inquit,
3720 5334 3792 5372 ex

2199 5407 2402 5476 piscina
2429 5421 2682 5475 aquarum
2710 5403 3026 5472 ascendens,
3074 5405 3140 5459 ad
3184 5421 3418 5460 mensam
3463 5407 3632 5461 curris
3667 5408 3796 5462 :sie

2196 5510 2246 5554 et
2277 5500 2346 5553 illi
2374 5515 2439 5552 ex
2467 5499 2600 5552 mari
2624 5498 2996 5563 ascendentes,
3021 5497 3088 5552 ad
3115 5513 3350 5552 mensam
3380 5513 3572 5552 novam
3593 5509 3648 5553 et
3684 5501 3795 5554 mi-

2201 5593 2422 5648 rabilem
2446 5600 2724 5658 venerunt,
2753 5590 2819 5644 de
2848 5606 3038 5644 manna
3070 5590 3277 5660 loquor.
3300 5592 3378 5644 Ac
3401 5604 3617 5644 rursum
3641 5591 3795 5645 sicut.

2263 5738 2277 5768 ³
2309 5733 2372 5798 1η
2404 5733 2562 5798 Editis
2598 5736 2801 5796 legitur,
2840 5733 3027 5785 clarum
3055 5735 3483 5798 (σαῳές);8ω’11.,
3524 5737 3789 5787 obscurum

2201 5797 2439 5861 (ἀσαφές),
2453 5799 2503 5848 in
2515 5801 2736 5863 margine
2749 5805 3000 5861 posuerat,
3013 5796 3068 5848 et
3088 5796 3177 5850 nos
3199 5796 3412 5863 legimus
3433 5814 3462 5850 e
3482 5797 3648 5850 codice
3666 5801 3786 5850 748.
