3990 6358
566 312 674 371 249

563 430 728 503 ἦλθον
779 433 972 504 καινὴν
1025 432 1120 485 καὶ
1166 431 1489 502 παράδοξον,
1520 432 1580 485 16
1627 434 1800 503 μάννα
1832 433 1997 504 λέγω.
2032 437 2146 491 Kal

563 517 724 571 πάλιν
750 516 938 587 ὥσπερ
989 516 1051 569 σὺ
1098 517 1396 588 παράδοξον
1428 516 1571 586 ἔχεις
1603 518 1783 582 πότον,
1818 518 1878 572 16
1915 514 2056 590 αἷμα
2083 519 2145 574 16

565 601 849 670 σωτήριον,
873 598 1017 652 οὕτω
1055 601 1293 652 κάκεῖνοι
1324 599 1626 670 παράδοξον
1654 600 1811 670 ἔσχον
1840 601 1934 654 τοῦ
1963 600 2146 672 πόμα-

499 731 505 743 ,
560 699 649 744 τος
695 683 790 750 τὴν
825 681 1007 750 φύσιν,
1039 682 1101 734 οὑ
1152 681 1334 750 πηγάς
1387 683 1657 750 εὑρόντες,
1711 684 1827 737 οὑδὲ
1869 685 2144 753 ποταμοὺς

565 764 805 832 ῥέοντας,
839 764 950 815 ἀλλ’
981 765 1088 816 ἀπὸ
1124 765 1330 834 πέτρας
1363 764 1603 836 σκληρᾶς
1633 767 1726 819 καὶ
1753 767 1982 838 ἀνύδρου
2011 768 2142 820 πολ-

563 845 658 916 λὴν
679 848 960 916 δεξάμενοι
987 849 1243 918 ναμάτων
1263 847 1559 916 δαψίλειαν.
1595 851 1691 902 Διά
1713 849 1868 903 τοῦτο
1893 851 2024 903 αὑτὸ
2051 851 2143 904 καὶ

564 931 928 998 πνευματικὸν
956 931 1234 995 ἐκάλεσεν,
1271 932 1369 983 οὑκ
1399 933 1584 1002 ἐπειδὴ
1614 937 1679 1003 τῇ
1714 933 1870 1002 φύσει
1904 933 2142 986 τοιοῦτον

560 1007 648 1079 ἦν,
698 1012 833 1064 ἀλλά
883 1013 1074 1084 ἐπειδὴ
1110 1013 1188 1082 τῷ
1219 1013 1404 1084 τρόπῳ
1449 1015 1546 1083 τῆς
1591 1017 1855 1086 χορηγίας
1904 1018 2142 1069 τοιοῦτον

561 1097 796 1164 ἐγένετο.
825 1097 899 1149 O6
930 1097 1038 1168 γὰρ
1067 1098 1208 1150 κατά
1238 1098 1453 1167 φύσεως
1482 1098 1804 1151 ἀκολουθίαν
1835 1101 2020 1162 αὑτοῖς
2045 1099 2144 1152 ἐδί-

560 1179 699 1240 δοτο,
743 1179 877 1231 ἀλλὰ
927 1181 1068 1233 κατὰ
1100 1180 1197 1250 τὴν
1247 1181 1526 1248 ἐνέργειαν
1571 1181 1665 1232 τοῦ
1711 1183 2139 1252 στρατηγοῦντος

558 1261 739 1314 αὐτῶν
769 1262 1110 1333 Θεοῦ.”οπερ
1132 1260 1224 1316 οὖν
1249 1265 1343 1317 καὶ
1371 1265 1502 1316 αὑτὸ
1522 1264 1906 1336 διορθούμενος
1929 1266 2133 1335 ἔλεγεν.

575 1345 788 1416 Ἐπειδὴ
854 1346 956 1416 γάρ
1009 1343 1168 1398 εἷπε·
1219 1349 1328 1401 Καὶ
1384 1348 1604 1413 πάντες
1665 1349 1728 1400 τὸ
1778 1350 1924 1402 αὐτὸ
1979 1354 2139 1420 πόμα

561 1429 964 1495 πνευματικὸν
993 1429 1186 1491 ἔπιον,
1220 1429 1365 1500 ὕδωρ
1400 1430 1456 1482 66
1497 1428 1564 1500 ἦν
1590 1430 1649 1482 16
1679 1432 1985 1501 πινόμενον,
2019 1434 2141 1504 βου-

561 1509 780 1580 λόμενος
805 1512 993 1578 δεῖξαι,
1021 1513 1102 1564 ὅτι
1142 1513 1227 1565 διὰ
1261 1513 1418 1566 τοῦτο
1462 1516 1834 1582 Πνευματικὸν
1868 1513 2041 1583 εἶπεν,
2077 1520 2136 1572 οὺ

559 1594 646 1646 διὰ
679 1595 775 1664 τὴν
812 1595 970 1660 φύσιν
1002 1594 1094 1646 τοῦ
1129 1594 1339 1658 ὓδατος,
1373 1595 1510 1648 άλλά
1561 1595 1647 1648 διὰ
1690 1599 1781 1650 τὸν
1823 1599 1922 1668 τῆς
1976 1618 2139 1672 χορη-

559 1676 683 1742 γίας
711 1677 926 1747 τρόπον,
968 1679 1245 1748 ἐπήγαγεν
1267 1693 1278 1706 ’
1309 1680 1554 1731 Ἕπινον
1587 1679 1694 1748 γὰρ
1722 1680 1792 1732 ἐκ
1818 1682 1927 1749 τῆς
1954 1699 2135 1737 πνευ-

553 1760 812 1827 ματικῆς
850 1761 1309 1825 ἀκολουθούσης
1340 1761 1578 1827 πέτρας·
1613 1765 1650 1828 ἡ
1676 1763 1743 1815 δὲ
1771 1765 1954 1832 πέτρα
1992 1762 2070 1835 ἦν
2103 1771 2134 1821 ὁ

556 1843 827 1907 Χριστός.
854 1843 987 1910 Οὑχὶ
1020 1843 1052 1912 ἡ
1085 1841 1246 1909 φύσις
1268 1841 1362 1893 τοῦ
1385 1842 1554 1907 λίθου,
1581 1847 1761 1913 φησὶν,
1791 1847 1904 1899 ἀλλ’
1929 1848 2138 1917 ἡδύνα-

557 1941 649 1993 μις
687 1923 779 1976 τοῦ
807 1924 1155 1994 ἐνεργοῦντος
1195 1923 1330 1977 Θεοῦ
1376 1926 1472 1988 τὰς
1505 1927 1687 1995 πηγάς
1720 1930 1931 1992 ἐκείνας
1963 1931 2130 2000 ἡφίει.

626 2011 686 2057 ε’.
705 2006 969 2058 Ἐνταῦθα
993 2007 1086 2059 καὶ
1115 2006 1212 2076 τὴν
1238 2004 1451 2058 Παύλου
1477 2006 1569 2059 τοῦ
1602 2009 1959 2078 Σαμοσατέως
1993 2013 2139 2082 αἵρε-

558 2103 642 2139 σιν
659 2087 933 2140 ἀνέσπασε
958 2088 1270 2159 πρόρριζον.
1293 2089 1352 2140 Εἰ
1375 2089 1483 2159 γάρ
1510 2091 1538 2141 6
1569 2091 1802 2160 Χριστὸς
1823 2089 1889 2162 ἦν
1912 2096 1938 2146 6
1960 2096 2134 2149 πάντα

558 2171 795 2240 ἐνεργῶν
826 2174 1025 2235 ἐκεῖνα,
1061 2173 1178 2234 πῶς
1223 2171 1384 2225 αὑτὸν
1417 2174 1480 2225 ἐκ
1517 2174 1638 2226 τότε
1681 2170 1820 2228 εἶναι
1861 2177 2131 2245 λέγουσιν,

556 2252 616 2316 ἐξ
653 2249 712 2306 06
757 2253 938 2325 Μαρία
978 2255 1137 2308 αὑτὸν
1171 2255 1390 2320 ἐτεκενς
1430 2257 1594 2308 Ὅταν
1629 2258 1738 2328 γὰρ
1763 2260 1869 2330 πρὸ
1905 2261 2004 2330 μὲν
2039 2263 2134 2332 τῆς

553 2336 776 2404 Μαρίας
820 2337 886 2389 τὰ
943 2337 1082 2390 κατά
1126 2338 1225 2407 τὴν
1275 2338 1478 2408 ἔρημον
1529 2341 1776 2407 φαίνεται
1828 2343 2129 2412 συμϐάντα.

553 2418 738 2470 ἐκεῖνα
783 2418 838 2471 δέ
881 2420 1057 2473 πάντα
1083 2423 1110 2473 6
1140 2421 1370 2490 Χριστὸς
1408 2416 1475 2492 ἧν
1506 2423 1821 2494 πεποιηκὼς
1861 2425 2001 2479 κατά
2036 2427 2133 2500 τὴν

553 2501 647 2553 τοῦ
675 2501 888 2555 Παύλου
916 2503 1117 2574 φωνὴν,
1141 2505 1354 2574 ἀνάγκη
1378 2506 1472 2558 καὶ
1501 2507 1606 2577 πρὸ
1627 2507 1719 2560 τοῦ
1740 2509 1897 2562 τόκου
1918 2511 2128 2576 τούτου,

554 2585 648 2636 καὶ
681 2585 787 2654 πρὸ
815 2585 922 2638 τῶν
950 2587 1154 2639 ὠδίνων
1183 2587 1344 2641 αὑτὸν
1370 2583 1506 2642 εἶναι
1550 2589 1754 2643 τούτων
1773 2606 1787 2619 ⁸
1817 2593 1877 2644 o6
1906 2594 2013 2664 γὰρ
2041 2595 2133 2664 δή·

553 2683 654 2718 που
701 2668 838 2738 ὀΙμὴ
881 2668 955 2721 ὢν
994 2671 1234 2740 ἐνεργεῖν
1276 2670 1498 2740 ἔμελλεν
1535 2671 1678 2725 οὕτω
1719 2672 2007 2744 Θαυμαστὰ
2039 2679 2132 2730 καὶ

553 2751 830 2823 παράδοξα
858 2753 1176 2824 πράγματα.
1196 2755 1404 2825 Ὥσπερ
1425 2755 1480 2807 δὲ
1505 2755 1696 2819 εἰπὼν,
1716 2759 1797 2810 ὅτι
1825 2759 2023 2822 πάντες
2043 2761 2132 2814 διά

551 2835 650 2904 τῆς
682 2834 957 2906 θαλάσσης
980 2837 1211 2906 διῆλθον,
1237 2837 1334 2908 τὴν
1369 2840 1646 2908 εὐγένειαν
1677 2841 1775 2912 τῆς
1805 2843 2130 2914 Ἑκκλησίας

551 2916 817 2989 ἐδήλωσεν
865 2919 1069 2973 ἀνωθεν
1105 2921 1675 2994 προδιατυπουμένην·
1717 2924 1890 2988 οὕτως
1939 2927 2125 2992 εἰπὼν,

551 2999 626 3052 Τὸ
669 3001 800 3053 αὑτὸ
845 3001 1039 3073 βρῶμα
1067 3005 1437 3072 πνευματικὸν
1464 3005 1686 3073 ἔφαγον,
1719 3007 1780 3059 16
1812 3009 1942 3060 a616
1973 3010 2130 3062 τοῦτο

551 3082 713 3135 πάλιν
755 3085 993 3154 ᾐνίξατο.
1029 3086 1293 3157 Καθάπερ
1341 3087 1450 3157 γάρ
1499 3091 1556 3141 ἐν
1591 3092 1656 3158 τῇ
1707 3089 2001 3162 Ἐκκλησία
2033 3094 2129 3162 οὑχ

551 3165 736 3234 ἐτέρου
780 3167 876 3235 μὲν
907 3167 1156 3237 σώματος
1201 3170 1229 3220 6
1269 3168 1542 3233 πλούσιος,
1583 3172 1768 3242 ἐτέρου
1800 3173 1855 3224 δέ
1881 3177 1909 3226 ὁ
1938 3176 2125 3246 πένης,

550 3247 672 3299 οὑδέ
715 3249 902 3318 ἐτέρου
936 3251 1031 3319 μὲν
1075 3244 1228 3314 οὗτος
1261 3253 1510 3322 αἵματος,
1542 3253 1732 3324 ἐτέρου
1778 3254 1834 3307 66
1881 3244 2123 3320 ἐκεῖνος’

551 3329 694 3382 οὕτω
719 3333 810 3382 καὶ
841 3333 980 3397 τότε,
1013 3334 1109 3402 οὑχ
1134 3332 1320 3404 ἓτερον
1365 3335 1464 3404 μὲν
1503 3338 1530 3389 6
1561 3336 1814 3400 πλούσιος
1857 3338 2126 3409 ἐλάμϐανε

554 3411 748 3481 μάννα,
785 3413 969 3484 ἕτερον
994 3415 1049 3466 δέ
1083 3419 1110 3467 6
1147 3416 1343 3486 πένης·
1391 3418 1510 3470 οὑδέ
1558 3419 1749 3490 ἐτέρας
1786 3420 1884 3490 μὲν
1926 3424 2129 3488 ἐκεῖνος

555 3495 782 3564 μετέσχε
833 3500 1052 3566 πηγῆς,
1104 3499 1294 3568 ἐτέρας
1344 3499 1400 3551 δὲ
1452 3494 1605 3564 οὗτος
1660 3502 2124 3577 καταδεεστέρας·

550 3577 689 3628 ἀλλά
711 3577 898 3649 ὥσπερ
928 3579 1021 3631 νῦν
1052 3581 1083 3648 ἡ
1113 3581 1250 3650 αὑτὴ
1273 3582 1542 3652 τράπεζα,
1573 3585 1632 3636 τὸ
1674 3585 1804 3638 αὑτὸ
1849 3589 2125 3659 ποτήριον,

553 3661 586 3728 ἡ
621 3660 754 3730 αὑτὴ
789 3662 958 3731 τροφὴ
993 3663 1171 3716 -ἂπασι
1200 3665 1483 3734 πρόκειται
1507 3671 1618 3730 τοῖς
1654 3669 1888 3723 ἐνταῦθα
1932 3671 2130 3725 εἰσιοῦ-

555 3759 667 3794 σιν·
694 3742 836 3795 οῦτω
863 3745 953 3796 καὶ
974 3745 1092 3797 τότε
1118 3746 1178 3798 τὸ
1198 3748 1328 3800 αὑτὸ
1358 3749 1600 3821 μάννα,ἡ
1628 3752 1763 3824 αὑτὴ
1789 3755 1936 3826 πηγὴ
1959 3757 2126 3809 ἅπασι

553 3823 863 3896 προύκειτο.
891 3828 999 3880 Καὶ
1025 3829 1085 3880 16
1111 3829 1174 3899 δὴ
1201 3829 1510 3902 θαυμαστὸν
1538 3834 1632 3887 καὶ
1655 3823 1974 3906 παράδοξον,
2011 3843 2131 3893 ἐπε-

552 3908 813 3978 χείρησάν
839 3911 965 3963 ποτέ
995 3929 1137 3975 τινες
1185 3913 1324 3967 κατὰ
1376 3915 1464 3969 τὸν
1507 3917 1694 3988 καιρὸν
1734 3921 1938 3974 ἐκεῖνον
1969 3923 2127 3977 πλέον

555 3987 804 4055 συλλέξαι
833 3989 926 4046 τοῦ
955 3994 1186 4061 δέοντος,
1215 3997 1310 4049 καὶ⁵
1343 3998 1495 4052 οὐδὲν
1530 3987 1814 4054 ἀπώναντο
1846 4003 1941 4072 τῆς
1972 4005 2129 4058 πλεο-

551 4076 750 4142 νεξίας.
783 4077 918 4130 Ἀλλ’
946 4078 1050 4142 ἕως
1086 4079 1181 4150 μὲν
1214 4079 1311 4151 τὴν
1362 4082 1579 4152 ἰσότητα
1618 4085 1837 4155 ἐτίμων,
1880 4087 2038 4156 ἔμενε
2067 4091 2126 4143 16

556 4161 731 4228 μάννα
761 4161 937 4229 μάννα
968 4162 1026 4214 6v
1046 4179 1060 4193 ο
1085 4163 1269 4234 ἐπειδὴ
1295 4162 1352 4216 66
1380 4165 1719 4219 πλεονεκτεῖν
1751 4167 2124 4240 ἐπεθύμησαν,

552 4243 586 4313 ἡ
615 4240 890 4309 πλεονεξία
918 4243 980 4295 τὸ
1014 4244 1186 4313 μάννα
1213 4245 1470 4316 σκώληκα
1496 4249 1716 4319 ἐποίησε
1734 4267 1746 4278 ·
1780 4251 1956 4303 καίτοι
1983 4269 2045 4319 γε
2064 4254 2124 4306 οὐ

555 4324 693 4394 μετὰ
719 4325 816 4395 τῆς
843 4325 950 4378 τῶν
978 4326 1151 4379 ἄλλων
1181 4325 1332 4399 [257]
1363 4328 1563 4400 ζημίας
1594 4332 1751 4385 τοῦτο
1791 4334 2029 4388 ἐποίουψ
2064 4338 2124 4390 οὑ

552 4406 660 4476 γὰρ
679 4407 742 4476 δὴ
770 4409 833 4460 ἐκ
855 4408 952 4479 τῆς
979 4408 1070 4461 τοῦ
1096 4410 1320 4481 πλησίον
1351 4412 1685 4483 ἁρπάζοντες
1707 4416 1928 4486 τροφῆς,
1955 4418 2126 4483 οὕτως

550 4490 705 4542 αὐτοὶ
735 4490 896 4544 πλέον
927 4493 1230 4560 συνέλεγον,
1258 4494 1370 4547 ἀλλ’
1405 4496 1553 4566 ὅμως
1595 4497 1781 4568 ἐπειδὴ
1813 4499 1908 4552 τοῦ
1942 4501 2125 4554 πλείο-

550 4588 640 4633 νος
672 4571 1042 4643 ἐπεθύμησαν,
1080 4575 1554 4649 κατεγνώσθησαν.
1597 4581 1660 4632 Εἰ
1695 4580 1802 4652 γάρ
1839 4583 1934 4636 καὶ
1962 4585 2127 4653 μηδὲν

550 4654 640 4707 τὸν
691 4655 918 4726 πλησίον
969 4657 1206 4726 ἠδίκουν,
1239 4660 1353 4713 ἀλλ’
1380 4663 1605 4723 ἐαυτοὺς
1629 4662 1697 4716 τὰ
1728 4665 1960 4734 μέγιστα
1998 4685 2128 4720 κατ-

551 4737 836 4821 έϐλαπτον,
867 4740 1002 4810 πρὸς
1035 4741 1344 4807 πλεονεξίαν
1375 4744 1452 4814 τῷ
1492 4745 1678 4817 τρόπῳ
1719 4748 1816 4818 τῆς
1863 4749 2127 4821 συλλογῆς

550 4819 754 4906 ταύτης
779 4823 1382 4906 -συνεθιξόμενοιῘὪστε
1410 4828 1543 4898 ὁμοῦ
1573 4830 1632 4882 16
1662 4831 1793 4884 a616
1821 4833 1915 4886 καὶ⁴
1955 4819 2126 4906 τροερὴ

549 4897 618 4986 ῆν
644 4905 736 4956 καὶ
772 4904 1097 4972 θεογνωσίας
1128 4897 1480 4962 διδασκαλίαο
1524 4911 1658 4981 ὁμοῦ
1690 4913 1784 4965 καὶ
1807 4914 1875 4967 τά
1903 4897 2127 4986 σώματά

552 4984 765 5054 ἔτρεφε,
797 4988 887 5039 καὶ
914 4990 1012 5059 τὴν
1039 4990 1218 5061 ψυχὴν
1249 4992 1528 5045 ἐπαίδευεν
1550 5009 1564 5025 ·
1592 4994 1690 5046 οὑκ
1724 4995 1912 5066 ἔτρεφε
1943 4984 1999 5051 66
2029 5000 2126 5068 μό-

553 5082 662 5150 νον,
690 5067 824 5122 ἀλλά
857 5073 950 5123 καὶ
980 5073 1157 5126 πόνων
1184 5075 1542 5144 ἀπήλλαττεν.
1569 5079 1643 5130 υὺ
1669 5077 1779 5150 γάρ
1811 5080 1914 5132 ἔδει
1941 5067 2126 5144 ζεῦξαι

556 5148 699 5231 βοῦς,
724 5151 845 5205 οῦτε
873 5155 1099 5227 ἄροτρον
1126 5158 1367 5221 ἑλκύσαι,
1397 5159 1515 5212 οὑδέ
1545 5148 1831 5231 ἀνατεμεῖν
1862 5163 2123 5230 αὔλακας.

553 5230 672 5318 οὑδέ
714 5233 952 5318 ἐνιαυτὸν
998 5240 1304 5308 ἀναμεῖναι,
1347 5242 1461 5294 ἀλλ’
1511 5230 1932 5315 ἐσχεδιασμένην
1985 5243 2126 5318 εἶχον

681 5315 975 5400 τράπεζαν,
1010 5323 1319 5392 πρόσφατον
1354 5325 1445 5378 καὶ
1477 5325 1675 5395 νεαρὰν
1709 5312 1801 5379 καὶ
1828 5312 2121 5400 ἐῴήμερονο

552 5395 649 5482 καὶ
668 5398 728 5482 16
763 5399 1111 5482 εὑαγγελικὸν
1133 5406 1305 5459 ἐκεῖνο
1328 5408 1691 5478 παράγγελμα
1718 5409 1806 5462 διὰ
1825 5395 1931 5463 τῶν
1941 5395 2126 5482 ἔργων

553 5478 1061 5566 αὑτοὺςλέπαίδευε,
1095 5487 1155 5540 16
1203 5489 1276 5558 μὴ
1330 5492 1594 5561 μεριμνᾷν
1641 5493 1721 5553 είς
1764 5492 1861 5563 τὴν
1899 5478 2121 5566 αῦριονο

551 5561 673 5646 οὑδὲ
696 5562 823 5646 *γὰρ
867 5565 1056 5634 ὄφελος
1086 5571 1194 5624 ἀπὸ
1228 5572 1326 5641 τῆς
1360 5573 1628 5643 μερίμνης
1659 5561 1859 5646 ταύτης
1885 5561 2121 5644 ἐγένετο.

552 5641 749 5728 Εί-γάρ
769 5663 851 5708 τις
869 5647 1029 5701 πλέον
1057 5653 1328 5720 συνέλεξε,
1348 5641 1680 5728 διεφθείρετο
1703 5660 1794 5712 καὶ
1816 5641 2120 5724 ἀπώλλυτο,

555 5725 650 5812 καὶ
682 5727 991 5812 πλεονεξίας
1029 5731 1245 5804 ἐλεγχος
1280 5737 1342 5788 16
1379 5725 1656 5808 γινόμενον
1691 5742 1848 5809 μόνον
1869 5739 1955 5812 ἦν.
1992 5741 2122 5796 Εἶτα

558 5803 675 5896 ςναῌ
694 5808 769 5880 μὴ
812 5812 951 5896 κατά
1007 5803 1219 5884 φύσεως
1266 5803 1585 5873 ἀκολουθίαν
1635 5803 1773 5876 εἶναι
1831 5803 2120 5896 νομίζωσιν

559 5889 754 5944 ἐκεῖνοι
784 5895 872 5949 τὸν
901 5897 1121 5970 ὄμϐρον,
1147 5903 1204 5956 ἐν
1224 5901 1406 5973 ἡμέρᾳ
1431 5905 1696 5959 σαϐϐάτου
1719 5909 1868 5962 οὑδέν
1889 5889 2120 5962 τοιοῦτον

1226 314 1286 370 S.
1324 312 1616 372 JOANNIS
1654 309 2152 373 CHRYSOSTOMI
2190 311 2523 373 ARCHIEP.
2563 312 3129 374 CONSTANTINOP.

3714 297 3818 353 950

2248 434 2478 505 ἐγίνετο,
2511 434 2606 489 τοῦ
2641 435 2776 488 Θεοῦ
2807 433 2979 488 ταῦτα
3011 427 3298 499 ἀμφότερα
3326 424 3520 488 αὐτοὺς
3551 422 3821 477 διδάσκον-

2244 538 2359 583 τος,
2386 521 2466 574 ὃτι
2494 521 2552 573 ἐν
2573 521 2690 582 ταῖς
2715 518 3005 588 προτέραις
3031 512 3267 584 ἡμέραις
3295 507 3452 572 αὑτὸς
3483 509 3699 578 ἐνήργει
3733 507 3824 558 16v

2247 602 2561 671 θαυμαστὸν
2589 601 2778 655 τοῦτον
2806 601 2900 654 καὶ
2930 595 3229 667 παράδοξον
3252 592 3424 655 ὑετὸν,
3452 591 3547 645 καὶ
3575 592 3659 644 ὅτι
3685 589 3824 642 κατά

2244 685 2342 755 τὴν
2367 683 2578 755 ἡμέραν
2618 685 2832 756 ἐκείνην
2869 681 2957 735 διὰ
2981 679 3138 732 τοῦτο
3176 679 3411 745 ἐπεῖχεν,
3435 675 3523 727 ἵνα
3547 674 3640 727 καὶ
3660 672 3822 725 ἀκον-

2243 785 2335 830 τες
2367 766 2726 820 παιδεύωνται
2768 764 2860 819 τοῦ
2907 761 3174 817 σαϐϐάτου
3223 759 3322 828 τὴν
3363 757 3571 828 ἡμέραν
3609 757 3820 825 ἀργεῖν.

2245 850 2358 903 Ούκ
2388 849 2481 902 ἐπὶ
2508 850 2609 918 τῆς
2634 850 2838 921 τροφῆς
2870 847 2926 900 66
2958 846 3139 916 μόνον,
3168 842 3304 896 ἀλλά
3335 843 3426 894 καὶ
3469 839 3559 891 ἐπὶ⁵
3605 838 3713 890 τῶν
3741 839 3823 889 ἐν·

2242 931 2517 1003 δυμάτων,
2546 933 2641 986 καὶ
2672 934 2764 985 ἐπὶ
2795 931 2904 985 τῶν
2934 927 3316 998 ὑποδημάτων,
3344 924 3441 1003 καὶ
3469 923 3559 975 ἐπὶ
3596 921 3704 974 τῶν
3734 922 3824 975 ἀλ-

2241 1001 2348 1067 λων
2373 1007 2647 1081 ἁπάντων,
2674 1016 2740 1067 δι’
2769 1013 2946 1067 αὑτῶν
2973 1012 3080 1064 τῶν
3124 1011 3298 1081 ἔργων
3339 1001 3407 1078 ἦν
3449 1005 3571 1059 ἰδεῖν
3610 1004 3676 1057 τὰ
3714 1005 3822 1055 τῶν

2241 1098 2552 1150 ἀποστόλων
2598 1097 3036 1168 παραγγέλματα
3086 1091 3473 1162 ἐκτελούμενα.
3517 1087 3651 1142 Οὑδέ
3712 1087 3822 1156 γὰρ

2241 1179 2417 1234 οἰκίαν
2470 1176 2635 1250 εἶχον,
2671 1181 2731 1233 οὑ
2779 1178 3077 1250 τράπεζαν,
3107 1175 3169 1228 66
3223 1174 3426 1244 κλίνην,
3468 1172 3566 1242 οὑχ
3609 1171 3822 1240 ἱμάτιον

2240 1261 2510 1332 δεύτερον,
2540 1263 2640 1332 οὑχ
2683 1263 3027 1333 ὑποδήματα,
3053 1258 3143 1312 τοῦ
3175 1257 3310 1312 Θεοῦ
3337 1258 3507 1317 οὑτως
3534 1255 3822 1323 οἰκονομή-

2242 1360 2454 1407 σαντος.
2477 1345 2618 1416 Ὅρα
2669 1345 2808 1416 πόση
2855 1346 2954 1414 τῆς
2997 1343 3239 1404 Παλαιᾶς
3283 1339 3420 1410 πρὸς
3467 1337 3567 1407 τῆν
3612 1335 3820 1404 Καινὴν

2241 1429 2548 1496 συγγένεια.
2577 1429 2784 1498 Ὥσπερ
2811 1428 2917 1498 γάρ
2951 1427 3074 1489 τοὺς
3104 1423 3431 1484 ἀποστόλους
3456 1419 3820 1490 ἐσχημάτιζεν

2237 1512 2266 1562 6
2297 1511 2529 1581 Χριστὸς
2557 1510 2780 1581 ὕστερον
2809 1510 2918 1562 τῶν
2951 1509 3263 1577 ἀναγκαίων
3287 1507 3492 1570 ἕνεκεν,
3531 1502 3674 1556 οὕτω
3704 1519 3820 1565 πως

2239 1593 2513 1655 κάκείνοις
2537 1593 2565 1644 ὁ
2591 1591 2692 1662 τῆς
2725 1592 2998 1654 πολιτείας
3028 1590 3390 1664 ἐρῤυθμίζετο
3422 1600 3447 1627 ι
3472 1586 3694 1657 τρόπος,
3729 1585 3821 1637 καὶ

2237 1677 2269 1744 ἡ
2322 1677 2498 1739 κτίσις
2531 1676 2717 1728 ἅπασα
2767 1675 2900 1745 πρὸς
2933 1675 3030 1744 τὴν
3062 1670 3363 1743 ὑπηρεσίαν
3397 1670 3617 1721 ἐκείνων
3647 1684 3821 1734 παρε·

2240 1759 2551 1822 σκευάζετο.
2589 1761 2697 1811 Καὶ
2729 1759 2871 1821 τίνος
2917 1759 3100 1810 ἐνεκεν
3147 1755 3318 1808 ταῦτα
3355 1754 3588 1821 ἐγένετο,
3640 1750 3814 1820 (mgf;

2242 1842 2504 1910 Ἐμελλεν
2549 1843 2745 1905 αὑτοὺς
2780 1844 2859 1904 εἰς
2891 1842 2986 1894 ἐνα
3027 1839 3328 1908 συγκλείειν
3357 1841 3454 1908 τῆς
3493 1834 3818 1904 οἰκουμένης

2236 1923 2418 1985 τόπον,
2455 1925 2548 1977 καὶ
2578 1924 2818 1976 κελεύειν
2843 1924 2960 1976 ἐκεῖ
2984 1921 3245 1992 διηνεκῶς
3275 1921 3432 1974 αὑτὸν
3467 1917 3814 1990 θεραπεύειν,

2236 2006 2331 2058 καὶ
2364 2008 2501 2077 μήτε
2547 2007 2692 2074 ναὸν,
2730 2008 2863 2077 μήτε
2895 2005 3078 2077 βωμὸν
3112 2004 3344 2075 ἀλλαχοῦ
3383 2019 3483 2056 που
3513 2004 3611 2073 τῆς
3638 2004 3819 2054 οἰκου-

2239 2089 2407 2159 μένης
2438 2089 2701 2160 ἱδρῦσθαι,
2735 2089 2868 2144 ἀλλά
2896 2090 2990 2141 καὶ
3017 2089 3340 2160 ἀναθήματα
3365 2087 3456 2139 καὶ
3481 2085 3674 2147 θυσίας
3702 2087 3821 2137 ἐκεῖ

2178 2184 2190 2200 ⁸
2235 2172 2444 2244 φέρειν,
2477 2173 2571 2226 καὶ
2601 2173 2794 2243 ἑορτὰς
2821 2171 3112 2236 ἐπιτελεῖν,
3143 2172 3236 2224 καὶ
3288 2171 3377 2223 16v
3418 2169 3581 2239 νόμον
3627 2170 3818 2234 ἀναγι-

2234 2254 2485 2322 νώσκειν,
2531 2256 2627 2310 καὶ
2676 2257 2852 2308 πάντα
2897 2255 2965 2307 τὰ
3018 2254 3153 2308 ἄλλα
3177 2253 3246 2306 τά
3268 2254 3365 2325 τῆς
3403 2251 3691 2320 ἀγιαστίας
3723 2252 3817 2302 ἐκ-

2234 2337 2474 2410 πληροῦν
2513 2337 2854 2407 ἐκείνης.”ιν’
2887 2333 3084 2407 οῦν,μὴ
3129 2335 3206 2405 τῷ
3235 2334 3574 2406 διωρισμένῳ
3601 2334 3702 2402 τῆς
3733 2333 3819 2384 θε-

2236 2421 2467 2490 ραπείας
2497 2425 2681 2490 τρόπῳ
2717 2419 2808 2472 καὶ
2855 2418 2953 2489 τὴν
2984 2419 3238 2488 πρόνοιαν
3287 2417 3449 2471 αὑτοῦ
3501 2415 3816 2482 συγκεκλεῖ-

2235 2502 2356 2555 σθαι
2395 2505 2511 2556 ἐκεῖ
2547 2502 2828 2570 νομίζωσι,
2859 2502 2953 2555 καὶ
3001 2501 3226 2573 μερικὸν
3273 2501 3433 2553 αὑτὸν
3474 2495 3610 2551 εἶναι
3652 2499 3812 2558 Θεὸν,

2232 2587 2520 2660 προλαϐὼν
2544 2588 2642 2659 τὴν
2667 2587 2831 2642 αὑτοῦ
2865 2585 3090 2656 δύναμιν
3131 2587 3221 2639 ἐπὶ
3244 2586 3342 2652 τῆς
3367 2582 3644 2652 ἀλλοτρίας
3682 2583 3814 2634 ἐπέ-

2231 2671 2422 2735 δειξεν,
2460 2672 2551 2724 ἐπὶ
2591 2672 2691 2742 τῆς
2718 2671 3014 2740 Αἰγύπτου,
3050 2669 3142 2722 ἐπὶ
3170 2669 3269 2738 τῆς
3301 2669 3526 2738 ἐρήμου,
3553 2665 3682 2717 ἔνθα
3717 2665 3810 2716 06-

2230 2754 2340 2818 δεὶς
2369 2751 2435 2826 ἦν
2477 2759 2505 2808 6
2547 2755 2886 2826 θεραπεύων,
2921 2752 3047 2806 ἔνθα
3078 2752 3250 2815 οὐδεὶς
3282 2747 3348 2822 ἦν
3383 2752 3409 2801 6
3447 2748 3772 2826 προσκυνῶν
3794 2765 3810 2778 ο

2230 2839 2324 2891 καὶ
2375 2825 2508 2909 πρὸς
2560 2825 2627 2890 τά
2672 2837 2891 2890 ἐναντία
2940 2838 2971 2905 ἡ
3025 2835 3201 2897 κτίσις
3254 2835 3594 2903 ὑπηρετεῖτο,
3634 2831 3707 2883 δι’
3738 2825 3816 2883 ὧν

2231 2923 2421 2985 ἐποίει,
2456 2922 2552 2991 τὴν
2599 2921 2658 2987 ἐξ
2703 2921 2877 2991 ἀρχῆς
2923 2918 3089 2973 αὑτοῦ
3132 2915 3490 2988 δημιουργίαν
3535 2917 3625 2967 καὶ
3683 2917 3815 2978 τοὺς

2230 3004 2681 3074 ἀγνωμονοῦντας
2713 3003 2862 3074 αὑτῷ
2891 3001 3202 3070 λογίζεσθαι
3232 3001 3504 3053 πείθουσα.
3555 2999 3667 3050 Καὶ
3701 2999 3816 3069 γὰρ

2227 3090 2260 3158 ἡ
2295 3087 2537 3141 θάλασσα
2575 3089 2700 3151 τοὺς
2743 3088 2839 3156 μὲν
2871 3086 3162 3153 ἀπέπνιγε,
3194 3086 3319 3146 τοὺς
3344 3083 3400 3136 δὲ
3431 3080 3686 3144 διέσωζε·
3722 3083 3820 3133 καὶ

2228 3171 2256 3221 ὀ
2289 3170 2396 3240 ἀὴρ
2425 3170 2518 3222 νῦν
2561 3170 2656 3240 μὲν
2685 3169 2952 3238 κατέφερε
2994 3169 3254 3238 χάλαζαν,
3287 3165 3381 3219 καὶ
3424 3166 3548 3228 τοὺς
3598 3164 3820 3234 βαρὸά-

2230 3270 2354 3324 ρους
2383 3251 2599 3305 ἀπώλλυ
2624 3253 2671 3315 ι),
2699 3250 2792 3304 νῦν
2813 3251 2867 3303 δέ
2894 3252 3158 3322 κατέφερε
3186 3250 3380 3320 μάννα,
3407 3250 3502 3301 καὶ
3524 3248 3650 3309 τοὺς
3680 3248 3820 3299 ’1ου-

2228 3336 2407 3398 δαίους
2445 3335 2710 3404 διέτρεφε.
2745 3335 2913 3388 Πάλιν
2959 3337 2992 3404 ἡ
3040 3335 3113 3404 γῆ
3156 3333 3250 3386 νῦν
3309 3333 3403 3402 μὲν
3457 3334 3690 3392 σκνῖπας
3725 3332 3822 3382 ἐπὶ

2229 3419 2446 3470 κολάσει
2491 3417 2600 3470 τῶν
2650 3416 2946 3487 πολεμίων,
2975 3417 3070 3470 νῦν
3101 3418 3155 3470 δὲ
3186 3417 3598 3486 ὀρτυγομήτραν
3656 3413 3819 3486 [⁸258]

2229 3502 2320 3554 ἐπὶ
2349 3501 2591 3572 σωτηρία
2619 3500 2728 3552 τῶν
2756 3501 2972 3552 οἰκείων
3013 3500 3256 3570 ἐξέφερε.
3289 3501 3574 3561 Κάκείνοις
3617 3499 3728 3568 μὲν
3761 3499 3820 3550 ἐν

2229 3587 2410 3655 ἡμέρα
2441 3585 2650 3648 σκότος,
2683 3584 2891 3645 τούτοις
2919 3584 2974 3636 δέ
3004 3584 3062 3634 ἐν
3090 3584 3246 3635 νυκτὶ
3287 3582 3401 3652 φῶς
3431 3583 3659 3650 ἐγίνετο.
3705 3583 3821 3635 Καὶ

2228 3669 2516 3737 Αἰγύπτιοι
2548 3667 2645 3738 μὲν
2675 3668 2765 3720 τὸν
2799 3667 2987 3719 Νεῖλον
3019 3666 3235 3736 ἔχοντες
3279 3666 3689 3736 παραρρέοντα,
3735 3665 3820 3717 δί-

2227 3751 2316 3818 ψει
2362 3751 2454 3804 καὶ
2499 3750 2694 3821 αύχμῷ
2745 3749 3141 3820 διεφθείροντο·
3208 3742 3355 3801 οῦτοι
3403 3749 3459 3800 δέ
3504 3748 3562 3798 ἐν
3611 3751 3821 3818 ἐρήμῳ

2230 3835 2370 3904 ξηρᾷ
2408 3835 2502 3887 καὶ
2545 3833 2818 3904 αὐχμώδει
2866 3832 3405 3904 στρατοπεδεύοντες,
3437 3831 3637 3899 πολλῆς
3674 3831 3824 3883 ἀπέ-

2227 3917 2390 3971 λαυον
2453 3917 2658 3970 ὑδάτων
2704 3915 3018 3986 δαψιλείας·
3078 3917 3172 3968 καὶ
3218 3917 3342 3978 τοὺς
3396 3915 3492 3983 μὲν
3539 3913 3818 3983 βάτραχοι

2228 3999 2678 4070 κατηγωνίζοντο,
2702 3998 2926 4062 τούτους
2950 3999 3008 4052 δὲ
3031 3999 3151 4052 0666
3179 4000 3230 4051 οἱ
3265 3997 3519 4067 γίγαντες
3547 3999 3673 4050 ἐκεῖ
3692 4015 3818 4068 χει-

2228 4083 2504 4156 ρώσασθαι
2541 4085 2741 4154 ἴσχυον.

2300 4174 2374 4232 ς’.
2421 4167 2580 4220 Ἀλλά
2611 4167 2753 4229 τίνος
2792 4167 2977 4220 ἐνεκεν
3009 4165 3211 4220 τούτων
3251 4167 3395 4237 ὑμᾶς
3426 4166 3754 4236 ἀνέμνησεν
3791 4167 3823 4219 6

2231 4252 2497 4322 μακάριος
2519 4249 2760 4317 Παῦλος;
2787 4249 2886 4304 Διά
2909 4251 3008 4321 τὴν
3031 4251 3232 4312 αἰτίαν,
3253 4251 3321 4321 ἢν
3351 4249 3412 4313 ἐξ
3439 4249 3618 4320 ἀρχῆς
3653 4246 3822 4302 εἷπον

2228 4336 2375 4404 ὑμῖν,
2401 4334 2488 4386 ἴνα
2520 4333 2698 4404 μάθῃς
2720 4335 2800 4386 ὅτι
2833 4332 2957 4386 οῦτε
2986 4333 3289 4404 βάπτισμα,
3326 4332 3449 4385 οὔτε
3475 4333 3823 4403 ἁμαρτημά-

2227 4435 2333 4469 των
2383 4417 2594 4484 ἄφεσις,
2627 4416 2688 4468 οὑ
2728 4415 2949 4484 γνῶσις,
2979 4417 3041 4470 οὑ
3077 4410 3392 4487 μυστηρίων
3430 4416 3718 4480 κοινωνία,
3755 4418 3820 4468 o6

2226 4499 2472 4569 τράπεζα
2526 4498 2666 4570 ἱερὰ,
2717 4499 2814 4568 οὑχ
2851 4501 2884 4570 ἡ
2917 4499 3210 4562 ἀπόλαυσις
3249 4497 3343 4551 τοῦ
3396 4497 3677 4568 σώματος,
3719 4499 3824 4569 οὑχ

2227 4585 2260 4654 ἡ
2295 4581 2545 4636 κοινωνία
2571 4581 2666 4634 τοῦ
2689 4581 2940 4650 αἵματος,
2971 4585 3071 4635 οὑκ
3097 4582 3225 4635 ἀλλο
3250 4581 3454 4634 τούτων
3475 4581 3633 4634 οὐδὲν
3660 4585 3824 4652 ἡμᾶς

2226 4666 2502 4736 ὠφελῆσαι
2532 4665 2838 4735 δυνήσεται,
2874 4665 2968 4718 ἐὰν
3004 4665 3077 4736 μὴ
3109 4666 3221 4735 βίον
3261 4664 3438 4736 ὀρθὸν,
3469 4665 3564 4718 καὶ
3588 4664 3823 4734 Gauga-

2229 4749 2371 4833 στὸν,
2404 4749 2498 4833 καὶ
2525 4748 2728 4833 ,πάσης
2781 4749 3051 4832 ἁμαρτίας
3069 4749 3541 4833 ἀπηλλαγμένονη
3561 4748 3818 4833 ξχωμεγ,

2229 4821 2352 4872 ’Ότι
2384 4818 2491 4888 γὰρ
2521 4818 2607 4871 διὰ
2639 4819 2795 4871 τοῦτο
2827 4818 3028 4871 τούτων
3057 4820 3349 4887 ἀνέμνησε,
3384 4818 3698 4882 καταλέξας
3727 4821 3822 4872 τὸν

2225 4889 2394 4942 τύπον
2431 4888 2525 4940 τοῦ
2581 4888 2969 4958 βαπτίσματος,
3001 4889 3091 4941 τὸν
3132 4888 3220 4940 διά
3261 4889 3358 4958 τῆς
3401 4889 3688 4958 θαλάσσης
3726 4892 3823 4942 καὶ

2226 4961 2325 5028 τῆς
2350 4957 2597 5027 νεφέλης.
2633 4959 2723 5011 τὸν
2771 4959 2940 5010 τύπον
2971 4957 3079 5010 τῶν
3116 4957 3450 5028 μυστηρίων,
3475 4958 3564 5009 τὸν
3587 4958 3693 5011 διὰ
3723 4960 3822 5012 τοῦ

2233 5027 2529 5100 μάννακαὶ
2551 5029 2652 5096 τῆς
2684 5029 2888 5100 πέτρας
2926 5027 3347 5100 προδιέγραψᾼεν-
3368 5028 3426 5077 ἐν
3456 5031 3521 5098 τῇ
3562 5029 3822 5100 Παλαιᾷ,

2227 5097 2320 5152 καὶ
2358 5099 2543 5159 εἰπὼν,
2572 5101 2653 5152 ὅτι
2692 5097 2918 5161 Πάντες
2955 5098 3021 5150 τὸ
3060 5097 3205 5150 αὑτὸ
3229 5097 3443 5164 βρῶμα
3479 5097 3827 5164 πνευματι-

2226 5169 2336 5221 κὸν
2358 5169 2599 5236 ἔφαγον,
2619 5167 2715 5223 καὶ
2745 5169 2809 5220 τὸ
2834 5169 2978 5220 αὐτὸ
2996 5172 3157 5234 πόμα
3180 5167 3582 5234 πνευματικὸν
3603 5169 3825 5232 ἔπιον,

2227 5241 2473 5306 ἐπήγαγε
2497 5238 2668 5305 λέγων
2689 5255 2702 5267 ο
2741 5237 2894 5291 Ἀλλ’
2919 5239 3030 5290 οὐκ
3049 5238 3119 5288 ἐν
3144 5237 3266 5300 τοῖς
3291 5239 3574 5290 πλείοσιν
3598 5239 3830 5292 αὐτῶν

2225 5307 2558 5373 εὐδόκησεν
2596 5311 2628 5360 ὁ
2682 5307 2841 5370 Θεός.
2886 5307 3039 5359 Μετὰ
3076 5307 3312 5359 τοσαῦτα
3357 5308 3450 5358 καὶ
3497 5307 3830 5373 τηλικαῦτα

2228 5377 2500 5447 θαύματα,
2531 5378 2713 5447 φησὶν,
2741 5378 2840 5430 οὑκ
2869 5378 3153 5447 ἠγάπησεν
3173 5377 3377 5447 αὑτοὺς
3395 5379 3423 5428 ὀ
3447 5377 3599 5447 Θεόξ.
3647 5379 3828 5432 Ἀλλὰ

2227 5448 2310 5512 τί;
2337 5442 2856 5514 ’Κατεστρώθησαν
2891 5442 2960 5498 ἐν
2982 5442 3057 5512 τῇ
3081 5445 3295 5514 ἐρήμῳ.
3321 5447 3478 5508 Τίνος
3514 5442 3608 5500 οὖν
3641 5448 3830 5502 ἕνεκα

2226 5515 2396 5569 ταῦτα
2421 5517 2597 5586 λέγεις
2630 5517 2779 5586 ἡμῖν,
2805 5515 2850 5568 ὦ
2879 5517 3090 5586 Παῦλε)
3127 5516 3317 5586 Ταῦτα
3339 5515 3416 5586 δὲ
3442 5517 3639 5580 τύπος
3669 5519 3831 5585 ἡμῖν

2224 5583 2604 5656 ἐγενήθησαν
2627 5583 2713 5651 εἷς
2735 5586 2800 5638 τὸ
2821 5586 2908 5654 μὴ
2934 5585 3212 5653 γενέσθαι
3239 5583 3398 5653 ἡμᾶς
3428 5583 3828 5656 ἐπιθιξμηξὰς

2226 5654 2443 5721 κακῶν,
2472 5655 2664 5722 καθὼς
2707 5656 2968 5710 κάκεῖνοι
3003 5656 3411 5724 ἐπεθύμησαν,
3447 5654 3612 5723 μηδὲ
3638 5654 3827 5710 εὶδωὲ

2281 5792 2309 5821 ⁸
2342 5791 2448 5856 Alii
2477 5791 2764 5856 κάκείνοις...
2809 5790 3115 5855 ἒρῤυθμίζετο.
3146 5787 3245 5856 Alﬁ
3286 5789 3586 5837 κάκείνους...

2227 5857 2345 5912 gula.
2371 5851 2588 5899 Priorem
2611 5851 2872 5900 lectionem
2893 5861 3091 5899 secutus
3113 5858 3192 5898 est
3209 5852 3455 5912 interpres
3482 5857 3653 5898 vetus.

2290 5916 2316 5952 ι)
2338 5914 2447 5963 Duo
2471 5927 2582 5962 mss.
2607 5915 2867 5962 ἀπώλλυεν.
2894 5914 3022 5962 Edili
3044 5913 3175 5961 ἀπώ)
3186 5913 3239 5958 λυ
