3990 6358
205 325 315 387 ἓν)

207 449 267 495 ιιι
296 439 599 502 mirabilem
632 453 839 517 .potum
877 448 1069 522 babes,
1110 457 1426 528 sanguinem
1476 460 1766 520 Salvatoris
1796 481 1813 519 :

206 532 291 588 sic
314 542 370 589 et
396 535 474 592 illi
503 538 811 598 mirabilem
836 542 1072 601 habuere
1096 559 1257 618 potus
1282 560 1564 623 naturam;
1598 571 1703 611 non
1731 557 1816 612 in-

205 637 478 683 venerunt
516 628 716 700 fontes,
754 648 863 689 non
910 636 1124 703 ﬂuvios,
1163 641 1258 696 sed
1289 658 1356 698 ex
1385 652 1533 714 petra
1583 646 1717 702 dura
1761 656 1817 703 et

204 714 467 788 inaquosa
515 737 763 793 magnam
831 726 1151 786 fluentorum
1195 736 1404 804 copiam
1468 750 1812 809 acceperunt.

205 808 333 863 Ideo
364 819 549 880 potum
583 815 756 884 illum,
785 820 1113 887 spiritualem
1139 827 1380 894 vocavit;
1411 845 1515 883 non
1543 808 1684 901 quod
1713 848 1815 887 na-

204 908 326 955 tura
359 903 481 958 talis
509 915 673 973 esset,
702 909 796 963 sed
820 912 961 980 quod
990 928 1056 968 ex
1084 916 1265 983 modo,
1295 934 1402 988 quo
1430 922 1811 990 suppeditaba-

203 999 315 1057 tur,
347 994 472 1049 talis
502 998 673 1051 fieret.
704 998 889 1071 Neque
917 1005 1061 1058 enim
1090 1007 1381 1063 secundum
1409 1021 1615 1066 naturae
1647 1015 1812 1070 ratio-

193 1099 329 1139 nem
358 1086 491 1155 ipsis
516 1088 764 1159 dabatur,
794 1094 886 1149 sed
910 1098 1205 1155 secundum
1231 1101 1347 1167 Dei,
1376 1104 1522 1173 ipsos
1544 1106 1807 1177 ducentis,

203 1181 604 1246 operationem.
636 1184 788 1252 Quod
821 1189 909 1244 ille
949 1190 1017 1246 ad
1053 1204 1259 1249 rectum
1294 1212 1517 1253 sensum
1538 1200 1808 1258 deducens

188 1268 445 1327 dicebat.
476 1273 610 1330 Cum
634 1279 778 1333 enim
808 1280 1052 1350 dixisset,
1092 1284 1163 1339 Et
1192 1304 1363 1343 omnes
1384 1296 1610 1345 eumdem
1633 1304 1810 1363 potum

197 1362 527 1429 opiritualem
552 1366 800 1437 biberunt,
838 1387 976 1443 aqua
997 1384 1175 1431 autem
1208 1388 1326 1434 erat
1355 1396 1474 1451 qua:
1503 1362 1803 1453 bibebatur,

194 1461 264 1505 ut
284 1456 596 1513 ostenderet
620 1475 681 1515 se
711 1461 833 1518 ideo
856 1465 1192 1535 Spiritualem
1220 1472 1441 1537 dixisse,
1477 1490 1585 1530 non
1616 1477 1685 1531 ob
1708 1494 1805 1532 na-

203 1553 381 1600 turam
404 1563 577 1618 aquae,
607 1553 701 1607 sed
733 1554 803 1609 ob
829 1558 1068 1625 modum,
1096 1576 1203 1631 quo
1230 1566 1684 1635 suppeditabatur,
1714 1569 1809 1623 ad-

188 1635 330 1705 jecit
361 1656 376 1692 :
398 1638 637 1696 Bibebant
665 1646 800 1700 enim
822 1647 886 1701 de
900 1651 1157 1721 spirituafi
1174 1668 1501 1727 consequente
1521 1677 1604 1713 eos
1627 1670 1768 1729 petra
1787 1679 1806 1716 :

190 1740 351 1800 .petra
371 1743 543 1788 autem
567 1747 672 1790 erat
703 1737 953 1797 Christus.
981 1744 1318 1818 Non,inquit,
1357 1760 1544 1807 natura
1589 1754 1800 1824 lapidis,

201 1823 300 1877 sed
322 1828 598 1894 operantis
628 1830 719 1885 Dei
749 1834 921 1890 virtus
949 1835 1124 1893 fontes
1154 1840 1274 1895 illos
1296 1845 1599 1900 emittebat.

274 1916 330 1971 5.
374 1918 443 1972 Et
462 1919 549 1975 hic
574 1922 719 1978 Pauli
739 1925 1072 1985 Samosateni
1098 1933 1342 1990 haeresim
1371 1937 1625 1994 radicitus
1647 1941 1791 1995 evel-

196 2004 291 2059 ΓΙίι.
336 2006 395 2063 Si
422 2012 565 2066 enim
591 2014 833 2072 Christus
856 2020 946 2074 illa
969 2024 1148 2079 omnia
1174 2028 1511 2096 operabatur,
1535 2033 1804 2101 quomodo

204 2096 386 2165 ipsum
418 2101 545 2158 hinc
563 2107 792 2177 cmpisse
818 2110 1021 2180 dicunt,
1052 2130 1173 2170 cum
1199 2117 1359 2173 Maria
1387 2121 1560 2191 ipsum
1588 2124 1802 2193 genuit?

200 2187 341 2245 Cum
376 2194 519 2249 enim
551 2211 758 2269 eaquae
793 2202 846 2255 in
887 2202 1104 2261 deserto
1151 2218 1301 2277 gesta
1353 2222 1495 2277 sunt,
1522 2224 1647 2270 ante
1686 2216 1801 2270 Ma-

202 2282 341 2337 riam
396 2284 533 2341 facta
578 2290 706 2355 sint,
747 2301 805 2347 et
827 2294 1087 2353 'Christus
1115 2301 1408 2358 secundum
1439 2304 1585 2361 Pauli
1614 2323 1800 2363 vocem

200 2374 292 2429 illa
323 2380 507 2434 omnia
546 2380 753 2451 fecerit,
788 2402 1010 2445 necesse
1047 2402 1128 2447 est
1166 2394 1317 2449 illum
1357 2406 1413 2451 et
1436 2407 1561 2453 ante
1590 2411 1799 2470 partum

186 2474 254 2518 et
277 2477 410 2522 ante
433 2474 844 2539 parturitionem
865 2479 1026 2536 fuisse
1055 2501 1067 2536 :
1095 2499 1270 2555 neque
1287 2488 1427 2542 enim
1458 2495 1547 2561 qui
1576 2509 1680 2548 non
1701 2509 1799 2549 ex-

204 2559 457 2625 stitisset,
498 2572 602 2619 tam
645 2570 906 2627 mirabilia
951 2585 1111 2643 atque
1150 2559 1490 2637 incredibilia?
1519 2600 1679 2654 opera
1706 2603 1798 2657 pa-

192 2654 422 2706 vtrasset.
444 2651 593 2709 Sicut
609 2668 789 2714 autem
812 2660 933 2716 cum
955 2664 1107 2733 dixit,
1133 2682 1322 2725 omnes
1349 2688 1444 2742 per
1458 2690 1607 2732 mare
1633 2686 1799 2734 trans-

184 2739 363 2797 -ivisse
384 2785 397 2809 ,
432 2744 692 2803 Ecclesiae
718 2752 1047 2811 nobilitatem
1094 2760 1184 2814 diu
1238 2739 1363 2818 ante
1408 2768 1549 2838 typis
1573 2784 1797 2839 expres-

184 2844 312 2886 sam
347 2833 648 2894 declaravit
679 2860 691 2895 :
722 2844 800 2898 sic
820 2860 946 2900 cum
969 2849 1121 2919 dixit,
1145 2868 1332 2909 omnes
1352 2859 1593 2914 eamdem
1618 2877 1793 2917 escam

186 2926 532 2994 spiritualem
553 2936 874 3006 comedisse,
910 2941 1137 3013 idipsum
1176 2947 1371 3002 iterum
1415 2951 1791 3010 subindicavit.

198 3017 668 3083 Quemadmodum
697 3030 839 3084 enim
891 3032 944 3087 in
985 3035 1224 3092 Ecclesia
1271 3055 1375 3095 non
1415 3041 1558 3097 aliud
1601 3060 1794 3115 corpus

195 3108 374 3177 dives,
403 3113 546 3169 aliud
587 3132 809 3189 pauper,
844 3138 945 3178 nec
965 3126 1126 3181 alium
1155 3133 1468 3200 sanguinem
1500 3136 1603 3201 hic,
1627 3137 1789 3193 alium

198 3201 294 3257 ille
312 3205 511 3275 accipit
535 3226 548 3261 :
580 3211 658 3265 sic
679 3221 733 3267 et
754 3213 847 3268 illo
866 3226 1105 3287 tempore
1126 3238 1230 3275 non
1254 3224 1394 3279 aliud
1424 3226 1572 3283 dives
1597 3245 1791 3288 manna

187 3298 429 3365 accepit,
459 3299 603 3355 aliud
648 3319 883 3376 pauper;
931 3327 1031 3366 nec
1057 3314 1279 3369 alterius
1310 3318 1400 3374 ille
1430 3319 1612 3387 fontis,
1660 3326 1791 3381 alte-

160 3421 167 3429 -
192 3386 311 3440 rius
336 3388 424 3444 hic
454 3402 509 3445 et
532 3392 901 3466 indigentioris
924 3407 1191 3478 particeps
1219 3409 1315 3464 fuit
1346 3413 1477 3468 :sed
1494 3414 1627 3470 sicut
1650 3434 1791 3474 nunc

187 3477 387 3534 eadem
436 3483 549 3552 ipsa
602 3503 807 3556 mensa,
863 3494 1087 3565 idipsum
1140 3504 1410 3571 poculum,
1458 3507 1597 3562 idem
1638 3511 1788 3567 cibus

192 3573 448 3629 omnibus
475 3576 578 3632 huc
606 3579 1027 3652 ingredientibus
1067 3591 1287 3648 offertur
1322 3615 1334 3650 :
1364 3597 1434 3651 ita
1465 3608 1519 3653 et
1548 3609 1672 3656 tunc
1699 3602 1782 3657 id-

192 3662 377 3731 ipsum
427 3684 658 3738 manna,
710 3676 850 3731 idem
902 3678 1022 3735 fons
1070 3687 1318 3741 omnibus
1366 3693 1781 3761 proponebatur.

187 3756 458 3829 Quodque
503 3769 822 3836 stupendum
851 3773 1332 3851 admirandumque
1367 3756 1483 3851 est,
1510 3795 1783 3847 tentavere

186 3852 413 3919 quidam
443 3856 536 3911 illo
562 3869 801 3931 tempore
824 3866 963 3935 plus,
994 3885 1152 3939 quam
1182 3888 1317 3943 opus
1345 3887 1478 3945 erat,
1508 3882 1781 3953 colligere,

180 3944 429 4017 nihilque
470 3951 669 4019 profuit
699 3957 809 4011 illis
838 3961 1081 4018 avaritia.
1134 3965 1330 4023 Verum
1361 3971 1534 4029 donec
1564 3944 1782 4046 mqhali-

186 4046 361 4093 tatem
393 4044 701 4114 servabant,
731 4066 927 4107 manna
969 4058 1220 4113 manebat
1260 4078 1490 4132 manna;
1537 4069 1623 4123 ubi
1654 4087 1782 4126 vero

178 4128 310 4197 plus
341 4133 587 4203 accipere
623 4140 928 4212 studebant,
975 4151 1195 4205 avaritia
1228 4169 1421 4209 manna
1464 4158 1517 4213 in
1567 4176 1778 4218 vermes

179 4224 437 4280 mutabat
470 4246 484 4281 :
514 4234 757 4299 quamvis
788 4235 888 4292 hoc
916 4255 1020 4294 non
1052 4257 1172 4297 cum
1201 4247 1523 4306 detrimento
1553 4253 1777 4309 aliorum

176 4310 464 4371 faciebant
494 4336 506 4372 :
534 4337 640 4376 non
682 4326 825 4379 enim
867 4333 1098 4400 proximi
1142 4351 1320 4392 escam
1359 4343 1618 4411 rapiendo
1660 4348 1779 4416 plus

173 4406 841 4485 colligebant,,attamen
904 4425 1023 4493 quia
1096 4428 1214 4497 plus
1281 4406 1774 4509 concupiscebam,

174 4497 425 4555 damnati
455 4515 597 4559 sunt.
631 4508 782 4567 Licet
810 4516 953 4570 enim
998 4521 1300 4588 proximum
1344 4543 1447 4582 non
1496 4531 1772 4601 laederent,

171 4591 283 4645 sibi
318 4602 498 4649 tamen
539 4603 831 4658 maximum
883 4607 1136 4666 damnum
1168 4614 1481 4687 alferebant,
1522 4636 1642 4677 cum
1675 4624 1777 4682 hoc

167 4683 477 4755 colligendi
495 4692 654 4747 modo
671 4698 908 4753 avaritia:
934 4715 1325 4762 assuescerent.
1346 4683 1527 4781 Itaque
1546 4715 1771 4785 idipsum

168 4776 338 4831 simul
373 4788 427 4833 et
455 4796 578 4837 esca
608 4795 721 4841 erat
753 4798 807 4843 et
834 4791 927 4847 Dei
955 4797 1273 4866 cognitionis
1301 4802 1541 4859 doctrina
1578 4825 1589 4861 :
1615 4809 1773 4866 simul

168 4882 413 4939 corpora
456 4877 746 4947 nutriebat,
777 4891 830 4937 et
858 4887 1136 4943 erudiebat
1173 4892 1442 4962 animum;
1474 4914 1647 4969 neque
1677 4920 1774 4957 nu-

168 4960 379 5014 triebat
405 4971 633 5035 tantum,
665 4971 760 5025 sed
791 4975 952 5030 etiam
982 4994 1011 5032 a
1041 4980 1223 5039 labore
1259 4960 1770 5067 eximebaL-Neque

162 5052 321 5106 enim
356 5068 493 5124 opus
518 5070 633 5115 erat
654 5062 880 5135 jungere
922 5069 1110 5139 boves,
1161 5089 1395 5135 aratrum
1427 5085 1656 5157 trahere,
1684 5092 1770 5145 vel

163 5154 379 5202 terram
403 5150 639 5219 sulcare,
659 5159 744 5211 vel
777 5177 871 5230 per
890 5179 1087 5221 annum
1111 5184 1455 5243 exspectare;
1480 5181 1571 5234 sed
1594 5183 1769 5239 subito

161 5240 479 5307 appositam
529 5244 797 5305 habebant
838 5270 1101 5326 mensam,
1146 5276 1441 5337 recentem,
1491 5288 1682 5328 novam
1714 5287 1770 5331 et

157 5330 542 5395 quotidianam
570 5355 583 5390 :
608 5339 872 5413 rebusque
913 5347 1041 5417 ipsis
1084 5352 1363 5413 discebant
1396 5366 1765 5433 evangelicum

158 5420 301 5475 illud
346 5437 704 5498 praeceptum,
754 5450 860 5490 non
904 5438 1101 5498 debere
1130 5450 1439 5519 quempiam
1480 5420 1764 5513 soilicitum

158 5526 292 5567 esse
336 5514 393 5567 in
421 5521 715 5576 crastinum
773 5524 984 5599 (Matth.
1013 5531 1065 5587 6.
1108 5534 1198 5607 54)
1230 5554 1243 5589 :
1276 5514 1416 5595 nulla
1446 5545 1639 5615 quippe
1665 5550 1765 5603 uti—

156 5603 295 5658 litas
316 5621 388 5660 ex
416 5607 516 5664 hac
561 5614 922 5674 sollicitudine
960 5629 1406 5697 consequebatur.
1439 5638 1591 5701 Quod
1620 5643 1761 5699 enim

157 5695 290 5764 plus
320 5699 591 5769 quispiam
622 5707 931 5778 colligebat,
981 5695 1423 5789 corrumpebatur
1448 5695 1503 5781 et
1532 5733 1757 5800 peribat,

156 5798 335 5859 atque
367 5807 738 5863 argumentum
783 5806 1018 5863 avaritiae
1049 5812 1221 5868 solum
1259 5820 1525 5876 manebat.
1560 5798 1757 5883 Deinde

1030 332 1108 397 ἹΝ
1143 338 1401 401 DICTUM
1436 345 1665 418 PAULI,
1704 348 1889 408 ΝΟιο
1926 350 2063 412 VOS
2093 356 2474 436 IGNORARE,
2512 362 2675 428 E’l‘C.

3405 389 3513 447 ‘250

1928 487 1999 529 ne
2044 483 2296 545 putarent
2333 482 2559 541 imbrem
2600 489 2748 545 illum
2782 505 2850 565 px
2888 502 3091 553 natura
3122 506 3515 565 consuetudine

1922 582 2167 636 manare,
2200 573 2252 627 in
2284 576 2370 631 die
2417 578 2626 636 sabbati
2666 583 2800 639 nihil
2843 585 3151 657 hujusmodi
3186 592 3366 665 fiebat,
3404 599 3515 656 Deo

1926 660 2043 718 hmc
2072 673 2297 736 utraque
2329 669 2473 739 ipsos
2502 672 2766 744 docente;
2809 682 2951 751 quod
2980 685 3187 741 scilicet
3217 689 3332 759 ipse
3354 660 3513 762 prae-

1922 758 2093 812 teritis
2122 760 2311 817 diebus
2334 763 2471 821 hanc
2497 768 2794 825 mirabilem
2817 775 3051 844 pluviam
3073 758 3324 849 operatus
3346 796 3510 851 esset,

1920 857 1975 902 et
2000 852 2141 919 quod
2176 853 2270 908 illo
2297 855 2383 911 die
2412 858 2645 927 pluviam
2688 864 2810 919 ideo
2830 866 3126 936 cohiberet,
3160 883 3217 926 ut
3248 876 3331 929 vel
3364 877 3511 933 inviti

1918 938 2191 998 discerent
2220 945 2311 999 illo
2350 947 2436 1003 die
2465 949 2665 1007 feriari.
2704 954 2888 1026 Neque
2919 974 2986 1014 ex
3006 962 3125 1017 cibo
3156 972 3384 1033 tantum,
3413 970 3508 1024 sed

1918 1033 2078 1086 etiam
2104 1049 2169 1089 ex
2199 1040 2533 1097 vestimentis
2560 1052 2616 1098 et
2641 1046 3017 1105 calceamentis
3036 1063 3167 1109 etex
3191 1058 3309 1111 aliis
3332 1062 3511 1115 omni-

1917 1123 2039 1190 bus,
2066 1126 2249 1183 videre
2267 1139 2384 1184 erat
2411 1134 2603 1188 tradita
2622 1139 2886 1206 apostolis
2910 1144 3154 1198 mandata
3179 1149 3251 1202 rei
3262 1164 3351 1216 psa
3373 1166 3513 1205 com-

1916 1218 2079 1287 picta.
2123 1220 2309 1292 Neque
2333 1224 2474 1279 enim
2511 1226 2731 1285 domum
2761 1230 3052 1303 habebant,
3105 1255 3215 1293 non
3246 1258 3506 1313 mensam,

1915 1324 2022 1364 non
2052 1311 2273 1381 lectum,
2308 1331 2414 1370 non
2445 1331 2646 1375 vestem
2680 1328 3040 1394 mutatoriam,
3080 1347 3253 1401 neque
3277 1336 3505 1402 calceos,

1915 1401 2027 1457 Deo
2058 1405 2137 1459 sic
2178 1406 2548 1477 dispensante.
2578 1413 2715 1470 Vide
2745 1429 2938 1487 quanta
2971 1423 3041 1477 sit
3084 1423 3292 1480 Veteris
3320 1427 3509 1485 Testa-

1919 1499 2085 1551 menti
2114 1514 2233 1553 cum
2260 1500 2411 1557 Novo
2428 1504 2677 1563 affinitas.
2701 1508 3161 1576 Quemadmodum
3186 1520 3326 1572 enim
3354 1520 3509 1575 Chri-

1912 1597 2025 1643 stus
2065 1593 2340 1659 apostolos
2376 1595 2592 1651 demum
2644 1599 2710 1653 ad
2751 1617 2813 1655 ea
2854 1620 2971 1673 qure
3012 1611 3313 1664 necessaria
3354 1623 3508 1667 erant

1913 1678 2245 1747 informavit,
2282 1686 2363 1741 sic
2389 1696 2442 1741 et
2472 1688 2577 1743 illis
2604 1691 2726 1745 vita:
2773 1694 2967 1750 modus
3009 1698 3290 1768 adaptatus
3320 1714 3419 1770 est,
3453 1717 3507 1758 et

1909 1775 2086 1827 omnis
2103 1784 2349 1832 creatura
2373 1779 2439 1833 ad
2462 1782 2820 1839 ministerium
2842 1803 3030 1843 eorum
3051 1803 3344 1861 praeparata
3367 1807 3501 1849 erat.

1910 1862 1977 1916 Et
2001 1880 2117 1931 cur,
2151 1866 2380 1937 inquies,
2410 1870 2525 1926 haec
2549 1873 2683 1927 facta
2712 1878 2876 1931 sunt?
2905 1878 3053 1949 ipsos
3079 1881 3131 1935 in
3162 1897 3325 1937 unum
3350 1888 3498 1941 orbis

1910 1955 2084 2011 locum
2108 1961 2457 2017 conclusurus
2480 1975 2612 2031 erat,
2635 1976 2689 2021 et
2716 1970 3062 2027 mandaturus
3082 1975 3158 2029 eis
3181 1988 3237 2030 ut
3256 1978 3354 2031 sibi
3377 1996 3500 2048 per-

1908 2057 2071 2116 petuo
2106 2050 2216 2106 illic
2243 2054 2632 2123 ministrarent,
2658 2075 2720 2113 ac
2746 2077 2918 2132 neque
2947 2067 3199 2136 templum
3224 2071 3305 2125 vel
3333 2072 3501 2129 altare

1907 2142 2034 2196 alibi
2065 2160 2161 2212 per
2187 2147 2373 2202 orbem
2405 2164 2818 2220 construerent;
2861 2157 2958 2213 sed
3006 2160 3302 2218 oblationes
3331 2173 3386 2219 et
3414 2180 3501 2219 sa-

1906 2234 2107 2290 crificia
2136 2253 2231 2291 sua
2259 2238 2388 2295 illuc
2415 2242 2690 2311 afferrent,
2721 2245 2853 2302 festa
2885 2250 3236 2319 celebrarent,
3263 2256 3498 2326 legerent

1908 2323 2101 2395 legem,
2133 2337 2187 2383 et
2208 2344 2397 2386 omnes
2418 2333 2554 2389 alios
2581 2338 3018 2397 sanctificationis
3045 2344 3188 2399 illius
3216 2346 3351 2403 ritus
3381 2365 3497 2418 per-

1905 2413 2147 2472 ficerent.
2172 2419 2250 2474 Ne
2276 2421 2435 2491 igitur
2456 2440 2519 2480 ex
2543 2426 2762 2483 definito
2786 2432 3065 2489 ministerii
3088 2437 3191 2491 ritu
3213 2413 3496 2508 providen-

1904 2508 2032 2560 tiam
2061 2524 2211 2565 suam
2246 2512 2352 2568 illic
2378 2518 2622 2572 concludi
2654 2532 2923 2591 putarent,
2972 2541 3136 2596 seque
3181 2530 3345 2586 Deum
3369 2548 3496 2603 par-

1908 2601 2185 2658 ticularem
2218 2607 2360 2661 illius
2390 2608 2492 2664 loci
2522 2613 2822 2680 crederent,
2865 2618 3012 2686 prius
3051 2621 3301 2678 virtutem
3344 2641 3493 2681 snam

1905 2692 1957 2746 in
1985 2694 2161 2749 aliena
2194 2706 2334 2753 terra
2364 2702 2625 2767 exhibuit,
2665 2706 2719 2759 in
2766 2706 3022 2780 IEgypto,
3056 2713 3107 2766 in
3138 2712 3370 2782 deserto,
3403 2718 3492 2772 ubi

1903 2800 2064 2840 nemo
2102 2789 2191 2859 qui
2220 2805 2278 2845 se
2305 2793 2525 2862 coleret,
2560 2812 2719 2852 nemo
2760 2809 2874 2854 erat
2902 2803 2990 2872 qui
3031 2819 3091 2858 se
3115 2804 3364 2861 adorarct
3397 2826 3408 2859 :
3438 2820 3493 2864 et

1901 2882 2187 2935 contrariis
2214 2885 2373 2939 rebus
2400 2897 2645 2943 creatura
2679 2893 2965 2960 serviebat,
3003 2896 3253 2964 operibus
3272 2900 3381 2953 suis
3407 2902 3491 2955 vel

1900 2969 2192 3026 incredulis
2234 2975 2486 3045 suadens,
2529 2988 2588 3034 ut
2630 2983 2959 3040 creationem
3006 2988 3072 3042 ab
3118 2989 3269 3044 initio
3298 2992 3364 3046 ab
3400 2993 3491 3047 illo

1898 3059 2092 3116 factam
2136 3078 2504 3134 agnoscerent.
2557 3071 2766 3127 Etenim
2818 3091 2965 3131 mare
3009 3078 3142 3132 alios
3187 3081 3485 3148 suffocavit,

1896 3154 2030 3208 alios
2070 3159 2334 3226 servavit;
2380 3177 2474 3216 aer
2520 3179 2661 3219 nunc
2697 3167 3044 3235 grandinem,
3086 3186 3192 3241 quo
3232 3173 3489 3231 barbaros

1900 3248 2171 3316 perderet,
2206 3268 2347 3307 nunc
2387 3270 2603 3324 manna,
2638 3267 2695 3311 ut
2721 3259 2934 3316 Judzeos
2971 3262 3158 3331 aleret,
3188 3268 3482 3321 emittebat.

1896 3340 2134 3397 Rursum
2165 3354 2323 3411 terra,
2356 3364 2498 3403 nunc
2526 3351 2795 3420 sciniphes
2820 3354 2886 3408 ad
2918 3356 3250 3413 ulciscendas
3282 3360 3484 3429 hostes,

1894 3449 2038 3491 nunc
2067 3440 2395 3494 coturnicem
2439 3443 2505 3496 ad
2545 3444 2771 3499 salutem
2804 3462 3021 3501 suorum
3064 3449 3335 3505 efferabat.
3379 3453 3487 3507 lllis

1895 3524 2128 3581 interdiu
2160 3532 2415 3597 tenebrze,
2449 3533 2532 3587 his
2559 3544 2721 3592 noctu
2751 3536 2840 3591 lux
2882 3539 3087 3594 aderat.
3137 3541 3368 3616 {Egyptii
3398 3544 3485 3598 in-

1898 3617 2232 3675 terfluentem
2261 3622 2519 3680 habentes
2545 3625 2744 3692 Nilum,
2773 3629 2858 3683 siti
2886 3639 2939 3684 et
2959 3631 3198 3687 siccitate
3221 3635 3480 3703 peribant;

1892 3709 2151 3767 hiantem
2198 3714 2249 3768 in
2292 3716 2502 3772 deserto
2551 3719 2701 3773 arido
2722 3728 2775 3776 et
2801 3726 2943 3777 sicco
2980 3732 3155 3778 castra
3182 3736 3481 3795 metantes,

1890 3804 2057 3858 multa
2096 3804 2411 3864 fruebantur
2448 3825 2708 3881 aquarum
2750 3815 2902 3884 copia
2944 3834 2957 3869 :
3001 3825 3057 3871 et
3104 3818 3221 3872 illos
3264 3821 3481 3889 quidem

1889 3908 2033 3949 rana:
2052 3898 2448 3968 oppugnabant,
2482 3900 2585 3957 hos
2610 3914 2787 3959 autem
2815 3921 2882 3960 ne
2899 3907 3138 3977 gigantes
3160 3910 3369 3979 quidem
3396 3928 3483 3965 ca-

1889 4004 2016 4058 pere
2047 3999 2317 4061 poterant.

1960 4080 2012 4135 6.
2054 4081 2160 4137 Sed
2192 4099 2287 4138 cur
2312 4085 2425 4141 haec
2448 4087 2603 4143 nobis
2632 4103 3017 4146 commemorat
3043 4094 3231 4148 beatus
3254 4096 3481 4150 Paulus?

1887 4171 1969 4228 Ob
1996 4189 2114 4228 eam
2145 4192 2382 4243 causam,
2427 4196 2587 4250 quam
2626 4183 2779 4237 initio
2823 4185 2975 4240 vobis
3018 4187 3127 4241 dixi
3161 4204 3174 4239 :
3205 4198 3263 4242 ut
3305 4189 3479 4244 discas

1886 4280 2063 4335 neque
2114 4267 2459 4337 baptismum,
2492 4288 2671 4343 neque
2711 4284 3050 4343 peccatorum
3082 4280 3472 4346 remissionem,

1886 4372 1992 4411 non
2012 4358 2312 4428 scientiam,
2336 4376 2441 4416 non
2464 4365 2841 4435 mysteriorum
2864 4369 3346 4440 participationem,
3367 4389 3475 4429 non

1883 4464 2125 4504 mensam
2162 4466 2390 4520 sacram,
2421 4469 2528 4510 non
2556 4458 2795 4527 corporis
2842 4459 3172 4527 fruitionem,
3217 4481 3321 4518 non
3352 4482 3477 4520 san.

1882 4540 2059 4609 guinis
2082 4543 2547 4612 participationem
2580 4588 2594 4612 ,
2619 4564 2720 4604 nec
2745 4550 2888 4605 aliud
2916 4553 3185 4623 quidpiam
3223 4557 3476 4625 prodesse

1882 4631 2057 4695 nobis,
2084 4632 2182 4686 nisi
2206 4635 2366 4688 vitam
2399 4648 2623 4705 rectam,
2653 4641 2973 4710 mirabilem,
3004 4653 3059 4698 et
3086 4647 3229 4700 omni
3253 4658 3474 4716 peccato

1881 4722 2103 4778 liberam
2134 4726 2411 4788 ducamus.
2443 4729 2597 4797 Quod
2625 4733 2767 4787 enim
2796 4733 2914 4789 haec
2942 4736 3062 4791 ideo
3088 4752 3474 4793 commemora-

1880 4817 2018 4871 verit
2057 4818 2309 4888 ostendit,
2358 4836 2480 4876 cum
2526 4833 2809 4895 postquam
2858 4839 3204 4885 recensuerat
3244 4832 3470 4889 formam

1880 4908 2130 4979 baptismi
2162 4926 2258 4980 per
2299 4929 2447 4969 mare
2489 4926 2543 4970 et
2580 4933 2676 4987 per
2718 4921 2937 4986 nubem,
2990 4926 3471 4997 mysteriorumqne

1881 5009 2065 5072 typum
2095 5019 2191 5072 per
2216 5021 2411 5060 manna
2436 5017 2489 5063 et
2521 5026 2618 5079 per
2646 5021 2850 5081 petram
2881 5015 2932 5067 in
2959 5014 3140 5070 Veteri
3162 5017 3301 5088 Lege
3328 5035 3469 5088 prm-

1882 5094 2163 5167 figuratum
2210 5099 2587 5171 descripserat,
2639 5120 2703 5160 ac
2748 5106 2974 5175 dixerat,
3017 5109 3201 5164 Omnes
3241 5114 3467 5168 eamdem

1879 5204 2045 5242 escam
2073 5191 2389 5260 spiritualem
2410 5197 2751 5263 comederunt,
2782 5207 2829 5251 et
2854 5199 3085 5253 eumdem
3116 5212 3286 5270 potum
3312 5206 3468 5274 spiri-

1880 5279 2071 5334 tualem
2093 5281 2361 5347 biberunt;
2390 5285 2585 5354 adjecit
2616 5286 2801 5341 dicens
2827 5307 2840 5342 ε
2868 5286 2976 5342 Sed
3016 5307 3117 5359 non
3156 5292 3208 5344 in
3237 5292 3467 5362 pluribus

1874 5385 2051 5423 eorum
2091 5370 2459 5442 beneplacitum
2485 5385 2555 5430 est
2583 5376 2712 5431 Deo.
2759 5379 2887 5433 Post
2917 5389 2997 5434 tot
3023 5390 3273 5453 tantaque
3299 5385 3464 5439 mira-

1873 5464 2013 5531 cula,
2043 5466 2233 5536 inquit,
2265 5482 2373 5522 non
2412 5468 2597 5524 dilexit
2632 5485 2725 5525 eos
2759 5473 2919 5527 Deus.
2970 5474 3076 5529 Sed
3117 5476 3281 5544 quid?
3330 5477 3462 5530 Prov

1872 5556 2020 5608 strati
2046 5566 2166 5610 sunt
2203 5558 2257 5611 in
2302 5558 2517 5613 deserto.
2548 5560 2655 5615 Cur
2683 5562 2861 5632 itaque
2896 5564 3012 5619 lucc
3048 5567 3222 5632 nobis,
3270 5567 3457 5634 Paule,

1871 5650 2101 5703 narras?
2131 5649 2257 5704 Haec
2284 5661 2451 5706 autem
2493 5654 2547 5707 in
2572 5655 2737 5724 ﬁgura
2768 5660 2905 5727 facta
2930 5668 3050 5711 sunt
3091 5659 3249 5723 nobis,
3276 5670 3329 5712 ut
3356 5677 3457 5716 non

1870 5739 2028 5793 simus
2061 5744 2469 5811 roncupiscentes
2509 5747 2779 5813 malorum,
2828 5749 2958 5803 sicut
2997 5751 3147 5804 etilli
3188 5753 3456 5820 concupie-

1870 5842 1989 5885 runt
2031 5848 2050 5885 .'
2086 5850 2242 5903 neque
2283 5835 2571 5894 idololatrte
2620 5841 2925 5910 efﬁciamur,
2972 5845 3100 5898 sicut
3145 5844 3350 5913 quidam
3385 5862 3450 5900 ea:
