3990 6358
533 305 637 364 251

533 423 707 493 ipsis;
745 418 1184 493 quemadmodum
1229 425 1485 493 scriptum
1528 435 1605 479 est
1653 443 1666 480 :
1713 425 1860 480 Sedit
1897 430 2120 498 populus

535 513 864 569 manducare
902 524 952 569 et
997 515 1200 578 bibere,
1243 501 1292 570 ct
1340 529 1681 572 surrexerunt
1733 520 1928 574 ludere.
1984 523 2120 579 Vide

534 604 690 660 Pauli
738 606 1108 677 prudentiam.
1157 607 1299 662 Dixit
1340 622 1663 677 peceatum,
1711 612 1848 664 dixit
1894 628 2116 667 causam

540 704 766 772 peccati,
813 704 947 759 dixit
983 720 1202 776 pmuam
1246 714 1463 778 propter
1501 717 1774 776 peccatum
1815 708 2064 762 inﬂictam
2106 724 2123 764 :

543 793 627 846 his
657 809 753 847 uos
782 795 1053 860 erudiens,
1085 807 1142 849 ut
1167 812 1232 849 nc
1262 797 1380 850 illos
1403 798 1690 852 imitemur.
1720 798 1891 852 Causa
1924 799 2126 868 peccati

542 884 639 936 iuit
667 886 785 952 gula
807 903 827 939 λε
865 886 1009 939 Sedit
1041 887 1262 957 populus
1305 889 1614 941 manducare
1640 899 1687 942 et
1723 889 1904 943 bibere.
1931 890 2128 945 Pecca-

544 986 676 1036 tutu,
712 976 824 1046 ipse
852 977 1019 1031 lusus.
1072 977 1272 1033 Deinde
1300 993 1477 1048 paena,
1509 979 1766 1036 Proclrati
1803 992 1920 1033 sunt
1960 982 2010 1033 in
2038 981 2128 1034 tle-

538 1080 688 1121 serto.
724 1071 915 1124 lterum
960 1079 1106 1136 vero,
1151 1070 1234 1125 Ne
1267 1073 1575 1142 fornicamur
1609 1113 1623 1137 ,
1654 1074 1780 1125 sicut
1805 1074 2008 1143 quidam
2041 1089 2130 1126 eo-

539 1178 651 1212 rum
680 1162 915 1228 fornicati
960 1174 1093 1216 stant.
1124 1164 1221 1218 llic
1247 1180 1460 1219 causam
1492 1165 1854 1220 fornicationis
1884 1182 1990 1219 non
2030 1181 2130 1235 po-

542 1254 670 1318 suit,
717 1255 810 1308 sed
857 1268 1088 1324 pmnam.
1136 1257 1305 1323 Quam
1338 1272 1468 1312 vero
1496 1258 1675 1312 illam?
1707 1257 2001 1311 Ceciderunt
2031 1275 2133 1311 una

542 1346 628 1396 die
674 1347 854 1415 viginti
906 1349 1003 1399 tria
1041 1349 1222 1401 millia.
1271 1351 1377 1402 (Zur
1430 1362 1605 1403 autem
1648 1352 1981 1405 occasionem
2027 1366 2132 1404 non

551 1436 705 1495 dixit.
739 1454 803 1490 ex
851 1455 956 1507 qua
987 1437 1268 1493 fornicatio
1311 1451 1424 1494 urta
1449 1441 1564 1494 cst?
1594 1441 1859 1496 Studiosis
1897 1443 2130 1512 reliquit,

548 1537 603 1579 ut
634 1526 910 1596 historiam
942 1529 1169 1594 adirent,
1200 1541 1252 1585 et
1283 1533 1513 1587 radicem
1537 1535 1667 1587 mali
1712 1535 1998 1590 discerent.
2039 1537 2136 1591 llic

548 1631 630 1672 est
661 1620 936 1675 medicina:
963 1622 1172 1687 modus,
1202 1623 1384 1679 dicere
1425 1641 1616 1694 ucu‘tpc
1659 1628 1798 1681 unde
1845 1639 2137 1683 nascantur

551 1713 746 1776 morbi,
782 1724 843 1767 'et
889 1715 1121 1769 remedia
1175 1717 1431 1771 adhibere
1477 1720 1806 1774 Vulneribus.
1851 1720 2136 1790 Propterea

543 1809 680 1862 dicit
711 1827 722 1861 :
756 1807 878 1862 Ila'c
916 1820 1082 1863 autem
1117 1813 1287 1865 omnia
1336 1813 1386 1865 in
1429 1814 1596 1881 ﬁgura
1633 1813 1985 1884 contingebant
2014 1815 2138 1880 illis,

550 1901 741 1969 scripta
769 1911 887 1954 sunt
934 1913 1101 1955 autent
1141 1904 1208 1955 ad
1250 1905 1625 1972 correptiouem
1671 1917 1917 1958 nostram.
1960 1905 2142 1976 Itaque

547 1993 641 2062 qui
668 1992 795 2048 fecit
824 1993 934 2058 illa,
964 2003 1018 2048 et
1046 1995 1316 2065 improbos
1343 1997 1483 2050 ultus
1513 2008 1613 2060 cst,
1647 1998 1692 2051 is
1728 1993 1844 2066 ipse
1878 2012 2020 2052 nunc
2044 2013 2142 2053 nos

549 2084 826 2151 admonet,
871 2102 975 2140 non
1027 2089 1202 2142 verbis
1242 2100 1466 2155 tantum,
1513 2089 1605 2144 scd
1646 2088 1805 2144 rebus
1856 2091 2143 2161 ipsis;qui

555 2179 825 2232 maximus
855 2187 939 2232 cst
964 2179 1344 2235 admonitionis
1371 2182 1578 2236 modus.
1607 2177 1850 2236 Vidistin‘
1875 2182 2145 2252 quomodo

552 2271 625 2324 iis
647 2271 732 2340 qui
761 2271 812 2324 iu
844 2272 1012 2342 gratia
1043 2281 1182 2336 sunt,
1209 2289 1349 2339 eum,
1386 2275 1474 2343 qui
1505 2273 1556 2327 in
1595 2274 1768 2328 Veteri
1798 2273 1902 2328 hoc
1923 2273 2144 2339 fecerat,

552 2362 868 2432 magis-trum
895 2364 1201 2431 instituerit,
1231 2365 1522 2420 ostendens
1548 2365 1799 2420 eumdem
1831 2366 2005 2434 ipsum
2029 2381 2149 2420 esse

557 2453 651 2522 qui
675 2462 729 2507 et
750 2452 842 2507 illa
867 2453 1085 2520 fecerat,
1111 2464 1165 2509 et
1192 2456 1304 2512 lucc
1324 2471 1421 2526 per
1441 2457 1613 2526 ipsum
1643 2457 1995 2527 loquebatur?
2017 2457 2147 2511 Nam

558 2547 608 2601 si
636 2547 842 2601 alienus
865 2548 1070 2614 fuisset,
1100 2564 1430 2619 nequaquam
1461 2551 1544 2605 illa
1572 2549 1760 2604 borum
1784 2551 2028 2620 figuram,
2051 2565 2152 2606 nec

565 2636 630 2690 ad
662 2639 1053 2707 corrcptioncm
1095 2650 1331 2694 nostram
1374 2656 1436 2695 ea
1477 2641 1671 2710 scripta
1714 2641 1874 2697 fuisse
1905 2641 2149 2707 dixisset,

573 2745 744 2800 neque
773 2732 1084 2800 magistrum
1112 2733 1264 2787 nobis
1293 2733 1626 2800 instituisset,
1656 2750 1812 2804 quem
1845 2750 1948 2788 non
1973 2742 2154 2803 putas-

567 2831 649 2874 set
669 2835 790 2876 esse
817 2823 986 2876 Deum
1011 2842 1021 2876 :
1051 2839 1224 2893 neque
1252 2825 1320 2878 ab
1350 2825 1435 2891 iis,
1461 2842 1580 2895 qua:
1609 2835 1735 2879 tunc
1756 2824 1897 2879 facta
1921 2824 2150 2888 fuerant,

564 2928 666 2966 nos
721 2916 1028 2979 temiisset,
1076 2917 1226 2986 quasi
1269 2917 1320 2970 in
1372 2918 1513 2972 illius
1569 2933 1757 2972 manus
1804 2918 2152 2972 deventums.

572 3003 721 3058 Nunc
749 3016 925 3059 autem
951 3008 1242 3062 ostendens
1262 3023 1360 3062 nos
1382 3009 1432 3062 in
1463 3009 1603 3062 illius
1630 3022 1818 3063 manus
1840 3009 2039 3062 iterum
2062 3007 2157 3060 dc-

573 3095 816 3167 lapsuros
836 3115 976 3155 esse.
1007 3111 1165 3172 atque
1185 3113 1465 3173 utrumque
1492 3104 1766 3174 populum,
1792 3102 1939 3156 illum
1965 3118 2158 3172 nempe

1207 309 1274 366 'S.
1316 303 1598 368 JOANNIS
1635 311 2119 372 GIIRYSOSTOMI
2167 315 2486 378 ARCHIEP.
2526 321 3058 383 CONSTANTINOP.
3699 332 3790 388 9.52

2228 444 2283 488 et
2332 436 2670 506 hodiernum,
2722 441 2862 495 illius
2902 443 3182 511 gubernari
3213 443 3452 513 legibus,
3501 447 3678 502 mia
3721 451 3793 507 illa

2227 534 2699 598 commemoravit,
2748 547 2811 585 ac
2853 529 3014 598 dixit,
3060 535 3144 587 Ad
3178 548 3404 589 nostram
3453 543 3796 608 cormptionem

2227 620 2418 689 scripta
2445 631 2580 675 sunt.
2612 623 2736 677 ΙΙωο
2768 625 2926 692 igitur
2944 639 3064 678 cum
3094 626 3350 692 sciamus,
3379 637 3435 682 et
3463 630 3737 697 praeteritis
3755 643 3799 686 et

2233 711 2426 765 futuris
2452 713 2754 769 credamus.
2803 717 2857 770 Si
2886 731 3016 771 vero
3055 718 3288 788 quipiam
3331 721 3456 785 sint,
3503 722 3590 791 qui
3632 721 3799 778 futuris

2236 818 2341 856 non
2370 804 2610 867 credant,
2641 821 2670 858 a
2695 809 2981 875 praeteritis
3011 825 3104 863 eos
3131 810 3194 864 ad
3225 811 3437 866 virtutis
3465 813 3696 867 studium
3719 815 3799 866 (Ιιισ

2233 895 2514 962 ducamus,
2561 899 2647 952 illa
2693 910 2972 956 narrantes
3013 919 3132 970 qua:
3178 903 3468 959 Sodomitis
3493 905 3800 969 accidental,

2234 1000 2354 1056 qum
2386 989 2436 1040 in
2464 987 2665 1043 diluvio
2693 991 2844 1056 item,
2871 1006 2991 1060 quzc
3040 992 3090 1045 in
3134 991 3370 1064 Egypto
3396 1009 3802 1052 commemorat.-

2238 1089 2347 1143 tes;
2378 1088 2434 1131 ut
2457 1078 2682 1132 aliorum
2724 1082 2897 1149 poenis
2928 1081 2994 1135 ad
3031 1083 3307 1137 meliorem
3338 1083 3545 1153 frugem
3595 1086 3799 1147 reducti,

2237 1169 2509 1238 vitamque
2532 1181 2754 1239 agentes
2777 1173 3052 1241 optimam,
3075 1174 3372 1228 doctrinam
3403 1175 3620 1229 demum
3645 1175 3708 1229 de
3731 1192 3806 1244 ge-

2241 1258 2417 1312 benna
2449 1270 2503 1313 et
2531 1261 2600 1316 de
2628 1265 3024 1319 resurrectione
3055 1264 3357 1319 admittant.
3386 1265 3804 1334 Quandoquidem

2239 1358 2293 1403 et
2322 1365 2466 1404 nunc
2489 1354 2578 1420 qui
2597 1352 2855 1421 judicium
2879 1369 2983 1408 non
3011 1355 3254 1420 credunt,
3290 1357 3500 1410 nonnisi
3524 1371 3552 1408 a
3577 1366 3804 1426 corrupta

2239 1443 2344 1495 vita
2367 1451 2422 1496 et
2453 1459 2616 1513 prava
2643 1447 2971 1501 conscientia
3023 1447 3101 1502 sic
3145 1447 3323 1502 affecti
3371 1457 3515 1504 sunt.
3561 1448 3737 1517 Itaque
3770 1450 3805 1502 si

2241 1543 2458 1602 peccata
2488 1535 2752 1602 eluamus,
2783 1547 2836 1590 et
2881 1549 3024 1591 metu
3074 1541 3463 1607 praateritorum
3493 1553 3593 1594 nos
3621 1539 3807 1593 erudia-

2243 1639 2386 1690 mus,
2419 1627 2576 1680 etiam
2622 1607 2919 1682 doctrinam
2950 1628 3017 1682 de
3055 1628 3247 1683 futuris
3273 1629 3554 1684 admittere
3584 1630 3810 1684 suadebi-

2244 1732 2383 1770 mus.
2417 1717 2873 1783 Quemadmodum
2904 1720 3044 1772 enim
3079 1734 3239 1786 prava
3269 1718 3513 1789 dogmata
3537 1721 3696 1774 vitam
3723 1721 3808 1773 im-

2248 1823 2434 1876 puram
2491 1807 2745 1863 inducere
2799 1810 2993 1874 solent,
3044 1810 3121 1864 sic
3163 1818 3220 1863 ct
3263 1820 3510 1881 corrupta
3537 1813 3646 1864 vita
3674 1826 3811 1878 prava

2246 1899 2494 1970 dogmata
2539 1902 2852 1971 plerumque
2901 1903 3125 1972 peperit.
3170 1902 3325 1970 Quod
3363 1918 3431 1958 ne
3468 1904 3736 1972 centiugat
3770 1913 3815 1956 et

2252 1992 2406 2045 nobis
2434 1991 2585 2060 ipsis,
2612 2000 2666 2046 et
2685 1993 2824 2056 aliis,
2851 1994 2966 2047 tunc
2990 1994 3344 2048 vociferantes
3371 1995 3532 2047 verba
3555 2004 3613 2047 et
3641 2003 3815 2048 rectam

2253 2082 2408 2138 fidem
2449 2098 2744 2148 servemus,
2776 2093 2831 2138 et
2886 2085 3008 2137 vita:
3057 2085 3356 2138 institutum
3399 2087 3662 2153 optimum
3689 2085 3820 2137 exhi-

2253 2177 2495 2242 beamus,
2546 2176 2973 2246 quandoquidem
3010 2193 3037 2230 a
3079 2177 3234 2231 nobis
3263 2193 3328 2231 ex
3357 2178 3502 2231 omni
3547 2187 3698 2246 parte
3735 2175 3818 2229 de-

2255 2278 2606 2323 monstratum
2645 2277 2750 2332 est,
2779 2269 2894 2322 sine
2936 2268 3099 2337 proba
3126 2268 3232 2322 vita
3273 2269 3472 2322 nullam
3520 2267 3637 2322 fure
3667 2277 3820 2322 recta-

2253 2377 2373 2416 rum
2413 2361 2722 2432 dogmatum
2751 2361 3055 2416 utilitatem.
3089 2361 3205 2415 Fiat
3233 2371 3411 2415 autem
3441 2361 3691 2429 precibus
3717 2375 3823 2412 sau-

2253 2461 2485 2519 ctorum,
2513 2463 2567 2508 et
2589 2453 2880 2522 praesulum
2910 2452 3169 2516 omnium,
3201 2462 3259 2506 ut
3298 2461 3353 2506 et
3381 2461 3524 2506 recta
3571 2451 3820 2518 dogmata,

2257 2557 2378 2614 qua:
2407 2559 2435 2596 a
2463 2544 2755 2613 majoribus
2783 2545 2910 2598 olim
2938 2545 3264 2610 accepimus,
3295 2558 3427 2613 pura
3452 2557 3756 2601 servemus;
3783 2548 3828 2593 ct

2261 2638 2422 2690 vitam
2452 2637 2582 2706 ipsis
2609 2645 2992 2707 congruentem
3021 2636 3355 2704 adjiciamus,
3388 2645 3442 2690 ut
3465 2637 3722 2704 promissa
3745 2634 3828 2686 bo-

2263 2745 2328 2782 na
2352 2743 2764 2798 consequamur,
2797 2731 2963 2798 gratia
2995 2736 3049 2782 et
3087 2727 3408 2796 benignitate
3442 2725 3653 2780 Domini
3682 2724 3829 2777 nostri

2257 2822 2388 2877 Jesu
2415 2822 2637 2883 Christi,
2663 2822 2875 2892 quicum
2910 2821 3048 2874 Patri
3087 2820 3348 2888 simulque
3384 2828 3574 2872 sancto
3614 2815 3830 2887 Spiritui,

2262 2918 2454 2986 gloria,
2486 2916 2792 2984 imperium,
2824 2914 3019 2979 honor,
3066 2928 3210 2967 nunc
3233 2921 3288 2966 et
3314 2925 3550 2981 semper,
3591 2920 3645 2965 et
3671 2911 3718 2962 in
3744 2921 3831 2961 sat-

2258 3013 2383 3067 cuta
2407 3010 2750 3065 seculorum.
2779 3010 2974 3063 Amen.

1475 3786 1860 3852 MONITUM
1907 3786 2018 3850 AD
2069 3784 2490 3849 HOMILIAM
2529 3785 2608 3848 ΙΝ
2650 3785 2923 3861 ILLUD,

653 3978 710 4033 Id
747 3995 914 4034 unum
946 3981 1096 4037 circa
1135 3987 1457 4052 praesentem
1490 3979 1819 4036 concionem
1855 3976 2126 4048 expiscari
2161 3991 2478 4049 possumus,
2515 3977 2715 4031 dictam
2754 3987 2949 4044 nempe
2985 3971 3159 4028 fuisse
3197 3981 3486 4044 postquam
3527 3971 3587 4026 in
3625 3983 3816 4041 prme-

557 4097 726 4153 ‘deuti
763 4099 984 4154 bomilia
1009 4097 1406 4171 Jerosolymam
1433 4097 1778 4154 calamitates
1801 4111 1930 4152 suas
1960 4095 2033 4149 ita
2055 4093 2375 4165 παθητικῶς
2397 4093 2766 4163 deplorantem
2787 4092 3076 4145 induxerat
3097 4090 3540 4161 Chrysostomus,
3562 4097 3625 4142 ut
3644 4085 3817 4152 hujus-

579 4213 724 4269 modi
749 4225 1056 4271 acroamate
1081 4215 1342 4271 commoti
1365 4231 1558 4271 omnes
1589 4215 1682 4284 qui
1707 4214 1954 4280 aderant,
1988 4229 2115 4268 mox
2150 4215 2202 4268 in
2237 4212 2398 4267 ﬂetus
2425 4224 2482 4266 et
2527 4210 2762 4281 gemitus
2795 4209 3046 4278 erupturi
3081 4217 3288 4272 essent,
3321 4207 3426 4261 nisi
3473 4205 3704 4260 sedandi
3741 4204 3812 4255 lu-

575 4337 702 4383 ctus
728 4343 893 4384 causa
923 4345 1230 4385 sermonem
1258 4329 1367 4384 alio
1398 4328 1771 4384 transtulisset
1793 4335 1998 4380 orator.
2050 4324 2126 4380 De
2163 4339 2308 4378 anno
2355 4331 2536 4377 autem
2575 4321 2655 4375 vel
2699 4331 3044 4390 tempestate,
3081 4319 3317 4388 itemque
3354 4318 3735 4372 Antiochimne
3760 4329 3818 4368 an

576 4441 1052 4513 Constantinopoli
1088 4443 1228 4499 hanc
1275 4443 1528 4497 habuerit
1578 4440 1882 4505 homiliam,
1944 4453 2012 4492 ne
2059 4437 2414 4510 conjectando
2457 4437 2675 4504 quidem
2713 4435 2822 4488 dici
2872 4440 3069 4505 potest.
3111 4430 3237 4486 llaec
3276 4445 3400 4484 vero
3444 4430 3718 4499 praecipue
3746 4426 3820 4478 hic

575 4561 1004 4616 demonstranda
1051 4561 1319 4632 suscipit:
1373 4575 1566 4616 vocem
1613 4559 1695 4612 δεῖ
1743 4574 1840 4615 seu
1902 4565 2103 4627 oportet
2153 4556 2242 4612 hic
2285 4572 2394 4610 ttun
2443 4553 2801 4625 praecipientis
2849 4561 2942 4607 aut
2973 4551 3306 4606 consulentis
3353 4565 3494 4611 esse,
3523 4551 3624 4606 scd
3655 4549 3820 4603 futura

524 4718 534 4725 .
576 4680 1018 4751 prrenuntiautis,
1043 4679 1502 4750 quemadmodum
1533 4687 1588 4734 et
1624 4677 1680 4733 in
1711 4677 1973 4747 aliisnon
2004 4676 2192 4745 paucis
2226 4673 2526 4744 Scriptura:
2550 4673 2690 4727 locis
2728 4673 3088 4739 observatur;
3125 4671 3369 4740 itemque
3396 4669 3663 4734 hereses,
3693 4679 3818 4737 quas

1439 5225 1548 5296 IN
1586 5223 2015 5295 DICTUM
2063 5223 2376 5293 ILLUD
2417 5221 2964 5306 APOSTOLI,

561 5394 850 5438 oron'na'r
893 5396 971 5436 ET
1015 5397 1308 5440 umnasss
1353 5395 1502 5438 esse
1533 5391 1598 5438 IN
1641 5392 1847 5448 voms,
1893 5392 1976 5434 υτ
2006 5390 2111 5442 QUI
2144 5389 2411 5431 PROBATI
2456 5390 2635 5445 sum,
2667 5386 3007 5431 MANIFESTI
3054 5385 3244 5429 sum
3293 5363 3362 5445 (ι.
3391 5363 3543 5426 Cor.
3592 5358 3838 5437 11.19).

637 5611 689 5663 1.
732 5604 872 5662 Satis
908 5621 1076 5673 nuper
1119 5605 1220 5659 hoc
1265 5605 1540 5674 spirituale
1581 5603 1851 5658 theatrum
1899 5603 2158 5668 incaluit,

567 5718 690 5757 cum
719 5700 1109 5769 Jerosolymam
1148 5700 1390 5753 oratione
1433 5699 1585 5753 vobis
1627 5698 1929 5752 iuducerem
1962 5707 2015 5751 et
2043 5698 2156 5764 plo-

565 5801 772 5848 rantem
798 5833 813 5862 ,
842 5800 897 5847 et
933 5791 1172 5862 preprias
1214 5791 1544 5869 calamitates
1579 5791 2001 5847 annuntiantem.
2034 5789 2148 5844 Vidi

2272 5602 2414 5656 enim
2442 5599 2628 5653 oculos
2670 5604 2878 5650 vestros
2917 5595 3271 5663 lacrymamm
3302 5588 3514 5643 ﬂamina
3544 5582 3842 5656 parturire:
3938 5653 3939 5656 η

2267 5695 2373 5748 vidi
2415 5709 2477 5746 ex
2520 5693 2714 5746 aﬂectu
2752 5699 2932 5742 vestro
2971 5685 3297 5755 singulorum
3334 5683 3541 5736 animos
3575 5673 3843 5748 gemitibus

2260 5787 2501 5857 oppletos
2523 5794 2679 5855 atque
2705 5781 2963 5838 turbatos.
2999 5777 3124 5833 Ideo
3151 5777 3331 5833 statim
3353 5786 3507 5843 atque
3535 5770 3594 5826 id
3622 5763 3835 5824 animati
