3990 6358
247 333 350 391 εει

247 444 552 514 λολιίτρας
599 445 890 516 γίνεσθαι,
925 449 1118 516 καθώς
1169 469 1329 520 τινες
1369 453 1589 518 αὐτῶν,
1630 451 1834 523 ὥσπερ

248 530 597 601 τέτραπται·
641 531 950 587 Ἐκάθισεν
991 537 1025 588 ό
1063 535 1214 602 λαὸς
1260 538 1475 606 φαγεῖν
1512 537 1613 591 καὶ
1655 537 1833 604 πιεῖν,

247 615 349 668 καὶ
388 614 743 683 ἀνέστησαν
790 616 1039 677 παίζειν.
1103 618 1246 690 Ὅρα
1298 620 1395 673 τοῦ
1459 621 1674 675 Παύλου
1735 620 1834 692 τὴν

249 696 489 752 σύνεσιν.
506 694 637 752 Εἷπε
655 701 751 770 τὴν
771 701 1065 772 ἁμαρτίαν,
1081 697 1204 756 εἶπε
1229 703 1327 776 τὴν
1349 705 1526 762 αἰτίαν
1540 707 1638 777 τῆς
1658 706 1836 776 ἁμαρ-

246 779 392 843 τίας,
420 778 542 834 εἷπε
563 782 661 854 τὴν
699 783 920 838 κόλασιν
946 785 1044 857 τὴν
1076 786 1172 839 ἐπὶ
1193 791 1258 858 τῇ
1285 789 1552 860 ἁμαρτίᾳ,
1579 789 1668 845 διὰ
1699 790 1836 844 πάν-

249 878 358 914 των
388 865 538 933 ἡμᾶς
589 865 859 919 παιδεύων
898 869 1124 938 φεύγειν
1175 870 1274 942 τὴν
1317 872 1540 925 ἐκείνων
1581 872 1832 944 μίμησιν.

248 945 412 998 Αίτία
457 948 560 1017 τῆς
604 948 880 1020 ἁμαρτίας
921 951 956 1022 ἡ
991 952 1298 1023 ἀδηφαγίασ
1345 952 1619 1008 Ἔκάθισε
1664 954 1774 1026 γὰρ
1803 956 1836 1010 ό

247 1028 403 1108 λαός
423 1029 640 1100 φαγεῖν
659 1032 757 1086 καὶ
779 1034 957 1088 πιεῖν.
976 1036 1041 1088 Ἦ
1063 1035 1333 1108 ἁμαρτία,
1358 1037 1490 1091 αὐτὸ
1513 1037 1574 1090 τὸ
1601 1038 1832 1102 παίζειν.

248 1107 388 1164 Εἶτα
414 1115 448 1183 ἡ
480 1115 737 1186 τιμωρία,
767 1117 848 1170 ὅτι
869 1107 1383 1189 Κατεστρώθησαν
1409 1121 1480 1174 ἐν
1513 1121 1589 1191 τῇ
1616 1121 1833 1191 ἐρήμῳ.

249 1195 446 1259 Πάλιν,
505 1197 676 1264 Μηδὲ
724 1202 1140 1271 πορνεύωμεν,
1192 1204 1386 1270 καθώς
1435 1222 1594 1271 τινες
1639 1203 1837 1264 αὐτῶν

248 1277 655 1346 ἐπόρνευσαν.
701 1282 965 1337 Ἐνταῦθα
991 1284 1089 1356 τὴν
1118 1286 1297 1340 αἰτίαν
1323 1288 1423 1358 τῆς
1457 1287 1711 1360 πορνείας
1737 1287 1836 1340 οὐκ

252 1360 474 1430 ἔθηκεν,
512 1363 650 1418 ἀλλά
680 1364 780 1436 τὴν
805 1369 1098 1440 τιμωρίαν.
1123 1369 1292 1423 Ποίαν
1319 1370 1376 1424 δὲ
1399 1369 1634 1442 ταύτην;
1669 1371 1840 1424 Ἔπε-

251 1458 372 1500 σοιν·
396 1446 470 1499 ἐν
491 1445 600 1515 μιᾷ
644 1447 834 1517 ἡμέρᾳ
879 1451 1232 1520 εἰκοσιτρεῖς
1275 1451 1561 1522 χιλιάδες.
1592 1451 1747 1517 Τίνος
1781 1453 1837 1507 δὲ

249 1525 417 1580 ἕνεκα
440 1527 545 1598 τὴν
584 1531 855 1602 πρόφασιν
888 1534 987 1588 οὐκ
1011 1531 1185 1599 εἶπεν,
1210 1535 1304 1604 ἀφ’
1333 1530 1400 1607 ἦς
1437 1537 1470 1606 ή
1497 1536 1721 1608 πορνεία
1745 1536 1838 1605 γέ-

249 1626 376 1675 γονε
399 1629 414 1677 ;
452 1613 577 1676 Τοῖς
595 1615 902 1684 φιλοπόνοις
931 1617 1106 1682 διδοὺς
1133 1620 1226 1672 ἐπὶ
1250 1620 1348 1688 τὴν
1376 1620 1616 1690 ἱστορίαν
1641 1620 1833 1687 ἐλθεῖν,

251 1694 348 1747 καὶ
385 1695 580 1766 μαθεῖν
609 1696 704 1752 τοῦ
729 1698 901 1752 κακοῦ
931 1701 1032 1771 τὴν
1064 1701 1240 1772 ῥίζαν.
1265 1696 1432 1764 Οὗτος
1459 1701 1566 1774 γὰρ
1597 1702 1838 1774 ἰατρείας

249 1778 478 1850 τρόπος,
510 1780 572 1833 τὸ
619 1780 798 1848 λέγειν
832 1781 891 1845 ἐξ
924 1777 999 1837 ῶν
1032 1784 1278 1837 τίκτεται
1310 1783 1379 1836 τὰ
1410 1787 1709 1854 νοσήματα,
1742 1785 1838 1839 καὶ

251 1863 524 1932 φάρμακα
555 1864 850 1917 ἐπιτιθέναι
881 1869 994 1928 τοῖς
1027 1865 1325 1938 τραύμασι.
1353 1866 1452 1919 Διά
1482 1867 1640 1919 τοῦτό
1668 1884 1834 1938 φησι⁸

256 1945 452 2001 Ταῦτα
498 1946 567 1999 δὲ
621 1948 821 2001 πάντα
867 1951 1043 2003 τύποι
1084 1951 1450 2004 συνέϐαινον
1482 1961 1509 1988 α
1557 1951 1833 2016 ἐκείνοις.

250 2028 484 2097 ἐγράφη
518 2030 586 2081 δὲ
613 2030 765 2098 πρὸς
792 2033 1119 2087 νουθεσίαν
1148 2031 1338 2101 ἡμῶν.
1366 2033 1528 2086 Ὥστε
1553 2035 1581 2086 ό
1607 2035 1837 2103 ποιήσας

248 2113 460 2175 ἐκεῖνα,
512 2113 606 2165 καὶ
654 2115 890 2177 κολάσας
933 2116 1059 2178 τοὺς
1108 2117 1623 2187 ἀγνωμονὴσαντας,
1684 2111 1834 2181 οὗτος

249 2197 403 2265 ἡμᾶς
442 2197 683 2250 νουθετεῖ
715 2196 833 2262 νῦν,
859 2198 920 2251 οὐ
955 2197 1046 2252 διὰ
1075 2199 1337 2269 ῥημάτων
1378 2199 1558 2270 μόνον,
1583 2198 1718 2252 ἀλλὰ
1742 2201 1837 2252 καὶ

247 2279 317 2332 δι’
349 2281 534 2333 αὐτῶν
570 2283 678 2335 τῶν
715 2283 1079 2353 πραγμάτων,
1104 2285 1242 2356 ὅπερ
1269 2283 1526 2353 μέγιστός
1563 2287 1678 2337 ἐστι
1714 2300 1828 2338 νου-

249 2365 444 2430 θεσίας
484 2368 704 2438 τρόπος.
740 2365 895 2432 Εἶδες
924 2369 1042 2433 πῶς
1066 2373 1180 2433 τοῖς
1217 2373 1275 2423 ἐν
1323 2373 1388 2441 τῇ
1420 2370 1605 2441 χάριτι
1649 2369 1740 2424 τὸν
1777 2373 1836 2425 ἐν

247 2457 314 2525 τῇ
349 2455 566 2526 Παλαιᾷ
606 2456 781 2511 ταῦτα
829 2459 1132 2527 ποιήσαντα
1173 2456 1492 2510 διδάσκαλον
1542 2457 1832 2529 ἐπέστησε,

246 2539 471 2600 δεικνὺς
501 2539 582 2592 ὅτι
611 2535 690 2603 εἷς
730 2542 846 2593 ἐστι
877 2541 972 2594 καὶ
1003 2541 1031 2592 ό
1058 2540 1241 2604 αὐτὸς,
1270 2543 1299 2594 ὁ
1336 2541 1432 2593 καὶ
1465 2541 1648 2598 ἐκεῖνα
1676 2545 1835 2613 ποιή-

249 2638 378 2684 σας,
406 2623 502 2674 καὶ
523 2623 696 2688 ταῦτα
731 2624 798 2676 δι’
833 2623 999 2677 αὑτοῦ
1027 2623 1434 2694 φθεγγόμενος;
1459 2626 1521 2677 Εἰ
1546 2624 1654 2696 γὰρ
1683 2626 1838 2678 ἀλλό-

246 2723 404 2776 τριος
426 2701 515 2779 ἦν,
538 2707 639 2760 οὐκ
671 2707 852 2761 ἐκεῖνα
879 2706 1086 2760 τούτων
1109 2709 1312 2771 τύπους
1340 2707 1619 2772 ἐκάλεσεν,
1648 2709 1748 2761 οὐκ
1768 2709 1836 2763 ἂν

247 2790 335 2852 είς
379 2789 659 2844 νουθεσίαν
686 2790 842 2861 ἡμῶν
880 2791 1018 2845 αύτά
1054 2791 1363 2862 γεγράφθαι
1409 2787 1583 2854 εἶπεν,
1632 2793 1733 2845 οὐκ
1770 2793 1836 2846 ἂν

247 2871 577 2924 διδάσκαλον
619 2873 750 2943 ἡμῖν
791 2873 1113 2944 ἐπέστησεν,
1162 2873 1221 2927 ὃν
1259 2875 1359 2928 οὐκ
1411 2875 1659 2945 ἐνόμιζεν
1699 2872 1835 2929 εἶναι

247 2955 410 3020 Θεὸν,
450 2958 551 3009 οὐκ
590 2956 657 3009 ἂν
690 2957 796 3010 ἀπὸ
829 2957 936 3010 τῶν
978 2958 1068 3009 ὑπ’
1116 2958 1326 3011 ἐκείνου
1367 2959 1675 3028 γενομένων
1714 2958 1834 3011 τότε

250 3039 406 3108 ἡμᾶς
422 3039 707 3108 ἐφόϐησεν,
729 3039 804 3102 ὡς
822 3039 972 3111 [259]
990 3041 1069 3102 είς
1091 3041 1190 3104 τὰς
1205 3041 1414 3093 ἐκείνου
1430 3041 1591 3093 πάλιν
1611 3041 1832 3111 μέλλον-

248 3140 355 3184 τας
394 3124 686 3194 ἐμπίπτειν
727 3126 932 3194 χεῖρας.
965 3123 1078 3177 Νῦν
1118 3124 1175 3176 δὲ
1220 3124 1451 3186 δεικνὺς,
1487 3125 1566 3176 ὅτι
1616 3125 1696 3188 είς
1738 3124 1836 3189 τὰς

249 3204 471 3258 ἐκείνου
505 3205 773 3277 μέλλομεν
793 3207 1086 3276 ἐμπίπτειν
1110 3205 1271 3260 πάλιν
1297 3209 1503 3277 χεῖρας,
1531 3206 1624 3260 καλ⁵
1645 3207 1836 3261 ἑκάτε-

317 3309 350 3337 ⁸
377 3307 475 3356 Alii
495 3309 648 3356 πάντα
674 3309 812 3357 τύποι
837 3310 1124 3357 συνέϐαινον.
1148 3307 1200 3356 In
1228 3285 1337 3357 aliis
1359 3309 1498 3357 τύποι
1519 3310 1679 3359 deest.

1108 350 1178 409 IN
1213 353 1471 411 DIC'I‘UM
1504 355 1731 419 PAULI,
1763 351 2087 410 OPORTET
2129 354 2472 412 lMSllESES
2513 355 2710 412 ESSE.

3408 344 3519 400 252

1941 472 2030 527 ρος
2053 457 2083 510 ὀ
2114 456 2260 522 λαὸς,
2275 455 2524 519 κάκεῖνος
2546 457 2642 510 καὶ
2667 451 2840 522 οὗτος,
2877 459 2988 520 τοῖς
3021 455 3228 510 ἐκείνου
3257 455 3518 512 διοικοῦν-

1936 555 2027 591 ται
2078 538 2284 609 νόμοις,
2320 537 2592 608 ἀνέμνησε
2649 538 2866 592 πάντων
2909 538 3152 602 ἐκείνων,
3189 540 3284 592 καὶ
3339 535 3514 608 εἶπεν,

1938 622 2021 674 ὅτι
2050 621 2201 689 Πρὸς
2227 619 2554 675 νουθεσίαν
2584 619 2755 688 ἡμῶν
2778 621 3028 690 ἐγράφη.
3063 620 3246 674 Ταῦτα
3271 617 3364 676 οὖν
3390 622 3520 677 εἶδόν

1937 721 2049 769 τες,
2077 706 2192 768 τοῖς
2223 720 2283 757 τε
2325 701 2675 774 παρελθοῦσι,
2703 706 2817 767 τοῖς
2850 722 2909 757 τε
2953 703 3205 775 μέλλουσι
3247 705 3519 759 πιστεύω-

1941 806 2062 859 μεν.
2096 788 2196 841 ⁹¹Αν
2222 787 2279 840 δέ
2305 804 2450 851 τινες
2475 779 2609 840 ὦσιν
2631 789 2684 839 οἱ
2705 790 2820 851 τοῖς
2849 788 3132 858 μέλλουσιν
3151 789 3212 842 οὐ
3241 791 3520 843 πιστεύον.

1937 889 2048 935 τες,
2079 871 2188 924 ἀπὸ
2219 871 2328 924 τῶν
2365 869 2743 942 παρελθόντων
2773 870 2969 935 αὐτοὺς
2994 872 3276 941 ἐνάγωμεν
3310 873 3389 936 εἰς
3417 873 3518 944 τὴν

1935 955 2038 1025 τῆς
2084 955 2287 1026 ἀρετῆς
2328 953 2644 1025 ἐπιμέλειαν
2679 953 2750 1006 τὰ
2771 952 2915 1007 κατὰ
2937 955 3064 1018 τοὺς
3107 953 3400 1025 Σοδομίτας
3435 955 3518 1009 δι-

1937 1037 2247 1109 ηγούμενοι,
2291 1036 2361 1089 τὰ
2405 1037 2545 1090 κατά
2565 1036 2659 1090 τὸν
2708 1034 3093 1108 κατακλυσμὸν
3131 1036 3400 1106 λέγοντες,
3449 1039 3520 1092 τὰ

1938 1121 2078 1175 κατά
2109 1121 2139 1161 1³
2170 1121 2270 1192 τὴν
2290 1120 2563 1187 Αἴγυπτον
2592 1121 3118 1192 ἀναμιμνήσκοντες,
3149 1117 3237 1174 ἵνα
3265 1124 3386 1185 ταῖς
3411 1121 3518 1174 ἑτέο

1942 1223 2049 1276 ρων
2084 1203 2540 1276 σωφρονισθέντες
2565 1203 2840 1268 κολάσεσι,
2872 1203 2967 1256 καὶ
3003 1202 3117 1273 βίον
3149 1202 3372 1274 ἄριστον
3398 1206 3519 1257 ἐπι-

1935 1287 2260 1358 δειξάμενοι,
2311 1287 2521 1339 καὶτὸν
2549 1287 2674 1359 περὶ
2706 1287 2805 1356 τῆς
2845 1286 3070 1357 γεέννης
3108 1280 3202 1339 καὶ
3241 1286 3342 1356 τῆς
3382 1287 3518 1340 ἀνά-

1940 1371 2178 1434 στάσεως
2207 1369 2463 1435 δέξωνται
2496 1367 2670 1438 λόγον.
2719 1369 2871 1423 Ἐπεὶ
2904 1370 2998 1423 καὶ
3027 1367 3122 1422 νῦν
3151 1371 3265 1423 ὅσοι
3291 1373 3356 1442 τῇ
3399 1370 3519 1440 κρί-

1940 1471 2022 1507 σει
2050 1451 2440 1515 διαπιστοῦσιν,
2470 1453 2768 1524 οὐδαμόθεν
2801 1452 3085 1526 ἑτέρωθεν.
3113 1452 3227 1505 ἀλλ’
3259 1454 3370 1506 ἀπὺ
3401 1453 3517 1522 βίου

1937 1537 2332 1607 διεφθαρμένου
2367 1536 2463 1588 καὶ
2494 1535 2733 1606 πονηροῦ
2765 1535 3063 1598 συνειδότος
3093 1536 3252 1588 τοῦτο
3281 1537 3520 1607 πάσχου-

1942 1637 2044 1673 σιν.
2081 1621 2244 1672 ’Ὢστε
2271 1620 2367 1672 ἐὰν
2412 1617 2808 1689 ἐκκαθάρωμεν
2836 1617 3044 1672 ἑαυτῶν
3076 1617 3176 1682 τὰς
3221 1619 3515 1690 ἁμαρτίας,

1940 1704 2034 1757 καὶ
2070 1704 2148 1774 τῷ
2197 1703 2347 1773 φόϐῳ
2405 1700 2516 1754 τῶν
2564 1701 2940 1772 παρελθόντων
2983 1701 3380 1774 παιδεύσωμεν,
3427 1703 3519 1756 καὶ

1940 1789 2069 1858 περὶ
2100 1787 2208 1841 τῶν
2232 1787 2530 1858 μελλόντων
2546 1787 2807 1857 πείσομεν
2825 1785 3077 1859 δέξασθαι
3097 1783 3273 1854 λόγον.
3306 1787 3518 1859 Ὠσπερ

1938 1857 2047 1941 γὰρ
2069 1857 2314 1941 δόγματα
2335 1871 2547 1940 πονηρὰ
2569 1869 2682 1939 βίον
2710 1870 3017 1942 ἀκάθαρτον
3037 1857 3281 1939 εἰσάγειν
3303 1857 3514 1936 εἴωθεν,

1938 1953 2080 2006 οὕτω
2114 1954 2207 2006 καὶ
2226 1951 2618 2023 διεφθαρμένος
2646 1952 2759 2021 βίος
2790 1953 3056 2023 πονηρίαν
3077 1953 3361 2023 δογμάτων
3391 1953 3518 2006 πολ-

1938 2037 2094 2100 λάκις
2133 2037 2336 2090 ἔτεκεν.
2375 2037 2552 2101 Ὅπερ
2596 2035 2684 2088 ἵνα
2724 2035 2798 2106 μὴ
2836 2034 3082 2104 γένηται,
3120 2037 3215 2089 καὶ
3249 2037 3379 2106 ἡμῖν
3413 2036 3514 2090 αὐ·-

1937 2124 2070 2185 τοϊς,
2098 2121 2192 2174 καὶ
2220 2122 2330 2183 τοῖς
2355 2119 2536 2183 ἄλλοις
2556 2120 2728 2172 ταῦτα
2759 2119 3152 2190 κατεπᾴδοντες
3175 2119 3244 2172 τὰ
3279 2120 3515 2189 ῥήματα,

1937 2206 2038 2275 τήν
2069 2221 2128 2257 τε
2169 2203 2333 2275 ὀρθὴν
2365 2204 2547 2256 πίστιν
2575 2202 2915 2273 διαμένωμεν
2964 2202 3199 2272 ἔχοντες,
3234 2203 3329 2254 καὶ¹
3361 2201 3515 2255 πολι-

1937 2287 2086 2347 τείαν
2112 2287 2341 2357 ἀρίστην
2368 2285 2783 2356 ἐπιδειξὼμεθα,
2807 2285 2994 2355 ἐπειδὴ
3029 2283 3363 2354 πανταχόθεν
3385 2285 3518 2354 ἡμῖν

1937 2374 1966 2425 ό
2003 2371 2158 2438 λόγος
2207 2369 2506 2434 ἀπέδειξεν,
2535 2371 2617 2422 ὅτι
2667 2369 2869 2442 ταύτης
2919 2368 3087 2439 χωρὶς
3131 2367 3281 2420 οὐδὲν
3324 2365 3515 2436 ὄφελος

1937 2457 2070 2526 ἡμῖν
2091 2452 2265 2523 ὀρθῶν
2292 2454 2597 2525 δογμάτων.
2634 2453 2848 2506 Γένοιτο
2885 2453 2942 2505 δέ
2974 2452 3159 2521 εὐχαῖς
3189 2451 3296 2502 τῶν
3321 2449 3514 2518 ἁγίων,

1939 2539 2034 2592 καὶ
2077 2537 2186 2590 τῶν
2229 2537 2504 2608 προέδρων
2542 2537 2815 2600 ἁπάντων,
2863 2536 2961 2605 τήν
2997 2550 3057 2585 τε
3101 2531 3367 2604 ὀρθότητα
3405 2531 3516 2585 τῶν

1937 2621 2244 2690 δογμάτων,
2269 2620 2335 2689 ἣν
2362 2619 2568 2672 ἀνωθεν
2595 2619 2688 2672 καὶ
2716 2621 2779 2671 ἐκ
2805 2617 3083 2689 προγόνων
3107 2615 3513 2687 παρελάϐομεν,

1937 2703 2192 2773 ἀκέραιον
2207 2703 2554 2773 διατηρῆσαι,
2571 2703 2662 2755 καὶ
2681 2702 2793 2772 βίον
2818 2703 2954 2773 αὐτῇ
2972 2700 3334 2771 συμϐαίνοντα
3352 2715 3513 2770 προσ-

1939 2786 2128 2852 θεῖναι,
2155 2787 2242 2839 ἵνα
2284 2785 2392 2838 τῶν
2427 2786 2851 2856 ἐπηγγελμένων
2900 2784 3118 2854 ἀγαθῶν
3148 2782 3511 2853 ἐπιτύχωμεν,

1939 2870 2122 2940 χάριτι
2180 2870 2273 2922 καὶ
2320 2869 2696 2940 φιλανθρωπίᾳ
2735 2869 2831 2921 τοῦ
2882 2867 3087 2938 Κυρίου
3137 2865 3296 2936 ἡμῶν
3337 2863 3514 2934 Ἰησοῦ

1942 2951 2200 3024 Χριστοῦ,
2239 2952 2356 3023 μεθ’
2380 2947 2441 3005 οὗ
2469 2951 2547 3021 τῷ
2574 2953 2770 3022 Πατρὶ,
2799 2951 2914 3022 ἅμα
2937 2953 3014 3022 τῷ
3044 2951 3184 3022 ἁγίῳ
3211 2950 3513 3021 Πνεύματι,

1942 3035 2089 3104 δόξα,
2116 3039 2335 3108 κράτος,
2360 3038 2514 3106 τιμὴ,
2545 3037 2640 3091 νῦν
2672 3039 2764 3091 καὶ
2799 3037 2906 3098 ἀεὶ,
2939 3038 3030 3089 καὶ
3052 3037 3131 3098 εἱς
3155 3035 3281 3098 τοὺς
3315 3035 3517 3100 αἰῶνας

1941 3122 2050 3175 τῶν
2076 3122 2303 3174 αἰώνων.
2348 3121 2401 3172 Ἀ
2415 3121 2538 3190 μήν.

2005 3307 2037 3348 Ῑ)
2073 3307 2171 3356 Alii
2188 3309 2282 3354 τῶν
2302 3305 2441 3354 κατά.

1417 3465 3504 3500 Μ

1035 3799 1416 3862 OPORTET
1471 3799 1858 3860 HJERESES
1898 3799 2090 3868 ESSE
2137 3799 2217 3858 ΙΝ
2276 3796 2545 3869 VOBIS,
2589 3813 2728 3855 BTC.

245 4024 367 4076 hoc
395 4022 513 4076 loco
545 4020 746 4077 Paulus
779 4032 1194 4084 commemorat.
1219 4039 1325 4079 non
1363 4023 1593 4080 dissidia
1622 4025 1768 4078 circa
1810 4023 1966 4077 [idem
1997 4031 2051 4076 et
2088 4022 2340 4089 dogmata
2385 4020 2658 4086 indicare;
2709 4021 2804 4076 sed
2848 4020 3138 4075 Scussuns
3172 4018 3330 4083 illas,
3365 4020 3520 4092 queis

244 4141 308 4190 in
337 4139 618 4192 communi
655 4154 720 4192 ac
745 4139 1025 4202 Dominica
1058 4157 1246 4196 mensa
1294 4141 1495 4198 divites
1533 4157 1656 4198 sese
1695 4158 1723 4197 a
1768 4141 2100 4213 pauperibus
2138 4141 2590 4210 sequestrabaut,
2627 4149 2688 4194 ut
2725 4143 2956 4196 seorsim
2997 4143 3179 4197 cibum
3219 4148 3519 4204 sumerent,

243 4251 309 4303 in
372 4265 515 4319 quos
566 4251 687 4307 ideo
739 4253 1016 4308 invehitur
1049 4253 1364 4324 Apostolus.
1413 4252 1644 4309 Demum
1698 4261 1986 4323 postquam
2041 4253 2464 4322 Chrysostomus
2517 4252 2712 4320 prisca:
2770 4251 3025 4307 Ecclesia:
3099 4251 3404 4306 mirabilem
3458 4249 3517 4306 in

241 4379 453 4418 mensa
481 4367 756 4420 communi
789 4368 951 4423 ritum
990 4367 1248 4439 graphice
1281 4367 1594 4436 descripsit,
1629 4375 1685 4420 et
1730 4367 1796 4421 ad
1839 4381 2138 4436 pauperum
2187 4363 2593 4434 suscipiendam
2641 4379 2830 4420 curam
2865 4366 3115 4419 hortatus
3162 4373 3281 4429 est,
3316 4362 3521 4416 oratio-

244 4499 391 4535 nem
420 4483 648 4538 claudit.

336 4617 535 4675 Incerti
561 4622 1062 4692 interpretationem
1091 4623 1364 4690 Latinam,
1402 4631 1589 4694 utpote
1614 4639 1722 4678 non
1749 4635 2085 4692 accuratam,
2114 4625 2428 4694 rejecimns,
2465 4637 2773 4695 novamque
2800 4623 3208 4678 adornarimus.

1519 4967 1901 4986 __.'_.._._

994 5087 1142 5199 βω)
1185 5099 1356 5184 ΕΙΣ
1403 5101 1550 5183 ΤΟ
1605 5096 2406 5184 ΑΠΟΣΤΟΛΙΚΟΝ
2477 5102 2846 5187 ,ΙἸ-ΙΤΟΝ

579 5262 654 5318 Τὸ
683 5262 893 5332 λόγον·
941 5284 960 5316 ι
999 5263 1099 5318 Δεῖ
1120 5263 1189 5318 δὲ
1217 5263 1314 5317 καὶ
1342 5262 1603 5335 αἱρέσεις
1626 5257 1779 5318 εἶναι
1807 5262 1878 5315 ἐν
1907 5261 2072 5331 ὑμῖν,
2097 5263 2198 5318 ἵνα
2230 5268 2284 5319 οἱ
2315 5263 2543 5335 δόκιμοι
2577 5265 2822 5335 φανεροὶ
2860 5267 3164 5336 γίνωνται.
3205 5285 3226 5320 ι

330 5495 646 5560 α’.⁹1κανῶς
670 5495 862 5569 πρώην
880 5498 1012 5569 ἡμῖν
1030 5495 1388 5570 διεθερμάνθη
1412 5498 1468 5551 τὸ
1485 5500 1852 5570 πνευματικὸν
1959 5502 2265 5572 συμφοράς.
2302 5503 2412 5556 Καὶ
2441 5503 2548 5576 γᾲρ
2576 5500 2714 5564 εἶδον
2740 5502 2894 5574 ὑμῶν
2915 5504 3041 5568 τοὺς
3077 5503 3390 5574 ὀφθαλμοὺς
3406 5503 3530 5563 τότε

225 5581 430 5638 τοῦτο
469 5580 718 5651 Θέατρον,
742 5581 831 5634 ὅτε
875 5580 973 5651 τὴν
1011 5580 1366 5652 Ἰερουσαλὴμ
1403 5583 1696 5653 εἰσήγαγον
1723 5585 1849 5655 ὑμῖν
1953 5585 2239 5650 ὠδίνοντας
2271 5586 2454 5654 πηγὰς
2487 5586 2702 5654 ἀφιέναι
2723 5585 3004 5657 δακρύωνο
3031 5584 3191 5652 εἶδον,
3216 5586 3274 5654 ἐξ
3303 5578 3379 5640 ὧν
3401 5583 3528 5642 ἔπα-

227 5665 340 5735 τῷ
377 5662 524 5735 λόγῳ
554 5662 875 5734 θρηνοῦσαν,
908 5664 1002 5718 καὶ
1026 5662 1124 5729 τὰς
1169 5664 1377 5728 οἰκείας
1422 5662 1849 5735 ὲξαγγέλλουσαν
1956 5685 2103 5740 σχον,
2129 5669 2227 5740 τὴν
2263 5668 2493 5724 ἑκάστου
2523 5667 2761 5721 διάνοιαν
2787 5669 3110 5743 ὀλοφυρμῶν
3135 5670 3410 5748 γέμουσαν
3437 5669 3530 5723 καὶ

604 5783 870 5842 ΡΔΤιιοιΑ
910 5785 1024 5841 (in.
1071 5787 1163 5843 LI.
3122 5778 3196 5838 16
