3990 6358
202 424 305 476 9.35

203 540 341 594 verti
365 579 385 605 ,
415 540 734 612 tragmdiam
766 541 912 596 illam
944 541 1122 595 sedavi
1149 581 1165 609 ,
1195 555 1499 596 sermonem
1525 541 1591 597 de
1621 543 1798 597 medio

204 634 498 699 transtuli,
538 634 832 704 ﬂetumque
877 633 1026 688 illum
1072 649 1140 689 ex
1179 632 1508 705 singulorum
1551 636 1797 692 cordibus

202 737 524 795 erupturum
565 728 797 782 eoercui.
846 727 1038 782 Anima
1082 728 1281 799 quippe
1324 729 1467 783 luctu
1501 738 1755 798 occupata
1780 771 1796 795 ,

204 817 337 872 nihil
366 832 558 872 sanum
584 818 667 874 vel
695 819 877 874 dicere
914 819 999 874 vel
1037 818 1221 874 audire
1248 821 1414 874 valet.
1459 820 1528 874 At
1562 835 1659 875 cur
1698 820 1800 875 hoc

209 926 353 965 nunc
393 910 549 966 vobis
592 912 645 965 in
684 912 997 967 memoriam
1045 901 1335 968 revocavi?
1363 913 1493 979 Quia
1535 927 1595 967 ea
1620 952 1635 975 ,
1681 927 1801 982 qua:

207 1017 324 1056 sum
371 1001 534 1057 hodie
583 1002 864 1066 dicturus,
909 1002 1016 1057 illis
1062 1019 1181 1074 qure
1225 1011 1351 1059 tunc
1390 1004 1639 1073 loquutus
1683 1018 1799 1058 sum

207 1094 500 1149 admodum
530 1102 656 1149 sunt
682 1094 883 1149 aflinia.
911 1094 1372 1163 Quemadmodum
1398 1096 1539 1149 enim
1567 1093 1651 1149 illa
1680 1094 1804 1149 vitm

211 1185 476 1241 desidiam
530 1185 582 1240 in
637 1187 789 1242 nobis
846 1187 1247 1258 reprimebant,
1310 1187 1693 1257 segnitiemque
1751 1188 1801 1241 in

209 1277 422 1347 agendo
449 1287 688 1332 nostram
715 1278 1054 1348 corrigehant
1082 1295 1095 1330 :
1122 1280 1198 1331 sic
1219 1294 1280 1334 ea
1303 1294 1421 1348 qua:
1450 1292 1586 1333 nunc
1611 1274 1803 1333 dicturi

209 1382 400 1422 sumus
446 1369 589 1423 circa
627 1363 934 1438 diligentem
973 1369 1279 1439 dogmatum
1329 1369 1756 1424 observationem
1786 1411 1801 1434 ,

210 1460 520 1514 securiores
558 1472 658 1514 nos
686 1459 915 1515 reddere
943 1468 1229 1529 poterunt,
1273 1461 1343 1514 ita
1374 1468 1432 1514 ut
1458 1459 1806 1530 nndeqnaque

211 1553 439 1623 perfecti
468 1550 632 1607 futuri
661 1554 828 1608 simus
852 1596 867 1619 ,
898 1552 963 1608 In
988 1556 1149 1608 virum
1178 1556 1456 1627 perfectum
1479 1596 1495 1619 ,
1523 1556 1577 1608 in
1602 1571 1805 1608 mensu-

210 1661 327 1698 ram
371 1644 537 1699 a-tatis
580 1643 600 1718 (
624 1643 815 1715 Ephes.
858 1647 912 1701 4.
954 1645 1059 1715 15)
1101 1648 1476 1717 pervenientes
1513 1646 1806 1702 secundum

214 1735 457 1790 divinum
480 1737 807 1805 apostolum.
836 1734 988 1793 Tunc
1007 1728 1201 1807 corpus
1222 1746 1458 1793 vestrum
1480 1739 1804 1803 curavimus,

213 1843 361 1883 nunc
386 1828 547 1897 capiti
575 1828 893 1883 medicinam
925 1827 1197 1884 aﬂ‘erimus
1221 1846 1235 1896 ;
1269 1837 1393 1885 tunc
1419 1829 1667 1886 Ieremite
1689 1847 1810 1886 ver-

214 1918 299 1973 bis
322 1958 340 1980 ,
372 1934 512 1973 nunc
538 1917 689 1974 Pauli
716 1921 1073 1975 sermonibus.

296 2010 431 2079 Vox,
464 2011 710 2083 Oportet,
740 2012 1081 2082 prwdietionis
1107 2030 1240 2083 saepe
1263 2014 1363 2069 vim
1389 2015 1630 2070 habet.-—
1649 2016 1807 2085 Quae-

214 2118 340 2158 nam
377 2112 503 2157 sunt
544 2104 634 2157 illa
668 2104 817 2158 Pauli
860 2105 1022 2159 verba
1048 2145 1064 2171 ,
1102 2121 1222 2176 quae
1260 2122 1401 2161 nunc
1442 2107 1596 2162 nobis
1629 2107 1811 2177 expla-

216 2195 395 2249 nanda
426 2196 843 2265 proponuntur?
873 2196 1081 2267 Oportet
1106 2239 1122 2264 ,
1154 2198 1362 2269 inquit,
1394 2208 1439 2253 et
1467 2200 1678 2254 luet-eses
1706 2216 1812 2255 esse

212 2300 268 2341 in
291 2287 433 2342 vobis
455 2330 468 2353 ,
489 2298 548 2341 ut
572 2298 618 2343 et
644 2289 731 2358 qui
758 2288 957 2357 probati
981 2300 1131 2353 sunt,
1164 2290 1419 2363 manifesti
1446 2292 1573 2359 ﬁant
1596 2292 1651 2345 in
1674 2292 1811 2345 vobis

219 2381 301 2450 (i.
336 2381 457 2435 Cor.
491 2382 579 2435 ll.
610 2381 723 2452 19).
762 2381 877 2436 Non
915 2381 1192 2437 minimum
1232 2392 1315 2437 est
1352 2380 1495 2451 quod
1532 2383 1805 2454 quaeritur.

215 2473 353 2528 Nam
395 2474 439 2528 si
478 2474 811 2529 consulentis
853 2490 1005 2529 more
1040 2474 1236 2531 Paulus
1264 2468 1512 2546 loquitur
1535 2517 1551 2542 ,
1596 2483 1653 2531 et
1684 2490 1811 2532 vere

216 2576 435 2637 Oportet
480 2567 714 2623 brereses
748 2583 907 2633 esse,
946 2567 1203 2639 inculpati
1245 2577 1369 2625 sunt
1417 2568 1809 2624 baeresiarchae.

218 2658 382 2728 Atqui
411 2673 517 2712 non
551 2658 619 2713 ita
648 2666 733 2714 est
757 2699 774 2725 ,
807 2674 913 2713 non
954 2659 1024 2713 ita
1071 2673 1161 2714 res
1203 2674 1264 2714 se
1304 2658 1464 2715 habet
1492 2678 1509 2714 :
1534 2674 1640 2715 non
1668 2660 1809 2715 enim

217 2750 556 2804 consulentis
582 2792 598 2814 ,
630 2750 723 2805 sed
755 2750 926 2805 futura
954 2750 1293 2820 prredicentis
1322 2750 1427 2806 hoc
1467 2752 1668 2808 dictum
1708 2762 1808 2809 est.

214 2841 682 2910 Quemadmodum
711 2844 853 2897 enim
881 2843 1122 2898 medicus
1146 2859 1268 2898 cum
1294 2843 1438 2899 videt
1466 2860 1665 2915 aegrum
1694 2860 1813 2900 era-

219 2934 361 2999 pula:
394 2942 449 2987 et
476 2934 598 2986 vino
628 2933 853 3002 aliisque
877 2933 1161 3003 prohibitis
1188 2932 1425 2989 deditum
1452 2977 1467 3003 ,
1497 2935 1586 2990 tali
1617 2937 1810 2991 intem-

217 3023 506 3091 perantia,
539 3023 750 3092 inquit,
798 3022 986 3077 febrim
1021 3025 1160 3094 gigni
1202 3033 1449 3094 oportet,
1493 3041 1598 3080 non
1637 3026 1811 3097 legem

217 3130 426 3185 ponens
450 3157 465 3179 ,
494 3130 598 3169 non
644 3117 928 3171 consulens
950 3157 967 3181 ,
1010 3117 1102 3172 sed
1134 3131 1199 3172 ex
1241 3118 1593 3187 przesentibus
1635 3118 1810 3174 futura

216 3207 534 3274 coniectans
572 3222 633 3261 ac
670 3206 970 3276 prmdicens
995 3249 1011 3274 ,
1053 3208 1126 3262 ita
1162 3208 1429 3277 loquitur;
1465 3209 1813 3282 similiterque

217 3298 458 3368 agricola
491 3306 584 3351 aut
611 3298 936 3367 gubernator
960 3299 1145 3355 videns
1172 3316 1489 3356 concursum
1517 3303 1733 3357 nubium
1761 3313 1815 3359 et

216 3391 456 3446 tonitrua
494 3404 619 3443 cum
663 3389 959 3460 fulguribus
997 3392 1327 3461 erumpentia
1352 3434 1368 3459 ,
1398 3391 1563 3459 dicit,
1593 3392 1815 3463 Oportet

217 3482 383 3536 hasce
412 3481 580 3537 nubes
610 3482 841 3551 pluviam
873 3498 1060 3551 parere
1082 3524 1098 3550 ,
1122 3492 1175 3539 et
1205 3484 1427 3540 imbrem
1454 3486 1814 3543 vehementis-

216 3574 417 3628 simum
443 3615 459 3640 ,
484 3589 588 3629 non
612 3574 940 3630 cohortando
961 3574 1077 3631 haec
1098 3575 1267 3643 dicit,
1291 3578 1384 3633 sed
1409 3578 1549 3649 quod
1578 3578 1811 3635 futurum

213 3676 300 3722 est
329 3666 696 3735 prainuntiat:
741 3667 821 3721 sic
864 3675 918 3722 et
966 3665 1161 3723 Paulus
1211 3667 1300 3722 illa
1345 3684 1517 3735 voce,
1567 3668 1809 3741 Oportet,

216 3776 350 3815 usus
379 3770 483 3816 est.
531 3761 595 3815 Et
623 3775 720 3815 nos
748 3775 1119 3831 smpenumero
1149 3776 1270 3816 cum
1305 3761 1545 3817 videmus
1570 3762 1813 3819 homines

214 3852 417 3906 acriter
444 3850 805 3921 disceptantes
831 3893 846 3916 ,
890 3865 955 3906 ac
982 3865 1100 3907 sese
1130 3860 1313 3907 mutuo
1340 3854 1593 3924 gravibus
1622 3864 1813 3910 contu-

218 3944 395 3999 meliis
425 3943 760 4009 afﬁcientes,
799 3943 1026 3999 dicimus
1050 3987 1065 4011 ,
1108 3944 1329 4015 Oportet
1368 3946 1529 4003 hosce
1570 3947 1814 4005 homines

217 4036 273 4090 in
304 4036 537 4105 aliquam
568 4052 796 4106 pugnam
827 4051 1142 4105 erumpere,
1181 4046 1236 4092 et
1276 4038 1609 4094 custodiendi
1649 4048 1806 4106 sunt;

210 4141 323 4180 non
350 4127 697 4201 cohortantes
716 4168 731 4190 ,
755 4142 932 4198 neque
952 4128 1295 4183 consulentes
1316 4128 1383 4182 ita
1407 4129 1708 4201 loquimur(
1722 4134 1811 4201 qui

212 4220 364 4274 enim
395 4218 445 4272 id
477 4198 828 4287 lieri'possit?
854 4222 871 4289 )
910 4218 1001 4273 sed
1038 4219 1384 4289 exprmsenti
1414 4198 1647 4275 futurum
1676 4198 1809 4276 eon-

205 4310 500 4378 jeetantes.
537 4311 610 4364 Ita
638 4319 692 4364 et
713 4311 911 4365 Paulus
949 4327 1055 4366 non
1098 4311 1385 4367 consulens
1424 4312 1496 4367 ita
1538 4314 1806 4384 loquitur,

215 4403 437 4470 Oportet
464 4403 679 4456 hancses
706 4403 757 4455 in
781 4402 915 4456 vobis
945 4419 1052 4457 esse
1070 4445 1083 4465 ,
1114 4401 1206 4456 sed
1254 4403 1548 4471 prtediccns
1589 4414 1643 4459 et
1683 4420 1810 4475 pro-

211 4496 431 4563 phetice
469 4494 831 4563 prmnuntians
863 4494 910 4547 itl
937 4494 1078 4564 quod
1103 4493 1331 4549 futurum
1358 4502 1460 4549 est.
1490 4496 1640 4563 Quod
1666 4498 1808 4553 enim

214 4602 325 4641 non
377 4587 624 4641 consulat
672 4586 906 4642 hmreses
943 4602 1062 4642 esse
1087 4629 1102 4651 ,
1146 4587 1257 4656 ipse
1298 4587 1536 4644 declarat
1576 4590 1760 4645 dicens
1793 4608 1806 4646 :

219 4679 444 4732 Etiamsi
471 4678 677 4748 angelus
706 4678 843 4731 vobis
868 4678 1172 4748 evangeliea!
1194 4688 1374 4748 prwter
1400 4679 1455 4731 id
1473 4721 1488 4743 ,
1510 4681 1645 4751 quod
1671 4698 1811 4737 accc-

209 4770 367 4841 pistis
392 4811 408 4835 ,
436 4771 707 4823 anathema
734 4770 799 4821 sit
832 4768 851 4836 (
873 4767 990 4822 Gal.
1017 4771 1067 4823 l.
1096 4769 1131 4824 8
1164 4771 1202 4838 ).
1225 4768 1341 4839 Ipse
1362 4778 1444 4824 est
1469 4773 1557 4841 qui
1580 4772 1809 4827 cireum—

214 4864 482 4919 cisionem
508 4904 523 4923 ,
559 4862 679 4931 quia
708 4862 1080 4930 intempestive
1108 4861 1492 4917 observabatur
1515 4904 1531 4928 ,
1574 4872 1629 4921 et
1674 4881 1809 4933 prae-

210 4952 504 5009 dicationis
530 4953 811 5021 puritatem
844 4950 1196 5007 labefaclabat
1220 4994 1236 5017 ,
1281 4952 1469 5021 rejeeit
1518 4969 1581 5010 ac
1619 4956 1759 5011 dixit
1791 4977 1804 5012 :

208 5048 271 5099 Si
299 5044 743 5099 circumeidamini
764 5082 782 5110 ,
810 5042 1039 5097 Christus
1077 5043 1216 5097 vobis
1249 5044 1376 5098 nihil
1425 5046 1646 5114 proderit
1679 5045 1800 5120 (Id.

206 5140 261 5190 5.
295 5137 335 5190 2
361 5135 403 5207 ).
432 5134 712 5203 Quomodo
758 5134 916 5202 igitur
937 5174 953 5198 ,
1021 5132 1227 5204 inquies
1250 5175 1266 5199 ,
1313 5128 1527 5191 causam
1575 5134 1808 5210 adjecit,

206 5228 402 5281 dicens
431 5245 444 5280 :
484 5225 553 5281 Ut
576 5227 661 5291 qui
686 5224 886 5296 probati
904 5235 1020 5279 sunt
1044 5268 1059 5291 ,
1082 5227 1335 5297 manifesti
1356 5228 1482 5298 ﬁant
1502 5229 1529 5282 ?
1556 5229 1645 5284 Illa
1675 5246 1803 5298 vox,

214 5318 283 5372 [τι
308 5360 326 5382 ,
360 5319 413 5371 in
438 5316 726 5385 Scripturis
753 5316 1066 5387 plerumque
1107 5332 1213 5371 non
1244 5332 1457 5373 causam
1503 5320 1804 5389 signiﬁcat,

209 5411 309 5463 sed
341 5424 530 5463 rerum
564 5418 834 5463 eventum.
866 5407 1105 5476 Exempli
1133 5423 1290 5463 causa
1315 5450 1330 5475 ,
1361 5411 1509 5465 venit
1527 5410 1804 5478 Christus,

209 5512 267 5554 et
311 5514 462 5554 επιςο
500 5500 672 5552 visum
722 5496 1002 5553 reddidit:
1042 5498 1131 5553 ille
1174 5513 1303 5553 vero
1350 5499 1522 5569 ipsum
1568 5502 1809 5556 adoravit

212 5592 233 5659 (
258 5591 421 5643 Joan.
452 5589 486 5643 9
512 5589 532 5659 )
560 5587 765 5644 :Judtei
785 5597 969 5643 contra
993 5628 1011 5653 ,
1033 5588 1207 5643 hocin
1230 5589 1509 5645 sanitatem
1539 5592 1805 5657 restituto,

215 5682 356 5737 nihil
387 5698 494 5736 non
525 5682 753 5751 agebant
791 5689 852 5735 ut
890 5681 1205 5736 miraculum
1236 5682 1621 5750 obscurarent;
1651 5692 1809 5754 atque

210 5777 492 5831 Christum
521 5774 872 5844 expellebant.
907 5774 1057 5828 Tunc
1086 5774 1245 5845 igitur
1270 5776 1342 5828 ait
1380 5775 1468 5829 ille
1512 5793 1525 5828 :
1572 5774 1638 5829 In
1661 5778 1807 5843 judi-

212 5871 349 5922 cium
382 5883 473 5937 ego
498 5867 609 5919 veni
634 5867 684 5919 in
714 5866 959 5918 mundum
990 5867 1123 5918 hunc
1147 5906 1161 5929 ,
1188 5875 1245 5917 ut
1272 5866 1357 5935 qui
1382 5882 1478 5919 non
1501 5866 1697 5934 vident,
1731 5870 1806 5919 vi-

964 425 1053 480 ‘IN
1093 426 1343 483 DICTUM
1384 425 1607 489 PAULI,
1649 425 1968 482 OPORTET
1998 424 2336 483 IIZERESES
2375 426 2558 483 ESSE.

3387 429 3492 487 εδι

1900 547 2050 601 deant
2074 587 2088 611 ,
2117 555 2164 599 et
2192 546 2277 615 qui
2297 545 2501 607 vident,
2526 543 2646 598 ι·ωεὶ
2675 544 2802 613 ﬁant
2823 546 2840 615 (
2860 543 3016 599 Joau.
3044 544 3098 602 9.
3123 545 3193 603 39
3217 547 3257 616 ).
3284 545 3493 616 Ergone

1902 652 1963 691 ea
2003 637 2071 692 de
2124 651 2282 690 causa
2323 635 2507 697 venit,
2550 644 2608 689 ut
2646 634 2719 689 illi
2760 636 2886 690 calci
2926 636 3157 691 tierent?
3196 636 3310 691 Non
3349 646 3494 691 certe

1908 726 2029 781 ideo
2057 725 2202 779 venit
2230 743 2242 777 :
2285 725 2378 781 sed
2407 724 2532 779 illud
2560 725 2787 791 accidit,
2818 735 2872 781 et
2900 734 3147 795 eventum
3178 728 3252 781 rei
3285 727 3371 782 ille
3392 744 3493 783 ceu

1904 832 2118 873 causam
2145 816 2353 871 extulit.
2379 815 2610 870 Rursum
2636 856 2650 880 ,
2682 815 2766 871 lex
2793 816 2913 871 data
2950 825 3033 872 est
3060 827 3123 873 ut
3155 829 3493 888 peccatorum

1906 925 2119 965 cursum
2146 918 2419 964 coerceret
2446 951 2461 975 ,
2489 918 2549 963 ut
2573 909 2957 965 moderatiores
2976 910 3213 966 efficeret
3236 928 3330 966 eos
3354 952 3370 972 .
3400 914 3490 981 qui

1907 1001 2074 1071 ipsam
2121 1002 2443 1069 acciperent.
2482 999 2586 1054 Sed
2625 999 2695 1054 ob
2734 1001 2944 1055 illorum
2984 1001 3243 1072 ignaviam
3284 1012 3498 1056 contra-

1907 1095 2042 1146 rium
2075 1091 2267 1146 accidit
2300 1110 2311 1143 :
2343 1101 2559 1161 peccata
2589 1093 2732 1145 enim
2759 1103 3059 1157 auxerunt;
3094 1089 3328 1163 dicitque
3356 1094 3495 1147 Pau-

1911 1181 2039 1237 lus:
2096 1181 2205 1235 Lex
2250 1192 2419 1236 autem
2462 1182 2796 1248 subintravit,
2844 1190 2898 1235 ut
2941 1180 3218 1237 abundaret
3261 1182 3498 1237 delictum

1912 1273 1930 1344 (
1962 1272 2114 1327 Rom.
2142 1272 2194 1327 5.
2223 1273 2294 1326 20
2324 1273 2363 1343 );
2394 1288 2515 1328 cum
2546 1281 2721 1327 tamen
2772 1289 2877 1326 non
2918 1274 3039 1328 ideo
3081 1270 3456 1327 subintraverit
3482 1316 3492 1333 .

1911 1364 2005 1418 sed
2034 1373 2092 1417 ut
2123 1365 2386 1418 minueret
2414 1363 2685 1418 delictum.
2716 1363 2847 1418 Illud
2875 1375 3051 1419 autem
3081 1366 3257 1419 evenit
3288 1375 3501 1434 propter

1911 1452 2304 1524 improbitatem
2342 1470 2526 1510 eorum
2555 1497 2570 1519 ,
2619 1456 2707 1525 qui
2757 1456 2897 1511 illam
2947 1468 3284 1525 acceperunt.
3332 1458 3419 1511 Sic
3447 1469 3502 1514 ct

1912 1547 2013 1603 hoc
2059 1548 2216 1612 loco,
2252 1543 2362 1612 Ut,
2410 1563 2513 1601 non
2558 1562 2772 1602 causam
2813 1546 3045 1614 indicat,
3094 1545 3185 1603 sed
3230 1561 3497 1603 eventum.

1912 1637 2065 1707 Quod
2102 1638 2245 1693 enim
2291 1639 2392 1693 alia
2437 1640 2507 1692 sit
2542 1638 2825 1693 haeresium
2863 1655 3020 1695 causa
3045 1682 3060 1704 ,
3105 1641 3349 1712 quodque
3395 1658 3502 1695 non

1915 1730 2038 1787 ideo
2074 1731 2309 1787 haereses
2349 1732 2544 1787 fuerint
2567 1774 2581 1793 ,
2607 1742 2662 1786 ut
2699 1733 2789 1803 qui
2833 1728 3037 1803 probati
3082 1744 3261 1788 essent
3285 1777 3300 1797 ,
3336 1735 3505 1789 mani-

1914 1820 2038 1878 festi
2085 1824 2314 1891 tierent,
2364 1823 2456 1879 sed
2507 1823 2722 1878 aliunde
2789 1825 3095 1879 occasiones
3159 1826 3501 1895 acceperint,

1914 1917 2037 1972 audi
2065 1917 2336 1973 Christum
2368 1919 2522 1973 nobis
2551 1919 2929 1975 declarantem.
2965 1919 3146 1974 Simile
3171 1920 3358 1989 factum
3389 1931 3501 1983 est,

1914 2009 2122 2081 inquit,
2156 2028 2365 2083 regnum
2394 2012 2633 2067 caelorum
2670 2013 2862 2066 homini
2903 2013 3169 2067 seminanti
3197 2011 3381 2067 bonum
3419 2030 3504 2067 se-

1918 2122 2033 2159 men
2073 2106 2130 2159 in
2167 2122 2291 2175 agro
2319 2122 2454 2171 suo;
2493 2115 2540 2159 et
2582 2105 2704 2158 dum
2742 2102 3016 2159 dormirent
3054 2106 3277 2158 homines
3302 2148 3316 2169 ,
3373 2107 3505 2159 venit

1914 2198 2150 2253 inimicus
2177 2198 2326 2253 homo
2346 2239 2362 2265 ,
2409 2208 2457 2252 et
2500 2199 2761 2253 seminavit
2811 2200 3007 2252 zizania
3037 2199 3055 2270 (
3079 2194 3265 2253 Matth.
3296 2196 3384 2255 15.
3410 2199 3502 2253 24.

1913 2289 2053 2361 25).
2103 2287 2289 2345 Viden‘
2318 2291 2439 2346 ideo
2488 2292 2721 2345 barreses
2768 2290 2932 2345 fuisse
2961 2332 2976 2356 ,
3018 2292 3157 2361 quod
3209 2289 3506 2346 dormirent

1918 2380 2168 2438 homines
2191 2423 2207 2448 ,
2236 2384 2485 2452 quoniam
2512 2396 2704 2453 segnes
2726 2384 2921 2437 erant?
2947 2384 3193 2452 quoniam
3217 2382 3371 2438 dictis
3398 2399 3506 2439 non

1918 2471 2206 2543 diligenter
2228 2473 2616 2528 attendebant?
2644 2473 2721 2527 Ne
2759 2474 2938 2543 itaque
2974 2474 3236 2544 quispiam
3264 2473 3464 2529 dixerit
3488 2516 3504 2538 ,

1913 2563 2025 2619 Cur
2054 2563 2154 2620 hoc
2183 2566 2425 2634 permisit
2452 2563 2696 2620 Christus
2715 2564 2741 2618 ?
2768 2566 2898 2620 dicit
2928 2564 3124 2620 Paulus
3159 2584 3172 2620 :
3217 2561 3342 2621 Ηεεο
3381 2582 3507 2637 per-

1920 2656 2104 2711 missio
2130 2655 2259 2710 nihil
2288 2663 2339 2710 te
2361 2655 2506 2711 lardit
2533 2674 2547 2709 :
2580 2656 2623 2709 si
2651 2656 2903 2726 probatus
2932 2656 3095 2712 fueris
3118 2699 3133 2718 ,
3175 2658 3371 2713 clarior
3408 2673 3507 2728 ap-

1915 2748 2148 2818 parebis.
2182 2748 2298 2803 Non
2325 2744 2465 2804 enim
2492 2764 2587 2819 par
2614 2760 2700 2803 res
2729 2758 2812 2803 est
2834 2791 2848 2814 ,
2878 2750 3091 2805 nemine
3120 2750 3462 2819 supplantare
3487 2792 3504 2815 ,

1918 2841 2133 2895 nemine
2162 2840 2410 2910 decipere
2437 2846 2667 2896 conante
2691 2882 2705 2906 ,
2749 2840 2802 2895 in
2839 2851 2984 2896 recta
3011 2852 3155 2896 stare
3183 2838 3283 2897 lidc
3306 2882 3323 2906 ,
3349 2852 3507 2913 atque

1923 2931 2216 2987 innumeris
2257 2932 2661 3003 erumpentibus
2702 2932 2987 3004 procellis,
3042 2935 3413 2989 inconcussum
3454 2947 3507 2990 et

1918 3024 2245 3080 immobilem
2294 3039 2533 3079 manere.
2586 3023 3043 3093 Quemadmodum
3100 3026 3242 3081 enim
3283 3027 3507 3081 arbores

1917 3126 2199 3171 ventorum
2240 3118 2473 3185 nudique
2516 3118 2833 3174 irruentium
2866 3122 3065 3188 impetu
3097 3119 3359 3175 firmiores
3386 3120 3508 3176 red-

1916 3208 2116 3264 duntur
2140 3250 2157 3275 ,
2190 3210 2232 3263 si
2262 3210 2477 3280 quidem
2507 3219 2655 3266 recte
2684 3220 2739 3266 et
2766 3221 3013 3266 accurate
3047 3210 3279 3267 radicem
3318 3228 3507 3282 posue-

1916 3303 2024 3356 rint
2048 3319 2061 3355 :
2091 3302 2167 3357 sic
2195 3312 2247 3357 ct
2277 3303 2483 3358 animas
2510 3304 2562 3357 in
2592 3303 2939 3359 fundamento
2968 3314 3128 3360 rectm
3157 3304 3279 3360 ﬁdei
3304 3304 3507 3360 deﬁxas

1916 3393 2169 3463 qurelibet
2196 3394 2551 3464 irrumpentes
2597 3395 2830 3451 hmreses
2876 3412 2979 3451 non
3016 3399 3371 3465 subvertuut,
3410 3400 3505 3455 sed

1919 3485 2166 3541 fortiores
2192 3485 2439 3541 reddunt.
2472 3486 2607 3553 Quid
2649 3486 2808 3558 igitur
2846 3488 3087 3543 dicamus
3128 3488 3194 3544 de
3240 3489 3503 3556 inﬁrmis,

1916 3577 2007 3646 qui
2038 3575 2195 3631 facile
2222 3585 2481 3632 corruunt
2507 3587 2559 3632 et
2590 3576 3037 3648 supplantantur?
3072 3578 3148 3635 Ne
3188 3579 3262 3634 illi
3294 3581 3504 3651 quidem

1919 3684 2014 3738 per
2041 3667 2310 3724 haareseos
2337 3674 2589 3739 impetum
2615 3712 2631 3732 ,
2669 3670 2764 3726 sed
2796 3686 2893 3740 per
2922 3673 3186 3742 propriam
3229 3674 3506 3747 inﬁrmita-

1919 3770 2026 3816 tem
2050 3761 2153 3817 hoc
2182 3763 2473 3832 patiuntur.
2520 3761 2883 3819 Infirmitatem
2916 3779 3045 3818 vero
3071 3780 3176 3818 non
3208 3766 3502 3820 naturalem

1916 3853 2038 3908 dico
2062 3895 2076 3918 ,
2118 3853 2213 3909 scd
2250 3869 2366 3909 eam
2390 3895 2406 3921 ,
2455 3870 2575 3924 quae
2624 3863 2707 3909 est
2746 3870 2811 3910 ex
2862 3857 3135 3925 proposito
3178 3858 3502 3925 voluntatis,

1917 3960 2037 4014 qua:
2085 3943 2240 4015 digna
2295 3945 2750 4015 reprehensione,
2799 3961 2957 4015 pcena
2999 3956 3158 4017 atque
3204 3948 3501 4017 supplicio,

1917 4049 2075 4103 quam
2133 4034 2423 4089 emendare
2477 4050 2641 4103 penes
2696 4051 2794 4090 nos
2843 4045 2944 4089 est.
3000 4037 3334 4107 Quapmpter
3381 4055 3502 4094 cum

1917 4124 2263 4181 emendamus
2287 4166 2303 4193 ,
2326 4126 2638 4190 laudamur;
2663 4142 2782 4181 cum
2810 4143 2912 4181 non
2936 4129 3282 4183 emendamus
3303 4172 3317 4194 ,
3344 4133 3503 4185 casti-

1916 4233 2127 4288 gamur.

1986 4309 2041 4364 2.
2097 4309 2337 4382 Vigilanti
2362 4312 2491 4364 nihil
2512 4311 2687 4366 damni
2714 4312 2867 4382 infert
2912 4313 3160 4369 diabolus.
3218 4315 3326 4369 νοτ
3351 4361 3362 4377 ,
3392 4317 3459 4373 Ut
3482 4360 3501 4381 .

1916 4404 2189 4471 aliquando
2214 4413 2441 4457 eventum
2462 4446 2475 4464 ,
2508 4421 2608 4457 non
2638 4421 2843 4457 causam
2885 4407 3159 4477 signiﬁcat.
3204 4407 3500 4481 Eleemosy-

1916 4512 1995 4549 na:
2021 4496 2220 4549 modus.
2248 4527 2317 4536 —
2338 4498 2510 4566 Atque
2540 4506 2595 4549 ut
2616 4496 2790 4550 discas
2816 4498 2894 4550 eis
2919 4539 2933 4561 ,
2964 4499 3051 4568 qui
3080 4501 3298 4569 vigilant
3324 4544 3338 4563 ,
3367 4502 3498 4557 nihil

1918 4601 2111 4641 nocere
2128 4600 2285 4655 posse
2309 4629 2324 4652 ,
2348 4586 2560 4641 aliunde
2581 4588 2741 4643 etiam
2766 4587 2815 4641 id
2841 4588 3212 4643 demonstrare
3240 4601 3498 4661 satagam.

1915 4676 2050 4743 Quid
2078 4676 2294 4730 diabolo
2327 4677 2610 4746 malignius
2632 4720 2646 4741 ,
2694 4678 2820 4747 quid
2862 4679 3214 4733 sceleratius?
3250 4682 3499 4736 Attamen

1916 4767 2003 4822 hic
2056 4768 2319 4836 malignus
2362 4769 2798 4837 sceleratusque,
2841 4770 2931 4837 «μή
2986 4771 3151 4823 multa
3194 4772 3241 4823 vi
3297 4772 3500 4839 pollet,

1914 4872 2034 4911 cum
2083 4857 2331 4911 omnibus
2378 4857 2638 4912 machinis
2682 4859 2794 4913 suis
2831 4859 2932 4913 Job
2980 4859 3239 4923 adortus,
3285 4870 3502 4931 totaque

1916 4947 2162 5018 pharetra
2188 4962 2281 5001 sua
2311 4947 2361 5001 in
2389 4947 2607 5002 domum
2651 4957 2707 5003 et
2749 4950 2800 5003 in
2841 4964 3035 5019 corpus
3073 4951 3203 5019 justi
3245 4952 3338 5005 viri
3376 4968 3502 5005 eva-

1913 5049 2066 5094 cuata
2094 5082 2108 5103 ,
2138 5055 2243 5093 non
2268 5039 2428 5094 modo
2454 5041 2626 5109 ipsum
2654 5056 2759 5094 non
2790 5041 3087 5106 subvertit,
3116 5042 3208 5097 sed
3234 5052 3281 5098 et
3310 5044 3501 5098 clario-

1914 5146 2026 5185 rem
2055 5130 2194 5185 fecit.
2230 5132 2297 5185 Et
2332 5131 2418 5186 ille
2453 5131 2666 5202 quidem
2711 5148 2742 5187 a
2775 5133 2988 5187 diabolo
3032 5137 3334 5190 nocumenti
3370 5139 3502 5193 nihil.

1913 5223 2160 5293 accepit;
2208 5222 2371 5277 Judas
2407 5240 2572 5288 vero,
2614 5226 2862 5295 quoniam
2907 5228 3177 5297 negligens
3217 5233 3504 5302 segnisque

1914 5324 2029 5369 erat
2054 5356 2069 5377 ,
2101 5316 2316 5370 nihilex
2345 5316 2542 5371 Christi
2564 5319 2837 5373 consortio
2863 5320 3095 5374 lucratus
3116 5332 3198 5397 est
3220 5364 3235 5387 ,
3260 5326 3352 5379 sed
3381 5337 3503 5396 post

1914 5416 1994 5462 tot
2018 5409 2134 5463 illas
2161 5409 2564 5464 adhortationes
2588 5421 2748 5481 atque
2774 5414 2991 5466 consilia
3022 5415 3259 5482 proditor
3285 5420 3499 5471 mansit.

1913 5497 2085 5553 Causa
2113 5510 2288 5555 autem
2318 5512 2438 5565 est,
2470 5503 2590 5571 quia
2623 5502 2890 5557 neminem
2922 5505 3141 5559 invitum
3170 5506 3312 5577 cogit
3338 5510 3420 5560 vel
3449 5511 3501 5563 vi

1914 5590 2131 5645 adducit
2157 5592 2294 5645 Dens
2318 5633 2332 5655 ,
2360 5601 2416 5645 ut
2442 5608 2542 5646 nec
2581 5593 2727 5647 illum
2770 5596 2964 5665 coegit.
3006 5596 3211 5651 Eodem
3258 5597 3417 5650 modo
3460 5603 3500 5653 si

1915 5696 2014 5734 nos
2038 5681 2319 5747 vigilemus
2349 5723 2363 5744 ,
2411 5682 2540 5735 nihil
2576 5687 2876 5737 nocumenti
2911 5686 3062 5739 nobis
3089 5687 3280 5741 allerre
3310 5691 3495 5755 poterit

1913 5771 2155 5825 diabolus
2182 5789 2195 5833 ;
2224 5773 2306 5826 sin
2335 5790 2438 5826 non
2468 5774 2745 5843 vigilemus
2770 5819 2784 5839 ,
2833 5777 2925 5831 sed
2966 5780 3201 5845 segniter
3242 5792 3460 5848 agamus
3484 5818 3498 5844 ,

1914 5881 1983 5919 ne
2010 5866 2220 5934 quidem
2250 5867 2314 5920 ab
2344 5868 2405 5918 iis
2431 5908 2443 5929 ,
2476 5883 2595 5936 qum
2623 5868 2879 5937 prodesse
2908 5878 3122 5937 possent
3148 5913 3160 5934 ,
3187 5870 3320 5924 lucri
3350 5863 3500 5940 quid-
