3990 6358
519 291 629 350 251

509 405 738 476 γίνεται.
781 401 965 456 Πάντα
997 401 1174 455 τοίνυν
1207 403 1325 455 ἐκεῖ
1354 400 1780 472 προπεμπέσθω,
1815 399 1943 454 ἔνθα
1987 401 2081 454 καὶ

509 490 672 560 ἡμεῖς
714 487 1000 548 διαπαντὸς
1039 485 1330 557 διατρίϐειν
1360 486 1625 556 μέλλομεν
1674 485 1876 538 λοιπόν.
1903 483 2086 539 Ταῦτα

511 575 620 642 γάρ
667 571 759 624 καὶ
800 570 952 622 αὑτοὶ
987 568 1354 638 λογισάμενοι,
1387 571 1567 622 πᾶσαν
1610 567 1946 622 ἀπεδύσαντο
1985 568 2086 637 τὴν

511 656 726 718 οὑσίαν,
761 654 854 706 καὶ
885 651 1104 705 διπλοῦν
1128 652 1336 720 ἐγίνετο
1374 653 1434 704 τὸ
1463 650 1825 723 κατόρθωμα·
1855 651 1950 704 καὶ
1978 651 2084 722 γὰρ

513 741 624 800 τοῖς
667 736 940 807 δεομένοις
976 735 1076 804 τὴν
1110 735 1299 788 πενίαν
1331 733 1614 805 διώρθουν,
1661 734 1754 786 καὶ
1785 732 1956 785 πλείω
1992 734 2087 785 καὶ

512 819 922 890 ἀσφαλεστέραν
961 819 1060 888 τὴν
1109 817 1287 870 αὑτῶν
1341 818 1528 870 οὑσίαν
1571 817 1808 879 ἐποίουν,
1862 816 1944 879 είς
1992 815 2086 868 τὸν

511 903 740 972 οὐρανὸν
771 903 897 965 τοὺς
929 899 1137 954 ἑαυτῶν
1170 899 1548 970 μετατιθέντες
1579 898 1905 971 θησαυρούς.

598 987 691 1038 Ἐκ
715 985 902 1038 τούτου
927 985 1105 1037 τοίνυν
1137 981 1230 1035 τοῦ
1255 983 1422 1052 νόμου
1449 983 1540 1035 καὶ
1567 981 1662 1034 τοῦ
1692 981 1846 1044 ἐθους
1873 980 2089 1050 ἐγένετό

513 1084 596 1130 τις
655 1069 913 1138 συνήθεια
957 1065 1245 1136 θαυμαστὴ
1297 1066 1418 1117 τότε
1457 1066 1516 1117 ἐν
1571 1068 1690 1127 ταῖς
1737 1065 2084 1135 ἐκκλησίαις·

517 1150 790 1213 συνιόντες
823 1149 931 1220 γὰρ
958 1150 1007 1201 οί
1038 1149 1219 1200 πιστοὶ
1252 1146 1452 1210 πάντες
1505 1147 1643 1216 μετά
1669 1147 1768 1217 τὴν
1805 1146 1906 1216 τῆς
1945 1146 2090 1200 διδα-

519 1232 747 1296 σκαλίας
791 1233 1074 1303 ἀκρόασιν,
1121 1229 1258 1300 μετά
1303 1228 1401 1292 τὰς
1447 1229 1632 1298 εὐχάς,
1683 1228 1820 1299 μετά
1852 1229 1951 1300 τὴν
1979 1229 2090 1283 τῶν

521 1315 836 1386 μυστηρίων
881 1313 1184 1379 κοινωνίαν,
1215 1311 1316 1382 τῆς
1367 1311 1638 1377 συνάξεως
1687 1310 1958 1381 λυθείσης,
1990 1310 2090 1363 οὑκ

519 1397 827 1468 ἀνεχώρουν
869 1397 1069 1458 εὑθέως
1111 1394 1314 1458 οἴκαδε,
1359 1393 1472 1447 ἀλλ’
1506 1395 1553 1445 οἱ
1587 1392 1830 1459 πλούσιοι
1862 1394 1956 1461 καὶ
1999 1394 2090 1464 εὑ-

521 1479 818 1551 πορώτεροι
870 1479 1125 1550 φέροντες
1157 1477 1364 1530 οἴκοθεν
1399 1475 1604 1550 τροφὰς
1645 1477 1741 1530 καλ⁸
1785 1475 2088 1549 ἐδέσματα,

520 1563 646 1624 τοὺς
677 1563 915 1632 πένητας
944 1560 1191 1622 ἐκάλουν,
1225 1560 1318 1611 καὶ
1357 1557 1540 1623 κοινάς
1573 1556 1849 1611 ἐποιοῦντο
1882 1556 2091 1628 τραπέ-

520 1646 640 1708 ζας,
675 1645 857 1708 κοινάς
907 1644 1201 1707 ἑστιάσεις,
1230 1641 1384 1695 κοινά
1425 1640 1702 1710 συμπόσια
1745 1641 1803 1692 ἐν
1835 1640 1972 1710 αὑτῇ
2022 1641 2087 1710 τῇ

521 1729 820 1799 ἐκκλησίᾳ·
854 1727 994 1780 ὥστε
1043 1728 1137 1779 καὶ
1189 1725 1297 1778 ἀπὸ
1344 1723 1444 1794 τῆς
1481 1723 1763 1786 κοινωνίας
1809 1720 1910 1792 τῆς
1948 1721 2090 1788 κατά

517 1811 618 1883 τὴν
646 1809 946 1884 τράπεζαν,
988 1808 1082 1862 καὶ
1120 1805 1230 1861 ἀπὸ
1259 1807 1358 1876 τῆς
1388 1805 1674 1868 εὐλαϐείας
1715 1805 1815 1876 τῆς
1846 1803 1955 1858 ἀπὸ
1995 1802 2089 1856 τοῦ

518 1896 707 1961 τόπου,
740 1895 834 1947 καὶ
864 1889 1199 1961 πανταχόθεν
1230 1888 1328 1960 τὴν
1362 1889 1580 1958 ἀγάπην
1617 1889 1799 1950 αὑτοῖς
1840 1886 2092 1956 ἐπισφίγ-

521 1978 733 2047 γεσθαι,
766 1977 860 2031 καὶ
891 1967 1092 2045 πολλήν
1121 1973 1217 2048 μὲν
1241 1973 1340 2042 τὴν
1361 1971 1574 2042 ἡδονὴν,
1605 1969 1805 2040 πολλὴν
1825 1969 1881 2023 δὲ
1907 1963 2091 2032 αὑτοῖς

518 2060 762 2129 γίνεσθαι
801 2059 897 2130 τὴν
929 2055 1215 2125 ὠφέλειαν.
1247 2049 1317 2107 Οἵ
1347 2070 1403 2106 τε
1437 2054 1545 2124 γάρ
1576 2054 1807 2124 πένητες
1835 2068 2092 2123 παραμυ-

521 2144 642 2206 θίας
685 2143 956 2196 ἀπέλαυον
988 2139 1051 2206 οὑ
1084 2138 1182 2207 τῆς
1210 2135 1496 2206 τυχούσης,
1534 2137 1629 2188 καὶ
1657 2131 1722 2204 οἱ,¹
1737 2134 2090 2196 πλουτοῦντες

517 2226 722 2298 πολλὴν
747 2225 958 2278 εὔνοιαν
987 2223 1080 2276 καὶ
1109 2221 1258 2292 παρά
1285 2220 1392 2274 τῶν
1421 2217 1794 2298 τρεφομένων,
1819 2217 1913 2270 καὶ
1938 2215 2090 2298 παρά

519 2309 616 2364 τοῦ
645 2297 802 2373 Θεοῦ,
832 2308 899 2361 δι’
926 2307 986 2360 ὃν
1012 2306 1185 2360 ταῦτα
1229 2301 1478 2366 ἐποίουν,
1504 2297 1926 2371 καρπωσάμενοι
1957 2297 2089 2351 πολ-

521 2390 622 2462 λὴν
647 2391 747 2463 τὴν
782 2390 961 2461 χάριν,
989 2387 1160 2449 οὑτως
1192 2385 1440 2456 ἀπῄεσαν
1464 2382 1663 2437 οἴκαδε.
1690 2382 1800 2463 Καὶ
1830 2379 1999 2451 μυρία
2024 2380 2090 2463 ἐκ

521 2461 618 2526 τοῦ
655 2461 979 2544 πράγματος
1015 2469 1200 2523 τούτου
1252 2468 1460 2535 ἐγίνετο
1502 2465 1572 2518 τά
1616 2462 1822 2544 ἀγαθά,
1882 2463 1978 2516 καὶ
2029 2461 2092 2514 τὸ

522 2542 742 2610 πάντων
783 2542 1099 2624 κεφάλαιον,
1125 2554 1158 2622 ὴ
1197 2550 1348 2620 φιλία
1381 2547 1689 2619 θερμοτέρα
1721 2542 1790 2617 ἦν
1819 2545 1938 2599 καθ’
1965 2544 2093 2598 ἐκά-

523 2655 658 2709 στην
683 2639 920 2704 σύναξιν,
951 2637 1087 2706 μετά
1116 2633 1380 2703 τοσαύτης
1408 2629 1804 2702 φιλοφροσύνης
1845 2628 2092 2698 ἀλλήλοις

525 2722 916 2791 συνηνωμένων
961 2718 1147 2779 αὑτῶν⁴
1192 2713 1618 2786 εὑεργετούντων
1680 2730 1741 2765 τε
1784 2711 1963 2765 αὑτῶν
1996 2711 2092 2764 καὶ

523 2804 1013 2875 εὐεργετουμένων.
1042 2800 1212 2854 Τοῦτο
1236 2799 1412 2851 τοίνυν
1442 2797 1501 2864 τὸ
1534 2795 1654 2859 ἔθος
1673 2794 1970 2865 Κορίνθιοι,
1995 2793 2091 2846 τοῦ

524 2889 715 2957 χρόνου
781 2887 1098 2956 προϊόντος,
1157 2881 1481 2953 διέφθειρον,
1535 2879 1629 2935 καὶ
1697 2877 1818 2931 καθ’
1867 2878 2092 2940 ἐαυτοὺς

524 2971 845 3040 ἑστιώμενοι,
879 2969 928 3022 οἱ
953 2965 1316 3036 εὐπορώτεροι
1343 2965 1469 3040 τοὺς
1500 2964 1736 3033 πένητας
1765 2959 2090 3031 παρεώρων,

525 3055 621 3106 καὶ
666 3053 774 3123 οὑκὶ
810 3051 1074 3123 ἀνέμενον
1109 3048 1491 3120 ὑστερίζοντας
1528 3046 1808 3117 πολλάκις,
1853 3045 1945 3098 καὶ
1988 3043 2092 3111 ὑπὸ

527 3137 794 3205 βιωτικῶν
839 3133 1059 3204 χρειῶν,
1087 3128 1175 3185 οἷα
1209 3131 1278 3184 τὰ
1311 3130 1430 3194 τῶν¹
1470 3132 1738 3199 πενήτων,
1789 3126 2090 3196 κατεχομέο

525 3235 652 3280 νους
710 3218 804 3269 καὶ
861 3215 1241 3288 βραδύνοντας.
1299 3214 1394 3265 Ἐκ
1448 3211 1506 3264 δέ
1560 3211 1750 3264 τούτου
1811 3211 2092 3283 συνέϐαινε

527 3300 1002 3370 παραγενομένους
1027 3298 1223 3360 αὑτοὺς
1257 3293 1479 3366 ὕστερον
1513 3294 1650 3364 μετά
1677 3292 1939 3370 αἰσχύνης
1964 3294 2094 3364 ἀνα-

525 3369 742 3454 χωρεῖν,
769 3369 868 3451 τῆς
893 3381 1182 3454 τραπέζης.
1202 3374 1599 3450 ἀναιρεθείσης,
1639 3369 1946 3444 φθανόντων
1971 3375 2094 3428 τού-

524 3451 654 3532 των,
684 3451 947 3538 κάκείνων
976 3451 1380 3534 ὑστεριζόντων.
1419 3461 1588 3530 Ὁρῶν
1622 3460 1799 3514 τοίνυν
1831 3460 1860 3512 ὁ
1886 3459 2093 3522 Παῦλος

526 3551 593 3603 ἐκ
622 3549 716 3614 τοῦ
755 3549 1070 3619 πράγματος
1098 3543 1288 3596 τούτου
1327 3542 1509 3596 πολλά
1531 3543 1695 3604 κακὰ,
1725 3543 1796 3595 τά
1827 3542 1926 3611 μὲν
1959 3541 2094 3610 γινό-

531 3649 698 3706 μενα,
733 3630 819 3700 τά,¹
846 3631 903 3683 δὲ
935 3629 1193 3700 μέλλοντα
1237 3627 1353 3696 (καὶ
1383 3627 1494 3696 γάρ
1546 3624 1944 3695 καταφρόνησις
1985 3623 2093 3675 τῶν

529 3715 680 3787 [245]
713 3715 956 3784 πενήτων
985 3713 1093 3774 τοῖς
1131 3709 1402 3771 πλουσίοις
1443 3707 1649 3775 ἐγίνετο
1696 3707 1786 3759 καὶ
1825 3706 2094 3778 ὑπεροψία

527 3797 745 3864 πλείων,
776 3797 868 3850 καὶ
894 3797 1005 3857 τοῖς
1038 3793 1261 3862 πένησιν
1305 3790 1510 3859 ἀθυμία
1539 3791 1632 3842 καὶ
1662 3789 1923 3859 ἀπέχθεια
1957 3790 2093 3860 πρὸς

526 3884 652 3944 τοὺς
678 3878 1057 3941 πλουτοῦντας,
1088 3877 1181 3950 καὶ
1207 3875 1306 3926 ὅσα
1334 3873 1466 3926 ἀλλα
1493 3872 1637 3935 εἰκὸς
1665 3868 1731 3943 ἦν
1760 3873 1866 3925 ἀπὸ
1891 3873 2105 3937 τούτων,

527 3965 782 4035 τεχθῆναι
806 3961 912 4015 τῶν
937 3959 1162 4027 κακῶν),
1185 3956 1484 4027 διορθοῦται
1508 3955 1604 4026 τὴν
1628 3955 1870 4028 πονηράν
1889 3957 2094 4026 ταύτην

529 4050 623 4101 καὶ
656 4045 858 4116 πικράν
890 4042 1198 4112 συνήθειαν.
1237 4039 1347 4092 Καὶ
1383 4039 1482 4108 ὅρα
1519 4039 1637 4108 μεθ’
1664 4041 1794 4108 ὅσης
1829 4039 2092 4104 συνέσεως

528 4131 623 4185 καὶ
667 4128 964 4190 ἐπιεικείας
1013 4126 1094 4188 είς
1132 4123 1231 4192 τὴν
1268 4123 1550 4194 διόρθωσιν
1595 4123 1866 4178 ἐνέϐαλεν.
1909 4124 2094 4194 Ἀρχό-

529 4229 688 4283 μενος
721 4213 828 4281 γάρ
851 4209 992 4263 οὑτω
1017 4206 1175 4278 φησί·
1215 4205 1391 4259 Τοῦτο
1422 4206 1490 4257 δὲ
1522 4205 1953 4274 παραγγέλλων
1983 4209 2094 4261 οὐκ

525 4293 769 4358 ἐπαινῶ,
795 4293 883 4346 ὅτι
915 4294 1026 4345 οὐκ
1057 4293 1142 4356 εὶς
1178 4291 1243 4342 τὸ
1291 4288 1577 4358 κρεῖττον,
1608 4290 1746 4349 ἀλλ’
1772 4294 1859 4356 εἰς
1896 4290 1962 4354 τὸ
1994 4287 2092 4360 ἧτ-

525 4398 634 4434 τον
660 4377 1048 4445 συνέρχεσθε.
1069 4374 1133 4436 Ἰἶί
1159 4372 1216 4425 δέ
1244 4373 1409 4436 ἐστιν,
1439 4376 1559 4426 Οὺκ
1586 4376 1673 4439 εἰς
1703 4374 1766 4426 τὸ
1798 4375 2094 4442 κρεῖτζοντ

527 4464 592 4516 Ol
625 4460 894 4534 πρόγονοι,
930 4457 1112 4527 φησὶν,
1145 4456 1194 4507 οί
1224 4453 1476 4526 ὑμέτεροι
1513 4456 1684 4525 καὶῆοἱ
1727 4460 1957 4531 πατέρες
2000 4463 2095 4514 καὶ

524 4547 624 4607 τάς
653 4541 860 4597 ἑαυτῶν
885 4539 1070 4602 οὑσίας
1103 4535 1345 4590 ἐπώλουν
1376 4537 1467 4589 καὶ
1494 4537 1562 4590 τά
1589 4540 1842 4610 κτήματα
1873 4545 1964 4596 καὶ
1995 4545 2094 4608 τάς

525 4627 813 4699 ὑπάρξεις,
853 4623 947 4674 καὶ
978 4621 1132 4674 κοινὰ
1175 4620 1350 4678 πάντα
1393 4616 1556 4702 εἶχον,
1585 4621 1679 4674 καὶ
1715 4621 1912 4698 πολλὴν
1957 4613 2094 4697 πρὸς

523 4710 787 4781 ἀλλήλους
814 4705 910 4778 τὴν
951 4704 1196 4772 ἀγάπην·
1227 4703 1384 4772 ὑμεῖς
1425 4701 1480 4754 δὲ
1528 4703 1829 4775 ὀφείλοντες
1857 4701 2094 4772 ἐκείνους

523 4791 742 4864 ζηλοῦν,
767 4789 827 4843 οὑ
857 4781 1013 4858 μόνον
1037 4785 1188 4838 οὐδὲν
1211 4784 1500 4855 ἐποιήσατε
1537 4786 1794 4851 τοιοῦτον,
1839 4790 1975 4844 ἀλλά
2003 4796 2096 4844 καὶ

523 4879 662 4948 ὅπερ
682 4871 856 4948 εἴχετε
881 4869 1059 4941 μόνον,
1082 4869 1176 4920 καὶ
1198 4865 1356 4918 τοῦτο
1369 4867 1708 4931 ἀπωλέσατε,
1728 4869 1796 4940 τά
1821 4873 2094 4942 συμπόσια

524 4959 596 5012 τά
631 4943 776 5012 κατά
820 4953 1038 5019 σύναξιν
1084 4950 1375 5020 γινόμενα·
1423 4950 1510 5004 διά
1559 4952 1715 5006 τοῦτό
1759 4949 1943 5025 φησιν,
1974 4943 2094 5012 Ὅτι

532 5046 638 5100 οὐκ
655 5043 741 5105 εις
763 5039 826 5093 τὸ
848 5037 1134 5106 κρεῖττον,
1154 5036 1289 5089 ἀλλ’
1306 5037 1392 5100 εὶς
1411 5034 1477 5088 τὸ
1497 5030 1678 5105 ἧττον
1701 5039 2090 5108 συνέρχεσθε.

534 5130 639 5185 καὶ
684 5127 879 5177 ἐκεῖνοι
929 5123 1027 5193 μὲν
1076 5123 1171 5176 καὶ
1215 5121 1323 5173 τῶν
1370 5121 1660 5191 κτημάτων
1693 5124 1944 5178 ἁπάντων
1983 5132 2094 5192 τοῖς

538 5213 725 5280 πένησι
754 5207 1148 5278 παρεχώρησαν
1167 5221 1181 5234 ·
1211 5205 1367 5275 ὑμεῖς
1397 5205 1454 5258 δὲ
1486 5205 1764 5278 τραπέζης
1795 5210 1974 5280 αὑτοῖς
2009 5230 2094 5282 με.

529 5292 845 5354 ταδιδόντες,
893 5291 985 5342 καὶ
1021 5289 1222 5359 ταύτης
1265 5288 1690 5359 ἀπεστερήσατε.
1718 5290 1957 5359 Πρῶτον
1977 5295 2094 5363 μὲν

528 5378 662 5448 γὰρ,
707 5372 1159 5441 συνερχομένων
1191 5368 1356 5440 ὑμῶν
1397 5371 1467 5424 ἐν
1519 5373 1848 5441 ἐκκλησίᾳ,
1897 5377 2094 5432 ἀκούω

527 5460 834 5530 σχίσματα
853 5456 921 5507 ὲν
940 5453 1082 5522 ὑμῖν
1098 5452 1406 5522 ὑπάρχειν,
1423 5453 1520 5508 καὶ
1537 5454 1718 5523 μέρος
1737 5475 1791 5510 τι
1813 5462 2090 5529 πιστεύω.

597 5541 810 5612 δ’.Ὄρα
830 5538 944 5600 πῶς
969 5537 1129 5590 πάλιν
1157 5537 1388 5608 συνετῶς
1412 5541 1641 5610 ποιεῖται
1667 5542 1766 5610 τὴν
1786 5541 2089 5614 διόρθωσιν.

528 5625 644 5680 οὑκ
669 5619 992 5688 εἷπεν,·ιοετε
1022 5621 1278 5698 Ἀπιστῶ,
1306 5620 1428 5675 οὔτε
1458 5623 1703 5678 Πιστεύω
1721 5641 1735 5656 ·
1765 5625 1900 5680 ἀλλά
1929 5629 2092 5698 μέσον

529 5708 707 5784 ἀφῆκε
731 5708 792 5762 τὸ
825 5706 994 5781 ῥῆμα,
1025 5704 1106 5758 δτι
1139 5703 1325 5774 Μέρος
1358 5723 1411 5760 τι
1459 5709 1556 5764 καὶ
1587 5711 1873 5766 πιστεύω·
1904 5713 1966 5768 οὑ
2002 5731 2090 5768 πι-

1239 302 1299 358 S.
1353 299 1640 359 JOANNIS
1675 291 2091 358 CHRYSOSTO

2206 291 2526 351 ARCHIEP.
2569 290 3115 351 CONSTANTINOI’.

3646 287 3758 344 258

2191 403 2366 455 στεύω
2413 401 2615 465 τέλεον,
2661 401 2776 456 ἀλλ’
2801 401 2921 455 οὑδὲ
2967 400 3184 456 ἀπιστῶ
3226 399 3436 454 τέλεον·
3477 400 3570 454 τοῦ
3613 401 3674 455 δὲ
3724 403 3760 474 ἢ

2185 483 2363 549 τοῦτο,
2386 485 2420 555 ἢ
2445 486 2622 538 ἐκεῖνο
2652 485 2921 554 συμϐῆναι
2951 483 3227 545 παντελῶς
3256 484 3410 553 ὑμεῖς
3435 483 3630 554 κύριοι.
3659 485 3762 537 Ἂν

2189 567 2290 638 μὲν
2329 566 2438 639 γὰρ
2483 566 2868 638 διορθώσησθε,
2908 567 2969 620 οὑ
3015 566 3282 619 πιστεύω·
3320 566 3384 620 ἂν
3421 566 3476 618 δέ
3512 567 3604 618 ἐπὶ
3647 567 3762 620 τῶν
3826 566 3831 588 ³

2187 651 2366 705 αὑτῶν
2402 649 2641 722 μείνητε.
2673 641 2932 718 πιστεύω.
2961 649 3095 704 Οὑτε
3127 645 3219 703 οῦν
3267 650 3630 721 κατηγόρησε,
3663 651 3765 702 καὶ

2188 727 2584 804 κατηγόρησεν.
2631 734 2704 786 Οὑ
2758 733 3134 803 κατηγόρησεν
3179 732 3628 803 ἀπηρτισμένως,
3671 732 3765 784 ἴνα

2188 809 2370 882 αὑτοῖς
2409 811 2596 869 ἐλπίδα
2623 815 2697 886 δῷ
2729 815 3063 888 διορθώσεως
3096 816 3189 868 καὶ
3222 815 3558 887 προθεσμίαν
3594 833 3766 886 μετα-

2188 900 2367 964 νοίας·
2402 900 2502 971 οὑκ
2535 902 2744 971 ἀφῆκεν
2777 895 3160 971 ἀνεγκλήτους,
3190 899 3276 952 ἴνα
3317 901 3390 970 μή
3423 899 3514 952 ἐπὶ
3542 899 3638 968 τῆς
3671 900 3765 952 αὑ·

2187 985 2285 1054 τῆς
2313 983 2533 1053 μείνωσι
2562 970 2850 1054 ῥᾳθυμίας.
2871 970 3026 1035 Οὕτω
3049 983 3226 1036 τέλεον
3252 981 3563 1048 ἐπίστευσα,
3590 983 3728 1052 φησί
3745 998 3762 1012 ·

2189 1065 2347 1119 τοῦτο
2379 1066 2487 1136 γάρ
2514 1068 2627 1118 ἐστι
2653 1067 2713 1119 τὸ
2741 1068 2934 1135 εἰπεῖν,
2963 1067 3157 1134 Μέρος
3188 1083 3243 1119 τι
3273 1067 3552 1119 πιστεύω.
3588 1065 3767 1119 Τοῦτο

2189 1149 2247 1203 δὲ
2280 1150 2431 1217 ἔλεγε
2466 1149 2789 1220 προτρέπων
2823 1149 3216 1219 μεταϐαλέσθαι
3247 1148 3339 1203 καὶ
3367 1147 3766 1220 διορθώσασθαι

2191 1233 2282 1286 καὶ
2311 1234 2610 1300 ἀπαγαγεῖν
2648 1233 2806 1303 αὑτὸν
2843 1233 2935 1285 τοῦ
2981 1232 3085 1285 κᾶν
3119 1233 3184 1285 ἐκ
3224 1231 3421 1302 μέρους
3472 1231 3766 1286 πιστεῦσαί

2189 1331 2242 1367 τι
2269 1316 2388 1368 κατ’
2413 1314 2591 1367 αὑτῶν
2621 1313 2876 1380 τοιοῦτον.
2908 1313 3008 1380 Δεῖ
3030 1313 3137 1384 γὰρ
3169 1315 3265 1368 καὶ
3295 1315 3553 1382 αἱρέσεις
3579 1311 3766 1375 εἶναι.

2191 1396 2291 1464 ἵνα
2315 1399 2366 1449 οί
2397 1395 2625 1464 δόκιμοι
2676 1395 2920 1465 φανεροὶ
2970 1395 3257 1465 γένωνται
3286 1396 3357 1449 ἐν
3407 1396 3565 1465 ὑμῖν.
3620 1394 3766 1450 Εἷπι

2190 1475 2282 1531 οῦν
2326 1479 2425 1540 τὰς
2457 1475 2716 1549 αἱρέσεις.
2758 1477 3019 1547 ἘΙ-ιταῦθα
3057 1472 3348 1548 προσέχετε
3369 1480 3491 1540 ,ὅτι
3523 1479 3583 1531 οὑ
3630 1481 3768 1550 περὶ

2190 1560 2473 1630 δογμάτων
2501 1561 2614 1612 ἐστὶ
2646 1561 2724 1624 τδ,
2753 1559 2854 1612 Δεῖ
2874 1560 3131 1629 αἱρέσεις
3158 1560 3227 1613 έν
3254 1560 3394 1630 ὑμῖν
3419 1557 3596 1614 εἶναι·
3625 1563 3768 1616 ἀλλα

2192 1643 2321 1711 περὶ
2357 1642 2456 1712 τῆς
2501 1641 2765 1712 διχονοίας
2804 1643 2898 1712 τὴς
2931 1643 3071 1696 κατὰ
3111 1643 3210 1706 τὰς
3251 1639 3558 1714 τραπέζας3
3577 1644 3768 1697 Εἰπὼν

2190 1727 2320 1796 γαρ,
2351 1725 2451 1778 Δεῖ
2483 1724 2552 1778 δὲ
2579 1725 2678 1778 καὶ
2728 1726 2986 1794 αίρέσεις
3015 1721 3189 1792 εἶναι,
3239 1727 3484 1796 ἐπήγαγε
3529 1727 3620 1780 καὶ
3669 1727 3768 1782 τὸν

2190 1805 2391 1878 τρόπον
2440 1807 2550 1861 τῶν
2594 1809 2882 1880 αἱρέσεων·
2919 1808 3380 1877 Συνερχομένων
3431 1809 3541 1879 γὰρ
3596 1809 3769 1878 ὑμῶν

2189 1890 2291 1942 ἐπὶ
2322 1890 2390 1942 τὸ
2421 1891 2590 1957 αὐτὸ,
2632 1893 2743 1944 οὑκ
2778 1891 2909 1945 ἔστι
2945 1890 3231 1958 κυριακὸν
3256 1889 3503 1944 δεῖπνον
3523 1891 3765 1959 φαγεῖν.

2192 1974 2258 2026 Τί
2292 1977 2438 2041 ἐστι,
2492 1975 2790 2043 Κυριακὸν
2838 1973 3084 2028 δεῖπνον
3134 1973 3382 2044 φαγεῖν;
3438 1975 3769 2028 Δεσποτικὸν

2189 2055 2422 2118 δεῖπνον,
2450 2055 2632 2128 φησὶν,
2658 2057 2759 2109 οὑκ
2781 2055 2894 2108 ἐστι
2925 2058 3117 2125 φαγεῖν
3136 2073 3150 2086 ⁸
3177 2057 3351 2109 ἐκεῖνο
3373 2055 3544 2124 λέγων
3568 2057 3630 2109 τὸ
3659 2057 3770 2110 δεῖ·

2193 2155 2344 2204 πνον,
2371 2137 2401 2190 δ
2425 2141 2490 2208 τῇ
2537 2140 2739 2214 ἐσχάτη
2787 2131 2956 2192 νυκτὶλ
2985 2140 3298 2212 παρέδωκεν
3324 2141 3353 2193 ό
3389 2140 3644 2209 Χριστὸς,
3676 2140 3768 2194 ὅτε

2191 2221 2240 2272 οί
2277 2219 2513 2291 μαθηταὶ
2545 2211 2662 2290 μετ’
2684 2211 2847 2273 αὑτοῦ
2891 2211 3090 2285 πάντες
3118 2217 3278 2292 ἦσαν.
3321 2223 3407 2275 Ἐν
3433 2221 3624 2293 ἐκείνῳ
3654 2221 3768 2293 γάρ

2189 2301 2268 2374 τῷ
2317 2301 2515 2374 δείπνῳ
2559 2303 2653 2355 καὶ
2695 2302 2970 2373 Δεσπότης
3013 2305 3105 2356 καὶ
3153 2304 3326 2357 δοῦλοι
3377 2304 3576 2368 πάντες
3625 2303 3766 2374 όμοῦ

2192 2382 2538 2440 κατέκειντο·
2572 2386 2728 2456 ὑμεῖς
2761 2387 2818 2439 δέ
2873 2386 3142 2441 σύνδουλοι
3184 2387 3336 2452 ὄντες
3375 2387 3636 2459 ἀλλήλους
3681 2388 3768 2442 δι·

2191 2471 2456 2540 εστήσατε
2489 2469 2578 2521 καὶ
2603 2468 3229 2537 άπεσχίσατε.,Κάκεῖνος
3258 2471 3356 2541 μὲν
3374 2470 3492 2523 οὑδὲ
3520 2471 3610 2523 τδν
3637 2487 3774 2542 προ-

2189 2553 2350 2624 δότην
2389 2551 2660 2623 ἀπήλάσε³
2707 2553 2800 2604 καὶ
2846 2553 2954 2623 γάρ
2995 2555 3023 2606 ό
3063 2553 3260 2616 Ἰούδας
3308 2556 3426 2624 μετ’
3472 2554 3651 2607 αὑτῶν
3700 2551 3778 2626 ἦν

2190 2635 2346 2689 τότε·
2385 2637 2449 2689 σὺ
2494 2635 2552 2688 δὲ
2596 2634 2686 2687 τὸν
2737 2633 2962 2703 ἀδελφὸν
3009 2633 3290 2708 διακροὺῃ.
3334 2636 3436 2690 Διά
3472 2636 3626 2690 τοῦτό
3664 2655 3780 2708 φη-

2193 2733 2298 2782 σιν,
2326 2719 2448 2771 Οὐκ
2471 2717 2602 2772 ἐστι
2632 2716 2920 2784 κυριακὸν
2939 2717 3186 2772 δεῖπνον
3214 2717 3446 2789 φαγεῖν,
3478 2721 3779 2786 κυριακὸν

2191 2799 2436 2854 δεῖπνον
2483 2798 2680 2862 καλῶν,
2708 2800 2768 2852 τὸ
2803 2800 2920 2871 μεθ’
2945 2800 3214 2872 ὁμονοίας,
3243 2803 3303 2854 τὸ
3348 2805 3500 2873 κοινῇ
3544 2803 3778 2857 πάντων

2194 2883 2668 2954 συγκεκλημένων.
2704 2884 2996 2950 Ἕκαστος
3050 2883 3160 2953 γὰρ
3203 2883 3270 2937 τὸ
3317 2884 3471 2938 ῑδιον
3517 2884 3778 2940 δεῖπνον

2191 2966 2591 3037 προλαμϐάνει
2623 2966 2863 3036 φαγεῖν·
2897 2969 2994 3021 καὶ
3025 2967 3093 3033 ὃς
3261 2965 3458 3034 πεινᾷ,
3485 2967 3554 3034 ὃς
3576 2968 3647 3022 δὲ
3662 2986 3779 3037 με-

2192 3053 2338 3105 θύει.
2354 3049 2504 3122 [246]
2536 3051 2645 3104 Καὶ
2665 3043 2765 3103 οὑκ
2785 3049 2958 3115 είπεν,
2981 3050 3076 3124 Ὃς
3095 3047 3193 3118 μὲν
3211 3050 3388 3120 πεινᾷ,
3404 3050 3466 3114 ὃς
3493 3050 3548 3103 δέ
3569 3049 3774 3114 ἐσθίει,

2191 3135 2326 3187 ἀλλά
2351 3134 2428 3204 τῷ
2458 3133 2556 3204 τῆς
2589 3133 2756 3204 μέθης
2777 3133 2998 3204 ὀνόματι
3033 3133 3230 3204 μᾶλλον
3257 3129 3438 3187 αὑτῶν
3459 3132 3772 3203 καθήψατο.

2193 3220 2369 3273 Κάκεῖ
2394 3218 2486 3272 καὶ
2529 3215 2760 3270 ἐνταῦθα
2793 3214 3047 3288 ἀμετρία,
3083 3218 3234 3287 φησί.
3263 3219 3336 3271 Σὺ
3391 3217 3489 3288 μὲν
3514 3217 3619 3270 ὑπὸ
3665 3217 3777 3289 τῆς

2191 3302 2499 3373 ἀδηφαγίας
2546 3292 2961 3371 διαρρηγνυσαι,
2998 3301 3204 3362 ἐκεῖνος
3240 3300 3297 3353 δὲ
3330 3301 3434 3354 ὑπὸ
3474 3301 3568 3373 τοῦ
3600 3300 3774 3370 λιμοῦ

2190 3371 2446 3457 τήκεται·
2475 3385 2538 3438 σὺ
2569 3393 2663 3437 καὶ
2687 3383 2794 3436 τῶν
2821 3383 2961 3454 ὑπὲρ
2991 3384 3090 3453 τὴν
3115 3383 3303 3456 χρείαν
3336 3371 3598 3456 μετέχεις,
3620 3385 3776 3437 ἐκεῖ.

2191 3485 2282 3532 νος
2319 3469 2378 3521 δὲ
2421 3467 2542 3520 οὑδὲ
2586 3466 2695 3520 τῶν
2744 3467 3055 3534 ἀναγκαίων
3100 3467 3393 3520 ἀπέλαυσε.
3429 3468 3660 3520 Διπλοῦν
3707 3468 3774 3519 τὸ

2191 3551 2381 3622 δεινὸν,
2420 3551 2520 3620 τῆς
2563 3551 2806 3620 ἰσότητος
2847 3549 3274 3620 διαφθαρείσης,
3319 3550 3478 3603 τοῦτο
3525 3551 3774 3622 αἱρέσεις

2193 3635 2377 3692 καλεῖ·
2426 3633 2611 3703 ἐπειδὴ
2657 3631 2974 3702 φιλονείκως
3015 3632 3153 3702 πρὸς
3198 3633 3463 3704 ἀλλήλους
3504 3634 3774 3687 διέκειντο

2194 3720 2288 3771 καὶ
2329 3715 2724 3778 διεστασίαζον,
2768 3716 2861 3768 καὶ
2901 3715 2959 3778 δς
2999 3716 3098 3785 μὲν
3133 3716 3342 3782 ἐπείνα,
3372 3717 3431 3780 ὃς
3457 3716 3512 3769 δὲ
3543 3717 3769 3788 ἐμέθυε.

2194 3803 2302 3854 Καὶ
2331 3799 2509 3862 καλῶς
2533 3796 2671 3860 εἷπε,
2698 3797 3161 3866 Συνερχομένων
3187 3797 3356 3868 ὑμῶν
3375 3801 3471 3853 ἐπὶ
3499 3799 3566 3852 τὸ
3592 3801 3770 3857 αὐτό.

2194 3885 2349 3946 Τίνος
2381 3883 2487 3953 γάρ
2516 3881 2698 3934 ἐνεκεν
2746 3881 3106 3952 συνέρχεσθε;
3156 3882 3317 3951 φησί·
3353 3883 3404 3934 τί
3437 3883 3686 3952 βούλεται
3731 3888 3767 3952 ή

2195 3967 2438 4031 σύνοδο;;
2469 3966 2612 4028 τίνος
2653 3965 2836 4017 ἕνεκεν
2877 3967 2904 4035 ί)
2937 3965 3165 4035 συλλογὴ
3201 3965 3376 4036 κοινὴ,
3406 3967 3534 4019 ὅταν
3567 3968 3600 4038 ἡ
3632 3968 3772 4038 τρά-

2194 4050 2335 4115 πεζα
2365 4051 2439 4121 μὴ
2461 4049 2668 4116 γίνεται
2694 4048 2875 4117 κοινή;
2902 4048 3206 4114 Δεσποτικά
3234 4051 3348 4102 ἐστι
3377 4050 3449 4102 τά
3483 4053 3768 4121 χρήματα,

2194 4136 2337 4204 άπερ
2377 4132 2672 4202 ἐλάϐομεν·
2705 4131 2860 4184 κοινά
2905 4131 3214 4201 προκείσθω
3260 4131 3438 4186 τοίνυν
3472 4136 3586 4197 τοῖς
3635 4149 3770 4189 συν-

2192 4213 2396 4277 δούλοις
2423 4217 2532 4277 τοῖς
2563 4214 2866 4284 ἡμετέροις.
2889 4213 2985 4281 Μὴ
3016 4213 3127 4282 γὰρ
3153 4215 3344 4280 οἰκίας
3363 4216 3473 4268 οὐκ
3492 4216 3662 4284 ἔχετε
3680 4219 3772 4281 είς

2194 4300 2260 4353 τὸ
2284 4301 2526 4360 ἐσθίειν,
2552 4299 2648 4351 καὶ
2675 4300 2904 4358 πίνειν;
2931 4298 2967 4366 ἢ
2998 4297 3103 4366 τῆς
3129 4299 3458 4366 ἐκκλησίας
3485 4301 3591 4354 τοῦ
3616 4302 3769 4356 Θεοῦ

2195 4383 2632 4450 καταφρονεῖτε,
2666 4382 2828 4452 φησὶ,
2869 4381 2966 4435 καὶ
3018 4383 3450 4450 καταισχύνετε
3496 4385 3642 4451 τοὺς
3678 4385 3766 4455 μὴ

2195 4466 2479 4534 ἕχοντας;
2514 4466 2584 4532 Σὺ
2623 4469 2719 4534 μὲν
2759 4465 3018 4535 νομίζεις,
3050 4465 3205 4535 φησὶ,
3235 4466 3324 4530 τὸν
3354 4466 3584 4534 ἀδελφὸν
3617 4469 3770 4539 ὑϐρί-

2196 4549 2307 4612 ζειν
2360 4549 2538 4618 μόνον,
2581 4550 2836 4620 κοινωνεῖ
2868 4547 2926 4599 δὲ
2976 4548 3072 4600 καὶ
3109 4548 3138 4600 ό
3185 4549 3346 4611 τόπος
3384 4550 3484 4620 τῆς
3533 4551 3762 4624 ῦϐρεως.

2207 4631 2529 4700 Ἐκκλησίας
2570 4630 2676 4701 γὰρ
2715 4630 3011 4700 ὁλοκλήρου
3057 4636 3436 4703 καταφρονεῖς.
3474 4634 3768 4706 Ἐκκλησία

2194 4717 2302 4786 γὰρ
2333 4716 2422 4767 διὰ
2456 4714 2612 4769 τοῦτο
2649 4714 2882 4782 λέγεται,
2926 4714 3008 4776 ὅτι
3050 4719 3200 4785 κοινῇ
3257 4713 3463 4779 πάντας
3509 4719 3755 4788 ὑποδέχε-

2193 4819 2302 4854 ται.
2329 4800 2392 4852 Τί
2434 4799 2607 4852 τοίνυν
2632 4799 2731 4867 τῆς
2772 4798 2946 4862 οἰκίας
2977 4814 3069 4850 σου
3101 4799 3197 4868 τὴν
3243 4800 3516 4854 εὐτέλειαν
3547 4806 3627 4866 εἰς
3668 4804 3761 4874 τὴν

2194 4883 2486 4952 ἐκκλησίαν
2532 4883 2802 4948 εἱσάγειςς
2846 4883 2906 4934 Εἰ
2944 4881 3051 4951 γὰρ
3084 4888 3442 4954 καταφρονεῖς
3471 4887 3567 4939 τοῦ
3613 4887 3762 4941 ἀδελ.

2195 4967 2318 5036 φοῦ,
2347 4965 2620 5036 αἰδέσθητι
2649 4964 2739 5035 τὸν
2775 4965 2935 5020 τόπον
2954 4981 2967 4994 ·
2997 4965 3091 5024 καὶ
3117 4965 3226 5035 γὰρ
3255 4969 3287 5036 ή
3321 4969 3590 5039 ἐκκλησία
3618 4971 3762 5042 ὑϐρξ-

2195 5053 2362 5115 ζεται.
2415 5049 2522 5102 Καὶ
2566 5049 2664 5099 οὑκ
2709 5043 2879 5115 εἶπεν,
2920 5041 3297 5118 Ἀποστερείτέ
3325 5053 3452 5114 τοὺς
3493 5053 3570 5122 μὴ
3615 5054 3762 5124 έχον-

2193 5151 2327 5195 τας,
2373 5132 2444 5201 ἦ,
2484 5132 2596 5184 υὺκ
2642 5129 2838 5182 ἐλεεῖτε
2886 5131 3010 5192 τοὺς
3063 5131 3140 5200 μὴ
3191 5131 3449 5201 ἔχοντας,
3480 5135 3618 5188 ἀλλά
3661 5137 3758 5198 τί;

2193 5216 2634 5283 Καταισχύικετε
2666 5213 2806 5279 τοὺς
2826 5213 2913 5281 μὴ
2948 5215 3222 5283 ἔχοντας.
3261 5218 3761 5287 Ἐντρεπτικώτατα

2191 5301 2290 5370 τὴν
2321 5300 2557 5353 ἀσωτίαν
2589 5297 2768 5352 αὑτῶν
2805 5298 3200 5369 ἐτραγῲδησεν.
3247 5301 3320 5353 Οὑ
3358 5302 3470 5373 γάρ
3494 5302 3634 5356 οὕτω
3656 5304 3756 5372 μέ-

2192 5384 2273 5436 λει
2295 5383 2372 5453 τῷ
2399 5383 2608 5451 πένητι,
2640 5381 2823 5450 φησὶν,
2854 5381 2992 5450 ὑπέρ
3022 5382 3122 5448 τῆς
3152 5384 3379 5453 τροφῆς,
3407 5385 3484 5447 ώς
3513 5386 3759 5456 ὑπέρτῆς

2193 5468 2420 5541 ὕϐρεως.
2447 5467 2589 5538 Ὅρα
2641 5464 2756 5528 πῶς
2790 5465 2882 5518 καὶ
2914 5466 3053 5536 ὑπὲρ
3096 5465 3283 5520 τούτου
3319 5471 3531 5539 σεμνῶς
3562 5471 3759 5523 ἀπελο-

2192 5553 2419 5622 γήσατο,
2453 5547 2715 5602 κάκείνων
2760 5547 3114 5620 σφοδρότερον
3157 5549 3462 5621 καθήψατο.
3520 5555 3579 5607 Τί
3612 5553 3758 5621 ὑμῖν

2190 5637 2366 5698 clam;
2393 5634 2690 5687 ἐπαινέσω
2725 5633 2905 5702 ὑμᾶς.;
2954 5635 3017 5688 Ἐ
3021 5652 3056 5686 ν
3079 5636 3267 5704 τούτῳ
3293 5640 3407 5692 οὐκ
3433 5637 3663 5692 ἐπαινῶ.
3686 5640 3758 5693 Τί

2193 5717 2379 5785 τοῦτο;
2426 5715 2579 5772 Μετά
2613 5715 2708 5788 τήν
2735 5717 3005 5786 ἀπόδειξιν
3035 5719 3130 5790 τῆς
3169 5705 3403 5786 ’ἀτοπίας
3432 5723 3686 5798 ὑφειμένη
3717 5728 3753 5794 ἡ
