3990 6358
258 367 361 421 9.37

260 479 425 533 cedit.
482 477 672 535 Omnia
713 475 875 547 igitur
920 475 1010 531 illo
1053 476 1483 545 prmmittantur,
1534 475 1623 531 ubi
1659 484 1715 531 et
1758 489 1857 531 nos

262 570 521 639 deinceps
549 583 764 637 semper
785 567 1044 622 vcrsaturi
1075 582 1278 622 smnus.
1309 567 1436 622 Haec
1480 582 1662 623 secum
1695 581 1858 637 repu-

266 671 443 717 tantes
469 660 592 730 ipsi,
610 674 824 714 omnem
851 657 1202 713 substantiam
1222 658 1596 728 dcponebant;
1636 657 1859 729 duplex-

264 766 371 822 que
422 750 660 805 officium
706 748 1098 819 prtcstabatur:
1133 764 1257 803 nam
1296 758 1351 804 et
1394 765 1684 820 egeuonum
1728 765 1861 821 pau-

266 850 532 911 pertatem
577 840 961 909 sublevabant,
979 851 1035 895 et
1073 841 1387 910 ampliorem
1431 841 1865 912 securioremque

264 934 367 989 sibi
398 933 752 989 substantiam
770 932 1060 1003 parabant;
1084 931 1139 987 in
1159 932 1291 989 caelo
1314 931 1595 989 thesauros
1614 947 1741 988 suos
1764 932 1866 988 de-

266 1035 568 1094 ponentesr

342 1116 554 1183 Prisca,
585 1133 695 1173 mos
736 1115 1157 1172 Ecclesiazcirca
1192 1132 1417 1172 mensam
1458 1134 1867 1174 communem.—

267 1212 350 1265 ΑΙ)
374 1210 477 1265 hac
498 1211 614 1281 lege
642 1220 707 1267 et.
724 1209 1114 1266 consuetudine
1137 1224 1255 1267 mos
1278 1210 1496 1282 quidam
1525 1211 1787 1269 mirabilis
1810 1212 1865 1267 in

269 1303 572 1360 Ecetesiam
611 1313 739 1357 tunc
780 1302 1027 1358 inductus
1065 1311 1148 1359 est
1178 1319 1193 1359 :
1220 1305 1393 1359 coacti
1435 1319 1665 1374 namque
1707 1305 1866 1360 simul

268 1396 480 1454 tideles.
500 1411 697 1452 omnes.
720 1406 841 1465 post
881 1395 1117 1451 auditam
1150 1395 1446 1451 doctrinam
1476 1438 1493 1462 ,
1525 1405 1647 1467 post
1664 1396 1867 1452 oratio-

270 1504 390 1553 nes,
440 1498 573 1559 post
606 1489 984 1560 mysteriorum
1014 1489 1494 1560 participationem,
1527 1490 1702 1545 soluta
1740 1505 1869 1560 syn-

267 1584 396 1648 axi,
448 1582 782 1637 nomstatim
825 1580 1043 1637 domum
1097 1580 1466 1637 concedebant
1517 1598 1533 1635 :
1586 1582 1684 1637 sed
1724 1582 1867 1638 divi-

271 1683 355 1727 tes
384 1683 440 1728 et
460 1674 848 1742 opulentiores,
866 1673 1121 1728 alimenta
1142 1681 1197 1729 et
1217 1673 1415 1729 fercula
1431 1673 1723 1729 edomibus
1756 1675 1869 1729 suis

269 1764 578 1829 afferentes,
614 1779 877 1835 pauperes
904 1763 1266 1831 advocabant;
1311 1766 1692 1837 communique
1710 1766 1868 1822 simul

270 1870 461 1910 mensa
489 1854 822 1922 fruebantur,
840 1855 1216 1910 communibus
1244 1856 1416 1926 epulis
1430 1865 1591 1927 atque
1610 1857 1870 1912 conviviis

270 1948 327 2002 in
371 1947 793 2018 ipsaecclesia;
822 1948 890 2001 ita
933 1957 991 2003 ut
1032 1957 1135 2003 eta
1164 1949 1437 2004 consortio
1476 1964 1710 2014 mensae,
1755 1960 1810 2006 et
1838 1966 1870 2005 a

272 2037 723 2104 locireverentia,
767 2036 1127 2109 undequaque
1154 2039 1350 2094 caritas
1392 2039 1865 2111 eonstringeretur,

270 2146 397 2187 cum
422 2131 592 2187 multa
619 2132 892 2203 voluptate
916 2132 1077 2188 simul
1111 2140 1274 2203 atque
1309 2132 1555 2188 utilitate.
1599 2134 1871 2205 Pauperes

270 2219 420 2281 enim
447 2221 815 2279 consolatione
834 2237 942 2278 non
969 2237 1152 2294 parva,
1182 2222 1375 2280 divites
1399 2238 1528 2279 vero
1548 2224 1873 2281 benevolen-

270 2314 346 2373 tia
368 2311 702 2385 fruebantur,
732 2322 846 2369 tum
875 2328 1062 2370 eorum
1089 2330 1224 2385 quos
1263 2315 1574 2385 pascebant,
1602 2322 1713 2378 tum
1748 2316 1868 2382 Dei,

270 2407 432 2475 cuius
458 2420 618 2465 causa
646 2404 749 2461 hoc
772 2404 1040 2462 faciebant
1069 2422 1084 2461 :
1112 2406 1297 2477 sicque
1323 2422 1570 2478 magnam
1598 2408 1872 2478 assequuti

250 2496 523 2565 gratiam,
550 2496 770 2552 domum
811 2496 1155 2553 secedebant.
1179 2497 1478 2554 .Innumera
1512 2498 1637 2555 hinc
1675 2514 1872 2570 seque-

270 2589 477 2645 bantur
504 2590 684 2644 bona:
712 2589 966 2661 quodque
989 2598 1152 2662 caput
1173 2590 1436 2650 bonorum
1480 2600 1729 2664 est,-per
1765 2594 1874 2649 sin-

270 2678 698 2751 gulassynaxes
725 2696 878 2737 amor
922 2683 1092 2754 magis
1132 2684 1410 2755 magisque
1456 2684 1871 2754 accendebatur,

271 2787 404 2835 cum
430 2782 486 2828 et
512 2772 549 2829 ii
575 2774 668 2844 qui
696 2773 974 2832 beneficia.
992 2775 1362 2846 conferebant,
1388 2785 1443 2833 et
1466 2778 1508 2833 ii
1526 2778 1617 2849 qui
1644 2778 1875 2849 accipie-

273 2866 432 2933 bant,
463 2875 607 2922 tanta
634 2882 760 2924 cum
797 2868 1173 2926 benevolentia
1218 2869 1629 2935 contubernales
1671 2880 1874 2935 essent.

274 2959 438 3016 Ilnne
459 2976 662 3022 morem
682 2960 945 3018 Corinthii
989 2978 1245 3035 processu
1282 2966 1540 3037 temporis
1582 2967 1875 3024 labefacta-

273 3062 447 3120 runt,
489 3069 609 3110 cum
658 3055 1025 3126 opulentiores
1066 3060 1293 3113 seorsim
1336 3058 1516 3116 cibum
1555 3070 1831 3121 sumentes
1857 3068 1887 3127 ,’

272 3159 482 3216 metros
520 3144 880 3216 despicerent,
910 3161 1012 3203 nec
1057 3157 1434 3219 exspectarent
1476 3150 1679 3207 tardius
1717 3166 1879 3209 δερῶ

273 3238 495 3304 dentes,
520 3249 574 3295 et
593 3240 1008 3305 necessitatibus
1048 3241 1173 3301 vitae
1214 3242 1481 3312 detentos,
1514 3251 1573 3299 ut
1615 3259 1879 3317 pauperes

275 3331 482 3394 solent,
507 3341 669 3401 atque
697 3347 876 3389 moras
904 3334 1197 3390 trahentes.
1220 3334 1374 3397 Unde
1395 3336 1740 3407 contingebat
1759 3353 1875 3406 eos,

276 3423 509 3480 demum
531 3424 895 3493 advenientes,
920 3440 1042 3481 cum
1066 3425 1272 3495 pudore
1295 3426 1405 3497 jam
1432 3428 1639 3485 sublata
1685 3445 1870 3486 mensa

278 3515 561 3582 recedere;
580 3516 696 3570 illis
725 3517 1344 3587 prmoccupantibus,bis
1370 3534 1501 3575 vero
1525 3520 1876 3578 tardantibus.

284 3606 487 3663 Videas
507 3607 685 3676 itaque
715 3608 909 3663 Paulus
934 3608 1059 3664 inde
1087 3610 1255 3664 multa
1299 3612 1534 3667 suboriri
1571 3612 1732 3681 mala,
1765 3622 1877 3669 tum

277 3716 409 3769 qua:
423 3701 532 3769 jatn
554 3701 887 3766 acciderant,
906 3712 1017 3757 tum
1037 3718 1157 3775 quae
1171 3703 1342 3761 futura
1364 3717 1516 3762 erant
1531 3705 1676 3780 (nam
1702 3724 1730 3762 a
1746 3708 1882 3766 divi-

282 3794 714 3864 tibuspaupcres
733 3812 832 3851 con
842 3796 1232 3865 tcmnebantur,
1252 3814 1314 3854 ac
1328 3802 1559 3870 superbe
1580 3802 1882 3857 tractaban-

284 3895 400 3951 tur,
429 3885 657 3956 hincque
689 3888 1009 3955 pauperibus
1044 3904 1244 3945 mmror
1272 3890 1562 3963 odiumque
1584 3893 1636 3948 in
1664 3894 1879 3962 divites,

281 3974 497 4045 aliaque
513 3978 869 4032 succedebant
895 3978 1033 4033 mala
1051 3996 1122 4036 ex
1143 3980 1445 4052 Itujusmodi
1468 3984 1628 4040 rebus
1644 3987 1772 4040 oriri
1790 4002 1883 4041 so-

282 4065 429 4138 lita),
451 4066 585 4122 hanc
626 4084 841 4138 pravam
870 4071 1225 4143 acerbamque
1256 4075 1695 4132 consuetudinem
1725 4080 1884 4133 corri-

281 4161 387 4229 git.
424 4160 491 4213 Et
509 4159 631 4214 vide
651 4176 770 4215 cum
793 4175 987 4232 quanta
1013 4166 1289 4233 prudentia
1310 4176 1365 4221 et
1385 4169 1753 4226 moderatione
1768 4186 1886 4227 cor-

282 4250 585 4305 rectionem
606 4255 961 4322 aggrediatur.
983 4254 1247 4326 Incipiens
1263 4259 1404 4313 enim
1428 4262 1504 4317 sic
1523 4262 1629 4316 ait:
1651 4261 1765 4317 Hoc
1789 4282 1884 4318 au-

285 4352 393 4397 tem
418 4346 736 4416 praecipiens,
765 4364 866 4401 non
896 4349 1073 4415 laudo,
1100 4352 1235 4418 quod
1258 4368 1359 4406 non
1387 4354 1442 4408 in
1475 4356 1672 4422 melius,
1700 4358 1789 4411 sed
1830 4359 1884 4411 in

284 4438 514 4492 deterius
533 4440 888 4510 convenitisﬂ.
915 4440 1033 4495 Cor.
1056 4443 1143 4497 11.
1176 4443 1289 4513 17).
1308 4444 1443 4512 Quid
1464 4447 1564 4502 sibi
1592 4448 1704 4501 vult
1732 4448 1881 4515 illud,

287 4525 419 4580 Non
455 4528 508 4581 in
554 4529 773 4584 melius?
805 4530 1052 4601 Majores,
1077 4533 1322 4603 inquitet
1343 4547 1522 4607 patres
1555 4543 1717 4595 vestri
1754 4540 1883 4595 sub-

285 4618 517 4673 stantias
546 4634 669 4673 suas
700 4621 1001 4677 vendebant
1019 4634 1073 4679 et
1096 4624 1294 4693 praedia
1314 4636 1369 4682 et
1387 4631 1774 4699 possessiones,
1800 4643 1881 4686 at-

284 4724 398 4779 que
416 4711 596 4763 omnia
620 4711 1222 4784 habebantcommunia,
1247 4720 1577 4791 multamque
1600 4733 1783 4778 mutuo
1804 4739 1886 4779 ca-

283 4805 504 4857 ritatem
530 4821 543 4855 :
570 4819 664 4859 vos
693 4814 893 4869 autem,
926 4823 1059 4876 quos
1089 4825 1185 4879 par
1207 4820 1351 4867 esset
1380 4813 1502 4868 illos
1533 4816 1746 4884 imitari,
1779 4833 1883 4873 non

284 4892 457 4946 modo
479 4892 607 4948 nihil
628 4896 800 4951 simile
817 4896 1035 4965 fecistis,
1054 4901 1149 4955 sed
1167 4903 1325 4957 etiam
1344 4904 1418 4972 id,
1446 4907 1587 4974 quod
1609 4909 1781 4962 solum
1801 4909 1888 4962 ha-

283 4984 502 5039 bebatis
522 4986 775 5041 amisistis
795 5004 808 5053 ;
832 5004 1024 5058 nempe
1043 4992 1284 5047 convivia
1329 4992 1381 5049 in
1398 4996 1638 5053 collectis
1656 4999 1766 5071 fieri
1792 5016 1889 5071 sos,

282 5076 405 5128 lita.
430 5073 661 5146 Ideoque
682 5079 784 5134 ait:
802 5078 925 5133 Non
953 5081 1005 5134 in
1025 5081 1225 5150 melius,
1243 5084 1332 5139 sed
1354 5087 1408 5140 in
1429 5087 1646 5144 deterius
1662 5068 1886 5145 conueni-

278 5167 371 5219 ris.
394 5165 466 5220 Et
486 5167 559 5220 illi
590 5168 802 5237 quidem
823 5173 1187 5239 possessiones
1214 5190 1404 5234 omnes
1433 5178 1485 5234 in
1512 5196 1665 5235 usum
1689 5198 1887 5253 paupe—

278 5272 413 5311 rum
451 5260 815 5314 concedebant
847 5280 861 5316 :
893 5277 988 5319 vos
1016 5280 1144 5319 vero
1184 5282 1370 5324 mensa
1413 5273 1572 5326 etiam
1617 5273 1721 5328 illis
1750 5289 1884 5331 con-

277 5362 448 5405 cessa
496 5350 737 5420 privatis.
781 5351 1014 5409 Primum
1057 5356 1191 5411 enim
1225 5364 1629 5417 convenientibus
1668 5366 1804 5423 vobis
1832 5369 1886 5423 in

277 5440 576 5504 ecclesiam,
605 5442 760 5497 audio
804 5446 1052 5502 scissuras
1097 5466 1201 5504 esse
1240 5451 1371 5507 inter
1409 5471 1516 5521 vos,
1543 5467 1593 5512 et
1635 5474 1700 5513 ea:
1742 5470 1888 5531 parte

275 5531 444 5586 credo
470 5532 548 5601 (Ι.
582 5532 703 5588 Cor.
737 5535 823 5590 II.
857 5538 969 5608 i8).

361 5625 419 5679 ιε
455 5623 590 5679 Vide
616 5628 886 5696 quomodo
915 5645 1129 5687 rursum
1170 5636 1460 5705 prudenter
1485 5642 1879 5699 correctionem

277 5716 566 5786 adhibeat.
595 5716 710 5772 Non
739 5718 895 5787 dixit,
923 5722 1120 5792 Credo,
1143 5727 1250 5796 vel,
1282 5729 1397 5786 Non
1424 5733 1609 5801 credo,
1637 5736 1731 5790 sed
1764 5752 1882 5792 nte-

280 5810 385 5867 dio
408 5808 571 5876 verbo
601 5825 729 5868 usus
749 5822 860 5884 est,
885 5812 969 5868 Ea:
996 5827 1137 5885 parte
1161 5822 1308 5875 crcdo
1321 5837 1341 5890 ;
1374 5839 1478 5879 non
1510 5826 1729 5890 omnino
1762 5844 1885 5887 ere-.-

1090 361 1155 417 ΙΝ
1196 359 1445 417 DICTUM
1488 358 1689 418 PAULI
1733 401 1748 422 ,
1788 350 2110 414 OPORTET
2153 354 2496 414 IIxERESES
2536 356 2727 414 ESSE.
2772 356 2787 363 ί

3450 358 3553 437 ags

1967 470 2058 536 do,
2088 485 2189 529 nec
2211 472 2432 527 omnino
2460 470 2619 528 fidem
2649 487 2819 543 nego;
2850 481 2905 527 ut
2934 487 3064 530 vero
3088 464 3191 531 hcc
3210 474 3293 531 vel
3318 467 3483 542 illud,
3503 478 3593 549 in.

1966 572 2159 618 vestra
2174 564 2677 634 penituspotestate
2705 574 2806 620 est.
2837 565 2901 621 Si
2924 566 3271 636 resipiscatis,
3303 582 3409 622 non
3435 582 3563 643 cre—

1966 652 2073 721 do;
2102 653 2184 707 sin
2206 657 2277 708 ita
2309 656 2683 724 perseveretis,
2706 654 2887 711 credo.
2921 655 3103 728 Itaque
3130 673 3234 713 non
3257 662 3572 736 accusavit,

1968 754 2022 800 et
2048 746 2336 800 accusavit.
2362 746 2480 801 Non
2521 747 2793 819 accusavit
2819 749 3053 818 penitus,
3068 758 3137 816 .ut
3163 731 3560 810 emendationis
3584 736 3585 739 η

1970 851 2119 906 spem
2146 847 2200 891 et
2226 837 2467 894 inducias
2491 838 2573 893 ad-
2592 840 2960 907 paenitentiam
2989 841 3175 897 daret:
3194 859 3302 899 non
3330 844 3559 917 crimine

1969 927 2167 985 liberos
2188 928 2410 995 dimisit,
2438 947 2505 986 ne
2540 932 2592 986 in
2622 930 2809 988 eadem
2836 933 3061 1004 segnitie
3086 918 3385 992 manerent.
3416 926 3560 993 Non-

1970 1021 2098 1077 dum
2120 1024 2340 1078 omnino
2360 1023 2585 1090 credidi,
2604 1024 2804 1095 inquit;
2831 1024 3062 1096 idipsum
3078 1027 3220 1083 enim
3245 1039 3327 1084 est
3352 1010 3558 1107 dicere,

1973 1114 2059 1171 Ea:
2087 1127 2232 1187 parte
2264 1119 2436 1173 credo.
2484 1118 2538 1173 Id
2585 1134 2717 1174 vero
2758 1118 2970 1175 dicebat
3006 1120 3307 1203 cohortaris
3334 1131 3392 1177 ut
3438 1138 3562 1203 sese

1970 1208 2320 1265 emendarem
2344 1224 2407 1262 ac
2434 1210 2785 1280 corrigerent,
2808 1211 3087 1281 ipsumque
3105 1198 3433 1278 abducerent
3448 1198 3564 1284 ,Cnc

1971 1317 2085 1357 rem
2116 1300 2552 1371 hujusmodi-vet
2578 1318 2647 1361 ex
2686 1313 2836 1372 parte
2872 1302 3137 1359 crederet.
3171 1304 3381 1375 Oportet
3418 1306 3562 1372 enim

1973 1392 2189 1447 hereses
2216 1408 2351 1458 esse,
2370 1402 2425 1446 ut
2452 1392 2541 1462 qui
2568 1393 2765 1463 probati
2786 1402 2931 1461 sunt,
2954 1394 3208 1464 manifesti
3234 1394 3362 1464 [iant
3390 1396 3441 1448 in
3472 1379 3563 1453 uo-

1972 1484 2153 1556 bis-(1.
2174 1484 2294 1543 Cor.
2312 1486 2335 1539 l
2351 1485 2409 1539 ι...
2436 1484 2548 1555 l9).
2583 1485 2689 1539 Dio
2706 1470 3131 1556 igitur-quaenam
3162 1485 3438 1543 Iunt-eses?
3470 1488 3565 1549 llic

1971 1575 2210 1630 animum
2227 1575 2505 1632 adhibete:
2527 1577 2776 1647 quoniam
2800 1594 2905 1633 non
2927 1577 2995 1632 de
3013 1578 3351 1650 dogmatibus
3369 1580 3611 1658 dicitur,h

1973 1669 2121 1736 illud,
2154 1668 2601 1739 Oportetrharreses
2626 1672 2683 1725 in
2703 1672 2960 1734 vobisesse
2981 1688 3001 1729 :
3023 1672 3117 1728 sed
3139 1658 3206 1729 de
3227 1673 3564 1753 dissensione

1972 1762 2117 1817 circa
2144 1776 2405 1818 mensam.
2427 1762 2562 1817 Cum
2605 1762 2747 1818 enim
2781 1762 3028 1830 dixisset,
3063 1763 3274 1834 Oportet
3310 1750 3481 1821 autem
3518 1750 3605 1837 et.

1974 1852 2188 1919 haereses
2206 1871 2333 1918 esse,
2354 1854 2567 1909 modum
2590 1838 2868 1909 Itacrescon
2897 1855 3141 1925 adjunxit
3173 1874 3186 1910 :
3217 1844 3591 1937 Convenientiz‘

1973 1941 2065 1997 bus
2085 1945 2216 1997 enim
2236 1944 2373 1997 vobis
2399 1944 2450 1996 in
2474 1960 2650 2006 unum,
2672 1961 2773 1998 non
2798 1945 3188 2007 estdominicam
3206 1963 3399 2026 caenam
3421 1964 3575 2026 man;
3610 2014 3615 2017 τ

1974 2036 2164 2090 ducare
2193 2034 2297 2108 (1b.
2322 2052 2369 2088 υ.
2392 2035 2685 2106 20)..ρυίιι.
2707 2036 3164 2113 θει,..υοηιὶιιίσαρη
3196 2020 3387 2117 omnem
3415 2020 3575 2118 man;

1974 2127 2161 2186 ducare
2177 2128 2552 2181 ?.Dominicam
2593 2143 2824 2192 coenam,
2849 2129 3039 2198 inquit,
3059 2146 3169 2185 non
3215 2132 3561 2210 csttnandu-

1974 2233 2137 2283 care:
2164 2218 2313 2275 illam
2338 2234 2534 2273 vocans
2561 2235 2794 2286 emtam,
2819 2237 2976 2291 quant
3008 2222 3189 2277 ultima
3216 2206 3379 2289 nocte
3406 2226 3568 2280 tradi-

1975 2308 2337 2376 dit,Cltristus,
2366 2310 2579 2379 quando
2602 2297 2857 2381 discipuli.
2890 2327 3012 2366 cum
3038 2313 3153 2367 ‘iHn
3182 2298 3371 2370 omnes
3390 2324 3566 2371 erant.

1978 2402 2033 2458 In
2061 2405 2149 2459 illa
2179 2405 2557 2474 quippecmna
2583 2414 2638 2459 ct
2659 2406 2915 2460 Dominus
2942 2409 3161 2469 etservi
3188 2424 3375 2464 omnes
3404 2410 3565 2466 simul

1978 2495 2363 2550 recumbebant
2386 2512 2399 2548 :
2426 2511 2523 2551 vos
2558 2512 2714 2558 veror
2742 2497 2831 2576 qui
2856 2499 3100 2552 conservi
3123 2499 3272 2564 estis,
3302 2500 3440 2555 inter
3469 2517 3567 2557 vos

1981 2597 2157 2641 tanten
2200 2586 2474 2652 dissidetis
2526 2603 2589 2642 ac
2642 2589 2957 2645 divitlimini.
2988 2589 3080 2645 Ille
3118 2606 3216 2646 nec
3243 2592 3567 2662 proditorem

1978 2679 2181 2750 expulit
2210 2698 2224 2710 ο
2248 2696 2370 2735 nam
2400 2690 2453 2735 et
2477 2681 2643 2737 Judas
2668 2696 2831 2736 ~cum-
2861 2682 2963 2738 illis
3009 2694 3134 2737 tunc
3174 2693 3291 2738 erat
3318 2700 3331 2737 :
3358 2696 3412 2740 tu
3439 2701 3568 2741 vero

1982 2772 2197 2828 fratrem
2216 2772 2461 2844 depellis.
2490 2773 2616 2829 Ideo
2631 2774 2759 2828 dicit
2778 2791 2790 2827 :
2814 2772 2934 2828 Non
2951 2784 3023 2828 est
3045 2775 3351 2829 dominicam
3373 2793 3568 2832 coenant

1980 2864 2307 2931 manducare,
2338 2866 2645 2920 dominicam
2677 2882 2870 2920 orenam
2898 2868 3109 2922 vocans
3134 2882 3274 2934 cam,
3298 2884 3415 2937 qum
3440 2883 3576 2924 corn

1992 2953 2317 3013 cordissime
2331 2958 2588 3015 omnibus
2608 2960 2922 3015 convocatis
2939 2962 3193 3018 sumitur.
3205 2961 3572 3036 Unusquisque.

1993 3048 2134 3102 enim
2164 3066 2317 3103 suam
2343 3068 2541 3105 caenam
2567 3054 2729 3106 sumit
2757 3053 2825 3106 ad
2855 3053 3282 3109 manducandum
3301 3097 3315 3120 ,
3345 3067 3394 3111 et
3429 3060 3575 3112 afiu~

1991 3140 2414 3207 quidemvesurit.
2448 3144 2603 3197 alius:
2619 3154 2794 3198 autem
2820 3144 2996 3199 ebrius
3025 3156 3101 3200 est
3138 3147 3428 3219 (lb.v.2l).
3455 3149 3571 3203 Non

1993 3230 2309 3292 dixit,Alius
2325 3236 2492 3289 esurit
2506 3236 2666 3297 ,alius
2678 3238 2935 3302 comedit;
2952 3238 3043 3291 sed
3060 3240 3341 3292 ebrietatis
3359 3243 3575 3295 ttntnine

1983 3324 2152 3395 magis
2178 3324 2299 3379 illos
2329 3326 2516 3395 tangit.
2540 3326 2607 3380 Et
2640 3324 2727 3381 hic
2761 3334 2815 3381 et
2862 3325 2991 3391 illic,
3025 3326 3118 3389 ait,
3150 3325 3326 3379 nullus
3353 3334 3435 3380 est
3463 3342 3579 3379 mo-

1982 3416 2106 3472 dus.
2135 3416 2214 3471 Tu
2259 3424 2314 3473 te
2361 3418 2578 3487 crapula
2629 3418 2940 3487 disrumpis,
2968 3416 3097 3473 dum
3148 3417 3238 3474 ille
3266 3415 3404 3471 fame
3434 3432 3568 3471 con-

1983 3507 2243 3574 tabescit;
2270 3516 2325 3562 tu
2352 3507 2522 3577 plura,
2552 3523 2712 3578 quam
2739 3523 2872 3578 opus
2897 3510 2987 3573 sit,
3016 3511 3201 3576 sumis,
3235 3509 3323 3567 ille
3351 3525 3479 3567 vero
3506 3524 3576 3568 ne

1982 3600 2196 3670 quidem
2246 3600 2563 3655 necessariis
2617 3599 2830 3655 fruitur.
2887 3600 3090 3670 Duplex
3145 3601 3247 3657 hoc
3310 3616 3576 3674 corrupta:

1984 3694 2301 3764 (equalitatis
2340 3693 2540 3748 malum
2583 3693 2819 3749 hatreses
2849 3702 3036 3762 vocat,
3075 3696 3197 3766 quia
3242 3698 3578 3781 contentiose

1984 3789 2211 3842 invicem
2254 3787 2483 3857 agebant
2536 3796 2591 3843 et
2630 3787 3001 3855 dissidebant,
3039 3795 3094 3842 et
3135 3788 3240 3843 alio
3282 3780 3571 3861 esuriemc,

1985 3880 2120 3934 alius
2146 3878 2531 3934 inebriabatur.
2573 3879 2650 3933 Ac
2683 3877 2819 3934 bene
2847 3878 3001 3953 dixit,
3033 3877 3453 3957 convenientibus
3479 3870 3571 3935 vo-

1987 3969 2062 4025 bis
2088 3971 2141 4024 in
2168 3986 2348 4025 unum.
2371 3968 2479 4024 Cur
2499 3970 2839 4025 convenitis?
2858 3970 3062 4051 inquit;
3091 3955 3341 4042 quid-sibi
3361 3973 3469 4027 vult
3487 3973 3577 4029 ille

1987 4063 2321 4119 conventus?
2366 4062 2433 4118 ad
2479 4063 2607 4133 quid
2662 4063 2753 4118 ille
2802 4065 3105 4119 communis
3144 4075 3334 4131 cmtus,
3364 4068 3578 4141 quando

1989 4169 2179 4210 mensa
2202 4170 2307 4209 non
2340 4163 2424 4209 est
2445 4156 2788 4209 communis?
2804 4155 3098 4236 ﬂaminica:
3121 4165 3246 4210 sunt
3275 4138 3576 4223 facultates,

1988 4261 2123 4316 quas
2150 4247 2476 4315 accepimus,
2506 4246 2838 4321 proindeque
2854 4261 3170 4328 communes
3190 4250 3467 4325 conservis
3484 4265 3579 4325 ιιοτ

1989 4339 2117 4393 stris
2169 4349 2557 4408 proponantur.
2592 4336 2859 4409 Numquid
2905 4326 3084 4394 domos
3114 4326 3238 4421 non
3272 4342 3469 4419 habetis

1989 4430 2403 4485 manducandum
2431 4440 2478 4484 et
2498 4429 2811 4484 bibendum?
2835 4440 2922 4483 aut
2948 4415 3330 4509 ecclesiam‘Dei
3353 4415 3579 4488 contem;
3633 4420 3639 4426 ’

1990 4523 2106 4577 nilis
2126 4563 2141 4588 ,
2161 4523 2348 4592 inquit,
2377 4533 2424 4577 et
2452 4523 2873 4599 confunditiseos
2888 4525 2974 4597 qui
3004 4542 3106 4579 non
3133 4525 3499 4603 habenttlbid.
3526 4513 3603 4607 vi.

1988 4614 2122 4689 22)?
2164 4616 2243 4670 Tu
2280 4616 2493 4687 quidem
2535 4629 2710 4687 putas,
2744 4617 2952 4687 inquit,
2997 4618 3214 4674 fratrem
3269 4628 3474 4675 tantum
3527 4632 3578 4676 te

1990 4708 2311 4762 contumelia
2333 4707 2569 4775 afficere,
2588 4708 2851 4787 redundat
2871 4719 3047 4765 autem
3070 4713 3387 4766 contumelia
3418 4715 3577 4768 etiam
3639 4782 3643 4790 Δ

1991 4802 2045 4857 ἱη
2074 4802 2271 4857 locum.
2302 4803 2590 4858 Ecclesiam
2620 4788 2817 4874 quippe
2844 4813 3010 4858 totam
3039 4807 3363 4860 contemnis.
3394 4808 3579 4863 Eccle-

1990 4893 2066 4947 sia
2092 4894 2235 4948 enim
2271 4893 2393 4949 ideo
2439 4894 2655 4962 dicitur,
2683 4896 2807 4963 quia
2837 4897 3195 4951 communiter
3219 4912 3405 4953 omnes
3432 4900 3579 4954 acci-

1991 4987 2086 5067 pit.
2112 4986 2218 5065 Cur
2244 5002 2373 5057 ergo
2394 4987 2585 5041 domus
2611 4997 2718 5041 tum
2743 4988 2999 5043 vilitatem
3029 4989 3079 5043 in
3108 4990 3390 5045 ecclesiam
3420 4991 3579 5046 indu-

1989 5060 2199 5132 (εἷεἲέρὶ
2251 5078 2397 5132 enim
2435 5080 2736 5134 contemnis
2783 5079 3026 5148 fratrem,
3062 5092 3313 5142 renato
3359 5084 3534 5139 locum
3566 5100 3599 5159 :_

1990 5170 2189 5223 etenim
2233 5169 2470 5224 Ecclesia
2517 5171 2842 5225 contumelia
2892 5170 3139 5226 afficitur.
3195 5170 3379 5244 Neque
3424 5164 3615 5249 dixit...

1990 5264 2099 5319 Eos
2134 5264 2372 5335 privatis,
2398 5265 2488 5334 qui
2532 5281 2637 5335 non
2680 5264 2912 5331 habent;
2944 5274 3051 5331 aut,
3087 5265 3203 5320 Non
3251 5252 3567 5328 miseremin

1990 5372 2176 5413 eorum
2215 5357 2305 5427 qui
2352 5372 2458 5411 non
2515 5357 2735 5411 habent.
2777 5355 2882 5412 Sed
2926 5357 3093 5427 quid?
3121 5359 3447 5431 Eonfunditis
3496 5376 3575 5416 eo:

1988 5451 2075 5520 qui
2138 5466 2240 5505 non
2300 5449 2503 5505 habent.
2561 5448 3044 5528 Vehementissitno
3106 5452 3355 5523 tangendi
3420 5453 3579 5507 modo

1892 5597 1901 5609 ,
1989 5557 2177 5598 eorum
2202 5543 2386 5619 luxum
2404 5551 2769 5623 repraesentat.
2790 5542 2906 5597 Non
2924 5552 3030 5598 tam
3058 5553 3210 5599 curat
3237 5560 3455 5615 pauper,
3490 5546 3575 5599 in-

1990 5635 2123 5705 quit,
2154 5634 2363 5701 cibum,
2391 5650 2551 5704 quam
2580 5634 2980 5709 contumeliam.
3013 5636 3144 5694 Vide
3169 5652 3325 5707 quam
3353 5638 3578 5691 honeste

1991 5728 2364 5793 hoccxcuset,
2395 5737 2448 5783 et
2488 5743 2645 5797 quam
2677 5728 3029 5785 vehementer
3056 5730 3175 5784 illos
3205 5738 3402 5799 tangat.
3445 5729 3579 5799 Quid

1990 5824 2157 5889 dicam
2185 5820 2361 5879 vobis?
2391 5819 2544 5876 laudo
2576 5820 2701 5874 vos?
2728 5818 2796 5875 In
2818 5821 2915 5875 hoc
2938 5838 3037 5875 non
3059 5820 3213 5875 laudo
3234 5821 3284 5889 (I
3304 5861 3313 5875 .
3333 5816 3456 5880 Cor.
3492 5821 3575 5883 11.
3610 5874 3613 5875 ν
