3990 6358
431 329 538 388 1’59

425 446 539 514 22).
573 441 710 512 Quid
738 439 841 494 hoc
864 438 985 494 est?
1009 436 1139 492 Ροοι
1178 434 1600 489 demonstratam
1630 426 2008 483 absurditatent

427 538 599 592 lenior
625 538 870 603 sequitur
906 526 1201 597 increpatio
1226 566 1241 591 ,
1268 534 1323 579 et
1362 522 1485 591 jure
1532 518 1749 591 quidem
1798 514 2011 583 merito,

411 645 498 683 ne
542 622 966 695 impudentiores
1009 617 1324 674 evaderent.
1356 614 1673 682 Priusquam
1714 609 1859 663 enim
1900 620 2014 661 rem

408 715 717 771 absurdam
757 728 879 768 esse
921 711 1337 771 demonstraret,
1362 704 1652 776 perfectam
1693 699 2014 756 sententiam

430 806 623 858 extulit
684 803 873 858 dicens
903 843 920 867 ,
968 800 1082 855 Hoc
1134 809 1303 854 autem
1355 795 1653 868 pracipiens
1704 809 1808 847 non
1863 790 2016 846 laudo

405 899 426 967 (
448 898 501 954 l.
519 896 645 953 Cor.
666 895 875 968 “.17).
896 894 1184 964 Postquam
1213 900 1390 947 autem
1409 896 1659 945 accurate
1676 887 2016 942 demonstra-

432 990 507 1045 vit
526 990 647 1045 illos
672 1004 791 1045 esse
815 989 1169 1057 complurium
1197 985 1482 1041 criminum
1511 997 1654 1049 reos,
1682 980 1886 1038 leniore
1907 978 2015 1034 uti-

430 1092 517 1135 tur
543 1081 936 1143 crimiuatioue,
967 1079 1019 1133 in
1063 1079 1172 1148 jam
1218 1076 1485 1132 dictorum
1530 1081 1788 1144 apparatu
1830 1080 1886 1126 et
1922 1070 2017 1127 deo

431 1171 1191 1227 ntoustrationeaccusationis
1214 1169 1610 1225 vehementiam
1658 1166 1887 1237 positam
1930 1179 2018 1222 re-

432 1262 698 1333 linquens.
733 1264 931 1319 Deinde
988 1265 1041 1318 in
1091 1263 1367 1333 mysticam
1418 1274 1659 1316 mensam
1711 1274 2016 1315 sermonem

434 1356 706 1421 transfert,
742 1366 796 1411 ut
823 1357 900 1410 eis
924 1356 1039 1425 plus
1068 1355 1275 1409 timoris
1304 1357 1585 1408 incuteret.
1616 1350 1728 1424 Ego
1753 1352 1904 1416 enim,
1936 1352 2019 1405 in~

431 1449 565 1516 quit,
585 1450 755 1518 accepi
775 1464 807 1502 a
831 1447 1071 1515 Domino,
1089 1448 1224 1517 quod
1245 1457 1292 1500 et
1317 1446 1507 1500 tradidi
1527 1446 1662 1499 vobis
1685 1443 1791 1517 (Ib.
1820 1462 1870 1498 υ.
1893 1441 2012 1513 25).

431 1543 612 1607 Qualis
648 1541 763 1597 inec
790 1541 1210 1611 consequentia?
1241 1541 1315 1595 De
1354 1539 1625 1595 communi
1664 1537 1889 1608 prandio
1931 1536 2013 1597 lo-

429 1635 633 1703 queris,
680 1643 735 1688 et
774 1633 1039 1688 horrenda
1065 1633 1318 1704 mySteria
1367 1630 1792 1687 commemoras?
1821 1631 2014 1696 Etiam,

432 1725 622 1794 inquit.
651 1724 706 1779 Si
736 1725 879 1778 enim
913 1723 1189 1778 tremenda
1232 1724 1322 1779 illa
1372 1738 1556 1779 mensa
1586 1722 1835 1781 omnibus
1864 1736 2017 1776 com-

434 1817 610 1869 munis
665 1817 1001 1885 pr0pouitur,
1051 1826 1105 1870 et
1147 1815 1298 1870 diviti
1340 1825 1395 1869 et
1446 1816 1684 1884 pauperi,
1723 1829 1895 1893 neque
1930 1813 2017 1867 illa

428 1907 622 1961 fruitur
642 1909 857 1962 uberius
875 1908 1046 1974 dives,
1071 1918 1127 1963 et
1155 1908 1367 1977 parcius
1393 1921 1618 1976 pauper,
1640 1904 1737 1960 sed
1759 1920 1896 1960 unus
1917 1905 2017 1969 ho-

429 2014 550 2063 nor,
572 2009 627 2054 et
656 2016 791 2053 unus
816 2015 1100 2067 accessus;
1130 2016 1192 2054 ac
1218 2001 1391 2062 donec
1432 2015 1621 2054 omnes
1655 2000 2020 2054 communica-

428 2090 622 2153 verint,
646 2099 698 2143 et
723 2090 1009 2160 participes
1038 2090 1236 2145 fuerint
1258 2090 1417 2161 hujus
1447 2090 1743 2162 spiritualis
1762 2100 1819 2144 et
1850 2105 2019 2144 sacra:

430 2194 653 2243 mensae,
690 2195 810 2249 quae
865 2181 1136 2248 pr0posita
1191 2191 1317 2235 sunt
1366 2196 1470 2234 non
1519 2180 1884 2247 retrahuntur,
1923 2181 2019 2235 sed

429 2278 574 2323 stant
601 2269 911 2324 sacerdotes
935 2287 1143 2335 onmes,
1172 2271 1257 2326 vel
1281 2272 1521 2326 omnium
1550 2272 1944 2341 pauperrimum
1964 2282 2041 2330 οι·

430 2360 747 2415 vilissimum
776 2370 1148 2431 exspectantes
1182 2378 1194 2413 :
1226 2361 1395 2415 multo
1438 2362 1607 2432 magis
1628 2362 1681 2416 in
1709 2362 1808 2417 hac
1834 2363 2020 2421 sensili

432 2468 617 2506 mensa
661 2453 711 2506 id
755 2453 1040 2522 agendum.
1074 2452 1197 2507 ideo
1246 2454 1389 2507 illam
1439 2453 1763 2508 dominicam
1808 2470 2018 2517 caenam

434 2546 745 2599 memoravi.
778 2544 888 2617 Ego
917 2546 1049 2599 enim
1086 2546 1257 2615 accepi
1281 2562 1312 2598 a
1339 2544 1579 2612 Domino,
1609 2546 1743 2615 quod
1764 2556 1810 2600 et
1830 2548 2022 2605 tradidi

431 2636 587 2697 vobis,
613 2637 852 2701 quoniam
875 2636 1124 2690 Dominus
1147 2636 1181 2689 Ι
1187 2653 1319 2704 esus,
1338 2637 1391 2689 in
1412 2653 1513 2707 qua
1540 2647 1681 2691 nocte
1702 2636 2018 2704 tradebatur,

430 2730 622 2797 accepit
652 2746 856 2797 panem,
895 2740 941 2782 et
980 2730 1174 2800 gratias
1219 2746 1372 2800 agens
1417 2730 1587 2799 fregit,
1614 2740 1659 2783 et
1699 2731 1870 2786 dixit:
1910 2730 2020 2785 Hoc

432 2831 503 2873 est
528 2836 713 2889 corpus
742 2838 936 2887 meum,
967 2821 1102 2890 quod
1142 2838 1235 2891 pro
1264 2822 1433 2875 multis
1460 2822 1735 2893 frangitur,
1764 2823 1817 2877 in
1839 2825 2018 2877 remis-

431 2912 623 2966 sionem
649 2922 987 2983 peccatorum.
1020 2911 1133 2973 Hoc
1164 2913 1315 2983 facile
1354 2912 1408 2966 in
1454 2928 1618 2966 meant
1653 2928 2017 2967 commemora-

433 3004 636 3058 tionem.
663 3003 908 3058 Similiter
934 3015 980 3058 et
1002 3004 1209 3065 calicem
1245 3014 1513 3074 postquam
1536 3006 1774 3072 ctznavit,
1806 3006 2019 3069 dicens:

434 3097 536 3149 llic
574 3097 709 3151 calix
754 3113 936 3150 novum
988 3107 1342 3152 testamentum
1383 3106 1455 3155 est
1505 3098 1557 3151 in
1597 3114 1706 3159 meo
1763 3099 2022 3167 sanguine

438 3188 598 3259 (Ibid.
624 3205 671 3241 υ.
704 3189 774 3241 23
798 3219 825 3227 -
844 3188 963 3257 25).

504 3281 557 3333 5.
591 3280 789 3333 Deinde
817 3281 981 3333 tttulta
1028 3281 1278 3357 loquutus
1320 3281 1463 3337 circa
1503 3295 1630 3345 eos,
1674 3282 1769 3350 qui
1805 3282 2021 3353 indigne

436 3372 689 3442 mysteria
719 3372 1065 3442 participant,
1099 3373 1185 3426 ubi
1234 3373 1353 3427 illos
1386 3373 1729 3428 vehementer
1760 3375 1930 3444 tetigit
1968 3386 2023 3431 et

433 3465 694 3532 coarguit,
737 3463 1021 3533 docuitque
1071 3480 1184 3530 eos,
1230 3466 1318 3534 qui
1366 3467 1679 3535 sanguinem
1729 3474 1783 3519 ct
1826 3482 2022 3536 corpus

434 3555 632 3609 Christi
687 3566 886 3610 temere
933 3571 997 3617 ac
1051 3556 1409 3625 perfunctorie
1458 3558 1743 3628 accipiunt,
1780 3563 2020 3623 eamdem

437 3648 707 3701 subituros
731 3663 851 3703 esse
880 3664 1113 3716 poenam,
1144 3665 1302 3718 quam
1334 3650 1367 3702 ii
1391 3651 1480 3718 qui
1508 3651 1777 3704 Christum
1806 3652 2019 3717 occide-

438 3748 588 3801 runt;
623 3752 807 3791 rursus
847 3737 915 3791 ad
958 3741 1287 3807 propesitum
1321 3750 1688 3809 argumentum
1717 3757 2020 3799 sermonem

438 3833 623 3897 refert,
652 3832 835 3885 dicens
866 3848 878 3884 :
909 3831 1092 3901 Itaque
1122 3833 1327 3899 fratres,
1354 3850 1467 3885 cum
1493 3835 1763 3888 convenitis
1791 3836 1857 3888 ad
1879 3853 2023 3889 man-

438 3922 747 3988 ducandum,
760 3924 967 3977 invicem
985 3934 1284 3991 exspectate.
1303 3925 1486 3991 Siquis
1507 3936 1672 3979 autem
1691 3929 1867 3990 esurit,
1886 3930 2023 3984 danti

441 4016 727 4078 manducet,
744 4026 795 4069 ut
814 4034 911 4069 non
935 4018 985 4069 in
1002 4017 1257 4085 judicium
1277 4019 1635 4092 conveniatin
1653 4065 1664 4077 ,
1685 4022 1809 4076 Cor.
1832 4025 1889 4077 Η
1906 4064 1918 4078 ,
1938 4024 2027 4089 55,

438 4107 696 4174 51).νίάο
720 4109 988 4176 quomodo
1015 4110 1241 4163 latenter
1264 4111 1425 4165 etiam
1464 4113 1804 4169 voracitatem
1836 4129 2021 4171 eorum

438 4204 675 4254 damnet.
701 4201 815 4254 Non
843 4202 976 4255 dixit
995 4244 1006 4264 ,
1031 4202 1085 4256 Si
1115 4203 1350 4265 esuritis,
1384 4205 1497 4267 sed,
1534 4205 1594 4257 Si
1621 4206 1733 4273 quis
1760 4207 1935 4272 esurit,
1966 4216 2024 4260 ut

436 4292 661 4361 quisque
688 4304 826 4345 metu
858 4306 911 4346 et
939 4294 1137 4361 pudore
1167 4294 1378 4359 ductus,
1412 4312 1623 4350 nereus
1649 4295 1751 4351 hoc
1783 4298 1834 4351 in
1858 4314 2020 4368 nego-

444 4384 517 4435 tio
572 4383 829 4448 videatur,
881 4402 1000 4438 sese
1045 4386 1332 4443 emendare
1386 4400 1739 4457 prae-occupet.
1770 4391 1943 4459 Atque
1988 4408 2021 4445 a

442 4484 584 4530 metu
613 4477 853 4545 supplicii
882 4494 1183 4532 sermonem
1206 4482 1475 4535 concludit
1499 4481 1682 4537 dicens
1708 4501 1721 4535 :
1748 4482 1815 4541 Ut
1845 4500 1944 4536 non
1969 4485 2020 4537 in

1153 320 1215 376 S.
1251 316 1528 375 JOANNIS
1559 306 2018 370 CHRYSOSTOM

2125 303 2393 362 RCHIEP.
2434 304 2693 363 CONSTA
2701 304 2966 362 NTINOP.

3603 304 3717 360 260

2117 420 2377 489 judicium
2398 422 2726 487 conveniatis,
2759 421 2812 476 id
2839 428 2941 486 est,
2969 421 3023 475 in
3047 420 3544 476 condemnationem
3574 430 3630 475 et
3660 423 3717 475 in

2121 513 2492 584 opprobrium.
2524 513 2640 568 Non
2670 524 2754 569 est
2780 514 2925 569 enim
2946 512 3118 577 cibus,
3146 512 3338 582 inquit,
3360 528 3533 583 neque
3555 526 3715 567 men-

2119 620 2201 674 sa,
2230 618 2349 676 qua:
2374 621 2496 660 cum
2529 606 2733 676 pudore
2762 605 2940 660 fratris
2959 645 2976 671 ,
2999 619 3121 659 cum
3149 604 3406 675 despectu
3440 606 3716 667 ecclesize,
3766 632 3769 639 ι

2121 706 2177 753 et
2208 712 2330 752 cum
2367 704 2514 753 tanta
2539 698 2831 755 voracitate
2862 698 2945 752 vel
2980 697 3392 766 intemperantia
3424 696 3720 767 conjuncta

2122 797 2225 843 est.
2251 788 2378 843 Haec
2405 803 2511 847 non
2550 799 2673 843 sunt
2708 788 2911 851 laetitia,
2935 788 3031 843 sed
3074 788 3394 858 supplicium
3437 798 3491 844 et
3528 803 3718 859 pana.

2114 880 2363 951 Magnam
2406 882 2549 936 enim
2585 881 2738 937 vobis
2772 881 3045 937 attrahitis
3074 882 3336 937 ultionem
3363 881 3492 937 dum
3519 882 3721 937 fratres

2122 973 2444 1029 contumelia
2467 973 2701 1040 afiicitis,
2721 974 3003 1029 ecclesiam
3043 973 3406 1040 contemnitis,
3439 984 3721 1030 sanctum-

2121 1080 2227 1134 que
2253 1064 2402 1120 illum
2429 1065 2605 1129 locum
2633 1065 2899 1136 propiunt
2925 1060 3145 1120 domum
3171 1063 3369 1130 facitis,
3391 1065 3604 1135 quando
3631 1068 3719 1119 ci-

2123 1157 2249 1221 bum
2286 1171 2532 1214 seorsum
2560 1157 2792 1224 sumitis.
2836 1157 2929 1212 His
2982 1165 3039 1211 et
3078 1172 3177 1212 vos
3219 1156 3439 1223 auditis,
3493 1156 3724 1219 fratres,

2124 1250 2370 1306 obturate
2399 1265 2495 1308 ora
2529 1266 2742 1314 eorum,
2769 1250 2860 1321 qui
2888 1250 3183 1319 apostolico
3202 1249 3729 1318 dictodoctrinaque

2124 1348 2325 1397 temere
2355 1351 2607 1406 utuntur;
2634 1341 2894 1411 corripite
2918 1355 3035 1406 eos,
3064 1341 3159 1411 qui
3186 1341 3240 1393 in
3262 1355 3417 1394 suum
3446 1340 3724 1394 aliorum-

2123 1446 2228 1504 que
2247 1430 2501 1497 damnum
2530 1432 2822 1503 Seripturis
2846 1440 3086 1487 utuntur.
3111 1430 3291 1486 Nostis
3317 1430 3459 1486 enim
3489 1430 3557 1485 de
3580 1447 3729 1501 qna-

2123 1540 2246 1579 nam
2273 1540 2333 1581 re
2358 1525 2462 1583 hac
2489 1524 2631 1581 dicat
2663 1540 2678 1577 :
2715 1524 2926 1595 Oportet
2963 1535 3133 1579 autem
3167 1534 3217 1580 et
3266 1526 3475 1579 hereses
3507 1541 3614 1578 me
3664 1526 3727 1577 in

2122 1616 2280 1684 nobis,
2304 1632 2497 1688 nempe
2520 1618 2589 1673 de
2608 1618 2832 1672 dissidio
2858 1619 3001 1672 circa
3027 1632 3269 1671 mensam
3299 1616 3499 1671 oboriri
3525 1617 3721 1681 solito,

2121 1711 2552 1783 quandoquidem
2591 1710 2738 1773 Alius
2773 1711 2974 1781 quidem
3000 1710 3189 1775 esurit,
3220 1710 3354 1764 alius
3394 1726 3509 1764 vero
3545 1710 3725 1764 ebrias

2121 1802 2705 1876 est(i.Cor.H.21).

2194 1897 2499 1951 Adltortatia
2540 1896 2609 1953 ad
2651 1912 2932 1970 pauperum
2968 1911 3170 1949 curam.
3194 1924 3264 1936 -—
3288 1896 3368 1949 Ac
3405 1909 3526 1949 cum
3566 1902 3725 1949 recta

2124 1991 2229 2053 fide
2256 1993 2378 2046 vitae
2399 1991 2661 2046 rationem
2687 2004 2808 2045 cum
2838 1988 3181 2060 dogmatibus
3207 1998 3590 2059 congruentem
3616 2002 3724 2042 ex-

2127 2083 2407 2143 hibeamus
2430 2123 2448 2150 ,
2486 2082 2712 2137 multam
2751 2096 2879 2151 erga
2928 2092 3196 2150 pauperes
3246 2078 3681 2135 benevolentiam
3706 2120 3725 2143 ,

2123 2176 2347 2231 multam
2392 2190 2684 2245 egenorum
2734 2189 2920 2229 curam
2965 2172 3357 2242 suscipiamus;
3386 2172 3723 2242 negotiatio-

2124 2276 2247 2331 nem
2276 2267 2610 2337 spiritualem
2645 2280 3017 2331 exerceamus,
3049 2264 3184 2319 nihil
3202 2264 3331 2335 plus
3361 2262 3725 2333 inquiramus,

2123 2375 2281 2439 quam
2323 2359 2619 2419 necessitas
2654 2358 2910 2427 postulet.
2941 2356 3034 2411 Hae
3058 2358 3184 2410 Sunt
3212 2352 3435 2422 divitiai,
3466 2354 3583 2411 llaec
3609 2370 3727 2410 ne-

2120 2450 2361 2520 gotiatio,
2406 2449 2493 2504 hic
2536 2448 2818 2505 thesaurus
2852 2446 3185 2513 lttdeficiens,
3213 2447 3261 2501 si
3301 2447 3479 2501 omnia
3530 2455 3725 2501 nostra

2124 2543 2181 2603 in
2219 2543 2411 2601 caelum
2451 2542 2833 2597 transferamus
2854 2581 2870 2607 ,
2901 2550 2957 2596 et
2994 2542 3138 2595 circa
3168 2541 3398 2611 depositi
3416 2539 3724 2595 custodiam

2124 2646 2270 2693 metu
2291 2636 2452 2691 soluti
2481 2634 2726 2690 ﬁdamus.
2756 2634 2959 2704 Duplex
3003 2646 3235 2704 namque
3276 2648 3343 2689 ex
3376 2634 3725 2704 eleemosyna

2124 2729 2277 2784 nobis
2303 2729 2509 2787 lucrum
2540 2725 2760 2781 accedet
2785 2743 2800 2778 :
2824 2724 2966 2794 quod
2987 2724 3195 2779 scilicet
3222 2724 3328 2779 neu
3356 2725 3492 2779 ultra
3516 2724 3723 2779 timea-

2124 2837 2241 2875 mus
2270 2821 2413 2875 circa
2442 2820 2713 2890 depositas
2740 2818 3013 2887 pecunias,
3043 2832 3114 2872 ne
3142 2816 3289 2871 fures
3318 2826 3411 2870 aut
3438 2830 3724 2870 murorum

2123 2913 2435 2981 cll'ossores,
2459 2921 2551 2965 aut
2594 2909 2909 2979 nequissimi
2951 2908 3092 2962 servi
3128 2908 3277 2977 ipsas
3322 2906 3722 2977 pessumdent:

2123 3013 2178 3067 et
2213 3004 2357 3075 quod
2387 3004 2465 3058 sic
2490 3001 2749 3072 depositae
2778 3017 2887 3068 non
2912 3011 3117 3057 temere
3141 3000 3367 3055 defossa:
3395 3001 3512 3054 sine
3538 3000 3723 3054 fructu

2118 3097 2362 3168 jaceattt;
2403 3096 2498 3157 sed
2554 3094 3003 3165 quemadmodum
3052 3094 3206 3147 radix
3259 3094 3313 3147 in
3361 3093 3544 3163 pingui
3596 3094 3727 3147 solo

2124 3191 2361 3269 plantata
2388 3205 2596 3251 annuos
2639 3190 3091 3259 tempestivosque
3130 3186 3334 3241 fructus
3381 3186 3608 3256 profert,
3640 3187 3727 3242 sic

2124 3293 2179 3337 et
2208 3289 2487 3352 argentum
2517 3280 2569 3334 in
2599 3290 2893 3349 pauperum
2928 3278 3178 3332 manibus
3214 3277 3452 3341 insitum,
3483 3291 3589 3331 non
3616 3292 3723 3330 an-

2124 3389 2261 3430 nuos
2300 3372 2499 3437 solum,
2524 3372 2617 3425 sed
2659 3371 2821 3425 etiam
2860 3368 3199 3439 quotidianus
3232 3369 3536 3438 Spirituales
3560 3370 3727 3422 nobis

2125 3465 2321 3520 referat
2349 3464 2571 3529 fructus,
2608 3463 2857 3525 fiduciam
2885 3477 3012 3531 erga
3041 3462 3229 3525 Deum,
3259 3471 3596 3530 peccatorum
3624 3477 3725 3514 γε·

2126 3558 2290 3623 niam,
2318 3571 2441 3613 eum
2489 3555 2696 3627 angelis
2716 3554 3186 3625 propinquitatem,
3213 3554 3592 3609 conscientiam
3617 3553 3723 3607 bo-

2125 3666 2271 3712 nam,
2302 3650 2539 3704 ltctitiam
2577 3648 2873 3716 spiritualis
2917 3646 3312 3709 exsultationis,
3342 3660 3490 3715 spem
3512 3645 3724 3714 pudore

2126 3759 2366 3806 vacuam,
2423 3742 2686 3797 mirabilia
2742 3742 2899 3805 bona,
2944 3755 3063 3809 qua:
3116 3739 3434 3808 prmparavit
3462 3738 3602 3792 Deus
3642 3738 3720 3791 ti-

2128 3837 2395 3890 mentibus
2434 3850 2511 3897 se,
2546 3834 2713 3901 iisque
2757 3833 2847 3899 qui
2896 3830 3120 3885 ferventi
3168 3829 3484 3899 ardentique
3535 3830 3723 3881 animo

2127 3927 2405 3995 requirunt
2454 3923 2878 3977 misericordiam
2929 3921 3191 3975 adventus
3230 3920 3367 3989 ejus.
3407 3920 3577 3985 Quam
3617 3934 3724 3972 nos

2126 4033 2314 4072 omnes
2337 4058 2350 4081 ,
2381 4016 2480 4069 hac
2508 4018 2614 4067 vita
2654 4012 2949 4068 secundum
2979 4013 3230 4081 placitum
3270 4010 3387 4078 ejus
3428 4019 3718 4073 transacta,

2126 4111 2337 4179 assequi
2364 4109 2656 4178 contingat,
2688 4123 2787 4161 nec
2808 4122 2915 4160 non
2946 4116 3205 4159 :ctcrnunt
3235 4119 3418 4158 eorum
3447 4103 3538 4171 qui
3565 4102 3717 4155 salu-

2130 4214 2233 4259 tem
2257 4213 2679 4270 consequuntur,
2711 4200 2984 4268 gaudium,
3010 4199 3178 4266 gratia
3207 4206 3259 4249 et
3286 4193 3723 4249 miserationibus

2127 4298 2239 4350 veri
2273 4297 2365 4350 Dei
2392 4308 2447 4349 et
2475 4295 2772 4349 Salvatoris
2812 4294 2979 4345 nostri
3026 4291 3154 4344 Jestt
3194 4290 3411 4351 Christi,
3438 4290 3523 4343 cui
3548 4290 3719 4358 gloria

2127 4387 2481 4458 etimperium
2512 4402 2633 4439 eum
2681 4385 2837 4438 l‘atre
2882 4383 3103 4453 ejusque
3146 4381 3488 4436 sanctiSsimo
3519 4380 3720 4450 Spiritu

2131 4484 2183 4536 in
2210 4481 2402 4537 saecula
2432 4478 2773 4534 sseculonnu.
2807 4478 2999 4531 Amen.

445 4760 1515 4778 Ww-ﬁ.
1544 4762 1561 4763 η
1622 4762 1641 4763 7
1704 4760 1721 4765 ν.
1742 4760 1781 4761 7,
1814 4754 1849 4761 γι
1998 4752 2027 4757 η-
2080 4756 2085 4757 ν
2120 4756 2125 4759 ν
2358 4753 2409 4757 μί
2438 4751 2495 4759 η.-
2516 4754 2521 4757 .
2544 4744 3569 4758 _,-__.___—__—_._...__v_____w‘.
3609 4740 3629 4747 λς

449 4750 3678 4801 M—W

1885 5010 2265 5079 MONITUM

527 5230 756 5297 )oannes
788 5233 1234 5305 Chrysostomus,
1267 5228 1361 5301 qui
1386 5244 1495 5283 non
1528 5224 1697 5282 semel
1732 5240 1799 5283 ex
1845 5233 2086 5294 tempore
2118 5220 2478 5276 concionalus
2513 5226 2630 5284 est,
2667 5216 2810 5271 hanc
2852 5215 3367 5271 habuit-heminam
3403 5216 3689 5269 occasione

439 5352 823 5410 ’mendicerum
854 5359 910 5405 ct
936 5363 1258 5421 egenorum,
1286 5358 1427 5416 quos
1469 5343 1667 5399 hiemis
1700 5350 1945 5410 tempore
1969 5339 2234 5409 jacentes,
2255 5350 2380 5391 cum
2409 5350 2503 5405 per
2528 5333 2706 5389 ferum
2731 5342 2786 5387 et
2805 5330 3126 5403 angiportus
3156 5330 3229 5384 ad‘
3248 5329 3535 5384 ceciesiam
3572 5338 3693 5395 per-

448 5476 619 5540 geret,
662 5471 961 5535 rcpererat.
1001 5461 1158 5517 Hunc
1211 5459 1281 5515 ad
1330 5456 1765 5514 concionandum
1814 5450 2156 5524 apparatum,
2198 5451 2328 5505 dum
2365 5450 2469 5504 iter
2502 5445 2723 5511 faceret,
2766 5442 3096 5500 adornavit:
3133 5452 3188 5497 et
3214 5442 3358 5497 hanc
3398 5442 3696 5512 elegantem

452 5582 777 5637 concionem
814 5578 882 5632 de
912 5576 1255 5647 eleemosyna
1290 5570 1750 5643 αὐτοσχεδιαστὴς
1777 5577 1962 5625 orator
1991 5567 2387 5638 pronuntiavit.
2418 5563 2550 5617 Eam
2582 5576 2750 5633 porro
2791 5560 3093 5615 Antiochia:
3122 5558 3367 5614 habitam
3413 5557 3580 5611 fuisse
3611 5557 3697 5609 in-

450 5697 620 5763 dicat,
651 5714 761 5753 non
791 5696 955 5751 modo
981 5711 1105 5751 cum
1142 5696 1237 5761 ait,
1279 5710 1337 5751 se
1366 5710 1461 5765 per
1493 5694 1670 5749 forum
1696 5702 1749 5747 et
1777 5691 2018 5762 angiport

2148 5689 2236 5743 διὰ
2266 5688 2362 5759 τῆς
2395 5688 2601 5757 ἀγορᾶς
2638 5686 2734 5740 καὶ
2774 5684 2884 5737 τῶν
2923 5681 3247 5749 στενωπῶν,
3289 5678 3571 5735 ecclesiam
3604 5692 3701 5745 pe-

453 5808 606 5867 tiisse
638 5831 652 5867 :
684 5828 861 5885 neque
892 5813 1039 5870 enim
1071 5827 1196 5868 cum
1222 5812 1512 5884 episcopus
1535 5806 2172 5884 Constantinopolitanus
2207 5817 2343 5879 erat,
2380 5816 2489 5863 tam
2521 5806 2713 5879 procul
2759 5803 2987 5862 ecclesia
3016 5802 3275 5874 degebat;
3326 5797 3421 5856 sed
3459 5795 3611 5852 etiam
3644 5802 3703 5847 et
