3990 6358
1140 261 1198 318 S.
1237 259 1522 318 JOANNIS
1558 260 2052 320 CIIRYSUSTOMI
2093 262 2412 318 ABCIIIEP.
2454 261 3011 319 CONSTANTINOP.

1514 616 1775 706 ΠΕΡΙ
1830 611 2516 703 ΕΛΕΗΜΟΣΥΝ
2528 612 2671 698 ΗΣ

427 809 835 885 Ἐκςρωνηθεὶς
861 809 932 865 ἐν
957 806 1040 876 τῷ
1075 803 1349 877 παριέναι
1371 801 1561 857 αὑτὸν
1574 796 2020 870 χειμῶνοςῶρᾳ,
2060 795 2161 856 καί
2194 795 2344 850 ίδεῖν
2373 799 2516 865 τοὺς
2569 798 2835 868 πένητας
2856 799 2956 853 καί
3002 799 3280 870 πτωχοὺς
3348 795 3724 864 ἀνεκιιισλύ-

1432 910 1576 960 τους
1611 889 2002 962 ἐρριμμένους
2032 889 2183 946 κατὰ
2211 888 2328 959 τὴν
2347 890 2593 961 ἀγοράν.

498 1249 567 1296 α’.
583 1241 693 1313 Πρε
703 1240 886 1294 σϐείαν
906 1239 1027 1294 τινά
1039 1240 1257 1294 δικαίαν
1276 1241 1371 1293 καὶ
1386 1238 1640 1309 λυσιτελῆ
1660 1241 1755 1293 καί⁵
1771 1239 2016 1312 πρέπουο

431 1343 534 1380 σαν
576 1326 705 1396 ὑμῖν
737 1324 972 1392 ἀνέστην
1003 1327 1363 1394 ποιησόμενος
1407 1323 1648 1394 τήμερον
1681 1323 1821 1394 πρὸς
1849 1324 2016 1394 ὑμᾶςι

429 1411 618 1482 ἐτέρου
649 1409 748 1480 μὲν
767 1408 1000 1472 οὐδενὸς,
1023 1407 1132 1462 τῶν
1160 1408 1217 1461 δὲ
1239 1408 1338 1479 τὴν
1383 1406 1541 1460 πόλιν
1571 1407 1867 1461 οἰκούντων
1883 1410 2020 1478 ἡμῖν

430 1493 664 1564 πτωχῶν
705 1493 801 1546 ἐπὶ
832 1491 1037 1563 ταύτην
1071 1509 1138 1562 με
1170 1490 1689 1561 χειροτονησάντων,
1716 1490 1777 1543 οὐ
1807 1492 2020 1562 ῥήμασι

433 1578 527 1632 καὶ
555 1573 871 1646 ψηφίσμασι
903 1575 998 1628 καὶ
1035 1575 1221 1644 κοινῆς
1251 1573 1443 1644 γνώμη
1483 1573 1701 1644 βουλῆς,
1745 1574 1884 1628 ἀλλά
1931 1574 2022 1629 διά

430 1660 539 1714 τῶν
570 1658 859 1730 θεαμάτων
883 1657 991 1711 τῶν
1020 1657 1268 1711 ἐλεεινῶν
1296 1659 1392 1711 καὶ
1419 1657 1785 1728 πικροτάτων.
1802 1656 2025 1728 Παριὼν

431 1744 543 1814 γάρ
569 1742 656 1796 διὰ
677 1743 779 1813 τῆς
802 1743 1010 1812 ἀγορᾶς
1036 1741 1129 1794 καὶ
1154 1741 1262 1794 τῶν
1292 1740 1606 1804 στενωπῶν,
1641 1741 1736 1794 καὶ
1760 1740 1900 1812 πρὸς
1923 1740 2026 1811 τὴν

434 1825 705 1897 ὑμετέραν
761 1825 975 1878 σύνοδον
1024 1823 1306 1889 σπεύδων,
1372 1819 1492 1877 εἶτα
1545 1823 1689 1894 ὁρῶν
1734 1825 1792 1876 ἐν
1841 1823 2029 1894 μέσοις

433 1910 693 1981 ἀμφόδοις
709 1909 1078 1981 ἐρριμμένους
1094 1907 1344 1971 πολλοὺς,
1363 1907 1594 1971 καὶτοὺς
1621 1907 1721 1979 μὲν
1731 1906 1829 1970 τάς
1841 1909 2030 1979 χεῖρας

435 1993 892 2063 ἐκκεκομμένους,
913 1993 1039 2055 τούς
1055 1991 1113 2044 δέ
1137 1991 1264 2054 τοὺς
1285 1990 1618 2062 ὀφθαλμοὺς,
1635 1990 1762 2054 τοὺς
1777 1989 1834 2043 δέ
1856 1990 2031 2050 ἐλκῶν

435 2075 532 2129 καί⁵
559 2074 888 2147 τραυμάτων
906 2075 1143 2129 ἀνιάτων
1169 2074 1460 2145 γέμοντας,
1488 2074 1768 2129 καὶταῦτα
1792 2075 2034 2146 μάλιστα

435 2159 838 2230 προϐάλλοντας
863 2159 972 2213 τῶν
1005 2157 1210 2230 μερῶν,
1243 2157 1280 2212 ἃ
1312 2157 1721 2227 συγκαλύπτειν
1741 2159 2033 2229 ἀναγκαῖον

433 2240 502 2316 ῆν
523 2243 610 2298 διὰ
635 2245 736 2314 τὴν
768 2242 1200 2312 ἐναποκειμένην
1245 2241 1428 2304 αὐτοῖς
1462 2241 1753 2312 σηπεδόνα,
1800 2243 2042 2314 ἐσχάτης

436 2328 667 2398 ἐνόμισα
688 2326 1085 2396 ἀπανθρωπίας
1115 2321 1275 2388 εἶναι,
1308 2325 1372 2378 τὸ
1411 2324 1488 2396 μὴ
1516 2327 1647 2396 περὶ
1681 2323 1888 2378 τούτων
1917 2325 2037 2380 δια-

435 2410 693 2480 λεχθῆναι
729 2409 866 2479 πρὸς
907 2410 1008 2478 τὴν
1060 2409 1342 2479 ὑμετέραν
1379 2409 1625 2479 ἀγάπην,
1660 2409 1756 2462 καὶ
1800 2407 2037 2478 μάλιστα

442 2494 580 2563 μετὰ
603 2491 713 2546 τῶν
751 2491 1062 2563 εἰρημένων
1085 2491 1180 2544 καὶ
1206 2489 1304 2545 τοῦ
1331 2489 1523 2562 καιροῦ
1553 2491 1692 2562 πρὸς
1731 2490 1892 2546 τοῦτο
1914 2508 2040 2544 συν-

437 2575 702 2639 ωθοῦντος
719 2577 886 2647 ἡμᾶς.
906 2575 1018 2628 Ἀεὶ
1050 2575 1151 2645 μὲν
1179 2573 1288 2646 γὰρ
1310 2573 1609 2642 ἀναγκαῖον
1635 2575 1764 2637 τοὺς
1790 2574 1918 2645 περὶ
1938 2575 2038 2645 τῆς

439 2659 565 2731 ἐλεη
573 2659 811 2731 μοσύνης
833 2658 1108 2718 ποιεῖσθαι
1135 2657 1348 2728 λόγους,
1371 2656 1561 2728 ἐπειδὴ
1595 2658 1692 2712 καὶ
1727 2659 1893 2728 ἡμεῖς
1910 2656 2039 2711 πολ-

438 2743 539 2815 λῆς
569 2743 771 2813 ταύτης
819 2742 970 2814 παρά
1015 2742 1116 2799 τοῦ
1141 2743 1471 2814 ποιήσαντος
1513 2743 1664 2813 ἡμᾶς
1691 2741 1924 2813 δεόμεθα
1944 2745 2040 2800 Δε-

440 2828 662 2881 σπότου.·
699 2827 931 2897 μάλιστα
973 2825 1031 2880 δὲ
1065 2827 1123 2879 ἐν
1151 2825 1233 2892 τῷ
1271 2825 1500 2897 παρόντι
1529 2824 1727 2897 καιρῷ,
1753 2825 1843 2879 ὅτε
1871 2824 2040 2890 πολὺς

439 2911 469 2962 ό
497 2909 722 2980 κρυμός.
767 2911 854 2962 Ἐν
889 2909 987 2980 μὲν
1023 2909 1133 2980 γάρ
1163 2907 1243 2980 τῷ
1292 2907 1442 2981 θέρει
1483 2908 1690 2980 πολλὴν
1741 2908 1896 2981 παρὰ
1938 2909 2040 2980 τῆς

441 2993 590 3062 ὥρας
628 2993 810 3063 έχουσι
839 2991 1196 3064 παραμυθίαν
1228 2991 1278 3044 οἱ
1314 2991 1569 3063 πένητες·
1609 2992 1703 3046 καὶ
1733 2990 1888 3066 [249]
1929 2991 2040 3063 γὰρ

445 3079 536 3130 καὶ
569 3076 808 3146 γυμνοὺς
842 3073 1080 3146 βαδίζειν
1114 3076 1421 3140 ἀκίνδυνον,
1453 3077 1576 3130 ἀντὶ
1617 3076 1914 3148 περιϐολῆς
1941 3077 2042 3148 τῆς

444 3164 660 3225 ἀκτῖνος
682 3161 957 3232 ἀρκούσης
994 3161 1200 3224 αὐτοῖς,
1231 3163 1319 3214 ἐπ’
1358 3161 1591 3231 ἐδάφους
1625 3162 1814 3226 ἁπλῶς
1843 3161 2042 3215 καθεύ-

443 3245 556 3298 δειν
595 3246 688 3304 καὶ
713 3243 957 3315 αίθρίους
1005 3243 1442 3315 διανυκτερεύειν
1487 3244 1749 3314 ἀσφαλές·
1783 3245 1878 3298 καὶ
1914 3242 2038 3298 οὐτε

444 3330 814 3400 ὑποδημάτων
836 3329 1020 3393 αὐτοῖς
1057 3328 1214 3399 χρεία
1251 3328 1511 3401 τοσαύτη,
1547 3329 1670 3383 οὐτε
1709 3329 2038 3392 οίνοποσίας,

444 3415 570 3467 οὔτε
602 3412 990 3482 δαψιλεστέιρας
1040 3412 1273 3482 τροφῆς,
1306 3413 1422 3466 ἀλλ’
1460 3413 1757 3484 ἀρκοῦνται
1799 3413 1896 3483 μέν
1921 3416 2041 3475 ταῖς

446 3497 554 3550 τῶν
590 3496 796 3549 ὑδάτων
817 3494 1428 3565 πηγαῖς,ἀρκοῦνταιδέ
1460 3499 1509 3549 οἱ
1531 3497 1628 3566 μὲν
1651 3496 1760 3548 τῶν
1792 3495 2041 3565 λαχάνων

452 3583 565 3642 τοῖς
592 3578 962 3650 φαυλοτέροις,
993 3580 1043 3632 οἱ
1080 3579 1137 3632 δὲ
1155 3581 1492 3650 σπερμάτων
1526 3579 1709 3650 ξηρῶν
1737 3578 2039 3649 ὀλιγότητι,

449 3663 519 3733 τῆ
562 3662 710 3732 ὧρας
733 3662 827 3714 τοῦ
853 3662 1005 3725 ἐτους
1028 3662 1453 3734 ἐσχεδιασμένην
1483 3663 1667 3726 αὐτοῖς
1691 3661 2040 3734 παρεχούσης

451 3749 549 3817 τὴν
581 3746 880 3816 τράπεζαν.
923 3747 1040 3800 Kal:
1059 3745 1262 3816 ταύτης
1286 3747 1343 3800 δὲ
1380 3748 1481 3800 οὐκ
1515 3747 1773 3801 ἐλάττονα
1822 3747 2038 3816 ἔχουσιν

453 3831 646 3900 ἑτέραν
676 3830 1054 3898 παραμυθίαν,
1083 3830 1183 3900 τὴν
1233 3831 1331 3901 τῆς
1393 3830 1660 3900 ἐργασίας
1693 3829 1960 3884 εὐκολίαν·
1989 3829 2041 3880 οί

451 3915 560 3984 γὰρ
597 3915 696 3979 τὰς
724 3914 902 3977 οἰκίας
935 3914 1402 3985 οἰκοδομούμενοι,
1451 3915 1544 3968 καὶ
1564 3917 1612 3967 οί
1640 3913 1739 3984 τὴν
1765 3914 1868 3985 γῆν
1908 3911 2042 3965 σκά-

452 4016 699 4061 πτοντες,
732 3999 826 4050 καὶ
849 3999 902 4051 οί
941 3998 1039 4070 τὴν
1075 3999 1348 4053 θάλασσαν
1375 3999 1651 4062 πλέοντες,
1697 3999 1796 4067 τῆς
1837 3996 2042 4050 τούτων

453 4083 688 4152 μάλιστα
716 4082 930 4135 δέονται
961 4082 1271 4152 συνεργίας.
1295 4084 1406 4137 Καὶ
1427 4083 1564 4154 ὅπερ
1585 4083 1698 4144 τοῖς
1722 4079 2042 4133 πλουτοῦσιν

447 4167 609 4236 ἀγροὶ
646 4165 736 4218 καὶ
789 4165 956 4218 οἰκίαι
996 4165 1092 4217 καὶ
1123 4164 1308 4218 λοιπαὶ
1336 4164 1607 4234 πρόσοδοι,
1635 4163 1793 4218 τοῦτο
1831 4163 2042 4226 τούτοις

447 4250 510 4301 τὸ
532 4248 691 4318 σῶμά
726 4249 840 4301 ἐστι
869 4248 964 4300 καὶ
1001 4250 1150 4301 πᾶσα
1179 4247 1290 4302 ἀπὸ
1319 4248 1428 4301 τῶν
1459 4247 1660 4319 χειρῶν
1694 4249 1727 4316 ἡ
1760 4246 2040 4317 πρόσοδος,

448 4331 714 4402 ἑτέρωθεν
767 4331 824 4383 δὲ
861 4331 1182 4402 οὐδαμόθεν.
1236 4331 1335 4385 Διά
1385 4332 1544 4384 τοῦτο
1569 4330 1760 4400 θέρους
1790 4329 1890 4400 μὲν
1910 4330 2046 4381 ἀπο.

448 4413 670 4468 λαύουσί
696 4431 840 4475 τινος
861 4414 1235 4486 παραμυθίας·
1264 4417 1322 4467 ἐν
1346 4413 1402 4467 δέ
1432 4417 1498 4484 τῇ
1529 4413 1622 4466 τοῦ
1638 4412 1904 4483 χειμῶνος
1923 4411 2044 4482 ὥρᾳ

450 4499 621 4561 πολὺς
665 4499 850 4562 αὐτοῖς
877 4498 1143 4553 πάντοθεν
1194 4500 1223 4552 ὁ
1257 4498 1515 4570 πόλεμος,
1557 4498 1650 4550 καὶ
1690 4495 1853 4566 διπλῆ
1881 4496 1914 4565 ή
1943 4511 2042 4547 πο-
2103 4499 2108 4508 ‘

451 4585 686 4656 λιορκία.
723 4583 817 4637 τοῦ
844 4582 1005 4654 λιμοῦ
1039 4583 1418 4645 κατεσθίοντος
1457 4582 1606 4635 ἔνδον
1634 4581 1704 4634 τὰ
1735 4580 2068 4649 σπλάγχνα,

448 4669 544 4721 τοῦ
576 4667 791 4740 κρυμοῦ
818 4666 1124 4737 πηγνύντος
1139 4667 1236 4736 τὴν
1267 4667 1445 4736 σάρκα
1470 4663 1693 4728 ἔξωθεν,
1719 4664 1814 4717 καὶ
1843 4659 2045 4732 νεκράν

449 4753 838 4823 ἐργαζομένου.
883 4750 975 4804 Διὸ
1012 4751 1108 4805 καὶ
1155 4751 1399 4813 πλείονος
1453 4751 1550 4820 μὲν
1605 4749 1792 4812 αὐτοῖς
1837 4749 2044 4818 τροφῆς

447 4836 546 4900 δεῖ,
581 4835 938 4907 ἰσχυροτέρας
971 4833 1029 4888 δέ
1057 4837 1156 4904 τῆς
1199 4832 1514 4904 περιϐολῆς,
1555 4831 1650 4882 καὶ
1681 4829 1900 4900 στέγης,
1949 4829 2045 4882 καὶ

453 4919 720 4982 στιϐάδος,
772 4920 865 4972 καὶ
897 4917 1278 4988 ὑποδημάτων,
1310 4917 1405 4969 καὶ
1436 4915 1647 4969 πολλῶν
1679 4914 1903 4984 ἐτέρων.
1936 4914 2046 4966 Καὶ

450 5003 511 5055 τὸ
529 5003 592 5072 δὴ
624 5003 837 5055 πάντων
868 5000 1270 5072 χαλεπώτερον,
1307 5001 1432 5054 οὐδὲ
1471 4987 1734 5070 ἐργασίας
1778 4997 1863 5060 τίς
1894 4997 2044 5049 ἐστιν

451 5086 635 5146 αὐτοῖς
683 5085 931 5154 εὐπορία·
955 5085 1017 5137 οὑ
1065 5085 1172 5155 γὰρ
1216 5082 1501 5154 ἐπιτρέπει
1529 5081 1622 5134 τοῦ
1653 5081 1806 5144 ἔτους
1832 5081 1864 5152 ἡ
1896 5079 2035 5151 ὥρα.

465 5167 621 5222 Ἐπεὶ
647 5162 738 5219 οῦν
763 5168 857 5218 καὶ
890 5166 1090 5220 πλείων
1117 5167 1351 5236 αύτοῖςή
1380 5165 1490 5217 τῶν
1509 5165 1823 5232 ἀναγκαίων
1854 5165 2036 5234 χρεία,

452 5252 548 5304 καὶ
580 5249 641 5302 τὸ
671 5248 999 5319 ἐργάζεσθαι
1035 5251 1174 5320 μετά
1202 5249 1393 5302 τούτου
1423 5249 1794 5320 παρῄρηνται,
1826 5246 2039 5308 οὐδενὸς

453 5335 577 5396 τούς
593 5331 811 5393 ἀθλίους
844 5331 1226 5402 μισθουμένου,
1266 5332 1386 5384 οὐδέ
1430 5332 1720 5396 καλοῦντος
1749 5332 1829 5393 εἰς
1856 5330 2042 5383 διακο-

453 5418 592 5480 νίαν,
621 5416 776 5486 φέρε,
801 5415 903 5477 τὰς
924 5415 1031 5468 τῶν
1053 5417 1358 5488 ἐλεημόνων
1384 5415 1794 5484 ἀντεισάγωμεν
1849 5415 2040 5484 χεῖρας

454 5503 574 5556 ἀντὶ
606 5501 714 5554 τῶν
767 5500 1164 5570 μισθουμένων,
1212 5503 1304 5555 τὸν
1335 5501 1550 5572 άληθῶς
1593 5499 1906 5571 προστάτην
1936 5498 2036 5551 ’καὶ

455 5585 726 5655 κηδεμόνα
765 5585 877 5637 τῶν
921 5585 980 5637 ἐν
1015 5586 1173 5654 πενία
1231 5585 1450 5650 ζὼντων
1504 5585 1716 5640 Παῦλον
1771 5581 2044 5653 συνεργὸν,

455 5671 590 5740 πρὸς
619 5665 718 5740 τήν
745 5667 1041 5741 πρεσϐείαν
1075 5669 1274 5739 ταύτην
1323 5667 1597 5732 λαϐόντες.
1635 5669 1744 5722 Καὶ
1771 5667 1876 5739 γὰρ
1907 5665 2031 5720 πολ-

2117 1239 2216 1312 λὴν
2241 1239 2336 1294 τοῦ
2358 1237 2682 1310 πράγματος
2710 1237 2944 1290 ποιεῖται
2971 1235 3070 1306 τὴν
3097 1235 3358 1308 πρόνοιαν
3409 1229 3587 1298 οὗτος,
3625 1234 3721 1287 καὶ

2118 1326 2252 1395 ὅσην
2288 1323 2465 1386 οὐδεὶς
2489 1323 2696 1392 ἕτερος.
2729 1321 2831 1375 Διά
2856 1337 2939 1373 τοι
2963 1319 3124 1373 τοῦτο
3141 1320 3282 1383 τοὺς·
3299 1318 3550 1390 μαθητὰς
3580 1319 3720 1389 πρὸς

2120 1409 2212 1462 τὸν
2247 1408 2453 1479 Πέτρον
2483 1406 2812 1476 διελόμενος,
2841 1405 2942 1477 τὴν
2979 1404 3088 1459 τῶν
3120 1405 3369 1474 πενήτων
3397 1405 3458 1457 οὐ
3493 1403 3720 1456 διείλετο

2123 1491 2482 1563 προστασίαν·
2517 1489 2632 1543 ἀλλ’
2659 1487 2862 1553 εἰπὼν,’
2882 1489 2965 1541 ὃτι
2993 1487 3196 1554 Δεξιὰς
3223 1481 3456 1541 ἔδωκαν
3475 1487 3604 1556 ἐμοί
3623 1486 3723 1540 καί

2125 1575 2403 1645 Βαρνάϐᾳ
2421 1575 2757 1640 κοινωνίας,
2774 1574 2875 1626 ἵνα
2894 1573 3066 1642 ἡμεῖς
3085 1575 3172 1638 είς
3192 1571 3264 1626 τὰ
3280 1571 3451 1639 ἔθνη,
3468 1570 3638 1625 αὐτοὶ
3655 1571 3724 1624 δὲ

2124 1663 2214 1726 είς
2225 1658 2339 1727 τὴν
2355 1657 2702 1727 περιτομὴν,
2716 1657 2986 1728 ἐπήγαγε,
2997 1659 3204 1711 Μόνον
3224 1655 3342 1709 τῶν
3360 1654 3615 1724 πτωχῶν
3625 1657 3725 1708 ἵνα

2122 1744 2616 1815 μνημονεύωμεν,
2631 1740 2662 1794 ὃ
2681 1740 2780 1793 καὶ
2804 1739 3161 1794 ἐσπούδασα
3181 1738 3328 1793 αὐτὸ
3358 1739 3536 1793 τοῦτο
3562 1737 3725 1804 ποιῆο

2129 1841 2254 1882 σαι.
2288 1825 2398 1880 Καὶ
2421 1823 2531 1896 γάρ
2561 1821 2840 1894 πανταχοῦ
2866 1821 2977 1877 τῶν
3019 1817 3349 1875 Ἐπιστολῶν
3361 1820 3454 1874 τὸν
3468 1824 3599 1894 περὶ
3613 1822 3732 1875 τού-

2128 1928 2239 1965 των
2269 1909 2515 1979 είσφέρει
2560 1907 2741 1977 λόγον,
2791 1906 2886 1960 καὶ
2915 1906 3017 1958 οὐκ
3065 1904 3214 1959 ἐστιν
3255 1905 3439 1976 εὑρεῖν
3470 1904 3727 1974 οὐδεμίαν

2131 1994 2421 2063 ἐπιστολὴν
2445 1992 2651 2063 ταύτης
2671 1991 2829 2056 ἐκτὸς
2866 1987 3033 2046 οὖσαν
3051 1990 3154 2062 τῆς
3184 1989 3581 2064 παραινέσεως.
3609 1985 3728 2043 Οἰδε

2131 2080 2264 2152 γὰρ,
2292 2075 2434 2132 οἶδεν
2468 2081 2568 2148 ὅση
2598 2077 2691 2131 τοῦ
2756 2077 3087 2150 πράγματος
3123 2077 3157 2148 ή
3220 2075 3394 2146 ίσχύς·
3439 2075 3530 2128 διὰ
3571 2073 3730 2127 τοῦτο

2134 2163 2388 2234 καθάπερ
2424 2161 2702 2233 οἰκοδομῇ
2725 2161 3052 2232 θαυμαστὴν
3088 2158 3292 2232 ὀροφὴν
3322 2157 3592 2220 ἐπιτιθεξ
3613 2160 3730 2220 ταῖς

2135 2248 2350 2311 λοιπαῖς
2398 2246 2757 2317 παραινέσεσι
2807 2245 2904 2298 καὶ
2939 2242 3294 2314 συμϐουλαῖς,
3323 2243 3424 2314 τὴν
3456 2243 3588 2312 περὶ
3607 2242 3729 2294 τού-

2137 2351 2247 2388 των
2276 2333 2491 2400 εἰσάγει
2527 2330 2904 2385 διδασκαλίαν.
2929 2330 3110 2400 Ὅπερ
3141 2323 3237 2381 οὖν
3256 2330 3352 2380 καὶ
3373 2327 3613 2380 ἐνταῦθα
3640 2343 3727 2378 πει

2140 2414 2338 2486 ποίηκε
2396 2414 2699 2485 διαλεχθεὶς
2753 2414 2884 2484 περὶ
2921 2411 3294 2474 ἀναστάσεως,
3352 2410 3449 2463 καὶ
3494 2411 3564 2464 τά
3601 2410 3739 2464 ἄλλα

2138 2497 2443 2570 διορθώσας
2493 2500 2730 2562 ἅπαντα,
2784 2498 2865 2562 εἰς
2922 2497 3015 2550 τὸν
3052 2497 3182 2568 περὶ
3221 2495 3323 2564 τῆς
3366 2494 3734 2573 ἐλεημοσύνης

2138 2583 2404 2638 κατέλυσε
2432 2582 2612 2651 λόγον,
2645 2581 2820 2646 οὑτως
2851 2579 3044 2634 εἰπών·
3087 2580 3227 2648 Περὶ
3258 2579 3326 2632 δὲ
3359 2576 3468 2645 τῆς
3523 2579 3733 2648 ,ζργίας

2138 2669 2252 2737 τῆς
2272 2670 2362 2735 εἰς
2381 2668 2524 2732 τοὺς
2554 2668 2787 2737 ἁγίους,
2818 2666 3016 2733 καθὼς
3037 2665 3282 2730 διέταξα
3308 2663 3438 2732 ταῖς
3486 2665 3734 2730 Ἐκκλη.

2139 2754 2304 2820 σίαις
2330 2751 2443 2822 τῆς
2488 2751 2816 2818 Γαλατίας,
2861 2750 3016 2804 οὕτω
3069 2750 3169 2803 καί
3198 2747 3370 2818 ὑμεῖς
3422 2747 3734 2818 ποιήαατε·

2141 2837 2296 2893 κατὰ
2345 2839 2494 2908 μίαν
2522 2835 2840 2891 σαϐϐάτων
2869 2835 3133 2901 ἕκαστος,
3153 2825 3341 2904 ὑμῶν.
3378 2833 3584 2886 Σκόπει
3614 2833 3733 2887 σύν-

2140 2940 2258 2976 εσιν
2280 2920 2672 2990 ἀποστολικὴν,
2719 2918 2838 2982 πῶς
2872 2919 3149 2989 εὐκαίρως
3188 2916 3397 2986 ταύτης
3424 2915 3735 2989 ῆψατο.τῆς

2142 3006 2540 3078 παραινέσεως.
2600 3003 2820 3074 Ἐπειδὴ
2871 3002 2982 3074 γάρ
3013 3003 3289 3073 ἀνέμνησε
3319 3001 3415 3055 τοῦ
3454 3001 3735 3073 μέλλοντος

2140 3089 2514 3161 δικαστηρίου,
2546 3087 2642 3141 καὶ
2679 3086 2773 3140 τοῦ
2812 3087 3056 3158 βήματος
3102 3085 3310 3140 ἐκείνου
3345 3085 3440 3148 τοῦ
3481 3084 3736 3157 φοϐεροῦ,

2143 3173 2239 3228 καὶ
2265 3173 2363 3242 τῆς
2391 3172 2572 3241 δόξης,
2592 3167 2661 3244 ἦς
2679 3170 3080 3242 ἀμφιέννυσθαι
3106 3168 3330 3240 ἔμελλον
3361 3170 3411 3222 οί
3443 3170 3733 3240 κατωρθω·

2142 3257 2322 3320 κότες,
2353 3256 2447 3309 καὶ
2476 3256 2577 3324 τῆς
2625 3253 2898 3308 ἀθανάτου
2949 3253 3254 3325 διατριϐῆς·
3293 3253 3417 3306 τότε
3449 3251 3643 3306 λοιπὸν
3665 3255 3736 3316 είς

2141 3339 2235 3394 τὸν
2262 3338 2393 3410 περὶ
2421 3337 2628 3391 τούτων
2666 3336 2928 3407 ἐμϐάλλει
2959 3336 3140 3410 λόγον,
3194 3336 3282 3390 ἵνα
3318 3339 3442 3409 ταῖς
3474 3339 3736 3408 χρησταῖς

2142 3421 2353 3476 ἐλπίσιν
2383 3419 2730 3487 ἀναπνεύσας
2765 3421 2858 3474 καὶ
2892 3421 3038 3491 ρᾁν
3057 3419 3350 3490 γενόμενος
3367 3421 3402 3492 ,ὁ
3427 3421 3735 3493 ἀκροατὴς,

2145 3503 2286 3575 μετὰ
2333 3502 2576 3566 πλείονος
2623 3503 2786 3556 αὐτὸν
2841 3502 3203 3573 καταδέξηται
3256 3504 3355 3574 τῆς
3401 3503 3735 3575 προθυμίας,

2141 3586 2526 3657 ἐνακμάζοντα
2554 3585 2651 3651 τὸν,
2679 3585 2844 3655 φόϐον
2875 3584 3028 3659 [ἓὸῡ]
3062 3587 3201 3656 ἔχων
3222 3587 3322 3656 τῆς
3347 3587 3609 3659 κρίσεως,
3645 3588 3733 3642 καὶ

2141 3670 2545 3742 γαυριωμένην»
2557 3669 2656 3739 τὴν
2677 3669 2859 3739 ψυχὴν
2886 3671 3008 3733 ταῖς
3040 3671 3148 3743 τῶν
3189 3669 3571 3741 ἀποκειμένων
3600 3672 3734 3740 ἀγα-

2144 3753 2252 3808 θῶν
2279 3752 2650 3824 προσδοκίαις.
2683 3753 2741 3804 'O
2774 3751 2882 3823 γάρ
2904 3754 3031 3823 περὶ
3061 3743 3413 3816 ἀναστάσεως
3441 3753 3733 3826 δυνάμενος

2143 3837 2473 3907 φιλοσοφεῖν,
2530 3835 2626 3889 καὶ
2663 3836 3011 3908 μεταστήσας
3055 3836 3248 3910 ἐαυτὸν
3307 3836 3427 3890 ὅλον
3471 3837 3612 3908 πρὸς
3641 3837 3732 3908 τήν

2144 3921 2264 3973 ἐκεῖ
2319 3917 2485 3985 ζωὴν.
2537 3917 2692 3990 οὐδὲν
2751 3919 3021 3989 ἡγήσεται
3071 3917 3143 3972 τὰ
3185 3920 3428 3994 παρόντα
3478 3916 3642 3983 εἰναι,
3675 3920 3731 3972 οὐ

2144 4002 2396 4069 πλοῦτον,
2421 4000 2521 4056 οὐκ
2551 4001 2832 4073 εὐπορίαν,
2867 4002 2928 4055 οὐ
2959 4003 3205 4072 χρυσίον,
3239 4004 3338 4055 οὐκ
3354 4003 3728 4078 ἄργυρον,οὐχ

2147 4085 2377 4158 ἱματίων
2403 4085 2719 4156 περιϐολὴν,
2753 4085 2816 4138 οὐ
2847 4087 3081 4159 τρυφὴν,
3120 4087 3182 4139 οὐ
3208 4087 3486 4156 τραπέζας
3514 4087 3723 4140 πολυτεο

2144 4169 2279 4231 λεῖς,
2311 4168 2411 4221 οὐκ
2434 4167 2564 4222 ἄλλο
2594 4168 2704 4221 τῶν
2731 4167 2987 4223 τοιούτων
3029 4169 3204 4222 οὐδέν·
3240 4171 3268 4222 ό
3286 4169 3343 4222 δὲ
3371 4170 3547 4224 ταῦτα
3573 4171 3726 4240 μηδὲν

2145 4248 2290 4306 εἶναι
2340 4251 2600 4321 νομίζων,
2641 4250 3006 4323 εὐκολώτερον
3045 4255 3143 4322 τῆς
3186 4251 3296 4305 τῶν
3328 4255 3582 4323 πενήτων
3618 4253 3710 4307 ἀνθ

2146 4334 2326 4406 ἐξεται
2351 4333 2708 4406 προστασίας.
2755 4334 2856 4386 Διά
2905 4335 2962 4388 δέ
3000 4334 3158 4389 τοῦτο
3184 4337 3279 4389 καὶ
3308 4337 3525 4401 Παῦλος
3558 4338 3727 4401 καλῶς

2148 4416 2685 4488 προπαρασκευάσας
2734 4418 2914 4469 αὐτῶν
2951 4417 3048 4489 τήν
3097 4419 3336 4472 διάνοιαν
3374 4423 3443 4490 τῇ
3481 4422 3724 4492 περὶτῆς

2146 4499 2498 4562 ἀναστάσεως
2519 4499 2830 4569 φιλοσοφίᾳ,
2845 4499 2966 4552 τότε
2984 4502 3247 4572 εἰσήγαγε
3271 4503 3372 4572 τὴν
3391 4507 3724 4575 παραίνεσιν.

2218 4580 2325 4636 Καὶ
2351 4582 2454 4635 οὐκ
2481 4576 2624 4646 εἷπε,
2643 4583 2779 4652 Περὶ
2800 4581 2857 4634 δέ
2886 4583 2983 4653 τῆς
3005 4583 3190 4652 λογίας
3205 4586 3304 4653 τῆς
3332 4589 3412 4654 είς
3439 4589 3567 4652 τοὺς
3593 4607 3726 4652 πτω-

2145 4665 2294 4734 χοὺς,
2320 4663 2462 4728 οὐδὲ,
2490 4664 2590 4733 τῆς
2621 4666 2701 4728 είς
2728 4666 2854 4729 τοὺς
2883 4667 3140 4736 πένητας,
3177 4666 3338 4730 ἀλλὰ,
3360 4664 3475 4734 τῆς
3492 4670 3580 4732 εις
3598 4669 3728 4729 τοὺς

2143 4743 2370 4813 ἁγίους·
2386 4743 2657 4816 παιδεύων
2689 4748 2816 4810 τοὺς
2851 4746 3150 4811 ἀκούοντας
3183 4748 3275 4799 καὶ
3323 4749 3451 4811 τοὺς
3482 4751 3541 4801 ἐν
3576 4749 3726 4817 πενία

2148 4827 2472 4900 θαυμάζειν,
2513 4830 2642 4882 ὅταν
2669 4831 2914 4895 εὐσεϐεῖς
2961 4826 3085 4896 ὧσι,
3134 4831 3378 4895 καὶτοὺς
3409 4833 3468 4885 ἐν
3521 4831 3726 4901 πλούτῳ

2145 4911 2445 4977 διαπτύειν,
2480 4914 2608 4966 ὅταν
2638 4915 2840 4987 ἀρετῆς
2870 4915 3303 4986 καταφρονῶσιν.
3337 4911 3459 4969 Οἵδε
3483 4915 3614 4985 γοῦν
3641 4918 3726 4968 καὶ

2149 4996 2373 5058 βασιλέα
2408 4995 2635 5067 βέϐηλον
2663 4997 2847 5049 καλεῖν
2893 4999 2984 5051 καί
3014 4999 3353 5069 παράνομον,
3386 5001 3517 5053 ὅταν
3543 4999 3723 5070 ἐχθρὸς

2142 5075 2174 5152 ᾗ
2207 5078 2287 5149 τῷ
2329 5079 2471 5148 Θεῷ,
2508 5080 2602 5132 καὶ
2635 5081 2886 5150 πτωχοὺς
2925 5083 3134 5150 άγίους,
3161 5085 3289 5138 ὅταν
3337 5085 3604 5148 ἐπιεικεῖς
3629 5078 3722 5136 ὦσι

2144 5163 2238 5216 καὶ
2267 5161 2495 5231 μέτριοι.
2529 5162 2632 5214 Τὸν
2663 5162 2793 5228 γοῦν
2847 5163 3075 5233 Νέρωνα
3131 5169 3429 5238 μυστήριον
3458 5171 3560 5236 τῆς
3612 5169 3722 5220 ἀνο-

2149 5245 2277 5316 μίας
2313 5244 2490 5308 καλεῖ,
2517 5245 2712 5312 λέγων·
2782 5240 2853 5300 Τὸ
2892 5249 3002 5316 γὰρ
3034 5249 3375 5318 μυστήριον
3425 5251 3545 5319 ἤδη
3571 5251 3725 5319 ἐνερ-

2143 5327 2328 5398 γεῖται
2350 5327 2458 5395 τῆς
2490 5329 2764 5398 ἀνομίας·
2800 5329 3025 5394 τούτους
3057 5331 3112 5384 δὲ
3146 5334 3240 5394 καὶ⁸
3276 5334 3536 5405 οὐδὲτῆς
3565 5337 3725 5404 ἀναγ-

2146 5411 2306 5475 καίας
2330 5411 2697 5483 εὐποροῦντας
2721 5415 2946 5484 τροφῆς,
2975 5415 3089 5468 ἀλλ’
3115 5418 3180 5469 ἐκ
3216 5417 3310 5470 τοῦ
3328 5420 3585 5491 ἐπαιτεῖν
3609 5437 3726 5492 τρε-

2147 5494 2435 5566 φομένους,
2472 5496 2659 5562 ἁγίους
2689 5496 2992 5568 ὠνόμασεν.
3025 5500 3173 5570 Ἅμα
3217 5501 3274 5553 δὲ
3303 5502 3588 5567 κάκείνους
3607 5503 3726 5555 λαν-

2141 5579 2410 5644 θανόντως
2440 5579 2688 5634 ἐδίδασκε
2719 5581 2792 5650 μὴ
2823 5581 2965 5650 μέγα
2989 5586 3228 5652 φρονεῖν,
3248 5586 3382 5656 μηδὲ
3407 5586 3720 5655 ἐπαίρεσθαι

2140 5666 2204 5736 τῇ
2228 5665 2327 5735 τῆς
2357 5665 2573 5735 ἐντολῆς
2625 5663 2790 5732 δόσει,
2823 5665 2898 5730 ὼς
2928 5667 3168 5722 εὐτελέσι
3212 5669 3322 5723 τισὶ
3374 5672 3467 5725 καὶ
3497 5672 3720 5730 £137.31;-
