  <div class='ocr_page' id='page_1' title='image "/cluster/home/n/w/nwhite01/storage/ocr_20150623/51/nnc1.0046978275/260.png"; bbox 0 0 3990 6358; ppageno 0'>
   <div class='ocr_carea' id='block_1_1' title="bbox 338 274 439 334">
    <p class='ocr_par' dir='ltr' id='par_1_1' title="bbox 338 274 439 334">
     <span class='ocr_line' id='line_1_1' title="bbox 338 274 439 334; baseline 0.04 -4"><span class='ocrx_word' id='word_1_1' title='bbox 338 274 439 334; x_wconf 63' lang='grc' dir='ltr'><strong>ι’ϐὶ</strong></span> 
     </span>
    </p>
   </div>
   <div class='ocr_carea' id='block_1_2' title="bbox 1661 285 2273 345">
    <p class='ocr_par' dir='ltr' id='par_1_2' title="bbox 1661 285 2273 345">
     <span class='ocr_line' id='line_1_2' title="bbox 1661 285 2273 345; baseline 0.008 -5"><span class='ocrx_word' id='word_1_2' title='bbox 1661 285 1750 341; x_wconf 87' lang='lat' dir='ltr'><strong>DE</strong></span> <span class='ocrx_word' id='word_1_3' title='bbox 1788 287 2273 345; x_wconf 68' lang='lat' dir='ltr'><strong>ELEEMOSYNA.</strong></span> 
     </span>
    </p>
   </div>
   <div class='ocr_carea' id='block_1_3' title="bbox 3480 305 3593 364">
    <p class='ocr_par' dir='ltr' id='par_1_3' title="bbox 3480 305 3593 364">
     <span class='ocr_line' id='line_1_3' title="bbox 3480 305 3593 364; baseline 0 -2"><span class='ocrx_word' id='word_1_4' title='bbox 3480 305 3593 364; x_wconf 59' lang='grc' dir='ltr'><strong>ξω</strong></span> 
     </span>
    </p>
   </div>
   <div class='ocr_carea' id='block_1_4' title="bbox 1313 640 2606 725">
    <p class='ocr_par' dir='ltr' id='par_1_4' title="bbox 1313 640 2606 725">
     <span class='ocr_line' id='line_1_4' title="bbox 1313 640 2606 725; baseline 0.007 -9"><span class='ocrx_word' id='word_1_5' title='bbox 1313 640 1447 718; x_wconf 86' lang='lat' dir='ltr'><strong>DE</strong></span> <span class='ocrx_word' id='word_1_6' title='bbox 1521 643 2127 724; x_wconf 86' lang='lat' dir='ltr'><strong>ELEEMOSYN</strong></span> <span class='ocrx_word' id='word_1_7' title='bbox 2142 647 2198 721; x_wconf 78' lang='grc' dir='ltr'><strong>Α</strong></span> <span class='ocrx_word' id='word_1_8' title='bbox 2272 645 2606 725; x_wconf 82' lang='lat' dir='ltr'><strong>SEBMO</strong></span> 
     </span>
    </p>
   </div>
   <div class='ocr_carea' id='block_1_5' title="bbox 329 895 3615 983">
    <p class='ocr_par' dir='ltr' id='par_1_5' title="bbox 329 895 3615 983">
     <span class='ocr_line' id='line_1_5' title="bbox 329 895 3615 983; baseline 0.013 -44"><span class='ocrx_word' id='word_1_9' title='bbox 329 895 609 940; x_wconf 69' lang='lat' dir='ltr'><strong>HABII&#39;US</strong></span> <span class='ocrx_word' id='word_1_10' title='bbox 639 895 770 938; x_wconf 69' lang='lat' dir='ltr'><strong>CUM</strong></span> <span class='ocrx_word' id='word_1_11' title='bbox 798 895 1020 939; x_wconf 77' lang='lat' dir='ltr'><strong>HIEMIS</strong></span> <span class='ocrx_word' id='word_1_12' title='bbox 1060 895 1358 939; x_wconf 65' lang='lat' dir='ltr'><strong>TEHPOBB</strong></span> <span class='ocrx_word' id='word_1_13' title='bbox 1386 895 1935 952; x_wconf 70' lang='lat' dir='ltr'><strong>PEBTRANSUSSET,</strong></span> <span class='ocrx_word' id='word_1_14' title='bbox 1968 895 2057 938; x_wconf 80' lang='grc' dir='ltr'><strong>ΕΤ·</strong></span> <span class='ocrx_word' id='word_1_15' title='bbox 2080 895 2405 941; x_wconf 78' lang='lat' dir='ltr'><strong>PAUPERES</strong></span> <span class='ocrx_word' id='word_1_16' title='bbox 2444 903 2890 963; x_wconf 69' lang='lat' dir='ltr'><strong>MENDICOSQUE</strong></span> <span class='ocrx_word' id='word_1_17' title='bbox 2930 917 3288 973; x_wconf 74' lang='lat' dir='ltr'><strong>NBGLEGTOS</strong></span> <span class='ocrx_word' id='word_1_18' title='bbox 3332 932 3615 983; x_wconf 71' lang='lat' dir='ltr'><strong>VIDISSBT</strong></span> 
     </span>
    </p>
   </div>
   <div class='ocr_carea' id='block_1_6' title="bbox 1649 994 2297 1040">
    <p class='ocr_par' dir='ltr' id='par_1_6' title="bbox 1649 994 2297 1040">
     <span class='ocr_line' id='line_1_6' title="bbox 1649 994 2297 1040; baseline 0.006 -3"><span class='ocrx_word' id='word_1_19' title='bbox 1649 995 1713 1039; x_wconf 79' lang='lat' dir='ltr'><strong>IN</strong></span> <span class='ocrx_word' id='word_1_20' title='bbox 1754 994 1921 1038; x_wconf 75' lang='lat' dir='ltr'><strong>FOBO</strong></span> <span class='ocrx_word' id='word_1_21' title='bbox 1962 994 2297 1040; x_wconf 77' lang='lat' dir='ltr'><strong>JACENTES.</strong></span> 
     </span>
    </p>
   </div>
   <div class='ocr_carea' id='block_1_7' title="bbox 404 1214 1921 1288">
    <p class='ocr_par' dir='ltr' id='par_1_7' title="bbox 404 1214 1921 1288">
     <span class='ocr_line' id='line_1_7' title="bbox 404 1214 1921 1288; baseline -0.003 -18"><span class='ocrx_word' id='word_1_22' title='bbox 404 1218 456 1270; x_wconf 76' lang='lat' dir='ltr'><strong>l.</strong></span> <span class='ocrx_word' id='word_1_23' title='bbox 492 1215 737 1271; x_wconf 77' lang='lat' dir='ltr'><strong>Humilia:</strong></span> <span class='ocrx_word' id='word_1_24' title='bbox 764 1217 918 1288; x_wconf 80' lang='lat' dir='ltr'><strong>hujus</strong></span> <span class='ocrx_word' id='word_1_25' title='bbox 954 1216 1197 1273; x_wconf 78' lang='lat' dir='ltr'><strong>habenda:</strong></span> <span class='ocrx_word' id='word_1_26' title='bbox 1225 1219 1443 1275; x_wconf 76' lang='lat' dir='ltr'><strong>ocrasio.</strong></span> <span class='ocrx_word' id='word_1_27' title='bbox 1478 1246 1549 1255; x_wconf 95' lang='lat'><strong><em>—</em></strong></span> <span class='ocrx_word' id='word_1_28' title='bbox 1579 1214 1921 1286; x_wconf 83' lang='lat' dir='ltr'><strong>Legationem</strong></span> 
     </span>
    </p>
   </div>
   <div class='ocr_carea' id='block_1_8' title="bbox 329 1306 1917 1380">
    <p class='ocr_par' dir='ltr' id='par_1_8' title="bbox 329 1306 1917 1380">
     <span class='ocr_line' id='line_1_8' title="bbox 329 1306 1917 1380; baseline -0.001 -19"><span class='ocrx_word' id='word_1_29' title='bbox 329 1309 616 1378; x_wconf 81' lang='lat' dir='ltr'><strong>quamdam</strong></span> <span class='ocrx_word' id='word_1_30' title='bbox 639 1309 855 1379; x_wconf 89' lang='lat' dir='ltr'><strong>justam,</strong></span> <span class='ocrx_word' id='word_1_31' title='bbox 882 1310 1066 1364; x_wconf 91' lang='lat' dir='ltr'><strong>utilem</strong></span> <span class='ocrx_word' id='word_1_32' title='bbox 1088 1309 1346 1380; x_wconf 88' lang='lat' dir='ltr'><strong>vobisque</strong></span> <span class='ocrx_word' id='word_1_33' title='bbox 1369 1317 1753 1378; x_wconf 77' lang='lat' dir='ltr'><strong>congruentem</strong></span> <span class='ocrx_word' id='word_1_34' title='bbox 1778 1306 1917 1376; x_wconf 88' lang='lat' dir='ltr'><strong>apud</strong></span> 
     </span>
    </p>
   </div>
   <div class='ocr_carea' id='block_1_9' title="bbox 332 1400 1923 1470">
    <p class='ocr_par' dir='ltr' id='par_1_9' title="bbox 332 1400 1923 1470">
     <span class='ocr_line' id='line_1_9' title="bbox 332 1400 1923 1470; baseline 0.001 -20"><span class='ocrx_word' id='word_1_35' title='bbox 332 1416 427 1455; x_wconf 77' lang='lat' dir='ltr'><strong>vos</strong></span> <span class='ocrx_word' id='word_1_36' title='bbox 456 1400 702 1455; x_wconf 90' lang='lat' dir='ltr'><strong>obiturus</strong></span> <span class='ocrx_word' id='word_1_37' title='bbox 720 1402 921 1456; x_wconf 82' lang='lat' dir='ltr'><strong>accessi</strong></span> <span class='ocrx_word' id='word_1_38' title='bbox 952 1401 1145 1466; x_wconf 85' lang='lat' dir='ltr'><strong>hodie;</strong></span> <span class='ocrx_word' id='word_1_39' title='bbox 1177 1417 1289 1455; x_wconf 86' lang='lat' dir='ltr'><strong>non</strong></span> <span class='ocrx_word' id='word_1_40' title='bbox 1304 1403 1371 1456; x_wconf 90' lang='lat' dir='ltr'><strong>ab</strong></span> <span class='ocrx_word' id='word_1_41' title='bbox 1395 1400 1501 1455; x_wconf 90' lang='lat' dir='ltr'><strong>alio</strong></span> <span class='ocrx_word' id='word_1_42' title='bbox 1526 1400 1775 1470; x_wconf 83' lang='lat' dir='ltr'><strong>quopiam</strong></span> <span class='ocrx_word' id='word_1_43' title='bbox 1801 1413 1923 1452; x_wconf 88' lang='lat' dir='ltr'><strong>ora-</strong></span> 
     </span>
    </p>
   </div>
   <div class='ocr_carea' id='block_1_10' title="bbox 332 1492 1922 1563">
    <p class='ocr_par' dir='ltr' id='par_1_10' title="bbox 332 1492 1922 1563">
     <span class='ocr_line' id='line_1_10' title="bbox 332 1492 1922 1563; baseline -0.001 -18"><span class='ocrx_word' id='word_1_44' title='bbox 332 1502 416 1546; x_wconf 90' lang='lat' dir='ltr'><strong>tor</strong></span> <span class='ocrx_word' id='word_1_45' title='bbox 442 1493 789 1559; x_wconf 89' lang='lat' dir='ltr'><strong>constitutus,</strong></span> <span class='ocrx_word' id='word_1_46' title='bbox 818 1510 976 1563; x_wconf 91' lang='lat' dir='ltr'><strong>quam</strong></span> <span class='ocrx_word' id='word_1_47' title='bbox 1002 1510 1031 1547; x_wconf 91' lang='lat' dir='ltr'><strong>a</strong></span> <span class='ocrx_word' id='word_1_48' title='bbox 1056 1494 1394 1563; x_wconf 78' lang='lat' dir='ltr'><strong>pauperibus,</strong></span> <span class='ocrx_word' id='word_1_49' title='bbox 1414 1494 1503 1563; x_wconf 87' lang='lat' dir='ltr'><strong>qui</strong></span> <span class='ocrx_word' id='word_1_50' title='bbox 1527 1502 1760 1548; x_wconf 77' lang='lat' dir='ltr'><strong>vestram</strong></span> <span class='ocrx_word' id='word_1_51' title='bbox 1784 1492 1922 1547; x_wconf 87' lang='lat' dir='ltr'><strong>bane</strong></span> 
     </span>
    </p>
   </div>
   <div class='ocr_carea' id='block_1_11' title="bbox 330 1582 1921 1650">
    <p class='ocr_par' dir='ltr' id='par_1_11' title="bbox 330 1582 1921 1650">
     <span class='ocr_line' id='line_1_11' title="bbox 330 1582 1921 1650; baseline 0 -14"><span class='ocrx_word' id='word_1_52' title='bbox 330 1584 601 1639; x_wconf 85' lang='lat' dir='ltr'><strong>civitatem</strong></span> <span class='ocrx_word' id='word_1_53' title='bbox 632 1584 872 1639; x_wconf 91' lang='lat' dir='ltr'><strong>incolunt</strong></span> <span class='ocrx_word' id='word_1_54' title='bbox 896 1602 911 1650; x_wconf 91' lang='lat'><strong>;</strong></span> <span class='ocrx_word' id='word_1_55' title='bbox 938 1600 1042 1639; x_wconf 90' lang='lat' dir='ltr'><strong>non</strong></span> <span class='ocrx_word' id='word_1_56' title='bbox 1074 1585 1271 1649; x_wconf 81' lang='lat' dir='ltr'><strong>verbis,</strong></span> <span class='ocrx_word' id='word_1_57' title='bbox 1302 1601 1408 1643; x_wconf 85' lang='lat' dir='ltr'><strong>non</strong></span> <span class='ocrx_word' id='word_1_58' title='bbox 1434 1582 1676 1648; x_wconf 85' lang='lat' dir='ltr'><strong>calculis,</strong></span> <span class='ocrx_word' id='word_1_59' title='bbox 1705 1597 1812 1636; x_wconf 91' lang='lat' dir='ltr'><strong>non</strong></span> <span class='ocrx_word' id='word_1_60' title='bbox 1836 1596 1921 1636; x_wconf 87' lang='lat' dir='ltr'><strong>se-</strong></span> 
     </span>
    </p>
   </div>
   <div class='ocr_carea' id='block_1_12' title="bbox 333 1675 1922 1743">
    <p class='ocr_par' dir='ltr' id='par_1_12' title="bbox 333 1675 1922 1743">
     <span class='ocr_line' id='line_1_12' title="bbox 333 1675 1922 1743; baseline 0.001 -15"><span class='ocrx_word' id='word_1_61' title='bbox 333 1678 740 1730; x_wconf 89' lang='lat' dir='ltr'><strong>natusconsulto</strong></span> <span class='ocrx_word' id='word_1_62' title='bbox 766 1677 983 1743; x_wconf 88' lang='lat' dir='ltr'><strong>tnissus,</strong></span> <span class='ocrx_word' id='word_1_63' title='bbox 1007 1677 1101 1733; x_wconf 87' lang='lat' dir='ltr'><strong>sed</strong></span> <span class='ocrx_word' id='word_1_64' title='bbox 1124 1675 1922 1734; x_wconf 85' lang='lat' dir='ltr'><strong>miserabilibusacerbissimis-</strong></span> 
     </span>
    </p>
   </div>
   <div class='ocr_carea' id='block_1_13' title="bbox 331 1765 1919 1836">
    <p class='ocr_par' dir='ltr' id='par_1_13' title="bbox 331 1765 1919 1836">
     <span class='ocr_line' id='line_1_13' title="bbox 331 1765 1919 1836; baseline 0.003 -20"><span class='ocrx_word' id='word_1_65' title='bbox 331 1779 437 1833; x_wconf 90' lang='lat' dir='ltr'><strong>que</strong></span> <span class='ocrx_word' id='word_1_66' title='bbox 479 1766 823 1834; x_wconf 70' lang='lat' dir='ltr'><strong>spectaculis.</strong></span> <span class='ocrx_word' id='word_1_67' title='bbox 851 1765 981 1820; x_wconf 87' lang='lat' dir='ltr'><strong>Nam</strong></span> <span class='ocrx_word' id='word_1_68' title='bbox 1007 1782 1126 1821; x_wconf 89' lang='lat' dir='ltr'><strong>cum</strong></span> <span class='ocrx_word' id='word_1_69' title='bbox 1165 1767 1233 1820; x_wconf 90' lang='lat' dir='ltr'><strong>ad</strong></span> <span class='ocrx_word' id='word_1_70' title='bbox 1273 1776 1472 1824; x_wconf 86' lang='lat' dir='ltr'><strong>coetum</strong></span> <span class='ocrx_word' id='word_1_71' title='bbox 1517 1775 1752 1822; x_wconf 87' lang='lat' dir='ltr'><strong>vestrum</strong></span> <span class='ocrx_word' id='word_1_72' title='bbox 1793 1782 1919 1836; x_wconf 88' lang='lat' dir='ltr'><strong>pro-</strong></span> 
     </span>
    </p>
   </div>
   <div class='ocr_carea' id='block_1_14' title="bbox 333 1859 1919 1930">
    <p class='ocr_par' dir='ltr' id='par_1_14' title="bbox 333 1859 1919 1930">
     <span class='ocr_line' id='line_1_14' title="bbox 333 1859 1919 1930; baseline 0.001 -18"><span class='ocrx_word' id='word_1_73' title='bbox 333 1874 530 1928; x_wconf 89' lang='lat' dir='ltr'><strong>perans</strong></span> <span class='ocrx_word' id='word_1_74' title='bbox 548 1874 644 1929; x_wconf 90' lang='lat' dir='ltr'><strong>per</strong></span> <span class='ocrx_word' id='word_1_75' title='bbox 660 1859 831 1913; x_wconf 88' lang='lat' dir='ltr'><strong>forum</strong></span> <span class='ocrx_word' id='word_1_76' title='bbox 855 1860 1233 1930; x_wconf 74' lang='lat' dir='ltr'><strong>etangiportus</strong></span> <span class='ocrx_word' id='word_1_77' title='bbox 1251 1861 1555 1927; x_wconf 83' lang='lat' dir='ltr'><strong>transirem,</strong></span> <span class='ocrx_word' id='word_1_78' title='bbox 1575 1859 1919 1929; x_wconf 85' lang='lat' dir='ltr'><strong>videremque</strong></span> 
     </span>
    </p>
   </div>
   <div class='ocr_carea' id='block_1_15' title="bbox 330 1951 1918 2023">
    <p class='ocr_par' dir='ltr' id='par_1_15' title="bbox 330 1951 1918 2023">
     <span class='ocr_line' id='line_1_15' title="bbox 330 1951 1918 2023; baseline 0 -17"><span class='ocrx_word' id='word_1_79' title='bbox 330 1952 528 2007; x_wconf 90' lang='lat' dir='ltr'><strong>multos</strong></span> <span class='ocrx_word' id='word_1_80' title='bbox 565 1954 761 2008; x_wconf 88' lang='lat' dir='ltr'><strong>mediis</strong></span> <span class='ocrx_word' id='word_1_81' title='bbox 790 1954 841 2007; x_wconf 89' lang='lat' dir='ltr'><strong>in</strong></span> <span class='ocrx_word' id='word_1_82' title='bbox 872 1953 1026 2009; x_wconf 80' lang='lat' dir='ltr'><strong>biviis</strong></span> <span class='ocrx_word' id='word_1_83' title='bbox 1059 1953 1334 2023; x_wconf 76' lang='lat' dir='ltr'><strong>iacentes,</strong></span> <span class='ocrx_word' id='word_1_84' title='bbox 1366 1952 1500 2007; x_wconf 89' lang='lat' dir='ltr'><strong>alios</strong></span> <span class='ocrx_word' id='word_1_85' title='bbox 1539 1951 1768 2007; x_wconf 82' lang='lat' dir='ltr'><strong>exsectis</strong></span> <span class='ocrx_word' id='word_1_86' title='bbox 1802 1967 1918 2006; x_wconf 85' lang='lat' dir='ltr'><strong>ma-</strong></span> 
     </span>
    </p>
   </div>
   <div class='ocr_carea' id='block_1_16' title="bbox 332 2043 1920 2110">
    <p class='ocr_par' dir='ltr' id='par_1_16' title="bbox 332 2043 1920 2110">
     <span class='ocr_line' id='line_1_16' title="bbox 332 2043 1920 2110; baseline -0.001 -11"><span class='ocrx_word' id='word_1_87' title='bbox 332 2045 510 2109; x_wconf 91' lang='lat' dir='ltr'><strong>nibus,</strong></span> <span class='ocrx_word' id='word_1_88' title='bbox 563 2046 698 2099; x_wconf 90' lang='lat' dir='ltr'><strong>alios</strong></span> <span class='ocrx_word' id='word_1_89' title='bbox 723 2044 933 2109; x_wconf 64' lang='lat' dir='ltr'><strong>effossis</strong></span> <span class='ocrx_word' id='word_1_90' title='bbox 973 2046 1164 2110; x_wconf 91' lang='lat' dir='ltr'><strong>oculis,</strong></span> <span class='ocrx_word' id='word_1_91' title='bbox 1208 2046 1341 2100; x_wconf 86' lang='lat' dir='ltr'><strong>alios</strong></span> <span class='ocrx_word' id='word_1_92' title='bbox 1389 2044 1666 2101; x_wconf 80' lang='lat' dir='ltr'><strong>ulceribus</strong></span> <span class='ocrx_word' id='word_1_93' title='bbox 1688 2043 1920 2100; x_wconf 90' lang='lat' dir='ltr'><strong>vulneri-</strong></span> 
     </span>
    </p>
   </div>
   <div class='ocr_carea' id='block_1_17' title="bbox 328 2137 1917 2208">
    <p class='ocr_par' dir='ltr' id='par_1_17' title="bbox 328 2137 1917 2208">
     <span class='ocr_line' id='line_1_17' title="bbox 328 2137 1917 2208; baseline -0.002 -16"><span class='ocrx_word' id='word_1_94' title='bbox 328 2137 539 2205; x_wconf 88' lang='lat' dir='ltr'><strong>busque</strong></span> <span class='ocrx_word' id='word_1_95' title='bbox 592 2138 977 2193; x_wconf 80' lang='lat' dir='ltr'><strong>insanabilibus</strong></span> <span class='ocrx_word' id='word_1_96' title='bbox 1028 2138 1249 2208; x_wconf 90' lang='lat' dir='ltr'><strong>plenos,</strong></span> <span class='ocrx_word' id='word_1_97' title='bbox 1311 2138 1535 2207; x_wconf 89' lang='lat' dir='ltr'><strong>illasque</strong></span> <span class='ocrx_word' id='word_1_98' title='bbox 1585 2138 1917 2207; x_wconf 89' lang='lat' dir='ltr'><strong>potissimum</strong></span> 
     </span>
    </p>
   </div>
   <div class='ocr_carea' id='block_1_18' title="bbox 330 2230 1921 2301">
    <p class='ocr_par' dir='ltr' id='par_1_18' title="bbox 330 2230 1921 2301">
     <span class='ocr_line' id='line_1_18' title="bbox 330 2230 1921 2301; baseline 0 -18"><span class='ocrx_word' id='word_1_99' title='bbox 330 2241 514 2301; x_wconf 87' lang='lat' dir='ltr'><strong>partes</strong></span> <span class='ocrx_word' id='word_1_100' title='bbox 563 2231 899 2296; x_wconf 74' lang='lat' dir='ltr'><strong>exhibentes,</strong></span> <span class='ocrx_word' id='word_1_101' title='bbox 947 2246 1080 2301; x_wconf 90' lang='lat' dir='ltr'><strong>quas</strong></span> <span class='ocrx_word' id='word_1_102' title='bbox 1124 2240 1341 2301; x_wconf 85' lang='lat' dir='ltr'><strong>prepter</strong></span> <span class='ocrx_word' id='word_1_103' title='bbox 1386 2230 1591 2288; x_wconf 86' lang='lat' dir='ltr'><strong>saniem</strong></span> <span class='ocrx_word' id='word_1_104' title='bbox 1636 2238 1921 2299; x_wconf 83' lang='lat' dir='ltr'><strong>contegere</strong></span> 
     </span>
    </p>
   </div>
   <div class='ocr_carea' id='block_1_19' title="bbox 328 2321 1917 2392">
    <p class='ocr_par' dir='ltr' id='par_1_19' title="bbox 328 2321 1917 2392">
     <span class='ocr_line' id='line_1_19' title="bbox 328 2321 1917 2392; baseline -0.003 -14"><span class='ocrx_word' id='word_1_105' title='bbox 328 2338 465 2392; x_wconf 91' lang='lat' dir='ltr'><strong>opus</strong></span> <span class='ocrx_word' id='word_1_106' title='bbox 492 2332 608 2377; x_wconf 89' lang='lat' dir='ltr'><strong>erat</strong></span> <span class='ocrx_word' id='word_1_107' title='bbox 638 2332 933 2380; x_wconf 70' lang='lat' dir='ltr'><strong>:extremaa</strong></span> <span class='ocrx_word' id='word_1_108' title='bbox 958 2322 1360 2379; x_wconf 86' lang='lat' dir='ltr'><strong>inhumanitatis</strong></span> <span class='ocrx_word' id='word_1_109' title='bbox 1380 2337 1500 2378; x_wconf 90' lang='lat' dir='ltr'><strong>esse</strong></span> <span class='ocrx_word' id='word_1_110' title='bbox 1526 2321 1679 2389; x_wconf 79' lang='lat' dir='ltr'><strong>duxi,</strong></span> <span class='ocrx_word' id='word_1_111' title='bbox 1704 2323 1755 2378; x_wconf 89' lang='lat' dir='ltr'><strong>si</strong></span> <span class='ocrx_word' id='word_1_112' title='bbox 1779 2323 1917 2392; x_wconf 85' lang='lat' dir='ltr'><strong>apud</strong></span> 
     </span>
    </p>
   </div>
   <div class='ocr_carea' id='block_1_20' title="bbox 240 2414 1918 2483">
    <p class='ocr_par' dir='ltr' id='par_1_20' title="bbox 240 2414 1918 2483">
     <span class='ocr_line' id='line_1_20' title="bbox 240 2414 1918 2483; baseline -0.003 -11"><span class='ocrx_word' id='word_1_113' title='bbox 240 2472 248 2483; x_wconf 75' lang='grc'><em>,</em></span> <span class='ocrx_word' id='word_1_114' title='bbox 328 2417 608 2472; x_wconf 81' lang='lat' dir='ltr'><strong>caritatem</strong></span> <span class='ocrx_word' id='word_1_115' title='bbox 643 2426 880 2477; x_wconf 87' lang='lat' dir='ltr'><strong>vestram</strong></span> <span class='ocrx_word' id='word_1_116' title='bbox 925 2416 993 2471; x_wconf 91' lang='lat' dir='ltr'><strong>de</strong></span> <span class='ocrx_word' id='word_1_117' title='bbox 1036 2414 1121 2474; x_wconf 85' lang='lat' dir='ltr'><strong>his</strong></span> <span class='ocrx_word' id='word_1_118' title='bbox 1157 2432 1266 2476; x_wconf 83' lang='lat' dir='ltr'><strong>non</strong></span> <span class='ocrx_word' id='word_1_119' title='bbox 1308 2415 1469 2471; x_wconf 88' lang='lat' dir='ltr'><strong>verba</strong></span> <span class='ocrx_word' id='word_1_120' title='bbox 1516 2415 1771 2482; x_wconf 91' lang='lat' dir='ltr'><strong>facerem,</strong></span> <span class='ocrx_word' id='word_1_121' title='bbox 1798 2431 1918 2470; x_wconf 89' lang='lat' dir='ltr'><strong>etnn</strong></span> 
     </span>
    </p>
   </div>
   <div class='ocr_carea' id='block_1_21' title="bbox 328 2508 1919 2578">
    <p class='ocr_par' dir='ltr' id='par_1_21' title="bbox 328 2508 1919 2578">
     <span class='ocr_line' id='line_1_21' title="bbox 328 2508 1919 2578; baseline -0.001 -15"><span class='ocrx_word' id='word_1_122' title='bbox 328 2509 562 2563; x_wconf 74' lang='lat' dir='ltr'><strong>maxime</strong></span> <span class='ocrx_word' id='word_1_123' title='bbox 590 2517 785 2578; x_wconf 69' lang='lat' dir='ltr'><strong>prmter</strong></span> <span class='ocrx_word' id='word_1_124' title='bbox 811 2524 905 2576; x_wconf 82' lang='lat' dir='ltr'><strong>ea,</strong></span> <span class='ocrx_word' id='word_1_125' title='bbox 923 2524 1043 2578; x_wconf 73' lang='lat' dir='ltr'><strong>qua:</strong></span> <span class='ocrx_word' id='word_1_126' title='bbox 1070 2508 1208 2563; x_wconf 81' lang='lat' dir='ltr'><strong>dicta</strong></span> <span class='ocrx_word' id='word_1_127' title='bbox 1237 2516 1381 2574; x_wconf 90' lang='lat' dir='ltr'><strong>sunt,</strong></span> <span class='ocrx_word' id='word_1_128' title='bbox 1411 2524 1498 2564; x_wconf 92' lang='lat' dir='ltr'><strong>me</strong></span> <span class='ocrx_word' id='word_1_129' title='bbox 1520 2516 1729 2578; x_wconf 83' lang='lat' dir='ltr'><strong>tempus</strong></span> <span class='ocrx_word' id='word_1_130' title='bbox 1757 2508 1919 2563; x_wconf 90' lang='lat' dir='ltr'><strong>etiam</strong></span> 
     </span>
    </p>
   </div>
   <div class='ocr_carea' id='block_1_22' title="bbox 327 2601 1920 2672">
    <p class='ocr_par' dir='ltr' id='par_1_22' title="bbox 327 2601 1920 2672">
     <span class='ocr_line' id='line_1_22' title="bbox 327 2601 1920 2672; baseline 0 -17"><span class='ocrx_word' id='word_1_131' title='bbox 327 2603 396 2655; x_wconf 91' lang='lat' dir='ltr'><strong>ad</strong></span> <span class='ocrx_word' id='word_1_132' title='bbox 424 2617 544 2655; x_wconf 90' lang='lat' dir='ltr'><strong>eam</strong></span> <span class='ocrx_word' id='word_1_133' title='bbox 574 2618 686 2657; x_wconf 91' lang='lat' dir='ltr'><strong>rem</strong></span> <span class='ocrx_word' id='word_1_134' title='bbox 716 2602 1085 2672; x_wconf 84' lang='lat' dir='ltr'><strong>compelleret.</strong></span> <span class='ocrx_word' id='word_1_135' title='bbox 1116 2601 1248 2656; x_wconf 89' lang='lat' dir='ltr'><strong>Nam</strong></span> <span class='ocrx_word' id='word_1_136' title='bbox 1280 2617 1494 2672; x_wconf 86' lang='lat' dir='ltr'><strong>semper</strong></span> <span class='ocrx_word' id='word_1_137' title='bbox 1535 2601 1750 2671; x_wconf 80' lang='lat' dir='ltr'><strong>quidem</strong></span> <span class='ocrx_word' id='word_1_138' title='bbox 1785 2615 1920 2655; x_wconf 87' lang='lat' dir='ltr'><strong>con-</strong></span> 
     </span>
    </p>
   </div>
   <div class='ocr_carea' id='block_1_23' title="bbox 300 2692 1919 2765">
    <p class='ocr_par' dir='ltr' id='par_1_23' title="bbox 300 2692 1919 2765">
     <span class='ocr_line' id='line_1_23' title="bbox 300 2692 1919 2765; baseline -0.001 -19"><span class='ocrx_word' id='word_1_139' title='bbox 300 2695 479 2748; x_wconf 7' lang='lat' dir='ltr'><strong>evenit</strong></span> <span class='ocrx_word' id='word_1_140' title='bbox 526 2692 596 2748; x_wconf 90' lang='lat' dir='ltr'><strong>de</strong></span> <span class='ocrx_word' id='word_1_141' title='bbox 648 2693 990 2765; x_wconf 83' lang='lat' dir='ltr'><strong>eleemosyna</strong></span> <span class='ocrx_word' id='word_1_142' title='bbox 1038 2709 1342 2749; x_wconf 86' lang='lat' dir='ltr'><strong>sermonem</strong></span> <span class='ocrx_word' id='word_1_143' title='bbox 1399 2693 1629 2759; x_wconf 88' lang='lat' dir='ltr'><strong>habere,</strong></span> <span class='ocrx_word' id='word_1_144' title='bbox 1675 2693 1919 2763; x_wconf 57' lang='lat' dir='ltr'><strong>quando.</strong></span> 
     </span>
    </p>
   </div>
   <div class='ocr_carea' id='block_1_24' title="bbox 326 2785 1917 2857">
    <p class='ocr_par' dir='ltr' id='par_1_24' title="bbox 326 2785 1917 2857">
     <span class='ocr_line' id='line_1_24' title="bbox 326 2785 1917 2857; baseline 0.001 -20"><span class='ocrx_word' id='word_1_145' title='bbox 326 2786 546 2856; x_wconf 87' lang='lat' dir='ltr'><strong>quidem</strong></span> <span class='ocrx_word' id='word_1_146' title='bbox 569 2794 623 2840; x_wconf 92' lang='lat' dir='ltr'><strong>et</strong></span> <span class='ocrx_word' id='word_1_147' title='bbox 652 2801 753 2841; x_wconf 87' lang='lat' dir='ltr'><strong>nos</strong></span> <span class='ocrx_word' id='word_1_148' title='bbox 780 2786 941 2841; x_wconf 90' lang='lat' dir='ltr'><strong>multa</strong></span> <span class='ocrx_word' id='word_1_149' title='bbox 971 2785 1181 2841; x_wconf 89' lang='lat' dir='ltr'><strong>Domini</strong></span> <span class='ocrx_word' id='word_1_150' title='bbox 1206 2786 1294 2857; x_wconf 89' lang='lat' dir='ltr'><strong>qui</strong></span> <span class='ocrx_word' id='word_1_151' title='bbox 1323 2801 1418 2841; x_wconf 90' lang='lat' dir='ltr'><strong>nos</strong></span> <span class='ocrx_word' id='word_1_152' title='bbox 1438 2785 1677 2844; x_wconf 87' lang='lat' dir='ltr'><strong>condidit</strong></span> <span class='ocrx_word' id='word_1_153' title='bbox 1706 2786 1917 2841; x_wconf 87' lang='lat' dir='ltr'><strong>miseri-</strong></span> 
     </span>
    </p>
   </div>
   <div class='ocr_carea' id='block_1_25' title="bbox 327 2876 1918 2948">
    <p class='ocr_par' dir='ltr' id='par_1_25' title="bbox 327 2876 1918 2948">
     <span class='ocr_line' id='line_1_25' title="bbox 327 2876 1918 2948; baseline 0.002 -18"><span class='ocrx_word' id='word_1_154' title='bbox 327 2876 509 2930; x_wconf 87' lang='lat' dir='ltr'><strong>cordia</strong></span> <span class='ocrx_word' id='word_1_155' title='bbox 552 2892 801 2946; x_wconf 77' lang='lat' dir='ltr'><strong>egemus;</strong></span> <span class='ocrx_word' id='word_1_156' title='bbox 830 2877 924 2930; x_wconf 86' lang='lat' dir='ltr'><strong>sed</strong></span> <span class='ocrx_word' id='word_1_157' title='bbox 970 2878 1068 2932; x_wconf 89' lang='lat' dir='ltr'><strong>hac</strong></span> <span class='ocrx_word' id='word_1_158' title='bbox 1112 2886 1427 2948; x_wconf 78' lang='lat' dir='ltr'><strong>tempestate</strong></span> <span class='ocrx_word' id='word_1_159' title='bbox 1470 2879 1728 2945; x_wconf 81' lang='lat' dir='ltr'><strong>maxime,</strong></span> <span class='ocrx_word' id='word_1_160' title='bbox 1772 2887 1918 2933; x_wconf 89' lang='lat' dir='ltr'><strong>tanto</strong></span> 
     </span>
    </p>
   </div>
   <div class='ocr_carea' id='block_1_26' title="bbox 332 2967 1918 3039">
    <p class='ocr_par' dir='ltr' id='par_1_26' title="bbox 332 2967 1918 3039">
     <span class='ocr_line' id='line_1_26' title="bbox 332 2967 1918 3039; baseline 0.003 -17"><span class='ocrx_word' id='word_1_161' title='bbox 332 2978 554 3039; x_wconf 82' lang='lat' dir='ltr'><strong>urgente</strong></span> <span class='ocrx_word' id='word_1_162' title='bbox 572 2967 789 3038; x_wconf 78' lang='lat' dir='ltr'><strong>frigore.</strong></span> <span class='ocrx_word' id='word_1_163' title='bbox 816 2969 1025 3030; x_wconf 64' lang='lat' dir='ltr'><strong>Estate</strong></span> <span class='ocrx_word' id='word_1_164' title='bbox 1043 2984 1271 3039; x_wconf 90' lang='lat' dir='ltr'><strong>namque</strong></span> <span class='ocrx_word' id='word_1_165' title='bbox 1294 2970 1547 3039; x_wconf 90' lang='lat' dir='ltr'><strong>temporis</strong></span> <span class='ocrx_word' id='word_1_166' title='bbox 1568 2968 1918 3027; x_wconf 75' lang='lat' dir='ltr'><strong>commoditas</strong></span> 
     </span>
    </p>
   </div>
   <div class='ocr_carea' id='block_1_27' title="bbox 331 3060 1912 3131">
    <p class='ocr_par' dir='ltr' id='par_1_27' title="bbox 331 3060 1912 3131">
     <span class='ocr_line' id='line_1_27' title="bbox 331 3060 1912 3131; baseline -0.001 -16"><span class='ocrx_word' id='word_1_167' title='bbox 331 3076 582 3130; x_wconf 78' lang='lat' dir='ltr'><strong>magnum</strong></span> <span class='ocrx_word' id='word_1_168' title='bbox 628 3060 782 3119; x_wconf 76' lang='lat' dir='ltr'><strong>affert</strong></span> <span class='ocrx_word' id='word_1_169' title='bbox 818 3061 1138 3131; x_wconf 86' lang='lat' dir='ltr'><strong>pauperibus</strong></span> <span class='ocrx_word' id='word_1_170' title='bbox 1169 3060 1417 3116; x_wconf 89' lang='lat' dir='ltr'><strong>solatium</strong></span> <span class='ocrx_word' id='word_1_171' title='bbox 1450 3078 1465 3116; x_wconf 88' lang='lat'><strong>:</strong></span> <span class='ocrx_word' id='word_1_172' title='bbox 1499 3077 1620 3115; x_wconf 89' lang='lat' dir='ltr'><strong>nam</strong></span> <span class='ocrx_word' id='word_1_173' title='bbox 1657 3061 1741 3115; x_wconf 91' lang='lat' dir='ltr'><strong>vel</strong></span> <span class='ocrx_word' id='word_1_174' title='bbox 1786 3060 1912 3115; x_wconf 90' lang='lat' dir='ltr'><strong>nudi</strong></span> 
     </span>
    </p>
   </div>
   <div class='ocr_carea' id='block_1_28' title="bbox 328 3153 1915 3224">
    <p class='ocr_par' dir='ltr' id='par_1_28' title="bbox 328 3153 1915 3224">
     <span class='ocr_line' id='line_1_28' title="bbox 328 3153 1915 3224; baseline 0.001 -18"><span class='ocrx_word' id='word_1_175' title='bbox 328 3154 452 3207; x_wconf 89' lang='lat' dir='ltr'><strong>sine</strong></span> <span class='ocrx_word' id='word_1_176' title='bbox 497 3153 737 3223; x_wconf 90' lang='lat' dir='ltr'><strong>periculo</strong></span> <span class='ocrx_word' id='word_1_177' title='bbox 772 3154 1046 3209; x_wconf 87' lang='lat' dir='ltr'><strong>ambulare</strong></span> <span class='ocrx_word' id='word_1_178' title='bbox 1090 3163 1331 3224; x_wconf 91' lang='lat' dir='ltr'><strong>possunt,</strong></span> <span class='ocrx_word' id='word_1_179' title='bbox 1363 3169 1486 3208; x_wconf 89' lang='lat' dir='ltr'><strong>cum</strong></span> <span class='ocrx_word' id='word_1_180' title='bbox 1531 3154 1734 3209; x_wconf 89' lang='lat' dir='ltr'><strong>solares</strong></span> <span class='ocrx_word' id='word_1_181' title='bbox 1783 3155 1915 3208; x_wconf 87' lang='lat' dir='ltr'><strong>radii</strong></span> 
     </span>
    </p>
   </div>
   <div class='ocr_carea' id='block_1_29' title="bbox 329 3244 1917 3315">
    <p class='ocr_par' dir='ltr' id='par_1_29' title="bbox 329 3244 1917 3315">
     <span class='ocr_line' id='line_1_29' title="bbox 329 3244 1917 3315; baseline 0.001 -18"><span class='ocrx_word' id='word_1_182' title='bbox 329 3244 636 3300; x_wconf 76' lang='lat' dir='ltr'><strong>vestimenti</strong></span> <span class='ocrx_word' id='word_1_183' title='bbox 681 3244 801 3300; x_wconf 91' lang='lat' dir='ltr'><strong>loco</strong></span> <span class='ocrx_word' id='word_1_184' title='bbox 843 3244 967 3310; x_wconf 84' lang='lat' dir='ltr'><strong>sint,</strong></span> <span class='ocrx_word' id='word_1_185' title='bbox 996 3262 1116 3299; x_wconf 90' lang='lat' dir='ltr'><strong>cum</strong></span> <span class='ocrx_word' id='word_1_186' title='bbox 1157 3254 1273 3304; x_wconf 92' lang='lat' dir='ltr'><strong>tuto</strong></span> <span class='ocrx_word' id='word_1_187' title='bbox 1307 3246 1512 3314; x_wconf 83' lang='lat' dir='ltr'><strong>possint</strong></span> <span class='ocrx_word' id='word_1_188' title='bbox 1541 3246 1591 3299; x_wconf 92' lang='lat' dir='ltr'><strong>in</strong></span> <span class='ocrx_word' id='word_1_189' title='bbox 1639 3245 1784 3299; x_wconf 89' lang='lat' dir='ltr'><strong>nudo</strong></span> <span class='ocrx_word' id='word_1_190' title='bbox 1826 3261 1917 3315; x_wconf 89' lang='lat' dir='ltr'><strong>pa-</strong></span> 
     </span>
    </p>
   </div>
   <div class='ocr_carea' id='block_1_30' title="bbox 329 3335 1916 3407">
    <p class='ocr_par' dir='ltr' id='par_1_30' title="bbox 329 3335 1916 3407">
     <span class='ocr_line' id='line_1_30' title="bbox 329 3335 1916 3407; baseline 0.004 -19"><span class='ocrx_word' id='word_1_191' title='bbox 329 3336 569 3391; x_wconf 88' lang='lat' dir='ltr'><strong>vimento</strong></span> <span class='ocrx_word' id='word_1_192' title='bbox 598 3335 815 3398; x_wconf 73' lang='lat' dir='ltr'><strong>cubare,</strong></span> <span class='ocrx_word' id='word_1_193' title='bbox 846 3348 899 3390; x_wconf 89' lang='lat' dir='ltr'><strong>et</strong></span> <span class='ocrx_word' id='word_1_194' title='bbox 928 3336 1028 3389; x_wconf 92' lang='lat' dir='ltr'><strong>sub</strong></span> <span class='ocrx_word' id='word_1_195' title='bbox 1055 3336 1143 3390; x_wconf 91' lang='lat' dir='ltr'><strong>dio</strong></span> <span class='ocrx_word' id='word_1_196' title='bbox 1170 3347 1353 3392; x_wconf 89' lang='lat' dir='ltr'><strong>noctes</strong></span> <span class='ocrx_word' id='word_1_197' title='bbox 1380 3338 1713 3407; x_wconf 72' lang='lat' dir='ltr'><strong>transigere;</strong></span> <span class='ocrx_word' id='word_1_198' title='bbox 1744 3353 1916 3407; x_wconf 85' lang='lat' dir='ltr'><strong>neque</strong></span> 
     </span>
    </p>
   </div>
   <div class='ocr_carea' id='block_1_31' title="bbox 329 3427 1918 3499">
    <p class='ocr_par' dir='ltr' id='par_1_31' title="bbox 329 3427 1918 3499">
     <span class='ocr_line' id='line_1_31' title="bbox 329 3427 1918 3499; baseline 0.001 -18"><span class='ocrx_word' id='word_1_199' title='bbox 329 3427 469 3482; x_wconf 88' lang='lat' dir='ltr'><strong>adeo</strong></span> <span class='ocrx_word' id='word_1_200' title='bbox 494 3427 872 3483; x_wconf 87' lang='lat' dir='ltr'><strong>calceamentis</strong></span> <span class='ocrx_word' id='word_1_201' title='bbox 908 3428 1175 3497; x_wconf 83' lang='lat' dir='ltr'><strong>indigent,</strong></span> <span class='ocrx_word' id='word_1_202' title='bbox 1208 3444 1312 3483; x_wconf 91' lang='lat' dir='ltr'><strong>non</strong></span> <span class='ocrx_word' id='word_1_203' title='bbox 1340 3430 1446 3483; x_wconf 90' lang='lat' dir='ltr'><strong>vini</strong></span> <span class='ocrx_word' id='word_1_204' title='bbox 1490 3437 1636 3499; x_wconf 91' lang='lat' dir='ltr'><strong>potu,</strong></span> <span class='ocrx_word' id='word_1_205' title='bbox 1669 3446 1773 3491; x_wconf 82' lang='lat' dir='ltr'><strong>non</strong></span> <span class='ocrx_word' id='word_1_206' title='bbox 1804 3431 1918 3487; x_wconf 91' lang='lat' dir='ltr'><strong>lau-</strong></span> 
     </span>
    </p>
   </div>
   <div class='ocr_carea' id='block_1_32' title="bbox 332 3518 1916 3590">
    <p class='ocr_par' dir='ltr' id='par_1_32' title="bbox 332 3518 1916 3590">
     <span class='ocr_line' id='line_1_32' title="bbox 332 3518 1916 3590; baseline 0.003 -19"><span class='ocrx_word' id='word_1_207' title='bbox 332 3520 469 3573; x_wconf 88' lang='lat' dir='ltr'><strong>tiore</strong></span> <span class='ocrx_word' id='word_1_208' title='bbox 496 3518 619 3573; x_wconf 89' lang='lat' dir='ltr'><strong>cibo</strong></span> <span class='ocrx_word' id='word_1_209' title='bbox 644 3536 658 3573; x_wconf 89' lang='lat'>:</span> <span class='ocrx_word' id='word_1_210' title='bbox 693 3534 815 3572; x_wconf 90' lang='lat' dir='ltr'><strong>nam</strong></span> <span class='ocrx_word' id='word_1_211' title='bbox 842 3522 971 3573; x_wconf 84' lang='lat' dir='ltr'><strong>satis</strong></span> <span class='ocrx_word' id='word_1_212' title='bbox 1000 3529 1127 3573; x_wconf 91' lang='lat' dir='ltr'><strong>sunt</strong></span> <span class='ocrx_word' id='word_1_213' title='bbox 1156 3519 1283 3589; x_wconf 83' lang='lat' dir='ltr'><strong>ipsis</strong></span> <span class='ocrx_word' id='word_1_214' title='bbox 1309 3520 1480 3574; x_wconf 90' lang='lat' dir='ltr'><strong>fontes</strong></span> <span class='ocrx_word' id='word_1_215' title='bbox 1507 3535 1799 3590; x_wconf 88' lang='lat' dir='ltr'><strong>aquarum;</strong></span> <span class='ocrx_word' id='word_1_216' title='bbox 1833 3520 1916 3578; x_wconf 85' lang='lat' dir='ltr'><strong>bis</strong></span> 
     </span>
    </p>
   </div>
   <div class='ocr_carea' id='block_1_33' title="bbox 333 3609 1912 3680">
    <p class='ocr_par' dir='ltr' id='par_1_33' title="bbox 333 3609 1912 3680">
     <span class='ocr_line' id='line_1_33' title="bbox 333 3609 1912 3680; baseline 0.003 -20"><span class='ocrx_word' id='word_1_217' title='bbox 333 3609 525 3664; x_wconf 79' lang='lat' dir='ltr'><strong>viliora</strong></span> <span class='ocrx_word' id='word_1_218' title='bbox 546 3609 714 3673; x_wconf 88' lang='lat' dir='ltr'><strong>olera,</strong></span> <span class='ocrx_word' id='word_1_219' title='bbox 742 3610 855 3665; x_wconf 89' lang='lat' dir='ltr'><strong>illis.</strong></span> <span class='ocrx_word' id='word_1_220' title='bbox 868 3625 1031 3676; x_wconf 84' lang='lat' dir='ltr'><strong>pauca</strong></span> <span class='ocrx_word' id='word_1_221' title='bbox 1052 3610 1306 3679; x_wconf 83' lang='lat' dir='ltr'><strong>aridaque</strong></span> <span class='ocrx_word' id='word_1_222' title='bbox 1331 3612 1594 3680; x_wconf 83' lang='lat' dir='ltr'><strong>legumina</strong></span> <span class='ocrx_word' id='word_1_223' title='bbox 1620 3611 1912 3676; x_wconf 79' lang='lat' dir='ltr'><strong>sufficient,</strong></span> 
     </span>
    </p>
   </div>
   <div class='ocr_carea' id='block_1_34' title="bbox 329 3700 1915 3771">
    <p class='ocr_par' dir='ltr' id='par_1_34' title="bbox 329 3700 1915 3771">
     <span class='ocr_line' id='line_1_34' title="bbox 329 3700 1915 3771; baseline 0.003 -19"><span class='ocrx_word' id='word_1_224' title='bbox 329 3701 456 3753; x_wconf 87' lang='lat' dir='ltr'><strong>anni</strong></span> <span class='ocrx_word' id='word_1_225' title='bbox 510 3709 826 3769; x_wconf 87' lang='lat' dir='ltr'><strong>tempestate</strong></span> <span class='ocrx_word' id='word_1_226' title='bbox 876 3709 1133 3770; x_wconf 86' lang='lat' dir='ltr'><strong>apparatu</strong></span> <span class='ocrx_word' id='word_1_227' title='bbox 1176 3700 1383 3759; x_wconf 82' lang='lat' dir='ltr'><strong>facilem</strong></span> <span class='ocrx_word' id='word_1_228' title='bbox 1440 3701 1568 3771; x_wconf 82' lang='lat' dir='ltr'><strong>ipsis</strong></span> <span class='ocrx_word' id='word_1_229' title='bbox 1619 3702 1915 3757; x_wconf 88' lang='lat' dir='ltr'><strong>instruente</strong></span> 
     </span>
    </p>
   </div>
   <div class='ocr_carea' id='block_1_35' title="bbox 330 3779 1916 3862">
    <p class='ocr_par' dir='ltr' id='par_1_35' title="bbox 330 3779 1916 3862">
     <span class='ocr_line' id='line_1_35' title="bbox 330 3779 1916 3862; baseline 0.003 -20"><span class='ocrx_word' id='word_1_230' title='bbox 330 3805 593 3844; x_wconf 88' lang='lat' dir='ltr'><strong>mensam.</strong></span> <span class='ocrx_word' id='word_1_231' title='bbox 618 3779 879 3861; x_wconf 68' lang='lat' dir='ltr'><strong>Aliudque</strong></span> <span class='ocrx_word' id='word_1_232' title='bbox 919 3806 1017 3845; x_wconf 90' lang='lat' dir='ltr'><strong>nec</strong></span> <span class='ocrx_word' id='word_1_233' title='bbox 1053 3792 1228 3845; x_wconf 89' lang='lat' dir='ltr'><strong>ntinus</strong></span> <span class='ocrx_word' id='word_1_234' title='bbox 1257 3791 1595 3849; x_wconf 89' lang='lat' dir='ltr'><strong>commodum</strong></span> <span class='ocrx_word' id='word_1_235' title='bbox 1632 3801 1757 3846; x_wconf 92' lang='lat' dir='ltr'><strong>tunc</strong></span> <span class='ocrx_word' id='word_1_236' title='bbox 1788 3793 1916 3862; x_wconf 79' lang='lat' dir='ltr'><strong>ipsis</strong></span> 
     </span>
    </p>
   </div>
   <div class='ocr_carea' id='block_1_36' title="bbox 330 3881 1913 3953">
    <p class='ocr_par' dir='ltr' id='par_1_36' title="bbox 330 3881 1913 3953">
     <span class='ocr_line' id='line_1_36' title="bbox 330 3881 1913 3953; baseline 0.002 -19"><span class='ocrx_word' id='word_1_237' title='bbox 330 3881 505 3947; x_wconf 84' lang='lat' dir='ltr'><strong>adest;</strong></span> <span class='ocrx_word' id='word_1_238' title='bbox 532 3882 788 3951; x_wconf 88' lang='lat' dir='ltr'><strong>operandi</strong></span> <span class='ocrx_word' id='word_1_239' title='bbox 818 3898 1010 3950; x_wconf 89' lang='lat' dir='ltr'><strong>nempe</strong></span> <span class='ocrx_word' id='word_1_240' title='bbox 1036 3882 1258 3936; x_wconf 80' lang='lat' dir='ltr'><strong>facultas</strong></span> <span class='ocrx_word' id='word_1_241' title='bbox 1292 3901 1304 3936; x_wconf 91' lang='lat'><strong>:</strong></span> <span class='ocrx_word' id='word_1_242' title='bbox 1332 3899 1452 3936; x_wconf 91' lang='lat' dir='ltr'><strong>nam</strong></span> <span class='ocrx_word' id='word_1_243' title='bbox 1483 3886 1571 3953; x_wconf 87' lang='lat' dir='ltr'><strong>qui</strong></span> <span class='ocrx_word' id='word_1_244' title='bbox 1598 3884 1787 3937; x_wconf 90' lang='lat' dir='ltr'><strong>domos</strong></span> <span class='ocrx_word' id='word_1_245' title='bbox 1815 3901 1913 3937; x_wconf 78' lang='lat' dir='ltr'><strong>ex-</strong></span> 
     </span>
    </p>
   </div>
   <div class='ocr_carea' id='block_1_37' title="bbox 330 3975 1910 4047">
    <p class='ocr_par' dir='ltr' id='par_1_37' title="bbox 330 3975 1910 4047">
     <span class='ocr_line' id='line_1_37' title="bbox 330 3975 1910 4047; baseline 0.002 -20"><span class='ocrx_word' id='word_1_246' title='bbox 330 3983 565 4038; x_wconf 90' lang='lat' dir='ltr'><strong>struunt,</strong></span> <span class='ocrx_word' id='word_1_247' title='bbox 595 3975 684 4044; x_wconf 86' lang='lat' dir='ltr'><strong>qui</strong></span> <span class='ocrx_word' id='word_1_248' title='bbox 734 3984 927 4030; x_wconf 88' lang='lat' dir='ltr'><strong>terram</strong></span> <span class='ocrx_word' id='word_1_249' title='bbox 968 3975 1196 4038; x_wconf 87' lang='lat' dir='ltr'><strong>fodiunt,</strong></span> <span class='ocrx_word' id='word_1_250' title='bbox 1245 3975 1335 4045; x_wconf 86' lang='lat' dir='ltr'><strong>qui</strong></span> <span class='ocrx_word' id='word_1_251' title='bbox 1379 3977 1431 4029; x_wconf 88' lang='lat' dir='ltr'><strong>itt</strong></span> <span class='ocrx_word' id='word_1_252' title='bbox 1467 3978 1597 4030; x_wconf 87' lang='lat' dir='ltr'><strong>tttari</strong></span> <span class='ocrx_word' id='word_1_253' title='bbox 1644 3978 1910 4047; x_wconf 86' lang='lat' dir='ltr'><strong>navigant,</strong></span> 
     </span>
    </p>
   </div>
   <div class='ocr_carea' id='block_1_38' title="bbox 333 4065 1912 4138">
    <p class='ocr_par' dir='ltr' id='par_1_38' title="bbox 333 4065 1912 4138">
     <span class='ocr_line' id='line_1_38' title="bbox 333 4065 1912 4138; baseline 0.002 -18"><span class='ocrx_word' id='word_1_254' title='bbox 333 4065 526 4121; x_wconf 86' lang='lat' dir='ltr'><strong>borum</strong></span> <span class='ocrx_word' id='word_1_255' title='bbox 572 4067 801 4122; x_wconf 77' lang='lat' dir='ltr'><strong>maxime</strong></span> <span class='ocrx_word' id='word_1_256' title='bbox 830 4068 1125 4129; x_wconf 83' lang='lat' dir='ltr'><strong>ministerio</strong></span> <span class='ocrx_word' id='word_1_257' title='bbox 1168 4084 1302 4138; x_wconf 84' lang='lat' dir='ltr'><strong>opus</strong></span> <span class='ocrx_word' id='word_1_258' title='bbox 1329 4068 1547 4125; x_wconf 87' lang='lat' dir='ltr'><strong>habent.</strong></span> <span class='ocrx_word' id='word_1_259' title='bbox 1593 4070 1749 4136; x_wconf 78' lang='lat' dir='ltr'><strong>Quod</strong></span> <span class='ocrx_word' id='word_1_260' title='bbox 1772 4072 1912 4123; x_wconf 88' lang='lat' dir='ltr'><strong>enim</strong></span> 
     </span>
    </p>
   </div>
   <div class='ocr_carea' id='block_1_39' title="bbox 332 4158 1912 4230">
    <p class='ocr_par' dir='ltr' id='par_1_39' title="bbox 332 4158 1912 4230">
     <span class='ocr_line' id='line_1_39' title="bbox 332 4158 1912 4230; baseline 0.003 -19"><span class='ocrx_word' id='word_1_261' title='bbox 332 4158 589 4212; x_wconf 88' lang='lat' dir='ltr'><strong>divitibus</strong></span> <span class='ocrx_word' id='word_1_262' title='bbox 634 4168 759 4211; x_wconf 88' lang='lat' dir='ltr'><strong>sunt</strong></span> <span class='ocrx_word' id='word_1_263' title='bbox 814 4159 962 4228; x_wconf 82' lang='lat' dir='ltr'><strong>agri,</strong></span> <span class='ocrx_word' id='word_1_264' title='bbox 1015 4159 1207 4214; x_wconf 90' lang='lat' dir='ltr'><strong>domus</strong></span> <span class='ocrx_word' id='word_1_265' title='bbox 1257 4159 1542 4229; x_wconf 72' lang='lat' dir='ltr'><strong>czcterique</strong></span> <span class='ocrx_word' id='word_1_266' title='bbox 1594 4172 1912 4230; x_wconf 85' lang='lat' dir='ltr'><strong>proventus,</strong></span> 
     </span>
    </p>
   </div>
   <div class='ocr_carea' id='block_1_40' title="bbox 332 4250 1917 4323">
    <p class='ocr_par' dir='ltr' id='par_1_40' title="bbox 332 4250 1917 4323">
     <span class='ocr_line' id='line_1_40' title="bbox 332 4250 1917 4323; baseline 0.003 -20"><span class='ocrx_word' id='word_1_267' title='bbox 332 4250 565 4318; x_wconf 85' lang='lat' dir='ltr'><strong>idipstnn</strong></span> <span class='ocrx_word' id='word_1_268' title='bbox 595 4259 677 4305; x_wconf 90' lang='lat' dir='ltr'><strong>est</strong></span> <span class='ocrx_word' id='word_1_269' title='bbox 700 4250 805 4303; x_wconf 84' lang='lat' dir='ltr'><strong>illis</strong></span> <span class='ocrx_word' id='word_1_270' title='bbox 828 4266 1044 4319; x_wconf 88' lang='lat' dir='ltr'><strong>corpus,</strong></span> <span class='ocrx_word' id='word_1_271' title='bbox 1076 4262 1124 4305; x_wconf 91' lang='lat' dir='ltr'><strong>et</strong></span> <span class='ocrx_word' id='word_1_272' title='bbox 1159 4251 1246 4321; x_wconf 88' lang='lat' dir='ltr'><strong>qui</strong></span> <span class='ocrx_word' id='word_1_273' title='bbox 1280 4252 1522 4307; x_wconf 91' lang='lat' dir='ltr'><strong>manibus</strong></span> <span class='ocrx_word' id='word_1_274' title='bbox 1543 4254 1717 4323; x_wconf 86' lang='lat' dir='ltr'><strong>parari</strong></span> <span class='ocrx_word' id='word_1_275' title='bbox 1745 4265 1917 4323; x_wconf 79' lang='lat' dir='ltr'><strong>potest</strong></span> 
     </span>
    </p>
   </div>
   <div class='ocr_carea' id='block_1_41' title="bbox 332 4340 1917 4415">
    <p class='ocr_par' dir='ltr' id='par_1_41' title="bbox 332 4340 1917 4415">
     <span class='ocr_line' id='line_1_41' title="bbox 332 4340 1917 4415; baseline 0.003 -21"><span class='ocrx_word' id='word_1_276' title='bbox 332 4341 539 4396; x_wconf 88' lang='lat' dir='ltr'><strong>reditus</strong></span> <span class='ocrx_word' id='word_1_277' title='bbox 572 4359 586 4394; x_wconf 90' lang='lat'><strong>:</strong></span> <span class='ocrx_word' id='word_1_278' title='bbox 613 4340 827 4395; x_wconf 89' lang='lat' dir='ltr'><strong>aliunde</strong></span> <span class='ocrx_word' id='word_1_279' title='bbox 856 4342 985 4395; x_wconf 71' lang='lat' dir='ltr'><strong>nihil</strong></span> <span class='ocrx_word' id='word_1_280' title='bbox 1023 4342 1194 4396; x_wconf 84' lang='lat' dir='ltr'><strong>adest.</strong></span> <span class='ocrx_word' id='word_1_281' title='bbox 1223 4341 1555 4413; x_wconf 85' lang='lat' dir='ltr'><strong>Quapropter</strong></span> <span class='ocrx_word' id='word_1_282' title='bbox 1583 4353 1769 4399; x_wconf 81' lang='lat' dir='ltr'><strong>:cstate</strong></span> <span class='ocrx_word' id='word_1_283' title='bbox 1798 4344 1917 4415; x_wconf 90' lang='lat' dir='ltr'><strong>qui-</strong></span> 
     </span>
    </p>
   </div>
   <div class='ocr_carea' id='block_1_42' title="bbox 332 4432 1917 4506">
    <p class='ocr_par' dir='ltr' id='par_1_42' title="bbox 332 4432 1917 4506">
     <span class='ocr_line' id='line_1_42' title="bbox 332 4432 1917 4506; baseline 0.004 -21"><span class='ocrx_word' id='word_1_284' title='bbox 332 4432 454 4485; x_wconf 89' lang='lat' dir='ltr'><strong>dem</strong></span> <span class='ocrx_word' id='word_1_285' title='bbox 480 4432 750 4500; x_wconf 88' lang='lat' dir='ltr'><strong>quidpiam</strong></span> <span class='ocrx_word' id='word_1_286' title='bbox 772 4432 992 4486; x_wconf 83' lang='lat' dir='ltr'><strong>oll&#39;ertur</strong></span> <span class='ocrx_word' id='word_1_287' title='bbox 1016 4434 1212 4494; x_wconf 83' lang='lat' dir='ltr'><strong>solatii;</strong></span> <span class='ocrx_word' id='word_1_288' title='bbox 1238 4435 1457 4489; x_wconf 86' lang='lat' dir='ltr'><strong>hiberno</strong></span> <span class='ocrx_word' id='word_1_289' title='bbox 1475 4445 1649 4489; x_wconf 88' lang='lat' dir='ltr'><strong>autem</strong></span> <span class='ocrx_word' id='word_1_290' title='bbox 1678 4444 1917 4506; x_wconf 90' lang='lat' dir='ltr'><strong>tempore</strong></span> 
     </span>
    </p>
   </div>
   <div class='ocr_carea' id='block_1_43' title="bbox 334 4523 1917 4594">
    <p class='ocr_par' dir='ltr' id='par_1_43' title="bbox 334 4523 1917 4594">
     <span class='ocr_line' id='line_1_43' title="bbox 334 4523 1917 4594; baseline 0.003 -17"><span class='ocrx_word' id='word_1_291' title='bbox 334 4540 586 4593; x_wconf 74' lang='lat' dir='ltr'><strong>magnum</strong></span> <span class='ocrx_word' id='word_1_292' title='bbox 616 4523 722 4576; x_wconf 87' lang='lat' dir='ltr'><strong>illis</strong></span> <span class='ocrx_word' id='word_1_293' title='bbox 767 4523 999 4594; x_wconf 90' lang='lat' dir='ltr'><strong>undique</strong></span> <span class='ocrx_word' id='word_1_294' title='bbox 1038 4525 1256 4588; x_wconf 91' lang='lat' dir='ltr'><strong>bellum,</strong></span> <span class='ocrx_word' id='word_1_295' title='bbox 1288 4526 1481 4593; x_wconf 82' lang='lat' dir='ltr'><strong>duplex</strong></span> <span class='ocrx_word' id='word_1_296' title='bbox 1508 4526 1712 4580; x_wconf 89' lang='lat' dir='ltr'><strong>obsidio</strong></span> <span class='ocrx_word' id='word_1_297' title='bbox 1734 4569 1748 4591; x_wconf 93' lang='lat'><strong>,</strong></span> <span class='ocrx_word' id='word_1_298' title='bbox 1777 4525 1917 4581; x_wconf 87' lang='lat' dir='ltr'><strong>fame</strong></span> 
     </span>
    </p>
   </div>
   <div class='ocr_carea' id='block_1_44' title="bbox 333 4616 1915 4685">
    <p class='ocr_par' dir='ltr' id='par_1_44' title="bbox 333 4616 1915 4685">
     <span class='ocr_line' id='line_1_44' title="bbox 333 4616 1915 4685; baseline 0.001 -15"><span class='ocrx_word' id='word_1_299' title='bbox 333 4618 479 4670; x_wconf 90' lang='lat' dir='ltr'><strong>intus</strong></span> <span class='ocrx_word' id='word_1_300' title='bbox 506 4618 708 4669; x_wconf 83' lang='lat' dir='ltr'><strong>viscera</strong></span> <span class='ocrx_word' id='word_1_301' title='bbox 740 4616 981 4681; x_wconf 90' lang='lat' dir='ltr'><strong>rodente,</strong></span> <span class='ocrx_word' id='word_1_302' title='bbox 1015 4616 1315 4685; x_wconf 83' lang='lat' dir='ltr'><strong>frigoreque</strong></span> <span class='ocrx_word' id='word_1_303' title='bbox 1343 4618 1677 4671; x_wconf 72' lang='lat' dir='ltr'><strong>extrinsecus</strong></span> <span class='ocrx_word' id='word_1_304' title='bbox 1703 4634 1915 4672; x_wconf 77' lang='lat' dir='ltr'><strong>carnem</strong></span> 
     </span>
    </p>
   </div>
   <div class='ocr_carea' id='block_1_45' title="bbox 334 4708 1918 4777">
    <p class='ocr_par' dir='ltr' id='par_1_45' title="bbox 334 4708 1918 4777">
     <span class='ocr_line' id='line_1_45' title="bbox 334 4708 1918 4777; baseline 0.002 -16"><span class='ocrx_word' id='word_1_305' title='bbox 334 4708 686 4777; x_wconf 77' lang='lat' dir='ltr'><strong>eongelante,</strong></span> <span class='ocrx_word' id='word_1_306' title='bbox 711 4717 767 4761; x_wconf 92' lang='lat' dir='ltr'><strong>et</strong></span> <span class='ocrx_word' id='word_1_307' title='bbox 794 4709 943 4776; x_wconf 82' lang='lat' dir='ltr'><strong>quasi</strong></span> <span class='ocrx_word' id='word_1_308' title='bbox 976 4718 1235 4761; x_wconf 77' lang='lat' dir='ltr'><strong>mortuam</strong></span> <span class='ocrx_word' id='word_1_309' title='bbox 1272 4709 1545 4763; x_wconf 87' lang='lat' dir='ltr'><strong>reddente.</strong></span> <span class='ocrx_word' id='word_1_310' title='bbox 1581 4709 1780 4763; x_wconf 91' lang='lat' dir='ltr'><strong>Idcirco</strong></span> <span class='ocrx_word' id='word_1_311' title='bbox 1814 4711 1918 4764; x_wconf 88' lang='lat' dir='ltr'><strong>lar-</strong></span> 
     </span>
    </p>
   </div>
   <div class='ocr_carea' id='block_1_46' title="bbox 334 4800 1919 4873">
    <p class='ocr_par' dir='ltr' id='par_1_46' title="bbox 334 4800 1919 4873">
     <span class='ocr_line' id='line_1_46' title="bbox 334 4800 1919 4873; baseline 0.003 -19"><span class='ocrx_word' id='word_1_312' title='bbox 334 4802 484 4870; x_wconf 89' lang='lat' dir='ltr'><strong>giore</strong></span> <span class='ocrx_word' id='word_1_313' title='bbox 507 4801 650 4865; x_wconf 89' lang='lat' dir='ltr'><strong>cibo,</strong></span> <span class='ocrx_word' id='word_1_314' title='bbox 681 4800 929 4855; x_wconf 82' lang='lat' dir='ltr'><strong>densiore</strong></span> <span class='ocrx_word' id='word_1_315' title='bbox 955 4801 1146 4853; x_wconf 87' lang='lat' dir='ltr'><strong>vestitu</strong></span> <span class='ocrx_word' id='word_1_316' title='bbox 1180 4816 1313 4869; x_wconf 89' lang='lat' dir='ltr'><strong>opus</strong></span> <span class='ocrx_word' id='word_1_317' title='bbox 1340 4800 1564 4867; x_wconf 88' lang='lat' dir='ltr'><strong>habent,</strong></span> <span class='ocrx_word' id='word_1_318' title='bbox 1598 4802 1919 4873; x_wconf 77' lang='lat' dir='ltr'><strong>insuperque</strong></span> 
     </span>
    </p>
   </div>
   <div class='ocr_carea' id='block_1_47' title="bbox 337 4893 1919 4971">
    <p class='ocr_par' dir='ltr' id='par_1_47' title="bbox 337 4893 1919 4971">
     <span class='ocr_line' id='line_1_47' title="bbox 337 4893 1919 4971; baseline 0.003 -26"><span class='ocrx_word' id='word_1_319' title='bbox 337 4902 503 4958; x_wconf 87' lang='lat' dir='ltr'><strong>tecto,</strong></span> <span class='ocrx_word' id='word_1_320' title='bbox 544 4902 732 4971; x_wconf 77' lang='lat' dir='ltr'><strong>strato,</strong></span> <span class='ocrx_word' id='word_1_321' title='bbox 762 4893 1137 4947; x_wconf 83' lang='lat' dir='ltr'><strong>calceamentis</strong></span> <span class='ocrx_word' id='word_1_322' title='bbox 1174 4894 1458 4964; x_wconf 91' lang='lat' dir='ltr'><strong>multisque</strong></span> <span class='ocrx_word' id='word_1_323' title='bbox 1495 4895 1630 4948; x_wconf 88' lang='lat' dir='ltr'><strong>aliis.</strong></span> <span class='ocrx_word' id='word_1_324' title='bbox 1662 4895 1919 4964; x_wconf 86' lang='lat' dir='ltr'><strong>Quodque</strong></span> 
     </span>
    </p>
   </div>
   <div class='ocr_carea' id='block_1_48' title="bbox 337 4983 1917 5054">
    <p class='ocr_par' dir='ltr' id='par_1_48' title="bbox 337 4983 1917 5054">
     <span class='ocr_line' id='line_1_48' title="bbox 337 4983 1917 5054; baseline 0.001 -17"><span class='ocrx_word' id='word_1_325' title='bbox 337 4985 440 5037; x_wconf 84' lang='lat' dir='ltr'><strong>illis</strong></span> <span class='ocrx_word' id='word_1_326' title='bbox 468 4983 711 5037; x_wconf 85' lang='lat' dir='ltr'><strong>acerbius</strong></span> <span class='ocrx_word' id='word_1_327' title='bbox 741 4991 845 5046; x_wconf 90' lang='lat' dir='ltr'><strong>est,</strong></span> <span class='ocrx_word' id='word_1_328' title='bbox 878 5000 945 5036; x_wconf 94' lang='lat' dir='ltr'><strong>ne</strong></span> <span class='ocrx_word' id='word_1_329' title='bbox 971 4983 1222 5051; x_wconf 79' lang='lat' dir='ltr'><strong>Operandi</strong></span> <span class='ocrx_word' id='word_1_330' title='bbox 1251 4984 1463 5054; x_wconf 86' lang='lat' dir='ltr'><strong>quidem</strong></span> <span class='ocrx_word' id='word_1_331' title='bbox 1491 4984 1792 5040; x_wconf 87' lang='lat' dir='ltr'><strong>facultatem</strong></span> <span class='ocrx_word' id='word_1_332' title='bbox 1819 4985 1917 5039; x_wconf 84' lang='lat' dir='ltr'><strong>ha-</strong></span> 
     </span>
    </p>
   </div>
   <div class='ocr_carea' id='block_1_49' title="bbox 337 5074 1920 5145">
    <p class='ocr_par' dir='ltr' id='par_1_49' title="bbox 337 5074 1920 5145">
     <span class='ocr_line' id='line_1_49' title="bbox 337 5074 1920 5145; baseline 0.001 -17"><span class='ocrx_word' id='word_1_333' title='bbox 337 5076 465 5128; x_wconf 87' lang='lat' dir='ltr'><strong>bent</strong></span> <span class='ocrx_word' id='word_1_334' title='bbox 498 5090 510 5125; x_wconf 91' lang='lat'>:</span> <span class='ocrx_word' id='word_1_335' title='bbox 540 5089 714 5143; x_wconf 87' lang='lat' dir='ltr'><strong>neque</strong></span> <span class='ocrx_word' id='word_1_336' title='bbox 748 5074 889 5127; x_wconf 90' lang='lat' dir='ltr'><strong>enim</strong></span> <span class='ocrx_word' id='word_1_337' title='bbox 922 5074 972 5128; x_wconf 93' lang='lat' dir='ltr'><strong>id</strong></span> <span class='ocrx_word' id='word_1_338' title='bbox 1011 5075 1133 5127; x_wconf 81' lang='lat' dir='ltr'><strong>anni</strong></span> <span class='ocrx_word' id='word_1_339' title='bbox 1177 5084 1462 5144; x_wconf 85' lang='lat' dir='ltr'><strong>tempestas</strong></span> <span class='ocrx_word' id='word_1_340' title='bbox 1501 5078 1710 5145; x_wconf 87' lang='lat' dir='ltr'><strong>patitur.</strong></span> <span class='ocrx_word' id='word_1_341' title='bbox 1742 5078 1920 5143; x_wconf 87' lang='lat' dir='ltr'><strong>Quan-</strong></span> 
     </span>
    </p>
   </div>
   <div class='ocr_carea' id='block_1_50' title="bbox 334 5165 1921 5236">
    <p class='ocr_par' dir='ltr' id='par_1_50' title="bbox 334 5165 1921 5236">
     <span class='ocr_line' id='line_1_50' title="bbox 334 5165 1921 5236; baseline 0.001 -16"><span class='ocrx_word' id='word_1_342' title='bbox 334 5165 624 5236; x_wconf 89' lang='lat' dir='ltr'><strong>doquidem</strong></span> <span class='ocrx_word' id='word_1_343' title='bbox 657 5166 813 5235; x_wconf 80' lang='lat' dir='ltr'><strong>igitur</strong></span> <span class='ocrx_word' id='word_1_344' title='bbox 849 5167 1086 5235; x_wconf 89' lang='lat' dir='ltr'><strong>pluribus</strong></span> <span class='ocrx_word' id='word_1_345' title='bbox 1132 5167 1367 5235; x_wconf 79' lang='lat' dir='ltr'><strong>indigent</strong></span> <span class='ocrx_word' id='word_1_346' title='bbox 1405 5167 1574 5235; x_wconf 89' lang='lat' dir='ltr'><strong>iisque</strong></span> <span class='ocrx_word' id='word_1_347' title='bbox 1605 5170 1921 5223; x_wconf 81' lang='lat' dir='ltr'><strong>necessariis</strong></span> 
     </span>
    </p>
   </div>
   <div class='ocr_carea' id='block_1_51' title="bbox 337 5258 1922 5328">
    <p class='ocr_par' dir='ltr' id='par_1_51' title="bbox 337 5258 1922 5328">
     <span class='ocr_line' id='line_1_51' title="bbox 337 5258 1922 5328; baseline 0.003 -16"><span class='ocrx_word' id='word_1_348' title='bbox 337 5260 519 5324; x_wconf 88' lang='lat' dir='ltr'><strong>rebus,</strong></span> <span class='ocrx_word' id='word_1_349' title='bbox 550 5274 724 5328; x_wconf 89' lang='lat' dir='ltr'><strong>neque</strong></span> <span class='ocrx_word' id='word_1_350' title='bbox 747 5259 1001 5328; x_wconf 87' lang='lat' dir='ltr'><strong>operandi</strong></span> <span class='ocrx_word' id='word_1_351' title='bbox 1028 5258 1247 5312; x_wconf 84' lang='lat' dir='ltr'><strong>facultas</strong></span> <span class='ocrx_word' id='word_1_352' title='bbox 1268 5260 1437 5325; x_wconf 87' lang='lat' dir='ltr'><strong>adest,</strong></span> <span class='ocrx_word' id='word_1_353' title='bbox 1464 5260 1676 5315; x_wconf 84' lang='lat' dir='ltr'><strong>nemine</strong></span> <span class='ocrx_word' id='word_1_354' title='bbox 1696 5263 1922 5317; x_wconf 85' lang='lat' dir='ltr'><strong>miseros</strong></span> 
     </span>
    </p>
   </div>
   <div class='ocr_carea' id='block_1_52' title="bbox 335 5350 1919 5419">
    <p class='ocr_par' dir='ltr' id='par_1_52' title="bbox 335 5350 1919 5419">
     <span class='ocr_line' id='line_1_52' title="bbox 335 5350 1919 5419; baseline 0.002 -16"><span class='ocrx_word' id='word_1_355' title='bbox 335 5351 695 5415; x_wconf 82' lang='lat' dir='ltr'><strong>conducente,</strong></span> <span class='ocrx_word' id='word_1_356' title='bbox 727 5351 940 5405; x_wconf 89' lang='lat' dir='ltr'><strong>nemine</strong></span> <span class='ocrx_word' id='word_1_357' title='bbox 963 5350 1029 5404; x_wconf 89' lang='lat' dir='ltr'><strong>ad</strong></span> <span class='ocrx_word' id='word_1_358' title='bbox 1051 5366 1183 5419; x_wconf 87' lang='lat' dir='ltr'><strong>Opus</strong></span> <span class='ocrx_word' id='word_1_359' title='bbox 1206 5358 1444 5414; x_wconf 88' lang='lat' dir='ltr'><strong>vocante,</strong></span> <span class='ocrx_word' id='word_1_360' title='bbox 1475 5366 1592 5419; x_wconf 78' lang='lat' dir='ltr'><strong>age,</strong></span> <span class='ocrx_word' id='word_1_361' title='bbox 1614 5351 1919 5406; x_wconf 90' lang='lat' dir='ltr'><strong>conducen-</strong></span> 
     </span>
    </p>
   </div>
   <div class='ocr_carea' id='block_1_53' title="bbox 340 5443 1921 5515">
    <p class='ocr_par' dir='ltr' id='par_1_53' title="bbox 340 5443 1921 5515">
     <span class='ocr_line' id='line_1_53' title="bbox 340 5443 1921 5515; baseline 0.001 -19"><span class='ocrx_word' id='word_1_362' title='bbox 340 5445 472 5497; x_wconf 86' lang='lat' dir='ltr'><strong>tium</strong></span> <span class='ocrx_word' id='word_1_363' title='bbox 504 5444 642 5509; x_wconf 86' lang='lat' dir='ltr'><strong>vice,</strong></span> <span class='ocrx_word' id='word_1_364' title='bbox 687 5444 1109 5498; x_wconf 89' lang='lat' dir='ltr'><strong>misericordium</strong></span> <span class='ocrx_word' id='word_1_365' title='bbox 1150 5443 1423 5497; x_wconf 89' lang='lat' dir='ltr'><strong>hominum</strong></span> <span class='ocrx_word' id='word_1_366' title='bbox 1465 5460 1654 5498; x_wconf 89' lang='lat' dir='ltr'><strong>manus</strong></span> <span class='ocrx_word' id='word_1_367' title='bbox 1688 5445 1921 5515; x_wconf 85' lang='lat' dir='ltr'><strong>porriga-</strong></span> 
     </span>
    </p>
   </div>
   <div class='ocr_carea' id='block_1_54' title="bbox 340 5535 1920 5608">
    <p class='ocr_par' dir='ltr' id='par_1_54' title="bbox 340 5535 1920 5608">
     <span class='ocr_line' id='line_1_54' title="bbox 340 5535 1920 5608; baseline 0.002 -20"><span class='ocrx_word' id='word_1_368' title='bbox 340 5551 457 5589; x_wconf 89' lang='lat' dir='ltr'><strong>mus</strong></span> <span class='ocrx_word' id='word_1_369' title='bbox 492 5552 506 5586; x_wconf 90' lang='lat'><strong>:</strong></span> <span class='ocrx_word' id='word_1_370' title='bbox 538 5543 698 5605; x_wconf 88' lang='lat' dir='ltr'><strong>atque</strong></span> <span class='ocrx_word' id='word_1_371' title='bbox 740 5536 807 5590; x_wconf 91' lang='lat' dir='ltr'><strong>ad</strong></span> <span class='ocrx_word' id='word_1_372' title='bbox 837 5535 977 5590; x_wconf 81' lang='lat' dir='ltr'><strong>lianc</strong></span> <span class='ocrx_word' id='word_1_373' title='bbox 1020 5537 1335 5606; x_wconf 82' lang='lat' dir='ltr'><strong>legationem</strong></span> <span class='ocrx_word' id='word_1_374' title='bbox 1376 5536 1597 5591; x_wconf 86' lang='lat' dir='ltr'><strong>Paulum</strong></span> <span class='ocrx_word' id='word_1_375' title='bbox 1631 5552 1920 5608; x_wconf 81' lang='lat' dir='ltr'><strong>egenorum</strong></span> 
     </span>
    </p>
   </div>
   <div class='ocr_carea' id='block_1_55' title="bbox 340 5627 1918 5696">
    <p class='ocr_par' dir='ltr' id='par_1_55' title="bbox 340 5627 1918 5696">
     <span class='ocr_line' id='line_1_55' title="bbox 340 5627 1918 5696; baseline 0.001 -19"><span class='ocrx_word' id='word_1_376' title='bbox 340 5642 466 5680; x_wconf 87' lang='lat' dir='ltr'><strong>vere</strong></span> <span class='ocrx_word' id='word_1_377' title='bbox 493 5635 776 5696; x_wconf 87' lang='lat' dir='ltr'><strong>patronum</strong></span> <span class='ocrx_word' id='word_1_378' title='bbox 803 5638 857 5681; x_wconf 91' lang='lat' dir='ltr'><strong>et</strong></span> <span class='ocrx_word' id='word_1_379' title='bbox 885 5637 1183 5681; x_wconf 79' lang='lat' dir='ltr'><strong>curatorem</strong></span> <span class='ocrx_word' id='word_1_380' title='bbox 1212 5629 1263 5681; x_wconf 89' lang='lat' dir='ltr'><strong>in</strong></span> <span class='ocrx_word' id='word_1_381' title='bbox 1288 5627 1543 5696; x_wconf 80' lang='lat' dir='ltr'><strong>collegam</strong></span> <span class='ocrx_word' id='word_1_382' title='bbox 1565 5642 1918 5681; x_wconf 87' lang='lat' dir='ltr'><strong>assumamus.</strong></span> 
     </span>
    </p>
   </div>
   <div class='ocr_carea' id='block_1_56' title="bbox 344 5717 1921 5790">
    <p class='ocr_par' dir='ltr' id='par_1_56' title="bbox 344 5717 1921 5790">
     <span class='ocr_line' id='line_1_56' title="bbox 344 5717 1921 5790; baseline 0.001 -17"><span class='ocrx_word' id='word_1_383' title='bbox 344 5717 557 5774; x_wconf 77' lang='lat' dir='ltr'><strong>Etenim</strong></span> <span class='ocrx_word' id='word_1_384' title='bbox 606 5733 852 5789; x_wconf 69' lang='lat' dir='ltr'><strong>magnas&quot;</strong></span> <span class='ocrx_word' id='word_1_385' title='bbox 895 5718 978 5771; x_wconf 61' lang='lat' dir='ltr'><strong>i‘_&#39;_~</strong></span> <span class='ocrx_word' id='word_1_386' title='bbox 1013 5718 1229 5790; x_wconf 60' lang='lat' dir='ltr'><strong>hujusce</strong></span> <span class='ocrx_word' id='word_1_387' title='bbox 1269 5718 1367 5787; x_wconf 86' lang='lat' dir='ltr'><strong>rei,</strong></span> <span class='ocrx_word' id='word_1_388' title='bbox 1402 5727 1453 5772; x_wconf 91' lang='lat' dir='ltr'><strong>et</strong></span> <span class='ocrx_word' id='word_1_389' title='bbox 1484 5726 1733 5789; x_wconf 82' lang='lat' dir='ltr'><strong>quantam</strong></span> <span class='ocrx_word' id='word_1_390' title='bbox 1766 5734 1921 5775; x_wconf 91' lang='lat' dir='ltr'><strong>nemo</strong></span> 
     </span>
    </p>
   </div>
   <div class='ocr_carea' id='block_1_57' title="bbox 2029 1211 3611 1307">
    <p class='ocr_par' dir='ltr' id='par_1_57' title="bbox 2029 1211 3611 1307">
     <span class='ocr_line' id='line_1_57' title="bbox 2029 1211 3611 1307; baseline 0.029 -46"><span class='ocrx_word' id='word_1_391' title='bbox 2029 1211 2184 1307; x_wconf 77' lang='lat' dir='ltr'><strong>alius,</strong></span> <span class='ocrx_word' id='word_1_392' title='bbox 2218 1214 2629 1307; x_wconf 85' lang='lat' dir='ltr'><strong>sollicitudinem</strong></span> <span class='ocrx_word' id='word_1_393' title='bbox 2660 1223 2839 1285; x_wconf 86' lang='lat' dir='ltr'><strong>habet.</strong></span> <span class='ocrx_word' id='word_1_394' title='bbox 2882 1229 3035 1289; x_wconf 87' lang='lat' dir='ltr'><strong>Unde</strong></span> <span class='ocrx_word' id='word_1_395' title='bbox 3078 1235 3270 1295; x_wconf 81' lang='lat' dir='ltr'><strong>divisis</strong></span> <span class='ocrx_word' id='word_1_396' title='bbox 3299 1257 3419 1300; x_wconf 90' lang='lat' dir='ltr'><strong>cum</strong></span> <span class='ocrx_word' id='word_1_397' title='bbox 3450 1248 3611 1307; x_wconf 84' lang='lat' dir='ltr'><strong>Petro</strong></span> 
     </span>
    </p>
   </div>
   <div class='ocr_carea' id='block_1_58' title="bbox 2027 1301 3609 1398">
    <p class='ocr_par' dir='ltr' id='par_1_58' title="bbox 2027 1301 3609 1398">
     <span class='ocr_line' id='line_1_58' title="bbox 2027 1301 3609 1398; baseline 0.028 -43"><span class='ocrx_word' id='word_1_398' title='bbox 2027 1301 2323 1398; x_wconf 81' lang='lat' dir='ltr'><strong>discipulis,</strong></span> <span class='ocrx_word' id='word_1_399' title='bbox 2357 1325 2646 1381; x_wconf 89' lang='lat' dir='ltr'><strong>pauperum</strong></span> <span class='ocrx_word' id='word_1_400' title='bbox 2668 1331 2849 1373; x_wconf 89' lang='lat' dir='ltr'><strong>curam</strong></span> <span class='ocrx_word' id='word_1_401' title='bbox 2872 1338 2978 1379; x_wconf 90' lang='lat' dir='ltr'><strong>non</strong></span> <span class='ocrx_word' id='word_1_402' title='bbox 3007 1324 3187 1385; x_wconf 87' lang='lat' dir='ltr'><strong>divisit</strong></span> <span class='ocrx_word' id='word_1_403' title='bbox 3215 1349 3229 1385; x_wconf 90' lang='lat'><strong>:</strong></span> <span class='ocrx_word' id='word_1_404' title='bbox 3254 1336 3348 1391; x_wconf 92' lang='lat' dir='ltr'><strong>sed</strong></span> <span class='ocrx_word' id='word_1_405' title='bbox 3378 1301 3609 1398; x_wconf 29' lang='lat' dir='ltr'><strong>cut—nidi:</strong></span> 
     </span>
    </p>
   </div>
   <div class='ocr_carea' id='block_1_59' title="bbox 2025 1394 3611 1498">
    <p class='ocr_par' dir='ltr' id='par_1_59' title="bbox 2025 1394 3611 1498">
     <span class='ocr_line' id='line_1_59' title="bbox 2025 1394 3611 1498; baseline 0.026 -51"><span class='ocrx_word' id='word_1_406' title='bbox 2025 1394 2215 1498; x_wconf 79' lang='lat' dir='ltr'><strong>xisset,</strong></span> <span class='ocrx_word' id='word_1_407' title='bbox 2234 1397 2468 1498; x_wconf 55' lang='lat' dir='ltr'><strong>&quot;Dextras</strong></span> <span class='ocrx_word' id='word_1_408' title='bbox 2494 1404 2739 1462; x_wconf 82' lang='lat' dir='ltr'><strong>dederunt</strong></span> <span class='ocrx_word' id='word_1_409' title='bbox 2764 1412 2891 1471; x_wconf 81' lang='lat' dir='ltr'><strong>mihi</strong></span> <span class='ocrx_word' id='word_1_410' title='bbox 2918 1425 2965 1469; x_wconf 77' lang='lat' dir='ltr'><strong>et</strong></span> <span class='ocrx_word' id='word_1_411' title='bbox 2986 1416 3237 1479; x_wconf 79' lang='lat' dir='ltr'><strong>Barnast</strong></span> <span class='ocrx_word' id='word_1_412' title='bbox 3257 1394 3611 1498; x_wconf 47' lang='lat' dir='ltr'><strong>societatis,—ut</strong></span> 
     </span>
    </p>
   </div>
   <div class='ocr_carea' id='block_1_60' title="bbox 2024 1487 3609 1593">
    <p class='ocr_par' dir='ltr' id='par_1_60' title="bbox 2024 1487 3609 1593">
     <span class='ocr_line' id='line_1_60' title="bbox 2024 1487 3609 1593; baseline 0.028 -55"><span class='ocrx_word' id='word_1_413' title='bbox 2024 1488 2198 1593; x_wconf 29' lang='grc' dir='ltr'><strong>ζωὴ-ξπ</strong></span> <span class='ocrx_word' id='word_1_414' title='bbox 2215 1487 2426 1593; x_wconf 54' lang='lat' dir='ltr'><strong>gentes,</strong></span> <span class='ocrx_word' id='word_1_415' title='bbox 2450 1497 2550 1565; x_wconf 88' lang='lat' dir='ltr'><strong>ipsi</strong></span> <span class='ocrx_word' id='word_1_416' title='bbox 2585 1498 2639 1552; x_wconf 83' lang='lat' dir='ltr'><strong>in</strong></span> <span class='ocrx_word' id='word_1_417' title='bbox 2680 1501 3109 1564; x_wconf 69' lang='lat' dir='ltr'><strong>circumcisione»:</strong></span> <span class='ocrx_word' id='word_1_418' title='bbox 3141 1512 3281 1587; x_wconf 83' lang='lat' dir='ltr'><strong>(Gal.</strong></span> <span class='ocrx_word' id='word_1_419' title='bbox 3309 1519 3364 1573; x_wconf 76' lang='grc'><strong>2.</strong></span> <span class='ocrx_word' id='word_1_420' title='bbox 3386 1522 3465 1593; x_wconf 84' lang='lat'><strong>9),</strong></span> 
     </span>
    </p>
   </div>
   <div class='ocr_carea' id='block_1_61' title="bbox 2019 1578 3610 1685">
    <p class='ocr_par' dir='ltr' id='par_1_61' title="bbox 2019 1578 3610 1685">
     <span class='ocr_line' id='line_1_61' title="bbox 2019 1578 3610 1685; baseline 0.025 -57"><span class='ocrx_word' id='word_1_421' title='bbox 2019 1578 2145 1678; x_wconf 77' lang='lat' dir='ltr'><strong>jecit</strong></span> <span class='ocrx_word' id='word_1_422' title='bbox 2168 1620 2182 1644; x_wconf 91' lang='lat'><strong>,</strong></span> <span class='ocrx_word' id='word_1_423' title='bbox 2215 1578 2436 1641; x_wconf 76' lang='lat' dir='ltr'><strong>Tantum</strong></span> <span class='ocrx_word' id='word_1_424' title='bbox 2483 1596 2537 1639; x_wconf 89' lang='lat' dir='ltr'><strong>ut</strong></span> <span class='ocrx_word' id='word_1_425' title='bbox 2574 1605 2854 1660; x_wconf 77' lang='lat' dir='ltr'><strong>pauperum</strong></span> <span class='ocrx_word' id='word_1_426' title='bbox 2890 1578 3393 1666; x_wconf 43' lang='lat' dir='ltr'><strong>memores&#39;essemus</strong></span> <span class='ocrx_word' id='word_1_427' title='bbox 3420 1578 3610 1685; x_wconf 49' lang='lat' dir='ltr'><strong>E&#39;quod</strong></span> 
     </span>
    </p>
   </div>
   <div class='ocr_carea' id='block_1_62' title="bbox 2023 1667 3608 1774">
    <p class='ocr_par' dir='ltr' id='par_1_62' title="bbox 2023 1667 3608 1774">
     <span class='ocr_line' id='line_1_62' title="bbox 2023 1667 3608 1774; baseline 0.03 -57"><span class='ocrx_word' id='word_1_428' title='bbox 2023 1667 2174 1772; x_wconf 81' lang='lat' dir='ltr'><strong>etiam</strong></span> <span class='ocrx_word' id='word_1_429' title='bbox 2201 1670 2449 1774; x_wconf 63' lang='lat' dir='ltr'><strong>sptlicitus</strong></span> <span class='ocrx_word' id='word_1_430' title='bbox 2472 1678 2547 1747; x_wconf 75' lang='lat' dir='ltr'><strong>fui</strong></span> <span class='ocrx_word' id='word_1_431' title='bbox 2573 1678 2667 1774; x_wconf 71' lang='lat' dir='ltr'><strong>ltoc</strong></span> <span class='ocrx_word' id='word_1_432' title='bbox 2694 1683 2862 1750; x_wconf 82' lang='lat' dir='ltr'><strong>ipsum</strong></span> <span class='ocrx_word' id='word_1_433' title='bbox 2889 1692 3057 1759; x_wconf 77' lang='lat' dir='ltr'><strong>facere</strong></span> <span class='ocrx_word' id='word_1_434' title='bbox 3079 1692 3238 1765; x_wconf 81' lang='lat' dir='ltr'><strong>(Ibid.</strong></span> <span class='ocrx_word' id='word_1_435' title='bbox 3282 1715 3330 1754; x_wconf 78' lang='grc' dir='ltr'><strong>υ.</strong></span> <span class='ocrx_word' id='word_1_436' title='bbox 3369 1667 3608 1774; x_wconf 52' lang='lat'><strong>10)..</strong></span> 
     </span>
    </p>
   </div>
   <div class='ocr_carea' id='block_1_63' title="bbox 2022 1761 3606 1853">
    <p class='ocr_par' dir='ltr' id='par_1_63' title="bbox 2022 1761 3606 1853">
     <span class='ocr_line' id='line_1_63' title="bbox 2022 1761 3606 1853; baseline 0.025 -39"><span class='ocrx_word' id='word_1_437' title='bbox 2022 1761 2173 1853; x_wconf 87' lang='lat' dir='ltr'><strong>enim</strong></span> <span class='ocrx_word' id='word_1_438' title='bbox 2188 1764 2381 1835; x_wconf 87' lang='lat' dir='ltr'><strong>ubique</strong></span> <span class='ocrx_word' id='word_1_439' title='bbox 2400 1783 2501 1837; x_wconf 92' lang='lat' dir='ltr'><strong>per</strong></span> <span class='ocrx_word' id='word_1_440' title='bbox 2518 1772 2772 1840; x_wconf 89' lang='lat' dir='ltr'><strong>epistolas</strong></span> <span class='ocrx_word' id='word_1_441' title='bbox 2790 1792 2913 1834; x_wconf 88' lang='lat' dir='ltr'><strong>suas</strong></span> <span class='ocrx_word' id='word_1_442' title='bbox 2937 1780 3019 1837; x_wconf 88' lang='lat' dir='ltr'><strong>bis</strong></span> <span class='ocrx_word' id='word_1_443' title='bbox 3038 1761 3107 1839; x_wconf 83' lang='lat' dir='ltr'><strong>de</strong></span> <span class='ocrx_word' id='word_1_444' title='bbox 3129 1788 3285 1845; x_wconf 88' lang='lat' dir='ltr'><strong>rebus</strong></span> <span class='ocrx_word' id='word_1_445' title='bbox 3304 1761 3606 1853; x_wconf 74' lang='lat' dir='ltr'><strong>sermonem</strong></span> 
     </span>
    </p>
   </div>
   <div class='ocr_carea' id='block_1_64' title="bbox 2024 1852 3610 1955">
    <p class='ocr_par' dir='ltr' id='par_1_64' title="bbox 2024 1852 3610 1955">
     <span class='ocr_line' id='line_1_64' title="bbox 2024 1852 3610 1955; baseline 0.025 -50"><span class='ocrx_word' id='word_1_446' title='bbox 2024 1852 2259 1955; x_wconf 54' lang='lat' dir='ltr'><strong>inducit,</strong></span> <span class='ocrx_word' id='word_1_447' title='bbox 2278 1873 2453 1955; x_wconf 82' lang='lat' dir='ltr'><strong>neque</strong></span> <span class='ocrx_word' id='word_1_448' title='bbox 2490 1860 2649 1919; x_wconf 88' lang='lat' dir='ltr'><strong>ullam</strong></span> <span class='ocrx_word' id='word_1_449' title='bbox 2679 1865 2796 1935; x_wconf 89' lang='lat' dir='ltr'><strong>ejus</strong></span> <span class='ocrx_word' id='word_1_450' title='bbox 2830 1873 3067 1939; x_wconf 89' lang='lat' dir='ltr'><strong>reperias</strong></span> <span class='ocrx_word' id='word_1_451' title='bbox 3104 1878 3383 1946; x_wconf 88' lang='lat' dir='ltr'><strong>epistolam</strong></span> <span class='ocrx_word' id='word_1_452' title='bbox 3423 1884 3610 1955; x_wconf 85' lang='lat' dir='ltr'><strong>hujus-</strong></span> 
     </span>
    </p>
   </div>
   <div class='ocr_carea' id='block_1_65' title="bbox 2025 1945 3605 2038">
    <p class='ocr_par' dir='ltr' id='par_1_65' title="bbox 2025 1945 3605 2038">
     <span class='ocr_line' id='line_1_65' title="bbox 2025 1945 3605 2038; baseline 0.025 -42"><span class='ocrx_word' id='word_1_453' title='bbox 2025 1945 2169 1999; x_wconf 90' lang='lat' dir='ltr'><strong>modi</strong></span> <span class='ocrx_word' id='word_1_454' title='bbox 2193 1947 2556 2007; x_wconf 88' lang='lat' dir='ltr'><strong>admonitione</strong></span> <span class='ocrx_word' id='word_1_455' title='bbox 2578 1970 2816 2012; x_wconf 89' lang='lat' dir='ltr'><strong>vacuam.</strong></span> <span class='ocrx_word' id='word_1_456' title='bbox 2847 1959 3060 2019; x_wconf 84' lang='lat' dir='ltr'><strong>Sciebat</strong></span> <span class='ocrx_word' id='word_1_457' title='bbox 3085 1945 3249 2038; x_wconf 86' lang='lat' dir='ltr'><strong>enim,</strong></span> <span class='ocrx_word' id='word_1_458' title='bbox 3275 1974 3474 2031; x_wconf 89' lang='lat' dir='ltr'><strong>sciebat</strong></span> <span class='ocrx_word' id='word_1_459' title='bbox 3494 1945 3605 2034; x_wconf 68' lang='lat' dir='ltr'><strong>ini-</strong></span> 
     </span>
    </p>
   </div>
   <div class='ocr_carea' id='block_1_66' title="bbox 2024 2040 3606 2124">
    <p class='ocr_par' dir='ltr' id='par_1_66' title="bbox 2024 2040 3606 2124">
     <span class='ocr_line' id='line_1_66' title="bbox 2024 2040 3606 2124; baseline 0.025 -38"><span class='ocrx_word' id='word_1_460' title='bbox 2024 2049 2131 2110; x_wconf 82' lang='lat' dir='ltr'><strong>que</strong></span> <span class='ocrx_word' id='word_1_461' title='bbox 2150 2040 2334 2106; x_wconf 88' lang='lat' dir='ltr'><strong>quanti</strong></span> <span class='ocrx_word' id='word_1_462' title='bbox 2363 2045 2619 2098; x_wconf 88' lang='lat' dir='ltr'><strong>momenti</strong></span> <span class='ocrx_word' id='word_1_463' title='bbox 2649 2062 2736 2102; x_wconf 89' lang='lat' dir='ltr'><strong>res</strong></span> <span class='ocrx_word' id='word_1_464' title='bbox 2762 2050 2830 2104; x_wconf 90' lang='lat' dir='ltr'><strong>sit</strong></span> <span class='ocrx_word' id='word_1_465' title='bbox 2862 2069 2877 2106; x_wconf 87' lang='lat'><strong>:</strong></span> <span class='ocrx_word' id='word_1_466' title='bbox 2905 2057 3252 2122; x_wconf 89' lang='lat' dir='ltr'><strong>quamobrem</strong></span> <span class='ocrx_word' id='word_1_467' title='bbox 3277 2078 3339 2117; x_wconf 88' lang='lat' dir='ltr'><strong>ae</strong></span> <span class='ocrx_word' id='word_1_468' title='bbox 3363 2066 3409 2119; x_wconf 91' lang='lat' dir='ltr'><strong>si</strong></span> <span class='ocrx_word' id='word_1_469' title='bbox 3434 2068 3606 2124; x_wconf 70' lang='lat' dir='ltr'><strong>sedili-</strong></span> 
     </span>
    </p>
   </div>
   <div class='ocr_carea' id='block_1_67' title="bbox 2024 2125 3609 2219">
    <p class='ocr_par' dir='ltr' id='par_1_67' title="bbox 2024 2125 3609 2219">
     <span class='ocr_line' id='line_1_67' title="bbox 2024 2125 3609 2219; baseline 0.024 -41"><span class='ocrx_word' id='word_1_470' title='bbox 2024 2125 2108 2184; x_wconf 84' lang='lat' dir='ltr'><strong>cio</strong></span> <span class='ocrx_word' id='word_1_471' title='bbox 2136 2128 2377 2185; x_wconf 75' lang='lat' dir='ltr'><strong>mirabile</strong></span> <span class='ocrx_word' id='word_1_472' title='bbox 2410 2133 2674 2205; x_wconf 80' lang='lat' dir='ltr'><strong>fastigium</strong></span> <span class='ocrx_word' id='word_1_473' title='bbox 2721 2138 2994 2211; x_wconf 89' lang='lat' dir='ltr'><strong>imponat,</strong></span> <span class='ocrx_word' id='word_1_474' title='bbox 3037 2147 3255 2219; x_wconf 82' lang='lat' dir='ltr'><strong>reliquis</strong></span> <span class='ocrx_word' id='word_1_475' title='bbox 3295 2158 3511 2213; x_wconf 89' lang='lat' dir='ltr'><strong>monitis</strong></span> <span class='ocrx_word' id='word_1_476' title='bbox 3549 2170 3609 2217; x_wconf 88' lang='lat' dir='ltr'><strong>et</strong></span> 
     </span>
    </p>
   </div>
   <div class='ocr_carea' id='block_1_68' title="bbox 2023 2218 3607 2309">
    <p class='ocr_par' dir='ltr' id='par_1_68' title="bbox 2023 2218 3607 2309">
     <span class='ocr_line' id='line_1_68' title="bbox 2023 2218 3607 2309; baseline 0.025 -41"><span class='ocrx_word' id='word_1_477' title='bbox 2023 2218 2262 2309; x_wconf 84' lang='lat' dir='ltr'><strong>consiliis</strong></span> <span class='ocrx_word' id='word_1_478' title='bbox 2290 2220 2587 2280; x_wconf 89' lang='lat' dir='ltr'><strong>doctrinam</strong></span> <span class='ocrx_word' id='word_1_479' title='bbox 2611 2226 2711 2285; x_wconf 88' lang='lat' dir='ltr'><strong>hac</strong></span> <span class='ocrx_word' id='word_1_480' title='bbox 2736 2230 2801 2285; x_wconf 92' lang='lat' dir='ltr'><strong>de</strong></span> <span class='ocrx_word' id='word_1_481' title='bbox 2828 2248 2887 2288; x_wconf 91' lang='lat' dir='ltr'><strong>re</strong></span> <span class='ocrx_word' id='word_1_482' title='bbox 2905 2234 3109 2306; x_wconf 87' lang='lat' dir='ltr'><strong>adjicit.</strong></span> <span class='ocrx_word' id='word_1_483' title='bbox 3132 2218 3285 2309; x_wconf 87' lang='lat' dir='ltr'><strong>Quod</strong></span> <span class='ocrx_word' id='word_1_484' title='bbox 3315 2248 3475 2305; x_wconf 84' lang='lat' dir='ltr'><strong>etiam</strong></span> <span class='ocrx_word' id='word_1_485' title='bbox 3504 2251 3607 2309; x_wconf 90' lang='lat' dir='ltr'><strong>hoc</strong></span> 
     </span>
    </p>
   </div>
   <div class='ocr_carea' id='block_1_69' title="bbox 2023 2307 3604 2411">
    <p class='ocr_par' dir='ltr' id='par_1_69' title="bbox 2023 2307 3604 2411">
     <span class='ocr_line' id='line_1_69' title="bbox 2023 2307 3604 2411; baseline 0.023 -50"><span class='ocrx_word' id='word_1_486' title='bbox 2023 2307 2141 2364; x_wconf 90' lang='lat' dir='ltr'><strong>loco</strong></span> <span class='ocrx_word' id='word_1_487' title='bbox 2170 2309 2315 2379; x_wconf 90' lang='lat' dir='ltr'><strong>fecit,</strong></span> <span class='ocrx_word' id='word_1_488' title='bbox 2349 2330 2470 2369; x_wconf 91' lang='lat' dir='ltr'><strong>cum</strong></span> <span class='ocrx_word' id='word_1_489' title='bbox 2494 2317 2560 2373; x_wconf 93' lang='lat' dir='ltr'><strong>de</strong></span> <span class='ocrx_word' id='word_1_490' title='bbox 2585 2324 2977 2383; x_wconf 88' lang='lat' dir='ltr'><strong>resurrectione</strong></span> <span class='ocrx_word' id='word_1_491' title='bbox 3006 2307 3255 2401; x_wconf 79' lang='lat' dir='ltr'><strong>loquutus</strong></span> <span class='ocrx_word' id='word_1_492' title='bbox 3273 2376 3289 2401; x_wconf 92' lang='lat'><strong>,</strong></span> <span class='ocrx_word' id='word_1_493' title='bbox 3326 2307 3604 2411; x_wconf 79' lang='lat' dir='ltr'><strong>postquam</strong></span> 
     </span>
    </p>
   </div>
   <div class='ocr_carea' id='block_1_70' title="bbox 2021 2407 3605 2506">
    <p class='ocr_par' dir='ltr' id='par_1_70' title="bbox 2021 2407 3605 2506">
     <span class='ocr_line' id='line_1_70' title="bbox 2021 2407 3605 2506; baseline 0.021 -49"><span class='ocrx_word' id='word_1_494' title='bbox 2021 2409 2214 2457; x_wconf 58' lang='lat' dir='ltr'><strong>ett-tera</strong></span> <span class='ocrx_word' id='word_1_495' title='bbox 2256 2407 2434 2461; x_wconf 88' lang='lat' dir='ltr'><strong>omnia</strong></span> <span class='ocrx_word' id='word_1_496' title='bbox 2482 2407 2842 2481; x_wconf 87' lang='lat' dir='ltr'><strong>disposuerat,</strong></span> <span class='ocrx_word' id='word_1_497' title='bbox 2884 2418 2938 2472; x_wconf 92' lang='lat' dir='ltr'><strong>in</strong></span> <span class='ocrx_word' id='word_1_498' title='bbox 2976 2420 3118 2480; x_wconf 91' lang='lat' dir='ltr'><strong>hunc</strong></span> <span class='ocrx_word' id='word_1_499' title='bbox 3156 2424 3224 2481; x_wconf 91' lang='lat' dir='ltr'><strong>de</strong></span> <span class='ocrx_word' id='word_1_500' title='bbox 3262 2407 3605 2506; x_wconf 74' lang='lat' dir='ltr'><strong>eleemosyna</strong></span> 
     </span>
    </p>
   </div>
   <div class='ocr_carea' id='block_1_71' title="bbox 2026 2499 3610 2595">
    <p class='ocr_par' dir='ltr' id='par_1_71' title="bbox 2026 2499 3610 2595">
     <span class='ocr_line' id='line_1_71' title="bbox 2026 2499 3610 2595; baseline 0.018 -44"><span class='ocrx_word' id='word_1_501' title='bbox 2026 2510 2330 2553; x_wconf 89' lang='lat' dir='ltr'><strong>sermonem</strong></span> <span class='ocrx_word' id='word_1_502' title='bbox 2358 2499 2554 2558; x_wconf 86' lang='lat' dir='ltr'><strong>desinit</strong></span> <span class='ocrx_word' id='word_1_503' title='bbox 2577 2504 2661 2560; x_wconf 87' lang='lat' dir='ltr'><strong>his</strong></span> <span class='ocrx_word' id='word_1_504' title='bbox 2689 2508 2866 2563; x_wconf 88' lang='lat' dir='ltr'><strong>verbis</strong></span> <span class='ocrx_word' id='word_1_505' title='bbox 2890 2527 2904 2564; x_wconf 90' lang='lat'><strong>:</strong></span> <span class='ocrx_word' id='word_1_506' title='bbox 2933 2510 3011 2566; x_wconf 81' lang='lat' dir='ltr'><strong>De</strong></span> <span class='ocrx_word' id='word_1_507' title='bbox 3033 2516 3252 2571; x_wconf 73' lang='lat' dir='ltr'><strong>collectis</strong></span> <span class='ocrx_word' id='word_1_508' title='bbox 3281 2531 3465 2589; x_wconf 80' lang='lat' dir='ltr'><strong>autem,</strong></span> <span class='ocrx_word' id='word_1_509' title='bbox 3493 2499 3610 2595; x_wconf 66' lang='lat' dir='ltr'><strong>qua:</strong></span> 
     </span>
    </p>
   </div>
   <div class='ocr_carea' id='block_1_72' title="bbox 2021 2588 3601 2677">
    <p class='ocr_par' dir='ltr' id='par_1_72' title="bbox 2021 2588 3601 2677">
     <span class='ocr_line' id='line_1_72' title="bbox 2021 2588 3601 2677; baseline 0.02 -37"><span class='ocrx_word' id='word_1_510' title='bbox 2021 2589 2152 2657; x_wconf 78' lang='lat' dir='ltr'><strong>ﬁunt</strong></span> <span class='ocrx_word' id='word_1_511' title='bbox 2177 2590 2229 2644; x_wconf 84' lang='lat' dir='ltr'><strong>in</strong></span> <span class='ocrx_word' id='word_1_512' title='bbox 2254 2605 2477 2661; x_wconf 87' lang='lat' dir='ltr'><strong>sanctos,</strong></span> <span class='ocrx_word' id='word_1_513' title='bbox 2504 2596 2636 2650; x_wconf 85' lang='lat' dir='ltr'><strong>sicut</strong></span> <span class='ocrx_word' id='word_1_514' title='bbox 2660 2599 2893 2655; x_wconf 66' lang='lat' dir='ltr'><strong>ordinari</strong></span> <span class='ocrx_word' id='word_1_515' title='bbox 2921 2600 3171 2662; x_wconf 78' lang='lat' dir='ltr'><strong>Ecclesiis</strong></span> <span class='ocrx_word' id='word_1_516' title='bbox 3190 2607 3425 2677; x_wconf 68' lang='lat' dir='ltr'><strong>Galatia,</strong></span> <span class='ocrx_word' id='word_1_517' title='bbox 3454 2588 3530 2669; x_wconf 60' lang='lat' dir='ltr'><strong>sic</strong></span> <span class='ocrx_word' id='word_1_518' title='bbox 3552 2628 3601 2671; x_wconf 84' lang='lat' dir='ltr'><strong>et</strong></span> 
     </span>
    </p>
   </div>
   <div class='ocr_carea' id='block_1_73' title="bbox 2022 2682 3609 2771">
    <p class='ocr_par' dir='ltr' id='par_1_73' title="bbox 2022 2682 3609 2771">
     <span class='ocr_line' id='line_1_73' title="bbox 2022 2682 3609 2771; baseline 0.02 -40"><span class='ocrx_word' id='word_1_519' title='bbox 2022 2694 2107 2734; x_wconf 81' lang='lat' dir='ltr'><strong>vos</strong></span> <span class='ocrx_word' id='word_1_520' title='bbox 2146 2682 2300 2751; x_wconf 74' lang='lat' dir='ltr'><strong>facite</strong></span> <span class='ocrx_word' id='word_1_521' title='bbox 2340 2699 2360 2737; x_wconf 89' lang='lat'><strong><em>:</em></strong></span> <span class='ocrx_word' id='word_1_522' title='bbox 2402 2685 2455 2738; x_wconf 87' lang='lat' dir='ltr'><strong>in</strong></span> <span class='ocrx_word' id='word_1_523' title='bbox 2494 2702 2598 2740; x_wconf 83' lang='lat' dir='ltr'><strong>una</strong></span> <span class='ocrx_word' id='word_1_524' title='bbox 2642 2688 2963 2746; x_wconf 74' lang='lat' dir='ltr'><strong>sabbatorum</strong></span> <span class='ocrx_word' id='word_1_525' title='bbox 3011 2699 3355 2771; x_wconf 72' lang='lat' dir='ltr'><strong>unusquisque</strong></span> <span class='ocrx_word' id='word_1_526' title='bbox 3391 2716 3609 2763; x_wconf 79' lang='lat' dir='ltr'><strong>vestrum</strong></span> 
     </span>
    </p>
   </div>
   <div class='ocr_carea' id='block_1_74' title="bbox 2021 2772 3609 2869">
    <p class='ocr_par' dir='ltr' id='par_1_74' title="bbox 2021 2772 3609 2869">
     <span class='ocr_line' id='line_1_74' title="bbox 2021 2772 3609 2869; baseline 0.018 -43"><span class='ocrx_word' id='word_1_527' title='bbox 2021 2772 2099 2841; x_wconf 82' lang='grc'><strong>(1.</strong></span> <span class='ocrx_word' id='word_1_528' title='bbox 2130 2774 2248 2828; x_wconf 81' lang='lat' dir='ltr'><strong>Cor.</strong></span> <span class='ocrx_word' id='word_1_529' title='bbox 2276 2777 2363 2831; x_wconf 77' lang='grc'><strong>16.</strong></span> <span class='ocrx_word' id='word_1_530' title='bbox 2403 2778 2453 2832; x_wconf 78' lang='grc'><strong>1.</strong></span> <span class='ocrx_word' id='word_1_531' title='bbox 2480 2776 2561 2849; x_wconf 78' lang='grc'><strong>9.).</strong></span> <span class='ocrx_word' id='word_1_532' title='bbox 2584 2780 2966 2844; x_wconf 83' lang='lat' dir='ltr'><strong>Animadverte</strong></span> <span class='ocrx_word' id='word_1_533' title='bbox 2991 2788 3327 2857; x_wconf 82' lang='lat' dir='ltr'><strong>prudentiam</strong></span> <span class='ocrx_word' id='word_1_534' title='bbox 3354 2800 3609 2869; x_wconf 81' lang='lat' dir='ltr'><strong>apostoli-</strong></span> 
     </span>
    </p>
   </div>
   <div class='ocr_carea' id='block_1_75' title="bbox 2019 2874 3595 2945">
    <p class='ocr_par' dir='ltr' id='par_1_75' title="bbox 2019 2874 3595 2945">
     <span class='ocr_line' id='line_1_75' title="bbox 2019 2874 3595 2945; baseline 0.015 -24"><span class='ocrx_word' id='word_1_535' title='bbox 2019 2882 2160 2933; x_wconf 90' lang='lat' dir='ltr'><strong>cam,</strong></span> <span class='ocrx_word' id='word_1_536' title='bbox 2204 2884 2362 2938; x_wconf 89' lang='lat' dir='ltr'><strong>quam</strong></span> <span class='ocrx_word' id='word_1_537' title='bbox 2412 2882 2712 2941; x_wconf 80' lang='lat' dir='ltr'><strong>Opportune</strong></span> <span class='ocrx_word' id='word_1_538' title='bbox 2750 2874 2889 2936; x_wconf 85' lang='lat' dir='ltr'><strong>hanc</strong></span> <span class='ocrx_word' id='word_1_539' title='bbox 2920 2887 3113 2936; x_wconf 87' lang='lat' dir='ltr'><strong>tractet</strong></span> <span class='ocrx_word' id='word_1_540' title='bbox 3155 2882 3595 2945; x_wconf 88' lang='lat' dir='ltr'><strong>admonitionem.</strong></span> 
     </span>
    </p>
   </div>
   <div class='ocr_carea' id='block_1_76' title="bbox 2019 2958 3605 3037">
    <p class='ocr_par' dir='ltr' id='par_1_76' title="bbox 2019 2958 3605 3037">
     <span class='ocr_line' id='line_1_76' title="bbox 2019 2958 3605 3037; baseline 0.015 -25"><span class='ocrx_word' id='word_1_541' title='bbox 2019 2958 2307 3030; x_wconf 85' lang='lat' dir='ltr'><strong>Postquam</strong></span> <span class='ocrx_word' id='word_1_542' title='bbox 2354 2962 2497 3017; x_wconf 90' lang='lat' dir='ltr'><strong>enim</strong></span> <span class='ocrx_word' id='word_1_543' title='bbox 2546 2962 2782 3021; x_wconf 89' lang='lat' dir='ltr'><strong>futurum</strong></span> <span class='ocrx_word' id='word_1_544' title='bbox 2816 2967 3076 3037; x_wconf 80' lang='lat' dir='ltr'><strong>judicium</strong></span> <span class='ocrx_word' id='word_1_545' title='bbox 3116 2981 3171 3027; x_wconf 88' lang='lat' dir='ltr'><strong>et</strong></span> <span class='ocrx_word' id='word_1_546' title='bbox 3199 2975 3429 3037; x_wconf 76' lang='lat' dir='ltr'><strong>tribunal</strong></span> <span class='ocrx_word' id='word_1_547' title='bbox 3475 2980 3605 3037; x_wconf 90' lang='lat' dir='ltr'><strong>illud</strong></span> 
     </span>
    </p>
   </div>
   <div class='ocr_carea' id='block_1_77' title="bbox 2020 3049 3601 3139">
    <p class='ocr_par' dir='ltr' id='par_1_77' title="bbox 2020 3049 3601 3139">
     <span class='ocr_line' id='line_1_77' title="bbox 2020 3049 3601 3139; baseline 0.015 -37"><span class='ocrx_word' id='word_1_548' title='bbox 2020 3049 2356 3106; x_wconf 91' lang='lat' dir='ltr'><strong>tremendum</strong></span> <span class='ocrx_word' id='word_1_549' title='bbox 2377 3068 2906 3122; x_wconf 85' lang='lat' dir='ltr'><strong>commemoraverat,</strong></span> <span class='ocrx_word' id='word_1_550' title='bbox 2938 3076 3164 3117; x_wconf 91' lang='lat' dir='ltr'><strong>necnon</strong></span> <span class='ocrx_word' id='word_1_551' title='bbox 3184 3065 3406 3135; x_wconf 82' lang='lat' dir='ltr'><strong>gloriam</strong></span> <span class='ocrx_word' id='word_1_552' title='bbox 3436 3070 3601 3139; x_wconf 86' lang='lat' dir='ltr'><strong>illam,</strong></span> 
     </span>
    </p>
   </div>
   <div class='ocr_carea' id='block_1_78' title="bbox 2018 3142 3600 3230">
    <p class='ocr_par' dir='ltr' id='par_1_78' title="bbox 2018 3142 3600 3230">
     <span class='ocr_line' id='line_1_78' title="bbox 2018 3142 3600 3230; baseline 0.016 -38"><span class='ocrx_word' id='word_1_553' title='bbox 2018 3154 2118 3217; x_wconf 79' lang='lat' dir='ltr'><strong>qua</strong></span> <span class='ocrx_word' id='word_1_554' title='bbox 2140 3142 2433 3209; x_wconf 86' lang='lat' dir='ltr'><strong>amiciendi</strong></span> <span class='ocrx_word' id='word_1_555' title='bbox 2455 3156 2577 3200; x_wconf 90' lang='lat' dir='ltr'><strong>sunt</strong></span> <span class='ocrx_word' id='word_1_556' title='bbox 2597 3146 2653 3211; x_wconf 92' lang='lat' dir='ltr'><strong>ii,</strong></span> <span class='ocrx_word' id='word_1_557' title='bbox 2677 3148 2764 3224; x_wconf 83' lang='lat' dir='ltr'><strong>qui</strong></span> <span class='ocrx_word' id='word_1_558' title='bbox 2788 3150 2955 3219; x_wconf 87' lang='lat' dir='ltr'><strong>probe</strong></span> <span class='ocrx_word' id='word_1_559' title='bbox 2976 3152 3237 3224; x_wconf 80' lang='lat' dir='ltr'><strong>vixerint,</strong></span> <span class='ocrx_word' id='word_1_560' title='bbox 3257 3169 3416 3230; x_wconf 87' lang='lat' dir='ltr'><strong>atque</strong></span> <span class='ocrx_word' id='word_1_561' title='bbox 3440 3164 3600 3218; x_wconf 86' lang='lat' dir='ltr'><strong>vitam</strong></span> 
     </span>
    </p>
   </div>
   <div class='ocr_carea' id='block_1_79' title="bbox 2019 3233 3602 3310">
    <p class='ocr_par' dir='ltr' id='par_1_79' title="bbox 2019 3233 3602 3310">
     <span class='ocr_line' id='line_1_79' title="bbox 2019 3233 3602 3310; baseline 0.016 -25"><span class='ocrx_word' id='word_1_562' title='bbox 2019 3233 2372 3290; x_wconf 86' lang='lat' dir='ltr'><strong>immortalem</strong></span> <span class='ocrx_word' id='word_1_563' title='bbox 2401 3253 2414 3289; x_wconf 91' lang='lat'><strong>:</strong></span> <span class='ocrx_word' id='word_1_564' title='bbox 2448 3247 2573 3299; x_wconf 89' lang='lat' dir='ltr'><strong>tune</strong></span> <span class='ocrx_word' id='word_1_565' title='bbox 2605 3238 2823 3301; x_wconf 90' lang='lat' dir='ltr'><strong>demum</strong></span> <span class='ocrx_word' id='word_1_566' title='bbox 2867 3241 2953 3297; x_wconf 87' lang='lat' dir='ltr'><strong>his</strong></span> <span class='ocrx_word' id='word_1_567' title='bbox 2987 3244 3056 3300; x_wconf 90' lang='lat' dir='ltr'><strong>de</strong></span> <span class='ocrx_word' id='word_1_568' title='bbox 3096 3246 3257 3303; x_wconf 89' lang='lat' dir='ltr'><strong>rebus</strong></span> <span class='ocrx_word' id='word_1_569' title='bbox 3296 3264 3602 3310; x_wconf 87' lang='lat' dir='ltr'><strong>sermonem</strong></span> 
     </span>
    </p>
   </div>
   <div class='ocr_carea' id='block_1_80' title="bbox 2019 3322 3596 3405">
    <p class='ocr_par' dir='ltr' id='par_1_80' title="bbox 2019 3322 3596 3405">
     <span class='ocr_line' id='line_1_80' title="bbox 2019 3322 3596 3405; baseline 0.015 -29"><span class='ocrx_word' id='word_1_570' title='bbox 2019 3322 2199 3390; x_wconf 87' lang='lat' dir='ltr'><strong>infert,</strong></span> <span class='ocrx_word' id='word_1_571' title='bbox 2230 3335 2287 3381; x_wconf 91' lang='lat' dir='ltr'><strong>ut</strong></span> <span class='ocrx_word' id='word_1_572' title='bbox 2313 3327 2449 3382; x_wconf 91' lang='lat' dir='ltr'><strong>bona</strong></span> <span class='ocrx_word' id='word_1_573' title='bbox 2474 3343 2570 3398; x_wconf 88' lang='lat' dir='ltr'><strong>spe</strong></span> <span class='ocrx_word' id='word_1_574' title='bbox 2599 3330 2761 3384; x_wconf 89' lang='lat' dir='ltr'><strong>fultus</strong></span> <span class='ocrx_word' id='word_1_575' title='bbox 2786 3342 2947 3403; x_wconf 88' lang='lat' dir='ltr'><strong>atque</strong></span> <span class='ocrx_word' id='word_1_576' title='bbox 2974 3336 3273 3405; x_wconf 80' lang='lat' dir='ltr'><strong>expeditior</strong></span> <span class='ocrx_word' id='word_1_577' title='bbox 3305 3339 3474 3399; x_wconf 84' lang='lat' dir='ltr'><strong>factus</strong></span> <span class='ocrx_word' id='word_1_578' title='bbox 3502 3360 3596 3399; x_wconf 36' lang='lat' dir='ltr'><strong>aue</strong></span> 
     </span>
    </p>
   </div>
   <div class='ocr_carea' id='block_1_81' title="bbox 2018 3416 3603 3499">
    <p class='ocr_par' dir='ltr' id='par_1_81' title="bbox 2018 3416 3603 3499">
     <span class='ocr_line' id='line_1_81' title="bbox 2018 3416 3603 3499; baseline 0.011 -30"><span class='ocrx_word' id='word_1_579' title='bbox 2018 3416 2192 3480; x_wconf 91' lang='lat' dir='ltr'><strong>ditor,</strong></span> <span class='ocrx_word' id='word_1_580' title='bbox 2221 3417 2426 3487; x_wconf 85' lang='lat' dir='ltr'><strong>majore</strong></span> <span class='ocrx_word' id='word_1_581' title='bbox 2471 3420 2642 3488; x_wconf 90' lang='lat' dir='ltr'><strong>ipsum</strong></span> <span class='ocrx_word' id='word_1_582' title='bbox 2680 3422 2954 3483; x_wconf 82' lang='lat' dir='ltr'><strong>alacritate</strong></span> <span class='ocrx_word' id='word_1_583' title='bbox 2997 3428 3309 3499; x_wconf 88' lang='lat' dir='ltr'><strong>susciperet,</strong></span> <span class='ocrx_word' id='word_1_584' title='bbox 3360 3441 3468 3487; x_wconf 91' lang='lat' dir='ltr'><strong>tum</strong></span> <span class='ocrx_word' id='word_1_585' title='bbox 3521 3435 3603 3489; x_wconf 88' lang='lat' dir='ltr'><strong>in-</strong></span> 
     </span>
    </p>
   </div>
   <div class='ocr_carea' id='block_1_82' title="bbox 2018 3506 3603 3593">
    <p class='ocr_par' dir='ltr' id='par_1_82' title="bbox 2018 3506 3603 3593">
     <span class='ocr_line' id='line_1_82' title="bbox 2018 3506 3603 3593; baseline 0.013 -33"><span class='ocrx_word' id='word_1_586' title='bbox 2018 3517 2194 3571; x_wconf 82' lang='lat' dir='ltr'><strong>stante</strong></span> <span class='ocrx_word' id='word_1_587' title='bbox 2218 3506 2401 3578; x_wconf 89' lang='lat' dir='ltr'><strong>judicii</strong></span> <span class='ocrx_word' id='word_1_588' title='bbox 2434 3509 2625 3566; x_wconf 91' lang='lat' dir='ltr'><strong>timore</strong></span> <span class='ocrx_word' id='word_1_589' title='bbox 2650 3522 2847 3580; x_wconf 89' lang='lat' dir='ltr'><strong>motus,</strong></span> <span class='ocrx_word' id='word_1_590' title='bbox 2879 3524 2988 3569; x_wconf 90' lang='lat' dir='ltr'><strong>tum</strong></span> <span class='ocrx_word' id='word_1_591' title='bbox 3016 3518 3373 3586; x_wconf 86' lang='lat' dir='ltr'><strong>repositorum</strong></span> <span class='ocrx_word' id='word_1_592' title='bbox 3409 3536 3603 3593; x_wconf 77' lang='lat' dir='ltr'><strong>exspe-</strong></span> 
     </span>
    </p>
   </div>
   <div class='ocr_carea' id='block_1_83' title="bbox 2017 3600 3606 3679">
    <p class='ocr_par' dir='ltr' id='par_1_83' title="bbox 2017 3600 3606 3679">
     <span class='ocr_line' id='line_1_83' title="bbox 2017 3600 3606 3679; baseline 0.011 -26"><span class='ocrx_word' id='word_1_593' title='bbox 2017 3600 2250 3659; x_wconf 88' lang='lat' dir='ltr'><strong>ctatione</strong></span> <span class='ocrx_word' id='word_1_594' title='bbox 2277 3600 2535 3656; x_wconf 82' lang='lat' dir='ltr'><strong>betiorum</strong></span> <span class='ocrx_word' id='word_1_595' title='bbox 2580 3605 2838 3674; x_wconf 89' lang='lat' dir='ltr'><strong>gestiens.</strong></span> <span class='ocrx_word' id='word_1_596' title='bbox 2884 3606 3091 3663; x_wconf 85' lang='lat' dir='ltr'><strong>Etenim</strong></span> <span class='ocrx_word' id='word_1_597' title='bbox 3130 3612 3217 3679; x_wconf 89' lang='lat' dir='ltr'><strong>qui</strong></span> <span class='ocrx_word' id='word_1_598' title='bbox 3245 3612 3314 3667; x_wconf 88' lang='lat' dir='ltr'><strong>de</strong></span> <span class='ocrx_word' id='word_1_599' title='bbox 3358 3629 3606 3671; x_wconf 86' lang='lat' dir='ltr'><strong>resurre-</strong></span> 
     </span>
    </p>
   </div>
   <div class='ocr_carea' id='block_1_84' title="bbox 2018 3691 3603 3765">
    <p class='ocr_par' dir='ltr' id='par_1_84' title="bbox 2018 3691 3603 3765">
     <span class='ocr_line' id='line_1_84' title="bbox 2018 3691 3603 3765; baseline 0.01 -21"><span class='ocrx_word' id='word_1_600' title='bbox 2018 3693 2196 3746; x_wconf 91' lang='lat' dir='ltr'><strong>ctione</strong></span> <span class='ocrx_word' id='word_1_601' title='bbox 2224 3691 2587 3763; x_wconf 89' lang='lat' dir='ltr'><strong>philosophari</strong></span> <span class='ocrx_word' id='word_1_602' title='bbox 2614 3706 2809 3765; x_wconf 88' lang='lat' dir='ltr'><strong>potest,</strong></span> <span class='ocrx_word' id='word_1_603' title='bbox 2835 3710 2888 3751; x_wconf 91' lang='lat' dir='ltr'><strong>et</strong></span> <span class='ocrx_word' id='word_1_604' title='bbox 2917 3699 2982 3752; x_wconf 88' lang='lat' dir='ltr'><strong>ad</strong></span> <span class='ocrx_word' id='word_1_605' title='bbox 3013 3699 3241 3755; x_wconf 85' lang='lat' dir='ltr'><strong>futuram</strong></span> <span class='ocrx_word' id='word_1_606' title='bbox 3267 3703 3411 3757; x_wconf 85' lang='lat' dir='ltr'><strong>illam</strong></span> <span class='ocrx_word' id='word_1_607' title='bbox 3441 3705 3603 3760; x_wconf 87' lang='lat' dir='ltr'><strong>vitam</strong></span> 
     </span>
    </p>
   </div>
   <div class='ocr_carea' id='block_1_85' title="bbox 2019 3784 3604 3859">
    <p class='ocr_par' dir='ltr' id='par_1_85' title="bbox 2019 3784 3604 3859">
     <span class='ocr_line' id='line_1_85' title="bbox 2019 3784 3604 3859; baseline 0.01 -25"><span class='ocrx_word' id='word_1_608' title='bbox 2019 3797 2079 3835; x_wconf 88' lang='lat' dir='ltr'><strong>se</strong></span> <span class='ocrx_word' id='word_1_609' title='bbox 2115 3791 2284 3836; x_wconf 92' lang='lat' dir='ltr'><strong>totum</strong></span> <span class='ocrx_word' id='word_1_610' title='bbox 2326 3784 2597 3849; x_wconf 90' lang='lat' dir='ltr'><strong>transfert,</strong></span> <span class='ocrx_word' id='word_1_611' title='bbox 2642 3790 2922 3854; x_wconf 77' lang='lat' dir='ltr'><strong>pra-sentin</strong></span> <span class='ocrx_word' id='word_1_612' title='bbox 2956 3790 3105 3843; x_wconf 88' lang='lat' dir='ltr'><strong>nihili</strong></span> <span class='ocrx_word' id='word_1_613' title='bbox 3148 3790 3325 3856; x_wconf 89' lang='lat' dir='ltr'><strong>faciet,</strong></span> <span class='ocrx_word' id='word_1_614' title='bbox 3356 3792 3604 3859; x_wconf 89' lang='lat' dir='ltr'><strong>divitias,</strong></span> 
     </span>
    </p>
   </div>
   <div class='ocr_carea' id='block_1_86' title="bbox 2000 3873 3608 3953">
    <p class='ocr_par' dir='ltr' id='par_1_86' title="bbox 2000 3873 3608 3953">
     <span class='ocr_line' id='line_1_86' title="bbox 2000 3873 3608 3953; baseline 0.011 -28"><span class='ocrx_word' id='word_1_615' title='bbox 2000 3873 2318 3939; x_wconf 48' lang='lat' dir='ltr'><strong>vl&#39;ttcttltatcs,</strong></span> <span class='ocrx_word' id='word_1_616' title='bbox 2342 3891 2551 3943; x_wconf 86' lang='lat' dir='ltr'><strong>aurum,</strong></span> <span class='ocrx_word' id='word_1_617' title='bbox 2574 3888 2875 3947; x_wconf 81' lang='lat' dir='ltr'><strong>argentum,</strong></span> <span class='ocrx_word' id='word_1_618' title='bbox 2891 3890 3227 3949; x_wconf 84' lang='lat' dir='ltr'><strong>sumptuosas</strong></span> <span class='ocrx_word' id='word_1_619' title='bbox 3247 3893 3445 3953; x_wconf 84' lang='lat' dir='ltr'><strong>vestes,</strong></span> <span class='ocrx_word' id='word_1_620' title='bbox 3472 3886 3608 3941; x_wconf 88' lang='lat' dir='ltr'><strong>deli-</strong></span> 
     </span>
    </p>
   </div>
   <div class='ocr_carea' id='block_1_87' title="bbox 2017 3966 3607 4047">
    <p class='ocr_par' dir='ltr' id='par_1_87' title="bbox 2017 3966 3607 4047">
     <span class='ocr_line' id='line_1_87' title="bbox 2017 3966 3607 4047; baseline 0.007 -26"><span class='ocrx_word' id='word_1_621' title='bbox 2017 3967 2128 4021; x_wconf 80' lang='lat' dir='ltr'><strong>cias</strong></span> <span class='ocrx_word' id='word_1_622' title='bbox 2154 4008 2168 4031; x_wconf 94' lang='lat'><strong>,</strong></span> <span class='ocrx_word' id='word_1_623' title='bbox 2212 3966 2405 4021; x_wconf 89' lang='lat' dir='ltr'><strong>lautam</strong></span> <span class='ocrx_word' id='word_1_624' title='bbox 2452 3984 2711 4033; x_wconf 89' lang='lat' dir='ltr'><strong>mensam,</strong></span> <span class='ocrx_word' id='word_1_625' title='bbox 2742 3980 2830 4022; x_wconf 92' lang='lat' dir='ltr'><strong>aut</strong></span> <span class='ocrx_word' id='word_1_626' title='bbox 2860 3972 3067 4039; x_wconf 82' lang='lat' dir='ltr'><strong>quidvis</strong></span> <span class='ocrx_word' id='word_1_627' title='bbox 3094 3972 3236 4027; x_wconf 88' lang='lat' dir='ltr'><strong>aliud</strong></span> <span class='ocrx_word' id='word_1_628' title='bbox 3264 3975 3440 4031; x_wconf 91' lang='lat' dir='ltr'><strong>simile</strong></span> <span class='ocrx_word' id='word_1_629' title='bbox 3471 3994 3486 4031; x_wconf 90' lang='lat'><strong>:</strong></span> <span class='ocrx_word' id='word_1_630' title='bbox 3515 3980 3607 4047; x_wconf 90' lang='lat' dir='ltr'><strong>qui</strong></span> 
     </span>
    </p>
   </div>
   <div class='ocr_carea' id='block_1_88' title="bbox 2017 4059 3603 4134">
    <p class='ocr_par' dir='ltr' id='par_1_88' title="bbox 2017 4059 3603 4134">
     <span class='ocr_line' id='line_1_88' title="bbox 2017 4059 3603 4134; baseline 0.007 -23"><span class='ocrx_word' id='word_1_631' title='bbox 2017 4072 2201 4115; x_wconf 87' lang='lat' dir='ltr'><strong>autem</strong></span> <span class='ocrx_word' id='word_1_632' title='bbox 2224 4059 2339 4117; x_wconf 69' lang='lat' dir='ltr'><strong>hinc</strong></span> <span class='ocrx_word' id='word_1_633' title='bbox 2363 4060 2495 4113; x_wconf 87' lang='lat' dir='ltr'><strong>nihil</strong></span> <span class='ocrx_word' id='word_1_634' title='bbox 2526 4075 2648 4114; x_wconf 91' lang='lat' dir='ltr'><strong>esse</strong></span> <span class='ocrx_word' id='word_1_635' title='bbox 2670 4072 2895 4130; x_wconf 88' lang='lat' dir='ltr'><strong>reputat,</strong></span> <span class='ocrx_word' id='word_1_636' title='bbox 2930 4078 3221 4132; x_wconf 85' lang='lat' dir='ltr'><strong>pauperum</strong></span> <span class='ocrx_word' id='word_1_637' title='bbox 3252 4068 3603 4134; x_wconf 90' lang='lat' dir='ltr'><strong>patrocinium</strong></span> 
     </span>
    </p>
   </div>
   <div class='ocr_carea' id='block_1_89' title="bbox 2017 4150 3607 4225">
    <p class='ocr_par' dir='ltr' id='par_1_89' title="bbox 2017 4150 3607 4225">
     <span class='ocr_line' id='line_1_89' title="bbox 2017 4150 3607 4225; baseline 0.005 -20"><span class='ocrx_word' id='word_1_638' title='bbox 2017 4152 2224 4207; x_wconf 86' lang='lat' dir='ltr'><strong>facilius</strong></span> <span class='ocrx_word' id='word_1_639' title='bbox 2253 4153 2525 4221; x_wconf 85' lang='lat' dir='ltr'><strong>suscipiet.</strong></span> <span class='ocrx_word' id='word_1_640' title='bbox 2572 4150 2803 4221; x_wconf 85' lang='lat' dir='ltr'><strong>Ideoque</strong></span> <span class='ocrx_word' id='word_1_641' title='bbox 2849 4154 3066 4220; x_wconf 77' lang='lat' dir='ltr'><strong>Paulus,</strong></span> <span class='ocrx_word' id='word_1_642' title='bbox 3096 4166 3379 4225; x_wconf 82' lang='lat' dir='ltr'><strong>postquam</strong></span> <span class='ocrx_word' id='word_1_643' title='bbox 3418 4174 3607 4213; x_wconf 90' lang='lat' dir='ltr'><strong>eorum</strong></span> 
     </span>
    </p>
   </div>
   <div class='ocr_carea' id='block_1_90' title="bbox 2016 4244 3609 4313">
    <p class='ocr_par' dir='ltr' id='par_1_90' title="bbox 2016 4244 3609 4313">
     <span class='ocr_line' id='line_1_90' title="bbox 2016 4244 3609 4313; baseline 0.006 -15"><span class='ocrx_word' id='word_1_644' title='bbox 2016 4254 2251 4303; x_wconf 86' lang='lat' dir='ltr'><strong>mentem</strong></span> <span class='ocrx_word' id='word_1_645' title='bbox 2302 4258 2395 4313; x_wconf 92' lang='lat' dir='ltr'><strong>per</strong></span> <span class='ocrx_word' id='word_1_646' title='bbox 2450 4244 2840 4313; x_wconf 88' lang='lat' dir='ltr'><strong>philosophiam</strong></span> <span class='ocrx_word' id='word_1_647' title='bbox 2898 4246 3042 4301; x_wconf 90' lang='lat' dir='ltr'><strong>illam</strong></span> <span class='ocrx_word' id='word_1_648' title='bbox 3092 4247 3161 4302; x_wconf 90' lang='lat' dir='ltr'><strong>de</strong></span> <span class='ocrx_word' id='word_1_649' title='bbox 3213 4252 3609 4307; x_wconf 87' lang='lat' dir='ltr'><strong>resurrectione</strong></span> 
     </span>
    </p>
   </div>
   <div class='ocr_carea' id='block_1_91' title="bbox 2021 4336 3606 4417">
    <p class='ocr_par' dir='ltr' id='par_1_91' title="bbox 2021 4336 3606 4417">
     <span class='ocr_line' id='line_1_91' title="bbox 2021 4336 3606 4417; baseline 0.009 -30"><span class='ocrx_word' id='word_1_650' title='bbox 2021 4336 2240 4409; x_wconf 87' lang='lat' dir='ltr'><strong>pulchre</strong></span> <span class='ocrx_word' id='word_1_651' title='bbox 2294 4348 2719 4417; x_wconf 69' lang='lat' dir='ltr'><strong>prmparaverat.</strong></span> <span class='ocrx_word' id='word_1_652' title='bbox 2778 4348 2905 4393; x_wconf 90' lang='lat' dir='ltr'><strong>tunc</strong></span> <span class='ocrx_word' id='word_1_653' title='bbox 2966 4339 3394 4399; x_wconf 88' lang='lat' dir='ltr'><strong>adhortationem</strong></span> <span class='ocrx_word' id='word_1_654' title='bbox 3452 4343 3606 4401; x_wconf 81' lang='lat' dir='ltr'><strong>illam</strong></span> 
     </span>
    </p>
   </div>
   <div class='ocr_carea' id='block_1_92' title="bbox 2016 4427 2211 4484">
    <p class='ocr_par' dir='ltr' id='par_1_92' title="bbox 2016 4427 2211 4484">
     <span class='ocr_line' id='line_1_92' title="bbox 2016 4427 2211 4484; baseline -0.01 -2"><span class='ocrx_word' id='word_1_655' title='bbox 2016 4427 2211 4484; x_wconf 78' lang='lat' dir='ltr'><strong>intulit.</strong></span> 
     </span>
    </p>
   </div>
   <div class='ocr_carea' id='block_1_93' title="bbox 2092 4520 3604 4601">
    <p class='ocr_par' dir='ltr' id='par_1_93' title="bbox 2092 4520 3604 4601">
     <span class='ocr_line' id='line_1_93' title="bbox 2092 4520 3604 4601; baseline 0.007 -27"><span class='ocrx_word' id='word_1_656' title='bbox 2092 4520 2298 4589; x_wconf 82' lang='lat' dir='ltr'><strong>Pauper</strong></span> <span class='ocrx_word' id='word_1_657' title='bbox 2314 4522 2425 4591; x_wconf 86' lang='lat' dir='ltr'><strong>pius</strong></span> <span class='ocrx_word' id='word_1_658' title='bbox 2451 4520 2602 4575; x_wconf 85' lang='lat' dir='ltr'><strong>divite</strong></span> <span class='ocrx_word' id='word_1_659' title='bbox 2625 4522 2851 4592; x_wconf 84' lang='lat' dir='ltr'><strong>improbo</strong></span> <span class='ocrx_word' id='word_1_660' title='bbox 2887 4526 3224 4593; x_wconf 63' lang='lat' dir='ltr'><strong>praestantior.</strong></span> <span class='ocrx_word' id='word_1_661' title='bbox 3258 4526 3454 4584; x_wconf 84' lang='lat' dir='ltr'><strong>Paulus</strong></span> <span class='ocrx_word' id='word_1_662' title='bbox 3472 4548 3604 4601; x_wconf 79' lang='lat' dir='ltr'><strong>pau-</strong></span> 
     </span>
    </p>
   </div>
   <div class='ocr_carea' id='block_1_94' title="bbox 2018 4613 3601 4683">
    <p class='ocr_par' dir='ltr' id='par_1_94' title="bbox 2018 4613 3601 4683">
     <span class='ocr_line' id='line_1_94' title="bbox 2018 4613 3601 4683; baseline 0.008 -20"><span class='ocrx_word' id='word_1_663' title='bbox 2018 4629 2160 4682; x_wconf 79' lang='lat' dir='ltr'><strong>peres</strong></span> <span class='ocrx_word' id='word_1_664' title='bbox 2172 4629 2489 4683; x_wconf 81' lang='lat' dir='ltr'><strong>sumnwpere</strong></span> <span class='ocrx_word' id='word_1_665' title='bbox 2502 4624 2666 4668; x_wconf 87' lang='lat' dir='ltr'><strong>curat.</strong></span> <span class='ocrx_word' id='word_1_666' title='bbox 2680 4644 2747 4652; x_wconf 90' lang='lat'><strong>—</strong></span> <span class='ocrx_word' id='word_1_667' title='bbox 2760 4613 2872 4667; x_wconf 84' lang='lat' dir='ltr'><strong>Non</strong></span> <span class='ocrx_word' id='word_1_668' title='bbox 2890 4616 3041 4679; x_wconf 82' lang='lat' dir='ltr'><strong>dixit,</strong></span> <span class='ocrx_word' id='word_1_669' title='bbox 3064 4617 3136 4669; x_wconf 84' lang='lat' dir='ltr'><strong>De</strong></span> <span class='ocrx_word' id='word_1_670' title='bbox 3156 4618 3375 4672; x_wconf 83' lang='lat' dir='ltr'><strong>collecta</strong></span> <span class='ocrx_word' id='word_1_671' title='bbox 3393 4635 3523 4676; x_wconf 88' lang='lat' dir='ltr'><strong>vero</strong></span> <span class='ocrx_word' id='word_1_672' title='bbox 3550 4623 3601 4675; x_wconf 91' lang='lat' dir='ltr'><strong>itt</strong></span> 
     </span>
    </p>
   </div>
   <div class='ocr_carea' id='block_1_95' title="bbox 2019 4704 3605 4774">
    <p class='ocr_par' dir='ltr' id='par_1_95' title="bbox 2019 4704 3605 4774">
     <span class='ocr_line' id='line_1_95' title="bbox 2019 4704 3605 4774; baseline 0.007 -17"><span class='ocrx_word' id='word_1_673' title='bbox 2019 4704 2311 4767; x_wconf 84' lang='lat' dir='ltr'><strong>mendicos,</strong></span> <span class='ocrx_word' id='word_1_674' title='bbox 2336 4705 2440 4771; x_wconf 85' lang='lat' dir='ltr'><strong>Vel,</strong></span> <span class='ocrx_word' id='word_1_675' title='bbox 2462 4706 2509 4757; x_wconf 89' lang='lat' dir='ltr'><strong>itt</strong></span> <span class='ocrx_word' id='word_1_676' title='bbox 2536 4722 2814 4774; x_wconf 80' lang='lat' dir='ltr'><strong>pauperes;</strong></span> <span class='ocrx_word' id='word_1_677' title='bbox 2842 4711 2957 4770; x_wconf 87' lang='lat' dir='ltr'><strong>sed,</strong></span> <span class='ocrx_word' id='word_1_678' title='bbox 2980 4705 3044 4759; x_wconf 81' lang='lat' dir='ltr'><strong>In</strong></span> <span class='ocrx_word' id='word_1_679' title='bbox 3071 4720 3270 4762; x_wconf 77' lang='lat' dir='ltr'><strong>sanctos</strong></span> <span class='ocrx_word' id='word_1_680' title='bbox 3294 4725 3313 4763; x_wconf 91' lang='lat'><strong><em>:</em></strong></span> <span class='ocrx_word' id='word_1_681' title='bbox 3332 4711 3605 4767; x_wconf 85' lang='lat' dir='ltr'><strong>auditores</strong></span> 
     </span>
    </p>
   </div>
   <div class='ocr_carea' id='block_1_96' title="bbox 2020 4800 3602 4874">
    <p class='ocr_par' dir='ltr' id='par_1_96' title="bbox 2020 4800 3602 4874">
     <span class='ocr_line' id='line_1_96' title="bbox 2020 4800 3602 4874; baseline 0.004 -21"><span class='ocrx_word' id='word_1_682' title='bbox 2020 4800 2303 4854; x_wconf 81' lang='lat' dir='ltr'><strong>instituens</strong></span> <span class='ocrx_word' id='word_1_683' title='bbox 2334 4809 2390 4853; x_wconf 91' lang='lat' dir='ltr'><strong>ut</strong></span> <span class='ocrx_word' id='word_1_684' title='bbox 2415 4815 2613 4867; x_wconf 84' lang='lat' dir='ltr'><strong>egenos</strong></span> <span class='ocrx_word' id='word_1_685' title='bbox 2640 4800 2978 4853; x_wconf 88' lang='lat' dir='ltr'><strong>admirationi</strong></span> <span class='ocrx_word' id='word_1_686' title='bbox 3008 4800 3283 4868; x_wconf 88' lang='lat' dir='ltr'><strong>baberent,</strong></span> <span class='ocrx_word' id='word_1_687' title='bbox 3307 4804 3351 4857; x_wconf 91' lang='lat' dir='ltr'><strong>si</strong></span> <span class='ocrx_word' id='word_1_688' title='bbox 3385 4805 3602 4874; x_wconf 85' lang='lat' dir='ltr'><strong>quidem</strong></span> 
     </span>
    </p>
   </div>
   <div class='ocr_carea' id='block_1_97' title="bbox 2021 4892 3607 4962">
    <p class='ocr_par' dir='ltr' id='par_1_97' title="bbox 2021 4892 3607 4962">
     <span class='ocr_line' id='line_1_97' title="bbox 2021 4892 3607 4962; baseline 0.005 -15"><span class='ocrx_word' id='word_1_689' title='bbox 2021 4894 2093 4947; x_wconf 86' lang='lat' dir='ltr'><strong>llll</strong></span> <span class='ocrx_word' id='word_1_690' title='bbox 2124 4892 2195 4961; x_wconf 93' lang='lat' dir='ltr'><strong>pii</strong></span> <span class='ocrx_word' id='word_1_691' title='bbox 2223 4902 2431 4957; x_wconf 82' lang='lat' dir='ltr'><strong>essent;</strong></span> <span class='ocrx_word' id='word_1_692' title='bbox 2475 4893 2773 4962; x_wconf 81' lang='lat' dir='ltr'><strong>divitesque</strong></span> <span class='ocrx_word' id='word_1_693' title='bbox 2800 4904 3141 4961; x_wconf 69' lang='lat' dir='ltr'><strong>respuerent,</strong></span> <span class='ocrx_word' id='word_1_694' title='bbox 3165 4895 3208 4948; x_wconf 92' lang='lat' dir='ltr'><strong>si</strong></span> <span class='ocrx_word' id='word_1_695' title='bbox 3250 4898 3500 4953; x_wconf 88' lang='lat' dir='ltr'><strong>virtutem</strong></span> <span class='ocrx_word' id='word_1_696' title='bbox 3530 4900 3607 4955; x_wconf 89' lang='lat' dir='ltr'><strong>illi</strong></span> 
     </span>
    </p>
   </div>
   <div class='ocr_carea' id='block_1_98' title="bbox 2019 4983 3604 5059">
    <p class='ocr_par' dir='ltr' id='par_1_98' title="bbox 2019 4983 3604 5059">
     <span class='ocr_line' id='line_1_98' title="bbox 2019 4983 3604 5059; baseline 0.006 -22"><span class='ocrx_word' id='word_1_697' title='bbox 2019 4983 2380 5050; x_wconf 79' lang='lat' dir='ltr'><strong>chpieerent.</strong></span> <span class='ocrx_word' id='word_1_698' title='bbox 2422 4983 2569 5037; x_wconf 74' lang='lat' dir='ltr'><strong>Solet</strong></span> <span class='ocrx_word' id='word_1_699' title='bbox 2607 4985 2747 5038; x_wconf 84' lang='lat' dir='ltr'><strong>enim</strong></span> <span class='ocrx_word' id='word_1_700' title='bbox 2796 4984 2954 5037; x_wconf 78' lang='lat' dir='ltr'><strong>etiam</strong></span> <span class='ocrx_word' id='word_1_701' title='bbox 2996 4984 3373 5054; x_wconf 87' lang='lat' dir='ltr'><strong>Imperatorem</strong></span> <span class='ocrx_word' id='word_1_702' title='bbox 3424 4991 3604 5059; x_wconf 84' lang='lat' dir='ltr'><strong>profa-</strong></span> 
     </span>
    </p>
   </div>
   <div class='ocr_carea' id='block_1_99' title="bbox 2022 5074 3605 5146">
    <p class='ocr_par' dir='ltr' id='par_1_99' title="bbox 2022 5074 3605 5146">
     <span class='ocr_line' id='line_1_99' title="bbox 2022 5074 3605 5146; baseline 0.007 -20"><span class='ocrx_word' id='word_1_703' title='bbox 2022 5090 2149 5127; x_wconf 89' lang='lat' dir='ltr'><strong>nttnt</strong></span> <span class='ocrx_word' id='word_1_704' title='bbox 2194 5084 2249 5126; x_wconf 90' lang='lat' dir='ltr'><strong>et</strong></span> <span class='ocrx_word' id='word_1_705' title='bbox 2281 5074 2517 5143; x_wconf 87' lang='lat' dir='ltr'><strong>iniquum</strong></span> <span class='ocrx_word' id='word_1_706' title='bbox 2543 5089 2752 5137; x_wconf 86' lang='lat' dir='ltr'><strong>vocare,</strong></span> <span class='ocrx_word' id='word_1_707' title='bbox 2781 5074 2992 5143; x_wconf 87' lang='lat' dir='ltr'><strong>quando</strong></span> <span class='ocrx_word' id='word_1_708' title='bbox 3020 5075 3263 5131; x_wconf 86' lang='lat' dir='ltr'><strong>inimicus</strong></span> <span class='ocrx_word' id='word_1_709' title='bbox 3287 5090 3369 5133; x_wconf 90' lang='lat' dir='ltr'><strong>est</strong></span> <span class='ocrx_word' id='word_1_710' title='bbox 3396 5080 3526 5146; x_wconf 82' lang='lat' dir='ltr'><strong>Dei;</strong></span> <span class='ocrx_word' id='word_1_711' title='bbox 3549 5092 3605 5137; x_wconf 87' lang='lat' dir='ltr'><strong>et</strong></span> 
     </span>
    </p>
   </div>
   <div class='ocr_carea' id='block_1_100' title="bbox 2022 5167 3608 5240">
    <p class='ocr_par' dir='ltr' id='par_1_100' title="bbox 2022 5167 3608 5240">
     <span class='ocr_line' id='line_1_100' title="bbox 2022 5167 3608 5240; baseline 0.008 -24"><span class='ocrx_word' id='word_1_712' title='bbox 2022 5181 2283 5235; x_wconf 84' lang='lat' dir='ltr'><strong>pauperes</strong></span> <span class='ocrx_word' id='word_1_713' title='bbox 2311 5175 2541 5230; x_wconf 81' lang='lat' dir='ltr'><strong>sanctos,</strong></span> <span class='ocrx_word' id='word_1_714' title='bbox 2573 5182 2689 5219; x_wconf 91' lang='lat' dir='ltr'><strong>cum</strong></span> <span class='ocrx_word' id='word_1_715' title='bbox 2722 5167 2873 5237; x_wconf 90' lang='lat' dir='ltr'><strong>probi</strong></span> <span class='ocrx_word' id='word_1_716' title='bbox 2904 5169 3236 5240; x_wconf 86' lang='lat' dir='ltr'><strong>modestique</strong></span> <span class='ocrx_word' id='word_1_717' title='bbox 3266 5183 3406 5227; x_wconf 88' lang='lat' dir='ltr'><strong>sunt.</strong></span> <span class='ocrx_word' id='word_1_718' title='bbox 3436 5175 3608 5230; x_wconf 88' lang='lat' dir='ltr'><strong>Nero-</strong></span> 
     </span>
    </p>
   </div>
   <div class='ocr_carea' id='block_1_101' title="bbox 2024 5258 3605 5327">
    <p class='ocr_par' dir='ltr' id='par_1_101' title="bbox 2024 5258 3605 5327">
     <span class='ocr_line' id='line_1_101' title="bbox 2024 5258 3605 5327; baseline 0.006 -17"><span class='ocrx_word' id='word_1_719' title='bbox 2024 5273 2144 5310; x_wconf 86' lang='lat' dir='ltr'><strong>nem</strong></span> <span class='ocrx_word' id='word_1_720' title='bbox 2190 5259 2384 5326; x_wconf 85' lang='lat' dir='ltr'><strong>quippe</strong></span> <span class='ocrx_word' id='word_1_721' title='bbox 2430 5258 2742 5327; x_wconf 87' lang='lat' dir='ltr'><strong>mysterium</strong></span> <span class='ocrx_word' id='word_1_722' title='bbox 2790 5258 3080 5327; x_wconf 89' lang='lat' dir='ltr'><strong>iniquitatis</strong></span> <span class='ocrx_word' id='word_1_723' title='bbox 3132 5271 3322 5325; x_wconf 87' lang='lat' dir='ltr'><strong>vocat,</strong></span> <span class='ocrx_word' id='word_1_724' title='bbox 3382 5263 3605 5321; x_wconf 87' lang='lat' dir='ltr'><strong>dicens:</strong></span> 
     </span>
    </p>
   </div>
   <div class='ocr_carea' id='block_1_102' title="bbox 2025 5348 3601 5423">
    <p class='ocr_par' dir='ltr' id='par_1_102' title="bbox 2025 5348 3601 5423">
     <span class='ocr_line' id='line_1_102' title="bbox 2025 5348 3601 5423; baseline 0.004 -22"><span class='ocrx_word' id='word_1_725' title='bbox 2025 5348 2325 5418; x_wconf 75' lang='lat' dir='ltr'><strong>Mys-teriam</strong></span> <span class='ocrx_word' id='word_1_726' title='bbox 2374 5348 2506 5401; x_wconf 83' lang='lat' dir='ltr'><strong>enim</strong></span> <span class='ocrx_word' id='word_1_727' title='bbox 2548 5365 2679 5401; x_wconf 82' lang='lat' dir='ltr'><strong>nunc</strong></span> <span class='ocrx_word' id='word_1_728' title='bbox 2724 5359 2965 5416; x_wconf 77' lang='lat' dir='ltr'><strong>operatur</strong></span> <span class='ocrx_word' id='word_1_729' title='bbox 3003 5351 3286 5421; x_wconf 80' lang='lat' dir='ltr'><strong>iniquitatis</strong></span> <span class='ocrx_word' id='word_1_730' title='bbox 3310 5353 3382 5423; x_wconf 73' lang='grc'><strong>(2.</strong></span> <span class='ocrx_word' id='word_1_731' title='bbox 3428 5353 3601 5409; x_wconf 81' lang='lat' dir='ltr'><strong>Thess.</strong></span> 
     </span>
    </p>
   </div>
   <div class='ocr_carea' id='block_1_103' title="bbox 2022 5438 3607 5510">
    <p class='ocr_par' dir='ltr' id='par_1_103' title="bbox 2022 5438 3607 5510">
     <span class='ocr_line' id='line_1_103' title="bbox 2022 5438 3607 5510; baseline 0.004 -19"><span class='ocrx_word' id='word_1_732' title='bbox 2022 5438 2077 5492; x_wconf 65' lang='grc' dir='ltr'><strong>ἓ.</strong></span> <span class='ocrx_word' id='word_1_733' title='bbox 2101 5439 2156 5509; x_wconf 83' lang='lat'><strong>7)</strong></span> <span class='ocrx_word' id='word_1_734' title='bbox 2178 5456 2191 5503; x_wconf 92' lang='lat'><strong>;</strong></span> <span class='ocrx_word' id='word_1_735' title='bbox 2218 5439 2314 5492; x_wconf 88' lang='lat' dir='ltr'><strong>hos</strong></span> <span class='ocrx_word' id='word_1_736' title='bbox 2336 5449 2510 5492; x_wconf 88' lang='lat' dir='ltr'><strong>autem</strong></span> <span class='ocrx_word' id='word_1_737' title='bbox 2534 5438 2621 5508; x_wconf 90' lang='lat' dir='ltr'><strong>qui</strong></span> <span class='ocrx_word' id='word_1_738' title='bbox 2642 5439 2908 5493; x_wconf 88' lang='lat' dir='ltr'><strong>alimentis</strong></span> <span class='ocrx_word' id='word_1_739' title='bbox 2928 5440 3173 5510; x_wconf 78' lang='lat' dir='ltr'><strong>egebant,</strong></span> <span class='ocrx_word' id='word_1_740' title='bbox 3198 5455 3250 5497; x_wconf 90' lang='lat' dir='ltr'><strong>et</strong></span> <span class='ocrx_word' id='word_1_741' title='bbox 3272 5444 3607 5498; x_wconf 86' lang='lat' dir='ltr'><strong>etnendicato</strong></span> 
     </span>
    </p>
   </div>
   <div class='ocr_carea' id='block_1_104' title="bbox 2025 5531 3606 5602">
    <p class='ocr_par' dir='ltr' id='par_1_104' title="bbox 2025 5531 3606 5602">
     <span class='ocr_line' id='line_1_104' title="bbox 2025 5531 3606 5602; baseline 0.006 -22"><span class='ocrx_word' id='word_1_742' title='bbox 2025 5547 2161 5601; x_wconf 87' lang='lat' dir='ltr'><strong>pane</strong></span> <span class='ocrx_word' id='word_1_743' title='bbox 2189 5531 2485 5596; x_wconf 86' lang='lat' dir='ltr'><strong>alebantur,</strong></span> <span class='ocrx_word' id='word_1_744' title='bbox 2518 5542 2732 5586; x_wconf 88' lang='lat' dir='ltr'><strong>sanctos</strong></span> <span class='ocrx_word' id='word_1_745' title='bbox 2772 5536 3020 5602; x_wconf 89' lang='lat' dir='ltr'><strong>appellat.</strong></span> <span class='ocrx_word' id='word_1_746' title='bbox 3057 5534 3270 5589; x_wconf 90' lang='lat' dir='ltr'><strong>Interim</strong></span> <span class='ocrx_word' id='word_1_747' title='bbox 3307 5550 3435 5589; x_wconf 89' lang='lat' dir='ltr'><strong>vero</strong></span> <span class='ocrx_word' id='word_1_748' title='bbox 3481 5542 3606 5589; x_wconf 84' lang='lat' dir='ltr'><strong>sub-</strong></span> 
     </span>
    </p>
   </div>
   <div class='ocr_carea' id='block_1_105' title="bbox 2024 5624 3605 5691">
    <p class='ocr_par' dir='ltr' id='par_1_105' title="bbox 2024 5624 3605 5691">
     <span class='ocr_line' id='line_1_105' title="bbox 2024 5624 3605 5691; baseline 0.003 -15"><span class='ocrx_word' id='word_1_749' title='bbox 2024 5627 2252 5678; x_wconf 79' lang='lat' dir='ltr'><strong>obscure</strong></span> <span class='ocrx_word' id='word_1_750' title='bbox 2288 5625 2442 5678; x_wconf 91' lang='lat' dir='ltr'><strong>docet</strong></span> <span class='ocrx_word' id='word_1_751' title='bbox 2488 5624 2626 5691; x_wconf 85' lang='lat' dir='ltr'><strong>illos,</strong></span> <span class='ocrx_word' id='word_1_752' title='bbox 2670 5641 2736 5679; x_wconf 92' lang='lat' dir='ltr'><strong>ne</strong></span> <span class='ocrx_word' id='word_1_753' title='bbox 2777 5626 3067 5680; x_wconf 79' lang='lat' dir='ltr'><strong>efferantur</strong></span> <span class='ocrx_word' id='word_1_754' title='bbox 3112 5628 3323 5690; x_wconf 88' lang='lat' dir='ltr'><strong>animo,</strong></span> <span class='ocrx_word' id='word_1_755' title='bbox 3381 5643 3513 5681; x_wconf 87' lang='lat' dir='ltr'><strong>neve</strong></span> <span class='ocrx_word' id='word_1_756' title='bbox 3538 5628 3605 5681; x_wconf 88' lang='lat' dir='ltr'><strong>de</strong></span> 
     </span>
    </p>
   </div>
   <div class='ocr_carea' id='block_1_106' title="bbox 2028 5717 3623 5790">
    <p class='ocr_par' dir='ltr' id='par_1_106' title="bbox 2028 5717 3623 5790">
     <span class='ocr_line' id='line_1_106' title="bbox 2028 5717 3623 5790; baseline 0.001 -16"><span class='ocrx_word' id='word_1_757' title='bbox 2028 5717 2333 5790; x_wconf 48' lang='lat' dir='ltr'><strong>lmjusmooli</strong></span> <span class='ocrx_word' id='word_1_758' title='bbox 2376 5717 2626 5773; x_wconf 78' lang='lat' dir='ltr'><strong>mandato</strong></span> <span class='ocrx_word' id='word_1_759' title='bbox 2660 5719 3014 5786; x_wconf 70' lang='lat' dir='ltr'><strong>rxtollantur,</strong></span> <span class='ocrx_word' id='word_1_760' title='bbox 3065 5737 3124 5773; x_wconf 86' lang='lat' dir='ltr'><strong>ac</strong></span> <span class='ocrx_word' id='word_1_761' title='bbox 3176 5719 3218 5773; x_wconf 88' lang='lat' dir='ltr'><strong>si</strong></span> <span class='ocrx_word' id='word_1_762' title='bbox 3255 5718 3529 5779; x_wconf 82' lang='lat' dir='ltr'><strong>vilioribus</strong></span> <span class='ocrx_word' id='word_1_763' title='bbox 3566 5732 3623 5776; x_wconf 88' lang='lat' dir='ltr'><strong>et</strong></span> 
     </span>
    </p>
   </div>
  </div>
