  <div class='ocr_page' id='page_1' title='image "/cluster/home/n/w/nwhite01/storage/ocr_20150623/51/nnc1.0046978275/261.png"; bbox 0 0 3990 6358; ppageno 0'>
   <div class='ocr_carea' id='block_1_1' title="bbox 415 294 518 353">
    <p class='ocr_par' dir='ltr' id='par_1_1' title="bbox 415 294 518 353">
     <span class='ocr_line' id='line_1_1' title="bbox 415 294 518 353; baseline 0 -4"><span class='ocrx_word' id='word_1_1' title='bbox 415 294 518 353; x_wconf 68' lang='lat'><strong>963</strong></span> 
     </span>
    </p>
   </div>
   <div class='ocr_carea' id='block_1_2' title="bbox 320 402 1996 478">
    <p class='ocr_par' dir='ltr' id='par_1_2' title="bbox 320 402 1996 478">
     <span class='ocr_line' id='line_1_2' title="bbox 320 402 1996 478; baseline -0.003 -15"><span class='ocrx_word' id='word_1_2' title='bbox 320 405 346 430; x_wconf 82' lang='grc'><strong><em>⁸</em></strong></span> <span class='ocrx_word' id='word_1_3' title='bbox 406 405 831 478; x_wconf 82' lang='lat' dir='ltr'><strong>despoctioribus</strong></span> <span class='ocrx_word' id='word_1_4' title='bbox 875 405 1197 476; x_wconf 73' lang='lat' dir='ltr'><strong>largiantur,</strong></span> <span class='ocrx_word' id='word_1_5' title='bbox 1244 403 1342 461; x_wconf 87' lang='lat' dir='ltr'><strong>sed</strong></span> <span class='ocrx_word' id='word_1_6' title='bbox 1384 414 1535 460; x_wconf 88' lang='lat' dir='ltr'><strong>certo</strong></span> <span class='ocrx_word' id='word_1_7' title='bbox 1571 404 1746 460; x_wconf 86' lang='lat' dir='ltr'><strong>sciant</strong></span> <span class='ocrx_word' id='word_1_8' title='bbox 1784 402 1996 473; x_wconf 85' lang='lat' dir='ltr'><strong>sibique</strong></span> 
     </span>
    </p>
   </div>
   <div class='ocr_carea' id='block_1_3' title="bbox 410 493 1996 568">
    <p class='ocr_par' dir='ltr' id='par_1_3' title="bbox 410 493 1996 568">
     <span class='ocr_line' id='line_1_3' title="bbox 410 493 1996 568; baseline -0.004 -14"><span class='ocrx_word' id='word_1_9' title='bbox 410 496 788 568; x_wconf 50' lang='grc' dir='ltr'><strong>νει-σιδάρω,</strong></span> <span class='ocrx_word' id='word_1_10' title='bbox 812 494 863 551; x_wconf 88' lang='lat' dir='ltr'><strong>id</strong></span> <span class='ocrx_word' id='word_1_11' title='bbox 888 496 988 551; x_wconf 88' lang='lat' dir='ltr'><strong>sibi</strong></span> <span class='ocrx_word' id='word_1_12' title='bbox 1014 497 1247 552; x_wconf 79' lang='lat' dir='ltr'><strong>maximo</strong></span> <span class='ocrx_word' id='word_1_13' title='bbox 1266 511 1385 552; x_wconf 81' lang='lat' dir='ltr'><strong>esse</strong></span> <span class='ocrx_word' id='word_1_14' title='bbox 1407 495 1620 564; x_wconf 84' lang='lat' dir='ltr'><strong>honori,</strong></span> <span class='ocrx_word' id='word_1_15' title='bbox 1641 493 1784 564; x_wconf 88' lang='lat' dir='ltr'><strong>quod</strong></span> <span class='ocrx_word' id='word_1_16' title='bbox 1809 508 1996 549; x_wconf 84' lang='lat' dir='ltr'><strong>eorum</strong></span> 
     </span>
    </p>
   </div>
   <div class='ocr_carea' id='block_1_4' title="bbox 410 589 1044 660">
    <p class='ocr_par' dir='ltr' id='par_1_4' title="bbox 410 589 1044 660">
     <span class='ocr_line' id='line_1_4' title="bbox 410 589 1044 660; baseline -0.002 -15"><span class='ocrx_word' id='word_1_17' title='bbox 410 603 680 646; x_wconf 67' lang='lat' dir='ltr'><strong>aerumnas</strong></span> <span class='ocrx_word' id='word_1_18' title='bbox 706 589 1044 660; x_wconf 86' lang='lat' dir='ltr'><strong>participent.</strong></span> 
     </span>
    </p>
   </div>
   <div class='ocr_carea' id='block_1_5' title="bbox 479 676 1993 750">
    <p class='ocr_par' dir='ltr' id='par_1_5' title="bbox 479 676 1993 750">
     <span class='ocr_line' id='line_1_5' title="bbox 479 676 1993 750; baseline -0.005 -12"><span class='ocrx_word' id='word_1_19' title='bbox 479 680 542 738; x_wconf 76' lang='grc' dir='ltr'><strong>2ο</strong></span> <span class='ocrx_word' id='word_1_20' title='bbox 567 679 685 736; x_wconf 76' lang='lat' dir='ltr'><strong>Jam</strong></span> <span class='ocrx_word' id='word_1_21' title='bbox 706 695 834 735; x_wconf 91' lang='lat' dir='ltr'><strong>vero</strong></span> <span class='ocrx_word' id='word_1_22' title='bbox 857 695 1035 750; x_wconf 75' lang='lat' dir='ltr'><strong>operm</strong></span> <span class='ocrx_word' id='word_1_23' title='bbox 1056 679 1284 750; x_wconf 77' lang='lat' dir='ltr'><strong>pretium</strong></span> <span class='ocrx_word' id='word_1_24' title='bbox 1307 679 1409 734; x_wconf 90' lang='lat' dir='ltr'><strong>erit</strong></span> <span class='ocrx_word' id='word_1_25' title='bbox 1435 678 1751 750; x_wconf 89' lang='lat' dir='ltr'><strong>disquirere,</strong></span> <span class='ocrx_word' id='word_1_26' title='bbox 1778 676 1993 748; x_wconf 78' lang='lat' dir='ltr'><strong>quinam</strong></span> 
     </span>
    </p>
   </div>
   <div class='ocr_carea' id='block_1_6' title="bbox 409 770 1994 828">
    <p class='ocr_par' dir='ltr' id='par_1_6' title="bbox 409 770 1994 828">
     <span class='ocr_line' id='line_1_6' title="bbox 409 770 1994 828; baseline -0.003 0"><span class='ocrx_word' id='word_1_27' title='bbox 409 772 520 828; x_wconf 87' lang='lat' dir='ltr'><strong>sint</strong></span> <span class='ocrx_word' id='word_1_28' title='bbox 567 771 645 827; x_wconf 90' lang='lat' dir='ltr'><strong>illi</strong></span> <span class='ocrx_word' id='word_1_29' title='bbox 691 773 898 827; x_wconf 89' lang='lat' dir='ltr'><strong>sancti:</strong></span> <span class='ocrx_word' id='word_1_30' title='bbox 929 786 1034 826; x_wconf 87' lang='lat' dir='ltr'><strong>non</strong></span> <span class='ocrx_word' id='word_1_31' title='bbox 1081 772 1223 826; x_wconf 91' lang='lat' dir='ltr'><strong>enim</strong></span> <span class='ocrx_word' id='word_1_32' title='bbox 1260 771 1346 826; x_wconf 88' lang='lat' dir='ltr'><strong>hic</strong></span> <span class='ocrx_word' id='word_1_33' title='bbox 1375 780 1576 826; x_wconf 90' lang='lat' dir='ltr'><strong>tantum</strong></span> <span class='ocrx_word' id='word_1_34' title='bbox 1617 770 1830 825; x_wconf 87' lang='lat' dir='ltr'><strong>illorqu</strong></span> <span class='ocrx_word' id='word_1_35' title='bbox 1879 785 1994 824; x_wconf 83' lang='lat' dir='ltr'><strong>me-</strong></span> 
     </span>
    </p>
   </div>
   <div class='ocr_carea' id='block_1_7' title="bbox 411 861 1996 931">
    <p class='ocr_par' dir='ltr' id='par_1_7' title="bbox 411 861 1996 931">
     <span class='ocr_line' id='line_1_7' title="bbox 411 861 1996 931; baseline -0.003 -12"><span class='ocrx_word' id='word_1_36' title='bbox 411 864 586 929; x_wconf 88' lang='lat' dir='ltr'><strong>minit,</strong></span> <span class='ocrx_word' id='word_1_37' title='bbox 615 863 711 918; x_wconf 85' lang='lat' dir='ltr'><strong>sed</strong></span> <span class='ocrx_word' id='word_1_38' title='bbox 751 864 916 919; x_wconf 87' lang='lat' dir='ltr'><strong>etiam</strong></span> <span class='ocrx_word' id='word_1_39' title='bbox 953 863 1082 923; x_wconf 82' lang='lat' dir='ltr'><strong>alibi</strong></span> <span class='ocrx_word' id='word_1_40' title='bbox 1118 879 1240 918; x_wconf 92' lang='lat' dir='ltr'><strong>cum</strong></span> <span class='ocrx_word' id='word_1_41' title='bbox 1281 863 1410 917; x_wconf 91' lang='lat' dir='ltr'><strong>dicit</strong></span> <span class='ocrx_word' id='word_1_42' title='bbox 1444 861 1638 918; x_wconf 75' lang='lat' dir='ltr'><strong>:Nunc</strong></span> <span class='ocrx_word' id='word_1_43' title='bbox 1666 871 1836 916; x_wconf 88' lang='lat' dir='ltr'><strong>autem</strong></span> <span class='ocrx_word' id='word_1_44' title='bbox 1875 877 1996 931; x_wconf 82' lang='lat' dir='ltr'><strong>pro-</strong></span> 
     </span>
    </p>
   </div>
   <div class='ocr_carea' id='block_1_8' title="bbox 415 950 1991 1024">
    <p class='ocr_par' dir='ltr' id='par_1_8' title="bbox 415 950 1991 1024">
     <span class='ocr_line' id='line_1_8' title="bbox 415 950 1991 1024; baseline 0.001 -15"><span class='ocrx_word' id='word_1_45' title='bbox 415 955 612 1010; x_wconf 59' lang='lat' dir='ltr'><strong>ﬁciscor</strong></span> <span class='ocrx_word' id='word_1_46' title='bbox 636 955 691 1009; x_wconf 88' lang='lat' dir='ltr'><strong>in</strong></span> <span class='ocrx_word' id='word_1_47' title='bbox 710 953 999 1009; x_wconf 84' lang='lat' dir='ltr'><strong>Jerusalem</strong></span> <span class='ocrx_word' id='word_1_48' title='bbox 1031 955 1318 1009; x_wconf 87' lang='lat' dir='ltr'><strong>ministrare</strong></span> <span class='ocrx_word' id='word_1_49' title='bbox 1336 954 1525 1008; x_wconf 88' lang='lat' dir='ltr'><strong>sanctis</strong></span> <span class='ocrx_word' id='word_1_50' title='bbox 1559 953 1733 1024; x_wconf 84' lang='lat' dir='ltr'><strong>(Rom.</strong></span> <span class='ocrx_word' id='word_1_51' title='bbox 1763 952 1854 1008; x_wconf 90' lang='grc'><strong>15.</strong></span> <span class='ocrx_word' id='word_1_52' title='bbox 1875 950 1991 1024; x_wconf 76' lang='grc'><strong>25).</strong></span> 
     </span>
    </p>
   </div>
   <div class='ocr_carea' id='block_1_9' title="bbox 413 1043 1994 1117">
    <p class='ocr_par' dir='ltr' id='par_1_9' title="bbox 413 1043 1994 1117">
     <span class='ocr_line' id='line_1_9' title="bbox 413 1043 1994 1117; baseline -0.001 -15"><span class='ocrx_word' id='word_1_53' title='bbox 413 1047 480 1102; x_wconf 84' lang='lat' dir='ltr'><strong>Et</strong></span> <span class='ocrx_word' id='word_1_54' title='bbox 504 1046 676 1104; x_wconf 82' lang='lat' dir='ltr'><strong>Lucas</strong></span> <span class='ocrx_word' id='word_1_55' title='bbox 701 1047 754 1101; x_wconf 89' lang='lat' dir='ltr'><strong>in</strong></span> <span class='ocrx_word' id='word_1_56' title='bbox 787 1047 956 1113; x_wconf 84' lang='lat' dir='ltr'><strong>Actis,</strong></span> <span class='ocrx_word' id='word_1_57' title='bbox 979 1063 1100 1102; x_wconf 91' lang='lat' dir='ltr'><strong>cum</strong></span> <span class='ocrx_word' id='word_1_58' title='bbox 1125 1062 1314 1117; x_wconf 88' lang='lat' dir='ltr'><strong>magna</strong></span> <span class='ocrx_word' id='word_1_59' title='bbox 1344 1044 1518 1104; x_wconf 80' lang='lat' dir='ltr'><strong>fames</strong></span> <span class='ocrx_word' id='word_1_60' title='bbox 1548 1045 1872 1111; x_wconf 87' lang='lat' dir='ltr'><strong>immineret,</strong></span> <span class='ocrx_word' id='word_1_61' title='bbox 1895 1043 1994 1101; x_wconf 80' lang='lat' dir='ltr'><strong>hos</strong></span> 
     </span>
    </p>
   </div>
   <div class='ocr_carea' id='block_1_10' title="bbox 406 1137 1994 1210">
    <p class='ocr_par' dir='ltr' id='par_1_10' title="bbox 406 1137 1994 1210">
     <span class='ocr_line' id='line_1_10' title="bbox 406 1137 1994 1210; baseline -0.003 -18"><span class='ocrx_word' id='word_1_62' title='bbox 406 1141 552 1210; x_wconf 82' lang='lat' dir='ltr'><strong>ipsas</strong></span> <span class='ocrx_word' id='word_1_63' title='bbox 572 1147 787 1194; x_wconf 88' lang='lat' dir='ltr'><strong>sanctos</strong></span> <span class='ocrx_word' id='word_1_64' title='bbox 812 1139 882 1193; x_wconf 89' lang='lat' dir='ltr'><strong>ita</strong></span> <span class='ocrx_word' id='word_1_65' title='bbox 905 1147 1290 1198; x_wconf 87' lang='lat' dir='ltr'><strong>commemorat</strong></span> <span class='ocrx_word' id='word_1_66' title='bbox 1313 1154 1330 1192; x_wconf 89' lang='lat'><strong>:</strong></span> <span class='ocrx_word' id='word_1_67' title='bbox 1357 1137 1608 1208; x_wconf 72' lang='lat' dir='ltr'><strong>Discipuli</strong></span> <span class='ocrx_word' id='word_1_68' title='bbox 1631 1146 1820 1203; x_wconf 79' lang='lat' dir='ltr'><strong>autem,</strong></span> <span class='ocrx_word' id='word_1_69' title='bbox 1844 1144 1994 1206; x_wconf 74' lang='lat' dir='ltr'><strong>prout</strong></span> 
     </span>
    </p>
   </div>
   <div class='ocr_carea' id='block_1_11' title="bbox 407 1225 1993 1302">
    <p class='ocr_par' dir='ltr' id='par_1_11' title="bbox 407 1225 1993 1302">
     <span class='ocr_line' id='line_1_11' title="bbox 407 1225 1993 1302; baseline -0.001 -20"><span class='ocrx_word' id='word_1_70' title='bbox 407 1231 524 1300; x_wconf 88' lang='lat' dir='ltr'><strong>quis</strong></span> <span class='ocrx_word' id='word_1_71' title='bbox 550 1230 762 1285; x_wconf 82' lang='lat' dir='ltr'><strong>habebat</strong></span> <span class='ocrx_word' id='word_1_72' title='bbox 784 1271 800 1298; x_wconf 95' lang='lat'><strong>,</strong></span> <span class='ocrx_word' id='word_1_73' title='bbox 830 1239 1203 1302; x_wconf 80' lang='lat' dir='ltr'><strong>prapqsuerunt</strong></span> <span class='ocrx_word' id='word_1_74' title='bbox 1228 1225 1414 1300; x_wconf 82' lang='lat' dir='ltr'><strong>singuli</strong></span> <span class='ocrx_word' id='word_1_75' title='bbox 1437 1229 1631 1282; x_wconf 78' lang='lat' dir='ltr'><strong>mittere</strong></span> <span class='ocrx_word' id='word_1_76' title='bbox 1648 1227 1717 1281; x_wconf 86' lang='lat' dir='ltr'><strong>ad</strong></span> <span class='ocrx_word' id='word_1_77' title='bbox 1745 1243 1993 1298; x_wconf 78' lang='lat' dir='ltr'><strong>pauperes</strong></span> 
     </span>
    </p>
   </div>
   <div class='ocr_carea' id='block_1_12' title="bbox 404 1315 2010 1393">
    <p class='ocr_par' dir='ltr' id='par_1_12' title="bbox 404 1315 2010 1393">
     <span class='ocr_line' id='line_1_12' title="bbox 404 1315 2010 1393; baseline -0.001 -15"><span class='ocrx_word' id='word_1_78' title='bbox 404 1331 728 1388; x_wconf 85' lang='lat' dir='ltr'><strong>sanctorum,</strong></span> <span class='ocrx_word' id='word_1_79' title='bbox 745 1323 834 1393; x_wconf 85' lang='lat' dir='ltr'><strong>qui</strong></span> <span class='ocrx_word' id='word_1_80' title='bbox 858 1330 972 1376; x_wconf 89' lang='lat' dir='ltr'><strong>sunt</strong></span> <span class='ocrx_word' id='word_1_81' title='bbox 989 1321 1043 1375; x_wconf 87' lang='lat' dir='ltr'><strong>in</strong></span> <span class='ocrx_word' id='word_1_82' title='bbox 1065 1319 1350 1376; x_wconf 71' lang='lat' dir='ltr'><strong>Jerusalem</strong></span> <span class='ocrx_word' id='word_1_83' title='bbox 1380 1318 1516 1392; x_wconf 81' lang='lat' dir='ltr'><strong>(Aet.</strong></span> <span class='ocrx_word' id='word_1_84' title='bbox 1548 1319 1637 1374; x_wconf 89' lang='grc'><strong>11.</strong></span> <span class='ocrx_word' id='word_1_85' title='bbox 1655 1317 1774 1389; x_wconf 76' lang='grc'><strong>29).</strong></span> <span class='ocrx_word' id='word_1_86' title='bbox 1800 1315 1866 1374; x_wconf 85' lang='lat' dir='ltr'><strong>Et</strong></span> <span class='ocrx_word' id='word_1_87' title='bbox 1894 1317 2010 1377; x_wconf 86' lang='lat' dir='ltr'><strong>itc-.</strong></span> 
     </span>
    </p>
   </div>
   <div class='ocr_carea' id='block_1_13' title="bbox 406 1409 1992 1490">
    <p class='ocr_par' dir='ltr' id='par_1_13' title="bbox 406 1409 1992 1490">
     <span class='ocr_line' id='line_1_13' title="bbox 406 1409 1992 1490; baseline -0.004 -21"><span class='ocrx_word' id='word_1_88' title='bbox 406 1430 548 1481; x_wconf 89' lang='lat' dir='ltr'><strong>rum,</strong></span> <span class='ocrx_word' id='word_1_89' title='bbox 578 1413 723 1486; x_wconf 89' lang='lat' dir='ltr'><strong>quod</strong></span> <span class='ocrx_word' id='word_1_90' title='bbox 749 1425 886 1490; x_wconf 29' lang='lat' dir='ltr'><strong>ante,</strong></span> <span class='ocrx_word' id='word_1_91' title='bbox 916 1412 1184 1479; x_wconf 81' lang='lat' dir='ltr'><strong>dicebam,</strong></span> <span class='ocrx_word' id='word_1_92' title='bbox 1225 1411 1320 1478; x_wconf 89' lang='lat' dir='ltr'><strong>ait,</strong></span> <span class='ocrx_word' id='word_1_93' title='bbox 1355 1409 1578 1474; x_wconf 82' lang='lat' dir='ltr'><strong>Tantum</strong></span> <span class='ocrx_word' id='word_1_94' title='bbox 1612 1420 1668 1478; x_wconf 79' lang='lat' dir='ltr'><strong>ut</strong></span> <span class='ocrx_word' id='word_1_95' title='bbox 1711 1425 1992 1480; x_wconf 78' lang='lat' dir='ltr'><strong>pauperum</strong></span> 
     </span>
    </p>
   </div>
   <div class='ocr_carea' id='block_1_14' title="bbox 407 1503 1992 1578">
    <p class='ocr_par' dir='ltr' id='par_1_14' title="bbox 407 1503 1992 1578">
     <span class='ocr_line' id='line_1_14' title="bbox 407 1503 1992 1578; baseline -0.003 -18"><span class='ocrx_word' id='word_1_96' title='bbox 407 1523 650 1562; x_wconf 85' lang='lat' dir='ltr'><strong>memores</strong></span> <span class='ocrx_word' id='word_1_97' title='bbox 677 1522 920 1571; x_wconf 78' lang='lat' dir='ltr'><strong><em>essemus,</em></strong></span> <span class='ocrx_word' id='word_1_98' title='bbox 944 1505 1082 1578; x_wconf 83' lang='lat' dir='ltr'><strong>quod</strong></span> <span class='ocrx_word' id='word_1_99' title='bbox 1120 1507 1270 1560; x_wconf 90' lang='lat' dir='ltr'><strong>etiam</strong></span> <span class='ocrx_word' id='word_1_100' title='bbox 1313 1503 1561 1567; x_wconf 76' lang='lat' dir='ltr'><strong>sollicitus</strong></span> <span class='ocrx_word' id='word_1_101' title='bbox 1587 1505 1664 1576; x_wconf 81' lang='lat' dir='ltr'><strong>fui</strong></span> <span class='ocrx_word' id='word_1_102' title='bbox 1691 1505 1785 1559; x_wconf 82' lang='lat' dir='ltr'><strong>hoc</strong></span> <span class='ocrx_word' id='word_1_103' title='bbox 1823 1506 1992 1573; x_wconf 86' lang='lat' dir='ltr'><strong>ipsum</strong></span> 
     </span>
    </p>
   </div>
   <div class='ocr_carea' id='block_1_15' title="bbox 409 1595 1991 1668">
    <p class='ocr_par' dir='ltr' id='par_1_15' title="bbox 409 1595 1991 1668">
     <span class='ocr_line' id='line_1_15' title="bbox 409 1595 1991 1668; baseline 0.001 -16"><span class='ocrx_word' id='word_1_104' title='bbox 409 1599 575 1668; x_wconf 79' lang='lat' dir='ltr'><strong>facere</strong></span> <span class='ocrx_word' id='word_1_105' title='bbox 595 1598 737 1668; x_wconf 81' lang='lat' dir='ltr'><strong>(Gal.</strong></span> <span class='ocrx_word' id='word_1_106' title='bbox 769 1598 824 1653; x_wconf 71' lang='lat'><strong>2.</strong></span> <span class='ocrx_word' id='word_1_107' title='bbox 853 1598 964 1668; x_wconf 87' lang='grc'><strong>10).</strong></span> <span class='ocrx_word' id='word_1_108' title='bbox 995 1597 1279 1667; x_wconf 73' lang='lat' dir='ltr'><strong>Postquam</strong></span> <span class='ocrx_word' id='word_1_109' title='bbox 1311 1613 1440 1653; x_wconf 81' lang='lat' dir='ltr'><strong>vero</strong></span> <span class='ocrx_word' id='word_1_110' title='bbox 1459 1598 1536 1652; x_wconf 90' lang='lat' dir='ltr'><strong>sic</strong></span> <span class='ocrx_word' id='word_1_111' title='bbox 1565 1597 1705 1666; x_wconf 83' lang='lat' dir='ltr'><strong>inter</strong></span> <span class='ocrx_word' id='word_1_112' title='bbox 1731 1612 1828 1650; x_wconf 89' lang='lat' dir='ltr'><strong>nos</strong></span> <span class='ocrx_word' id='word_1_113' title='bbox 1857 1595 1991 1653; x_wconf 84' lang='lat' dir='ltr'><strong>divi-</strong></span> 
     </span>
    </p>
   </div>
   <div class='ocr_carea' id='block_1_16' title="bbox 406 1691 1988 1761">
    <p class='ocr_par' dir='ltr' id='par_1_16' title="bbox 406 1691 1988 1761">
     <span class='ocr_line' id='line_1_16' title="bbox 406 1691 1988 1761; baseline 0 -14"><span class='ocrx_word' id='word_1_114' title='bbox 406 1694 594 1760; x_wconf 84' lang='lat' dir='ltr'><strong>simus,</strong></span> <span class='ocrx_word' id='word_1_115' title='bbox 643 1704 696 1750; x_wconf 92' lang='lat' dir='ltr'><strong>ut</strong></span> <span class='ocrx_word' id='word_1_116' title='bbox 728 1695 858 1748; x_wconf 88' lang='lat' dir='ltr'><strong>mihi</strong></span> <span class='ocrx_word' id='word_1_117' title='bbox 902 1692 1120 1760; x_wconf 83' lang='lat' dir='ltr'><strong>Gentes,</strong></span> <span class='ocrx_word' id='word_1_118' title='bbox 1165 1692 1325 1748; x_wconf 74' lang='lat' dir='ltr'><strong>l’etro</strong></span> <span class='ocrx_word' id='word_1_119' title='bbox 1363 1691 1538 1748; x_wconf 65' lang='lat' dir='ltr'><strong>Judaei</strong></span> <span class='ocrx_word' id='word_1_120' title='bbox 1583 1692 1988 1761; x_wconf 65' lang='lat' dir='ltr'><strong>contingerent.</strong></span> 
     </span>
    </p>
   </div>
   <div class='ocr_carea' id='block_1_17' title="bbox 402 1781 1992 1852">
    <p class='ocr_par' dir='ltr' id='par_1_17' title="bbox 402 1781 1992 1852">
     <span class='ocr_line' id='line_1_17' title="bbox 402 1781 1992 1852; baseline -0.006 -8"><span class='ocrx_word' id='word_1_121' title='bbox 402 1788 674 1844; x_wconf 82' lang='lat' dir='ltr'><strong>communi</strong></span> <span class='ocrx_word' id='word_1_122' title='bbox 720 1788 986 1846; x_wconf 89' lang='lat' dir='ltr'><strong>sententia</strong></span> <span class='ocrx_word' id='word_1_123' title='bbox 1035 1785 1431 1852; x_wconf 83' lang='lat' dir='ltr'><strong>constituimus,</strong></span> <span class='ocrx_word' id='word_1_124' title='bbox 1478 1783 1667 1852; x_wconf 86' lang='lat' dir='ltr'><strong>inquit,</strong></span> <span class='ocrx_word' id='word_1_125' title='bbox 1707 1792 1766 1838; x_wconf 89' lang='lat' dir='ltr'><strong>ut</strong></span> <span class='ocrx_word' id='word_1_126' title='bbox 1799 1781 1992 1838; x_wconf 85' lang='lat' dir='ltr'><strong>divisio</strong></span> 
     </span>
    </p>
   </div>
   <div class='ocr_carea' id='block_1_18' title="bbox 405 1871 1990 1948">
    <p class='ocr_par' dir='ltr' id='par_1_18' title="bbox 405 1871 1990 1948">
     <span class='ocr_line' id='line_1_18' title="bbox 405 1871 1990 1948; baseline -0.004 -16"><span class='ocrx_word' id='word_1_127' title='bbox 405 1878 521 1934; x_wconf 69' lang='lat' dir='ltr'><strong>haec</strong></span> <span class='ocrx_word' id='word_1_128' title='bbox 545 1878 610 1932; x_wconf 89' lang='lat' dir='ltr'><strong>ad</strong></span> <span class='ocrx_word' id='word_1_129' title='bbox 642 1892 902 1948; x_wconf 84' lang='lat' dir='ltr'><strong>pauperes</strong></span> <span class='ocrx_word' id='word_1_130' title='bbox 935 1891 1044 1933; x_wconf 87' lang='lat' dir='ltr'><strong>non</strong></span> <span class='ocrx_word' id='word_1_131' title='bbox 1077 1877 1420 1947; x_wconf 85' lang='lat' dir='ltr'><strong>pertingeret.</strong></span> <span class='ocrx_word' id='word_1_132' title='bbox 1452 1871 1586 1942; x_wconf 81' lang='lat' dir='ltr'><strong>Nam</strong></span> <span class='ocrx_word' id='word_1_133' title='bbox 1629 1889 1751 1930; x_wconf 92' lang='lat' dir='ltr'><strong>cum</strong></span> <span class='ocrx_word' id='word_1_134' title='bbox 1795 1872 1990 1943; x_wconf 58' lang='lat' dir='ltr'><strong>pradi-</strong></span> 
     </span>
    </p>
   </div>
   <div class='ocr_carea' id='block_1_19' title="bbox 402 1964 2009 2036">
    <p class='ocr_par' dir='ltr' id='par_1_19' title="bbox 402 1964 2009 2036">
     <span class='ocr_line' id='line_1_19' title="bbox 402 1964 2009 2036; baseline -0.002 -14"><span class='ocrx_word' id='word_1_135' title='bbox 402 1968 614 2034; x_wconf 88' lang='lat' dir='ltr'><strong>cabant,</strong></span> <span class='ocrx_word' id='word_1_136' title='bbox 639 1968 728 2024; x_wconf 89' lang='lat' dir='ltr'><strong>ille</strong></span> <span class='ocrx_word' id='word_1_137' title='bbox 770 1965 1004 2033; x_wconf 71' lang='lat' dir='ltr'><strong>Judmis,</strong></span> <span class='ocrx_word' id='word_1_138' title='bbox 1035 1967 1123 2022; x_wconf 86' lang='lat' dir='ltr'><strong>hic</strong></span> <span class='ocrx_word' id='word_1_139' title='bbox 1165 1965 1424 2028; x_wconf 85' lang='lat' dir='ltr'><strong>Gentibus</strong></span> <span class='ocrx_word' id='word_1_140' title='bbox 1468 1964 1832 2036; x_wconf 67' lang='lat' dir='ltr'><strong>praedicabat:</strong></span> <span class='ocrx_word' id='word_1_141' title='bbox 1864 1978 2009 2032; x_wconf 38' lang='lat' dir='ltr'><strong>cum.</strong></span> 
     </span>
    </p>
   </div>
   <div class='ocr_carea' id='block_1_20' title="bbox 403 2056 1999 2132">
    <p class='ocr_par' dir='ltr' id='par_1_20' title="bbox 403 2056 1999 2132">
     <span class='ocr_line' id='line_1_20' title="bbox 403 2056 1999 2132; baseline -0.003 -18"><span class='ocrx_word' id='word_1_142' title='bbox 403 2076 532 2118; x_wconf 87' lang='lat' dir='ltr'><strong>vero</strong></span> <span class='ocrx_word' id='word_1_143' title='bbox 571 2061 896 2132; x_wconf 82' lang='lat' dir='ltr'><strong>pauperibus</strong></span> <span class='ocrx_word' id='word_1_144' title='bbox 945 2057 1436 2130; x_wconf 80' lang='lat' dir='ltr'><strong>patrocinabantur,</strong></span> <span class='ocrx_word' id='word_1_145' title='bbox 1467 2073 1575 2122; x_wconf 85' lang='lat' dir='ltr'><strong>non</strong></span> <span class='ocrx_word' id='word_1_146' title='bbox 1615 2056 1684 2111; x_wconf 89' lang='lat' dir='ltr'><strong>ita</strong></span> <span class='ocrx_word' id='word_1_147' title='bbox 1728 2071 1817 2110; x_wconf 90' lang='lat' dir='ltr'><strong>res</strong></span> <span class='ocrx_word' id='word_1_148' title='bbox 1855 2071 1999 2116; x_wconf 47' lang='lat' dir='ltr'><strong>con-a</strong></span> 
     </span>
    </p>
   </div>
   <div class='ocr_carea' id='block_1_21' title="bbox 402 2146 1989 2221">
    <p class='ocr_par' dir='ltr' id='par_1_21' title="bbox 402 2146 1989 2221">
     <span class='ocr_line' id='line_1_21' title="bbox 402 2146 1989 2221; baseline -0.004 -14"><span class='ocrx_word' id='word_1_149' title='bbox 402 2153 582 2208; x_wconf 87' lang='lat' dir='ltr'><strong>stituta</strong></span> <span class='ocrx_word' id='word_1_150' title='bbox 603 2161 741 2217; x_wconf 91' lang='lat' dir='ltr'><strong>erat,</strong></span> <span class='ocrx_word' id='word_1_151' title='bbox 788 2161 848 2206; x_wconf 92' lang='lat' dir='ltr'><strong>ut</strong></span> <span class='ocrx_word' id='word_1_152' title='bbox 879 2151 969 2206; x_wconf 88' lang='lat' dir='ltr'><strong>ille</strong></span> <span class='ocrx_word' id='word_1_153' title='bbox 1008 2149 1336 2221; x_wconf 84' lang='lat' dir='ltr'><strong>pauperibus</strong></span> <span class='ocrx_word' id='word_1_154' title='bbox 1363 2147 1670 2204; x_wconf 68' lang='lat' dir='ltr'><strong>Iudaeorum</strong></span> <span class='ocrx_word' id='word_1_155' title='bbox 1690 2188 1708 2216; x_wconf 94' lang='lat'><strong>,</strong></span> <span class='ocrx_word' id='word_1_156' title='bbox 1745 2146 1834 2204; x_wconf 88' lang='lat' dir='ltr'><strong>hic</strong></span> <span class='ocrx_word' id='word_1_157' title='bbox 1860 2161 1989 2202; x_wconf 87' lang='lat' dir='ltr'><strong>vero</strong></span> 
     </span>
    </p>
   </div>
   <div class='ocr_carea' id='block_1_22' title="bbox 401 2237 1987 2316">
    <p class='ocr_par' dir='ltr' id='par_1_22' title="bbox 401 2237 1987 2316">
     <span class='ocr_line' id='line_1_22' title="bbox 401 2237 1987 2316; baseline -0.004 -16"><span class='ocrx_word' id='word_1_158' title='bbox 401 2241 724 2316; x_wconf 87' lang='lat' dir='ltr'><strong>pauperibus</strong></span> <span class='ocrx_word' id='word_1_159' title='bbox 749 2240 999 2299; x_wconf 86' lang='lat' dir='ltr'><strong>Gentium</strong></span> <span class='ocrx_word' id='word_1_160' title='bbox 1033 2247 1240 2298; x_wconf 80' lang='lat' dir='ltr'><strong>tantum</strong></span> <span class='ocrx_word' id='word_1_161' title='bbox 1267 2255 1451 2296; x_wconf 89' lang='lat' dir='ltr'><strong>curam</strong></span> <span class='ocrx_word' id='word_1_162' title='bbox 1489 2238 1824 2310; x_wconf 87' lang='lat' dir='ltr'><strong>impenderet</strong></span> <span class='ocrx_word' id='word_1_163' title='bbox 1850 2256 1866 2295; x_wconf 92' lang='lat'><strong>:</strong></span> <span class='ocrx_word' id='word_1_164' title='bbox 1891 2237 1987 2294; x_wconf 90' lang='lat' dir='ltr'><strong>sed</strong></span> 
     </span>
    </p>
   </div>
   <div class='ocr_carea' id='block_1_23' title="bbox 403 2330 1988 2404">
    <p class='ocr_par' dir='ltr' id='par_1_23' title="bbox 403 2330 1988 2404">
     <span class='ocr_line' id='line_1_23' title="bbox 403 2330 1988 2404; baseline -0.003 -14"><span class='ocrx_word' id='word_1_165' title='bbox 403 2342 627 2404; x_wconf 87' lang='lat' dir='ltr'><strong>uterque</strong></span> <span class='ocrx_word' id='word_1_166' title='bbox 665 2349 792 2403; x_wconf 90' lang='lat' dir='ltr'><strong>erga</strong></span> <span class='ocrx_word' id='word_1_167' title='bbox 819 2341 1082 2404; x_wconf 67' lang='lat' dir='ltr'><strong>pauperes</strong></span> <span class='ocrx_word' id='word_1_168' title='bbox 1125 2330 1435 2399; x_wconf 76' lang='lat' dir='ltr'><strong>Judzeorum</strong></span> <span class='ocrx_word' id='word_1_169' title='bbox 1473 2345 1720 2403; x_wconf 85' lang='lat' dir='ltr'><strong>magnam</strong></span> <span class='ocrx_word' id='word_1_170' title='bbox 1767 2330 1988 2402; x_wconf 77' lang='lat' dir='ltr'><strong>gerebat</strong></span> 
     </span>
    </p>
   </div>
   <div class='ocr_carea' id='block_1_24' title="bbox 399 2419 2002 2492">
    <p class='ocr_par' dir='ltr' id='par_1_24' title="bbox 399 2419 2002 2492">
     <span class='ocr_line' id='line_1_24' title="bbox 399 2419 2002 2492; baseline -0.002 -14"><span class='ocrx_word' id='word_1_171' title='bbox 399 2438 605 2479; x_wconf 89' lang='lat' dir='ltr'><strong>curam.</strong></span> <span class='ocrx_word' id='word_1_172' title='bbox 653 2423 1010 2490; x_wconf 84' lang='lat' dir='ltr'><strong>Quamobrem</strong></span> <span class='ocrx_word' id='word_1_173' title='bbox 1067 2422 1280 2478; x_wconf 86' lang='lat' dir='ltr'><strong>dicebat</strong></span> <span class='ocrx_word' id='word_1_174' title='bbox 1329 2438 1344 2476; x_wconf 93' lang='lat'><strong>:</strong></span> <span class='ocrx_word' id='word_1_175' title='bbox 1399 2419 1618 2476; x_wconf 85' lang='lat' dir='ltr'><strong>Tantum</strong></span> <span class='ocrx_word' id='word_1_176' title='bbox 1673 2431 1731 2476; x_wconf 88' lang='lat' dir='ltr'><strong>ut</strong></span> <span class='ocrx_word' id='word_1_177' title='bbox 1790 2438 2002 2492; x_wconf 80' lang='lat' dir='ltr'><strong>paupe-_</strong></span> 
     </span>
    </p>
   </div>
   <div class='ocr_carea' id='block_1_25' title="bbox 399 2515 1986 2587">
    <p class='ocr_par' dir='ltr' id='par_1_25' title="bbox 399 2515 1986 2587">
     <span class='ocr_line' id='line_1_25' title="bbox 399 2515 1986 2587; baseline -0.001 -17"><span class='ocrx_word' id='word_1_178' title='bbox 399 2533 515 2571; x_wconf 87' lang='lat' dir='ltr'><strong>rum</strong></span> <span class='ocrx_word' id='word_1_179' title='bbox 557 2532 799 2570; x_wconf 87' lang='lat' dir='ltr'><strong><em>memores</em></strong></span> <span class='ocrx_word' id='word_1_180' title='bbox 851 2532 1090 2583; x_wconf 76' lang='lat' dir='ltr'><strong>essemus,</strong></span> <span class='ocrx_word' id='word_1_181' title='bbox 1126 2515 1439 2586; x_wconf 77' lang='lat' dir='ltr'><strong>quodetiam</strong></span> <span class='ocrx_word' id='word_1_182' title='bbox 1481 2515 1729 2574; x_wconf 77' lang='lat' dir='ltr'><strong>sollicitus</strong></span> <span class='ocrx_word' id='word_1_183' title='bbox 1776 2515 1854 2587; x_wconf 81' lang='lat' dir='ltr'><strong>fui</strong></span> <span class='ocrx_word' id='word_1_184' title='bbox 1891 2516 1986 2569; x_wconf 82' lang='lat' dir='ltr'><strong>hoc</strong></span> 
     </span>
    </p>
   </div>
   <div class='ocr_carea' id='block_1_26' title="bbox 403 2606 1986 2679">
    <p class='ocr_par' dir='ltr' id='par_1_26' title="bbox 403 2606 1986 2679">
     <span class='ocr_line' id='line_1_26' title="bbox 403 2606 1986 2679; baseline 0.001 -20"><span class='ocrx_word' id='word_1_185' title='bbox 403 2607 570 2673; x_wconf 85' lang='lat' dir='ltr'><strong>ipsum</strong></span> <span class='ocrx_word' id='word_1_186' title='bbox 609 2611 793 2679; x_wconf 77' lang='lat' dir='ltr'><strong>facere.</strong></span> <span class='ocrx_word' id='word_1_187' title='bbox 828 2606 1056 2676; x_wconf 84' lang='lat' dir='ltr'><strong>Quinam</strong></span> <span class='ocrx_word' id='word_1_188' title='bbox 1105 2622 1236 2678; x_wconf 87' lang='lat' dir='ltr'><strong>ergo</strong></span> <span class='ocrx_word' id='word_1_189' title='bbox 1281 2616 1407 2662; x_wconf 92' lang='lat' dir='ltr'><strong>sunt</strong></span> <span class='ocrx_word' id='word_1_190' title='bbox 1446 2607 1542 2672; x_wconf 89' lang='lat' dir='ltr'><strong>illi,</strong></span> <span class='ocrx_word' id='word_1_191' title='bbox 1571 2607 1640 2663; x_wconf 87' lang='lat' dir='ltr'><strong>de</strong></span> <span class='ocrx_word' id='word_1_192' title='bbox 1663 2607 1856 2678; x_wconf 83' lang='lat' dir='ltr'><strong>quibus</strong></span> <span class='ocrx_word' id='word_1_193' title='bbox 1901 2607 1986 2661; x_wconf 87' lang='lat' dir='ltr'><strong>hic</strong></span> 
     </span>
    </p>
   </div>
   <div class='ocr_carea' id='block_1_27' title="bbox 402 2697 1987 2771">
    <p class='ocr_par' dir='ltr' id='par_1_27' title="bbox 402 2697 1987 2771">
     <span class='ocr_line' id='line_1_27' title="bbox 402 2697 1987 2771; baseline 0.002 -19"><span class='ocrx_word' id='word_1_194' title='bbox 402 2701 652 2768; x_wconf 86' lang='lat' dir='ltr'><strong>loquitur,</strong></span> <span class='ocrx_word' id='word_1_195' title='bbox 675 2715 885 2754; x_wconf 90' lang='lat' dir='ltr'><strong>necnon</strong></span> <span class='ocrx_word' id='word_1_196' title='bbox 931 2701 984 2754; x_wconf 92' lang='lat' dir='ltr'><strong>in</strong></span> <span class='ocrx_word' id='word_1_197' title='bbox 1007 2699 1230 2770; x_wconf 86' lang='lat' dir='ltr'><strong>epistola</strong></span> <span class='ocrx_word' id='word_1_198' title='bbox 1257 2697 1324 2753; x_wconf 88' lang='lat' dir='ltr'><strong>ad</strong></span> <span class='ocrx_word' id='word_1_199' title='bbox 1369 2699 1662 2768; x_wconf 81' lang='lat' dir='ltr'><strong>Romanos,</strong></span> <span class='ocrx_word' id='word_1_200' title='bbox 1702 2707 1756 2754; x_wconf 91' lang='lat' dir='ltr'><strong>et</strong></span> <span class='ocrx_word' id='word_1_201' title='bbox 1786 2700 1838 2754; x_wconf 89' lang='lat' dir='ltr'><strong>in</strong></span> <span class='ocrx_word' id='word_1_202' title='bbox 1873 2700 1987 2771; x_wconf 81' lang='lat' dir='ltr'><strong>epi-</strong></span> 
     </span>
    </p>
   </div>
   <div class='ocr_carea' id='block_1_28' title="bbox 398 2788 2000 2862">
    <p class='ocr_par' dir='ltr' id='par_1_28' title="bbox 398 2788 2000 2862">
     <span class='ocr_line' id='line_1_28' title="bbox 398 2788 2000 2862; baseline 0.002 -16"><span class='ocrx_word' id='word_1_203' title='bbox 398 2792 532 2846; x_wconf 88' lang='lat' dir='ltr'><strong>stola</strong></span> <span class='ocrx_word' id='word_1_204' title='bbox 562 2789 629 2844; x_wconf 90' lang='lat' dir='ltr'><strong>ad</strong></span> <span class='ocrx_word' id='word_1_205' title='bbox 658 2789 872 2846; x_wconf 82' lang='lat' dir='ltr'><strong>Galatas</strong></span> <span class='ocrx_word' id='word_1_206' title='bbox 893 2831 908 2856; x_wconf 94' lang='lat'><strong>,</strong></span> <span class='ocrx_word' id='word_1_207' title='bbox 947 2805 1044 2862; x_wconf 90' lang='lat' dir='ltr'><strong>pro</strong></span> <span class='ocrx_word' id='word_1_208' title='bbox 1070 2791 1264 2861; x_wconf 84' lang='lat' dir='ltr'><strong>quibus</strong></span> <span class='ocrx_word' id='word_1_209' title='bbox 1288 2790 1448 2844; x_wconf 90' lang='lat' dir='ltr'><strong>etiam</strong></span> <span class='ocrx_word' id='word_1_210' title='bbox 1499 2788 1814 2845; x_wconf 87' lang='lat' dir='ltr'><strong>Maccdonas</strong></span> <span class='ocrx_word' id='word_1_211' title='bbox 1859 2788 2000 2849; x_wconf 82' lang='lat' dir='ltr'><strong>hor-_</strong></span> 
     </span>
    </p>
   </div>
   <div class='ocr_carea' id='block_1_29' title="bbox 399 2880 1986 2955">
    <p class='ocr_par' dir='ltr' id='par_1_29' title="bbox 399 2880 1986 2955">
     <span class='ocr_line' id='line_1_29' title="bbox 399 2880 1986 2955; baseline 0.001 -20"><span class='ocrx_word' id='word_1_212' title='bbox 399 2882 576 2937; x_wconf 82' lang='lat' dir='ltr'><strong>tatur?</strong></span> <span class='ocrx_word' id='word_1_213' title='bbox 618 2883 924 2938; x_wconf 78' lang='lat' dir='ltr'><strong>Judmorum</strong></span> <span class='ocrx_word' id='word_1_214' title='bbox 979 2897 1261 2952; x_wconf 79' lang='lat' dir='ltr'><strong>pauperes,</strong></span> <span class='ocrx_word' id='word_1_215' title='bbox 1293 2883 1383 2952; x_wconf 88' lang='lat' dir='ltr'><strong>qui</strong></span> <span class='ocrx_word' id='word_1_216' title='bbox 1425 2880 1780 2955; x_wconf 72' lang='lat' dir='ltr'><strong>Jerosolymis</strong></span> <span class='ocrx_word' id='word_1_217' title='bbox 1822 2882 1986 2952; x_wconf 80' lang='lat' dir='ltr'><strong>dege-</strong></span> 
     </span>
    </p>
   </div>
   <div class='ocr_carea' id='block_1_30' title="bbox 401 2973 2004 3036">
    <p class='ocr_par' dir='ltr' id='par_1_30' title="bbox 401 2973 2004 3036">
     <span class='ocr_line' id='line_1_30' title="bbox 401 2973 2004 3036; baseline 0.002 -9"><span class='ocrx_word' id='word_1_218' title='bbox 401 2975 546 3028; x_wconf 87' lang='lat' dir='ltr'><strong>bant.</strong></span> <span class='ocrx_word' id='word_1_219' title='bbox 578 2973 648 3027; x_wconf 88' lang='lat' dir='ltr'><strong>Et</strong></span> <span class='ocrx_word' id='word_1_220' title='bbox 675 2989 770 3029; x_wconf 90' lang='lat' dir='ltr'><strong>cur</strong></span> <span class='ocrx_word' id='word_1_221' title='bbox 797 2984 997 3036; x_wconf 87' lang='lat' dir='ltr'><strong>tantam</strong></span> <span class='ocrx_word' id='word_1_222' title='bbox 1025 2989 1211 3028; x_wconf 90' lang='lat' dir='ltr'><strong>eorum</strong></span> <span class='ocrx_word' id='word_1_223' title='bbox 1256 2989 1442 3029; x_wconf 90' lang='lat' dir='ltr'><strong>curam</strong></span> <span class='ocrx_word' id='word_1_224' title='bbox 1483 2973 1679 3028; x_wconf 82' lang='lat' dir='ltr'><strong>habet?</strong></span> <span class='ocrx_word' id='word_1_225' title='bbox 1707 2975 1900 3028; x_wconf 86' lang='lat' dir='ltr'><strong>Annon</strong></span> <span class='ocrx_word' id='word_1_226' title='bbox 1931 2974 2004 3032; x_wconf 86' lang='lat' dir='ltr'><strong>in.</strong></span> 
     </span>
    </p>
   </div>
   <div class='ocr_carea' id='block_1_31' title="bbox 404 3065 1985 3137">
    <p class='ocr_par' dir='ltr' id='par_1_31' title="bbox 404 3065 1985 3137">
     <span class='ocr_line' id='line_1_31' title="bbox 404 3065 1985 3137; baseline 0.002 -17"><span class='ocrx_word' id='word_1_227' title='bbox 404 3067 627 3137; x_wconf 83' lang='lat' dir='ltr'><strong>singulis</strong></span> <span class='ocrx_word' id='word_1_228' title='bbox 663 3067 968 3122; x_wconf 78' lang='lat' dir='ltr'><strong>civitatibus</strong></span> <span class='ocrx_word' id='word_1_229' title='bbox 995 3081 1258 3137; x_wconf 85' lang='lat' dir='ltr'><strong>pauperes</strong></span> <span class='ocrx_word' id='word_1_230' title='bbox 1293 3075 1349 3122; x_wconf 90' lang='lat' dir='ltr'><strong>et</strong></span> <span class='ocrx_word' id='word_1_231' title='bbox 1391 3067 1624 3123; x_wconf 85' lang='lat' dir='ltr'><strong>mendici</strong></span> <span class='ocrx_word' id='word_1_232' title='bbox 1661 3066 1850 3122; x_wconf 89' lang='lat' dir='ltr'><strong>erant?</strong></span> <span class='ocrx_word' id='word_1_233' title='bbox 1877 3065 1985 3123; x_wconf 89' lang='lat' dir='ltr'><strong>Cur</strong></span> 
     </span>
    </p>
   </div>
   <div class='ocr_carea' id='block_1_32' title="bbox 395 3157 1984 3231">
    <p class='ocr_par' dir='ltr' id='par_1_32' title="bbox 395 3157 1984 3231">
     <span class='ocr_line' id='line_1_32' title="bbox 395 3157 1984 3231; baseline 0.003 -20"><span class='ocrx_word' id='word_1_234' title='bbox 395 3158 462 3212; x_wconf 88' lang='lat' dir='ltr'><strong>ad</strong></span> <span class='ocrx_word' id='word_1_235' title='bbox 513 3157 634 3211; x_wconf 92' lang='lat' dir='ltr'><strong>illos</strong></span> <span class='ocrx_word' id='word_1_236' title='bbox 683 3158 881 3225; x_wconf 83' lang='lat' dir='ltr'><strong>mittit,</strong></span> <span class='ocrx_word' id='word_1_237' title='bbox 919 3167 974 3212; x_wconf 90' lang='lat' dir='ltr'><strong>et</strong></span> <span class='ocrx_word' id='word_1_238' title='bbox 999 3173 1097 3231; x_wconf 87' lang='lat' dir='ltr'><strong>pro</strong></span> <span class='ocrx_word' id='word_1_239' title='bbox 1136 3158 1214 3212; x_wconf 90' lang='lat' dir='ltr'><strong>eis</strong></span> <span class='ocrx_word' id='word_1_240' title='bbox 1252 3173 1440 3213; x_wconf 90' lang='lat' dir='ltr'><strong>omnes</strong></span> <span class='ocrx_word' id='word_1_241' title='bbox 1483 3159 1674 3230; x_wconf 88' lang='lat' dir='ltr'><strong>rogat?</strong></span> <span class='ocrx_word' id='word_1_242' title='bbox 1715 3157 1833 3214; x_wconf 89' lang='lat' dir='ltr'><strong>Non</strong></span> <span class='ocrx_word' id='word_1_243' title='bbox 1868 3159 1984 3215; x_wconf 91' lang='lat' dir='ltr'><strong>sine</strong></span> 
     </span>
    </p>
   </div>
   <div class='ocr_carea' id='block_1_33' title="bbox 396 3259 1982 3319">
    <p class='ocr_par' dir='ltr' id='par_1_33' title="bbox 396 3259 1982 3319">
     <span class='ocr_line' id='line_1_33' title="bbox 396 3259 1982 3319; baseline 0.001 -16"><span class='ocrx_word' id='word_1_244' title='bbox 396 3264 557 3303; x_wconf 74' lang='lat' dir='ltr'><strong>causa</strong></span> <span class='ocrx_word' id='word_1_245' title='bbox 593 3264 742 3314; x_wconf 88' lang='lat' dir='ltr'><strong>sane,</strong></span> <span class='ocrx_word' id='word_1_246' title='bbox 773 3264 873 3304; x_wconf 88' lang='lat' dir='ltr'><strong>nec</strong></span> <span class='ocrx_word' id='word_1_247' title='bbox 915 3259 1149 3312; x_wconf 89' lang='lat' dir='ltr'><strong>temere,</strong></span> <span class='ocrx_word' id='word_1_248' title='bbox 1178 3264 1354 3319; x_wconf 86' lang='lat' dir='ltr'><strong>neque</strong></span> <span class='ocrx_word' id='word_1_249' title='bbox 1401 3264 1470 3304; x_wconf 80' lang='lat' dir='ltr'><strong>ex</strong></span> <span class='ocrx_word' id='word_1_250' title='bbox 1496 3265 1848 3319; x_wconf 88' lang='lat' dir='ltr'><strong>personarum</strong></span> <span class='ocrx_word' id='word_1_251' title='bbox 1887 3265 1982 3304; x_wconf 91' lang='lat' dir='ltr'><strong>ac-</strong></span> 
     </span>
    </p>
   </div>
   <div class='ocr_carea' id='block_1_34' title="bbox 393 3340 1984 3412">
    <p class='ocr_par' dir='ltr' id='par_1_34' title="bbox 393 3340 1984 3412">
     <span class='ocr_line' id='line_1_34' title="bbox 393 3340 1984 3412; baseline 0.002 -17"><span class='ocrx_word' id='word_1_252' title='bbox 393 3341 669 3410; x_wconf 86' lang='lat' dir='ltr'><strong>ccplioue;</strong></span> <span class='ocrx_word' id='word_1_253' title='bbox 699 3341 793 3395; x_wconf 88' lang='lat' dir='ltr'><strong>sed</strong></span> <span class='ocrx_word' id='word_1_254' title='bbox 823 3341 1020 3395; x_wconf 88' lang='lat' dir='ltr'><strong>utiliter</strong></span> <span class='ocrx_word' id='word_1_255' title='bbox 1050 3351 1103 3394; x_wconf 90' lang='lat' dir='ltr'><strong>ct</strong></span> <span class='ocrx_word' id='word_1_256' title='bbox 1132 3340 1431 3396; x_wconf 91' lang='lat' dir='ltr'><strong>commode.</strong></span> <span class='ocrx_word' id='word_1_257' title='bbox 1463 3341 1598 3396; x_wconf 82' lang='lat' dir='ltr'><strong>Rem</strong></span> <span class='ocrx_word' id='word_1_258' title='bbox 1623 3351 1801 3396; x_wconf 90' lang='lat' dir='ltr'><strong>autem</strong></span> <span class='ocrx_word' id='word_1_259' title='bbox 1824 3343 1984 3412; x_wconf 91' lang='lat' dir='ltr'><strong>paulo</strong></span> 
     </span>
    </p>
   </div>
   <div class='ocr_carea' id='block_1_35' title="bbox 395 3431 1984 3501">
    <p class='ocr_par' dir='ltr' id='par_1_35' title="bbox 395 3431 1984 3501">
     <span class='ocr_line' id='line_1_35' title="bbox 395 3431 1984 3501; baseline 0.003 -17"><span class='ocrx_word' id='word_1_260' title='bbox 395 3431 555 3487; x_wconf 85' lang='lat' dir='ltr'><strong>altius</strong></span> <span class='ocrx_word' id='word_1_261' title='bbox 601 3442 846 3501; x_wconf 84' lang='lat' dir='ltr'><strong>repetere</strong></span> <span class='ocrx_word' id='word_1_262' title='bbox 875 3447 1096 3486; x_wconf 88' lang='lat' dir='ltr'><strong>necesse</strong></span> <span class='ocrx_word' id='word_1_263' title='bbox 1121 3440 1224 3486; x_wconf 91' lang='lat' dir='ltr'><strong>est.</strong></span> <span class='ocrx_word' id='word_1_264' title='bbox 1263 3431 1524 3500; x_wconf 87' lang='lat' dir='ltr'><strong>Quoniam</strong></span> <span class='ocrx_word' id='word_1_265' title='bbox 1561 3431 1867 3487; x_wconf 67' lang='lat' dir='ltr'><strong>Judzrorum</strong></span> <span class='ocrx_word' id='word_1_266' title='bbox 1897 3449 1984 3488; x_wconf 89' lang='lat' dir='ltr'><strong>res</strong></span> 
     </span>
    </p>
   </div>
   <div class='ocr_carea' id='block_1_36' title="bbox 393 3523 1981 3595">
    <p class='ocr_par' dir='ltr' id='par_1_36' title="bbox 393 3523 1981 3595">
     <span class='ocr_line' id='line_1_36' title="bbox 393 3523 1981 3595; baseline 0.001 -16"><span class='ocrx_word' id='word_1_267' title='bbox 393 3525 757 3588; x_wconf 84' lang='lat' dir='ltr'><strong>conciderant,</strong></span> <span class='ocrx_word' id='word_1_268' title='bbox 789 3534 846 3579; x_wconf 91' lang='lat' dir='ltr'><strong>et</strong></span> <span class='ocrx_word' id='word_1_269' title='bbox 873 3540 993 3578; x_wconf 90' lang='lat' dir='ltr'><strong>cum</strong></span> <span class='ocrx_word' id='word_1_270' title='bbox 1036 3523 1221 3578; x_wconf 82' lang='lat' dir='ltr'><strong>Jesum</strong></span> <span class='ocrx_word' id='word_1_271' title='bbox 1250 3524 1630 3595; x_wconf 80' lang='lat' dir='ltr'><strong>cruciﬁgerent</strong></span> <span class='ocrx_word' id='word_1_272' title='bbox 1652 3566 1668 3592; x_wconf 95' lang='lat'><strong>,</strong></span> <span class='ocrx_word' id='word_1_273' title='bbox 1703 3541 1885 3581; x_wconf 85' lang='lat' dir='ltr'><strong>vocem</strong></span> <span class='ocrx_word' id='word_1_274' title='bbox 1915 3526 1981 3580; x_wconf 93' lang='lat' dir='ltr'><strong>il-</strong></span> 
     </span>
    </p>
   </div>
   <div class='ocr_carea' id='block_1_37' title="bbox 398 3614 1996 3689">
    <p class='ocr_par' dir='ltr' id='par_1_37' title="bbox 398 3614 1996 3689">
     <span class='ocr_line' id='line_1_37' title="bbox 398 3614 1996 3689; baseline 0.003 -21"><span class='ocrx_word' id='word_1_275' title='bbox 398 3616 528 3683; x_wconf 88' lang='lat' dir='ltr'><strong>lam,</strong></span> <span class='ocrx_word' id='word_1_276' title='bbox 555 3614 676 3668; x_wconf 85' lang='lat' dir='ltr'><strong>Non</strong></span> <span class='ocrx_word' id='word_1_277' title='bbox 701 3615 941 3670; x_wconf 86' lang='lat' dir='ltr'><strong>habemus</strong></span> <span class='ocrx_word' id='word_1_278' title='bbox 956 3631 1131 3684; x_wconf 75' lang='lat' dir='ltr'><strong>regem</strong></span> <span class='ocrx_word' id='word_1_279' title='bbox 1157 3616 1255 3668; x_wconf 84' lang='lat' dir='ltr'><strong>nisi</strong></span> <span class='ocrx_word' id='word_1_280' title='bbox 1278 3614 1528 3677; x_wconf 76' lang='lat' dir='ltr'><strong>Ctesarem</strong></span> <span class='ocrx_word' id='word_1_281' title='bbox 1547 3615 1726 3686; x_wconf 82' lang='lat' dir='ltr'><strong>(Joan.</strong></span> <span class='ocrx_word' id='word_1_282' title='bbox 1755 3616 1842 3670; x_wconf 88' lang='grc'><strong>19.</strong></span> <span class='ocrx_word' id='word_1_283' title='bbox 1867 3617 1996 3689; x_wconf 52' lang='grc'><strong>15).</strong></span> 
     </span>
    </p>
   </div>
   <div class='ocr_carea' id='block_1_38' title="bbox 396 3704 1982 3770">
    <p class='ocr_par' dir='ltr' id='par_1_38' title="bbox 396 3704 1982 3770">
     <span class='ocr_line' id='line_1_38' title="bbox 396 3704 1982 3770; baseline 0.002 -11"><span class='ocrx_word' id='word_1_284' title='bbox 396 3715 582 3760; x_wconf 76' lang='lat' dir='ltr'><strong>contra</strong></span> <span class='ocrx_word' id='word_1_285' title='bbox 627 3720 687 3760; x_wconf 90' lang='lat' dir='ltr'><strong>se</strong></span> <span class='ocrx_word' id='word_1_286' title='bbox 732 3717 901 3759; x_wconf 87' lang='lat' dir='ltr'><strong>ratam</strong></span> <span class='ocrx_word' id='word_1_287' title='bbox 951 3704 1207 3770; x_wconf 82' lang='lat' dir='ltr'><strong>fecerant,</strong></span> <span class='ocrx_word' id='word_1_288' title='bbox 1256 3720 1319 3760; x_wconf 92' lang='lat' dir='ltr'><strong>ac</strong></span> <span class='ocrx_word' id='word_1_289' title='bbox 1351 3705 1568 3759; x_wconf 90' lang='lat' dir='ltr'><strong>demum</strong></span> <span class='ocrx_word' id='word_1_290' title='bbox 1622 3706 1982 3762; x_wconf 84' lang='lat' dir='ltr'><strong>Romanorum</strong></span> 
     </span>
    </p>
   </div>
   <div class='ocr_carea' id='block_1_39' title="bbox 395 3795 1980 3865">
    <p class='ocr_par' dir='ltr' id='par_1_39' title="bbox 395 3795 1980 3865">
     <span class='ocr_line' id='line_1_39' title="bbox 395 3795 1980 3865; baseline 0.001 -15"><span class='ocrx_word' id='word_1_291' title='bbox 395 3797 620 3865; x_wconf 82' lang='lat' dir='ltr'><strong>imperio</strong></span> <span class='ocrx_word' id='word_1_292' title='bbox 664 3795 862 3851; x_wconf 88' lang='lat' dir='ltr'><strong>subditi</strong></span> <span class='ocrx_word' id='word_1_293' title='bbox 901 3805 1090 3859; x_wconf 91' lang='lat' dir='ltr'><strong>erant,</strong></span> <span class='ocrx_word' id='word_1_294' title='bbox 1139 3810 1314 3864; x_wconf 88' lang='lat' dir='ltr'><strong>neque</strong></span> <span class='ocrx_word' id='word_1_295' title='bbox 1351 3795 1432 3850; x_wconf 90' lang='lat' dir='ltr'><strong>sui</strong></span> <span class='ocrx_word' id='word_1_296' title='bbox 1479 3795 1652 3865; x_wconf 83' lang='lat' dir='ltr'><strong>juris,</strong></span> <span class='ocrx_word' id='word_1_297' title='bbox 1703 3807 1761 3851; x_wconf 91' lang='lat' dir='ltr'><strong>ut</strong></span> <span class='ocrx_word' id='word_1_298' title='bbox 1805 3807 1980 3860; x_wconf 88' lang='lat' dir='ltr'><strong>antea.</strong></span> 
     </span>
    </p>
   </div>
   <div class='ocr_carea' id='block_1_40' title="bbox 395 3886 1985 3958">
    <p class='ocr_par' dir='ltr' id='par_1_40' title="bbox 395 3886 1985 3958">
     <span class='ocr_line' id='line_1_40' title="bbox 395 3886 1985 3958; baseline 0.001 -17"><span class='ocrx_word' id='word_1_299' title='bbox 395 3897 581 3953; x_wconf 85' lang='lat' dir='ltr'><strong>erant;</strong></span> <span class='ocrx_word' id='word_1_300' title='bbox 615 3903 788 3958; x_wconf 81' lang='lat' dir='ltr'><strong>neque</strong></span> <span class='ocrx_word' id='word_1_301' title='bbox 819 3901 1045 3957; x_wconf 84' lang='lat' dir='ltr'><strong>prorsus</strong></span> <span class='ocrx_word' id='word_1_302' title='bbox 1059 3888 1222 3952; x_wconf 82' lang='lat' dir='ltr'><strong>servi,</strong></span> <span class='ocrx_word' id='word_1_303' title='bbox 1249 3897 1303 3941; x_wconf 92' lang='lat' dir='ltr'><strong>ut</strong></span> <span class='ocrx_word' id='word_1_304' title='bbox 1326 3887 1436 3956; x_wconf 85' lang='lat' dir='ltr'><strong>jam</strong></span> <span class='ocrx_word' id='word_1_305' title='bbox 1461 3896 1608 3951; x_wconf 92' lang='lat' dir='ltr'><strong>sunt,</strong></span> <span class='ocrx_word' id='word_1_306' title='bbox 1633 3886 1729 3943; x_wconf 90' lang='lat' dir='ltr'><strong>sed</strong></span> <span class='ocrx_word' id='word_1_307' title='bbox 1756 3888 1809 3943; x_wconf 92' lang='lat' dir='ltr'><strong>in</strong></span> <span class='ocrx_word' id='word_1_308' title='bbox 1835 3903 1985 3944; x_wconf 88' lang='lat' dir='ltr'><strong>com-</strong></span> 
     </span>
    </p>
   </div>
   <div class='ocr_carea' id='block_1_41' title="bbox 397 3977 1992 4048">
    <p class='ocr_par' dir='ltr' id='par_1_41' title="bbox 397 3977 1992 4048">
     <span class='ocr_line' id='line_1_41' title="bbox 397 3977 1992 4048; baseline 0.001 -16"><span class='ocrx_word' id='word_1_309' title='bbox 397 3980 700 4033; x_wconf 85' lang='lat' dir='ltr'><strong>tuilitonutn</strong></span> <span class='ocrx_word' id='word_1_310' title='bbox 735 3979 926 4033; x_wconf 89' lang='lat' dir='ltr'><strong>ordine</strong></span> <span class='ocrx_word' id='word_1_311' title='bbox 974 3978 1280 4042; x_wconf 89' lang='lat' dir='ltr'><strong>constituti,</strong></span> <span class='ocrx_word' id='word_1_312' title='bbox 1327 3978 1526 4033; x_wconf 89' lang='lat' dir='ltr'><strong>tributa</strong></span> <span class='ocrx_word' id='word_1_313' title='bbox 1571 3977 1992 4048; x_wconf 84' lang='lat' dir='ltr'><strong>Imperatoribus</strong></span> 
     </span>
    </p>
   </div>
   <div class='ocr_carea' id='block_1_42' title="bbox 401 4068 1984 4142">
    <p class='ocr_par' dir='ltr' id='par_1_42' title="bbox 401 4068 1984 4142">
     <span class='ocr_line' id='line_1_42' title="bbox 401 4068 1984 4142; baseline -0.001 -19"><span class='ocrx_word' id='word_1_314' title='bbox 401 4071 743 4142; x_wconf 85' lang='lat' dir='ltr'><strong>pendebant,</strong></span> <span class='ocrx_word' id='word_1_315' title='bbox 775 4080 831 4124; x_wconf 90' lang='lat' dir='ltr'><strong>et</strong></span> <span class='ocrx_word' id='word_1_316' title='bbox 858 4079 1118 4139; x_wconf 73' lang='lat' dir='ltr'><strong>prmtores</strong></span> <span class='ocrx_word' id='word_1_317' title='bbox 1143 4068 1210 4122; x_wconf 91' lang='lat' dir='ltr'><strong>ab</strong></span> <span class='ocrx_word' id='word_1_318' title='bbox 1239 4069 1316 4122; x_wconf 89' lang='lat' dir='ltr'><strong>eis</strong></span> <span class='ocrx_word' id='word_1_319' title='bbox 1340 4068 1677 4138; x_wconf 88' lang='lat' dir='ltr'><strong>accipiebant</strong></span> <span class='ocrx_word' id='word_1_320' title='bbox 1703 4085 1718 4123; x_wconf 72' lang='grc' dir='ltr'>ε</span> <span class='ocrx_word' id='word_1_321' title='bbox 1750 4069 1984 4139; x_wconf 87' lang='lat' dir='ltr'><strong>plerum-</strong></span> 
     </span>
    </p>
   </div>
   <div class='ocr_carea' id='block_1_43' title="bbox 399 4160 1984 4234">
    <p class='ocr_par' dir='ltr' id='par_1_43' title="bbox 399 4160 1984 4234">
     <span class='ocr_line' id='line_1_43' title="bbox 399 4160 1984 4234; baseline 0 -17"><span class='ocrx_word' id='word_1_322' title='bbox 399 4178 504 4234; x_wconf 85' lang='lat' dir='ltr'><strong>que</strong></span> <span class='ocrx_word' id='word_1_323' title='bbox 529 4163 690 4220; x_wconf 90' lang='lat' dir='ltr'><strong>ctiam</strong></span> <span class='ocrx_word' id='word_1_324' title='bbox 718 4162 832 4216; x_wconf 91' lang='lat' dir='ltr'><strong>suis</strong></span> <span class='ocrx_word' id='word_1_325' title='bbox 862 4163 1156 4216; x_wconf 83' lang='lat' dir='ltr'><strong>utebantur</strong></span> <span class='ocrx_word' id='word_1_326' title='bbox 1178 4160 1402 4230; x_wconf 79' lang='lat' dir='ltr'><strong>legibus,</strong></span> <span class='ocrx_word' id='word_1_327' title='bbox 1431 4169 1486 4216; x_wconf 89' lang='lat' dir='ltr'><strong>et</strong></span> <span class='ocrx_word' id='word_1_328' title='bbox 1514 4176 1607 4216; x_wconf 91' lang='lat' dir='ltr'><strong>eos</strong></span> <span class='ocrx_word' id='word_1_329' title='bbox 1633 4161 1724 4231; x_wconf 86' lang='lat' dir='ltr'><strong>qui</strong></span> <span class='ocrx_word' id='word_1_330' title='bbox 1753 4161 1894 4232; x_wconf 90' lang='lat' dir='ltr'><strong>apud</strong></span> <span class='ocrx_word' id='word_1_331' title='bbox 1924 4176 1984 4217; x_wconf 87' lang='lat' dir='ltr'><strong>se</strong></span> 
     </span>
    </p>
   </div>
   <div class='ocr_carea' id='block_1_44' title="bbox 399 4253 1980 4326">
    <p class='ocr_par' dir='ltr' id='par_1_44' title="bbox 399 4253 1980 4326">
     <span class='ocr_line' id='line_1_44' title="bbox 399 4253 1980 4326; baseline -0.002 -15"><span class='ocrx_word' id='word_1_332' title='bbox 399 4257 807 4326; x_wconf 86' lang='lat' dir='ltr'><strong>delinquerent,</strong></span> <span class='ocrx_word' id='word_1_333' title='bbox 855 4253 1149 4308; x_wconf 86' lang='lat' dir='ltr'><strong>secundum</strong></span> <span class='ocrx_word' id='word_1_334' title='bbox 1193 4253 1361 4322; x_wconf 90' lang='lat' dir='ltr'><strong>patria</strong></span> <span class='ocrx_word' id='word_1_335' title='bbox 1411 4253 1605 4322; x_wconf 86' lang='lat' dir='ltr'><strong>placita</strong></span> <span class='ocrx_word' id='word_1_336' title='bbox 1659 4253 1980 4322; x_wconf 90' lang='lat' dir='ltr'><strong>plectebant.</strong></span> 
     </span>
    </p>
   </div>
   <div class='ocr_carea' id='block_1_45' title="bbox 398 4345 1984 4418">
    <p class='ocr_par' dir='ltr' id='par_1_45' title="bbox 398 4345 1984 4418">
     <span class='ocr_line' id='line_1_45' title="bbox 398 4345 1984 4418; baseline -0.003 -14"><span class='ocrx_word' id='word_1_337' title='bbox 398 4348 552 4418; x_wconf 89' lang='lat' dir='ltr'><strong>Quod</strong></span> <span class='ocrx_word' id='word_1_338' title='bbox 587 4356 765 4402; x_wconf 89' lang='lat' dir='ltr'><strong>autem</strong></span> <span class='ocrx_word' id='word_1_339' title='bbox 797 4347 994 4401; x_wconf 88' lang='lat' dir='ltr'><strong>tributa</strong></span> <span class='ocrx_word' id='word_1_340' title='bbox 1035 4345 1621 4416; x_wconf 76' lang='lat' dir='ltr'><strong>Romanispendercnt</strong></span> <span class='ocrx_word' id='word_1_341' title='bbox 1657 4346 1828 4416; x_wconf 85' lang='lat' dir='ltr'><strong>palam</strong></span> <span class='ocrx_word' id='word_1_342' title='bbox 1859 4345 1984 4401; x_wconf 86' lang='lat' dir='ltr'><strong>hinc</strong></span> 
     </span>
    </p>
   </div>
   <div class='ocr_carea' id='block_1_46' title="bbox 398 4438 1980 4512">
    <p class='ocr_par' dir='ltr' id='par_1_46' title="bbox 398 4438 1980 4512">
     <span class='ocr_line' id='line_1_46' title="bbox 398 4438 1980 4512; baseline -0.002 -14"><span class='ocrx_word' id='word_1_343' title='bbox 398 4455 502 4509; x_wconf 87' lang='lat' dir='ltr'><strong>est,</strong></span> <span class='ocrx_word' id='word_1_344' title='bbox 547 4441 690 4512; x_wconf 91' lang='lat' dir='ltr'><strong>quod</strong></span> <span class='ocrx_word' id='word_1_345' title='bbox 731 4439 913 4495; x_wconf 89' lang='lat' dir='ltr'><strong>Jesum</strong></span> <span class='ocrx_word' id='word_1_346' title='bbox 943 4447 1215 4494; x_wconf 88' lang='lat' dir='ltr'><strong>tentantes</strong></span> <span class='ocrx_word' id='word_1_347' title='bbox 1249 4439 1674 4509; x_wconf 84' lang='lat' dir='ltr'><strong>interrogarent,</strong></span> <span class='ocrx_word' id='word_1_348' title='bbox 1703 4438 1980 4512; x_wconf 81' lang='lat' dir='ltr'><strong>Magister,</strong></span> 
     </span>
    </p>
   </div>
   <div class='ocr_carea' id='block_1_47' title="bbox 398 4528 1984 4602">
    <p class='ocr_par' dir='ltr' id='par_1_47' title="bbox 398 4528 1984 4602">
     <span class='ocr_line' id='line_1_47' title="bbox 398 4528 1984 4602; baseline -0.001 -14"><span class='ocrx_word' id='word_1_349' title='bbox 398 4536 574 4589; x_wconf 80' lang='lat' dir='ltr'><strong>licetne</strong></span> <span class='ocrx_word' id='word_1_350' title='bbox 611 4533 734 4586; x_wconf 84' lang='lat' dir='ltr'><strong>dare</strong></span> <span class='ocrx_word' id='word_1_351' title='bbox 765 4548 969 4585; x_wconf 89' lang='lat' dir='ltr'><strong>censum</strong></span> <span class='ocrx_word' id='word_1_352' title='bbox 997 4530 1208 4596; x_wconf 66' lang='lat' dir='ltr'><strong>Censori,</strong></span> <span class='ocrx_word' id='word_1_353' title='bbox 1256 4546 1428 4584; x_wconf 89' lang='lat' dir='ltr'><strong>annon</strong></span> <span class='ocrx_word' id='word_1_354' title='bbox 1475 4529 1688 4602; x_wconf 77' lang='lat' dir='ltr'><strong>(Matth.</strong></span> <span class='ocrx_word' id='word_1_355' title='bbox 1716 4528 1808 4584; x_wconf 71' lang='lat'><strong>22.</strong></span> <span class='ocrx_word' id='word_1_356' title='bbox 1858 4531 1984 4602; x_wconf 73' lang='lat' dir='ltr'><strong>i7)?</strong></span> 
     </span>
    </p>
   </div>
   <div class='ocr_carea' id='block_1_48' title="bbox 397 4620 1984 4695">
    <p class='ocr_par' dir='ltr' id='par_1_48' title="bbox 397 4620 1984 4695">
     <span class='ocr_line' id='line_1_48' title="bbox 397 4620 1984 4695; baseline -0.003 -15"><span class='ocrx_word' id='word_1_357' title='bbox 397 4636 449 4680; x_wconf 89' lang='lat' dir='ltr'><strong>at</strong></span> <span class='ocrx_word' id='word_1_358' title='bbox 475 4628 588 4695; x_wconf 88' lang='lat' dir='ltr'><strong>ipse</strong></span> <span class='ocrx_word' id='word_1_359' title='bbox 619 4623 783 4694; x_wconf 86' lang='lat' dir='ltr'><strong>jussis</strong></span> <span class='ocrx_word' id='word_1_360' title='bbox 813 4621 1104 4677; x_wconf 86' lang='lat' dir='ltr'><strong>ostendere</strong></span> <span class='ocrx_word' id='word_1_361' title='bbox 1133 4623 1400 4682; x_wconf 85' lang='lat' dir='ltr'><strong>nomisma</strong></span> <span class='ocrx_word' id='word_1_362' title='bbox 1428 4621 1601 4679; x_wconf 77' lang='lat' dir='ltr'><strong>dixit:</strong></span> <span class='ocrx_word' id='word_1_363' title='bbox 1631 4620 1848 4676; x_wconf 85' lang='lat' dir='ltr'><strong>Reddite</strong></span> <span class='ocrx_word' id='word_1_364' title='bbox 1871 4639 1984 4691; x_wconf 80' lang='lat' dir='ltr'><strong>qua:</strong></span> 
     </span>
    </p>
   </div>
   <div class='ocr_carea' id='block_1_49' title="bbox 398 4712 1980 4788">
    <p class='ocr_par' dir='ltr' id='par_1_49' title="bbox 398 4712 1980 4788">
     <span class='ocr_line' id='line_1_49' title="bbox 398 4712 1980 4788; baseline -0.003 -14"><span class='ocrx_word' id='word_1_365' title='bbox 398 4731 514 4775; x_wconf 85' lang='lat' dir='ltr'><strong>sunt</strong></span> <span class='ocrx_word' id='word_1_366' title='bbox 538 4719 754 4775; x_wconf 75' lang='lat' dir='ltr'><strong>Cmsaris</strong></span> <span class='ocrx_word' id='word_1_367' title='bbox 779 4717 991 4784; x_wconf 78' lang='lat' dir='ltr'><strong>Ctesari,</strong></span> <span class='ocrx_word' id='word_1_368' title='bbox 1019 4727 1066 4771; x_wconf 90' lang='lat' dir='ltr'><strong>et</strong></span> <span class='ocrx_word' id='word_1_369' title='bbox 1088 4732 1201 4788; x_wconf 70' lang='lat' dir='ltr'><strong>qum</strong></span> <span class='ocrx_word' id='word_1_370' title='bbox 1231 4725 1348 4775; x_wconf 82' lang='lat' dir='ltr'><strong>sunt</strong></span> <span class='ocrx_word' id='word_1_371' title='bbox 1374 4714 1473 4769; x_wconf 85' lang='lat' dir='ltr'><strong>Dei</strong></span> <span class='ocrx_word' id='word_1_372' title='bbox 1498 4713 1608 4769; x_wconf 88' lang='lat' dir='ltr'><strong>Deo</strong></span> <span class='ocrx_word' id='word_1_373' title='bbox 1631 4712 1738 4785; x_wconf 83' lang='lat' dir='ltr'><strong>(Ib.</strong></span> <span class='ocrx_word' id='word_1_374' title='bbox 1779 4732 1824 4769; x_wconf 81' lang='grc' dir='ltr'><strong>υ.</strong></span> <span class='ocrx_word' id='word_1_375' title='bbox 1850 4715 1980 4786; x_wconf 74' lang='lat' dir='ltr'><strong>2i);</strong></span> 
     </span>
    </p>
   </div>
   <div class='ocr_carea' id='block_1_50' title="bbox 396 4809 1976 4880">
    <p class='ocr_par' dir='ltr' id='par_1_50' title="bbox 396 4809 1976 4880">
     <span class='ocr_line' id='line_1_50' title="bbox 396 4809 1976 4880; baseline -0.003 -10"><span class='ocrx_word' id='word_1_376' title='bbox 396 4815 568 4870; x_wconf 86' lang='lat' dir='ltr'><strong>Lucas</strong></span> <span class='ocrx_word' id='word_1_377' title='bbox 587 4829 717 4869; x_wconf 89' lang='lat' dir='ltr'><strong>vero</strong></span> <span class='ocrx_word' id='word_1_378' title='bbox 741 4811 892 4880; x_wconf 89' lang='lat' dir='ltr'><strong>dicit,</strong></span> <span class='ocrx_word' id='word_1_379' title='bbox 917 4821 972 4868; x_wconf 90' lang='lat' dir='ltr'><strong>ct</strong></span> <span class='ocrx_word' id='word_1_380' title='bbox 999 4811 1198 4866; x_wconf 89' lang='lat' dir='ltr'><strong>milites</strong></span> <span class='ocrx_word' id='word_1_381' title='bbox 1217 4818 1273 4866; x_wconf 89' lang='lat' dir='ltr'><strong>et</strong></span> <span class='ocrx_word' id='word_1_382' title='bbox 1300 4810 1542 4865; x_wconf 90' lang='lat' dir='ltr'><strong>tribunos</strong></span> <span class='ocrx_word' id='word_1_383' title='bbox 1566 4809 1816 4866; x_wconf 86' lang='lat' dir='ltr'><strong>habuisse</strong></span> <span class='ocrx_word' id='word_1_384' title='bbox 1841 4818 1976 4866; x_wconf 87' lang='lat' dir='ltr'><strong>tem-</strong></span> 
     </span>
    </p>
   </div>
   <div class='ocr_carea' id='block_1_51' title="bbox 399 4902 1984 4978">
    <p class='ocr_par' dir='ltr' id='par_1_51' title="bbox 399 4902 1984 4978">
     <span class='ocr_line' id='line_1_51' title="bbox 399 4902 1984 4978; baseline -0.004 -15"><span class='ocrx_word' id='word_1_385' title='bbox 399 4907 542 4977; x_wconf 88' lang='lat' dir='ltr'><strong>plum</strong></span> <span class='ocrx_word' id='word_1_386' title='bbox 572 4905 722 4978; x_wconf 85' lang='lat' dir='ltr'><strong>(Luc.</strong></span> <span class='ocrx_word' id='word_1_387' title='bbox 749 4906 843 4961; x_wconf 72' lang='lat'><strong>29..</strong></span> <span class='ocrx_word' id='word_1_388' title='bbox 887 4905 1001 4975; x_wconf 76' lang='lat'><strong>59.).</strong></span> <span class='ocrx_word' id='word_1_389' title='bbox 1031 4903 1163 4973; x_wconf 75' lang='lat' dir='ltr'><strong>Qum</strong></span> <span class='ocrx_word' id='word_1_390' title='bbox 1189 4915 1504 4974; x_wconf 87' lang='lat' dir='ltr'><strong>argumenta</strong></span> <span class='ocrx_word' id='word_1_391' title='bbox 1539 4920 1644 4958; x_wconf 88' lang='lat' dir='ltr'><strong>non</strong></span> <span class='ocrx_word' id='word_1_392' title='bbox 1685 4902 1824 4958; x_wconf 85' lang='lat' dir='ltr'><strong>levia</strong></span> <span class='ocrx_word' id='word_1_393' title='bbox 1858 4912 1984 4957; x_wconf 90' lang='lat' dir='ltr'><strong>sunt</strong></span> 
     </span>
    </p>
   </div>
   <div class='ocr_carea' id='block_1_52' title="bbox 399 4994 1984 5065">
    <p class='ocr_par' dir='ltr' id='par_1_52' title="bbox 399 4994 1984 5065">
     <span class='ocr_line' id='line_1_52' title="bbox 399 4994 1984 5065; baseline 0 -11"><span class='ocrx_word' id='word_1_394' title='bbox 399 5003 564 5057; x_wconf 82' lang='lat' dir='ltr'><strong>fuisse</strong></span> <span class='ocrx_word' id='word_1_395' title='bbox 605 4999 819 5056; x_wconf 84' lang='lat' dir='ltr'><strong>Judaeos</strong></span> <span class='ocrx_word' id='word_1_396' title='bbox 844 4997 1106 5052; x_wconf 81' lang='lat' dir='ltr'><strong>Romanis</strong></span> <span class='ocrx_word' id='word_1_397' title='bbox 1151 4995 1393 5050; x_wconf 88' lang='lat' dir='ltr'><strong>subditos</strong></span> <span class='ocrx_word' id='word_1_398' title='bbox 1425 5011 1441 5049; x_wconf 95' lang='lat'><strong>:</strong></span> <span class='ocrx_word' id='word_1_399' title='bbox 1472 4994 1615 5065; x_wconf 92' lang='lat' dir='ltr'><strong>quod</strong></span> <span class='ocrx_word' id='word_1_400' title='bbox 1655 5005 1833 5051; x_wconf 88' lang='lat' dir='ltr'><strong>autem</strong></span> <span class='ocrx_word' id='word_1_401' title='bbox 1863 5010 1984 5064; x_wconf 66' lang='lat' dir='ltr'><strong>pro:</strong></span> 
     </span>
    </p>
   </div>
   <div class='ocr_carea' id='block_1_53' title="bbox 395 5085 1982 5162">
    <p class='ocr_par' dir='ltr' id='par_1_53' title="bbox 395 5085 1982 5162">
     <span class='ocr_line' id='line_1_53' title="bbox 395 5085 1982 5162; baseline -0.001 -19"><span class='ocrx_word' id='word_1_402' title='bbox 395 5092 525 5162; x_wconf 89' lang='lat' dir='ltr'><strong>priis</strong></span> <span class='ocrx_word' id='word_1_403' title='bbox 572 5099 850 5144; x_wconf 87' lang='lat' dir='ltr'><strong>uterentur</strong></span> <span class='ocrx_word' id='word_1_404' title='bbox 899 5088 1108 5158; x_wconf 81' lang='lat' dir='ltr'><strong>legibus</strong></span> <span class='ocrx_word' id='word_1_405' title='bbox 1159 5085 1284 5141; x_wconf 91' lang='lat' dir='ltr'><strong>hinc</strong></span> <span class='ocrx_word' id='word_1_406' title='bbox 1320 5086 1498 5156; x_wconf 84' lang='lat' dir='ltr'><strong>palam</strong></span> <span class='ocrx_word' id='word_1_407' title='bbox 1535 5095 1640 5151; x_wconf 91' lang='lat' dir='ltr'><strong>est,</strong></span> <span class='ocrx_word' id='word_1_408' title='bbox 1685 5085 1829 5156; x_wconf 89' lang='lat' dir='ltr'><strong>quod</strong></span> <span class='ocrx_word' id='word_1_409' title='bbox 1866 5086 1982 5142; x_wconf 80' lang='lat' dir='ltr'><strong>Ste-</strong></span> 
     </span>
    </p>
   </div>
   <div class='ocr_carea' id='block_1_54' title="bbox 400 5177 1981 5254">
    <p class='ocr_par' dir='ltr' id='par_1_54' title="bbox 400 5177 1981 5254">
     <span class='ocr_line' id='line_1_54' title="bbox 400 5177 1981 5254; baseline -0.004 -17"><span class='ocrx_word' id='word_1_410' title='bbox 400 5183 636 5254; x_wconf 71' lang='lat' dir='ltr'><strong>pilanum</strong></span> <span class='ocrx_word' id='word_1_411' title='bbox 665 5180 951 5251; x_wconf 89' lang='lat' dir='ltr'><strong>lapidarint</strong></span> <span class='ocrx_word' id='word_1_412' title='bbox 980 5196 1080 5235; x_wconf 90' lang='lat' dir='ltr'><strong>nec</strong></span> <span class='ocrx_word' id='word_1_413' title='bbox 1100 5179 1168 5234; x_wconf 91' lang='lat' dir='ltr'><strong>ad</strong></span> <span class='ocrx_word' id='word_1_414' title='bbox 1196 5178 1430 5235; x_wconf 89' lang='lat' dir='ltr'><strong>tribunal</strong></span> <span class='ocrx_word' id='word_1_415' title='bbox 1453 5177 1696 5242; x_wconf 89' lang='lat' dir='ltr'><strong>ductum,</strong></span> <span class='ocrx_word' id='word_1_416' title='bbox 1725 5177 1981 5234; x_wconf 85' lang='lat' dir='ltr'><strong>Jacobum</strong></span> 
     </span>
    </p>
   </div>
   <div class='ocr_carea' id='block_1_55' title="bbox 399 5268 1985 5338">
    <p class='ocr_par' dir='ltr' id='par_1_55' title="bbox 399 5268 1985 5338">
     <span class='ocr_line' id='line_1_55' title="bbox 399 5268 1985 5338; baseline -0.003 -12"><span class='ocrx_word' id='word_1_417' title='bbox 399 5277 618 5330; x_wconf 76' lang='lat' dir='ltr'><strong>fratrem</strong></span> <span class='ocrx_word' id='word_1_418' title='bbox 645 5271 860 5327; x_wconf 89' lang='lat' dir='ltr'><strong>Domini</strong></span> <span class='ocrx_word' id='word_1_419' title='bbox 886 5269 1279 5337; x_wconf 82' lang='lat' dir='ltr'><strong>interfecerint,</strong></span> <span class='ocrx_word' id='word_1_420' title='bbox 1309 5268 1582 5324; x_wconf 87' lang='lat' dir='ltr'><strong>Christum</strong></span> <span class='ocrx_word' id='word_1_421' title='bbox 1611 5269 1786 5338; x_wconf 93' lang='lat' dir='ltr'><strong>ipsum</strong></span> <span class='ocrx_word' id='word_1_422' title='bbox 1813 5269 1985 5322; x_wconf 80' lang='lat' dir='ltr'><strong>cruci-</strong></span> 
     </span>
    </p>
   </div>
   <div class='ocr_carea' id='block_1_56' title="bbox 401 5359 1986 5430">
    <p class='ocr_par' dir='ltr' id='par_1_56' title="bbox 401 5359 1986 5430">
     <span class='ocr_line' id='line_1_56' title="bbox 401 5359 1986 5430; baseline -0.004 -12"><span class='ocrx_word' id='word_1_423' title='bbox 401 5367 636 5429; x_wconf 79' lang='lat' dir='ltr'><strong>tixerint,</strong></span> <span class='ocrx_word' id='word_1_424' title='bbox 670 5361 885 5418; x_wconf 91' lang='lat' dir='ltr'><strong>etiamsi</strong></span> <span class='ocrx_word' id='word_1_425' title='bbox 915 5360 1082 5430; x_wconf 83' lang='lat' dir='ltr'><strong>judex</strong></span> <span class='ocrx_word' id='word_1_426' title='bbox 1123 5359 1467 5423; x_wconf 88' lang='lat' dir='ltr'><strong>concederet,</strong></span> <span class='ocrx_word' id='word_1_427' title='bbox 1496 5369 1556 5414; x_wconf 90' lang='lat' dir='ltr'><strong>ut</strong></span> <span class='ocrx_word' id='word_1_428' title='bbox 1580 5359 1725 5413; x_wconf 90' lang='lat' dir='ltr'><strong>omni</strong></span> <span class='ocrx_word' id='word_1_429' title='bbox 1765 5359 1986 5414; x_wconf 88' lang='lat' dir='ltr'><strong>crimine</strong></span> 
     </span>
    </p>
   </div>
   <div class='ocr_carea' id='block_1_57' title="bbox 400 5449 1987 5523">
    <p class='ocr_par' dir='ltr' id='par_1_57' title="bbox 400 5449 1987 5523">
     <span class='ocr_line' id='line_1_57' title="bbox 400 5449 1987 5523; baseline -0.006 -12"><span class='ocrx_word' id='word_1_430' title='bbox 400 5458 533 5513; x_wconf 89' lang='lat' dir='ltr'><strong>liber</strong></span> <span class='ocrx_word' id='word_1_431' title='bbox 556 5457 752 5512; x_wconf 87' lang='lat' dir='ltr'><strong>abiret.</strong></span> <span class='ocrx_word' id='word_1_432' title='bbox 795 5452 1134 5523; x_wconf 86' lang='lat' dir='ltr'><strong>Quapropter</strong></span> <span class='ocrx_word' id='word_1_433' title='bbox 1177 5468 1370 5507; x_wconf 92' lang='lat' dir='ltr'><strong>manus</strong></span> <span class='ocrx_word' id='word_1_434' title='bbox 1409 5453 1540 5506; x_wconf 89' lang='lat' dir='ltr'><strong>lavit</strong></span> <span class='ocrx_word' id='word_1_435' title='bbox 1563 5451 1750 5507; x_wconf 88' lang='lat' dir='ltr'><strong>dicens</strong></span> <span class='ocrx_word' id='word_1_436' title='bbox 1784 5469 1796 5504; x_wconf 96' lang='lat'><strong>:</strong></span> <span class='ocrx_word' id='word_1_437' title='bbox 1826 5449 1987 5505; x_wconf 80' lang='lat' dir='ltr'><strong>Innu-</strong></span> 
     </span>
    </p>
   </div>
   <div class='ocr_carea' id='block_1_58' title="bbox 399 5543 1983 5618">
    <p class='ocr_par' dir='ltr' id='par_1_58' title="bbox 399 5543 1983 5618">
     <span class='ocr_line' id='line_1_58' title="bbox 399 5543 1983 5618; baseline -0.005 -14"><span class='ocrx_word' id='word_1_438' title='bbox 399 5569 511 5606; x_wconf 85' lang='lat' dir='ltr'><strong>cens</strong></span> <span class='ocrx_word' id='word_1_439' title='bbox 535 5568 650 5607; x_wconf 89' lang='lat' dir='ltr'><strong>sum</strong></span> <span class='ocrx_word' id='word_1_440' title='bbox 675 5567 708 5603; x_wconf 90' lang='lat' dir='ltr'><strong>a</strong></span> <span class='ocrx_word' id='word_1_441' title='bbox 736 5547 992 5618; x_wconf 85' lang='lat' dir='ltr'><strong>sanguine</strong></span> <span class='ocrx_word' id='word_1_442' title='bbox 1018 5545 1112 5600; x_wconf 84' lang='lat' dir='ltr'><strong>hoc</strong></span> <span class='ocrx_word' id='word_1_443' title='bbox 1136 5544 1354 5618; x_wconf 82' lang='lat' dir='ltr'><strong>(Matth.</strong></span> <span class='ocrx_word' id='word_1_444' title='bbox 1380 5545 1471 5600; x_wconf 70' lang='grc'><strong>27.</strong></span> <span class='ocrx_word' id='word_1_445' title='bbox 1497 5547 1614 5616; x_wconf 71' lang='grc'><strong>24).</strong></span> <span class='ocrx_word' id='word_1_446' title='bbox 1643 5545 1709 5600; x_wconf 85' lang='grc' dir='ltr'><strong>Ει</strong></span> <span class='ocrx_word' id='word_1_447' title='bbox 1736 5544 1858 5614; x_wconf 88' lang='lat' dir='ltr'><strong>quia</strong></span> <span class='ocrx_word' id='word_1_448' title='bbox 1888 5543 1983 5597; x_wconf 87' lang='lat' dir='ltr'><strong>ad-</strong></span> 
     </span>
    </p>
   </div>
   <div class='ocr_carea' id='block_1_59' title="bbox 401 5636 1986 5708">
    <p class='ocr_par' dir='ltr' id='par_1_59' title="bbox 401 5636 1986 5708">
     <span class='ocr_line' id='line_1_59' title="bbox 401 5636 1986 5708; baseline -0.005 -12"><span class='ocrx_word' id='word_1_449' title='bbox 401 5643 616 5698; x_wconf 91' lang='lat' dir='ltr'><strong>modum</strong></span> <span class='ocrx_word' id='word_1_450' title='bbox 638 5643 898 5696; x_wconf 90' lang='lat' dir='ltr'><strong>instantes</strong></span> <span class='ocrx_word' id='word_1_451' title='bbox 927 5637 1163 5706; x_wconf 75' lang='lat' dir='ltr'><strong>videbat,</strong></span> <span class='ocrx_word' id='word_1_452' title='bbox 1193 5638 1310 5706; x_wconf 86' lang='lat' dir='ltr'><strong>ipse</strong></span> <span class='ocrx_word' id='word_1_453' title='bbox 1338 5639 1554 5708; x_wconf 86' lang='lat' dir='ltr'><strong>quidem</strong></span> <span class='ocrx_word' id='word_1_454' title='bbox 1587 5636 1851 5692; x_wconf 87' lang='lat' dir='ltr'><strong>calculum</strong></span> <span class='ocrx_word' id='word_1_455' title='bbox 1880 5652 1986 5689; x_wconf 90' lang='lat' dir='ltr'><strong>non</strong></span> 
     </span>
    </p>
   </div>
   <div class='ocr_carea' id='block_1_60' title="bbox 401 5730 1981 5803">
    <p class='ocr_par' dir='ltr' id='par_1_60' title="bbox 401 5730 1981 5803">
     <span class='ocr_line' id='line_1_60' title="bbox 401 5730 1981 5803; baseline -0.006 -11"><span class='ocrx_word' id='word_1_456' title='bbox 401 5735 548 5803; x_wconf 86' lang='lat' dir='ltr'><strong>tulit,</strong></span> <span class='ocrx_word' id='word_1_457' title='bbox 578 5735 674 5792; x_wconf 86' lang='lat' dir='ltr'><strong>sed</strong></span> <span class='ocrx_word' id='word_1_458' title='bbox 701 5733 962 5792; x_wconf 87' lang='lat' dir='ltr'><strong>abscessit</strong></span> <span class='ocrx_word' id='word_1_459' title='bbox 995 5751 1006 5788; x_wconf 91' lang='lat'><strong>:</strong></span> <span class='ocrx_word' id='word_1_460' title='bbox 1036 5731 1116 5787; x_wconf 89' lang='lat' dir='ltr'><strong>illi</strong></span> <span class='ocrx_word' id='word_1_461' title='bbox 1146 5746 1272 5786; x_wconf 86' lang='lat' dir='ltr'><strong>vero</strong></span> <span class='ocrx_word' id='word_1_462' title='bbox 1310 5730 1526 5802; x_wconf 83' lang='lat' dir='ltr'><strong>propria</strong></span> <span class='ocrx_word' id='word_1_463' title='bbox 1558 5730 1842 5803; x_wconf 83' lang='lat' dir='ltr'><strong>tyrannide</strong></span> <span class='ocrx_word' id='word_1_464' title='bbox 1868 5730 1981 5796; x_wconf 93' lang='lat' dir='ltr'><strong>usi,</strong></span> 
     </span>
    </p>
   </div>
   <div class='ocr_carea' id='block_1_61' title="bbox 1119 283 2943 350">
    <p class='ocr_par' dir='ltr' id='par_1_61' title="bbox 1119 283 2943 350">
     <span class='ocr_line' id='line_1_61' title="bbox 1119 283 2943 350; baseline -0.001 -1"><span class='ocrx_word' id='word_1_465' title='bbox 1119 292 1178 349; x_wconf 87' lang='lat' dir='ltr'><strong>S.</strong></span> <span class='ocrx_word' id='word_1_466' title='bbox 1215 290 1495 348; x_wconf 81' lang='lat' dir='ltr'><strong>JOANNIS</strong></span> <span class='ocrx_word' id='word_1_467' title='bbox 1530 287 2012 348; x_wconf 65' lang='lat' dir='ltr'><strong>CIIRYSOSTOMI</strong></span> <span class='ocrx_word' id='word_1_468' title='bbox 2056 283 2376 346; x_wconf 76' lang='lat' dir='ltr'><strong>ARCIIIEP.</strong></span> <span class='ocrx_word' id='word_1_469' title='bbox 2405 290 2943 350; x_wconf 75' lang='lat' dir='ltr'><strong>CONSTANTINOP.</strong></span> 
     </span>
    </p>
   </div>
   <div class='ocr_carea' id='block_1_62' title="bbox 3581 301 3686 359">
    <p class='ocr_par' dir='ltr' id='par_1_62' title="bbox 3581 301 3686 359">
     <span class='ocr_line' id='line_1_62' title="bbox 3581 301 3686 359; baseline 0.029 -3"><span class='ocrx_word' id='word_1_470' title='bbox 3581 301 3686 359; x_wconf 61' lang='grc' dir='ltr'><strong>εθι</strong></span> 
     </span>
    </p>
   </div>
   <div class='ocr_carea' id='block_1_63' title="bbox 2110 405 3688 485">
    <p class='ocr_par' dir='ltr' id='par_1_63' title="bbox 2110 405 3688 485">
     <span class='ocr_line' id='line_1_63' title="bbox 2110 405 3688 485; baseline 0.009 -29"><span class='ocrx_word' id='word_1_471' title='bbox 2110 411 2278 457; x_wconf 91' lang='lat' dir='ltr'><strong>totum</strong></span> <span class='ocrx_word' id='word_1_472' title='bbox 2306 412 2491 474; x_wconf 89' lang='lat' dir='ltr'><strong>postea</strong></span> <span class='ocrx_word' id='word_1_473' title='bbox 2517 405 2874 475; x_wconf 78' lang='lat' dir='ltr'><strong>perfecerunt.</strong></span> <span class='ocrx_word' id='word_1_474' title='bbox 2906 406 3125 463; x_wconf 84' lang='lat' dir='ltr'><strong>Paulum</strong></span> <span class='ocrx_word' id='word_1_475' title='bbox 3152 410 3313 466; x_wconf 86' lang='lat' dir='ltr'><strong>etiam</strong></span> <span class='ocrx_word' id='word_1_476' title='bbox 3339 426 3484 484; x_wconf 66' lang='lat' dir='ltr'><strong>saepe</strong></span> <span class='ocrx_word' id='word_1_477' title='bbox 3503 428 3688 485; x_wconf 75' lang='lat' dir='ltr'><strong>aggre-</strong></span> 
     </span>
    </p>
   </div>
   <div class='ocr_carea' id='block_1_64' title="bbox 2105 491 2413 549">
    <p class='ocr_par' dir='ltr' id='par_1_64' title="bbox 2105 491 2413 549">
     <span class='ocr_line' id='line_1_64' title="bbox 2105 491 2413 549; baseline 0 -1"><span class='ocrx_word' id='word_1_478' title='bbox 2105 491 2413 549; x_wconf 88' lang='lat' dir='ltr'><strong>diebantur.</strong></span> 
     </span>
    </p>
   </div>
   <div class='ocr_carea' id='block_1_65' title="bbox 2173 581 3688 659">
    <p class='ocr_par' dir='ltr' id='par_1_65' title="bbox 2173 581 3688 659">
     <span class='ocr_line' id='line_1_65' title="bbox 2173 581 3688 659; baseline 0.007 -19"><span class='ocrx_word' id='word_1_479' title='bbox 2173 581 2477 644; x_wconf 67' lang='lat' dir='ltr'><strong>Judmorum</strong></span> <span class='ocrx_word' id='word_1_480' title='bbox 2513 587 2566 641; x_wconf 88' lang='lat' dir='ltr'><strong>in</strong></span> <span class='ocrx_word' id='word_1_481' title='bbox 2605 585 2918 644; x_wconf 79' lang='lat' dir='ltr'><strong>Christianos</strong></span> <span class='ocrx_word' id='word_1_482' title='bbox 2967 591 3272 659; x_wconf 73' lang='lat' dir='ltr'><strong>immanitas.</strong></span> <span class='ocrx_word' id='word_1_483' title='bbox 3313 592 3410 647; x_wconf 89' lang='lat' dir='ltr'><strong>Die</strong></span> <span class='ocrx_word' id='word_1_484' title='bbox 3433 595 3688 658; x_wconf 72' lang='lat' dir='ltr'><strong>dominica</strong></span> 
     </span>
    </p>
   </div>
   <div class='ocr_carea' id='block_1_66' title="bbox 2105 677 3727 754">
    <p class='ocr_par' dir='ltr' id='par_1_66' title="bbox 2105 677 3727 754">
     <span class='ocr_line' id='line_1_66' title="bbox 2105 677 3727 754; baseline 0.008 -24"><span class='ocrx_word' id='word_1_485' title='bbox 2105 678 2386 746; x_wconf 64' lang='lat' dir='ltr'><strong>prasertint</strong></span> <span class='ocrx_word' id='word_1_486' title='bbox 2411 678 2722 751; x_wconf 35' lang='lat' dir='ltr'><strong>elleemosyna</strong></span> <span class='ocrx_word' id='word_1_487' title='bbox 2741 683 3016 752; x_wconf 67' lang='lat' dir='ltr'><strong>erogandp.</strong></span> <span class='ocrx_word' id='word_1_488' title='bbox 3038 713 3109 724; x_wconf 92' lang='lat'><strong>-—</strong></span> <span class='ocrx_word' id='word_1_489' title='bbox 3129 684 3448 754; x_wconf 75' lang='lat' dir='ltr'><strong>Quiajgitur</strong></span> <span class='ocrx_word' id='word_1_490' title='bbox 3470 701 3569 743; x_wconf 90' lang='lat' dir='ltr'><strong>suo</strong></span> <span class='ocrx_word' id='word_1_491' title='bbox 3591 690 3688 743; x_wconf 76' lang='lat' dir='ltr'><strong>tri-</strong></span> <span class='ocrx_word' id='word_1_492' title='bbox 3725 677 3727 682; x_wconf 57' lang='grc'><em>’</em></span> 
     </span>
    </p>
   </div>
   <div class='ocr_carea' id='block_1_67' title="bbox 2105 765 3685 851">
    <p class='ocr_par' dir='ltr' id='par_1_67' title="bbox 2105 765 3685 851">
     <span class='ocr_line' id='line_1_67' title="bbox 2105 765 3685 851; baseline 0.008 -31"><span class='ocrx_word' id='word_1_493' title='bbox 2105 765 2287 820; x_wconf 86' lang='lat' dir='ltr'><strong>bunali</strong></span> <span class='ocrx_word' id='word_1_494' title='bbox 2329 769 2615 836; x_wconf 66' lang='lat' dir='ltr'><strong>utebantur</strong></span> <span class='ocrx_word' id='word_1_495' title='bbox 2638 811 2674 845; x_wconf 21' lang='grc' dir='ltr'><strong>,η</strong></span> <span class='ocrx_word' id='word_1_496' title='bbox 2697 770 2822 826; x_wconf 87' lang='lat' dir='ltr'><strong>hinc</strong></span> <span class='ocrx_word' id='word_1_497' title='bbox 2845 773 3066 844; x_wconf 91' lang='lat' dir='ltr'><strong>contigit</strong></span> <span class='ocrx_word' id='word_1_498' title='bbox 3101 785 3160 829; x_wconf 93' lang='lat' dir='ltr'><strong>ut</strong></span> <span class='ocrx_word' id='word_1_499' title='bbox 3193 777 3557 844; x_wconf 86' lang='lat' dir='ltr'><strong>contribules,</strong></span> <span class='ocrx_word' id='word_1_500' title='bbox 3596 782 3685 851; x_wconf 87' lang='lat' dir='ltr'><strong>qui</strong></span> 
     </span>
    </p>
   </div>
   <div class='ocr_carea' id='block_1_68' title="bbox 2101 855 3689 936">
    <p class='ocr_par' dir='ltr' id='par_1_68' title="bbox 2101 855 3689 936">
     <span class='ocr_line' id='line_1_68' title="bbox 2101 855 3689 936; baseline 0.009 -25"><span class='ocrx_word' id='word_1_501' title='bbox 2101 855 2416 926; x_wconf 87' lang='lat' dir='ltr'><strong>credebant,</strong></span> <span class='ocrx_word' id='word_1_502' title='bbox 2435 862 2646 931; x_wconf 78' lang='lat' dir='ltr'><strong>czeteris</strong></span> <span class='ocrx_word' id='word_1_503' title='bbox 2670 863 2943 933; x_wconf 85' lang='lat' dir='ltr'><strong>asperiora</strong></span> <span class='ocrx_word' id='word_1_504' title='bbox 2969 875 3294 936; x_wconf 83' lang='lat' dir='ltr'><strong>paterentur.</strong></span> <span class='ocrx_word' id='word_1_505' title='bbox 3322 868 3380 923; x_wconf 86' lang='lat' dir='ltr'><strong>In</strong></span> <span class='ocrx_word' id='word_1_506' title='bbox 3401 869 3520 925; x_wconf 84' lang='lat' dir='ltr'><strong>aliis</strong></span> <span class='ocrx_word' id='word_1_507' title='bbox 3541 883 3689 936; x_wconf 78' lang='lat' dir='ltr'><strong>certe</strong></span> 
     </span>
    </p>
   </div>
   <div class='ocr_carea' id='block_1_69' title="bbox 2101 947 3684 1030">
    <p class='ocr_par' dir='ltr' id='par_1_69' title="bbox 2101 947 3684 1030">
     <span class='ocr_line' id='line_1_69' title="bbox 2101 947 3684 1030; baseline 0.01 -29"><span class='ocrx_word' id='word_1_508' title='bbox 2101 947 2403 1006; x_wconf 80' lang='lat' dir='ltr'><strong>civitatibus</strong></span> <span class='ocrx_word' id='word_1_509' title='bbox 2429 960 2484 1006; x_wconf 91' lang='lat' dir='ltr'><strong>et</strong></span> <span class='ocrx_word' id='word_1_510' title='bbox 2513 953 2795 1010; x_wconf 83' lang='lat' dir='ltr'><strong>tribunalia</strong></span> <span class='ocrx_word' id='word_1_511' title='bbox 2816 966 2872 1011; x_wconf 90' lang='lat' dir='ltr'><strong>et</strong></span> <span class='ocrx_word' id='word_1_512' title='bbox 2895 956 3042 1028; x_wconf 64' lang='lat' dir='ltr'><strong>leges</strong></span> <span class='ocrx_word' id='word_1_513' title='bbox 3061 967 3116 1013; x_wconf 90' lang='lat' dir='ltr'><strong>et</strong></span> <span class='ocrx_word' id='word_1_514' title='bbox 3139 959 3480 1030; x_wconf 69' lang='lat' dir='ltr'><strong>magistratus</strong></span> <span class='ocrx_word' id='word_1_515' title='bbox 3502 973 3684 1027; x_wconf 86' lang='lat' dir='ltr'><strong>erant;</strong></span> 
     </span>
    </p>
   </div>
   <div class='ocr_carea' id='block_1_70' title="bbox 2102 1037 3685 1120">
    <p class='ocr_par' dir='ltr' id='par_1_70' title="bbox 2102 1037 3685 1120">
     <span class='ocr_line' id='line_1_70' title="bbox 2102 1037 3685 1120; baseline 0.009 -27"><span class='ocrx_word' id='word_1_516' title='bbox 2102 1037 2328 1100; x_wconf 77' lang='lat' dir='ltr'><strong>sednon</strong></span> <span class='ocrx_word' id='word_1_517' title='bbox 2351 1041 2544 1098; x_wconf 88' lang='lat' dir='ltr'><strong>licebat</strong></span> <span class='ocrx_word' id='word_1_518' title='bbox 2565 1045 2853 1114; x_wconf 86' lang='lat' dir='ltr'><strong>gentilibus</strong></span> <span class='ocrx_word' id='word_1_519' title='bbox 2877 1061 3057 1111; x_wconf 54' lang='lat' dir='ltr'><strong>eos,“</strong></span> <span class='ocrx_word' id='word_1_520' title='bbox 3083 1049 3216 1114; x_wconf 90' lang='lat' dir='ltr'><strong>suis,</strong></span> <span class='ocrx_word' id='word_1_521' title='bbox 3246 1050 3336 1120; x_wconf 90' lang='lat' dir='ltr'><strong>qui</strong></span> <span class='ocrx_word' id='word_1_522' title='bbox 3357 1050 3647 1118; x_wconf 70' lang='lat' dir='ltr'><strong>deﬁeenent</strong></span> <span class='ocrx_word' id='word_1_523' title='bbox 3667 1095 3685 1119; x_wconf 90' lang='lat'><strong>,</strong></span> 
     </span>
    </p>
   </div>
   <div class='ocr_carea' id='block_1_71' title="bbox 2097 1132 3686 1209">
    <p class='ocr_par' dir='ltr' id='par_1_71' title="bbox 2097 1132 3686 1209">
     <span class='ocr_line' id='line_1_71' title="bbox 2097 1132 3686 1209; baseline 0.009 -26"><span class='ocrx_word' id='word_1_524' title='bbox 2097 1132 2315 1200; x_wconf 86' lang='lat' dir='ltr'><strong>pr0pria</strong></span> <span class='ocrx_word' id='word_1_525' title='bbox 2337 1134 2600 1188; x_wconf 89' lang='lat' dir='ltr'><strong>sententia</strong></span> <span class='ocrx_word' id='word_1_526' title='bbox 2621 1135 2708 1189; x_wconf 78' lang='lat' dir='ltr'><strong>vel</strong></span> <span class='ocrx_word' id='word_1_527' title='bbox 2728 1135 3030 1205; x_wconf 73' lang='lat' dir='ltr'><strong>interﬁcere</strong></span> <span class='ocrx_word' id='word_1_528' title='bbox 3049 1138 3129 1194; x_wconf 87' lang='lat' dir='ltr'><strong>vel</strong></span> <span class='ocrx_word' id='word_1_529' title='bbox 3155 1139 3420 1209; x_wconf 76' lang='lat' dir='ltr'><strong>lapidibus</strong></span> <span class='ocrx_word' id='word_1_530' title='bbox 3434 1141 3686 1206; x_wconf 82' lang='lat' dir='ltr'><strong>obruere,</strong></span> 
     </span>
    </p>
   </div>
   <div class='ocr_carea' id='block_1_72' title="bbox 2100 1221 3686 1307">
    <p class='ocr_par' dir='ltr' id='par_1_72' title="bbox 2100 1221 3686 1307">
     <span class='ocr_line' id='line_1_72' title="bbox 2100 1221 3686 1307; baseline 0.009 -33"><span class='ocrx_word' id='word_1_531' title='bbox 2100 1228 2199 1282; x_wconf 79' lang='lat' dir='ltr'><strong>aut</strong></span> <span class='ocrx_word' id='word_1_532' title='bbox 2231 1221 2431 1293; x_wconf 89' lang='lat' dir='ltr'><strong>aliquid</strong></span> <span class='ocrx_word' id='word_1_533' title='bbox 2457 1224 2590 1294; x_wconf 85' lang='lat' dir='ltr'><strong>ipsis</strong></span> <span class='ocrx_word' id='word_1_534' title='bbox 2620 1225 2744 1280; x_wconf 90' lang='lat' dir='ltr'><strong>mali</strong></span> <span class='ocrx_word' id='word_1_535' title='bbox 2775 1226 2978 1294; x_wconf 40' lang='lat' dir='ltr'><strong>inferre.</strong></span> <span class='ocrx_word' id='word_1_536' title='bbox 3003 1245 3016 1281; x_wconf 92' lang='lat'><strong>:</strong></span> <span class='ocrx_word' id='word_1_537' title='bbox 3043 1239 3135 1283; x_wconf 90' lang='lat' dir='ltr'><strong>aut</strong></span> <span class='ocrx_word' id='word_1_538' title='bbox 3160 1229 3205 1283; x_wconf 91' lang='lat' dir='ltr'><strong>si</strong></span> <span class='ocrx_word' id='word_1_539' title='bbox 3233 1230 3351 1307; x_wconf 84' lang='lat' dir='ltr'><strong>quis</strong></span> <span class='ocrx_word' id='word_1_540' title='bbox 3381 1229 3686 1301; x_wconf 55' lang='lat' dir='ltr'><strong>deprehen¢</strong></span> 
     </span>
    </p>
   </div>
   <div class='ocr_carea' id='block_1_73' title="bbox 2098 1311 3686 1394">
    <p class='ocr_par' dir='ltr' id='par_1_73' title="bbox 2098 1311 3686 1394">
     <span class='ocr_line' id='line_1_73' title="bbox 2098 1311 3686 1394; baseline 0.007 -27"><span class='ocrx_word' id='word_1_541' title='bbox 2098 1311 2323 1376; x_wconf 84' lang='lat' dir='ltr'><strong>debatur</strong></span> <span class='ocrx_word' id='word_1_542' title='bbox 2351 1316 2457 1371; x_wconf 87' lang='lat' dir='ltr'><strong>tale</strong></span> <span class='ocrx_word' id='word_1_543' title='bbox 2483 1316 2735 1387; x_wconf 90' lang='lat' dir='ltr'><strong>quiddam</strong></span> <span class='ocrx_word' id='word_1_544' title='bbox 2765 1328 2961 1389; x_wconf 72' lang='lat' dir='ltr'><strong>praucr</strong></span> <span class='ocrx_word' id='word_1_545' title='bbox 2979 1319 3217 1390; x_wconf 89' lang='lat' dir='ltr'><strong>judicum</strong></span> <span class='ocrx_word' id='word_1_546' title='bbox 3245 1324 3565 1391; x_wconf 76' lang='lat' dir='ltr'><strong>sententiam</strong></span> <span class='ocrx_word' id='word_1_547' title='bbox 3597 1339 3686 1394; x_wconf 84' lang='lat' dir='ltr'><strong>pa-</strong></span> 
     </span>
    </p>
   </div>
   <div class='ocr_carea' id='block_1_74' title="bbox 2102 1406 3684 1484">
    <p class='ocr_par' dir='ltr' id='par_1_74' title="bbox 2102 1406 3684 1484">
     <span class='ocr_line' id='line_1_74' title="bbox 2102 1406 3684 1484; baseline 0.008 -24"><span class='ocrx_word' id='word_1_548' title='bbox 2102 1411 2291 1474; x_wconf 86' lang='lat' dir='ltr'><strong>trasse,</strong></span> <span class='ocrx_word' id='word_1_549' title='bbox 2322 1406 2368 1462; x_wconf 92' lang='lat' dir='ltr'><strong>is</strong></span> <span class='ocrx_word' id='word_1_550' title='bbox 2391 1408 2743 1478; x_wconf 83' lang='lat' dir='ltr'><strong>puniebatur;</strong></span> <span class='ocrx_word' id='word_1_551' title='bbox 2769 1410 2969 1477; x_wconf 69' lang='lat' dir='ltr'><strong>Judaeis</strong></span> <span class='ocrx_word' id='word_1_552' title='bbox 2993 1423 3172 1468; x_wconf 86' lang='lat' dir='ltr'><strong>autem</strong></span> <span class='ocrx_word' id='word_1_553' title='bbox 3198 1429 3387 1484; x_wconf 85' lang='lat' dir='ltr'><strong>magna</strong></span> <span class='ocrx_word' id='word_1_554' title='bbox 3409 1417 3550 1471; x_wconf 87' lang='lat' dir='ltr'><strong>circa</strong></span> <span class='ocrx_word' id='word_1_555' title='bbox 3573 1433 3684 1473; x_wconf 88' lang='lat' dir='ltr'><strong>rem</strong></span> 
     </span>
    </p>
   </div>
   <div class='ocr_carea' id='block_1_75' title="bbox 2101 1493 3704 1584">
    <p class='ocr_par' dir='ltr' id='par_1_75' title="bbox 2101 1493 3704 1584">
     <span class='ocr_line' id='line_1_75' title="bbox 2101 1493 3704 1584; baseline 0.011 -36"><span class='ocrx_word' id='word_1_556' title='bbox 2101 1493 2237 1551; x_wconf 89' lang='lat' dir='ltr'><strong>hanc</strong></span> <span class='ocrx_word' id='word_1_557' title='bbox 2283 1506 2522 1568; x_wconf 89' lang='lat' dir='ltr'><strong>potestas</strong></span> <span class='ocrx_word' id='word_1_558' title='bbox 2563 1500 2974 1570; x_wconf 83' lang='lat' dir='ltr'><strong>concedebatur.</strong></span> <span class='ocrx_word' id='word_1_559' title='bbox 3020 1503 3355 1578; x_wconf 86' lang='lat' dir='ltr'><strong>Quapropter</strong></span> <span class='ocrx_word' id='word_1_560' title='bbox 3397 1508 3641 1578; x_wconf 83' lang='lat' dir='ltr'><strong>graviora</strong></span> <span class='ocrx_word' id='word_1_561' title='bbox 3665 1550 3704 1584; x_wconf 87' lang='lat'><strong>,_</strong></span> 
     </span>
    </p>
   </div>
   <div class='ocr_carea' id='block_1_76' title="bbox 2097 1591 3685 1671">
    <p class='ocr_par' dir='ltr' id='par_1_76' title="bbox 2097 1591 3685 1671">
     <span class='ocr_line' id='line_1_76' title="bbox 2097 1591 3685 1671; baseline 0.011 -30"><span class='ocrx_word' id='word_1_562' title='bbox 2097 1603 2256 1658; x_wconf 79' lang='lat' dir='ltr'><strong>quam</strong></span> <span class='ocrx_word' id='word_1_563' title='bbox 2287 1591 2466 1646; x_wconf 72' lang='lat' dir='ltr'><strong>emteri</strong></span> <span class='ocrx_word' id='word_1_564' title='bbox 2495 1607 2683 1661; x_wconf 76' lang='lat' dir='ltr'><strong>omnes</strong></span> <span class='ocrx_word' id='word_1_565' title='bbox 2706 1637 2722 1660; x_wconf 74' lang='grc' dir='ltr'><strong>ο</strong></span> <span class='ocrx_word' id='word_1_566' title='bbox 2749 1595 3087 1665; x_wconf 83' lang='lat' dir='ltr'><strong>Patiebantur</strong></span> <span class='ocrx_word' id='word_1_567' title='bbox 3113 1597 3148 1652; x_wconf 93' lang='lat' dir='ltr'><strong>ii</strong></span> <span class='ocrx_word' id='word_1_568' title='bbox 3175 1613 3242 1653; x_wconf 79' lang='lat' dir='ltr'><strong>ex</strong></span> <span class='ocrx_word' id='word_1_569' title='bbox 3267 1598 3376 1654; x_wconf 88' lang='lat' dir='ltr'><strong>illis</strong></span> <span class='ocrx_word' id='word_1_570' title='bbox 3401 1640 3418 1666; x_wconf 88' lang='lat'><strong>,</strong></span> <span class='ocrx_word' id='word_1_571' title='bbox 3449 1601 3541 1671; x_wconf 91' lang='lat' dir='ltr'><strong>qui</strong></span> <span class='ocrx_word' id='word_1_572' title='bbox 3569 1617 3685 1657; x_wconf 87' lang='lat' dir='ltr'><strong>crc-</strong></span> 
     </span>
    </p>
   </div>
   <div class='ocr_carea' id='block_1_77' title="bbox 2096 1678 3682 1762">
    <p class='ocr_par' dir='ltr' id='par_1_77' title="bbox 2096 1678 3682 1762">
     <span class='ocr_line' id='line_1_77' title="bbox 2096 1678 3682 1762; baseline 0.009 -29"><span class='ocrx_word' id='word_1_573' title='bbox 2096 1678 2332 1748; x_wconf 87' lang='lat' dir='ltr'><strong>debant,</strong></span> <span class='ocrx_word' id='word_1_574' title='bbox 2363 1696 2427 1737; x_wconf 87' lang='lat' dir='ltr'><strong>ac</strong></span> <span class='ocrx_word' id='word_1_575' title='bbox 2455 1682 2500 1736; x_wconf 91' lang='lat' dir='ltr'><strong>si</strong></span> <span class='ocrx_word' id='word_1_576' title='bbox 2531 1683 2670 1739; x_wconf 86' lang='lat' dir='ltr'><strong>inter</strong></span> <span class='ocrx_word' id='word_1_577' title='bbox 2709 1684 2916 1741; x_wconf 87' lang='lat' dir='ltr'><strong>medios</strong></span> <span class='ocrx_word' id='word_1_578' title='bbox 2953 1686 3106 1758; x_wconf 90' lang='lat' dir='ltr'><strong>lupos</strong></span> <span class='ocrx_word' id='word_1_579' title='bbox 3147 1689 3425 1762; x_wconf 88' lang='lat' dir='ltr'><strong>intercepti</strong></span> <span class='ocrx_word' id='word_1_580' title='bbox 3461 1702 3682 1760; x_wconf 88' lang='lat' dir='ltr'><strong>essent,</strong></span> 
     </span>
    </p>
   </div>
   <div class='ocr_carea' id='block_1_78' title="bbox 2097 1764 3705 1855">
    <p class='ocr_par' dir='ltr' id='par_1_78' title="bbox 2097 1764 3705 1855">
     <span class='ocr_line' id='line_1_78' title="bbox 2097 1764 3705 1855; baseline 0.01 -30"><span class='ocrx_word' id='word_1_581' title='bbox 2097 1771 2341 1827; x_wconf 90' lang='lat' dir='ltr'><strong>adstante</strong></span> <span class='ocrx_word' id='word_1_582' title='bbox 2364 1813 2380 1838; x_wconf 92' lang='lat'><strong>,</strong></span> <span class='ocrx_word' id='word_1_583' title='bbox 2408 1773 2497 1844; x_wconf 89' lang='lat' dir='ltr'><strong>qui</strong></span> <span class='ocrx_word' id='word_1_584' title='bbox 2534 1776 2805 1846; x_wconf 88' lang='lat' dir='ltr'><strong>eriperet,</strong></span> <span class='ocrx_word' id='word_1_585' title='bbox 2837 1764 3071 1834; x_wconf 82' lang='lat' dir='ltr'><strong>nemine.</strong></span> <span class='ocrx_word' id='word_1_586' title='bbox 3117 1778 3191 1834; x_wconf 91' lang='lat' dir='ltr'><strong>Ita</strong></span> <span class='ocrx_word' id='word_1_587' title='bbox 3233 1769 3426 1852; x_wconf 88' lang='lat' dir='ltr'><strong>nempe</strong></span> <span class='ocrx_word' id='word_1_588' title='bbox 3463 1782 3705 1855; x_wconf 59' lang='lat' dir='ltr'><strong>Paulum,</strong></span> 
     </span>
    </p>
   </div>
   <div class='ocr_carea' id='block_1_79' title="bbox 2097 1859 3680 1944">
    <p class='ocr_par' dir='ltr' id='par_1_79' title="bbox 2097 1859 3680 1944">
     <span class='ocr_line' id='line_1_79' title="bbox 2097 1859 3680 1944; baseline 0.008 -25"><span class='ocrx_word' id='word_1_589' title='bbox 2097 1879 2241 1936; x_wconf 61' lang='lat' dir='ltr'><strong>saepe</strong></span> <span class='ocrx_word' id='word_1_590' title='bbox 2284 1859 2623 1937; x_wconf 74' lang='lat' dir='ltr'><strong>ﬂagellabant</strong></span> <span class='ocrx_word' id='word_1_591' title='bbox 2649 1886 2664 1923; x_wconf 92' lang='lat'><strong>:</strong></span> <span class='ocrx_word' id='word_1_592' title='bbox 2692 1869 2814 1936; x_wconf 82' lang='lat' dir='ltr'><strong>audi</strong></span> <span class='ocrx_word' id='word_1_593' title='bbox 2857 1871 3127 1942; x_wconf 81' lang='lat' dir='ltr'><strong>quomodo</strong></span> <span class='ocrx_word' id='word_1_594' title='bbox 3157 1873 3209 1927; x_wconf 92' lang='lat' dir='ltr'><strong>id</strong></span> <span class='ocrx_word' id='word_1_595' title='bbox 3249 1875 3364 1944; x_wconf 92' lang='lat' dir='ltr'><strong>ipse</strong></span> <span class='ocrx_word' id='word_1_596' title='bbox 3400 1875 3680 1933; x_wconf 87' lang='lat' dir='ltr'><strong>declaret:</strong></span> 
     </span>
    </p>
   </div>
   <div class='ocr_carea' id='block_1_80' title="bbox 2099 1953 3684 2038">
    <p class='ocr_par' dir='ltr' id='par_1_80' title="bbox 2099 1953 3684 2038">
     <span class='ocr_line' id='line_1_80' title="bbox 2099 1953 3684 2038; baseline 0.008 -29"><span class='ocrx_word' id='word_1_597' title='bbox 2099 1953 2375 2025; x_wconf 77' lang='lat' dir='ltr'><strong>Quinquies</strong></span> <span class='ocrx_word' id='word_1_598' title='bbox 2397 1959 2746 2028; x_wconf 83' lang='lat' dir='ltr'><strong>quadragenas</strong></span> <span class='ocrx_word' id='word_1_599' title='bbox 2773 1977 2804 2013; x_wconf 91' lang='lat' dir='ltr'><strong>a</strong></span> <span class='ocrx_word' id='word_1_600' title='bbox 2830 1960 3032 2017; x_wconf 68' lang='lat' dir='ltr'><strong>Judwis</strong></span> <span class='ocrx_word' id='word_1_601' title='bbox 3057 1979 3159 2017; x_wconf 88' lang='lat' dir='ltr'><strong>una</strong></span> <span class='ocrx_word' id='word_1_602' title='bbox 3183 1965 3349 2031; x_wconf 71' lang='lat' dir='ltr'><strong>acinus</strong></span> <span class='ocrx_word' id='word_1_603' title='bbox 3373 1969 3548 2038; x_wconf 87' lang='lat' dir='ltr'><strong>accepi</strong></span> <span class='ocrx_word' id='word_1_604' title='bbox 3570 1984 3590 2022; x_wconf 91' lang='lat'><strong>:</strong></span> <span class='ocrx_word' id='word_1_605' title='bbox 3612 1979 3684 2022; x_wconf 80' lang='lat' dir='ltr'><strong>ter</strong></span> 
     </span>
    </p>
   </div>
   <div class='ocr_carea' id='block_1_81' title="bbox 2096 2045 3699 2132">
    <p class='ocr_par' dir='ltr' id='par_1_81' title="bbox 2096 2045 3699 2132">
     <span class='ocr_line' id='line_1_81' title="bbox 2096 2045 3699 2132; baseline 0.009 -33"><span class='ocrx_word' id='word_1_606' title='bbox 2096 2045 2250 2117; x_wconf 83' lang='lat' dir='ltr'><strong>virgis</strong></span> <span class='ocrx_word' id='word_1_607' title='bbox 2273 2061 2587 2114; x_wconf 77' lang='lat' dir='ltr'><strong>etesussum,</strong></span> <span class='ocrx_word' id='word_1_608' title='bbox 2619 2052 2771 2105; x_wconf 86' lang='lat' dir='ltr'><strong>semel</strong></span> <span class='ocrx_word' id='word_1_609' title='bbox 2798 2053 3055 2127; x_wconf 78' lang='lat' dir='ltr'><strong>lapidatus</strong></span> <span class='ocrx_word' id='word_1_610' title='bbox 3081 2071 3194 2108; x_wconf 88' lang='lat' dir='ltr'><strong>sum</strong></span> <span class='ocrx_word' id='word_1_611' title='bbox 3218 2055 3292 2122; x_wconf 75' lang='lat'><strong>(2.</strong></span> <span class='ocrx_word' id='word_1_612' title='bbox 3326 2056 3446 2112; x_wconf 85' lang='lat' dir='ltr'><strong>Cor.</strong></span> <span class='ocrx_word' id='word_1_613' title='bbox 3473 2060 3563 2113; x_wconf 93' lang='grc'><strong>11.</strong></span> <span class='ocrx_word' id='word_1_614' title='bbox 3590 2060 3699 2132; x_wconf 25' lang='grc'><strong>21..</strong></span> 
     </span>
    </p>
   </div>
   <div class='ocr_carea' id='block_1_82' title="bbox 2094 2137 3689 2220">
    <p class='ocr_par' dir='ltr' id='par_1_82' title="bbox 2094 2137 3689 2220">
     <span class='ocr_line' id='line_1_82' title="bbox 2094 2137 3689 2220; baseline 0.008 -27"><span class='ocrx_word' id='word_1_615' title='bbox 2094 2137 2208 2209; x_wconf 72' lang='lat'><strong>25).</strong></span> <span class='ocrx_word' id='word_1_616' title='bbox 2235 2138 2387 2208; x_wconf 91' lang='lat' dir='ltr'><strong>Quod</strong></span> <span class='ocrx_word' id='word_1_617' title='bbox 2413 2149 2595 2196; x_wconf 87' lang='lat' dir='ltr'><strong>autem</strong></span> <span class='ocrx_word' id='word_1_618' title='bbox 2621 2141 2735 2197; x_wconf 78' lang='lat' dir='ltr'><strong>lucc</strong></span> <span class='ocrx_word' id='word_1_619' title='bbox 2759 2157 2864 2197; x_wconf 91' lang='lat' dir='ltr'><strong>non</strong></span> <span class='ocrx_word' id='word_1_620' title='bbox 2889 2147 3198 2214; x_wconf 88' lang='lat' dir='ltr'><strong>conjectura</strong></span> <span class='ocrx_word' id='word_1_621' title='bbox 3227 2147 3364 2203; x_wconf 86' lang='lat' dir='ltr'><strong>dicta</strong></span> <span class='ocrx_word' id='word_1_622' title='bbox 3397 2150 3504 2203; x_wconf 87' lang='lat' dir='ltr'><strong>sint</strong></span> <span class='ocrx_word' id='word_1_623' title='bbox 3524 2193 3540 2216; x_wconf 94' lang='lat'><strong>,</strong></span> <span class='ocrx_word' id='word_1_624' title='bbox 3574 2152 3689 2220; x_wconf 75' lang='lat' dir='ltr'><strong>ipse,</strong></span> 
     </span>
    </p>
   </div>
   <div class='ocr_carea' id='block_1_83' title="bbox 2095 2229 3703 2314">
    <p class='ocr_par' dir='ltr' id='par_1_83' title="bbox 2095 2229 3703 2314">
     <span class='ocr_line' id='line_1_83' title="bbox 2095 2229 3703 2314; baseline 0.007 -29"><span class='ocrx_word' id='word_1_625' title='bbox 2095 2229 2291 2292; x_wconf 85' lang='lat' dir='ltr'><strong>Paulus</strong></span> <span class='ocrx_word' id='word_1_626' title='bbox 2315 2231 2382 2287; x_wconf 88' lang='lat' dir='ltr'><strong>ad</strong></span> <span class='ocrx_word' id='word_1_627' title='bbox 2415 2231 2672 2302; x_wconf 62' lang='lat' dir='ltr'><strong>Hebrrcos</strong></span> <span class='ocrx_word' id='word_1_628' title='bbox 2697 2236 2936 2292; x_wconf 87' lang='lat' dir='ltr'><strong>scribens</strong></span> <span class='ocrx_word' id='word_1_629' title='bbox 2960 2235 3200 2302; x_wconf 78' lang='lat' dir='ltr'><strong>declarat</strong></span> <span class='ocrx_word' id='word_1_630' title='bbox 3226 2257 3240 2294; x_wconf 93' lang='lat'><strong>:</strong></span> <span class='ocrx_word' id='word_1_631' title='bbox 3262 2238 3703 2314; x_wconf 70' lang='lat' dir='ltr'><strong>Reinemoramini</strong></span> 
     </span>
    </p>
   </div>
   <div class='ocr_carea' id='block_1_84' title="bbox 2094 2325 3686 2404">
    <p class='ocr_par' dir='ltr' id='par_1_84' title="bbox 2094 2325 3686 2404">
     <span class='ocr_line' id='line_1_84' title="bbox 2094 2325 3686 2404; baseline 0.007 -26"><span class='ocrx_word' id='word_1_632' title='bbox 2094 2334 2260 2380; x_wconf 89' lang='lat' dir='ltr'><strong>autem</strong></span> <span class='ocrx_word' id='word_1_633' title='bbox 2284 2325 2521 2395; x_wconf 84' lang='lat' dir='ltr'><strong>pristinos</strong></span> <span class='ocrx_word' id='word_1_634' title='bbox 2540 2327 2667 2394; x_wconf 78' lang='lat' dir='ltr'><strong>dies,</strong></span> <span class='ocrx_word' id='word_1_635' title='bbox 2694 2329 2748 2384; x_wconf 91' lang='lat' dir='ltr'><strong>in</strong></span> <span class='ocrx_word' id='word_1_636' title='bbox 2769 2330 2945 2400; x_wconf 81' lang='lat' dir='ltr'><strong>quibus</strong></span> <span class='ocrx_word' id='word_1_637' title='bbox 2964 2331 3237 2385; x_wconf 86' lang='lat' dir='ltr'><strong>illuminati</strong></span> <span class='ocrx_word' id='word_1_638' title='bbox 3261 2350 3500 2404; x_wconf 79' lang='lat' dir='ltr'><strong>ntagnum</strong></span> <span class='ocrx_word' id='word_1_639' title='bbox 3524 2347 3686 2388; x_wconf 87' lang='lat' dir='ltr'><strong>certa-</strong></span> 
     </span>
    </p>
   </div>
   <div class='ocr_carea' id='block_1_85' title="bbox 2093 2416 3684 2511">
    <p class='ocr_par' dir='ltr' id='par_1_85' title="bbox 2093 2416 3684 2511">
     <span class='ocr_line' id='line_1_85' title="bbox 2093 2416 3684 2511; baseline 0.008 -43"><span class='ocrx_word' id='word_1_640' title='bbox 2093 2431 2206 2469; x_wconf 82' lang='lat' dir='ltr'><strong>men</strong></span> <span class='ocrx_word' id='word_1_641' title='bbox 2233 2416 2540 2471; x_wconf 84' lang='lat' dir='ltr'><strong>sustinuistis</strong></span> <span class='ocrx_word' id='word_1_642' title='bbox 2568 2419 2858 2511; x_wconf 67' lang='lat' dir='ltr'><strong>passionum</strong></span> <span class='ocrx_word' id='word_1_643' title='bbox 2877 2438 2897 2472; x_wconf 88' lang='lat'><strong>:</strong></span> <span class='ocrx_word' id='word_1_644' title='bbox 2919 2431 2968 2473; x_wconf 91' lang='lat' dir='ltr'><strong>et</strong></span> <span class='ocrx_word' id='word_1_645' title='bbox 3001 2421 3053 2474; x_wconf 89' lang='lat' dir='ltr'><strong>in</strong></span> <span class='ocrx_word' id='word_1_646' title='bbox 3079 2423 3238 2476; x_wconf 86' lang='lat' dir='ltr'><strong>altera</strong></span> <span class='ocrx_word' id='word_1_647' title='bbox 3262 2424 3463 2493; x_wconf 82' lang='lat' dir='ltr'><strong>quidem</strong></span> <span class='ocrx_word' id='word_1_648' title='bbox 3493 2442 3684 2496; x_wconf 80' lang='lat' dir='ltr'><strong>oppro-</strong></span> 
     </span>
    </p>
   </div>
   <div class='ocr_carea' id='block_1_86' title="bbox 2094 2506 3684 2584">
    <p class='ocr_par' dir='ltr' id='par_1_86' title="bbox 2094 2506 3684 2584">
     <span class='ocr_line' id='line_1_86' title="bbox 2094 2506 3684 2584; baseline 0.008 -24"><span class='ocrx_word' id='word_1_649' title='bbox 2094 2507 2214 2560; x_wconf 88' lang='lat' dir='ltr'><strong>briis</strong></span> <span class='ocrx_word' id='word_1_650' title='bbox 2233 2517 2278 2560; x_wconf 88' lang='lat' dir='ltr'><strong>et</strong></span> <span class='ocrx_word' id='word_1_651' title='bbox 2306 2506 2710 2575; x_wconf 84' lang='lat' dir='ltr'><strong>tribulationibus</strong></span> <span class='ocrx_word' id='word_1_652' title='bbox 2735 2506 3072 2580; x_wconf 77' lang='lat' dir='ltr'><strong>spectaculum</strong></span> <span class='ocrx_word' id='word_1_653' title='bbox 3093 2515 3240 2584; x_wconf 80' lang='lat' dir='ltr'><strong>facti,</strong></span> <span class='ocrx_word' id='word_1_654' title='bbox 3267 2516 3322 2568; x_wconf 86' lang='lat' dir='ltr'><strong>in</strong></span> <span class='ocrx_word' id='word_1_655' title='bbox 3339 2516 3503 2569; x_wconf 81' lang='lat' dir='ltr'><strong>altera</strong></span> <span class='ocrx_word' id='word_1_656' title='bbox 3523 2527 3684 2572; x_wconf 85' lang='lat' dir='ltr'><strong>autem</strong></span> 
     </span>
    </p>
   </div>
   <div class='ocr_carea' id='block_1_87' title="bbox 2093 2600 3688 2676">
    <p class='ocr_par' dir='ltr' id='par_1_87' title="bbox 2093 2600 3688 2676">
     <span class='ocr_line' id='line_1_87' title="bbox 2093 2600 3688 2676; baseline 0.008 -24"><span class='ocrx_word' id='word_1_657' title='bbox 2093 2600 2216 2656; x_wconf 81' lang='lat' dir='ltr'><strong>socii</strong></span> <span class='ocrx_word' id='word_1_658' title='bbox 2241 2600 2406 2653; x_wconf 84' lang='lat' dir='ltr'><strong>taliter</strong></span> <span class='ocrx_word' id='word_1_659' title='bbox 2427 2601 2722 2669; x_wconf 83' lang='lat' dir='ltr'><strong>patientium</strong></span> <span class='ocrx_word' id='word_1_660' title='bbox 2745 2601 2928 2667; x_wconf 73' lang='lat' dir='ltr'><strong>effecti.</strong></span> <span class='ocrx_word' id='word_1_661' title='bbox 2967 2603 3168 2658; x_wconf 83' lang='lat' dir='ltr'><strong>Etenim</strong></span> <span class='ocrx_word' id='word_1_662' title='bbox 3185 2609 3419 2676; x_wconf 81' lang='lat' dir='ltr'><strong>rapinam</strong></span> <span class='ocrx_word' id='word_1_663' title='bbox 3443 2611 3688 2675; x_wconf 72' lang='lat' dir='ltr'><strong>bonorum</strong></span> 
     </span>
    </p>
   </div>
   <div class='ocr_carea' id='block_1_88' title="bbox 2092 2693 3684 2769">
    <p class='ocr_par' dir='ltr' id='par_1_88' title="bbox 2092 2693 3684 2769">
     <span class='ocr_line' id='line_1_88' title="bbox 2092 2693 3684 2769; baseline 0.007 -25"><span class='ocrx_word' id='word_1_664' title='bbox 2092 2704 2367 2746; x_wconf 75' lang='lat' dir='ltr'><strong>uestrorum</strong></span> <span class='ocrx_word' id='word_1_665' title='bbox 2395 2708 2508 2744; x_wconf 88' lang='lat' dir='ltr'><strong>cum</strong></span> <span class='ocrx_word' id='word_1_666' title='bbox 2530 2693 2718 2769; x_wconf 82' lang='lat' dir='ltr'><strong>gaudio</strong></span> <span class='ocrx_word' id='word_1_667' title='bbox 2746 2695 3032 2764; x_wconf 82' lang='lat' dir='ltr'><strong>suscepistis</strong></span> <span class='ocrx_word' id='word_1_668' title='bbox 3056 2738 3072 2762; x_wconf 94' lang='lat'><strong>,</strong></span> <span class='ocrx_word' id='word_1_669' title='bbox 3099 2709 3453 2768; x_wconf 88' lang='lat' dir='ltr'><strong>cognoscentes</strong></span> <span class='ocrx_word' id='word_1_670' title='bbox 3478 2717 3567 2755; x_wconf 80' lang='lat' dir='ltr'><strong>eos</strong></span> <span class='ocrx_word' id='word_1_671' title='bbox 3593 2703 3684 2754; x_wconf 78' lang='lat' dir='ltr'><strong>Ita-</strong></span> 
     </span>
    </p>
   </div>
   <div class='ocr_carea' id='block_1_89' title="bbox 2095 2769 3680 2860">
    <p class='ocr_par' dir='ltr' id='par_1_89' title="bbox 2095 2769 3680 2860">
     <span class='ocr_line' id='line_1_89' title="bbox 2095 2769 3680 2860; baseline 0.005 -22"><span class='ocrx_word' id='word_1_672' title='bbox 2095 2785 2208 2839; x_wconf 84' lang='lat' dir='ltr'><strong>bere</strong></span> <span class='ocrx_word' id='word_1_673' title='bbox 2222 2785 2479 2838; x_wconf 84' lang='lat' dir='ltr'><strong>meliorem</strong></span> <span class='ocrx_word' id='word_1_674' title='bbox 2507 2787 2835 2840; x_wconf 82' lang='lat' dir='ltr'><strong>substantiam</strong></span> <span class='ocrx_word' id='word_1_675' title='bbox 2867 2787 2919 2852; x_wconf 81' lang='lat' dir='ltr'><strong>in</strong></span> <span class='ocrx_word' id='word_1_676' title='bbox 2949 2789 3086 2842; x_wconf 63' lang='lat' dir='ltr'><strong>cortis</strong></span> <span class='ocrx_word' id='word_1_677' title='bbox 3104 2831 3120 2855; x_wconf 93' lang='lat'><strong>,</strong></span> <span class='ocrx_word' id='word_1_678' title='bbox 3149 2769 3508 2844; x_wconf 78' lang='lat' dir='ltr'><strong>etmanentem</strong></span> <span class='ocrx_word' id='word_1_679' title='bbox 3528 2790 3680 2860; x_wconf 73' lang='lat' dir='ltr'><strong>(ﬂeb.</strong></span> 
     </span>
    </p>
   </div>
   <div class='ocr_carea' id='block_1_90' title="bbox 2095 2875 3685 2946">
    <p class='ocr_par' dir='ltr' id='par_1_90' title="bbox 2095 2875 3685 2946">
     <span class='ocr_line' id='line_1_90' title="bbox 2095 2875 3685 2946; baseline 0.003 -14"><span class='ocrx_word' id='word_1_680' title='bbox 2095 2879 2182 2938; x_wconf 75' lang='lat' dir='ltr'><strong>ll).</strong></span> <span class='ocrx_word' id='word_1_681' title='bbox 2207 2875 2423 2946; x_wconf 70' lang='lat'><strong>52-34).</strong></span> <span class='ocrx_word' id='word_1_682' title='bbox 2450 2877 2514 2932; x_wconf 87' lang='lat' dir='ltr'><strong>Et</strong></span> <span class='ocrx_word' id='word_1_683' title='bbox 2533 2893 2655 2931; x_wconf 90' lang='lat' dir='ltr'><strong>cum</strong></span> <span class='ocrx_word' id='word_1_684' title='bbox 2673 2877 3176 2944; x_wconf 80' lang='lat' dir='ltr'><strong>Thessalonicenscs</strong></span> <span class='ocrx_word' id='word_1_685' title='bbox 3197 2883 3596 2945; x_wconf 70' lang='lat' dir='ltr'><strong>adhortaretur,</strong></span> <span class='ocrx_word' id='word_1_686' title='bbox 3623 2883 3685 2936; x_wconf 89' lang='lat' dir='ltr'><strong>il-</strong></span> 
     </span>
    </p>
   </div>
   <div class='ocr_carea' id='block_1_91' title="bbox 2091 2967 3684 3044">
    <p class='ocr_par' dir='ltr' id='par_1_91' title="bbox 2091 2967 3684 3044">
     <span class='ocr_line' id='line_1_91' title="bbox 2091 2967 3684 3044; baseline 0.003 -22"><span class='ocrx_word' id='word_1_687' title='bbox 2091 2967 2171 3031; x_wconf 84' lang='lat' dir='ltr'><strong>los</strong></span> <span class='ocrx_word' id='word_1_688' title='bbox 2194 2967 2246 3022; x_wconf 91' lang='lat' dir='ltr'><strong>in</strong></span> <span class='ocrx_word' id='word_1_689' title='bbox 2275 2968 2508 3023; x_wconf 89' lang='lat' dir='ltr'><strong>meditnn</strong></span> <span class='ocrx_word' id='word_1_690' title='bbox 2531 2968 2748 3024; x_wconf 85' lang='lat' dir='ltr'><strong>adduxit</strong></span> <span class='ocrx_word' id='word_1_691' title='bbox 2776 2986 2789 3021; x_wconf 96' lang='lat'><strong>:</strong></span> <span class='ocrx_word' id='word_1_692' title='bbox 2827 2967 2924 3022; x_wconf 77' lang='lat' dir='ltr'><strong>Vos</strong></span> <span class='ocrx_word' id='word_1_693' title='bbox 2943 2971 3078 3023; x_wconf 89' lang='lat' dir='ltr'><strong>enim</strong></span> <span class='ocrx_word' id='word_1_694' title='bbox 3106 2971 3377 3024; x_wconf 79' lang='lat' dir='ltr'><strong>imitatores</strong></span> <span class='ocrx_word' id='word_1_695' title='bbox 3403 2975 3526 3041; x_wconf 77' lang='lat' dir='ltr'><strong>facti</strong></span> <span class='ocrx_word' id='word_1_696' title='bbox 3545 2975 3684 3044; x_wconf 81' lang='lat' dir='ltr'><strong>estis,</strong></span> 
     </span>
    </p>
   </div>
   <div class='ocr_carea' id='block_1_92' title="bbox 2090 3060 3684 3136">
    <p class='ocr_par' dir='ltr' id='par_1_92' title="bbox 2090 3060 3684 3136">
     <span class='ocr_line' id='line_1_92' title="bbox 2090 3060 3684 3136; baseline 0.004 -22"><span class='ocrx_word' id='word_1_697' title='bbox 2090 3064 2293 3133; x_wconf 85' lang='lat' dir='ltr'><strong>fratres,</strong></span> <span class='ocrx_word' id='word_1_698' title='bbox 2323 3060 2807 3127; x_wconf 18' lang='lat' dir='ltr'><strong>Ecclesiarumvllei,</strong></span> <span class='ocrx_word' id='word_1_699' title='bbox 2832 3077 2947 3129; x_wconf 69' lang='lat' dir='ltr'><strong>qua</strong></span> <span class='ocrx_word' id='word_1_700' title='bbox 2973 3072 3091 3116; x_wconf 89' lang='lat' dir='ltr'><strong>sunt</strong></span> <span class='ocrx_word' id='word_1_701' title='bbox 3118 3063 3169 3116; x_wconf 89' lang='lat' dir='ltr'><strong>in</strong></span> <span class='ocrx_word' id='word_1_702' title='bbox 3190 3062 3378 3117; x_wconf 74' lang='lat' dir='ltr'><strong>ludam</strong></span> <span class='ocrx_word' id='word_1_703' title='bbox 3405 3081 3424 3118; x_wconf 91' lang='lat'><strong>:</strong></span> <span class='ocrx_word' id='word_1_704' title='bbox 3450 3068 3576 3136; x_wconf 87' lang='lat' dir='ltr'><strong>quia</strong></span> <span class='ocrx_word' id='word_1_705' title='bbox 3601 3084 3684 3120; x_wconf 82' lang='lat' dir='ltr'><strong>ea-</strong></span> 
     </span>
    </p>
   </div>
   <div class='ocr_carea' id='block_1_93' title="bbox 2090 3154 3686 3229">
    <p class='ocr_par' dir='ltr' id='par_1_93' title="bbox 2090 3154 3686 3229">
     <span class='ocr_line' id='line_1_93' title="bbox 2090 3154 3686 3229; baseline 0.005 -23"><span class='ocrx_word' id='word_1_706' title='bbox 2090 3154 2203 3208; x_wconf 89' lang='lat' dir='ltr'><strong>dem</strong></span> <span class='ocrx_word' id='word_1_707' title='bbox 2234 3155 2370 3223; x_wconf 86' lang='lat' dir='ltr'><strong>passi</strong></span> <span class='ocrx_word' id='word_1_708' title='bbox 2395 3155 2509 3208; x_wconf 90' lang='lat' dir='ltr'><strong>estis</strong></span> <span class='ocrx_word' id='word_1_709' title='bbox 2535 3169 2619 3207; x_wconf 84' lang='lat' dir='ltr'><strong>vos</strong></span> <span class='ocrx_word' id='word_1_710' title='bbox 2643 3171 2674 3208; x_wconf 92' lang='lat' dir='ltr'><strong>a</strong></span> <span class='ocrx_word' id='word_1_711' title='bbox 2703 3156 3061 3210; x_wconf 83' lang='lat' dir='ltr'><strong>contribulibus</strong></span> <span class='ocrx_word' id='word_1_712' title='bbox 3089 3157 3279 3222; x_wconf 87' lang='lat' dir='ltr'><strong>vestris,</strong></span> <span class='ocrx_word' id='word_1_713' title='bbox 3309 3158 3439 3211; x_wconf 88' lang='lat' dir='ltr'><strong>sicut</strong></span> <span class='ocrx_word' id='word_1_714' title='bbox 3464 3164 3512 3213; x_wconf 86' lang='lat' dir='ltr'><strong>e&#39;t</strong></span> <span class='ocrx_word' id='word_1_715' title='bbox 3537 3161 3633 3229; x_wconf 89' lang='lat' dir='ltr'><strong>ipsi</strong></span> <span class='ocrx_word' id='word_1_716' title='bbox 3653 3176 3686 3214; x_wconf 74' lang='grc' dir='ltr'>ι</span> 
     </span>
    </p>
   </div>
   <div class='ocr_carea' id='block_1_94' title="bbox 2089 3245 3680 3319">
    <p class='ocr_par' dir='ltr' id='par_1_94' title="bbox 2089 3245 3680 3319">
     <span class='ocr_line' id='line_1_94' title="bbox 2089 3245 3680 3319; baseline 0.003 -21"><span class='ocrx_word' id='word_1_717' title='bbox 2089 3245 2288 3301; x_wconf 66' lang='lat' dir='ltr'><strong>Iudaeis</strong></span> <span class='ocrx_word' id='word_1_718' title='bbox 2321 3245 2398 3319; x_wconf 90' lang='grc'><strong>(1.</strong></span> <span class='ocrx_word' id='word_1_719' title='bbox 2434 3245 2613 3302; x_wconf 83' lang='lat' dir='ltr'><strong>Thess.</strong></span> <span class='ocrx_word' id='word_1_720' title='bbox 2643 3246 2698 3300; x_wconf 80' lang='grc'><strong>2.</strong></span> <span class='ocrx_word' id='word_1_721' title='bbox 2729 3247 2838 3316; x_wconf 73' lang='grc'><strong>14).</strong></span> <span class='ocrx_word' id='word_1_722' title='bbox 2869 3247 3001 3314; x_wconf 90' lang='lat' dir='ltr'><strong>Quia</strong></span> <span class='ocrx_word' id='word_1_723' title='bbox 3029 3247 3186 3317; x_wconf 84' lang='lat' dir='ltr'><strong>igitur</strong></span> <span class='ocrx_word' id='word_1_724' title='bbox 3209 3249 3452 3317; x_wconf 86' lang='lat' dir='ltr'><strong>graviora</strong></span> <span class='ocrx_word' id='word_1_725' title='bbox 3473 3291 3489 3310; x_wconf 96' lang='lat'><strong>,</strong></span> <span class='ocrx_word' id='word_1_726' title='bbox 3522 3267 3680 3319; x_wconf 89' lang='lat' dir='ltr'><strong>quam</strong></span> 
     </span>
    </p>
   </div>
   <div class='ocr_carea' id='block_1_95' title="bbox 2089 3338 3680 3408">
    <p class='ocr_par' dir='ltr' id='par_1_95' title="bbox 2089 3338 3680 3408">
     <span class='ocr_line' id='line_1_95' title="bbox 2089 3338 3680 3408; baseline 0.003 -15"><span class='ocrx_word' id='word_1_727' title='bbox 2089 3351 2279 3393; x_wconf 91' lang='lat' dir='ltr'><strong>omnes</strong></span> <span class='ocrx_word' id='word_1_728' title='bbox 2304 3338 2412 3404; x_wconf 91' lang='lat' dir='ltr'><strong>alii,</strong></span> <span class='ocrx_word' id='word_1_729' title='bbox 2446 3338 2804 3408; x_wconf 88' lang='lat' dir='ltr'><strong>patiebantur,</strong></span> <span class='ocrx_word' id='word_1_730' title='bbox 2835 3349 2889 3393; x_wconf 90' lang='lat' dir='ltr'><strong>et</strong></span> <span class='ocrx_word' id='word_1_731' title='bbox 2915 3355 3020 3393; x_wconf 93' lang='lat' dir='ltr'><strong>non</strong></span> <span class='ocrx_word' id='word_1_732' title='bbox 3051 3339 3212 3394; x_wconf 88' lang='lat' dir='ltr'><strong>modo</strong></span> <span class='ocrx_word' id='word_1_733' title='bbox 3235 3342 3352 3394; x_wconf 89' lang='lat' dir='ltr'><strong>sine</strong></span> <span class='ocrx_word' id='word_1_734' title='bbox 3376 3344 3680 3405; x_wconf 84' lang='lat' dir='ltr'><strong>misericor-</strong></span> 
     </span>
    </p>
   </div>
   <div class='ocr_carea' id='block_1_96' title="bbox 2091 3428 3679 3502">
    <p class='ocr_par' dir='ltr' id='par_1_96' title="bbox 2091 3428 3679 3502">
     <span class='ocr_line' id='line_1_96' title="bbox 2091 3428 3679 3502; baseline 0.006 -20"><span class='ocrx_word' id='word_1_735' title='bbox 2091 3428 2176 3483; x_wconf 89' lang='lat' dir='ltr'><strong>dia</strong></span> <span class='ocrx_word' id='word_1_736' title='bbox 2205 3445 2330 3484; x_wconf 91' lang='lat' dir='ltr'><strong>cum</strong></span> <span class='ocrx_word' id='word_1_737' title='bbox 2357 3429 2462 3484; x_wconf 92' lang='lat' dir='ltr'><strong>illis</strong></span> <span class='ocrx_word' id='word_1_738' title='bbox 2485 3430 2762 3499; x_wconf 80' lang='lat' dir='ltr'><strong>agebatur,</strong></span> <span class='ocrx_word' id='word_1_739' title='bbox 2786 3429 2881 3484; x_wconf 87' lang='lat' dir='ltr'><strong>sed</strong></span> <span class='ocrx_word' id='word_1_740' title='bbox 2911 3431 3072 3485; x_wconf 88' lang='lat' dir='ltr'><strong>etiam</strong></span> <span class='ocrx_word' id='word_1_741' title='bbox 3096 3432 3274 3484; x_wconf 89' lang='lat' dir='ltr'><strong>omnia</strong></span> <span class='ocrx_word' id='word_1_742' title='bbox 3303 3433 3364 3485; x_wconf 91' lang='lat' dir='ltr'><strong>iis</strong></span> <span class='ocrx_word' id='word_1_743' title='bbox 3393 3434 3679 3502; x_wconf 82' lang='lat' dir='ltr'><strong>rapieban-</strong></span> 
     </span>
    </p>
   </div>
   <div class='ocr_carea' id='block_1_97' title="bbox 2091 3521 3682 3595">
    <p class='ocr_par' dir='ltr' id='par_1_97' title="bbox 2091 3521 3682 3595">
     <span class='ocr_line' id='line_1_97' title="bbox 2091 3521 3682 3595; baseline 0.002 -19"><span class='ocrx_word' id='word_1_744' title='bbox 2091 3531 2176 3576; x_wconf 90' lang='lat' dir='ltr'><strong>tur</strong></span> <span class='ocrx_word' id='word_1_745' title='bbox 2198 3531 2253 3576; x_wconf 89' lang='lat' dir='ltr'><strong>et</strong></span> <span class='ocrx_word' id='word_1_746' title='bbox 2276 3521 2672 3585; x_wconf 78' lang='lat' dir='ltr'><strong>auferebantur,</strong></span> <span class='ocrx_word' id='word_1_747' title='bbox 2700 3533 2752 3575; x_wconf 88' lang='lat' dir='ltr'><strong>et</strong></span> <span class='ocrx_word' id='word_1_748' title='bbox 2778 3522 3010 3592; x_wconf 88' lang='lat' dir='ltr'><strong>undique</strong></span> <span class='ocrx_word' id='word_1_749' title='bbox 3052 3523 3149 3592; x_wconf 88' lang='lat' dir='ltr'><strong>ipsi</strong></span> <span class='ocrx_word' id='word_1_750' title='bbox 3178 3522 3512 3592; x_wconf 86' lang='lat' dir='ltr'><strong>pellebantur</strong></span> <span class='ocrx_word' id='word_1_751' title='bbox 3532 3567 3546 3590; x_wconf 94' lang='lat'><strong>,</strong></span> <span class='ocrx_word' id='word_1_752' title='bbox 3565 3525 3682 3595; x_wconf 82' lang='lat' dir='ltr'><strong>jure</strong></span> 
     </span>
    </p>
   </div>
   <div class='ocr_carea' id='block_1_98' title="bbox 2090 3614 3674 3684">
    <p class='ocr_par' dir='ltr' id='par_1_98' title="bbox 2090 3614 3674 3684">
     <span class='ocr_line' id='line_1_98' title="bbox 2090 3614 3674 3684; baseline 0.003 -18"><span class='ocrx_word' id='word_1_753' title='bbox 2090 3631 2277 3670; x_wconf 85' lang='lat' dir='ltr'><strong>omnes</strong></span> <span class='ocrx_word' id='word_1_754' title='bbox 2322 3614 2388 3669; x_wconf 89' lang='lat' dir='ltr'><strong>ad</strong></span> <span class='ocrx_word' id='word_1_755' title='bbox 2430 3630 2614 3669; x_wconf 90' lang='lat' dir='ltr'><strong>eorum</strong></span> <span class='ocrx_word' id='word_1_756' title='bbox 2656 3615 3053 3683; x_wconf 89' lang='lat' dir='ltr'><strong>suscipiendum</strong></span> <span class='ocrx_word' id='word_1_757' title='bbox 3087 3616 3437 3684; x_wconf 84' lang='lat' dir='ltr'><strong>patrocinium</strong></span> <span class='ocrx_word' id='word_1_758' title='bbox 3464 3619 3674 3672; x_wconf 80' lang='lat' dir='ltr'><strong>excitat.</strong></span> 
     </span>
    </p>
   </div>
   <div class='ocr_carea' id='block_1_99' title="bbox 2093 3707 3680 3778">
    <p class='ocr_par' dir='ltr' id='par_1_99' title="bbox 2093 3707 3680 3778">
     <span class='ocr_line' id='line_1_99' title="bbox 2093 3707 3680 3778; baseline 0.003 -18"><span class='ocrx_word' id='word_1_759' title='bbox 2093 3707 2393 3778; x_wconf 87' lang='lat' dir='ltr'><strong>Iterumque</strong></span> <span class='ocrx_word' id='word_1_760' title='bbox 2419 3707 2724 3763; x_wconf 81' lang='lat' dir='ltr'><strong>Corinthios</strong></span> <span class='ocrx_word' id='word_1_761' title='bbox 2754 3707 2964 3761; x_wconf 90' lang='lat' dir='ltr'><strong>illorum</strong></span> <span class='ocrx_word' id='word_1_762' title='bbox 2994 3709 3160 3777; x_wconf 88' lang='lat' dir='ltr'><strong>gratia</strong></span> <span class='ocrx_word' id='word_1_763' title='bbox 3189 3707 3432 3763; x_wconf 84' lang='lat' dir='ltr'><strong>hortatur</strong></span> <span class='ocrx_word' id='word_1_764' title='bbox 3456 3710 3541 3763; x_wconf 92' lang='lat' dir='ltr'><strong>his</strong></span> <span class='ocrx_word' id='word_1_765' title='bbox 3562 3725 3680 3764; x_wconf 88' lang='lat' dir='ltr'><strong>ver-</strong></span> 
     </span>
    </p>
   </div>
   <div class='ocr_carea' id='block_1_100' title="bbox 2091 3797 3677 3865">
    <p class='ocr_par' dir='ltr' id='par_1_100' title="bbox 2091 3797 3677 3865">
     <span class='ocr_line' id='line_1_100' title="bbox 2091 3797 3677 3865; baseline 0.003 -13"><span class='ocrx_word' id='word_1_766' title='bbox 2091 3799 2172 3852; x_wconf 87' lang='lat' dir='ltr'><strong>bis</strong></span> <span class='ocrx_word' id='word_1_767' title='bbox 2202 3816 2214 3852; x_wconf 90' lang='lat'><strong>:</strong></span> <span class='ocrx_word' id='word_1_768' title='bbox 2246 3797 2322 3852; x_wconf 89' lang='lat' dir='ltr'><strong>De</strong></span> <span class='ocrx_word' id='word_1_769' title='bbox 2345 3800 2552 3852; x_wconf 81' lang='lat' dir='ltr'><strong>collecta</strong></span> <span class='ocrx_word' id='word_1_770' title='bbox 2578 3809 2743 3852; x_wconf 88' lang='lat' dir='ltr'><strong>autem</strong></span> <span class='ocrx_word' id='word_1_771' title='bbox 2766 3799 2820 3852; x_wconf 89' lang='lat' dir='ltr'><strong>in</strong></span> <span class='ocrx_word' id='word_1_772' title='bbox 2848 3809 3066 3865; x_wconf 87' lang='lat' dir='ltr'><strong>sanctos,</strong></span> <span class='ocrx_word' id='word_1_773' title='bbox 3097 3800 3225 3852; x_wconf 87' lang='lat' dir='ltr'><strong>sicut</strong></span> <span class='ocrx_word' id='word_1_774' title='bbox 3251 3801 3483 3853; x_wconf 75' lang='lat' dir='ltr'><strong>ordinari</strong></span> <span class='ocrx_word' id='word_1_775' title='bbox 3513 3800 3677 3857; x_wconf 77' lang='lat' dir='ltr'><strong>Eccle-</strong></span> 
     </span>
    </p>
   </div>
   <div class='ocr_carea' id='block_1_101' title="bbox 2089 3889 3370 3962">
    <p class='ocr_par' dir='ltr' id='par_1_101' title="bbox 2089 3889 3370 3962">
     <span class='ocr_line' id='line_1_101' title="bbox 2089 3889 3370 3962; baseline 0.005 -20"><span class='ocrx_word' id='word_1_776' title='bbox 2089 3891 2177 3944; x_wconf 88' lang='lat' dir='ltr'><strong>siis</strong></span> <span class='ocrx_word' id='word_1_777' title='bbox 2207 3889 2442 3957; x_wconf 79' lang='lat' dir='ltr'><strong>Galatiw,</strong></span> <span class='ocrx_word' id='word_1_778' title='bbox 2471 3892 2543 3943; x_wconf 86' lang='lat' dir='ltr'><strong>sic</strong></span> <span class='ocrx_word' id='word_1_779' title='bbox 2568 3901 2616 3944; x_wconf 87' lang='lat' dir='ltr'><strong>et</strong></span> <span class='ocrx_word' id='word_1_780' title='bbox 2642 3905 2727 3944; x_wconf 81' lang='lat' dir='ltr'><strong>vos</strong></span> <span class='ocrx_word' id='word_1_781' title='bbox 2748 3890 2898 3959; x_wconf 76' lang='lat' dir='ltr'><strong>facile</strong></span> <span class='ocrx_word' id='word_1_782' title='bbox 2917 3891 2992 3960; x_wconf 90' lang='lat' dir='ltr'><strong>(l.</strong></span> <span class='ocrx_word' id='word_1_783' title='bbox 3022 3890 3140 3944; x_wconf 85' lang='lat' dir='ltr'><strong>Cor.</strong></span> <span class='ocrx_word' id='word_1_784' title='bbox 3172 3892 3260 3946; x_wconf 87' lang='grc'><strong>16.</strong></span> <span class='ocrx_word' id='word_1_785' title='bbox 3295 3892 3370 3962; x_wconf 86' lang='grc'><strong>1).</strong></span> 
     </span>
    </p>
   </div>
   <div class='ocr_carea' id='block_1_102' title="bbox 2162 3982 3675 4052">
    <p class='ocr_par' dir='ltr' id='par_1_102' title="bbox 2162 3982 3675 4052">
     <span class='ocr_line' id='line_1_102' title="bbox 2162 3982 3675 4052; baseline 0.003 -16"><span class='ocrx_word' id='word_1_786' title='bbox 2162 3983 2215 4036; x_wconf 83' lang='grc'><strong>5.</strong></span> <span class='ocrx_word' id='word_1_787' title='bbox 2259 3983 2439 4052; x_wconf 88' lang='lat' dir='ltr'><strong>Itaque</strong></span> <span class='ocrx_word' id='word_1_788' title='bbox 2463 3982 2678 4052; x_wconf 86' lang='lat' dir='ltr'><strong>quinam</strong></span> <span class='ocrx_word' id='word_1_789' title='bbox 2709 3983 2782 4037; x_wconf 89' lang='lat' dir='ltr'><strong>illi</strong></span> <span class='ocrx_word' id='word_1_790' title='bbox 2812 3983 2980 4036; x_wconf 86' lang='lat' dir='ltr'><strong>sancti</strong></span> <span class='ocrx_word' id='word_1_791' title='bbox 3004 3983 3132 4050; x_wconf 88' lang='lat' dir='ltr'><strong>sint,</strong></span> <span class='ocrx_word' id='word_1_792' title='bbox 3160 3993 3217 4038; x_wconf 88' lang='lat' dir='ltr'><strong>et</strong></span> <span class='ocrx_word' id='word_1_793' title='bbox 3240 3999 3336 4038; x_wconf 87' lang='lat' dir='ltr'><strong>cur</strong></span> <span class='ocrx_word' id='word_1_794' title='bbox 3355 4000 3540 4040; x_wconf 89' lang='lat' dir='ltr'><strong>eormn</strong></span> <span class='ocrx_word' id='word_1_795' title='bbox 3570 4003 3675 4041; x_wconf 88' lang='lat' dir='ltr'><strong>ma-</strong></span> 
     </span>
    </p>
   </div>
   <div class='ocr_carea' id='block_1_103' title="bbox 2086 4074 3673 4144">
    <p class='ocr_par' dir='ltr' id='par_1_103' title="bbox 2086 4074 3673 4144">
     <span class='ocr_line' id='line_1_103' title="bbox 2086 4074 3673 4144; baseline 0.004 -17"><span class='ocrx_word' id='word_1_796' title='bbox 2086 4074 2258 4142; x_wconf 90' lang='lat' dir='ltr'><strong>jorem</strong></span> <span class='ocrx_word' id='word_1_797' title='bbox 2302 4089 2484 4127; x_wconf 91' lang='lat' dir='ltr'><strong>curam</strong></span> <span class='ocrx_word' id='word_1_798' title='bbox 2527 4083 2712 4144; x_wconf 84' lang='lat' dir='ltr'><strong>gerat,</strong></span> <span class='ocrx_word' id='word_1_799' title='bbox 2750 4075 2860 4142; x_wconf 89' lang='lat' dir='ltr'><strong>jam</strong></span> <span class='ocrx_word' id='word_1_800' title='bbox 2907 4074 3037 4128; x_wconf 86' lang='lat' dir='ltr'><strong>satis</strong></span> <span class='ocrx_word' id='word_1_801' title='bbox 3083 4075 3508 4132; x_wconf 87' lang='lat' dir='ltr'><strong>demonstratum</strong></span> <span class='ocrx_word' id='word_1_802' title='bbox 3555 4090 3673 4134; x_wconf 90' lang='lat' dir='ltr'><strong>est:</strong></span> 
     </span>
    </p>
   </div>
   <div class='ocr_carea' id='block_1_104' title="bbox 2090 4165 3673 4234">
    <p class='ocr_par' dir='ltr' id='par_1_104' title="bbox 2090 4165 3673 4234">
     <span class='ocr_line' id='line_1_104' title="bbox 2090 4165 3673 4234; baseline 0.004 -16"><span class='ocrx_word' id='word_1_803' title='bbox 2090 4165 2351 4234; x_wconf 88' lang='lat' dir='ltr'><strong>reliqumn</strong></span> <span class='ocrx_word' id='word_1_804' title='bbox 2400 4174 2482 4219; x_wconf 91' lang='lat' dir='ltr'><strong>est</strong></span> <span class='ocrx_word' id='word_1_805' title='bbox 2530 4174 2589 4218; x_wconf 91' lang='lat' dir='ltr'><strong>ut</strong></span> <span class='ocrx_word' id='word_1_806' title='bbox 2635 4180 2939 4234; x_wconf 70' lang='lat' dir='ltr'><strong>qua-ramus</strong></span> <span class='ocrx_word' id='word_1_807' title='bbox 2985 4167 3144 4220; x_wconf 89' lang='lat' dir='ltr'><strong>etiam</strong></span> <span class='ocrx_word' id='word_1_808' title='bbox 3173 4209 3188 4232; x_wconf 97' lang='lat'><strong>,</strong></span> <span class='ocrx_word' id='word_1_809' title='bbox 3235 4183 3332 4222; x_wconf 91' lang='lat' dir='ltr'><strong>cur</strong></span> <span class='ocrx_word' id='word_1_810' title='bbox 3373 4169 3673 4226; x_wconf 87' lang='lat' dir='ltr'><strong>Galatarum</strong></span> 
     </span>
    </p>
   </div>
   <div class='ocr_carea' id='block_1_105' title="bbox 2091 4255 3687 4317">
    <p class='ocr_par' dir='ltr' id='par_1_105' title="bbox 2091 4255 3687 4317">
     <span class='ocr_line' id='line_1_105' title="bbox 2091 4255 3687 4317; baseline 0.006 -8"><span class='ocrx_word' id='word_1_811' title='bbox 2091 4256 2410 4311; x_wconf 86' lang='lat' dir='ltr'><strong>meminerit.</strong></span> <span class='ocrx_word' id='word_1_812' title='bbox 2441 4255 2551 4311; x_wconf 89' lang='lat' dir='ltr'><strong>Cur</strong></span> <span class='ocrx_word' id='word_1_813' title='bbox 2587 4265 2762 4310; x_wconf 88' lang='lat' dir='ltr'><strong>autem</strong></span> <span class='ocrx_word' id='word_1_814' title='bbox 2793 4273 2899 4312; x_wconf 89' lang='lat' dir='ltr'><strong>non</strong></span> <span class='ocrx_word' id='word_1_815' title='bbox 2927 4258 3060 4312; x_wconf 79' lang='lat' dir='ltr'><strong>dixit</strong></span> <span class='ocrx_word' id='word_1_816' title='bbox 3097 4277 3110 4311; x_wconf 93' lang='lat'><strong>:</strong></span> <span class='ocrx_word' id='word_1_817' title='bbox 3141 4259 3217 4314; x_wconf 88' lang='lat' dir='ltr'><strong>De</strong></span> <span class='ocrx_word' id='word_1_818' title='bbox 3245 4261 3470 4315; x_wconf 89' lang='lat' dir='ltr'><strong>collecta</strong></span> <span class='ocrx_word' id='word_1_819' title='bbox 3498 4273 3687 4317; x_wconf 78' lang='lat' dir='ltr'><strong>autem</strong></span> 
     </span>
    </p>
   </div>
   <div class='ocr_carea' id='block_1_106' title="bbox 2092 4348 3674 4425">
    <p class='ocr_par' dir='ltr' id='par_1_106' title="bbox 2092 4348 3674 4425">
     <span class='ocr_line' id='line_1_106' title="bbox 2092 4348 3674 4425; baseline 0.003 -21"><span class='ocrx_word' id='word_1_820' title='bbox 2092 4353 2143 4404; x_wconf 92' lang='lat' dir='ltr'><strong>in</strong></span> <span class='ocrx_word' id='word_1_821' title='bbox 2185 4363 2397 4407; x_wconf 89' lang='lat' dir='ltr'><strong>sanctos</strong></span> <span class='ocrx_word' id='word_1_822' title='bbox 2436 4349 2538 4406; x_wconf 90' lang='lat' dir='ltr'><strong>hoc</strong></span> <span class='ocrx_word' id='word_1_823' title='bbox 2577 4348 2733 4406; x_wconf 83' lang='lat' dir='ltr'><strong>facite</strong></span> <span class='ocrx_word' id='word_1_824' title='bbox 2764 4369 2777 4405; x_wconf 94' lang='lat'><strong>:</strong></span> <span class='ocrx_word' id='word_1_825' title='bbox 2808 4367 2912 4406; x_wconf 88' lang='lat' dir='ltr'><strong>una</strong></span> <span class='ocrx_word' id='word_1_826' title='bbox 2944 4352 3284 4407; x_wconf 87' lang='lat' dir='ltr'><strong>sabbatorum</strong></span> <span class='ocrx_word' id='word_1_827' title='bbox 3315 4356 3674 4425; x_wconf 84' lang='lat' dir='ltr'><strong>unusquisque</strong></span> 
     </span>
    </p>
   </div>
   <div class='ocr_carea' id='block_1_107' title="bbox 2091 4441 3674 4520">
    <p class='ocr_par' dir='ltr' id='par_1_107' title="bbox 2091 4441 3674 4520">
     <span class='ocr_line' id='line_1_107' title="bbox 2091 4441 3674 4520; baseline 0.003 -26"><span class='ocrx_word' id='word_1_828' title='bbox 2091 4453 2328 4496; x_wconf 81' lang='lat' dir='ltr'><strong>vestrum</strong></span> <span class='ocrx_word' id='word_1_829' title='bbox 2358 4441 2496 4511; x_wconf 89' lang='lat' dir='ltr'><strong>apud</strong></span> <span class='ocrx_word' id='word_1_830' title='bbox 2523 4457 2581 4496; x_wconf 90' lang='lat' dir='ltr'><strong>se</strong></span> <span class='ocrx_word' id='word_1_831' title='bbox 2608 4452 2833 4520; x_wconf 85' lang='lat' dir='ltr'><strong>seponat</strong></span> <span class='ocrx_word' id='word_1_832' title='bbox 2859 4443 3252 4508; x_wconf 79' lang='lat' dir='ltr'><strong>tltcsaurizans;</strong></span> <span class='ocrx_word' id='word_1_833' title='bbox 3279 4446 3372 4500; x_wconf 88' lang='lat' dir='ltr'><strong>sed</strong></span> <span class='ocrx_word' id='word_1_834' title='bbox 3401 4457 3674 4516; x_wconf 85' lang='lat' dir='ltr'><strong>postquam</strong></span> 
     </span>
    </p>
   </div>
   <div class='ocr_carea' id='block_1_108' title="bbox 2090 4534 3676 4602">
    <p class='ocr_par' dir='ltr' id='par_1_108' title="bbox 2090 4534 3676 4602">
     <span class='ocr_line' id='line_1_108' title="bbox 2090 4534 3676 4602; baseline 0.002 -14"><span class='ocrx_word' id='word_1_835' title='bbox 2090 4536 2344 4602; x_wconf 77' lang='lat' dir='ltr'><strong>dixisset,</strong></span> <span class='ocrx_word' id='word_1_836' title='bbox 2378 4534 2458 4590; x_wconf 86' lang='lat' dir='ltr'><strong>De</strong></span> <span class='ocrx_word' id='word_1_837' title='bbox 2487 4535 2699 4591; x_wconf 89' lang='lat' dir='ltr'><strong>collecta</strong></span> <span class='ocrx_word' id='word_1_838' title='bbox 2732 4548 2898 4591; x_wconf 86' lang='lat' dir='ltr'><strong>autem</strong></span> <span class='ocrx_word' id='word_1_839' title='bbox 2929 4537 2981 4590; x_wconf 91' lang='lat' dir='ltr'><strong>in</strong></span> <span class='ocrx_word' id='word_1_840' title='bbox 3018 4548 3218 4590; x_wconf 86' lang='lat' dir='ltr'><strong>sanctos</strong></span> <span class='ocrx_word' id='word_1_841' title='bbox 3242 4579 3256 4602; x_wconf 97' lang='lat'><strong>,</strong></span> <span class='ocrx_word' id='word_1_842' title='bbox 3291 4539 3421 4591; x_wconf 90' lang='lat' dir='ltr'><strong>sicut</strong></span> <span class='ocrx_word' id='word_1_843' title='bbox 3453 4540 3676 4591; x_wconf 68' lang='lat' dir='ltr'><strong>ordinari</strong></span> 
     </span>
    </p>
   </div>
   <div class='ocr_carea' id='block_1_109' title="bbox 2095 4625 3675 4700">
    <p class='ocr_par' dir='ltr' id='par_1_109' title="bbox 2095 4625 3675 4700">
     <span class='ocr_line' id='line_1_109' title="bbox 2095 4625 3675 4700; baseline 0.003 -20"><span class='ocrx_word' id='word_1_844' title='bbox 2095 4626 2335 4686; x_wconf 80' lang='lat' dir='ltr'><strong>Ecclesiis</strong></span> <span class='ocrx_word' id='word_1_845' title='bbox 2359 4625 2576 4680; x_wconf 73' lang='lat' dir='ltr'><strong>Galatia:</strong></span> <span class='ocrx_word' id='word_1_846' title='bbox 2594 4669 2610 4693; x_wconf 95' lang='lat'><strong>,</strong></span> <span class='ocrx_word' id='word_1_847' title='bbox 2637 4628 2709 4680; x_wconf 88' lang='lat' dir='ltr'><strong>sic</strong></span> <span class='ocrx_word' id='word_1_848' title='bbox 2738 4639 2784 4682; x_wconf 91' lang='lat' dir='ltr'><strong>et</strong></span> <span class='ocrx_word' id='word_1_849' title='bbox 2818 4644 2905 4681; x_wconf 86' lang='lat' dir='ltr'><strong>vos</strong></span> <span class='ocrx_word' id='word_1_850' title='bbox 2930 4629 3082 4695; x_wconf 75' lang='lat' dir='ltr'><strong>facite</strong></span> <span class='ocrx_word' id='word_1_851' title='bbox 3099 4629 3124 4680; x_wconf 88' lang='lat'><strong><em>?</em></strong></span> <span class='ocrx_word' id='word_1_852' title='bbox 3147 4628 3254 4682; x_wconf 85' lang='lat' dir='ltr'><strong>Cur</strong></span> <span class='ocrx_word' id='word_1_853' title='bbox 3280 4628 3381 4682; x_wconf 92' lang='lat' dir='ltr'><strong>hoc</strong></span> <span class='ocrx_word' id='word_1_854' title='bbox 3408 4629 3514 4700; x_wconf 75' lang='lat' dir='ltr'><strong>agit</strong></span> <span class='ocrx_word' id='word_1_855' title='bbox 3539 4672 3553 4695; x_wconf 92' lang='lat'><strong>,</strong></span> <span class='ocrx_word' id='word_1_856' title='bbox 3581 4646 3675 4684; x_wconf 89' lang='lat' dir='ltr'><strong>nec</strong></span> 
     </span>
    </p>
   </div>
   <div class='ocr_carea' id='block_1_110' title="bbox 2091 4719 3674 4789">
    <p class='ocr_par' dir='ltr' id='par_1_110' title="bbox 2091 4719 3674 4789">
     <span class='ocr_line' id='line_1_110' title="bbox 2091 4719 3674 4789; baseline 0.004 -17"><span class='ocrx_word' id='word_1_857' title='bbox 2091 4720 2249 4774; x_wconf 90' lang='lat' dir='ltr'><strong>unius</strong></span> <span class='ocrx_word' id='word_1_858' title='bbox 2291 4719 2583 4774; x_wconf 88' lang='lat' dir='ltr'><strong>duarumve</strong></span> <span class='ocrx_word' id='word_1_859' title='bbox 2607 4761 2622 4781; x_wconf 94' lang='lat'><strong>,</strong></span> <span class='ocrx_word' id='word_1_860' title='bbox 2651 4730 2741 4773; x_wconf 89' lang='lat' dir='ltr'><strong>aut</strong></span> <span class='ocrx_word' id='word_1_861' title='bbox 2783 4720 2940 4773; x_wconf 91' lang='lat' dir='ltr'><strong>trium</strong></span> <span class='ocrx_word' id='word_1_862' title='bbox 2970 4720 3240 4774; x_wconf 83' lang='lat' dir='ltr'><strong>civitatqu</strong></span> <span class='ocrx_word' id='word_1_863' title='bbox 3270 4722 3510 4776; x_wconf 87' lang='lat' dir='ltr'><strong>meminit</strong></span> <span class='ocrx_word' id='word_1_864' title='bbox 3540 4765 3556 4789; x_wconf 92' lang='lat'><strong>,</strong></span> <span class='ocrx_word' id='word_1_865' title='bbox 3582 4723 3674 4778; x_wconf 83' lang='lat' dir='ltr'><strong>sed</strong></span> 
     </span>
    </p>
   </div>
   <div class='ocr_carea' id='block_1_111' title="bbox 2089 4811 3671 4882">
    <p class='ocr_par' dir='ltr' id='par_1_111' title="bbox 2089 4811 3671 4882">
     <span class='ocr_line' id='line_1_111' title="bbox 2089 4811 3671 4882; baseline 0.001 -15"><span class='ocrx_word' id='word_1_866' title='bbox 2089 4813 2263 4882; x_wconf 82' lang='lat' dir='ltr'><strong>gentis</strong></span> <span class='ocrx_word' id='word_1_867' title='bbox 2290 4812 2547 4882; x_wconf 56' lang='lat' dir='ltr'><strong>integre?</strong></span> <span class='ocrx_word' id='word_1_868' title='bbox 2585 4811 2651 4865; x_wconf 89' lang='lat' dir='ltr'><strong>Ut</strong></span> <span class='ocrx_word' id='word_1_869' title='bbox 2675 4812 2844 4878; x_wconf 82' lang='lat' dir='ltr'><strong>majus</strong></span> <span class='ocrx_word' id='word_1_870' title='bbox 2875 4811 3102 4864; x_wconf 90' lang='lat' dir='ltr'><strong>studimn</strong></span> <span class='ocrx_word' id='word_1_871' title='bbox 3134 4812 3469 4881; x_wconf 74' lang='lat' dir='ltr'><strong>susciperent</strong></span> <span class='ocrx_word' id='word_1_872' title='bbox 3497 4855 3511 4878; x_wconf 96' lang='lat'><strong>,</strong></span> <span class='ocrx_word' id='word_1_873' title='bbox 3541 4815 3671 4869; x_wconf 82' lang='lat' dir='ltr'><strong>alio-</strong></span> 
     </span>
    </p>
   </div>
   <div class='ocr_carea' id='block_1_112' title="bbox 2092 4902 3684 4978">
    <p class='ocr_par' dir='ltr' id='par_1_112' title="bbox 2092 4902 3684 4978">
     <span class='ocr_line' id='line_1_112' title="bbox 2092 4902 3684 4978; baseline 0.001 -20"><span class='ocrx_word' id='word_1_874' title='bbox 2092 4919 2316 4974; x_wconf 90' lang='lat' dir='ltr'><strong>rumque</strong></span> <span class='ocrx_word' id='word_1_875' title='bbox 2335 4904 2516 4958; x_wconf 86' lang='lat' dir='ltr'><strong>laudes</strong></span> <span class='ocrx_word' id='word_1_876' title='bbox 2539 4904 2754 4971; x_wconf 90' lang='lat' dir='ltr'><strong>majoris</strong></span> <span class='ocrx_word' id='word_1_877' title='bbox 2771 4902 2867 4956; x_wconf 89' lang='lat' dir='ltr'><strong>sibi</strong></span> <span class='ocrx_word' id='word_1_878' title='bbox 2879 4903 3232 4957; x_wconf 64' lang='lat' dir='ltr'><strong>aemulationis</strong></span> <span class='ocrx_word' id='word_1_879' title='bbox 3247 4904 3462 4958; x_wconf 89' lang='lat' dir='ltr'><strong>occasio</strong></span> <span class='ocrx_word' id='word_1_880' title='bbox 3476 4916 3684 4978; x_wconf 85' lang='lat' dir='ltr'><strong>essent._</strong></span> 
     </span>
    </p>
   </div>
   <div class='ocr_carea' id='block_1_113' title="bbox 2091 4994 3675 5065">
    <p class='ocr_par' dir='ltr' id='par_1_113' title="bbox 2091 4994 3675 5065">
     <span class='ocr_line' id='line_1_113' title="bbox 2091 4994 3675 5065; baseline 0 -15"><span class='ocrx_word' id='word_1_881' title='bbox 2091 4996 2294 5051; x_wconf 90' lang='lat' dir='ltr'><strong>Deinde</strong></span> <span class='ocrx_word' id='word_1_882' title='bbox 2341 4995 2556 5050; x_wconf 91' lang='lat' dir='ltr'><strong>modum</strong></span> <span class='ocrx_word' id='word_1_883' title='bbox 2580 5037 2596 5061; x_wconf 95' lang='lat'><strong>,</strong></span> <span class='ocrx_word' id='word_1_884' title='bbox 2628 5009 2733 5065; x_wconf 91' lang='lat' dir='ltr'><strong>quo</strong></span> <span class='ocrx_word' id='word_1_885' title='bbox 2759 4995 3009 5065; x_wconf 72' lang='lat' dir='ltr'><strong>prmcepit</strong></span> <span class='ocrx_word' id='word_1_886' title='bbox 3031 5035 3046 5060; x_wconf 90' lang='lat'><strong>,</strong></span> <span class='ocrx_word' id='word_1_887' title='bbox 3076 4994 3312 5049; x_wconf 88' lang='lat' dir='ltr'><strong>declarat</strong></span> <span class='ocrx_word' id='word_1_888' title='bbox 3343 5013 3357 5049; x_wconf 88' lang='lat'><strong>:</strong></span> <span class='ocrx_word' id='word_1_889' title='bbox 3393 4995 3498 5050; x_wconf 84' lang='lat' dir='ltr'><strong>Per</strong></span> <span class='ocrx_word' id='word_1_890' title='bbox 3527 5013 3675 5050; x_wconf 73' lang='grc' dir='ltr'><strong>ιηιιηι</strong></span> 
     </span>
    </p>
   </div>
   <div class='ocr_carea' id='block_1_114' title="bbox 2091 5087 3672 5159">
    <p class='ocr_par' dir='ltr' id='par_1_114' title="bbox 2091 5087 3672 5159">
     <span class='ocr_line' id='line_1_114' title="bbox 2091 5087 3672 5159; baseline -0.001 -17"><span class='ocrx_word' id='word_1_891' title='bbox 2091 5088 2285 5152; x_wconf 80' lang='lat' dir='ltr'><strong>sabbati</strong></span> <span class='ocrx_word' id='word_1_892' title='bbox 2303 5129 2318 5151; x_wconf 97' lang='lat'><strong>,</strong></span> <span class='ocrx_word' id='word_1_893' title='bbox 2348 5087 2553 5157; x_wconf 89' lang='lat' dir='ltr'><strong>inquit,</strong></span> <span class='ocrx_word' id='word_1_894' title='bbox 2585 5088 2928 5156; x_wconf 83' lang='lat' dir='ltr'><strong>unusquisque</strong></span> <span class='ocrx_word' id='word_1_895' title='bbox 2954 5095 3165 5140; x_wconf 86' lang='lat' dir='ltr'><strong>vestrum</strong></span> <span class='ocrx_word' id='word_1_896' title='bbox 3188 5088 3330 5156; x_wconf 86' lang='lat' dir='ltr'><strong>apud</strong></span> <span class='ocrx_word' id='word_1_897' title='bbox 3355 5104 3411 5142; x_wconf 89' lang='lat' dir='ltr'><strong>se</strong></span> <span class='ocrx_word' id='word_1_898' title='bbox 3436 5099 3640 5159; x_wconf 76' lang='lat' dir='ltr'><strong>seponat</strong></span> <span class='ocrx_word' id='word_1_899' title='bbox 3658 5130 3672 5152; x_wconf 94' lang='lat'><strong>,</strong></span> 
     </span>
    </p>
   </div>
   <div class='ocr_carea' id='block_1_115' title="bbox 2092 5179 3676 5248">
    <p class='ocr_par' dir='ltr' id='par_1_115' title="bbox 2092 5179 3676 5248">
     <span class='ocr_line' id='line_1_115' title="bbox 2092 5179 3676 5248; baseline 0 -14"><span class='ocrx_word' id='word_1_900' title='bbox 2092 5182 2364 5234; x_wconf 85' lang='lat' dir='ltr'><strong>recondens</strong></span> <span class='ocrx_word' id='word_1_901' title='bbox 2391 5180 2525 5248; x_wconf 85' lang='lat' dir='ltr'><strong>quod</strong></span> <span class='ocrx_word' id='word_1_902' title='bbox 2545 5180 2638 5234; x_wconf 86' lang='lat' dir='ltr'><strong>sibi</strong></span> <span class='ocrx_word' id='word_1_903' title='bbox 2668 5179 2914 5248; x_wconf 85' lang='lat' dir='ltr'><strong>placuerit</strong></span> <span class='ocrx_word' id='word_1_904' title='bbox 2938 5221 2953 5244; x_wconf 93' lang='lat'><strong>,</strong></span> <span class='ocrx_word' id='word_1_905' title='bbox 2983 5189 3036 5232; x_wconf 90' lang='lat' dir='ltr'><strong>ut</strong></span> <span class='ocrx_word' id='word_1_906' title='bbox 3059 5195 3158 5232; x_wconf 87' lang='lat' dir='ltr'><strong>non</strong></span> <span class='ocrx_word' id='word_1_907' title='bbox 3183 5196 3299 5233; x_wconf 87' lang='lat' dir='ltr'><strong>cum</strong></span> <span class='ocrx_word' id='word_1_908' title='bbox 3324 5195 3504 5239; x_wconf 75' lang='lat' dir='ltr'><strong>uenero</strong></span> <span class='ocrx_word' id='word_1_909' title='bbox 3524 5223 3538 5243; x_wconf 94' lang='lat'><strong>,</strong></span> <span class='ocrx_word' id='word_1_910' title='bbox 3564 5194 3676 5234; x_wconf 85' lang='lat' dir='ltr'><strong>tunc</strong></span> 
     </span>
    </p>
   </div>
   <div class='ocr_carea' id='block_1_116' title="bbox 2091 5266 3672 5341">
    <p class='ocr_par' dir='ltr' id='par_1_116' title="bbox 2091 5266 3672 5341">
     <span class='ocr_line' id='line_1_116' title="bbox 2091 5266 3672 5341; baseline 0 -17"><span class='ocrx_word' id='word_1_911' title='bbox 2091 5271 2313 5328; x_wconf 77' lang='lat' dir='ltr'><strong>collecta:</strong></span> <span class='ocrx_word' id='word_1_912' title='bbox 2349 5271 2475 5337; x_wconf 82' lang='lat' dir='ltr'><strong>ﬁant</strong></span> <span class='ocrx_word' id='word_1_913' title='bbox 2501 5271 2578 5339; x_wconf 89' lang='grc'><strong>(1.</strong></span> <span class='ocrx_word' id='word_1_914' title='bbox 2604 5268 2722 5325; x_wconf 89' lang='lat' dir='ltr'><strong>Cor.</strong></span> <span class='ocrx_word' id='word_1_915' title='bbox 2747 5271 2834 5324; x_wconf 86' lang='grc'><strong>16.</strong></span> <span class='ocrx_word' id='word_1_916' title='bbox 2860 5269 2939 5341; x_wconf 68' lang='grc'><strong>2).</strong></span> <span class='ocrx_word' id='word_1_917' title='bbox 2969 5269 3138 5331; x_wconf 86' lang='lat' dir='ltr'><strong>Unam</strong></span> <span class='ocrx_word' id='word_1_918' title='bbox 3169 5271 3515 5328; x_wconf 84' lang='lat' dir='ltr'><strong>sabbatorum</strong></span> <span class='ocrx_word' id='word_1_919' title='bbox 3569 5266 3672 5324; x_wconf 87' lang='lat' dir='ltr'><strong>Do-</strong></span> 
     </span>
    </p>
   </div>
   <div class='ocr_carea' id='block_1_117' title="bbox 2094 5361 3674 5433">
    <p class='ocr_par' dir='ltr' id='par_1_117' title="bbox 2094 5361 3674 5433">
     <span class='ocr_line' id='line_1_117' title="bbox 2094 5361 3674 5433; baseline 0 -17"><span class='ocrx_word' id='word_1_920' title='bbox 2094 5363 2340 5418; x_wconf 89' lang='lat' dir='ltr'><strong>minicam</strong></span> <span class='ocrx_word' id='word_1_921' title='bbox 2363 5363 2590 5416; x_wconf 83' lang='lat' dir='ltr'><strong>vocavit.</strong></span> <span class='ocrx_word' id='word_1_922' title='bbox 2617 5361 2682 5415; x_wconf 84' lang='lat' dir='ltr'><strong>Et</strong></span> <span class='ocrx_word' id='word_1_923' title='bbox 2701 5377 2795 5414; x_wconf 88' lang='lat' dir='ltr'><strong>cur</strong></span> <span class='ocrx_word' id='word_1_924' title='bbox 2817 5363 2972 5417; x_wconf 88' lang='lat' dir='ltr'><strong>talem</strong></span> <span class='ocrx_word' id='word_1_925' title='bbox 2994 5361 3132 5416; x_wconf 88' lang='lat' dir='ltr'><strong>diem</strong></span> <span class='ocrx_word' id='word_1_926' title='bbox 3155 5363 3410 5418; x_wconf 90' lang='lat' dir='ltr'><strong>oblationi</strong></span> <span class='ocrx_word' id='word_1_927' title='bbox 3433 5365 3674 5433; x_wconf 77' lang='lat' dir='ltr'><strong>deputat?</strong></span> 
     </span>
    </p>
   </div>
   <div class='ocr_carea' id='block_1_118' title="bbox 2093 5453 3671 5519">
    <p class='ocr_par' dir='ltr' id='par_1_118' title="bbox 2093 5453 3671 5519">
     <span class='ocr_line' id='line_1_118' title="bbox 2093 5453 3671 5519; baseline -0.002 -11"><span class='ocrx_word' id='word_1_928' title='bbox 2093 5472 2189 5510; x_wconf 83' lang='lat' dir='ltr'><strong>cur</strong></span> <span class='ocrx_word' id='word_1_929' title='bbox 2220 5470 2326 5508; x_wconf 90' lang='lat' dir='ltr'><strong>non</strong></span> <span class='ocrx_word' id='word_1_930' title='bbox 2353 5454 2524 5519; x_wconf 78' lang='lat' dir='ltr'><strong>dixit,</strong></span> <span class='ocrx_word' id='word_1_931' title='bbox 2552 5453 2782 5507; x_wconf 88' lang='lat' dir='ltr'><strong>secunda</strong></span> <span class='ocrx_word' id='word_1_932' title='bbox 2809 5453 3151 5511; x_wconf 83' lang='lat' dir='ltr'><strong>sabbatorum</strong></span> <span class='ocrx_word' id='word_1_933' title='bbox 3180 5464 3272 5508; x_wconf 88' lang='lat' dir='ltr'><strong>aut</strong></span> <span class='ocrx_word' id='word_1_934' title='bbox 3308 5455 3463 5508; x_wconf 86' lang='lat' dir='ltr'><strong>tertia</strong></span> <span class='ocrx_word' id='word_1_935' title='bbox 3494 5456 3671 5510; x_wconf 81' lang='lat' dir='ltr'><strong>sabba-</strong></span> 
     </span>
    </p>
   </div>
   <div class='ocr_carea' id='block_1_119' title="bbox 2097 5543 3669 5616">
    <p class='ocr_par' dir='ltr' id='par_1_119' title="bbox 2097 5543 3669 5616">
     <span class='ocr_line' id='line_1_119' title="bbox 2097 5543 3669 5616; baseline 0.001 -17"><span class='ocrx_word' id='word_1_936' title='bbox 2097 5557 2266 5600; x_wconf 83' lang='lat' dir='ltr'><strong>torum</strong></span> <span class='ocrx_word' id='word_1_937' title='bbox 2289 5587 2302 5610; x_wconf 97' lang='lat'><strong>,</strong></span> <span class='ocrx_word' id='word_1_938' title='bbox 2329 5555 2422 5599; x_wconf 88' lang='lat' dir='ltr'><strong>aut</strong></span> <span class='ocrx_word' id='word_1_939' title='bbox 2458 5546 2509 5598; x_wconf 94' lang='lat' dir='ltr'><strong>in</strong></span> <span class='ocrx_word' id='word_1_940' title='bbox 2540 5546 2668 5614; x_wconf 91' lang='lat' dir='ltr'><strong>ipsis</strong></span> <span class='ocrx_word' id='word_1_941' title='bbox 2704 5545 2938 5599; x_wconf 86' lang='lat' dir='ltr'><strong>sabbatis</strong></span> <span class='ocrx_word' id='word_1_942' title='bbox 2954 5545 2986 5598; x_wconf 90' lang='lat'><strong>?-</strong></span> <span class='ocrx_word' id='word_1_943' title='bbox 3018 5543 3134 5599; x_wconf 85' lang='lat' dir='ltr'><strong>Non</strong></span> <span class='ocrx_word' id='word_1_944' title='bbox 3165 5553 3364 5600; x_wconf 86' lang='lat' dir='ltr'><strong>temere</strong></span> <span class='ocrx_word' id='word_1_945' title='bbox 3399 5547 3635 5616; x_wconf 84' lang='lat' dir='ltr'><strong>profecto</strong></span> <span class='ocrx_word' id='word_1_946' title='bbox 3657 5589 3669 5606; x_wconf 86' lang='lat'><strong>.</strong></span> 
     </span>
    </p>
   </div>
   <div class='ocr_carea' id='block_1_120' title="bbox 2097 5635 3672 5707">
    <p class='ocr_par' dir='ltr' id='par_1_120' title="bbox 2097 5635 3672 5707">
     <span class='ocr_line' id='line_1_120' title="bbox 2097 5635 3672 5707; baseline 0.001 -18"><span class='ocrx_word' id='word_1_947' title='bbox 2097 5652 2194 5690; x_wconf 88' lang='lat' dir='ltr'><strong>nec</strong></span> <span class='ocrx_word' id='word_1_948' title='bbox 2222 5637 2335 5690; x_wconf 89' lang='lat' dir='ltr'><strong>sine</strong></span> <span class='ocrx_word' id='word_1_949' title='bbox 2371 5651 2565 5700; x_wconf 87' lang='lat' dir='ltr'><strong>causa;</strong></span> <span class='ocrx_word' id='word_1_950' title='bbox 2599 5635 2692 5690; x_wconf 90' lang='lat' dir='ltr'><strong>sed</strong></span> <span class='ocrx_word' id='word_1_951' title='bbox 2719 5635 2860 5705; x_wconf 91' lang='lat' dir='ltr'><strong>quod</strong></span> <span class='ocrx_word' id='word_1_952' title='bbox 2891 5635 3047 5690; x_wconf 87' lang='lat' dir='ltr'><strong>vellet</strong></span> <span class='ocrx_word' id='word_1_953' title='bbox 3072 5652 3111 5690; x_wconf 92' lang='lat' dir='ltr'><strong>a.</strong></span> <span class='ocrx_word' id='word_1_954' title='bbox 3133 5639 3392 5705; x_wconf 88' lang='lat' dir='ltr'><strong>temporis</strong></span> <span class='ocrx_word' id='word_1_955' title='bbox 3422 5648 3672 5707; x_wconf 82' lang='lat' dir='ltr'><strong>opportu-</strong></span> 
     </span>
    </p>
   </div>
   <div class='ocr_carea' id='block_1_121' title="bbox 2097 5730 3673 5815">
    <p class='ocr_par' dir='ltr' id='par_1_121' title="bbox 2097 5730 3673 5815">
     <span class='ocr_line' id='line_1_121' title="bbox 2097 5730 3673 5815; baseline -0.001 -31"><span class='ocrx_word' id='word_1_956' title='bbox 2097 5731 2261 5785; x_wconf 84' lang='lat' dir='ltr'><strong>nitate</strong></span> <span class='ocrx_word' id='word_1_957' title='bbox 2277 5730 2470 5800; x_wconf 87' lang='lat' dir='ltr'><strong>juvari,</strong></span> <span class='ocrx_word' id='word_1_958' title='bbox 2494 5739 2549 5784; x_wconf 91' lang='lat' dir='ltr'><strong>ut</strong></span> <span class='ocrx_word' id='word_1_959' title='bbox 2570 5731 2737 5800; x_wconf 81' lang='lat' dir='ltr'><strong>majus</strong></span> <span class='ocrx_word' id='word_1_960' title='bbox 2761 5730 3102 5786; x_wconf 78' lang='lat' dir='ltr'><strong>oll&#39;ercntibus</strong></span> <span class='ocrx_word' id='word_1_961' title='bbox 3123 5731 3356 5786; x_wconf 84' lang='lat' dir='ltr'><strong>studium</strong></span> <span class='ocrx_word' id='word_1_962' title='bbox 3378 5733 3673 5815; x_wconf 67' lang='lat' dir='ltr'><strong>accederet.</strong></span> 
     </span>
    </p>
   </div>
  </div>
