3990 6358
309 321 421 379 263

307 436 601 506 φρονήτοις
641 438 998 504 παρέχοντας,
1041 434 1156 488 ἀλλ’
1191 436 1391 490 εἰδέναι
1423 434 1608 503 σαφῶς
1653 433 1746 486 καὶ
1776 433 1892 486 πείο

305 521 422 572 θειν
459 518 706 578 ἑαυτοὺς,
736 516 817 568 ὃτι
851 518 1016 586 τιμῆς
1052 517 1388 570 ἀπολαύουσι
1444 517 1726 588 μεγίστης,
1763 533 1919 569 κατ-.

308 601 626 669 αξιούμενοι
655 601 933 651 κοινωνεῖν
968 602 1090 663 ταῖς
1129 602 1350 653 ἐκείνων
1379 600 1643 669 θλίψεσιν.

380 682 446 752 β’.
475 682 658 748 ’Ἄξιον
685 681 741 733 δὲ
772 683 994 733 κάκεῖνο
1019 682 1312 747 ἐξετάζειν,
1340 683 1484 744 τίνες
1507 683 1644 734 εἰσὶν
1673 672 1818 733 οῦτοι
1843 681 1891 733 οἱ

305 768 476 835 ἅγιοι·
517 765 639 818 οὐδὲ
669 762 779 833 γὰρ
801 763 1036 818 ἐνταῦθα
1057 765 1236 817 αὐτῶν
1257 767 1528 836 μέμνηται
1549 765 1728 835 μόνον,
1756 762 1892 816 ἀλλά

304 852 401 903 καὶ
426 848 654 919 ἑτέρωθι
683 848 844 900 πάλιν
872 846 1017 901 οὕτω
1059 846 1252 915 λέγων·
1289 849 1439 902 Νυνί
1471 845 1540 901 δέ
1571 847 1893 915 πορεύομαι

305 935 394 999 είς
408 932 794 998 Ἰερουσαλὴμ
813 930 1196 999 διακονήσων
1232 930 1357 996 τοῖς
1378 931 1588 999 ἁγίοις.
1625 931 1734 982 Καὶ
1761 931 1894 982 Λου-

305 1019 410 1078 κᾶς
437 1017 497 1070 δὲ
524 1017 583 1068 ἐν
609 1017 732 1078 ταῖς
762 1011 1022 1084 Πράξεσι,
1055 1012 1216 1084 λιμοῦ
1245 1013 1695 1084 προσδοκωμένου
1721 1013 1890 1080 μεγά-

306 1104 422 1167 λου,
451 1102 658 1156 τούτων
682 1101 862 1156 αὐτῶν
890 1089 1239 1171 μεμνημένος
1251 1099 1360 1152 τῶν
1386 1100 1557 1168 ἁγίων
1585 1101 1739 1169 φησι·
1772 1099 1894 1152 Τῶν

304 1186 376 1244 δὲ
396 1183 700 1255 μαθητῶν,
727 1183 920 1249 καθὼς
937 1180 1248 1250 εὐπορεῖτό
1267 1199 1376 1248 τις,
1398 1181 1895 1250 ὥρισενὲκαστος

304 1267 539 1336 πέμψαι
568 1267 720 1334 πρὸς
750 1267 894 1331 τοὺς
927 1258 1204 1332 πτωχοὺς
1238 1263 1356 1318 τῶν
1377 1266 1560 1334 ἁγίων
1582 1265 1652 1318 ἐν
1691 1265 1896 1332 Ἰερου-

307 1351 541 1420 σαλήμ.
576 1351 690 1403 Καὶ
744 1349 932 1412 πάλιν,
959 1348 988 1400 ὃ
1041 1347 1136 1400 καὶ
1161 1347 1469 1418 ἔμπροσθεν
1500 1347 1669 1418 έφθην
1701 1347 1890 1408 εἰπὼν,

306 1436 516 1489 Μόνον
563 1431 682 1486 τῶν
720 1431 971 1500 πτωχῶν
1017 1431 1118 1484 ἵνα
1159 1431 1652 1500 μνημονεύωμεν,
1707 1429 1740 1483 ὃ
1794 1431 1891 1484 καί

307 1515 668 1572 ἐσπούδασα
702 1516 848 1570 αὐτὸ
882 1514 1058 1569 τοῦτο
1111 1512 1385 1582 ποιῆσαι.
1439 1513 1654 1584 Ἐπειδὴ
1679 1513 1736 1566 δὲ
1763 1513 1893 1566 διει-

308 1599 536 1670 λόμεθα,
564 1597 674 1668 ἐγὼ
726 1599 825 1668 μὲν
869 1598 998 1660 τοὺς
1051 1596 1337 1667 Ἕλληνας,
1383 1598 1410 1649 ὁ
1438 1597 1494 1650 δὲ
1524 1597 1726 1668 Πέτρος
1770 1598 1896 1662 τοὺς

323 1681 632 1744 Ἰουδαίους,
666 1682 817 1750 κοινῇ
839 1679 1033 1752 γνώμῃ
1071 1679 1428 1750 συνεθέμεθα,
1458 1681 1642 1748 φησὶν,
1675 1679 1814 1732 ὥστε
1838 1681 1894 1732 ἐν

308 1770 421 1830 τοῖς
457 1767 694 1834 πτωχοῖς
721 1765 795 1835 μὴ
824 1759 964 1816 εἶναι
987 1765 1086 1833 τὴν
1117 1762 1378 1834 διαίρεσιν
1399 1762 1622 1834 ταύτην.
1645 1766 1775 1817 Ὅτε
1801 1765 1896 1833 μὲν

309 1850 418 1919 γάρ
443 1851 760 1920 ἐκήρυττον,
787 1849 814 1899 ό
843 1846 940 1916 μὲν
973 1849 1084 1907 τοῖς
1129 1845 1424 1909 Ἰουδαίοις,
1443 1847 1471 1897 ὁ
1503 1846 1558 1898 δὲ
1582 1849 1694 1910 τοῖς
1711 1847 1898 1917 ’Ἐλλη-

311 1949 397 1984 σιν
426 1933 746 2002 ἐκήρυττον·
806 1930 895 1982 ὅτε
922 1930 980 1982 δὲ
1015 1930 1262 1999 πενήτων
1319 1930 1666 1999 προΐσταντο,
1714 1931 1896 1983 ούκέτι

309 2013 503 2078 οὕτως,
534 2014 564 2065 ὁ
612 2014 711 2082 μὲν
751 2011 860 2064 τῶν
904 2013 1154 2082 πενήτων
1181 2013 1289 2064 τῶν
1332 2013 1616 2070 Ἰουδαίων,
1640 2015 1669 2066 ὁ
1703 2012 1760 2065 δὲ
1791 2012 1898 2066 τῶν

310 2099 560 2165 πενήτων
587 2096 694 2150 τῶν
737 2093 1006 2164 Ἑλλήνων
1049 2095 1227 2164 μόνον·
1274 2094 1409 2148 ἀλλά
1449 2095 1544 2148 καὶ
1595 2095 1704 2147 τῶν
1749 2095 1898 2165 παρά

324 2179 597 2241 Ἰουδαίοις
657 2179 1048 2246 πτωχευόντων
1101 2177 1332 2240 ἕκαστος
1395 2177 1595 2247 πολλὴν
1663 2180 1897 2230 ἐποιεῖτο

309 2263 586 2334 πρόνοιαν,
619 2261 712 2314 Διὸ
746 2262 839 2314 καὶ
885 2260 1072 2327 ἔλεγε,
1114 2258 1321 2330 Μόνον
1358 2259 1476 2312 τῶν
1515 2261 1765 2330 πτωχῶν
1799 2261 1899 2315 ἵνα

305 2346 797 2414 μνημονεύωμεν,
819 2343 849 2396 ὃ
878 2345 976 2398 καὶ
998 2344 1353 2398 ἐσπούδασα
1373 2345 1520 2399 αὐτὸ
1541 2347 1710 2398 τοῦτο
1735 2343 1900 2412 ποιῆ-

310 2444 439 2490 σιμ-
477 2428 633 2491 Τίνες
659 2423 751 2481 οὖν
771 2430 906 2480 εἰσιν
938 2420 1104 2492 οῦτοι,
1145 2429 1272 2500 περὶ
1297 2422 1368 2479 ὧν
1393 2428 1625 2480 ἐνταῦθα
1653 2428 1899 2496 διαλέγε-

309 2531 420 2579 ται,
463 2514 556 2566 καῖ
577 2516 634 2566 ἐν
662 2515 728 2584 τῇ
749 2512 901 2582 ,πρδς
961 2513 1265 2581 Ῥωμαίους
1303 2512 1582 2582 ἐπιστολῇ,
1613 2513 1708 2565 καὶ
1739 2515 1796 2565 ἐν
1831 2515 1898 2583 τῇ

311 2596 450 2665 πρὸς
480 2595 740 2658 Γαλάτας,
777 2595 916 2665 ὑπὲρ
943 2589 1019 2648 ῶν
1037 2596 1131 2654 καὶ
1161 2595 1478 2658 Μακεδόνας
1499 2595 1898 2666 παρεκάλεσεν;

311 2681 379 2732 Οἱ
412 2679 523 2732 τῶν
558 2678 831 2738 Ἰουδαίων
865 2678 1116 2747 πένητες,
1152 2679 1200 2732 οἱ
1232 2681 1290 2730 ἐν
1342 2679 1736 2750 Ἱεροσολύμοις
1765 2679 1900 2732 καθ-

311 2763 524 2834 ήμενοι.
559 2763 670 2814 Καὶ
707 2759 850 2824 τίνος
887 2757 982 2813 οὖν
1015 2761 1200 2812 ἕνεκεν
1229 2761 1498 2832 τοσαύτην
1529 2763 1708 2816 αὐτῶν
1732 2765 1902 2815 ποιεῖ-

310 2863 402 2899 ται
425 2845 722 2916 πρόνοιαν;
779 2844 853 2915 μὴ
895 2845 1003 2914 γάρ
1030 2844 1151 2914 ούχὶ
1189 2845 1282 2898 καὶ
1311 2846 1433 2898 καθ’
1476 2846 1714 2916 ἑκάστην
1747 2845 1903 2898 πόλιν

311 2924 455 3001 ἦσαν
487 2929 692 2997 πτωχοί
717 2928 813 2982 καὶ
844 2927 1105 2998 πένητεςς
1146 2928 1199 2980 τί
1235 2928 1434 2998 δήποτε
1473 2926 1567 2981 οὖν
1603 2930 1738 3000 πρὸς
1769 2929 1905 2981 ὲκεί-

313 3029 441 3076 vou;
491 3014 722 3080 πέμπει,
774 3011 870 3063 καὶ
912 3013 1121 3074 πάντας
1163 3011 1306 3082 ὑπὲρ
1345 3011 1524 3066 αὐτῶν
1560 3011 1902 3082 παρακαλεί;

313 3097 430 3166 Οὐχ
453 3095 657 3159 ἁπλῶς,
683 3094 804 3147 οὐδὲ
831 3096 905 3158 ὼς
925 3093 1136 3164 ἔτυχεν,
1160 3095 1282 3148 οὐδὲ
1309 3096 1735 3166 προσωποληψία
1759 3095 1904 3167 χρώ-

317 3180 479 3251 μενός
524 3196 652 3244 τινι,
683 3177 820 3232 ἀλλὰ
852 3177 1000 3250 [251]
1031 3177 1318 3250 χρησίμως
1353 3179 1446 3232 καὶ
1487 3180 1897 3251 συμφερόντως.

315 3263 529 3333 Μικρὸν
569 3262 629 3315 δὲ
679 3261 939 3332 ἀνωτέρω
982 3261 1076 3314 τὸν
1127 3261 1285 3330 λόγον
1329 3263 1557 3331 ἀγαγεῖν
1588 3265 1901 3330 ἀναγκαῖον.

329 3347 551 3417 Ἐπειδὴ
589 3346 656 3399 τά
685 3344 797 3400 τῶν
855 3344 1127 3398 Ἰουδαίων
1161 3344 1431 3415 μετέπεσε
1467 3347 1788 3417 πράγματα,
1813 3347 1908 3400 καὶ

317 3432 409 3484 τὸν
453 3431 662 3502 Ἰησοῦν
697 3427 1135 3501 σταυρώσαντες,
1168 3428 1267 3500 τὴν
1299 3429 1482 3500 φωνὴν
1530 3431 1746 3502 ἐκείνην
1784 3429 1905 3484 καθ’

316 3514 528 3568 ἐαυτῶν
571 3513 880 3584 ἐκύρωσαν,
925 3511 1195 3581 λέγοντες,
1230 3514 1355 3566 Οὐκ
1381 3511 1905 3582 ἕχομενβασιλέα,

318 3599 372 3652 εί
401 3596 490 3666 μὴ
536 3598 830 3664 Καίσαρα,
863 3595 958 3650 καὶ
983 3594 1168 3648 λοιπὸν
1199 3595 1306 3649 ὑπὸ
1339 3596 1438 3666 τὴν
1480 3596 1766 3666 Ῥωμαίων
1791 3597 1909 3650 ἐτέ-

320 3680 498 3750 θησαν
532 3679 728 3750 ἀρχὴν,
769 3677 895 3732 οὔτε
947 3679 1237 3748 αὐτόνομοι
1289 3675 1454 3749 ἦσαν,
1510 3678 1762 3751 καθάπερ
1818 3681 1911 3732 καὶ

319 3764 624 3836 πρότερον,
685 3760 811 3816 οὔτε
841 3761 1071 3817 καθόλου
1106 3761 1306 3825 δοῦλοι,
1355 3761 1608 3834 καθάπερ
1655 3765 1750 3817 καὶ
1791 3761 1906 3816 νῦν·

321 3847 438 3902 ἀλλ’
463 3847 523 3900 ἐν
553 3844 709 3911 τάξει
737 3845 1045 3918 συμμάχων
1075 3845 1226 3910 ὄντες
1257 3847 1552 3912 διετέλουν,
1581 3845 1781 3918 φόρους
1812 3846 1912 3917 μὲν

318 3929 605 3992 τελοῦντες
652 3931 766 3994 τοῖς
814 3927 1125 4000 βασιλεῦσιν
1157 3930 1385 3994 ἑαυτῶν,
1437 3931 1533 3984 καὶ
1595 3931 1722 3995 τοὺς
1780 3931 1910 4000 παρ’

322 4015 551 4073 ἐκείνων
574 4015 840 4086 ἄρχοντας
884 4013 1184 4084 δεχόμενοι·
1220 4013 1490 4084 πολλαχοῦ
1522 4014 1580 4068 δὲ
1599 4018 1711 4092 τοῖς
1762 4014 1914 4079 ἰδίοις

324 4097 658 4169 κεχρημένοι
700 4097 903 4168 νόμοις,
959 4099 1054 4157 καὶ
1088 4097 1218 4162 τοὺς
1266 4099 1398 4169 παρ’
1435 4099 1620 4163 αὐτοῖς
1673 4099 1915 4170 ἁμαρτά-

323 4198 516 4243 νοντας
556 4179 700 4234 κατὰ
723 4180 793 4234 τά
836 4180 1042 4252 πάτρια
1074 4177 1392 4245 κολάζοντες
1413 4181 1638 4253 νόμιμα.
1682 4182 1792 4236 Καὶ
1831 4183 1915 4236 ὅτι

329 4265 430 4335 μὲν
459 4265 660 4336 φόρους
713 4263 932 4318 ἐτέλουν
985 4263 1298 4334 Ῥωμαίοις,
1344 4264 1505 4334 δῆλον
1533 4265 1592 4332 ἐξ
1613 4259 1690 4319 ῶν
1718 4265 1915 4336 πειρά-

328 4345 514 4410 ζοντες
535 4347 628 4400 τὸν
673 4346 902 4418 Ἰησοῦν,
927 4347 1116 4418 φησὶν,
1150 4347 1396 4417 ἠρώτων,
1428 4347 1784 4414 Διδάσκαλε,
1824 4347 1916 4413 ἐξ·

326 4447 459 4485 εστι
490 4430 703 4485 δοῦναι
749 4431 988 4500 κῆνσον
1007 4431 1281 4500 Καίσαρι,
1321 4431 1361 4500 ἢ
1397 4432 1502 4495 οὖς
1525 4433 1614 4486 ὅτε
1641 4433 1736 4486 καὶ
1752 4432 1916 4496 αὐτὸς

326 4515 499 4580 δεῖξαι
539 4514 805 4577 κελεύσας
847 4513 1034 4579 αὐτοῖς
1081 4514 1348 4585 νόμισμα,
1400 4513 1572 4576 εἶπεν,
1621 4514 1913 4584 Ἀπόδοτε,

329 4597 528 4666 λέγων,
568 4598 642 4653 τὰ
677 4598 980 4666 Καίσαρος
1027 4600 1306 4666 Καίσαρι,
1359 4599 1459 4653 καὶ
1492 4599 1565 4654 τὰ
1612 4601 1719 4656 τοῦ
1767 4601 1917 4656 Θεοῦ

329 4681 412 4747 τῷ
437 4681 582 4748 Θεῷ.
627 4685 690 4734 '0
715 4681 931 4745 Λουκᾶς
959 4681 1017 4738 δὲ
1056 4682 1149 4739 καὶ
1183 4682 1267 4735 ὅτι
1293 4683 1637 4753 στρατηγοὺς
1663 4685 1760 4738 καὶ
1782 4683 1918 4754 χιλι-

328 4766 532 4838 άρχους
575 4761 690 4837 εἶχε
724 4765 789 4826 τὸ
821 4765 987 4838 ἱερὸν,
1013 4765 1185 4836 λέγει.
1219 4767 1297 4819 Τὸ
1335 4766 1437 4836 μὲν
1458 4763 1561 4819 ὀῦν
1595 4767 1918 4822 ὑποκεῖσθαι

329 4852 458 4912 τοὺς
496 4849 784 4913 Ἰουδαίους
827 4849 1218 4920 Ῥωμαίοις,ού
1237 4849 1408 4919 μικρὰ
1436 4849 1610 4903 ταῦτα
1628 4848 1915 4920 δείγματα·

329 4935 415 4988 ὅτι
443 4932 500 4986 δὲ
530 4933 624 4986 καὶ
652 4933 874 4996 οἰκείοις
910 4931 1450 5004 ἐκέχρηντομόμοις,
1483 4931 1649 5002 δῆλον
1683 4933 1918 4986 ἐκεῖθεν·

333 5017 440 5070 Τὸν
474 5016 745 5086 Στέφανον
767 5016 1047 5082 ἐλίθασαν,
1083 5016 1185 5074 οὐκ
1209 5017 1290 5079 εἰς
1311 5015 1662 5087 δικαστήριον
1679 5015 1919 5086 ἀγαγόνο

331 5118 444 5164 τες·
475 5102 568 5156 τὸν
605 5100 860 5157 Ἰάκωϐον
879 5101 1206 5158 ἀπέκτειναν
1221 5098 1312 5153 τὸν
1327 5098 1554 5168 ἀδελφὸν
1577 5099 1673 5154 τοῦ
1689 5101 1916 5174 Κυρίου·

330 5187 426 5241 τὸν
464 5186 700 5257 Χριστὸν
731 5186 894 5242 αὐτὸν
931 5185 1310 5256 ἐσταύρωσαν,
1341 5183 1524 5237 καίτοι
1545 5184 1640 5238 τοῦ
1663 5183 1918 5239 δικαστοῦ

332 5271 792 5341 συγχωρήσαντος
820 5269 914 5323 καὶ
934 5269 1162 5338 ἀφέντος
1181 5266 1357 5338 πάσης
1380 5265 1544 5320 αύτὶν
1563 5267 1917 5340 κατηγορίας.

333 5353 435 5406 Διά
451 5353 563 5422 γάρ
590 5351 750 5407 τοῦτο
775 5352 869 5407 καὶ
893 5350 993 5414 τὰς
1020 5353 1209 5422 χεῖρας
1237 5349 1686 5420 ὲνίψατο,λέγων·
1715 5351 1921 5418 Ἀθῷός

331 5437 455 5504 ειμι
481 5435 600 5488 ἀπὸ
631 5434 740 5490 τοῦ
784 5435 1036 5504 αἳματος
1070 5434 1310 5488 τούτου.
1351 5434 1462 5488 Καὶ
1496 5434 1684 5506 ἐπαδὴ
1715 5435 1922 5507 σφόδρα

336 5518 724 5587 ἐπικειμένους
747 5512 906 5583 εἶδεν,
943 5517 1105 5579 αὐτὸς
1130 5516 1230 5587 μὲν
1251 5514 1351 5584 τὴν
1375 5516 1554 5587 ψῆφον
1577 5517 1680 5570 ούκ
1702 5517 1922 5588 ἐξήνεγ-

339 5619 456 5665 κεν,
483 5600 600 5654 ἀλλ’
639 5599 872 5671 ἀπέστη·
919 5601 1120 5653 ἐκεῖνοι
1156 5598 1215 5654 δὲ
1243 5599 1421 5671 οἰκείᾳ
1459 5601 1797 5672 χρησάμενοι
1828 5617 1921 5653 τυ-

343 5683 550 5751 ραννίδι
584 5681 647 5735 τό
671 5683 782 5737 πᾶν
807 5682 947 5754 μετὰ
987 5680 1162 5737 ταῦτα
1203 5682 1547 5754 εἰργάσαντο·
1590 5686 1684 5740 καί
1725 5683 1922 5755 Παύλῳ

337 5771 397 5826 δὲ
429 5765 688 5829 πολλάκις
720 5765 988 5821 ἐπέθεντο.

1639 330 1726 386 ΠΕ
1759 329 2217 393 ELEEMOSYNA
2229 377 2247 393 .

3469 317 3574 374 τοι

2087 432 2237 483 Ἐπεί
2263 425 2356 484 οῦν
2390 435 2497 496 τοῖς
2526 435 2734 490 ἑαυτῶν
2769 435 3070 506 ἐκέχρηντο
3098 432 3484 503 δικαστηρίοις,
3510 436 3573 488 ἐκ
3613 421 3637 442 ⁸

2000 517 2202 572 τούτων
2243 519 2522 576 συνέϐαινε
2568 525 2695 586 τοὺς
2740 525 2799 588 ἐξ
2848 519 3026 576 αὐτῶν
3074 522 3428 584 πιστεύοντας
3477 540 3576 592 χαι

2003 605 2282 676 λεπώτερα
2331 607 2440 659 τῶν
2489 609 2663 662 ἄλλων
2713 609 2968 663 ἁπάντων
3017 609 3245 678 πάσχειν
3279 609 3442 662 κακά.
3487 610 3575 662 Ἐν

2004 691 2104 761 μὲν
2132 688 2224 745 οῦν
2262 697 2382 756 ταῖς
2408 694 2596 758 ἄλλαις
2619 697 2808 749 πόλεσι
2835 697 2928 750 καὶ
2953 697 3279 766 δικαστήρια
3300 696 3393 748 καί
3421 695 3575 767 νόμοι

2001 780 2096 832 καὶ
2119 781 2376 851 ἄρχοντες
2411 775 2570 848 ἦσαν,
2605 783 2698 836 καὶ
2729 783 2828 836 οὐκ
2872 783 3000 854 ἐξῆν
3044 786 3157 846 τοῖς
3186 782 3412 851 Ἕλλησι
3451 783 3577 846 τοὺς

2002 867 2061 931 ἐξ
2101 868 2277 920 αὐτῶν
2305 869 2701 938 ἀποπηδῶντας
2735 869 2911 941 οἰκείᾳ
2954 870 3225 940 τυραννίδι
3255 869 3288 939 ἢ
3323 869 3577 938 σφάττειν

2001 955 2034 1024 ἢ
2089 953 2427 1026 λιθάζειν,
2473 956 2600 1010 ἄλλο
2650 974 2705 1010 τι
2754 957 2994 1010 τοιοῦτον
3035 956 3328 1009 διατιθέναι
3381 956 3578 1019 αὐτοὺς

2002 1041 2188 1093 κακόν·
2224 1041 2340 1094 ἀλλ’
2389 1043 2442 1095 εἷ
2481 1060 2566 1106 τις
2609 1043 2755 1097 ἑάλω
2800 1042 3038 1096 τοιοῦτόν
3079 1060 3131 1096 τι
3177 1042 3389 1113 τολμῶν
3425 1042 3580 1114 παρὰ

2001 1127 2099 1198 τὴν
2148 1127 2258 1180 τῶν
2304 1127 2632 1192 δικαζόντων
2676 1129 2886 1200 ψῆφον,
2918 1131 3015 1184 καὶ
3052 1130 3214 1192 αὐτὸς
3251 1129 3572 1193 ἐκολάζετο·

2004 1215 2154 1286 παρά
2211 1215 2268 1268 δὲ
2321 1219 2434 1278 τοῖς
2478 1216 2754 1280 Ἰουδαίοις
2809 1216 2948 1288 μετὰ
2998 1217 3198 1287 πολλῆς
3230 1216 3404 1270 ταῦτα
3445 1233 3580 1285 συγ‹

2005 1304 2284 1375 κεχώρητο
2311 1305 2409 1375 τῆς
2434 1304 2702 1371 ἐξουσίας.
2743 1306 2842 1359 Διά
2883 1304 2950 1376 δὴ
2978 1305 3135 1358 τοῦτο
3160 1305 3376 1358 πάντων
3408 1305 3580 1358 δεινό-

2002 1407 2160 1462 τερον
2189 1391 2428 1461 ἔπασχον
2461 1394 2506 1445 οί
2538 1391 2598 1456 ἐξ
2624 1393 2849 1446 ἐκείνων
2881 1393 3258 1456 πιστεύοντες,
3302 1393 3488 1465 ὥσπερ
3521 1395 3580 1445 ἐν

2007 1478 2191 1548 μέσοις
2219 1480 2618 1551 ἀπειλημμένοι
2641 1481 2846 1545 λύκοις,
2877 1483 2972 1535 καὶ
3003 1482 3192 1534 οὐδένα
3215 1482 3304 1535 τὸν
3336 1481 3580 1553 ἐξαιρού-

2005 1582 2167 1638 μενον
2196 1569 2428 1638 ἔχοντες.
2465 1556 2622 1622 Οὕτω
2659 1570 2790 1638 γοῦν
2824 1572 2918 1624 καὶ
2964 1565 3056 1624 τὸν
3104 1571 3315 1624 Παῦλον
3360 1570 3582 1641 ἐμαστί-

2004 1671 2135 1722 γουν
2161 1657 2440 1720 πολλάκις·
2471 1659 2566 1711 καὶ
2595 1659 2759 1713 ἄκουε
2781 1657 2946 1712 αὐτοῦ
2971 1658 3130 1713 τοῦτο
3166 1658 3452 1726 δηλοῦντος
3489 1658 3585 1712 κιιί⁹

2004 1743 2270 1812 λέγοντος·
2299 1745 2590 1811 Πεντάκις
2610 1738 3063 1814 τεσσαράκοντα
3093 1746 3253 1812 παρὰ
3281 1746 3429 1814 μίαν
3462 1745 3584 1799 ὑπὸ

2018 1831 2313 1884 Ἰουδαίων
2357 1833 2600 1897 ἔλαϐον,
2645 1833 2770 1902 τρὶς
2809 1833 3226 1901 ἐρραϐδίσθην,
3266 1831 3428 1896 ἅπαξ
3463 1833 3585 1886 ἐλι-

2006 1922 2257 1989 θάσθην.
2308 1923 2417 1975 Καὶ⁵
2457 1923 2539 1976 ὅτι
2581 1913 2644 1975 ού
2677 1923 2984 1994 στοχασμὸς
3011 1922 3072 1977 τὸ
3104 1923 3412 1994 εἰρημένον,
3449 1924 3586 1994 γρά-

2007 2027 2122 2078 φων
2151 2009 2286 2081 πρὸς
2315 2010 2604 2081 Ἐϐραίους
2625 2013 2652 2064 ὁ
2668 2011 2880 2074 Παῦλός
2899 2027 3082 2080 φησιν·
3113 2010 3586 2080 Ἀναμιμνήσκε·

2004 2102 2116 2152 σθε
2155 2098 2262 2163 τὰς
2315 2101 2607 2165 πρότερον
2656 2097 2900 2167 ἡμέρας,
2951 2099 3020 2150 ἐν
3055 2095 3152 2164 αἶς
3191 2098 3588 2168 φωτισθέντες

2005 2185 2248 2252 πολλὴν
2290 2184 2554 2251 ἄθλησιν
2591 2187 2946 2254 ὑπεμείνατε
2993 2185 3372 2254 παθημάτων,
3410 2183 3586 2239 τοῦτο

2000 2273 2118 2341 μὲν
2148 2274 2511 2342 ὀνειδισμοῖς
2537 2275 2633 2328 καὶ
2661 2277 2908 2343 θλίψεσι
2939 2272 3386 2343 θεατριζόμενοι,
3411 2274 3588 2328 τοῦτο

2006 2360 2075 2413 δὲ
2099 2363 2387 2415 --κοινωνοὶ
2434 2361 2555 2414 τῶν
2609 2363 2763 2414 οὕτω
2807 2363 3171 2430 πασχόντων
3216 2361 3584 2431 γενηθέντες.

2007 2448 2118 2501 Καὶ
2165 2451 2275 2518 γὰρ
2321 2449 2438 2516 τὴν
2483 2449 2763 2517 ἁρπαγὴν
2805 2448 2924 2502 τῶν
2974 2452 3370 2518 ὑπαρχόντων
3420 2449 3589 2518 ὑμῶν

2003 2535 2153 2606 μετὰ
2201 2535 2391 2606 χαρᾶς
2436 2536 2906 2605 προσεδέξασθε,
2953 2533 3354 2606 γινώσκοντες
3399 2536 3588 2604 κρείτ-

2008 2641 2154 2678 τονα
2198 2625 2461 2692 ὕπαρξιν
2501 2626 2666 2694 ἔχειν
2711 2626 2780 2678 ἐν
2826 2625 3105 2692 οὐρανοῖς
3135 2624 3231 2677 καὶ
3255 2625 3587 2693 μένουσαν.

2009 2712 2120 2770 Καὶ
2151 2711 2576 2774 Θεσσαλονικέας
2603 2711 2660 2766 δὲ
2690 2713 3045 2784 παρακαλῶν,
3076 2711 3298 2775 τούτους
3321 2712 3399 2774 εἰς
3427 2711 3591 2782 μέσον

2010 2800 2236 2868 ἢγαγεν·
2288 2798 2488 2868 Ὑμεῖς
2517 2797 2626 2868 γὰρ
2652 2800 2900 2868 μιμηταὶ
2940 2799 3285 2869 ἐγενήθητε,
3317 2797 3588 2867 ἀδελφοὶ,

2011 2885 2130 2940 τῶν
2163 2885 2544 2954 Ἑκκλησιῶν
2567 2887 2672 2940 τοῦ
2705 2887 2854 2942 Θεοῦ
2880 2885 3002 2940 τῶν
3024 2881 3228 2942 οὐσῶν
3248 2887 3318 2940 ἐν
3338 2885 3412 2955 τῇ
3436 2884 3590 2958 [252]

2024 2973 2295 3042 Ἰουδαίᾳ,
2328 2974 2416 3028 ὅτι
2446 2975 2543 3028 καὶ
2571 2975 2740 3044 ὑμεῖς
2770 2975 3016 3029 τοιαῦτα
3046 2973 3294 3029 ἐπάθετε
3317 2974 3438 3030 ὑπὸ
3472 2971 3592 3027 τῶν

2014 3061 2178 3115 ἰδίων
2217 3061 2649 3131 συμφυλετῶν,
2695 3062 2960 3132 καθάπερ
3008 3062 3273 3117 κάκεῖνοι
3315 3061 3436 3117 ὑπὸ
3473 3060 3594 3115 τῶν

2025 3149 2349 3204 Ἰουδαίων.
2391 3151 2543 3203 Ἐπεὶ
2567 3146 2662 3204 οὖν
2690 3151 2907 3206 πάντων
2935 3149 3293 3221 χαλεπώτερα
3318 3148 3555 3219 ἔπασχον
3573 3187 3590 3212 ,

2013 3241 2108 3291 καὶ
2155 3238 2217 3290 οὐ
2266 3238 2424 3308 μόνον
2453 3238 2554 3291 ούκ
2595 3239 2872 3308 ἡλεοῦντο,
2919 3237 3056 3292 ἀλλὰ
3087 3236 3182 3291 καὶ
3211 3237 3280 3290 τά
3321 3236 3450 3290 ὄντα
3483 3235 3592 3306 ὰφ-

2012 3325 2243 3400 ῃροῦντο
2257 3325 2490 3384 ἅπαντα,
2506 3328 2598 3380 καὶ
2613 3328 2808 3398 ἤγοντο
2824 3327 2918 3380 καὶ¹
2932 3327 3207 3396 ἐφέροντο,
3221 3325 3314 3379 καὶ
3331 3324 3593 3379 πάντοθεν

2015 3414 2328 3484 ἠλαύνοντο,
2357 3415 2582 3478 εἰκότως
2614 3417 2740 3478 τοὺς
2764 3413 3097 3485 πανταχόθεν
3122 3413 3215 3466 ἐπὶ
3239 3413 3340 3483 τὴν
3370 3411 3595 3466 ἐκείνων

2016 3501 2300 3572 ἀντίληψιν
2329 3501 2604 3574 διεγείρει.
2638 3503 2746 3556 Καὶ
2773 3501 3006 3556 ἐνταῦθα
3031 3501 3193 3555 πάλιν
3221 3501 3358 3574 ὑπὲρ
3391 3499 3596 3554 τούτων

2015 3589 2196 3644 αὐτῶν
2230 3589 2537 3658 παρακαλεῖ
2569 3589 2906 3661 Κορινθίους,
2948 3589 3158 3658 λέγων·
3189 3588 3328 3656 Περὶ
3363 3587 3432 3641 δὲ
3482 3585 3596 3655 τῆς

2016 3679 2228 3748 λογίας
2263 3679 2350 3742 είς
2374 3678 2517 3745 τούς
2543 3680 2770 3748 ἁγίους,
2807 3677 3002 3745 καθὼς
3036 3677 3278 3742 διέταξα
3302 3677 3430 3742 ταῖς
3463 3678 3598 3731 Ἔκ-

2018 3770 2303 3837 κλησίαις
2354 3769 2466 3838 τῆς
2515 3768 2814 3832 Γαλατίας
2838 3806 2852 3829 ,
2886 3766 3039 3820 οὕτω
3077 3767 3173 3820 καὶ
3210 3763 3380 3835 ὑμεῖς
3424 3763 3598 3834 ποιή-

2019 3869 2189 3908 σατε.

2091 3937 2329 4004 γ’.Τίνες
2359 3937 2456 4008 μὲν
2477 3931 2570 3989 οῦν
2598 3937 2735 3988 εἰσιν
2759 3934 2808 3986 οἰ
2841 3933 2986 4001 ἅγιοι
3011 3924 3180 3996 οὗτοι,
3204 3931 3299 3984 καὶ
3321 3931 3372 3984 τί
3397 3931 3598 4003 δήποτε

2020 4019 2241 4073 πλείονα
2267 4021 2404 4089 ὑπὲρ
2439 4017 2618 4072 αὐτῶν
2648 4018 2880 4069 ποιεῖται
2909 4014 3184 4086 πρόνοιαν,
3233 4013 3434 4076 ἱκανῶς
3459 4013 3597 4066 ἀπυ-

2019 4101 2287 4156 δέδεικται
2310 4118 2324 4133 ·
2349 4101 2506 4156 δεῖδὲ
2530 4099 2716 4152 lamin
2746 4098 2999 4170 ζητῆσαι,
3024 4095 3170 4159 τινος
3201 4096 3387 4150 ἕνεκεν
3425 4095 3600 4148 Γαλα-

2019 4188 2129 4243 τῶν
2165 4189 2459 4260 μέμνηται.
2509 4185 2610 4241 Διὰ
2634 4185 2686 4239 τί
2723 4185 2832 4254 γὰρ
2866 4186 2940 4254 μὴ
2981 4179 3122 4236 εἷπε·
3147 4184 3283 4256 Περὶ
3307 4181 3486 4254 sua;
3511 4181 3599 4236 λο-

2021 4277 2146 4346 γίας
2175 4278 2275 4347 τῆς
2297 4277 2377 4339 εἰς
2407 4275 2533 4337 τοὺς
2561 4272 2747 4341 ἁγίους
2769 4271 2926 4326 τοῦτο
2956 4271 3220 4340 ποιήσατε
3243 4287 3258 4302 ·
3298 4270 3440 4332 κατά
3469 4268 3598 4341 μίαν

2024 4363 2311 4418 σαϐϐάτων
2348 4363 2577 4424 ἕκαστος
2633 4359 2785 4430 ὑμῶν
2842 4356 2972 4428 παρ’
3023 4358 3203 4428 ἑαυτῷ
3258 4357 3454 4412 τιθέτω
3495 4358 3597 4429 θη·

2025 4451 2317 4525 σαυρίζων·
2341 4450 2455 4504 ἀλλ’
2484 4446 2678 4509 εἰπὼν,
2708 4445 2845 4513 Περί
2867 4445 2976 4512 τῆς
2993 4446 3203 4515 λογίας
3222 4443 3332 4513 τῆς
3350 4448 3438 4512 εις
3457 4445 3600 4513 τοὺς

2023 4540 2252 4610 ἁγίους,
2283 4537 2480 4603 καθὼς
2505 4534 2748 4599 διέταξα
2775 4533 2899 4600 ταῖς
2932 4532 3310 4599 Ἐκκλησίαις
3342 4530 3452 4600 τῆς
3481 4535 3599 4588 Γα-

2023 4626 2259 4692 λατίας,
2275 4625 2430 4678 οὕτω
2450 4623 2547 4677 καὶ
2577 4622 2744 4690 ὑμεῖς
2770 4620 3095 4686 uomicam;
3117 4621 3273 4682 Τίνος
3295 4615 3388 4673 οὖν
3413 4620 3598 4674 ἕνεκεν

2021 4712 2184 4766 τοῦτο
2208 4713 2370 4774 ποιεῖ,
2393 4711 2488 4764 καὶ
2516 4709 2638 4762 ούδέ
2669 4709 2819 4780 μιᾶς,
2846 4706 2966 4760 οὐδὲ
2989 4707 3107 4772 δύο,
3135 4707 3256 4760 οὑδέ
3277 4706 3443 4779 τριῶν
3465 4709 3599 4762 ἀνα-

2027 4800 2325 4872 μιμνήσκει
2379 4797 2620 4859 πόλεων,
2686 4795 2824 4850 ἀλλά
2869 4794 3056 4857 ἔθνους
3103 4794 3431 4866 ὁλοκλήρους
3480 4795 3598 4850 Ἵνα

2023 4887 2244 4940 πλείονα
2269 4883 2525 4949 δέξωνται
2551 4881 2881 4954 προθυμίαν,
2912 4880 3089 4934 καὶτὰ
3125 4880 3326 4952 ἑτέρων
3345 4880 3599 4954 ἐγκώμια

2024 4976 2207 5037 αὐτοῖς
2253 4971 2508 5034 ὑπόθεσις
2551 4969 2774 5042 γένηται
2808 4968 2992 5040 ζήλου.
3029 4966 3163 5022 Εἶτα
3191 4967 3340 5038 λέγει
3383 4970 3479 5023 καὶ
3502 4969 3597 5025 τὸν

2023 5062 2245 5136 τρόπον,
2301 5060 2423 5115 καθ’
2449 5059 2515 5113 όν
2559 5057 2807 5123 διέταξε·
2859 5055 3021 5111 Κατὰ
3062 5057 3212 5126 μίαν
3251 5057 3598 5122 σαϐϐάτων,

2026 5151 2213 5224 φησὶν.
2243 5149 2505 5215 ἕκαστος
2531 5145 2699 5216 ὑμῶν
2722 5146 2858 5214 παρ’
2876 5143 3068 5210 ἐαυτῷ
3092 5147 3296 5200 τιθέτω
3315 5149 3602 5216 θὴσαυρί-

2021 5239 2136 5300 ζων
2163 5238 2196 5292 ὅ
2214 5255 2269 5292 τι
2296 5235 2374 5292 ἂν
2399 5234 2703 5297 εὐοδῶται,
2734 5234 2838 5286 ἵνα
2856 5229 2966 5302 μὴ,
2989 5231 3137 5286 ὅταν
3153 5233 3330 5294 ἔλθω.
3355 5235 3490 5288 τότε
3504 5239 3603 5290 ,ιο-

2025 5327 2148 5398 γίαι
2167 5326 2462 5396 γίνωνται.
2483 5321 2628 5378 Μίαν
2651 5319 2937 5374 σαϐϐάτων
2950 5317 3050 5390 τὴν
3071 5319 3338 5392 κυριακὴν
3351 5321 3598 5377 ἐκάλεπ.

2025 5416 2138 5470 Καὶ
2163 5414 2305 5477 τίνος
2326 5413 2512 5465 ἕνεκεν
2531 5410 2733 5480 ταύτην
2765 5407 2996 5473 ἐπέταξε
3015 5411 3082 5480 τῇ
3103 5410 3332 5481 είσφορᾷ
3351 5409 3449 5481 τὴν
3469 5411 3600 5482 ήμέ.

2027 5517 2158 5572 ραν;
2188 5499 2274 5552 διά
2297 5498 2351 5552 τί
2391 5497 2466 5569 μὴ
2496 5491 2639 5561 εἷπε,
2670 5498 2738 5566 τῇ
2770 5494 3003 5566 δευτέρᾳ
3039 5495 3150 5548 τῶν
3184 5496 3490 5563 σαϐϐάτων,
3527 5501 3596 5571 τῇ

2026 5589 2185 5662 τρίτῃ
2235 5585 2344 5639 τῶν
2395 5585 2678 5638 σαϐϐάτων
2697 5623 2713 5645 ,
2737 5584 2770 5654 ἢ
2798 5581 2982 5646 αὐτοῖς
3005 5583 3118 5646 τοῖς
3163 5583 3455 5652 σάϐϐασιν;
3485 5586 3600 5658 οὐχ

2030 5677 2235 5738 m’
2269 5673 2391 5726 οὐδὲ
2417 5672 2561 5743 εἰκῆ
2585 5671 2722 5726 ἀλλά
2749 5669 3068 5743 βουλόμενός
3091 5687 3215 5725 τινα
3244 5673 3338 5725 καὶ
3363 5673 3472 5726 ἀπὸ
3501 5673 3599 5727 τοῦ

2031 5763 2223 5835 καιροῦ
2252 5762 2436 5816 λαϐεῖν
2455 5761 2772 5834 συμμαχίαν
2795 5760 2875 5823 εἰς
2903 5758 2964 5811 τὺ
2985 5757 3424 5832 προθυμοτέρους
3451 5760 3580 5830 ποιῆ
