3990 6358
382 279 484 331 24ἶ5

381 404 468 438 σπι
498 383 622 446 τοὺς
642 382 1010 451 εἰσφέροντας.
1049 379 1124 431 Οὐ
1152 376 1346 449 μικρὸν
1367 375 1424 428 δὲ
1446 372 1818 445 ἐπιτηδειότης
1840 388 1951 425 και-

383 473 476 544 ροῦ
507 474 562 525 ἐν
594 471 765 525 ἅπασι
820 469 1127 539 πράγμασι.
1182 467 1292 519 Καὶ
1336 466 1412 525 τί.
1447 463 1634 534 φησὶν,
1684 462 1713 514 ό
1763 459 1956 531 καιρὺς

379 559 678 630 ἐπιτήδειον
707 557 819 628 ἔχει
850 556 985 629 πρὸς
1013 555 1073 608 τὸ
1106 557 1288 609 πεῖσαι
1324 553 1524 606 διδόναι
1553 548 1956 620 ἐλεημοσύνην;

381 647 538 701 Κατά
567 647 664 708 τὴν
693 644 904 716 ἡμέραν
921 641 1124 712 ταύτην
1155 642 1216 695 τὸ
1248 642 1429 710 πάσης
1455 635 1716 710 ἐργασίας
1737 633 1962 703 ἀφίστα-

383 734 527 798 σθαι,
564 735 624 786 τὸ
659 732 1020 803 φαιδροτέραν
1044 729 1290 798 γίνεσθαι
1316 728 1416 800 τὴν
1433 725 1610 797 ψυχὴν
1633 725 1698 778 ἐκ
1719 723 1818 794 τῆς
1840 720 1962 774 ἀνέ-

386 841 543 886 σεως,
570 823 630 875 τὸ
661 823 717 875 δὲ
747 823 964 876 πάντων
1001 819 1206 891 μεῖζον,
1233 819 1294 871 τὸ
1326 817 1536 888 μυρίων
1555 816 1699 885 ἡμᾶς
1725 813 1843 866 κατ’
1861 811 1962 862 αύ-

385 912 484 979 τὴν
515 909 941 964 ἀπολελαυκέναι
972 908 1172 962 καλῶν.
1215 908 1303 960 Ἐν
1324 905 1496 974 ταύτῃ
1533 903 1642 974 γάρ
1681 903 1750 973 τῇ
1781 899 1965 970 ἡμέρᾳ

388 997 654 1068 κατελύθη
687 999 714 1049 ὁ
754 997 1013 1060 θάνατος,
1051 993 1282 1064 ἐσϐέσθη
1332 993 1366 1062 ἡ
1413 991 1628 1060 κατάρα
1655 1027 1671 1051 ,
1721 986 1967 1058 ἁμαρτία

389 1085 682 1156 ἠφανίσθη,
715 1085 840 1156 ᾅδου
886 1084 1049 1137 πύλαι
1081 1081 1549 1150 συνεκλάσθησαν,
1581 1079 1676 1131 καὶ
1701 1075 1918 1144 δέσμιος
1939 1073 1968 1124 ὁ

390 1174 633 1237 διάϐολος
654 1173 867 1242 γέγονε,
888 1173 980 1225 καὶ
1007 1174 1035 1225 ὁ
1069 1171 1283 1242 χρόνιος
1307 1167 1553 1240 ἀνῃρήθη
1576 1165 1831 1235 πόλεμος,
1876 1163 1968 1217 καὶ

392 1261 729 1329 καταλλαγαὶ
753 1261 888 1314 Θεοῦ
914 1260 1049 1330 πρὸς
1076 1258 1393 1328 ἀνθρώπους
1423 1255 1689 1324 ἐγένοντο·
1718 1253 1812 1306 καὶ
1834 1250 1970 1322 πρὸς

390 1351 490 1420 τὴν
515 1352 804 1421 προτέραν.
837 1349 1036 1420 μᾶλλον
1055 1348 1110 1401 δέ
1131 1347 1266 1420 πρὸς
1287 1344 1467 1415 πολλῷ
1489 1343 1711 1415 μείζονα
1735 1339 1970 1410 ἐπανῆλ-

395 1441 486 1493 θεν
517 1440 792 1508 εὐγένειαν
813 1438 971 1510 ἡμῶν
993 1437 1052 1490 τὸ
1078 1436 1252 1505 γένος,
1283 1435 1376 1488 καὶ
1391 1435 1450 1487 τὸ
1467 1431 1778 1502 θαυμαστὸν
1795 1431 1972 1482 ἐκεῖνο

395 1528 490 1582 καὶ
523 1527 824 1599 παράδοξον
847 1527 1025 1580 ἐπεῖδε
1048 1525 1222 1594 θέαμα
1251 1522 1422 1592 ἥλιος,
1448 1520 1735 1592 ἄνθρωπον
1767 1517 1970 1571 ἀθάναο

393 1633 485 1670 τον
517 1615 902 1686 γεγενημένον.
925 1613 1140 1668 Τούτων
1159 1612 1216 1665 δὲ
1245 1611 1462 1665 πάντων
1487 1611 1634 1680 ἡμᾶς
1666 1608 1972 1678 ἀναμνῆσαι

399 1704 741 1774 βουλόμενος,
773 1701 992 1756 καὶτῶν
1017 1699 1292 1763 τοιούτων,
1325 1698 1425 1770 τὴν
1447 1696 1662 1769 ἡμέραν
1690 1696 1771 1758 εἰς
1808 1695 1974 1764 μέσον

397 1794 600 1863 ἤγαγε,
637 1791 916 1863 μονονουχὶ
961 1791 1257 1860 συνήγορον
1296 1788 1468 1858 αὐτὴν
1513 1785 1838 1857 λαμϐάνων,
1879 1783 1974 1836 καὶ

402 1883 538 1953 πρὸς
581 1882 808 1934 ἕκαστον
845 1880 1018 1947 λέγων
1044 1895 1058 1908 ·
1090 1876 1374 1950 Ἐννόησον
1398 1877 1580 1931 πόσων
1624 1875 1718 1929 καὶ
1770 1873 1974 1946 ἡλίκων

405 1971 714 2033 ἀπέλαυσας
760 1969 981 2035 ἀγαθῶν
1033 1967 1173 2022 κατά
1201 1967 1297 2039 τὴν
1335 1968 1549 2038 ἡμέραν
1592 1963 1817 2035 ταύτην,
1879 1962 1975 2015 άν-

407 2059 611 2129 θρωπε·
648 2058 827 2112 πόσων
859 2057 1178 2126 ἀπηλλάγης
1209 2057 1413 2111 κακῶν·
1443 2054 1526 2118 τίς
1556 2055 1632 2107 ὢν
1670 2053 1734 2107 τὸ
1783 2052 1978 2122 πρότε-

401 2165 513 2218 ρον,
546 2146 629 2209 τίς
676 2146 864 2218 ἐγένου
903 2145 1042 2218 μετά
1075 2144 1267 2218 ταῦτα.
1321 2145 1383 2218 Εἰ
1419 2144 1507 2218 δὲμ
1525 2143 1626 2207 τάς
1648 2141 1977 2218 »γενεθλίους

399 2215 556 2289 ὴμῶν
593 2217 826 2288 ἡμέρας,
878 2216 1060 2270 πολλοὶ
1087 2216 1145 2269 δὲ
1182 2215 1291 2268 τῶν
1323 2215 1551 2268 οἰκετῶν
1597 2215 1886 2276 κάκείνας,
1918 2215 1976 2266 ἐν

401 2301 489 2370 αἷς
517 2303 992 2377 ἠλευθερώθησαν,
1025 2306 1162 2374 μετά
1194 2304 1393 2374 πολλῆς
1430 2304 1623 2371 ἄγουσι
1649 2303 1746 2373 τῆς
1775 2302 1974 2372 τιμῆς,

401 2395 568 2450 καἰοί
607 2395 702 2464 μὲν
727 2393 1002 2464 συμπόσια
1024 2391 1319 2455 ποιοῦνται,
1367 2393 1417 2444 οἰ
1466 2391 1521 2444 δὲ
1559 2390 1834 2462 ἐλεύθεροι
1885 2391 1978 2444 καὶ

401 2482 546 2555 δῶρα
574 2481 890 2553 δωροῦνται.
927 2479 1094 2533 πολλά
1123 2480 1214 2532 τὸν
1247 2479 1436 2550 καιρὸν
1463 2479 1729 2550 τιμῶντες
1753 2495 1768 2511 ·
1798 2477 1978 2548 πολλῷ

403 2567 554 2644 [255]
588 2569 784 2639 μᾶλλον
805 2570 951 2640 ἡμᾶς
973 2568 1076 2640 χρὴ
1102 2569 1264 2638 τιμᾷν
1283 2566 1381 2638 τὴν
1413 2567 1625 2639 ἡμέραν
1661 2566 1884 2637 ταύτην,
1911 2567 1978 2637 ἢν

405 2659 506 2713 οὐκ
534 2661 600 2714 ἀν
628 2677 710 2722 τις
744 2659 976 2730 ἁμάρτοι
1006 2658 1103 2728 τῆς
1131 2656 1480 2727 ἀνθρωπίνης
1515 2656 1731 2724 φύσεως
1759 2656 1978 2724 ἀπάσης

404 2747 677 2816 γενέθλιον
702 2746 1031 2821 προσειπών.
1074 2744 1438 2807 Ἀπολωλότες
1457 2743 1566 2816 γὰρ
1588 2740 1752 2815 ἦμεν,
1773 2745 1868 2798 καὶ
1898 2745 1981 2796 εὐ-

407 2834 674 2906 ρέθημεν·
695 2838 896 2908 νεκροὶ,
917 2834 1008 2887 καὶ
1037 2833 1406 2903 ἀνεζήσαμεν·
1432 2833 1637 2904 ἐχθροὶ,
1662 2832 1755 2885 καὶ
1785 2831 1980 2901 κατηλ-

403 2923 669 2992 λάγημεν.
703 2922 800 2973 Διά
834 2921 989 2974 τοῦτο
1019 2920 1112 2972 κα)⁵
1141 2922 1406 2991 προσήκει
1432 2919 1600 2990 αὐτὴν
1623 2921 1788 2990 τιμᾷν
1812 2921 1977 2990 τιμὴν

405 3009 802 3081 πνευματικὴν,
841 3009 959 3078 οὐχὶ
995 3008 1272 3077 συμπόσια
1312 3006 1599 3071 ποιοῦντας
1621 3048 1634 3068 ,
1684 3007 1806 3060 οὐδὲ
1839 3005 1980 3062 οἶνον

407 3099 710 3170 ἐκχέοντας,
743 3097 861 3150 οὐδὲ
889 3094 1182 3164 μεθύοντας
1214 3095 1307 3148 καὶ
1331 3094 1672 3166 χορεύοντας.
1696 3092 1834 3148 ἀλλά
1856 3097 1982 3158 τοὺς

407 3188 784 3259 πτωχοτέρους
835 3185 942 3240 τῶν
985 3183 1230 3253 ἀδελφῶν
1283 3183 1340 3236 ἐν
1397 3183 1565 3255 πολλῇ
1619 3183 1982 3250 καθιστάντας

409 3275 655 3347 ἀφθονία.
695 3273 881 3328 Ταῦτα
921 3272 1084 3340 λέγω,
1122 3273 1222 3342 οὐχ
1267 3271 1350 3325 ἵνα
1393 3272 1652 3342 ἐπαινῆτε
1677 3313 1692 3336 ,
1739 3271 1854 3325 ἀλλ’
1896 3273 1984 3327 ἶνα

411 3365 508 3420 καὶ
529 3362 789 3434 μιμῆσθε.
810 3362 902 3432 Μὴ
919 3361 1028 3431 γὰρ
1047 3360 1111 3430 δὴ
1145 3360 1303 3431 μόνον
1323 3359 1458 3430 πρὸς
1474 3359 1791 3431 Κορινθίους
1811 3359 1982 3413 ταῦτα

409 3452 662 3524 εἰρῆσθαι
706 3449 975 3519 νομίζετε,
1022 3447 1158 3502 ἀλλά
1204 3446 1299 3501 καὶ
1347 3446 1483 3517 πρὸς
1530 3447 1686 3517 ἡμῶν
1731 3447 1982 3514 ἕκαστον,

411 3543 506 3594 καὶ
531 3541 636 3594 τῶν
670 3538 808 3609 μετά
837 3537 1008 3591 ταῦτα
1031 3537 1302 3607 ἐσομένων
1325 3538 1599 3592 ἀπάντων·
1627 3538 1720 3591 καὶ
1745 3538 1988 3609 ποιῶμεν

413 3629 544 3682 αὐτὸ
581 3629 637 3682 δὲ
670 3626 847 3688 τοῦτο,
885 3627 1023 3696 ὅπερ
1051 3624 1261 3687 Παῦλος
1291 3624 1546 3689 ἐπέταξε·
1591 3627 1684 3679 καὶ
1727 3627 1868 3680 κατά
1898 3645 1988 3680 κυ-

419 3716 612 3789 ριακὴν
633 3717 863 3778 ἔκαστος
881 3714 1219 3769 ἀποτιθέσθω
1234 3713 1370 3768 οἰκοι
1387 3716 1492 3786 χρή
1502 3732 1645 3784 ματα
1671 3716 1985 3772 δεσποτικὰ·

415 3806 512 3860 καί⁸
538 3806 698 3875 νόμος
734 3804 874 3856 ἔστω
909 3803 972 3855 τὸ
1012 3803 1245 3873 πρᾶγμα
1284 3803 1381 3856 καὶ
1420 3802 1681 3874 συνήθεια
1711 3804 1988 3876 ἀκίνητος⁹

415 3894 512 3948 καὶ
537 3894 600 3946 ού
629 3888 934 3962 δεησόμεθα
968 3889 1342 3960 παραινέσεως
1369 3889 1573 3954 λοιπὸν,
1603 3891 1723 3945 ούδέ
1761 3893 1995 3963 συμϐου·

415 3980 532 4049 λῆς·
578 3981 638 4032 ού
681 3978 789 4050 γάρ
833 3977 974 4030 οὓτω
1021 3976 1176 4045 λόγος
1217 3977 1309 4030 καὶ
1355 3978 1671 4048 παραίνεσις
1723 3979 1995 4050 ἰσχύειτά

417 4065 642 4121 τοιαῦτα
664 4063 982 4134 κατορθοῦν,
1007 4063 1081 4126 ὡς
1109 4062 1368 4134 συνήθεια
1401 4063 1575 4135 χρόνῳ
1607 4064 1992 4134 βεϐαιωθεῖσα.

421 4156 520 4208 Ἂν
546 4153 702 4207 τοῦτο
728 4151 1062 4222 κυρώσωμεν
1091 4151 1233 4205 κατὰ
1260 4153 1530 4224 κυριακὴν
1564 4153 1921 4208 ἀποτίθεσθαί
1943 4173 1996 4209 τι

418 4243 557 4312 πρὸς
593 4240 692 4310 τὴν
730 4239 837 4292 τῶν
876 4240 1122 4309 πενήτων
1165 4238 1484 4310 ἀντίληψιν,
1525 4240 1632 4293 οὐδ’
1678 4241 1746 4295 ἀν
1801 4243 1998 4314 μυρίαι

417 4331 659 4397 γένοιντο
691 4326 946 4393 ἀνάγκαι,
988 4325 1079 4378 τὸν
1103 4325 1265 4394 νόμον
1304 4328 1740 4399 παραϐησόμεθα
1785 4330 1996 4387 τοῦτον.

491 4418 675 4474 Εἰπὼν
703 4418 779 4482 δὲ,
800 4420 957 4472 Κατὰ
981 4418 1126 4486 μίαν
1144 4418 1471 4479 σαϐϐάτων.
1497 4423 1791 4492 ἐπήγαγεν,
1822 4424 2001 4477 ’Ἑκα-

419 4525 568 4576 στος
596 4508 778 4578 ὑμῶν.
815 4508 948 4577 Οὐχὶ
977 4508 1248 4570 πλουσίοις
1271 4508 1432 4576 λέγω,
1464 4512 1616 4579 φησὶ,
1650 4513 1830 4582 μόνον,
1867 4513 2002 4566 ἀλλά

421 4599 515 4650 καὶ
548 4597 799 4667 πένησιν·
839 4596 939 4646 οὐκ
972 4594 1292 4666 ἐλευθέροις,
1325 4597 1462 4649 ἀλλά
1493 4599 1586 4650 καὶ
1627 4599 1833 4664 δούλοις
1853 4620 1867 4633 ·
1903 4604 2003 4655 οὐκ

421 4685 698 4757 ἀνδράσιν.
729 4682 863 4736 ἀλλά
886 4683 978 4736 καὶ
999 4685 1229 4750 γυναιξί.
1259 4685 1462 4754 Μηδεὶς
1490 4686 1629 4739 ἔστω
1655 4689 1858 4760 ταύτης
1887 4694 2004 4746 ἀτε.

423 4774 520 4843 λὴς
540 4773 640 4842 τῆς
670 4772 1029 4844 λειτουργίας,
1064 4771 1195 4842 μηδὲ
1237 4774 1462 4843 ἄμοιρος
1493 4775 1584 4828 τοῦ
1620 4779 1860 4847 κέρδους,
1890 4780 2003 4833 ἀλλ’

423 4860 652 4923 ἔκαστος
700 4860 1016 4930 εἰσφερέτω.
1053 4859 1186 4911 Οὐδὲ
1221 4860 1330 4930 γάρ
1371 4863 1403 4931 ἡ
1460 4863 1619 4914 πενία
1655 4863 1881 4936 κώλυμα
1910 4869 2004 4935 γέ-

425 4947 555 4999 νοιτ’
603 4947 667 5000 ἂν
689 4949 786 5018 τῆς
814 4948 1067 5018 τοιαύτης
1115 4949 1392 5019 εἰσφορᾶς.
1437 4950 1556 5003 Κάν
1602 4951 1709 5020 γὰρ
1749 4957 2004 5025 μυριάκις

427 5025 495 5102 ᾗς
523 5029 713 5111 πένης,
755 5031 854 5084 οὐκ
904 5027 954 5083 εἴ
1003 5032 1320 5100 πενέστερος
1358 5033 1456 5102 τῆς
1489 5035 1659 5104 Χήρας
1701 5038 1934 5110 ἐκείνηςο
1971 5039 2004 5111 ἥ

427 5115 527 5185 τὴν
554 5107 740 5194 ούσίῖαν
766 5116 943 5168 πᾶσαν
967 5115 1218 5168 ἐκένωσε.
1252 5115 1370 5168 Κᾶν
1399 5120 1654 5188 μυριάκις
1678 5116 1745 5194 ᾖς
1769 5107 2003 5193 πτωχὸς,

427 5199 528 5250 οὐκ
564 5191 613 5247 εἷ
653 5198 992 5268 πτωχότερος
1030 5199 1131 5268 τῆς
1170 5179 1424 5263 Σιδωνίας
1466 5179 1798 5276 γυναικός,ἡ
1832 5179 2008 5276 δράκα

425 5278 658 5350 ἀλεύρου
712 5279 867 5349 μόνον
915 5281 1145 5349 ἔχουσα,
1199 5283 1320 5336 ούδέ
1367 5283 1538 5347 οὕτως
1595 5286 2007 5358 ἐστενοχωρεῖτο

429 5364 565 5432 πρὸς
609 5361 707 5433 τὴν
757 5360 851 5414 τοῦ
894 5365 1173 5435 προφήτου
1220 5365 1493 5430 δεξίωσιν·
1538 5367 1654 5421 ἀλλ’
1697 5370 1879 5439 ὁρῶσα
1913 5372 2008 5425 καὶ

428 5446 588 5516 χορὸν
642 5444 984 5516 περιεστῶτα
1034 5449 1259 5512 παίδων,
1308 5451 1404 5504 καὶ
1443 5449 1600 5520 λιμὸν
1641 5453 2005 5523 ἐπικείμενον,

429 5529 519 5582 καὶ
550 5529 702 5582 οὐδὲν
738 5529 1097 5598 ἀποκείμενον
1124 5532 1328 5604 ἔτερον,
1363 5533 1504 5604 μετά
1527 5535 1730 5604 πολλῆς
1749 5536 1846 5606 τῆς
1875 5553 2010 5607 προ-

427 5611 625 5699 θυμίας
653 5610 743 5699 τόν
773 5614 1056 5683 προφήτην
1089 5615 1320 5684 ἐδέχετο.
1351 5617 1506 5679 Τίνος
1533 5617 1587 5670 δὲ
1619 5617 1804 5672 ἕνεκεν
1835 5617 2005 5682 εἶπεν,

426 5694 504 5742 iu
552 5694 692 5764 Πίῳ*
745 5695 937 5762 ἑαυτῷ
999 5698 1198 5750 τιθέτω
1251 5701 1647 5769 θησαιφίζωνξ
1708 5701 1929 5772 Ἔπειδὴ
1983 5705 2011 5755 ὁ

1102 288 1160 344 S.
1199 283 1486 343 JOANNIS
1523 273 2003 336 CHBYSOSTOMI
2049 266 2364 323 ARCHIEP.
2406 257 2951 318 CONSTANTINOP.

3538 245 3643 301 2M

2060 369 2226 432 τιθεὶς
2285 368 2416 432 ἴσως
2471 368 2732 438 ᾐσχύνετο
2771 367 2864 421 καὶ
2921 361 3158 437 ἠρυθρία
3209 360 3385 428 ὀλίγον
3419 359 3479 412 ὃν
3516 361 3649 413 ὲπι-

2055 453 2240 520 δεῖξαι.
2278 452 2374 505 Διά
2428 451 2586 505 τοῦτό
2637 469 2791 522 φησι,
2827 451 2898 503 Σὺ
2948 449 3102 519 τήρει
3141 446 3236 498 καὶ
3274 444 3530 513 φύλαττε,
3555 443 3650 495 καὶ

2056 536 2184 589 ὅταν
2218 538 2337 595 ταῖς
2374 534 2514 588 κατά
2557 535 2721 605 μέρος
2765 535 3047 604 εἰσφοραῖς
3087 529 3149 582 τὸ
3179 528 3360 596 ὀλίγον
3401 525 3536 580 πολὺ
3560 525 3654 592 γέ-

2057 635 2236 688 νηται,
2289 618 2410 671 τότε
2449 619 2548 686 ἄγε
2601 620 2680 681 εἰς
2729 617 2911 686 μέσον.
2959 614 3070 667 Kal
3099 612 3200 664 οὐκ
3241 605 3400 673 εἷπε,
3457 606 3656 660 συλλέ-

2061 717 2192 768 γων,
2241 700 2375 754 ἀλλά
2397 741 2410 760 ,
2457 699 2846 768 θησαυρίζων,
2885 698 2972 752 ἵνα
3021 695 3200 766 μάθῃς
3237 695 3318 748 ὅτι
3367 695 3402 764 ἡ
3443 690 3656 762 δαπάνη

2061 791 2198 863 αῦτη
2235 791 2506 864 θησαυρός
2549 793 2718 852 ἐστιν,
2765 792 2848 844 δτι
2885 787 2946 842 τὸ
2989 786 3254 857 ἀνάλωμα
3285 783 3445 839 τοῦτο
3486 781 3657 854 πρόσ-

2062 875 2182 937 οδος
2233 875 2466 943 γίνεται·
2515 874 2785 945 θησαυρὸς
2835 869 3110 943 θησαυροῦ
3158 868 3361 931 παντὸς
3413 865 3656 936 βελτίων.

2065 951 2232 1020 Οὗτος
2277 958 2374 1028 μὲν
2416 958 2524 1030 γάρ
2568 958 2598 1010 ό
2651 954 2905 1025 αἰσθητὸς
2957 955 3053 1006 καὶ
3103 950 3513 1005 ἐπιϐουλεύεται
3567 947 3660 1002 καὶ

2071 1041 2334 1111 μειοῦται,
2379 1042 2474 1095 καὶ
2517 1042 2644 1103 τοὺς
2688 1038 2950 1110 εὑρόντας
3001 1035 3260 1096 πολλάκις
3291 1033 3602 1088 ἀπώλεσεν·
3631 1032 3662 1084 ὁ

2065 1123 2120 1175 δὲ
2154 1125 2212 1176 ἐν
2243 1127 2356 1186 τοῖς
2393 1124 2662 1194 οὐρανοῖς.
2695 1119 3004 1174 τούναντίον
3037 1118 3184 1172 ἅπαν
3203 1135 3218 1148 ·
3259 1116 3536 1177 ἀνάλωτος
3569 1113 3664 1184 μέ-

2068 1224 2149 1259 νει
2199 1208 2293 1259 καὶ
2341 1207 2810 1267 ἀνεπιϐούλευτος,
2848 1202 3091 1273 σωτηρία
3136 1202 3248 1264 τοῖς
3305 1197 3663 1268 κεκτημένοις
3735 1219 3740 1223 -

2069 1289 2162 1341 καὶ
2195 1292 2308 1352 τοῖς
2339 1289 2866 1360 μεταλαμϐάνουσιν.
2897 1285 2972 1338 Οὐ
3000 1285 3108 1354 γὰρ
3131 1283 3440 1336 δαπανᾶται
3465 1279 3664 1350 χρόνῳ,

2067 1376 2166 1444 οὺχ
2206 1373 2485 1426 ἁλίσκεται
2529 1372 2728 1442 φθόνῳ,
2770 1368 2884 1422 ἀλλ’
2929 1367 3074 1420 ἐστιν
3127 1363 3424 1435 ἀχείρωτος
3465 1361 3666 1426 πάσαις

2069 1465 2187 1525 ταῖς
2225 1459 2501 1521 τοιαύταις
2549 1455 2894 1520 ἐπιϐουλαῖς,
2946 1452 3042 1506 καὶ
3084 1451 3254 1522 μυρία
3296 1447 3516 1519 κομίζει
3555 1447 3670 1512 τοῖς

2069 1546 2319 1614 λέγουσιν
2346 1543 2509 1597 αὐτὸν
2543 1541 2743 1610 ἀγαθά.

2140 1629 2204 1683 δ’.
2229 1625 2555 1697 Πειθὼμεθα
2574 1624 2776 1683 τοίνυν.
2799 1622 2895 1676 καὶ
2917 1618 3160 1690 ποιῶμεν
3185 1616 3330 1670 οὕτω
3359 1616 3458 1669 καὶ
3480 1614 3664 1686 ἡμεῖς·

2071 1713 2165 1764 καὶ
2189 1710 2329 1762 ἔστω
2371 1709 2464 1762 καὶ
2501 1705 2622 1778 ἰερά
2653 1707 2914 1778 χρήματα
2955 1703 3093 1775 μετὰ
3129 1700 3239 1754 τῶν
3287 1698 3573 1753 ἰδιωτικῶν
3610 1697 3671 1750 ἐν

2071 1797 2190 1856 ταῖς
2221 1792 2422 1854 οἰκίαις
2465 1789 2803 1859 ἀποκείμενα
2843 1789 2966 1850 ταῖς
2999 1785 3314 1857 ἡμετέραις,
3341 1782 3428 1836 ἵνα
3462 1782 3560 1836 καλ⁵
3600 1781 3668 1835 τά

2075 1877 2322 1933 ἰδιωτικὰ
2361 1875 2448 1929 διὰ
2490 1873 2699 1927 τούτων
2744 1871 3104 1942 φυλάττηται.
3151 1867 3421 1938 Καθάπερ
3464 1866 3574 1938 γάρ
3613 1867 3673 1918 ἐν

2071 1962 2338 2033 ταμιείοις
2387 1956 2684 2029 βασιλικοῖς
2748 1955 2816 2008 ἂν
2857 1957 2999 2025 φανῇ
3029 1970 3173 2014 τινος
3207 1951 3316 2005 τῶν
3353 1949 3672 2020 ἀρχομένων

2073 2044 2410 2114 ἀποκείμενα
2435 2041 2540 2113 χρή
2551 2056 2717 2110 ματα,
2741 2039 2971 2092 κάκεῖνα
2995 2037 3084 2091 διὰ
3111 2034 3284 2089 ταῦτα
3315 2034 3518 2103 πολλῆς
3540 2033 3674 2086 ἀπο-

2072 2129 2226 2183 λαύει
2253 2127 2354 2196 τῆς
2387 2122 2718 2192 ἀσφαλείας·
2748 2121 2893 2175 οὕτω
2933 2120 3000 2192 δὴ
3051 2120 3146 2174 καὶ
3190 2120 3251 2172 ἐν
3294 2120 3362 2188 τῇ
3408 2116 3562 2186 οἰκίᾳ
3603 2117 3673 2185 τῇ

2076 2211 2228 2284 [254]
2258 2214 2322 2281 σῇ
2349 2209 2416 2263 ἂν
2439 2205 2616 2277 ἀποθῇ
2641 2205 2900 2276 χρήματα
2924 2204 3172 2274 πενήτων
3192 2199 3288 2255 καὶ
3305 2199 3450 2284 κατά
3476 2213 3677 2284 κυρια-

2073 2279 2176 2368 κὴν
2202 2279 2490 2366 συλλέγῃς,
2522 2289 2698 2345 ταῦτα
2729 2288 2954 2342 ἐκείνων
2987 2285 3154 2368 ἔσται
3175 2282 3469 2368 ἀσφάλεια.
3515 2279 3674 2335 Οὕτω

2075 2364 2170 2435 καὶ
2219 2364 2506 2447 οἰκονόμος
2550 2374 2761 2445 γενήσῃ
2804 2373 2914 2425 τῶν
2972 2366 3170 2424 σαυτοῦ
3227 2366 3532 2438 χρημάτων
3574 2364 3680 2447 ῦπδ

2076 2463 2290 2520 Παύλου
2340 2446 2758 2533 χειροτονηθείς.
2789 2455 2854 2509 Τί
2885 2454 3066 2522 λέγω;
3113 2451 3224 2506 Kal
3253 2450 3324 2503 τὰ
3489 2446 3678 2533 συλλε-

2077 2549 2241 2617 γέντα
2274 2531 2410 2618 πρὸς
2431 2531 2501 2596 τὸ
2551 2540 2770 2594 πλείονα
2802 2538 3054 2605 συλλέξαι
3093 2535 3256 2618 πάλιν
3295 2531 3560 2618 ὑπόθεσίς
3593 2547 3677 2583 σοι

2075 2615 2365 2703 γενήσεται
2395 2627 2490 2681 καὶ
2515 2624 2738 2696 ἀφορμὴ
2759 2621 2981 2676 πλείων.
3011 2623 3109 2703 “Ay
3141 2617 3250 2703 γὰρ
3274 2615 3450 2703 ἀρχὴν
3477 2615 3680 2703 ποιήσῃ

2081 2697 2238 2786 μόνον
2261 2711 2359 2783 τῆς
2391 2711 2564 2780 καλῆς
2597 2706 2799 2776 ταύτης
2854 2702 3160 2775 συνηθείας,
3195 2700 3357 2763 αὐτὸς
3409 2697 3520 2751 ὑπὸ
3556 2715 3685 2786 σαυ-

2076 2779 2172 2851 τοῦ
2227 2779 2430 2866 δυνήσῃ
2483 2779 2856 2844 διανίστασθαι
2895 2787 3079 2850 πάλιν,
3129 2783 3343 2847 οὐδενὸς
3370 2779 3681 2866 ,γενομένου

2081 2863 2372 2952 συμϐόλου.
2399 2863 2644 2929 Γενέσθω
2670 2872 2853 2926 τοίνυν
2883 2867 3149 2952 ἐκκλησία
3166 2866 3255 2952 τῷ
3281 2865 3474 2952 τρόπῳ
3503 2863 3680 2952 τούτῳ

2079 2967 2113 3036 ἡ
2144 2946 2375 3017 ἐκάστου
2399 2959 2566 3020 οἰκία,
2586 2975 2690 3028 χρη
2700 2956 2884 3026 μάτων
2916 2952 3078 3024 ἱερῶν
3102 2951 3250 3003 ἔνδον
3273 2946 3681 3017 ἀποκειμένων.

2080 3029 2185 3101 Καὶ
2209 3047 2320 3118 γάρ
2347 3045 2414 3098 τά
2438 3041 2816 3112 γαζοφυλάκια
2853 3037 2922 3091 τὰ
2947 3033 3182 3089 ἐνταῦθα
3211 3031 3445 3118 κείμενα
3477 3029 3687 3118 τούτων

2080 3130 2198 3183 ἐστὶ
2225 3112 2516 3199 σύμϐολον.
2547 3126 2721 3179 Ὅπου
2757 3121 3004 3191 πενήτων
3026 3120 3203 3171 κεῖται
3234 3115 3523 3199 χρήματα,
3549 3112 3689 3167 asa-

2079 3231 2172 3278 τος
2196 3196 2313 3276 τοῖς
2339 3211 2586 3280 δαίμοσιν
2622 3210 2652 3262 ὁ
2676 3206 2838 3269 τόπος
2863 3203 2978 3257 ἐστί
2999 3218 3012 3232 ·
3045 3202 3140 3254 καὶ
3167 3201 3307 3270 ὑπὲρ
3336 3197 3566 3259 ἀσπίδα,
3594 3196 3692 3251 καὶ

2081 3298 2229 3367 δόρυ,
2261 3295 2356 3349 καὶ
2392 3293 2553 3354 ὅπλα,
2586 3291 2682 3344 καὶ
2719 3289 2968 3360 σώματος
2992 3287 3166 3357 ἰσχὺν,
3202 3283 3296 3336 καὶ
3332 3281 3689 3354 στρατιωτῶν

2084 3366 2308 3450 πλῆθος,
2337 3376 2406 3430 τά
2445 3377 2580 3447 πρὸς
2612 3372 2981 3444 ἐλεημοσύνην
3015 3367 3392 3438 συλλεγόμενα
3423 3366 3691 3450 χρήματα

2083 3448 2308 3535 τειχίζει
2355 3461 2454 3524 τὰς
2505 3459 2700 3522 οἰκίας.
2752 3455 2938 3510 Εἰπὼν
2980 3453 3162 3508 τοίνυν
3208 3452 3363 3513 πότε,
3404 3449 3505 3503 καὶ
3540 3448 3692 3520 παρὰ

2084 3534 2266 3608 τίνων,
2300 3545 2395 3598 καὶ
2426 3543 2544 3605 πῶς
2573 3540 2643 3595 τὰ
2673 3539 2896 3594 τοιαῦτα
2921 3534 3276 3605 συλλέγεσθαι
3299 3534 3383 3586 δεῖ
3403 3534 3690 3603 χρήματα,

2087 3631 2185 3702 τήν
2217 3628 2490 3698 ποσότητα
2518 3624 2704 3678 λοιπὸν
2731 3624 2914 3685 αὐτοῖς
2938 3623 3051 3685 τοῖς
3083 3619 3430 3689 εἰσφέρουσιν
3459 3615 3691 3685 ἐπέτρε-

2087 3699 2210 3784 ψεν.
2250 3712 2326 3765 Οὐ
2363 3710 2474 3781 γὰρ
2515 3704 2688 3771 εἶπεν,
2728 3709 2811 3760 ὅτι
2847 3705 3015 3759 Τόσον
3058 3704 3155 3758 καὶ
3201 3702 3359 3755 τόσον
3388 3699 3690 3784 εἰσένεγκε,

2090 3782 2181 3853 ίνα
2229 3796 2303 3868 μὴ
2343 3795 2482 3866 βαρὺ
2507 3793 2569 3846 τὸ
2624 3791 2903 3861 ἐπίταγμα
2949 3790 3202 3860 γένηται,
3239 3785 3454 3840 πολλῶν
3503 3782 3691 3868 πενίαν

2092 3865 2547 3953 προϐαλλομένων
2567 3892 2580 3907 ·
2628 3875 2771 3929 ὥστε
2826 3873 2900 3946 μὴ
2940 3872 3120 3943 λέγειν
3159 3873 3288 3935 τοὺς
3329 3870 3595 3953 πένητας,
3627 3865 3693 3921 Τί

2092 3951 2206 4028 οῦν,
2245 3963 2310 4017 ἂν
2351 3963 2427 4033 μὴ
2463 3958 2783 4028 δυνώμεθας
2824 3956 2958 4010 ἀλλά
2998 3959 3062 4028 τῇ
3103 3955 3333 4025 δυνάμει
3366 3953 3478 4006 τῶν
3513 3951 3693 4020 εἰσφε-

2098 4047 2298 4119 ρόντων
2328 4044 2389 4097 τὸ
2426 4042 2626 4114 μέτρον
2647 4041 2746 4110 τῆς
2777 4041 3041 4111 εἰσφορᾶς
3070 4039 3330 4110 ὡρίσατο.
3375 4037 3692 4119 Ἕκαστος.

2096 4116 2282 4200 φησιν,
2307 4125 2476 4197 ὑμῶν
2507 4126 2646 4193 παρ’
2675 4121 2869 4188 ἐαυτῷ
2903 4123 3107 4175 τιθέτω
3137 4117 3530 4189 θησαυρίζων,
3572 4116 3607 4169 ὅ
3640 4131 3693 4200 τι

2097 4198 2174 4267 ἂν·
2217 4210 2523 4266 εὐοδῶται.
2569 4207 2683 4260 Kal
2723 4207 2823 4260 οὐκ
2864 4202 3046 4268 εἶπεν,
3091 4204 3230 4273 ὅπερ
3289 4202 3355 4256 ἂν
3398 4198 3690 4271 δυνηθῇ,ἢ

2095 4297 2233 4366 ὅπερ
2278 4295 2345 4348 ἂν
2386 4292 2606 4364 εὑρεθῇ,
2645 4289 2760 4344 ἀλλ’
2794 4290 2971 4357 Ὅπερ
3013 4288 3090 4342 ἂν
3128 4283 3430 4352 εὐοδωθῇ·
3484 4282 3695 4342 δεικνὺς

2098 4380 2179 4433 ὅτι
2218 4378 2312 4431 καί¹
2349 4376 2446 4448 τὴν
2478 4374 2683 4428 ἀνωθεν
2717 4373 2890 4446 ῥοπὴν
2932 4373 3028 4429 καὶ
3057 4371 3272 4425 εὔνοιαν
3300 4366 3411 4432 ἔξει
3452 4382 3697 4420 συναντι-

2101 4461 2518 4536 λαμϐανομένην
2544 4459 2712 4529 αὐτῷ.
2741 4459 2815 4510 Οὐ
2847 4457 2956 4528 γὰρ
2989 4457 3053 4528 δὴ
3092 4455 3250 4508 τοῦτο
3286 4453 3447 4525 μόνον
3555 4448 3697 4502 Παῦ-

2101 4535 2193 4610 λος
2225 4545 2468 4606 ἐσκόπει,
2496 4545 2645 4605 δπως
2681 4540 3010 4610 εἰσενεχθείη
3048 4540 3161 4602 τοῖς
3187 4536 3382 4608 πένησι
3417 4535 3693 4606 χρήματα.

2103 4629 2239 4684 ἀλλά
2260 4628 2354 4683 καὶ
2378 4628 2526 4689 ὅπως
2555 4624 2692 4696 μετὰ
2737 4623 3047 4696 προθυμίας
3085 4621 3309 4689 πολλῆς.
3347 4618 3507 4670 Ἐπεὶ
3547 4617 3638 4669 καὶ
3668 4615 3696 4666 ὁ

2103 4713 2235 4776 Θεδς
2264 4711 2363 4781 τὴν
2384 4707 2750 4778 ἐλεημοσύνην
2777 4705 2866 4760 διὰ
2885 4705 3042 4759 τοῦτο
3066 4703 3288 4776 ὥρισεν,
3321 4701 3422 4771 οὐχ
3462 4701 3551 4753 ἵνα
3580 4697 3698 4770 τρέ-

2105 4811 2311 4864 φωνται
2341 4791 2502 4863 μόνον
2526 4791 2577 4843 οἱ
2613 4790 2875 4860 δεόμενοι,
2901 4787 3014 4841 ἀλλ’
3047 4788 3134 4840 ἵνα
3159 4785 3254 4840 καὶ
3283 4785 3334 4837 οἱ
3365 4782 3699 4864 παρέχοντες

2105 4862 2519 4951 εὐεργετῶνται,
2561 4873 2658 4928 καὶ
2707 4871 2794 4926 διὰ
2839 4871 3061 4934 τούτους
3105 4869 3327 4942 μᾶλλον,
3373 4867 3408 4938 ῆ
3447 4866 3548 4951 δι’Δ
3570 4862 3699 4951 ἐκεί-

2106 4944 2257 5025 νουῖς.⁷
2289 4961 2352 5013 Εἰ
2374 4958 2482 5029 γάρ
2509 4957 2569 5010 τὸ
2602 4957 2828 5011 ἐκείνων
2855 4955 3078 5010 ἐσκόπει
3118 4953 3301 5024 μόνον,
3339 4950 3490 5010 ὅπως
3526 4944 3699 5012 δοθείη

2106 5046 2176 5098 τά
2211 5044 2466 5115 χρήματα
2489 5040 2646 5112 μόνον
2673 5039 2967 5094 ἐπέταττεν
3007 5038 3097 5103 ἂν,
3133 5037 3234 5090 οὐκ
3263 5035 3330 5088 ἂν
3351 5033 3412 5087 δὲ
3445 5032 3547 5102 τὴν
3575 5045 3702 5115 προῖ

2109 5109 2462 5199 θυμίανητῶν
2491 5109 2770 5177 ⁷διδόντων
2814 5121 3031 5193 ἐζήτει·
3072 5119 3192 5175 νυνὶ
3228 5117 3286 5170 δὲ
3313 5117 3446 5199 όρᾷς
3480 5115 3592 5166 ἄνω
3615 5109 3703 5199 καὶ

2107 5193 2259 5266 κάτω
2294 5209 2432 5279 ὑπὲρ
2470 5205 2662 5260 τούτου
2697 5205 2931 5278 μάλιστα
2956 5202 3050 5256 τὸν
3083 5197 3409 5255 Ἀπόστολον
3433 5193 3707 5250 διαταττό-

2113 5310 2289 5366 μενον,
2311 5293 2459 5354 ὅπως
2477 5289 2941 5361 χαίροντες,δπως
2968 5285 3142 5358 ἱλαροὶ
3166 5287 3456 5354 παρέχοιεν
3483 5279 3536 5331 οἰ
3561 5291 3705 5366 παρῖ

2109 5359 2342 5448 ἔχοντες.
2388 5359 2510 5428 Kal
2543 5359 2674 5426 ποτὲ
2717 5371 2816 5443 μέν
2861 5387 3015 5442 φησι·
3058 5367 3156 5437 Μὴ
3198 5367 3269 5422 ἐκ
3315 5366 3522 5430 λύπης
3551 5362 3591 5430 ἢ
3640 5359 3706 5448 ,ἐξ

2109 5444 2408 5529 ἀκάγκης·
2445 5457 2656 5524 ἱλαρὸν
2684 5457 2796 5525 τὰρ
2838 5450 3269 5522 δότην-,ἀγαπᾷ
3314 5452 3348 5503 ὁ
3389 5449 3568 5512 Θεός·
3613 5444 3710 5512 οὐχ

2113 5540 2299 5603 ἁπλῶς
2329 5540 2510 5610 δότην,
2537 5538 2677 5593 ἀλλά
2711 5537 2805 5592 τὸν
2849 5537 2969 5608 μεθ’
2995 5536 3191 5607 ἡδονῆς
3230 5533 3392 5586 τοῦτο
3423 5529 3702 5584 ποιοῦντα.

2117 5625 2226 5677 Kal
2256 5623 2416 5677 πάλιν
2445 5621 2703 5691 ἀλλαχοῦ,
2747 5621 2802 5673 '0
2836 5619 3195 5688 μεταδιδοὺς
3222 5617 3293 5670 ἑν
3319 5616 3636 5680 ἁπλότητι,
3680 5612 3712 5663 ὀ

2121 5706 2556 5777 προϊστάμενος
2592 5706 2662 5759 ἐν
2689 5703 2955 5773 σπουδῇ,
3001 5706 3035 5758 ό
3075 5702 3262 5756 ἐλεῶν
3289 5700 3361 5754 ἐν
3393 5697 3706 5765 ἱλαρότητι.
