3990 6358
254 355 365 411 9-35

254 469 441 539 Neque
481 467 623 522 enim
657 482 817 537 parva
850 483 935 523 res
972 468 1221 523 omnibus
1261 468 1311 522 in
1341 468 1567 538 negotiis
1594 470 1849 538 temporis

254 561 653 630 opportunitas.
704 560 768 613 Et
803 561 928 629 quid
950 602 965 625 ,
997 561 1146 615 dices
1170 602 1185 625 ,
1231 562 1645 630 opportunitatis
1691 559 1852 614 habet

253 662 508 719 tempus,
551 662 607 705 ut
645 652 768 720 quis
809 651 1189 720 persuadeatur
1235 653 1633 724 eleemosynam
1677 652 1852 708 dare?

251 744 408 811 Quod
435 744 537 797 hac
568 744 652 798 die
680 743 748 797 ab
788 745 932 797 omni
963 760 1125 813 opere
1151 750 1393 799 cessetur
1414 786 1428 810 ,
1461 744 1851 815 quod‘hilarior

251 836 469 889 animus
493 850 557 887 ex
588 835 684 888 hac
710 832 1184 904 quiete‘rcddatnr,
1206 838 1707 907 quodque‘omuium
1738 852 1850 891 ma-

249 929 459 979 ximum
492 937 573 979 est
597 968 612 992 ,
644 926 784 995 quod
817 927 907 980 illo
936 927 1021 981 die
1061 928 1353 981 innumeris
1394 928 1629 982 fruamur
1671 928 1842 982 bonis.

252 1018 367 1073 llac
395 1018 592 1087 quippe
617 1018 704 1072 die
730 1018 900 1071 soluta
927 1033 1075 1072 mors
1104 1028 1205 1083 est,
1234 1020 1491 1072 exstincta
1515 1019 1844 1083 maledictio,

250 1111 490 1163 deletum
532 1120 806 1178 peccatum
834 1151 847 1173 ,
882 1120 1046 1179 θοι-ιω
1085 1111 1236 1164 inferi
1277 1110 1598 1176 confractte,
1642 1111 1848 1166 vinctus

250 1201 501 1255 diabolus
522 1244 536 1267 ,
567 1202 875 1256 diuturnum
905 1202 1101 1257 bellum
1132 1203 1453 1273 diremptum
1479 1244 1495 1269 ,
1522 1204 1844 1257 reconciliati

250 1294 363 1348 Deo
404 1293 653 1348 homines
678 1336 692 1359 ,
723 1306 1071 1365 nostrumque
1108 1310 1275 1364 genus
1302 1295 1366 1349 ad
1395 1296 1668 1365 pristinam
1694 1335 1709 1360 ,
1741 1295 1846 1349 imo

248 1388 431 1456 potius
459 1387 709 1457 ad‘1onge
736 1388 989 1457 majorem
1028 1387 1358 1442 nobilitatem
1384 1388 1541 1442 rediit
1568 1405 1583 1440 :
1612 1388 1845 1458 viditque

245 1482 329 1535 sol
362 1481 887 1535 admirandum'illud
918 1482 1278 1550 spectaculum
1301 1523 1317 1546 ,
1348 1480 1617 1535 hominem
1645 1482 1843 1535 factum

246 1570 633 1628 immortalem.
668 1573 792 1628 "me
821 1575 995 1628 omnia
1024 1583 1076 1628 et
1104 1574 1225 1628 talia
1258 1574 1441 1629 volens
1468 1574 1580 1642 ipse
1611 1573 1764 1629 nobis
1790 1574 1843 1628 in

249 1664 568 1719 memoriam
591 1672 861 1729 revocate,
888 1665 1026 1718 dicm
1051 1664 1194 1718 illum
1219 1665 1269 1718 in
1292 1664 1524 1719 medium
1538 1664 1841 1729 attulit,ceu

248 1758 302 1812 in
338 1757 657 1812 advocatum
684 1746 835 1811 illum
856 1762 1246 1820 a‘ssumens,‘ut
1277 1758 1495 1827 singulis
1524 1756 1664 1811 dieat
1692 1774 1705 1811 :
1734 1757 1839 1811 Co-

245 1850 380 1919 gita,
405 1849 587 1912 homo,
617 1858 747 1918 quot
769 1849 1115 1918 qualibus‘que
1138 1849 1289 1902 bonis
1310 1848 1538 1903 donatus
1558 1850 1631 1903 sis
1660 1848 1839 1915 hodie,

248 1951 386 2011 quot
413 1940 734 2010 quantisque
774 1940 927 1993 malis
956 1950 1171 2009 ereptus
1203 1957 1215 1992 :
1246 1940 1416 2009 qualis
1442 1955 1561 1994 cum
1590 1941 1734 2008 prius
1758 1955 1843 1995 es-

245 2047 361 2094 ses,
392 2032 563 2101 qualis
589 2029 771 2102 postea
801 2030 967 2085 factus
997 2031 1091 2085 sis.
1121 2031 1271 2098 Quod
1297 2032 1340 2084 si
1370 2030 1483 2084 dies
1513 2031 1714 2085 natales
1741 2046 1841 2085 no-

232 2124 391 2177 ‘stros
416 2123 725 2188 recolhnus,
755 2124 905 2178 multi
926 2125 1274 2182 'autem.servi
1305 2124 1464 2178 etiam
1493 2124 1841 2194 eos,'quibus

244 2214 498 2269 libertate
524 2215 705 2270 donati
733 2226 889 2279 sunt,
923 2230 1115 2285 magno
1142 2230 1262 2269 cum
1294 2214 1498 2269 honore
1526 2217 1837 2283 celebrant,

244 2309 317 2361 ita
354 2316 410 2361 ut
438 2307 527 2361 alii
554 2307 794 2362 convivia
824 2307 1049 2369 faciant,
1081 2306 1169 2359 alii
1197 2316 1373 2361 autem
1402 2306 1678 2362 liberiores
1701 2306 1838 2362 dona

245 2400 544 2470 largiantur
571 2417 586 2453 :
614 2400 781 2454 multo
811 2399 979 2469 magis
1006 2413 1103 2452 nos
1136 2400 1275 2453 hunc
1304 2399 1442 2453 diem
1476 2400 1714 2453 venerari
1744 2415 1841 2469 par

243 2502 348 2555 est,
380 2507 538 2563 quem
570 2508 675 2547 non
702 2494 980 2559 erraverit,
1008 2492 1052 2546 si
1081 2493 1199 2562 quis
1225 2494 1384 2547 totius
1412 2492 1655 2547 humanae
1681 2503 1837 2548 natu-

241 2599 319 2640 ra:
347 2586 491 2639 diem
519 2586 747 2641 natalem
778 2585 1064 2639 vocaverit.
1114 2585 1309 2639 Periliti
1340 2586 1481 2640 enim
1508 2601 1751 2650 eramus,
1784 2596 1837 2641 et

243 2679 449 2733 inventi
481 2694 700 2743 sumus;
732 2679 963 2745 mortui,
993 2687 1047 2733 et
1074 2680 1387 2744 revisimus;
1422 2679 1643 2741 inimici,
1670 2688 1724 2734 et
1748 2694 1837 2734 re-

242 2770 520 2825 conciliati
560 2785 764 2825 sumus.
809 2770 1148 2841 QuaprOptcr
1175 2786 1296 2826 eum
1339 2771 1540 2825 honore
1575 2771 1836 2841 spirituali

242 2866 428 2921 colere
452 2881 547 2937 par
567 2874 667 2931 est,
688 2880 791 2920 non
813 2866 1211 2928 c0nviviis,non
1235 2867 1340 2920 vini
1366 2876 1510 2936 potu,
1538 2884 1640 2922 non
1663 2868 1837 2924 ebrie-

245 2965 380 3023 tate,
407 2972 513 3011 non
540 2956 801 3026 tripudiis,
826 2956 919 3011 sed
932 2956 1194 3010 Tratrihus
1212 2959 1415 3011 nostris
1437 2960 1837 3029 pauperioribus

242 3048 311 3103 ad
343 3064 523 3103 rerum
552 3052 759 3119 copiam
788 3049 1051 3103 adductis.
1078 3048 1214 3104 ηερε
1241 3049 1360 3103 dico
1391 3058 1583 3104 nou'ut
1611 3051 1836 3106 laudetis

243 3149 476 3204 tantum,
509 3140 604 3195 sed
632 3148 691 3193 ut
717 3140 876 3195 etiam
908 3139 1210 3196 imitemini.
1238 3140 1315 3196 Ne
1338 3142 1532 3210 putetis
1558 3142 1697 3197 enim
1722 3142 1837 3199 lucc

245 3232 311 3287 ad
336 3232 644 3287 Corinthios
660 3233 832 3287 solum
854 3232 993 3288 dicta
1017 3234 1199 3302 fuisse,
1219 3234 1312 3289 scil
1334 3235 1493 3289 etiam
1511 3235 1575 3289 ad
1596 3245 1834 3290 nostrum

240 3324 485 3393 singulos
504 3332 553 3379 et
576 3323 644 3378 ad
668 3325 967 3387 universos,
990 3325 1077 3395 qui
1102 3336 1220 3394 post
1244 3324 1405 3380 futuri
1429 3334 1573 3380 Sunt.
1604 3326 1833 3397 ldipsum

241 3431 373 3470 vero
404 3416 657 3470 faciamus
678 3415 819 3485 quod
842 3414 1038 3469 Paulus
1066 3417 1316 3486 praecepit
1345 3433 1359 3472 :
1387 3424 1440 3471 ct
1458 3416 1545 3473 die
1568 3417 1836 3473 dominico

241 3506 613 3578 unusquisque
643 3517 885 3562 nostrum
914 3506 1057 3563 domi
1088 3523 1217 3578 epes
1243 3509 1538 3564 dominicas
1568 3520 1790 3581 reponat
1819 3528 1831 3565 :

241 3601 423 3679 sitque
466 3599 568 3654 hoc
593 3599 677 3655 lex
707 3610 762 3655 et
786 3599 1115 3655 consuetudo
1145 3601 1507 3669 immutabilis,
1541 3618 1712 3674 neque
1736 3603 1832 3659 ad-

242 3691 545 3747 monitione
569 3690 824 3760 deinceps
853 3690 937 3746 vel
963 3692 1186 3745 consilio
1210 3706 1344 3761 opus
1368 3693 1472 3747 erit
1500 3693 1655 3749 nobis
1684 3712 1697 3749 :
1724 3710 1832 3749 non

242 3783 388 3838 enim
418 3791 621 3836 tantum
657 3782 799 3837 valet
827 3797 1006 3837 sermo
1034 3791 1088 3836 ct
1110 3783 1402 3837 admonitio
1421 3824 1437 3849 ,
1469 3794 1722 3855 quantum
1751 3786 1833 3840 in-

243 3885 489 3931 veterata
528 3875 878 3930 consuetudo.
912 3874 968 3930 Si
1013 3874 1118 3929 hoc
1151 3884 1444 3931 statuamus
1469 3917 1484 3941 ,
1513 3886 1572 3931 ut
1613 3878 1835 3947 singulis

244 3966 536 4020 dominicis
554 3966 755 4037 aliquid
779 3966 831 4020 in
854 3965 1149 4021 subsidium
1172 3980 1461 4036 pauperum
1485 3967 1831 4038 deponamus,

244 4073 314 4113 ne
344 4059 558 4129 quidem
586 4058 629 4112 si
657 4066 922 4113 sexcenta:
945 4066 1167 4128 urgeant
1188 4058 1553 4124 necessitates,
1585 4059 1721 4115 hanc
1752 4061 1829 4116 le-

242 4166 366 4221 gem
398 4150 867 4220 transgrediemur.

320 4239 510 4295 Omnes
534 4240 899 4311 eleemosgnam
920 4256 1011 4309 pro
1032 4239 1216 4296 viribus
1235 4240 1358 4295 dare
1376 4250 1603 4312 Oportet;
1630 4242 1835 4296 eleemo—

241 4348 373 4403 agna
394 4348 512 4384 cum
546 4329 733 4401 gaudio
772 4330 1063 4401 eroganda;
1090 4331 1417 4403 elecmosyme
1439 4332 1583 4385 ritus.
1604 4333 1835 4387 ——Post-

242 4438 407 4494 quam
437 4437 564 4477 vero
590 4421 724 4477 dixit
744 4462 757 4485 ,
789 4420 891 4475 Per
916 4438 1069 4475 unum
1093 4421 1321 4488 sabbati,
1355 4423 1623 4487 subdidit,
1659 4422 1832 4479 Unus-

240 4512 455 4581 quisque
480 4520 717 4565 vestrum.
746 4509 862 4565 Non
892 4510 1086 4565 divites
1116 4521 1318 4565 tantum
1346 4512 1607 4582 alloquor,
1643 4513 1831 4582 inquit,

241 4603 340 4659 sed
384 4603 546 4657 etiam
571 4617 874 4674 pauperes;
908 4617 1015 4658 non
1044 4603 1240 4659 liberos
1278 4612 1480 4658 tantum
1507 4646 1523 4672 ,
1552 4606 1645 4660 sed
1672 4607 1832 4661 etiam

241 4709 468 4761 servos;
512 4710 620 4749 non
642 4694 973 4750 viros‘modo
997 4736 1012 4760 ,
1041 4696 1133 4751 sed
1158 4705 1214 4752 et
1238 4698 1488 4753 mulieres
1518 4716 1531 4753 :
1564 4699 1736 4754 nullus
1767 4699 1836 4755 sit

242 4788 313 4841 ab
338 4786 445 4841 hoc
468 4787 765 4843 ministerio
795 4786 1063 4854 immunis,
1091 4803 1263 4858 neque
1291 4789 1392 4844 hoc
1422 4790 1571 4845 lucro
1599 4806 1793 4846 vacuus
1813 4833 1827 4855 ,

241 4878 341 4934 sed
374 4878 741 4949 unusquisque
769 4877 957 4933 offerat
981 4895 995 4931 :
1021 4894 1192 4948 neque
1220 4879 1489 4933 collationi
1516 4880 1638 4935 huic
1663 4880 1834 4935 obstet

241 4969 445 5038 inopia.
470 4968 969 5037 Quantumcumque
988 4970 1128 5024 enim
1151 4983 1351 5038 pauper
1371 4970 1463 5031 sis,
1493 4984 1597 5023 non
1625 4986 1683 5024 es
1706 4987 1835 5039 pau-

239 5062 424 5129 perior
450 5058 607 5113 vidua
637 5059 725 5114 i‘lla
745 5101 761 5125 ,
792 5075 913 5128 qua‘:
938 5074 1149 5114 omnem
1179 5060 1527 5115 substantiam
1560 5077 1709 5114 suam
1739 5078 1832 5117 ex.

238 5150 425 5205 hausit
451 5149 470 5219 (
500 5148 623 5203 Luc.
646 5148 737 5203 ει.
763 5150 902 5220 2-4).
948 5150 1447 5222 Quantumcumque
1488 5167 1684 5222 pauper
1722 5155 1795 5206 sis
1814 5194 1828 5217 ,

236 5257 345 5296 non
371 5254 434 5296 es
456 5243 743 5312 pauperior
769 5244 994 5297 muliere
1017 5242 1255 5307 Sidonia,
1282 5258 1402 5312 qua:
1428 5243 1550 5298 licet
1575 5243 1829 5313 pugillum

238 5333 432 5389 farina:
462 5342 669 5388 tantum
700 5333 918 5389 haberet
941 5376 956 5401 ,
987 5350 1053 5389 ne
1082 5335 1158 5388 sic
1187 5334 1399 5404 quidem
1425 5324 1492 5388 ab
1518 5333 1831 5403 excipiendo

239 5425 507 5496 propheta
535 5425 766 5481 cohibita
788 5435 903 5490 est;
932 5427 1024 5482 sed
1058 5427 1179 5482 licet
1198 5427 1606 5482 circumstantes
1636 5427 1831 5482 liberos

238 5517 471 5581 videret,
506 5524 887 5588 urgentcmque
906 5516 1104 5573 famem
1128 5556 1144 5582 ,
1175 5532 1348 5587 neque
1376 5516 1516 5571 aliud
1542 5516 1828 5587 quidquam

240 5611 470 5667 haberet
492 5611 792 5682 depositum
814 5650 830 5673 ,
858 5626 1046 5683 magna
1071 5626 1192 5666 cum
1221 5610 1490 5665 alacritate
1515 5610 1827 5680 prophetam

237 5701 453 5773 excepit
476 5701 553 5772 (3.
577 5700 704 5773 Reg.
738 5702 825 5757 Π.
858 5702 947 5757 10.
978 5702 1134 5772 sqq.).
1162 5700 1277 5769 Qua
1305 5717 1432 5757 vero
1460 5701 1527 5757 de
1554 5716 1715 5757 causa
1741 5700 1826 5755 di-

239 5794 343 5861 xit,
368 5793 523 5865 Apud
547 5809 600 5849 se
621 5801 828 5865 reponat
851 5792 1194 5849 thesaurizans
1214 5794 1289 5865 (Ι.
1313 5792 1432 5850 Cor.
1457 5794 1543 5851 16.
1565 5792 1662 5865 2)?
1685 5792 1818 5862 Quia

1543 353 1630 408 DE
1671 350 2152 409 ELEEMOSYNA.

3441 368 3546 428 966

1960 467 2194 523 fortasse
2223 484 2343 525 cum
2376 472 2641 527 modicum
2672 484 2809 529 esset
2832 518 2846 540 ,
2881 476 2930 530 id
2958 478 3240 536 ostendere
3269 485 3551 542 verebatur

1961 566 2015 612 et
2035 559 2404 615 erubescebat.
2431 562 2763 633 Quapropter
2783 566 2935 633 dixit,
2962 568 3040 623 Tu
3064 586 3217 626 serva
3236 582 3294 629 et
3314 578 3547 639 custodi,

1956 659 2151 704 etcum
2175 651 2503 707 oblationum
2528 654 2819 726 frequentia
2840 660 2983 729 quod
3007 676 3225 730 parvum
3247 676 3382 731 erat,
3408 669 3543 723 mul-

1959 749 2069 801 tum
2090 740 2334 797 ell‘ectum
2354 743 2533 808 fuerit,
2564 756 2688 801 tunc
2714 747 2766 801 in
2789 750 3021 805 medium
3042 754 3339 822 producito.
3362 757 3547 829 Neque

1954 831 2106 896 dixit,
2125 834 2400 904 colligens,
2419 835 2512 891 sed
2535 836 2903 893 Tltesaurizans
2918 855 2937 903 ;
2954 850 3011 895 ut
3036 843 3231 911 discas,
3252 862 3544 916 expensam

1955 924 2097 980 illam
2126 940 2247 981 esse
2268 926 2597 996 thesaurum,
2619 931 2740 1000 quia
2760 940 3007 1002 sumptus
3024 934 3111 989 ille
3128 936 3412 994 thesaurus
3431 941 3546 997 effi-

1952 1016 2092 1070 citur
2117 1036 2129 1072 :
2152 1017 2452 1085 thesaurus,
2478 1020 2713 1088 inquam,
2737 1023 2881 1076 omni
2906 1024 3156 1082 thesauro
3178 1029 3388 1086 melior.
3410 1032 3542 1088 Nam

1954 1108 2059 1171 hic,
2082 1110 2170 1179 qui
2198 1112 2296 1164 sub
2317 1127 2533 1167 sensum
2561 1113 2723 1179 cadit,
2745 1115 3029 1172 thesaurus
3048 1119 3250 1175 insidiis
3273 1124 3544 1194 impetitur

1950 1210 2005 1255 et
2032 1204 2392 1269 imminuitur,
2423 1220 2677 1277 stepeque
2706 1223 2833 1272 eos,
2861 1210 2951 1279 qui
2983 1210 3155 1280 ipsum
3188 1215 3537 1283 invenerant,

1953 1296 2181 1364 perdidit
2228 1315 2242 1351 :
2290 1298 2571 1353 thesaurus
2618 1315 2749 1355 vero
2794 1302 3025 1359 celestis
3065 1319 3259 1374 secus;
3304 1309 3542 1366 imminui

1950 1399 2182 1455 namque
2200 1396 2255 1442 et
2275 1388 2481 1444 insidiis
2508 1389 2691 1461 impeti
2744 1394 2945 1464 nequit,
2976 1394 3120 1451 salus
3146 1400 3543 1467 possidentibus

1949 1487 2005 1555 et
2029 1478 2437 1547 accipientibus.
2468 1480 2584 1536 Non
2614 1490 2857 1554 tempore
2885 1490 3237 1555 consumitur,
3268 1505 3376 1545 non
3405 1494 3543 1561 perit

1946 1565 2143 1621 invidia
2170 1610 2185 1634 ,
2217 1569 2310 1624 sed
2344 1571 2537 1626 talibus
2561 1588 2783 1642 prorsus
2806 1575 3013 1632 insidiis
3040 1577 3346 1637 inaccessus
3368 1623 3384 1649 ,
3412 1596 3538 1638 sex-

1948 1669 2102 1714 centa
2134 1662 2507 1734 colligentibus
2536 1665 2745 1721 oonfert
2774 1667 2934 1723 bona.

2019 1751 2072 1806 4.
2113 1752 2558 1824 Obtemperemus
2582 1756 2774 1827 igitur,
2801 1768 2855 1813 et
2879 1760 2959 1815 sic
2983 1775 3081 1817 nos
3107 1761 3206 1831 ipsi
3236 1764 3491 1821 faciamus
3522 1784 3536 1821 :

1946 1841 2159 1911 sintque
2180 1858 2347 1899 sacra:
2370 1846 2610 1915 pecunia:
2628 1847 2679 1901 in
2700 1848 2944 1905 domibus
2965 1854 3163 1907 nostris
3177 1869 3298 1909 cum
3322 1856 3540 1925 privatis

1947 1932 2137 2002 opibus
2158 1936 2427 2005 repositte,
2454 1946 2509 1991 ut
2530 1952 2624 2007 per
2645 1950 2738 2016 eas
2764 1940 2982 2009 privata:
3004 1942 3109 1997 illa:
3130 1957 3534 2003 conserventur.

1944 2024 2404 2091 Quemadmodum
2448 2029 2591 2085 enim
2606 2030 2671 2085 -in
2700 2033 2859 2103 regiis
2884 2035 3111 2100 aerariis,
3140 2036 3183 2091 si
3214 2039 3412 2095 subditi
3438 2056 3535 2097 cu-

1939 2116 2152 2185 jusdam
2171 2121 2425 2189 "pecunia:
2452 2121 2724 2187 intersint,
2754 2124 2975 2193 privata:
3000 2127 3265 2197 regiarum
3292 2146 3451 2188 causa
3481 2133 3532 2188 iu

1940 2215 2060 2263 tuto
2082 2210 2413 2267 collocantur
2438 2231 2452 2268 :
2476 2214 2557 2271 sic
2580 2224 2634 2270 et
2654 2216 2701 2269 si
2730 2216 2872 2271 domi
2900 2221 3160 2289 repositas
3187 2221 3382 2279 habeas
3406 2242 3537 2296 pau-

1943 2313 2130 2368 perum
2154 2303 2424 2370 pecunias,
2453 2320 2585 2375 quas
2611 2305 2698 2361 die
2722 2307 2990 2363 dominico
3014 2311 3234 2381 colligas
3253 2355 3268 2375 ,
3298 2314 3404 2370 illa:
3430 2317 3534 2371 tuis

1942 2394 2283 2449 securitatem
2317 2398 2543 2465 parient.
2593 2398 2667 2453 lta
2693 2399 3032 2469 dispensator
3055 2403 3161 2457 eris
3187 2406 3532 2475 pecuniarum

1945 2490 2154 2538 tuarum
2187 2500 2215 2540 a
2246 2486 2409 2541 Paulo
2436 2489 2776 2545 constitutus.
2817 2490 2954 2560 Quid
2984 2492 3142 2547 dico?
3171 2494 3260 2549 Ea:
3284 2512 3403 2567 qua:
3421 2497 3532 2567 jam

1941 2576 2183 2631 collectze
2202 2578 2267 2632 ad
2297 2579 2473 2648 plures
2493 2581 2821 2653 colligendas
2841 2586 3175 2642 occasionem
3203 2588 3293 2643 tibi
3313 2604 3530 2645 ansam-

1940 2664 2045 2737 qué
2076 2669 2410 2738 prmbebunt.
2461 2672 2516 2728 Si
2547 2675 2689 2728 enim
2716 2675 2869 2729 bona:
2897 2676 3021 2731 huic
3043 2681 3415 2735 consuetudini
3444 2682 3529 2736 in-

1941 2761 2089 2815 itium
2121 2760 2353 2827 dederis,
2379 2764 2491 2833 ipse
2522 2768 2747 2835 teipsum
2778 2769 3015 2823 excitare
3045 2773 3244 2839 poteris
3272 2771 3389 2828 sine
3420 2773 3531 2827 ullo

1939 2853 2205 2923 symbolo.
2238 2853 2316 2910 Sit
2347 2855 2504 2925 igitur
2532 2856 2634 2911 hoc
2660 2858 2819 2912 modo
2847 2860 3103 2930 cujusque
3130 2846 3320 2917 domus
3349 2864 3525 2921 eccle-

1939 2943 2041 3008 sia,
2072 2944 2239 3001 sacris
2270 2947 2507 3015 pecuniis
2546 2948 2689 3003 intus
2728 2951 3023 3021 repositis,
3047 2952 3336 3009 Enimvero
3365 2969 3531 3025 gazo-

1942 3034 2184 3106 phylacia
2205 3077 2221 3102 ,
2247 3052 2367 3108 qua:
2390 3038 2477 3095 hic
2505 3040 2768 3095 habentur
2786 3082 2801 3107 ,
2827 3042 3035 3097 illarum
3061 3044 3363 3115 symbolum
3382 3055 3529 3103 sunt.

1940 3126 2041 3183 Ubi
2068 3143 2357 3199 pauperum
2382 3132 2621 3201 pecunia:
2642 3132 2845 3203 jaceat,
2872 3134 3177 3191 inaccessos
3195 3136 3530 3195 dtemonibus

1938 3236 2023 3282 est
2046 3227 2197 3284 locus
2225 3245 2238 3282 :
2268 3228 2509 3285 collectae
2534 3245 2765 3301 namque
2782 3230 2849 3286 ad
2872 3231 3269 3305 eleemosynam
3292 3237 3534 3304 pecunia:

1940 3321 2080 3391 plus,
2104 3336 2263 3391 quam
2286 3331 2517 3387 scutum,
2540 3322 2789 3389 haSta,‘et
2808 3339 2977 3391 arma,
3002 3339 3268 3395 omneque
3291 3328 3533 3396 corporis

1938 3412 2228 3479 robur,aut
2248 3413 2474 3468 militum
2497 3429 2686 3469 manus
2712 3414 2900 3469 domos
2914 3416 3184 3470 muniunt.
3208 3417 3340 3472 Cum
3362 3417 3531 3473 dixis-

1940 3514 2023 3561 set
2058 3518 2186 3577 ergo
2211 3506 2469 3576 ,quando
2495 3547 2510 3573 ,
2539 3522 2567 3560 a
2598 3506 2791 3576 quibus
2822 3516 2877 3562 et
2917 3508 3183 3576 quomodo
3227 3508 3532 3579 hujusmodi

1940 3600 2180 3668 pecunia:
2208 3599 2523 3671 colligenda:
2552 3601 2680 3663 sint,
2710 3610 2935 3670 quantas
2977 3601 3095 3659 illas
3136 3616 3257 3657 esse
3283 3611 3530 3671 oporteat

1940 3689 2276 3746 offerentium
2292 3691 2515 3746 arbitrio
2533 3692 2802 3761 relinquit.
2824 3691 2940 3747 Non
2958 3691 3101 3746 enim
3118 3691 3281 3758 dixit,
3299 3693 3528 3749 Tantum

1939 3792 1995 3840 et
2023 3793 2229 3839 tantum
2261 3784 2415 3851 olfer,
2444 3800 2512 3839 ne
2539 3798 2825 3838 onerosum
2854 3784 2923 3839 sit
2950 3793 3275 3854 prreceptum
3301 3826 3317 3848 ,
3348 3786 3529 3841 multis

1942 3886 2308 3947 paupertatem
2355 3876 2763 3947 objicientibus;
2810 3891 2880 3931 ne
2926 3891 3189 3945 pauperes
3239 3877 3480 3933 dicerent
3511 3917 3527 3941 .

1943 3969 2081 4038 Quid
2103 3971 2262 4041 igitur
2285 3970 2331 4025 si
2354 3986 2458 4025 non
2482 3969 2789 4037 possimus?
2811 3968 2907 4023 sed
2930 3968 3168 4023 facultati
3190 3968 3529 4025 offerentium

1940 4060 2230 4116 oblationis
2254 4060 2473 4115 modum
2502 4060 2743 4130 permisit
2774 4076 2788 4113 ε
2824 4058 3198 4130 Unusquisque,
3227 4060 3417 4131 inquit,
3448 4078 3530 4115 ve-

1940 4162 2101 4206 strum
2126 4153 2265 4223 apud
2283 4169 2337 4206 se
2359 4162 2568 4221 seponat
2593 4152 2938 4205 thesaurizans
2962 4151 3097 4221 quod
3142 4145 3243 4202 sibi
3278 4148 3536 4216 placuerit

1942 4243 2034 4315 (Ι.
2066 4243 2184 4299 Cor.
2216 4244 2301 4298 16.
2334 4241 2414 4313 2)
2446 4262 2458 4298 :
2499 4258 2605 4296 non
2636 4243 2787 4303 dixit,
2818 4240 2957 4310 quod
2990 4241 3238 4309 potuerit,
3269 4242 3528 4311 autquod

1941 4344 2212 4405 repertum
2244 4335 2434 4398 fuerit;
2469 4335 2560 4389 sed
2587 4376 2601 4396 ,
2638 4332 2786 4399 Quod
2812 4332 2907 4386 sibi
2937 4334 3178 4401 placuerit
3197 4376 3210 4396 ,
3241 4333 3357 4388 sive
3382 4335 3524 4404 quod

1936 4426 2279 4482 commodum
2311 4426 2487 4483 fuerit.
2511 4426 2799 4479 ostendens
2830 4439 3118 4494 supernum
3148 4437 3334 4478 nutum
3362 4434 3414 4480 et
3436 4426 3529 4480 bc-

1940 4515 2298 4572 nevolentiam
2325 4514 2424 4585 ipsi
2453 4514 2753 4569 adiuturam
2780 4529 2919 4569 esse.
2961 4513 3076 4568 Non
3103 4514 3243 4568 enim
3273 4514 3325 4569 id
3350 4515 3525 4568 solum

1941 4606 2215 4675 spectabat
2260 4605 2456 4660 Paulus
2487 4647 2503 4671 ,
2550 4613 2607 4658 ut
2658 4604 2894 4673 pecunia:
2941 4605 3263 4673 pauperibus
3320 4604 3524 4658 submi-

1942 4697 2300 4755 nistrarentur
2325 4738 2339 4761 ,
2369 4695 2462 4751 sed
2492 4704 2548 4749 ut
2583 4695 2635 4750 id
2664 4710 2853 4765 magna
2894 4709 3014 4748 cum
3042 4693 3316 4748 alacritate
3350 4692 3524 4747 fieret.

1945 4788 2151 4843 Etenim
2179 4787 2317 4842 Deus
2335 4803 2439 4841 non
2460 4787 2529 4840 oh
2550 4786 2599 4839 id
2620 4794 2821 4839 tantum
2838 4785 3231 4856 eleemosynam
3251 4784 3527 4853 praecepit,

1942 4889 2001 4935 ut
2022 4881 2233 4935 alantur
2262 4880 2435 4949 egeni,
2465 4878 2557 4932 sed
2586 4879 2746 4932 etiam
2780 4886 2837 4931 ut
2865 4876 3114 4930 dantibus
3145 4872 3400 4930 beneficia
3429 4890 3522 4928 ac-

1941 4971 2226 5036 cederent;
2255 4980 2576 5039 propterque
2606 4969 2706 5022 hos
2728 4967 2893 5036 magis
2912 5006 2928 5033 ,
2956 4982 3113 5037 quam
3144 4974 3360 5035 propter
3385 4965 3522 5018 illos.

1940 5060 2073 5116 Nam
2102 5061 2145 5115 si
2173 5075 2462 5130 pauperum
2490 5059 2765 5113 dumtaxat
2792 5057 3063 5112 habuisset
3084 5057 3365 5121 rationem,
3391 5070 3529 5124 pra:-

1940 5153 2170 5223 cepisset
2202 5160 2403 5204 tantum
2441 5160 2498 5204 ut
2530 5150 2766 5219 pecunia:
2791 5156 3139 5217 erogarentur
3159 5187 3175 5211 ,
3208 5161 3380 5217 neque
3406 5160 3529 5200 ero-

1939 5244 2172 5315 gantiam
2187 5244 2509 5297 alacritatem
2532 5258 2618 5311 req
2628 5240 2888 5294 oisivissct
2910 5257 2922 5293 :
2939 5249 2990 5292 at
3007 5254 3146 5293 nunc
3161 5238 3308 5293 vides
3321 5245 3535 5307 aposto-

1942 5337 2050 5391 lum
2069 5336 2210 5390 omni
2230 5334 2581 5389 sollicitudine
2598 5333 3011 5402 pracipicntcm.
3028 5343 3084 5385 ut
3098 5331 3201 5385 lceti
3220 5330 3524 5401 hilaresque

1939 5429 2046 5483 sint
2070 5428 2366 5498 largitores.
2400 5428 2463 5479 lit
2487 5424 2771 5494 aliquando
2797 5423 2943 5488 dicit,
2975 5422 3093 5476 Non
3112 5439 3174 5477 ea:
3193 5422 3413 5486 tristitia,
3436 5429 3527 5474 aut

1939 5538 2002 5575 ea:
2045 5523 2333 5575 necessitate
2359 5534 2378 5573 :
2404 5518 2615 5573 hilarem
2651 5520 2781 5571 enim
2816 5516 3041 5569 datorem
3069 5516 3232 5586 diligit
3261 5513 3395 5567 Deus
3425 5512 3522 5583 (2.

1941 5609 2058 5665 Cor.
2076 5610 2131 5666 9.
2162 5610 2253 5680 7);
2285 5624 2391 5663 non
2420 5608 2731 5677 simpliciter
2756 5607 2995 5661 datorem
3019 5646 3034 5667 ,
3068 5604 3162 5659 scd
3186 5618 3308 5659 eum
3335 5603 3424 5673 qui
3456 5602 3525 5657 li-

1939 5701 2129 5756 benter
2155 5700 2205 5756 id
2234 5701 2359 5772 agit.
2396 5700 2463 5754 Et
2493 5700 2683 5754 itermn
2715 5698 2838 5753 alibi
2870 5715 2884 5752 :
2920 5698 3019 5764 Qui
3047 5696 3216 5749 tribuit
3245 5696 3299 5774 iit
3320 5694 3523 5763 simpli-

1938 5794 2107 5859 citate,
2136 5795 2221 5863 qui
2246 5801 2423 5862 prrrcst
2452 5792 2502 5845 iu
2531 5788 2889 5851 sollicitudine,
2919 5788 3004 5857 qui
3024 5788 3292 5871 ptiscretur
3317 5785 3368 5837 in
3396 5782 3524 5839 hila-
