3990 6358
415 325 525 383 Ξϐἵ

419 440 568 493 ritate
597 429 772 499 (Rom.
806 425 890 480 12.
919 420 995 494 8).
1032 418 1156 474 lla'c
1180 424 1264 470 est
1287 415 1431 468 enim
1459 409 1797 478 eleemosyna
1820 447 1834 468 ,
1860 403 1905 457 si
1932 401 2002 455 ita

421 498 656 586 dederis,
679 529 735 574 ut
756 515 1010 586 gaudeas,
1037 517 1094 565 et
1114 515 1269 578 putes
1288 512 1342 558 te
1367 500 1536 569 magis
1559 498 1823 565 accipere.
1846 505 2004 561 quam

420 581 569 674 dare.
605 581 835 680 Ideoque
870 603 1043 660 modis
1069 597 1319 656 omnibus
1343 600 1566 649 conatur
1592 597 1652 642 ut
1685 588 1802 642 leve
1850 581 2009 637 faciat

423 673 769 780 pra-ceptum,
785 716 850 756 ac
865 713 987 754 cum
1009 691 1285 750 alacritate
1306 687 1398 740 fiat
1411 682 1630 738 oblatio.
1653 680 1719 733 Et
1732 673 2008 732 considera

421 763 552 876 quot
579 763 840 872 capitibus
871 785 1124 862 prmcepti
1150 780 1356 854 pondus
1392 775 1606 834 auferre
1634 777 1858 838 satagat.
1890 763 2008 821 Pri-

424 856 512 954 mo
556 856 708 965 jub'et
749 856 1062 942 nou-unum
1085 919 1099 943 ,
1131 883 1227 931 aut
1262 872 1401 929 duos
1433 880 1609 924 tresve
1642 862 1838 919 offerre
1862 899 1876 924 ,
1915 856 2013 913 sed

426 951 730 1042 universam
760 977 1052 1034 civitatem.
1091 967 1328 1024 Collecta
1367 961 1510 1017 enim
1556 955 1688 1013 nihil
1716 951 1860 1007 aliud
1889 959 1970 1006 est
1993 991 2010 1017 ,

425 1096 586 1152 quam
611 1075 827 1132 collatio
854 1079 908 1124 et
936 1061 1236 1137 symbolum
1263 1057 1330 1110 ab
1357 1052 1603 1109 omnibus
1627 1046 1886 1102 oblatum.
1918 1041 2017 1097 Se-

429 1132 606 1228 cundo
651 1132 1022 1234 accipientium
1069 1148 1311 1222 dignitati
1362 1141 1649 1215 ριόειιίοἰις
1719 1152 1826 1191 non
1872 1132 2014 1187 enim

429 1265 584 1327 dixit,
613 1223 896 1330 pauperes,
925 1246 1018 1304 sed
1051 1244 1289 1301 Sanctus.
1319 1237 1500 1291 Tertio
1529 1229 1831 1298 exemplum
1861 1223 2020 1278 affcrt

434 1314 682 1414 aliorum,
709 1345 798 1417 qui
827 1341 1000 1398 simile
1023 1333 1274 1406 quiddam
1301 1329 1569 1383 fecerant:
1595 1322 1739 1377 Sicut
1765 1314 2017 1381 ordiuuvi,

439 1443 628 1514 inquit,
655 1407 894 1493 Ecclesiis
918 1428 1151 1486 Galatiae.
1185 1422 1264 1477 Ad
1295 1420 1409 1474 haec
1432 1415 1539 1470 diei
1565 1407 2019 1481 opportunitatem

434 1502 652 1604 adjicit:
672 1529 775 1584 Per
795 1539 949 1579 uuam
969 1519 1310 1576 sabbatorum,
1329 1509 1423 1574 ait,
1445 1502 1786 1574 unusquisque
1805 1506 2021 1552 vestrum

434 1591 573 1700 apud
598 1641 652 1679 se
677 1627 886 1690 seponat
915 1611 1280 1668 thesrmrizans.
1313 1602 1513 1671 Quinto
1538 1639 1555 1665 ,
1587 1610 1694 1651 non
1720 1591 1873 1662 jubet
1901 1602 2021 1642 om-

437 1683 559 1776 nem
589 1711 870 1773 confertim
912 1703 1098 1763 inferri
1142 1701 1572 1766 eleemosynam;
1614 1685 1710 1742 sed
1749 1683 1945 1739 sensim
1972 1687 2026 1733 et

436 1809 710 1886 paul-alim.
756 1803 872 1859 Non
903 1800 1045 1854 enim
1074 1809 1171 1866 par
1203 1799 1288 1845 est
1315 1787 1452 1843 ratio
1480 1781 1659 1838 omnia
1692 1790 1808 1844 uno.
1824 1773 1912 1828 die
1939 1772 2024 1826 in-

436 1864 561 1958 ierri
589 1895 880 1970 praecipere
905 1931 921 1956 ,
949 1898 1040 1942 aut
1071 1864 1122 1940 in
1152 1883 1460 1938 diuturnum
1492 1883 1703 1941 tempus
1732 1867 1820 1922 illa
1851 1864 2028 1918 minu-

442 1955 605 2046 talia;
631 1955 867 2042 dividere
897 2000 910 2035 :
942 1994 1062 2033 nam
1111 1975 1212 2028 hoc
1239 1969 1398 2026 modo
1438 1968 1680 2034 impensa
1707 1974 1776 2014 ne
1801 1955 2029 2011 sentitur

437 2081 675 2153 quidem.
713 2077 908 2138 Sexto,
943 2086 1048 2124 non
1078 2062 1374 2136 prmscribit
1403 2068 1705 2113 mensuram
1731 2093 1744 2114 ,
1775 2050 1868 2103 sed
1892 2045 2028 2101 olfe-

447 2135 675 2228 rentium
715 2135 939 2223 arbitrio
966 2135 1216 2226 relinquit
1240 2195 1256 2219 ,
1285 2163 1340 2206 et
1369 2148 1494 2204 illud
1531 2162 1561 2199 a
1596 2146 1704 2198 Deo
1729 2141 1909 2196 datum
1938 2135 2032 2190 de-

441 2265 608 2320 clarat
637 2279 650 2313 :
681 2273 804 2312 nam
831 2269 952 2310 cum
978 2249 1107 2304 dicit
1133 2289 1146 2313 ,
1181 2241 1331 2309 Quod
1359 2236 1675 2294 commodum
1703 2231 1885 2304 fuerit,
1917 2226 2032 2282 lucc

443 2355 604 2410 ambo
625 2351 841 2406 indicat.
866 2343 1163 2416 Septimum
1180 2351 1390 2408 quoque
1411 2333 1568 2388 alium
1590 2328 1806 2384 modum
1828 2322 2031 2392 adjicit,

445 2448 650 2507 (licens,
684 2441 752 2496 Ut
783 2455 904 2503 non,
932 2415 1044 2489 eum
1072 2447 1271 2494 uenero,
1302 2439 1419 2481 tunc
1444 2424 1665 2479 collecta:
1692 2421 1839 2488 ﬁant.
1866 2415 2032 2472 Simul

447 2538 590 2591 enim
639 2547 734 2588 eos
778 2529 977 2585 excitat
1009 2530 1381 2592 eXSpectantes
1416 2516 1700 2570 adventum
1745 2524 1898 2565 suum
1925 2549 1940 2575 ,
1982 2518 2034 2562 et

446 2628 773 2690 consolatur,
799 2629 1001 2676 certum
1028 2615 1289 2672 adventus
1314 2609 1393 2666 sui
1419 2608 1559 2662 diem
1586 2598 2036 2674 signiﬁcans.‘Ne-

445 2736 552 2791 que
595 2718 677 2772 his
720 2721 1002 2769 contentus
1040 2719 1283 2762 octavum
1325 2699 1471 2756 aliud
1511 2697 1712 2767 adjicit.
1757 2690 2036 2762 Quodnam

449 2810 614 2865 illud?
640 2807 768 2865 Cum
788 2815 952 2857 autem
982 2816 1199 2870 prwsens
1231 2801 1394 2868 fuero,
1425 2790 1615 2860 inquit,
1641 2803 1766 2858 quos
1793 2785 2038 2854 probave-

451 2906 562 2959 ritis
585 2919 672 2972 per
696 2898 955 2971 epistolas,
979 2895 1069 2948 hos
1095 2893 1290 2945 mittam
1317 2889 1543 2960 perferre
1567 2881 1783 2954 gratiam
1802 2887 2036 2932 uestram.

457 2969 604 3064 Quod
628 2993 670 3048 si
697 2969 906 3063 dignum
932 2987 1079 3060 fuerit
1108 2994 1163 3040 ut
1195 2993 1242 3038 et
1267 2998 1358 3052 ego
1387 2995 1529 3041 eain,
1562 2990 1761 3030 mecum
1797 2972 1938 3026 ibunt
1962 2969 2038 3038 (l.

455 3089 575 3144 Cor.
602 3088 690 3143 l6.
713 3087 766 3142 5.
792 3081 872 3154 4).
901 3081 1034 3136 Vide
1059 3091 1217 3147 quam
1241 3074 1412 3128 aliena
1433 3085 1465 3125 a
1493 3069 1632 3123 fastu
1661 3073 1716 3122 et
1741 3077 1901 3134 quam
1921 3075 2042 3116 mo-

452 3181 605 3236 desta
648 3178 720 3233 sit
765 3153 920 3230 beata
962 3179 1018 3225 et
1056 3179 1315 3238 generosa
1357 3162 1448 3217 illa
1482 3159 1658 3214 anima
1683 3196 1699 3221 ,
1729 3153 1851 3209 vide
1884 3165 2042 3222 quam

455 3271 680 3334 sollicita
705 3309 722 3336 ,
761 3280 920 3338 quam
963 3260 1161 3326 amoris
1203 3257 1382 3328 plena.
1422 3250 1602 3308 Noluit
1645 3247 1788 3304 enim
1813 3286 1828 3311 ,
1871 3257 2046 3313 neque

459 3377 648 3434 passus
673 3336 857 3415 estut
885 3356 954 3419 ii,
995 3352 1084 3423 qui
1117 3347 1368 3419 pecunias
1395 3336 1818 3397 administraturi
1848 3341 2002 3390 erant
2029 3372 2044 3396 ,

459 3427 720 3514 arbitratu
762 3452 844 3506 sui
890 3448 1057 3519 ipsius
1090 3441 1562 3502 constituerentur,
1596 3433 1694 3488 sed
1722 3444 1909 3486 eorum
1934 3427 2048 3484 ele-

461 3549 694 3604 ctionem
715 3542 844 3613 ipsis
865 3535 1126 3610 permisit,
1143 3545 1317 3602 neque
1335 3523 1676 3584 contumelia:
1696 3523 1817 3577 loco
1839 3519 2043 3584 habuit,

464 3642 510 3695 si
547 3625 956 3693 Corinthiorum
976 3626 1183 3684 calculo
1215 3631 1376 3694 atque
1399 3617 1666 3676 sententia
1691 3655 1707 3683 ,
1739 3629 1847 3670 non
1873 3620 2051 3667 autem

465 3731 615 3789 Pauli
639 3769 655 3793 ,
695 3725 1185 3783 constituerentur;
1225 3722 1413 3771 contra
1449 3725 1581 3766 vero
1622 3705 1911 3763 absurdum
1940 3703 2054 3757 fore

467 3821 716 3884 censuit,
747 3817 791 3872 si
835 3797 1035 3870 oblatio
1061 3823 1245 3865 eorum
1276 3812 1452 3870 esset,
1480 3800 1849 3858 ministrorum
1877 3802 2054 3850 autem

469 3916 659 3972 electio
683 3927 802 3968 sua.
831 3907 1063 3975 ideoque
1092 3903 1144 3957 id
1175 3900 1277 3955 illis
1305 3895 1608 3961 commisit,
1635 3889 1952 3964 modestiam
1979 3886 2044 3942 si-

472 4008 580 4064 mul
600 4019 750 4060 suam
771 3997 1079 4060 ostendens,
1100 4003 1262 4064 atque
1279 4004 1493 4046 omnem
1509 4000 1695 4042 ansam
1710 3982 2060 4050 umbramque

472 4095 715 4150 adversae
735 4085 1055 4159 suspicionis
1080 4094 1351 4138 resecans.
1378 4077 1511 4132 Nam
1538 4075 1663 4130 licet
1684 4071 1801 4128 sole
1825 4066 2060 4139 splendi-

473 4186 594 4240 dior
628 4194 684 4238 et
727 4181 796 4236 ab
834 4177 978 4234 omni
1024 4175 1163 4230 mala
1199 4168 1503 4240 suspicione
1544 4165 1752 4220 alienus
1777 4169 1963 4219 esset:
1994 4174 2060 4214 ex

477 4272 766 4343 abundanti
783 4280 958 4325 tamen
974 4266 1194 4323 curabat
1210 4264 1262 4318 in
1271 4259 1594 4317 firmioribus
1608 4272 1667 4312 se
1683 4265 2059 4327 attemperare,

477 4378 532 4423 et
571 4367 730 4420 falsas
757 4361 1088 4432 suspiciones
1124 4355 1380 4425 ell'ugere.
1423 4352 1710 4420 Propterea
1740 4345 1909 4401 dicit:
1937 4343 2064 4400 Cum

477 4471 645 4514 autem
669 4470 886 4528 presens
911 4456 1072 4520 fuero,
1094 4464 1218 4520 quos
1243 4443 1588 4515 probaueritis,
1611 4442 1704 4496 hos
1728 4438 1922 4493 mittam
1949 4451 2064 4507 per-

480 4556 611 4624 ferre
647 4547 864 4619 gratiam
898 4551 1131 4598 uestram.
1163 4536 1302 4606 Quid
1343 4533 1516 4590 dicis?
1555 4532 1637 4588 Tu
1666 4545 1771 4584 non
1803 4529 2022 4598 navigas
2045 4566 2061 4592 ,

483 4619 660 4712 neque
688 4638 941 4711 pecunias
966 4633 1163 4703 accipis
1183 4672 1200 4696 .
1227 4631 1320 4688 sed
1345 4629 1463 4684 aliis
1489 4640 1604 4682 rem
1630 4621 1960 4680 committis?
1987 4619 2066 4676 Ne

473 4711 642 4802 igitur
668 4731 792 4786 talia
817 4727 1116 4797 cogitantes
1139 4720 1415 4791 segniores
1438 4715 1752 4781 evaderent,
1781 4711 1905 4767 vide
1928 4725 2063 4781 quo-

480 4826 644 4881 modo
669 4833 722 4880 et
751 4823 853 4876 hoc
879 4820 1070 4874 iterum
1097 4823 1304 4871 caveat.
1330 4811 1448 4867 Non
1473 4808 1616 4864 enim
1641 4804 1956 4874 simpliciter
1981 4802 2066 4857 di-

483 4923 583 4986 xit,
608 4919 755 4986 Quos
777 4910 1150 4984 probaveritis,
1186 4907 1412 4965 mittam.
1439 4901 1534 4956 sed
1564 4899 1734 4972 quid?
1761 4897 1863 4971 Per
1885 4881 2072 4967 episto-

487 4984 586 5065 las.
631 4984 852 5062 Etiamsi
881 5015 1107 5072 corpore
1147 5014 1253 5053 non
1300 4993 1582 5050 adfuturus
1623 4991 1726 5045 sim
1751 5028 1767 5052 ,
1798 4996 1854 5042 at
1900 4984 2072 5041 literis

487 5100 623 5157 meis
651 5110 887 5166 praesens
911 5107 1026 5155 ero,
1057 5101 1349 5156 eorumque
1373 5081 1651 5140 ministerii
1678 5079 1964 5151 particeps.

517 5259 520 5266 ι
560 5190 616 5244 5.
656 5186 792 5241 Num
836 5185 921 5240 vel
965 5181 1155 5238 umbra
1205 5177 1379 5242 Pauli.
1418 5175 1506 5231 vel
1543 5172 1920 5229 calceamentis
1955 5169 2074 5240 ejus

483 5260 634 5348 digni
660 5288 867 5339 sumus,
887 5273 1100 5344 quando
1143 5270 1232 5325 ille
1276 5277 1423 5323 tanta
1479 5262 1621 5335 apud
1675 5276 1863 5319 omnes
1904 5260 2072 5332 gloria

493 5371 700 5440 fulgens
738 5365 976 5420 omnium
1019 5362 1191 5432 rejicit
1236 5361 1489 5424 honores,
1521 5371 1618 5412 nos
1645 5366 1823 5411 autem
1876 5364 2076 5409 stoma-

488 5461 717 5517 ehamur
737 5466 795 5512 et
819 5470 961 5525 (egre
1002 5455 1240 5518 ferimus,
1263 5453 1308 5508 si
1333 5467 1438 5507 non
1473 5450 1738 5507 sententia
1773 5456 1829 5504 et
1870 5446 2076 5502 calculo

499 5560 678 5608 nostro
695 5549 876 5604 talium
895 5545 1238 5616 pecuniarum
1267 5542 1496 5612 prompti
1512 5548 1780 5605 creentur,
1798 5546 2076 5593 contume-

499 5641 726 5709 liamque
755 5638 911 5692 nobis
939 5633 1123 5690 inferri
1151 5643 1398 5702 putamus
1421 5647 1543 5686 cum
1574 5630 1730 5687 nobis
1759 5627 2077 5685 inconsultis

499 5717 729 5804 quipiam
761 5731 1011 5822 pccuuips
1049 5726 1358 5797 impendunt
1397 5727 1552 5781 suas?
1601 5723 1731 5779 Vide
1777 5723 1937 5779 etiam
1967 5737 2068 5792 qua

1124 305 1184 360 S.
1221 296 1498 357 JOANNIS
1533 286 2007 350 CIIRYSOSTOMI
2048 281 2365 341 ARCIIIEP.
2405 269 2944 334 CONSTANTINOP.

2109 397 2317 452 ratione
2353 392 2438 448 sui
2464 390 2660 462 ubique
2685 386 3010 442 mentionem
3056 379 3234 447 faciat,
3278 391 3449 448 neque
3492 375 3707 445 uspiam

2109 489 2457 546 obliviscatur
2479 501 2494 538 :
2519 496 2690 552 neque
2713 479 2858 535 enim
2885 477 2970 531 hic
3014 472 3321 529 mandatum
3348 477 3504 524 vocat
3528 467 3658 522 illud
3684 506 3706 530 ,

3587 260 3698 315 263

2113 595 2285 650 neque
2335 576 2754 645 eleemosyuam,
2796 568 2890 625 sed
2925 567 3199 630 Gratiam;
3240 560 3529 617 ostendens
3564 559 3715 614 sicut

2114 681 2360 727 mortuos
2425 665 2689 722 suscitare
2717 703 2733 730 ,
2781 661 3057 716 daemones
3108 655 3312 728 pellere
3354 662 3411 710 et
3463 652 3715 722 leprosos

2115 763 2373 818 mundare
2393 800 2410 826 ,
2438 759 2518 816 sic
2543 766 2596 812 et
2627 767 2889 826 pauperes
2923 751 3110 820 iuvare
3143 746 3331 819 gratim
3362 757 3497 814 opus
3539 757 3665 798 esse
3692 758 3712 807 ;

2115 857 2226 909 imo
2254 852 2428 922 potius
2452 849 2557 904 hoc
2581 861 2742 918 quam
2770 842 2896 900 illud
2927 859 2942 897 :
2968 851 3128 910 atque
3167 835 3376 894 etiamsi
3403 835 3572 906 gratia
3593 835 3670 888 sit
3693 873 3713 898 ,

2116 943 2292 999 studio
2313 952 2496 1008 tamen
2523 948 2580 995 et
2605 936 2879 992 alacritate
2898 948 3033 1002 Opus
3059 930 3214 986 nobis
3249 937 3333 983 est
3365 936 3424 981 ut
3448 926 3716 996 eligamus

2115 1047 2168 1092 et
2190 1035 2440 1098 velimus,
2468 1040 2524 1086 et
2543 1045 2639 1086 nos
2658 1028 2830 1100 gratia
2857 1026 3050 1096 dignos
3074 1021 3380 1076 reddamus.
3398 1018 3510 1074 Hoc
3529 1018 3721 1084 itaque

2118 1127 2184 1184 ad
2208 1125 2628 1180 consolationem
2663 1119 2880 1185 attulit,
2928 1114 3071 1185 quod
3099 1114 3283 1168 literas
3306 1124 3432 1165 suas
3458 1123 3577 1164 cum
3605 1107 3720 1162 illis

2119 1220 2384 1280 mitteret;
2407 1214 2551 1269 aliud
2569 1227 2696 1268 vero
2713 1210 2886 1279 majus
2900 1207 3115 1277 adjecit,
3132 1203 3275 1276 quod
3291 1217 3350 1258 se
3373 1201 3720 1273 polliceretur

2121 1310 2325 1365 itineris
2344 1307 2549 1362 socium
2571 1303 2684 1360 fore
2708 1321 2722 1356 :
2740 1300 2888 1367 Quod
2906 1300 2950 1356 si
2970 1299 3179 1368 dignum
3195 1295 3367 1365 fuerit,
3385 1291 3575 1362 inquit,
3589 1300 3645 1344 ut
3667 1297 3723 1342 et

2120 1414 2212 1472 ego
2224 1415 2354 1464 eam,
2373 1412 2567 1452 mecum
2577 1395 2718 1449 ibunt
2736 1395 2785 1463 (1
2799 1432 2811 1445 .
2821 1390 2970 1446 Cor.l
2982 1388 3036 1443 6.
3053 1388 3167 1455 3.4)
3178 1426 3191 1438 .
3210 1385 3307 1440 llic
3322 1380 3722 1438 animadvertas

2122 1470 2282 1547 velim
2303 1493 2419 1560 ejus
2442 1486 2801 1559 prudentiam.
2843 1481 3025 1551 Neque
3043 1481 3185 1534 enim
3213 1476 3428 1546 negavit
3452 1488 3512 1529 se
3551 1470 3722 1527 simul

2125 1585 2320 1642 iturmn
2345 1624 2359 1648 ,
2390 1595 2563 1650 neque
2592 1578 2812 1633 omnino
2841 1574 3109 1645 pollicitus
3128 1579 3244 1634 est;
3274 1568 3370 1622 sed
3396 1565 3524 1621 illud
3547 1565 3720 1620 etiam

2124 1676 2367 1731 dantium
2411 1671 2633 1726 arbitrio
2681 1666 2942 1738 permisit,
2974 1676 3175 1732 eosque
3217 1657 3560 1730 profectionis
3601 1667 3726 1710 suae

2127 1765 2374 1822 dominos
2417 1762 2570 1825 fecit;
2603 1759 2842 1814 indicans
2864 1797 2880 1821 ,
2909 1755 2954 1808 si
2979 1754 3179 1809 donum
3209 1758 3410 1804 tantum
3442 1745 3617 1812 foret,
3661 1753 3727 1797 ut

2127 1875 2188 1915 se
2236 1857 2459 1913 incitare
2501 1861 2712 1923 posset,
2760 1851 2860 1904 iter
2893 1862 2952 1903 se
2989 1853 3360 1914 suscepturum
3404 1852 3542 1894 esse.
3583 1835 3727 1890 Nam

2131 1967 2253 2008 cum
2311 1948 2462 2014 dicit,
2496 1945 2558 2001 Si
2606 1945 2817 2014 dignum
2867 1940 3056 2009 fuerit,
3084 1937 3135 1990 id
3182 1930 3564 1990 subindicantis
3611 1936 3724 1983 est.

2133 2041 2284 2112 Quod
2314 2041 2357 2095 si
2389 2036 2772 2110 profectionem
2819 2032 2960 2087 illam
3004 2029 3227 2084 omnino
3263 2031 3543 2096 negasset,
3573 2020 3732 2091 ipsos

2134 2136 2435 2208 ignaviores
2463 2113 2848 2202 scgnioresque'
2874 2123 3194 2180 reddidisset
3219 2137 3234 2181 ;
3280 2120 3378 2174 sin
3405 2115 3563 2171 dubie
3592 2128 3730 2183 pro-

2134 2229 2384 2291 misisset,
2442 2219 2856 2292 negligentiores
2905 2215 3137 2270 fecisset.
3185 2211 3310 2266 Ideo
3359 2221 3459 2262 nec
3501 2205 3733 2260 omnino

2137 2328 2314 2390 negat,
2341 2331 2512 2386 neque
2543 2313 2858 2384 pollicetur;
2887 2309 2982 2363 sed
3010 2305 3138 2360 illud
3162 2303 3382 2358 arbitrio
3416 2297 3732 2356 Corinthio-

2134 2430 2252 2470 rum
2279 2408 2758 2479 relinquitdicens,
2789 2403 2937 2468 Quod
2959 2402 3002 2456 si
3027 2400 3238 2472 dignum
3268 2395 3437 2466 fuerit.
3489 2390 3735 2447 Audien-

2138 2518 2217 2561 tus
2242 2505 2384 2561 enim
2416 2501 2638 2556 Paulum
2666 2499 2840 2568 ipsum
2865 2494 3166 2549 delaturum
3196 2489 3517 2544 oblationem
3549 2497 3732 2546 suam,

2139 2597 2326 2666 majori
2357 2593 2534 2649 studio
2562 2601 2617 2646 et
2639 2587 2916 2644 alacritate
2941 2583 3009 2638 ad
3036 2583 3088 2637 id
3109 2580 3185 2636 rei
3216 2579 3519 2634 ferebantur
3539 2616 3554 2638 ,
3583 2572 3736 2644 quod

2138 2697 2336 2742 sanct:e
2367 2685 2474 2738 illas
2527 2697 2715 2737 manus
2761 2679 2901 2734 dona
2941 2682 3248 2730 tractatum
3286 2678 3496 2732 essent,
3523 2677 3579 2722 et
3605 2665 3739 2720 huic

2106 2802 2108 2812 ι
2141 2778 2399 2834 Sacrificio
2426 2789 2613 2846 preces
2634 2773 2772 2828 illius
2787 2768 3125 2825 accederent.
3167 2765 3334 2819 Porro
3359 2762 3403 2816 si
3429 2759 3592 2815 Paulo
3616 2766 3734 2812 tra-

2141 2871 2301 2927 dituri
2327 2871 2465 2924 dona
2495 2863 2794 2927 Corinthii,
2827 2861 2880 2917 id
2925 2875 3046 2915 cum
3092 2856 3297 2927 majore
3340 2853 3613 2908 alacritate
3656 2847 3739 2904 fa-

2141 2963 2388 3025 ciebant,
2416 2971 2468 3013 tu
2497 2957 2645 3013 Pauli
2679 2954 2905 3010 Domino
2931 2951 3152 3007 daturus
3179 2952 3324 3017 (nam
3353 2961 3447 3016 per
3477 2957 3741 3014 pauperes

2146 3055 2236 3109 ille
2255 3051 2518 3121 suscipit),
2547 3063 2703 3119 quam
2731 3042 3130 3100 excusationem
3169 3038 3445 3097 habiturus
3484 3033 3581 3090 es?
3626 3032 3741 3087 Ne-

2145 3162 2250 3218 que
2271 3146 2414 3202 enim
2439 3185 2453 3210 ,
2486 3142 2589 3197 nisi
2619 3153 2808 3210 magna
2847 3136 3038 3191 fuisset
3065 3133 3264 3188 oblatio
3299 3131 3568 3198 multaque
3608 3140 3744 3182 cura

2145 3241 2327 3310 digna,
2359 3238 2445 3292 ille
2469 3235 2556 3291 cui
2586 3242 2730 3288 totus
2756 3230 2905 3286 orbis
2937 3227 3172 3284 creditus
3190 3268 3206 3294 ,
3234 3234 3289 3280 et
3311 3223 3396 3278 cui
3418 3235 3564 3277 curae
3589 3229 3746 3274 erant

2148 3344 2337 3384 omnes
2359 3328 2459 3382 sub
2486 3324 2602 3381 sole
2627 3323 2912 3386 Ecclesiaa,
2941 3319 3211 3390 pollicitus
3235 3323 3379 3371 esset
3403 3329 3464 3369 se
3489 3309 3746 3382 pecunias

2150 3418 2647 3476 adu'iinistraturum
2674 3415 2814 3470 e‘sse.
2858 3411 2983 3466 llaec
3007 3410 3166 3481 igitur
3197 3408 3378 3462 animo
3411 3410 3745 3475 reputantes,

2149 3513 2264 3568 sive
2285 3509 2619 3581 largiendum
2647 3509 2738 3576 sit,
2772 3506 2884 3561 sive
2909 3505 3030 3560 aliis
3075 3501 3418 3572 largientibus
3440 3498 3751 3552 ministran-

2153 3604 2302 3667 dum,
2341 3618 2407 3657 ne
2443 3614 2636 3671 segnes
2657 3600 2843 3662 simus,
2874 3609 3046 3666 neque
3071 3592 3270 3660 mmsti,
3297 3590 3440 3662 quod
3469 3588 3751 3646 facultates

2155 3697 2309 3752 nobis
2335 3696 2659 3750 minuantur.
2699 3690 2980 3759 Quomodo
3017 3689 3161 3744 enim
3189 3683 3478 3741 absurdum
3501 3697 3610 3736 non
3639 3681 3751 3736 fue-

2158 3792 2260 3855 rit,
2293 3789 2420 3843 dum
2448 3785 2676 3857 agricola
2708 3799 2890 3839 semen
2922 3781 3129 3852 jacicns
3147 3820 3162 3842 ,
3189 3787 3244 3833 et
3269 3778 3406 3832 bona
3427 3773 3709 3830 ellundens
3733 3813 3749 3837 ,

2159 3899 2264 3938 non
2289 3883 2548 3944 tristatur,
2573 3893 2672 3933 nec
2695 3877 2864 3946 dolet,
2888 3888 3062 3943 neque
3087 3871 3138 3927 id
3158 3879 3401 3940 sumptus
3422 3867 3544 3922 loco
3569 3865 3749 3927 habet,

2160 3977 2256 4032 sed
2286 3976 2490 4030 lucrum
2528 3973 2703 4044 potius
2745 3979 2801 4026 et
2829 3978 3146 4040 proventum
3169 3979 3289 4024 esse
3314 3972 3497 4034 putat,
3541 3959 3752 4014 tametsi

2161 4083 2284 4138 spes
2331 4070 2399 4122 sit
2425 4066 2624 4121 incerta
2655 4082 2668 4117 :
2701 4073 2770 4128 te,
2803 4063 2894 4132 qui
2931 4075 3037 4116 non
3086 4074 3184 4130 pro
3227 4057 3442 4129 paribus
3464 4096 3479 4120 ,
3507 4053 3606 4110 sed
3659 4065 3755 4122 pro

2164 4159 2330 4214 multo
2360 4157 2649 4228 majoribus
2677 4154 2931 4220 seminus,
2957 4161 3014 4208 et
3035 4151 3127 4222 qui
3158 4151 3210 4205 in
3239 4151 3381 4218 ipsas
3404 4145 3610 4201 Christi
3636 4157 3752 4199 ma-

2165 4267 2266 4308 nus
2310 4259 2587 4320 argentum
2626 4248 2867 4318 jacturus
2894 4261 2974 4314 es,
3017 4245 3285 4312 refugere,
3316 4251 3534 4310 torpere
3556 4278 3574 4302 ,
3604 4246 3659 4293 et
3679 4237 3755 4291 ἰη-

2165 4345 2340 4415 ορῖθηι
2389 4339 2764 4412 praetendere?
2792 4339 2984 4394 Annon
3026 4343 3235 4407 poterat
3274 4333 3414 4388 Deus
3464 4328 3755 4400 praecipere

2167 4433 2363 4497 telluri,
2394 4442 2452 4487 ut
2499 4430 2765 4502 proferret
2809 4444 2999 4482 aurum
3033 4426 3261 4498 purum?
3298 4423 3400 4492 Qui
3429 4422 3578 4481 enim
3607 4421 3752 4483 dixit,

2168 4524 2423 4580 Germinet
2447 4533 2579 4577 terra
2596 4520 2801 4575 herbam
2823 4519 2944 4590 [teni
2983 4516 3135 4586 (Gen.
3169 4516 3220 4570 1.
3250 4513 3361 4585 ll).
3399 4524 3645 4582 moxque
3671 4523 3755 4564 co-

2169 4628 2401 4671 mantem
2431 4613 2704 4677 exhibuit,
2735 4618 2940 4682 poterat
2986 4607 3129 4664 haud
3175 4605 3339 4667 dubie
3380 4602 3678 4674 praecipere
3703 4607 3756 4654 ut

2172 4706 2345 4760 fontes
2384 4714 2439 4760 et
2479 4703 2626 4758 ﬂuvii
2667 4716 2857 4756 aurum
2896 4699 3095 4770 jugiter
3137 4696 3442 4752 funderent.
3484 4694 3682 4751 Verum
3706 4690 3753 4746 id

2171 4797 2361 4862 noluit,
2381 4794 2475 4851 sed
2504 4795 2700 4848 multos
2725 4794 2776 4847 in
2802 4800 3114 4863 paupertate
3148 4787 3352 4843 dimisit
3377 4795 3493 4841 ttnn
3520 4784 3596 4840 ob
3621 4785 3753 4858 ipso-

2171 4907 2332 4956 rum,
2387 4899 2499 4944 tum
2550 4887 2622 4942 ob
2670 4895 2814 4940 tuam
2865 4883 3169 4939 utilitatem.
3207 4880 3343 4936 Nam
3397 4877 3468 4934 ad
3515 4878 3753 4933 virtutem

2172 4981 2523 5052 opportunior
2546 4989 2631 5034 est
2655 4986 2938 5048 paupertas
2963 4973 3164 5030 divitiis
3185 5015 3201 5040 ,
3229 4983 3286 5028 et
3314 4972 3401 5040 iis,
3439 4972 3534 5042 qui
3562 4971 3616 5036 in
3643 4983 3754 5040 pec-

2173 5075 2310 5130 catis
2329 5081 2473 5136 sunt,
2497 5087 2603 5126 non
2621 5085 2781 5142 parva
2801 5069 3097 5125 consolatio
3123 5066 3296 5122 oritur
3313 5063 3385 5118 ab
3407 5062 3614 5120 auxilio
3637 5076 3752 5131 ege-

2176 5168 2261 5223 nis
2305 5165 2561 5237 pracstito.
2603 5163 2880 5232 Tantaque
2922 5160 3144 5230 hujusce
3178 5157 3256 5213 rei
3291 5172 3421 5212 cura
3444 5165 3529 5212 est
3550 5155 3680 5216 Deo.
3705 5161 3755 5206 ut

2177 5273 2300 5314 cum
2343 5256 2652 5312 advenisset
2691 5267 2960 5323 caraeque
3011 5251 3226 5310 indutus
3279 5264 3405 5304 cum
3463 5247 3754 5306 hominibus

2177 5357 2604 5416 conversaretur,
2637 5362 2741 5402 non
2763 5346 3102 5410 detrectaret,
3131 5357 3306 5411 neque
3331 5338 3755 5412 ignominiaeloco

2178 5441 2420 5507 haberet,
2446 5439 2588 5510 quod
2619 5440 2735 5508 ipse
2773 5451 2889 5507 [λικε
2926 5435 2995 5490 ad
3027 5447 3288 5504 pauperes
3319 5432 3634 5502 spectabant
3652 5427 3754 5481 dis-

2180 5542 2447 5605 pensarct.
2490 5531 2601 5588 Etsi
2639 5544 2769 5584 vero
2796 5537 2874 5584 tot
2917 5541 3082 5596 panes
3103 5525 3322 5587 fecerat,
3347 5532 3403 5579 et
3421 5532 3759 5592 quaecumque

2180 5627 2343 5682 vellet
2361 5624 2511 5693 jussu
2537 5621 2863 5692 perficiebat,
2899 5618 3023 5674 licet
3048 5626 3234 5691 posset
3251 5624 3537 5678 sexcentos
3559 5610 3758 5666 thesau-

2182 5731 2273 5772 ros
2319 5714 2601 5772 confertim
2648 5712 2954 5777 ostendere,
2983 5710 3152 5766 noluit
3182 5719 3399 5772 tamen;
3427 5705 3524 5762 sed
3560 5715 3754 5762 manu-

2575 5961 2581 5988 l
