  <div class='ocr_page' id='page_1' title='image "/cluster/home/n/w/nwhite01/storage/ocr_20150623/51/nnc1.0046978275/267.png"; bbox 0 0 3990 6358; ppageno 0'>
   <div class='ocr_carea' id='block_1_1' title="bbox 479 225 2064 289">
    <p class='ocr_par' dir='ltr' id='par_1_1' title="bbox 479 225 2064 289">
     <span class='ocr_line' id='line_1_1' title="bbox 479 225 2064 289; baseline 0.008 -18"><span class='ocrx_word' id='word_1_1' title='bbox 479 225 584 275; x_wconf 62' lang='grc' dir='ltr'>ρος)</span> <span class='ocrx_word' id='word_1_2' title='bbox 1189 234 1245 288; x_wconf 71' lang='grc' dir='ltr'>ς,</span> <span class='ocrx_word' id='word_1_3' title='bbox 1292 233 1577 289; x_wconf 75' lang='lat' dir='ltr'>.IOANNIS</span> <span class='ocrx_word' id='word_1_4' title='bbox 1618 231 2064 288; x_wconf 64' lang='lat' dir='ltr'>(:unvsosmx</span> 
     </span>
    </p>
   </div>
   <div class='ocr_carea' id='block_1_2' title="bbox 2166 225 3060 289">
    <p class='ocr_par' dir='ltr' id='par_1_2' title="bbox 2166 227 3060 288">
     <span class='ocr_line' id='line_1_2' title="bbox 2166 227 3060 288; baseline -0.004 -4"><span class='ocrx_word' id='word_1_5' title='bbox 2166 229 2474 288; x_wconf 74' lang='lat' dir='ltr'>\RCHIEP.</span> <span class='ocrx_word' id='word_1_6' title='bbox 2515 227 3060 287; x_wconf 73' lang='lat' dir='ltr'>CONSTANTINOI‘.</span> 
     </span>
    </p>
   </div>
   <div class='ocr_carea' id='block_1_3' title="bbox 478 333 2052 409">
    <p class='ocr_par' dir='ltr' id='par_1_3' title="bbox 478 333 2052 409">
     <span class='ocr_line' id='line_1_3' title="bbox 478 333 2052 409; baseline -0.003 -22"><span class='ocrx_word' id='word_1_7' title='bbox 478 335 659 409; x_wconf 75' lang='grc' dir='ltr'>ἡθελε,</span> <span class='ocrx_word' id='word_1_8' title='bbox 696 334 792 389; x_wconf 71' lang='grc' dir='ltr'>καὶ</span> <span class='ocrx_word' id='word_1_9' title='bbox 819 335 1118 406; x_wconf 85' lang='grc' dir='ltr'>δυνάμενος</span> <span class='ocrx_word' id='word_1_10' title='bbox 1142 334 1312 402; x_wconf 79' lang='grc' dir='ltr'>δεῖξαι</span> <span class='ocrx_word' id='word_1_11' title='bbox 1354 336 1581 407; x_wconf 89' lang='grc' dir='ltr'>μυρίους</span> <span class='ocrx_word' id='word_1_12' title='bbox 1619 334 1815 406; x_wconf 89' lang='grc' dir='ltr'>ἀθρόον</span> <span class='ocrx_word' id='word_1_13' title='bbox 1851 333 2052 403; x_wconf 86' lang='grc' dir='ltr'>θησαυ-</span> 
     </span>
    </p>
   </div>
   <div class='ocr_carea' id='block_1_4' title="bbox 479 415 2056 494">
    <p class='ocr_par' dir='ltr' id='par_1_4' title="bbox 479 415 2056 494">
     <span class='ocr_line' id='line_1_4' title="bbox 479 415 2056 494; baseline -0.004 -21"><span class='ocrx_word' id='word_1_14' title='bbox 479 423 626 494; x_wconf 76' lang='grc' dir='ltr'>ροὺς,</span> <span class='ocrx_word' id='word_1_15' title='bbox 675 419 776 473; x_wconf 89' lang='grc' dir='ltr'>οὐκ</span> <span class='ocrx_word' id='word_1_16' title='bbox 811 420 1036 492; x_wconf 87' lang='grc' dir='ltr'>ἐποίησε</span> <span class='ocrx_word' id='word_1_17' title='bbox 1066 419 1260 472; x_wconf 89' lang='grc' dir='ltr'>τοῦτο·</span> <span class='ocrx_word' id='word_1_18' title='bbox 1297 419 1432 472; x_wconf 88' lang='grc' dir='ltr'>ἀλλά</span> <span class='ocrx_word' id='word_1_19' title='bbox 1479 419 1865 488; x_wconf 84' lang='grc' dir='ltr'>γλωσσόκομον</span> <span class='ocrx_word' id='word_1_20' title='bbox 1912 415 2056 485; x_wconf 80' lang='grc' dir='ltr'>ἔχειν</span> 
     </span>
    </p>
   </div>
   <div class='ocr_carea' id='block_1_5' title="bbox 477 499 2054 573">
    <p class='ocr_par' dir='ltr' id='par_1_5' title="bbox 477 499 2054 573">
     <span class='ocr_line' id='line_1_5' title="bbox 477 499 2054 573; baseline -0.004 -17"><span class='ocrx_word' id='word_1_21' title='bbox 477 503 731 556; x_wconf 84' lang='grc' dir='ltr'>ἐκέλευσε</span> <span class='ocrx_word' id='word_1_22' title='bbox 757 506 870 567; x_wconf 88' lang='grc' dir='ltr'>τοῖς</span> <span class='ocrx_word' id='word_1_23' title='bbox 892 503 1183 573; x_wconf 82' lang='grc' dir='ltr'>μαθηταῖς,</span> <span class='ocrx_word' id='word_1_24' title='bbox 1209 504 1302 557; x_wconf 73' lang='grc' dir='ltr'>καὶ</span> <span class='ocrx_word' id='word_1_25' title='bbox 1318 502 1385 556; x_wconf 75' lang='grc' dir='ltr'>τά</span> <span class='ocrx_word' id='word_1_26' title='bbox 1415 503 1720 573; x_wconf 77' lang='grc' dir='ltr'>βαλλόμενα</span> <span class='ocrx_word' id='word_1_27' title='bbox 1743 499 2054 571; x_wconf 78' lang='grc' dir='ltr'>βαστάζειν,</span> 
     </span>
    </p>
   </div>
   <div class='ocr_carea' id='block_1_6' title="bbox 476 580 2057 657">
    <p class='ocr_par' dir='ltr' id='par_1_6' title="bbox 476 580 2057 657">
     <span class='ocr_line' id='line_1_6' title="bbox 476 580 2057 657; baseline -0.004 -18"><span class='ocrx_word' id='word_1_28' title='bbox 476 589 569 640; x_wconf 67' lang='grc' dir='ltr'>καὶ</span> <span class='ocrx_word' id='word_1_29' title='bbox 603 589 716 650; x_wconf 85' lang='grc' dir='ltr'>τοῖς</span> <span class='ocrx_word' id='word_1_30' title='bbox 743 586 1024 657; x_wconf 79' lang='grc' dir='ltr'>δεομένοις</span> <span class='ocrx_word' id='word_1_31' title='bbox 1055 587 1267 641; x_wconf 85' lang='grc' dir='ltr'>ἐκεῖθεν</span> <span class='ocrx_word' id='word_1_32' title='bbox 1298 589 1633 657; x_wconf 82' lang='grc' dir='ltr'>ἐπικουρεῖν.</span> <span class='ocrx_word' id='word_1_33' title='bbox 1661 586 1792 638; x_wconf 83' lang='grc' dir='ltr'>Ὅτε</span> <span class='ocrx_word' id='word_1_34' title='bbox 1821 583 1950 652; x_wconf 90' lang='grc' dir='ltr'>γοῦν</span> <span class='ocrx_word' id='word_1_35' title='bbox 1979 580 2057 650; x_wconf 81' lang='grc' dir='ltr'>τῷ</span> 
     </span>
    </p>
   </div>
   <div class='ocr_carea' id='block_1_7' title="bbox 488 668 2054 742">
    <p class='ocr_par' dir='ltr' id='par_1_7' title="bbox 488 668 2054 742">
     <span class='ocr_line' id='line_1_7' title="bbox 488 668 2054 742; baseline -0.004 -18"><span class='ocrx_word' id='word_1_36' title='bbox 488 669 662 741; x_wconf 81' lang='grc' dir='ltr'>Ἰούδᾳ</span> <span class='ocrx_word' id='word_1_37' title='bbox 691 671 822 742; x_wconf 74' lang='grc' dir='ltr'>περὶ</span> <span class='ocrx_word' id='word_1_38' title='bbox 857 671 956 740; x_wconf 80' lang='grc' dir='ltr'>τῆς</span> <span class='ocrx_word' id='word_1_39' title='bbox 995 671 1288 742; x_wconf 81' lang='grc' dir='ltr'>προδοσίας</span> <span class='ocrx_word' id='word_1_40' title='bbox 1316 670 1732 741; x_wconf 75' lang='grc' dir='ltr'>αἰνιγματωδῶς</span> <span class='ocrx_word' id='word_1_41' title='bbox 1763 668 2054 735; x_wconf 82' lang='grc' dir='ltr'>διελέγετο,</span> 
     </span>
    </p>
   </div>
   <div class='ocr_carea' id='block_1_8' title="bbox 479 751 2055 826">
    <p class='ocr_par' dir='ltr' id='par_1_8' title="bbox 479 751 2055 826">
     <span class='ocr_line' id='line_1_8' title="bbox 479 751 2055 826; baseline -0.003 -20"><span class='ocrx_word' id='word_1_42' title='bbox 479 756 554 824; x_wconf 83' lang='grc' dir='ltr'>μὴ</span> <span class='ocrx_word' id='word_1_43' title='bbox 591 754 869 817; x_wconf 82' lang='grc' dir='ltr'>συνιέντες</span> <span class='ocrx_word' id='word_1_44' title='bbox 895 756 944 807; x_wconf 86' lang='grc' dir='ltr'>οί</span> <span class='ocrx_word' id='word_1_45' title='bbox 966 755 1206 826; x_wconf 75' lang='grc' dir='ltr'>μαθηταὶ</span> <span class='ocrx_word' id='word_1_46' title='bbox 1221 756 1292 808; x_wconf 77' lang='grc' dir='ltr'>ιτὺ</span> <span class='ocrx_word' id='word_1_47' title='bbox 1321 755 1531 824; x_wconf 79' lang='grc' dir='ltr'>λεχθὲν,</span> <span class='ocrx_word' id='word_1_48' title='bbox 1564 755 1844 824; x_wconf 87' lang='grc' dir='ltr'>ἐνόμισαν,</span> <span class='ocrx_word' id='word_1_49' title='bbox 1870 751 2055 821; x_wconf 74' lang='grc' dir='ltr'>φησὶν,</span> 
     </span>
    </p>
   </div>
   <div class='ocr_carea' id='block_1_9' title="bbox 474 832 2058 908">
    <p class='ocr_par' dir='ltr' id='par_1_9' title="bbox 474 832 2058 908">
     <span class='ocr_line' id='line_1_9' title="bbox 474 832 2058 908; baseline -0.004 -18"><span class='ocrx_word' id='word_1_50' title='bbox 474 838 553 890; x_wconf 81' lang='grc' dir='ltr'>ὃτι</span> <span class='ocrx_word' id='word_1_51' title='bbox 587 835 739 890; x_wconf 76' lang='grc' dir='ltr'>εἶπεν</span> <span class='ocrx_word' id='word_1_52' title='bbox 761 837 910 908; x_wconf 83' lang='grc' dir='ltr'>αὐτῷ</span> <span class='ocrx_word' id='word_1_53' title='bbox 941 839 1029 890; x_wconf 81' lang='grc' dir='ltr'>ἶνα</span> <span class='ocrx_word' id='word_1_54' title='bbox 1053 839 1165 901; x_wconf 88' lang='grc' dir='ltr'>τοῖς</span> <span class='ocrx_word' id='word_1_55' title='bbox 1209 841 1444 907; x_wconf 82' lang='grc' dir='ltr'>πτωχοῖς</span> <span class='ocrx_word' id='word_1_56' title='bbox 1471 855 1523 889; x_wconf 94' lang='grc' dir='ltr'>τι</span> <span class='ocrx_word' id='word_1_57' title='bbox 1551 836 1625 907; x_wconf 86' lang='grc' dir='ltr'>δῷ</span> <span class='ocrx_word' id='word_1_58' title='bbox 1644 853 1657 866; x_wconf 81' lang='grc'><em>’</em></span> <span class='ocrx_word' id='word_1_59' title='bbox 1691 835 1803 890; x_wconf 76' lang='grc' dir='ltr'>Καὶ</span> <span class='ocrx_word' id='word_1_60' title='bbox 1837 835 1948 904; x_wconf 82' lang='grc' dir='ltr'>γὰρ</span> <span class='ocrx_word' id='word_1_61' title='bbox 1992 832 2058 885; x_wconf 80' lang='grc' dir='ltr'>τὸ</span> 
     </span>
    </p>
   </div>
   <div class='ocr_carea' id='block_1_10' title="bbox 476 919 2059 991">
    <p class='ocr_par' dir='ltr' id='par_1_10' title="bbox 476 919 2059 991">
     <span class='ocr_line' id='line_1_10' title="bbox 476 919 2059 991; baseline -0.003 -16"><span class='ocrx_word' id='word_1_62' title='bbox 476 923 916 990; x_wconf 70' lang='grc' dir='ltr'>γλωσσόκομον</span> <span class='ocrx_word' id='word_1_63' title='bbox 941 922 1146 987; x_wconf 68' lang='grc' dir='ltr'>αὐτὸς,</span> <span class='ocrx_word' id='word_1_64' title='bbox 1198 922 1385 991; x_wconf 66' lang='grc' dir='ltr'>φησὶν,</span> <span class='ocrx_word' id='word_1_65' title='bbox 1415 919 1559 990; x_wconf 80' lang='grc' dir='ltr'>εἶχε,</span> <span class='ocrx_word' id='word_1_66' title='bbox 1604 922 1701 974; x_wconf 78' lang='grc' dir='ltr'>καὶ</span> <span class='ocrx_word' id='word_1_67' title='bbox 1730 921 1800 974; x_wconf 83' lang='grc' dir='ltr'>τὰ</span> <span class='ocrx_word' id='word_1_68' title='bbox 1826 919 2059 984; x_wconf 80' lang='grc' dir='ltr'>,ϐαλλό-</span> 
     </span>
    </p>
   </div>
   <div class='ocr_carea' id='block_1_11' title="bbox 470 1000 2055 1075">
    <p class='ocr_par' dir='ltr' id='par_1_11' title="bbox 470 1000 2055 1075">
     <span class='ocr_line' id='line_1_11' title="bbox 470 1000 2055 1075; baseline -0.003 -18"><span class='ocrx_word' id='word_1_69' title='bbox 470 1021 626 1074; x_wconf 68' lang='grc' dir='ltr'>μενα</span> <span class='ocrx_word' id='word_1_70' title='bbox 655 1003 955 1064; x_wconf 75' lang='grc' dir='ltr'>ἐϐάσταζε.</span> <span class='ocrx_word' id='word_1_71' title='bbox 984 1003 1160 1067; x_wconf 75' lang='grc' dir='ltr'>Πολὺς</span> <span class='ocrx_word' id='word_1_72' title='bbox 1188 1003 1298 1075; x_wconf 80' lang='grc' dir='ltr'>γὰρ</span> <span class='ocrx_word' id='word_1_73' title='bbox 1323 1002 1402 1073; x_wconf 84' lang='grc' dir='ltr'>τῷ</span> <span class='ocrx_word' id='word_1_74' title='bbox 1429 1002 1549 1073; x_wconf 86' lang='grc' dir='ltr'>Θεῷ</span> <span class='ocrx_word' id='word_1_75' title='bbox 1574 1003 1731 1070; x_wconf 83' lang='grc' dir='ltr'>λόγος</span> <span class='ocrx_word' id='word_1_76' title='bbox 1765 1002 1972 1068; x_wconf 80' lang='grc' dir='ltr'>ἐλέους,</span> <span class='ocrx_word' id='word_1_77' title='bbox 1994 1000 2055 1053; x_wconf 88' lang='grc' dir='ltr'>οὐ</span> 
     </span>
    </p>
   </div>
   <div class='ocr_carea' id='block_1_12' title="bbox 475 1083 2057 1160">
    <p class='ocr_par' dir='ltr' id='par_1_12' title="bbox 475 1083 2057 1160">
     <span class='ocr_line' id='line_1_12' title="bbox 475 1083 2057 1160; baseline -0.001 -21"><span class='ocrx_word' id='word_1_78' title='bbox 475 1087 569 1141; x_wconf 89' lang='grc' dir='ltr'>τοῦ</span> <span class='ocrx_word' id='word_1_79' title='bbox 600 1089 729 1160; x_wconf 80' lang='grc' dir='ltr'>παρ’</span> <span class='ocrx_word' id='word_1_80' title='bbox 760 1086 929 1142; x_wconf 90' lang='grc' dir='ltr'>αὐτοῦ</span> <span class='ocrx_word' id='word_1_81' title='bbox 972 1086 1132 1157; x_wconf 89' lang='grc' dir='ltr'>μόνον</span> <span class='ocrx_word' id='word_1_82' title='bbox 1165 1088 1244 1150; x_wconf 85' lang='grc' dir='ltr'>εἰς</span> <span class='ocrx_word' id='word_1_83' title='bbox 1274 1088 1447 1157; x_wconf 83' lang='grc' dir='ltr'>ἡμᾶς,</span> <span class='ocrx_word' id='word_1_84' title='bbox 1486 1086 1623 1140; x_wconf 89' lang='grc' dir='ltr'>ἀλλά</span> <span class='ocrx_word' id='word_1_85' title='bbox 1667 1085 1764 1139; x_wconf 71' lang='grc' dir='ltr'>καὶ</span> <span class='ocrx_word' id='word_1_86' title='bbox 1796 1085 1889 1138; x_wconf 88' lang='grc' dir='ltr'>τοῦ</span> <span class='ocrx_word' id='word_1_87' title='bbox 1926 1083 2057 1154; x_wconf 82' lang='grc' dir='ltr'>παρ’</span> 
     </span>
    </p>
   </div>
   <div class='ocr_carea' id='block_1_13' title="bbox 474 1165 2059 1242">
    <p class='ocr_par' dir='ltr' id='par_1_13' title="bbox 474 1165 2059 1242">
     <span class='ocr_line' id='line_1_13' title="bbox 474 1165 2059 1242; baseline -0.003 -20"><span class='ocrx_word' id='word_1_88' title='bbox 474 1171 636 1242; x_wconf 69' lang='grc' dir='ltr'>ἡμῶν</span> <span class='ocrx_word' id='word_1_89' title='bbox 667 1174 748 1234; x_wconf 83' lang='grc' dir='ltr'>είς</span> <span class='ocrx_word' id='word_1_90' title='bbox 784 1171 912 1234; x_wconf 82' lang='grc' dir='ltr'>τούς</span> <span class='ocrx_word' id='word_1_91' title='bbox 948 1170 1269 1233; x_wconf 79' lang='grc' dir='ltr'>συνδούλους</span> <span class='ocrx_word' id='word_1_92' title='bbox 1297 1169 1606 1239; x_wconf 78' lang='grc' dir='ltr'>ὀφείλοντος</span> <span class='ocrx_word' id='word_1_93' title='bbox 1639 1167 1914 1238; x_wconf 87' lang='grc' dir='ltr'>γίνεσθαι·</span> <span class='ocrx_word' id='word_1_94' title='bbox 1962 1165 2059 1219; x_wconf 59' lang='grc' dir='ltr'>καὶ⁹</span> 
     </span>
    </p>
   </div>
   <div class='ocr_carea' id='block_1_14' title="bbox 601 1248 2057 1324">
    <p class='ocr_par' dir='ltr' id='par_1_14' title="bbox 601 1248 2057 1324">
     <span class='ocr_line' id='line_1_14' title="bbox 601 1248 2057 1324; baseline -0.004 -18"><span class='ocrx_word' id='word_1_95' title='bbox 601 1254 892 1324; x_wconf 72' lang='grc' dir='ltr'>ᾒτῐαλαιᾷ,</span> <span class='ocrx_word' id='word_1_96' title='bbox 924 1254 1020 1306; x_wconf 71' lang='grc' dir='ltr'>καὶ</span> <span class='ocrx_word' id='word_1_97' title='bbox 1042 1255 1099 1305; x_wconf 89' lang='grc' dir='ltr'>ἐν</span> <span class='ocrx_word' id='word_1_98' title='bbox 1135 1255 1200 1324; x_wconf 72' lang='grc' dir='ltr'>τῇ</span> <span class='ocrx_word' id='word_1_99' title='bbox 1230 1255 1408 1324; x_wconf 82' lang='grc' dir='ltr'>Καινῇ</span> <span class='ocrx_word' id='word_1_100' title='bbox 1452 1254 1676 1324; x_wconf 85' lang='grc' dir='ltr'>μυρίους</span> <span class='ocrx_word' id='word_1_101' title='bbox 1702 1252 1840 1322; x_wconf 87' lang='grc' dir='ltr'>ύπέρ</span> <span class='ocrx_word' id='word_1_102' title='bbox 1867 1248 2057 1303; x_wconf 90' lang='grc' dir='ltr'>τούτου</span> 
     </span>
    </p>
   </div>
   <div class='ocr_carea' id='block_1_15' title="bbox 397 1331 2057 1408">
    <p class='ocr_par' dir='ltr' id='par_1_15' title="bbox 397 1331 2057 1408">
     <span class='ocr_line' id='line_1_15' title="bbox 397 1331 2057 1408; baseline -0.001 -19"><span class='ocrx_word' id='word_1_103' title='bbox 397 1331 426 1339; x_wconf 66' lang='grc'><em>”</em></span> <span class='ocrx_word' id='word_1_104' title='bbox 477 1336 662 1408; x_wconf 89' lang='grc' dir='ltr'>τίθησι</span> <span class='ocrx_word' id='word_1_105' title='bbox 693 1337 914 1407; x_wconf 89' lang='grc' dir='ltr'>νόμους,</span> <span class='ocrx_word' id='word_1_106' title='bbox 949 1335 1188 1388; x_wconf 80' lang='grc' dir='ltr'>κελεύων</span> <span class='ocrx_word' id='word_1_107' title='bbox 1213 1335 1301 1389; x_wconf 80' lang='grc' dir='ltr'>διὰ</span> <span class='ocrx_word' id='word_1_108' title='bbox 1330 1337 1549 1390; x_wconf 90' lang='grc' dir='ltr'>πάντων</span> <span class='ocrx_word' id='word_1_109' title='bbox 1579 1331 1718 1389; x_wconf 76' lang='grc' dir='ltr'>εἶναι</span> <span class='ocrx_word' id='word_1_110' title='bbox 1748 1334 2057 1406; x_wconf 82' lang='grc' dir='ltr'>φιλάνθρω-</span> 
     </span>
    </p>
   </div>
   <div class='ocr_carea' id='block_1_16' title="bbox 479 1419 2061 1491">
    <p class='ocr_par' dir='ltr' id='par_1_16' title="bbox 479 1419 2061 1491">
     <span class='ocr_line' id='line_1_16' title="bbox 479 1419 2061 1491; baseline -0.001 -18"><span class='ocrx_word' id='word_1_111' title='bbox 479 1438 601 1484; x_wconf 84' lang='grc' dir='ltr'>πον,</span> <span class='ocrx_word' id='word_1_112' title='bbox 637 1421 732 1476; x_wconf 76' lang='grc' dir='ltr'>καὶ</span> <span class='ocrx_word' id='word_1_113' title='bbox 762 1419 850 1473; x_wconf 83' lang='grc' dir='ltr'>διὰ</span> <span class='ocrx_word' id='word_1_114' title='bbox 873 1421 1156 1491; x_wconf 75' lang='grc' dir='ltr'>ῥημάτων,</span> <span class='ocrx_word' id='word_1_115' title='bbox 1188 1422 1284 1472; x_wconf 79' lang='grc' dir='ltr'>καὶ</span> <span class='ocrx_word' id='word_1_116' title='bbox 1320 1421 1640 1491; x_wconf 88' lang='grc' dir='ltr'>χρημάτων,</span> <span class='ocrx_word' id='word_1_117' title='bbox 1678 1421 1772 1472; x_wconf 78' lang='grc' dir='ltr'>καὶ</span> <span class='ocrx_word' id='word_1_118' title='bbox 1801 1419 2061 1489; x_wconf 85' lang='grc' dir='ltr'>πραγμά-</span> 
     </span>
    </p>
   </div>
   <div class='ocr_carea' id='block_1_17' title="bbox 476 1501 2058 1573">
    <p class='ocr_par' dir='ltr' id='par_1_17' title="bbox 476 1501 2058 1573">
     <span class='ocr_line' id='line_1_17' title="bbox 476 1501 2058 1573; baseline -0.003 -15"><span class='ocrx_word' id='word_1_119' title='bbox 476 1521 607 1560; x_wconf 83' lang='grc' dir='ltr'>των.</span> <span class='ocrx_word' id='word_1_120' title='bbox 639 1505 747 1558; x_wconf 57' lang='grc' dir='ltr'>Καὶ¹</span> <span class='ocrx_word' id='word_1_121' title='bbox 783 1503 1023 1572; x_wconf 75' lang='grc' dir='ltr'>Μωῡσῆς</span> <span class='ocrx_word' id='word_1_122' title='bbox 1064 1503 1177 1556; x_wconf 81' lang='grc' dir='ltr'>ἀνω</span> <span class='ocrx_word' id='word_1_123' title='bbox 1208 1503 1303 1557; x_wconf 67' lang='grc' dir='ltr'>καὶ</span> <span class='ocrx_word' id='word_1_124' title='bbox 1333 1503 1484 1556; x_wconf 88' lang='grc' dir='ltr'>κάτω</span> <span class='ocrx_word' id='word_1_125' title='bbox 1526 1505 1653 1565; x_wconf 75' lang='grc' dir='ltr'>τοὺς</span> <span class='ocrx_word' id='word_1_126' title='bbox 1692 1503 1821 1573; x_wconf 68' lang='grc' dir='ltr'>περὶ</span> <span class='ocrx_word' id='word_1_127' title='bbox 1851 1501 2058 1554; x_wconf 91' lang='grc' dir='ltr'>τούτων</span> 
     </span>
    </p>
   </div>
   <div class='ocr_carea' id='block_1_18' title="bbox 478 1584 2058 1658">
    <p class='ocr_par' dir='ltr' id='par_1_18' title="bbox 478 1584 2058 1658">
     <span class='ocr_line' id='line_1_18' title="bbox 478 1584 2058 1658; baseline -0.003 -18"><span class='ocrx_word' id='word_1_128' title='bbox 478 1587 785 1658; x_wconf 79' lang='grc' dir='ltr'>διασπείρει</span> <span class='ocrx_word' id='word_1_129' title='bbox 821 1587 1013 1654; x_wconf 84' lang='grc' dir='ltr'>λόγους</span> <span class='ocrx_word' id='word_1_130' title='bbox 1047 1589 1170 1649; x_wconf 90' lang='grc' dir='ltr'>ταῖς</span> <span class='ocrx_word' id='word_1_131' title='bbox 1191 1585 1540 1657; x_wconf 82' lang='grc' dir='ltr'>νομοθεσίαις</span> <span class='ocrx_word' id='word_1_132' title='bbox 1570 1585 1814 1649; x_wconf 86' lang='grc' dir='ltr'>ἀπάσαις</span> <span class='ocrx_word' id='word_1_133' title='bbox 1835 1603 1848 1616; x_wconf 87' lang='grc'><strong>·</strong></span> <span class='ocrx_word' id='word_1_134' title='bbox 1881 1584 1976 1638; x_wconf 77' lang='grc' dir='ltr'>καὶ</span> <span class='ocrx_word' id='word_1_135' title='bbox 2009 1586 2058 1636; x_wconf 80' lang='grc' dir='ltr'>οἱ</span> 
     </span>
    </p>
   </div>
   <div class='ocr_carea' id='block_1_19' title="bbox 478 1667 2060 1740">
    <p class='ocr_par' dir='ltr' id='par_1_19' title="bbox 478 1667 2060 1740">
     <span class='ocr_line' id='line_1_19' title="bbox 478 1667 2060 1740; baseline -0.002 -18"><span class='ocrx_word' id='word_1_136' title='bbox 478 1670 755 1739; x_wconf 78' lang='grc' dir='ltr'>προφῆται</span> <span class='ocrx_word' id='word_1_137' title='bbox 801 1672 864 1722; x_wconf 80' lang='grc' dir='ltr'>ἐκ</span> <span class='ocrx_word' id='word_1_138' title='bbox 894 1668 1188 1740; x_wconf 84' lang='grc' dir='ltr'>προσώπου</span> <span class='ocrx_word' id='word_1_139' title='bbox 1228 1669 1323 1722; x_wconf 91' lang='grc' dir='ltr'>τοῦ</span> <span class='ocrx_word' id='word_1_140' title='bbox 1357 1668 1493 1722; x_wconf 85' lang='grc' dir='ltr'>Θεοῦ</span> <span class='ocrx_word' id='word_1_141' title='bbox 1519 1669 1679 1722; x_wconf 91' lang='grc' dir='ltr'>τοῦτο</span> <span class='ocrx_word' id='word_1_142' title='bbox 1724 1667 1941 1739; x_wconf 84' lang='grc' dir='ltr'>βοῶσιν,</span> <span class='ocrx_word' id='word_1_143' title='bbox 1976 1668 2060 1720; x_wconf 82' lang='grc' dir='ltr'>ὅτι</span> 
     </span>
    </p>
   </div>
   <div class='ocr_carea' id='block_1_20' title="bbox 483 1751 2060 1813">
    <p class='ocr_par' dir='ltr' id='par_1_20' title="bbox 483 1751 2060 1813">
     <span class='ocr_line' id='line_1_20' title="bbox 483 1751 2060 1813; baseline -0.001 -8"><span class='ocrx_word' id='word_1_144' title='bbox 483 1753 697 1806; x_wconf 74' lang='grc' dir='ltr'>’Ἐλεον</span> <span class='ocrx_word' id='word_1_145' title='bbox 739 1752 922 1813; x_wconf 80' lang='grc' dir='ltr'>θέλω,</span> <span class='ocrx_word' id='word_1_146' title='bbox 957 1753 1052 1806; x_wconf 72' lang='grc' dir='ltr'>καί</span> <span class='ocrx_word' id='word_1_147' title='bbox 1104 1753 1175 1805; x_wconf 88' lang='grc' dir='ltr'>οὐ</span> <span class='ocrx_word' id='word_1_148' title='bbox 1224 1752 1479 1805; x_wconf 75' lang='grc' dir='ltr'>θυσίανο</span> <span class='ocrx_word' id='word_1_149' title='bbox 1536 1753 1631 1805; x_wconf 82' lang='grc' dir='ltr'>καὶ</span> <span class='ocrx_word' id='word_1_150' title='bbox 1674 1755 1723 1804; x_wconf 82' lang='grc' dir='ltr'>οἱ</span> <span class='ocrx_word' id='word_1_151' title='bbox 1771 1751 2060 1805; x_wconf 84' lang='grc' dir='ltr'>ἀπόστολοι</span> 
     </span>
    </p>
   </div>
   <div class='ocr_carea' id='block_1_21' title="bbox 479 1835 2059 1906">
    <p class='ocr_par' dir='ltr' id='par_1_21' title="bbox 479 1835 2059 1906">
     <span class='ocr_line' id='line_1_21' title="bbox 479 1835 2059 1906; baseline -0.001 -18"><span class='ocrx_word' id='word_1_152' title='bbox 479 1837 682 1901; x_wconf 88' lang='grc' dir='ltr'>πάντες</span> <span class='ocrx_word' id='word_1_153' title='bbox 714 1836 924 1906; x_wconf 83' lang='grc' dir='ltr'>συνῳδὰ</span> <span class='ocrx_word' id='word_1_154' title='bbox 941 1853 1158 1898; x_wconf 58' lang='grc' dir='ltr'>τούτοις</span> <span class='ocrx_word' id='word_1_155' title='bbox 1196 1835 1291 1888; x_wconf 74' lang='grc' dir='ltr'>καὶ</span> <span class='ocrx_word' id='word_1_156' title='bbox 1321 1835 1537 1888; x_wconf 86' lang='grc' dir='ltr'>ποιοῦσι</span> <span class='ocrx_word' id='word_1_157' title='bbox 1578 1837 1674 1889; x_wconf 76' lang='grc' dir='ltr'>καὶ</span> <span class='ocrx_word' id='word_1_158' title='bbox 1699 1835 1938 1904; x_wconf 90' lang='grc' dir='ltr'>λέγουσι.</span> <span class='ocrx_word' id='word_1_159' title='bbox 1969 1836 2059 1906; x_wconf 79' lang='grc' dir='ltr'>Μὴ</span> 
     </span>
    </p>
   </div>
   <div class='ocr_carea' id='block_1_22' title="bbox 477 1917 2062 1991">
    <p class='ocr_par' dir='ltr' id='par_1_22' title="bbox 477 1917 2062 1991">
     <span class='ocr_line' id='line_1_22' title="bbox 477 1917 2062 1991; baseline 0.001 -20"><span class='ocrx_word' id='word_1_160' title='bbox 477 1921 658 1972; x_wconf 88' lang='grc' dir='ltr'>τοίνυν</span> <span class='ocrx_word' id='word_1_161' title='bbox 689 1917 1089 1991; x_wconf 60' lang='grc' dir='ltr'>καταμελιῆμεν</span> <span class='ocrx_word' id='word_1_162' title='bbox 1138 1919 1233 1972; x_wconf 87' lang='grc' dir='ltr'>τοῦ</span> <span class='ocrx_word' id='word_1_163' title='bbox 1276 1919 1638 1991; x_wconf 84' lang='grc' dir='ltr'>πράγματος·</span> <span class='ocrx_word' id='word_1_164' title='bbox 1673 1921 1736 1972; x_wconf 93' lang='grc' dir='ltr'>οὐ</span> <span class='ocrx_word' id='word_1_165' title='bbox 1782 1921 1892 1990; x_wconf 90' lang='grc' dir='ltr'>γάρ</span> <span class='ocrx_word' id='word_1_166' title='bbox 1936 1919 2062 1983; x_wconf 80' lang='grc' dir='ltr'>τούς</span> 
     </span>
    </p>
   </div>
   <div class='ocr_carea' id='block_1_23' title="bbox 480 1935 2059 2176">
    <p class='ocr_par' dir='ltr' id='par_1_23' title="bbox 480 1935 2059 2176">
     <span class='ocr_line' id='line_1_23' title="bbox 480 1935 2059 1991; baseline 0.001 -20"><span class='ocrx_word' id='word_1_167' title='bbox 480 1935 658 1972; x_wconf 76' lang='grc' dir='ltr'>τοίνυν</span> <span class='ocrx_word' id='word_1_168' title='bbox 689 1935 934 1990; x_wconf 73' lang='grc' dir='ltr'>καταμε).</span> <span class='ocrx_word' id='word_1_169' title='bbox 990 1937 1089 1990; x_wconf 89' lang='grc' dir='ltr'>μεν</span> <span class='ocrx_word' id='word_1_170' title='bbox 1138 1937 1233 1972; x_wconf 84' lang='grc' dir='ltr'>του</span> <span class='ocrx_word' id='word_1_171' title='bbox 1276 1935 1638 1991; x_wconf 78' lang='grc' dir='ltr'>πραγματος’</span> <span class='ocrx_word' id='word_1_172' title='bbox 1673 1937 1736 1972; x_wconf 90' lang='grc' dir='ltr'>ου</span> <span class='ocrx_word' id='word_1_173' title='bbox 1782 1935 1892 1990; x_wconf 90' lang='grc' dir='ltr'>γαρ</span> <span class='ocrx_word' id='word_1_174' title='bbox 1936 1936 2059 1983; x_wconf 88' lang='grc' dir='ltr'>τους</span> 
     </span>
     <span class='ocr_line' id='line_1_24' title="bbox 480 1935 2059 2176; baseline -0.001 -120"><span class='ocrx_word' id='word_1_175' title='bbox 480 2003 738 2073; x_wconf 85' lang='grc' dir='ltr'>πένητας.</span> <span class='ocrx_word' id='word_1_176' title='bbox 768 2002 882 2056; x_wconf 83' lang='grc' dir='ltr'>ἀλλ’</span> <span class='ocrx_word' id='word_1_177' title='bbox 927 1935 1125 2176; x_wconf 40' lang='lat' dir='ltr'>angi»;</span> <span class='ocrx_word' id='word_1_178' title='bbox 1161 2004 1309 2072; x_wconf 78' lang='grc' dir='ltr'>ἡμᾶς</span> <span class='ocrx_word' id='word_1_179' title='bbox 1341 2003 1410 2056; x_wconf 83' lang='grc' dir='ltr'>τά</span> <span class='ocrx_word' id='word_1_180' title='bbox 1443 2004 1674 2074; x_wconf 87' lang='grc' dir='ltr'>μέγιστα</span> <span class='ocrx_word' id='word_1_181' title='bbox 1721 2002 2059 2074; x_wconf 79' lang='grc' dir='ltr'>ώφελοῦμεν,</span> 
     </span>
     <span class='ocr_line' id='line_1_25' title="bbox 480 2081 1664 2156; baseline 0.001 -18"><span class='ocrx_word' id='word_1_182' title='bbox 480 2087 573 2138; x_wconf 65' lang='grc' dir='ltr'>καὶ¹</span> <span class='ocrx_word' id='word_1_183' title='bbox 602 2086 828 2156; x_wconf 75' lang='grc' dir='ltr'>μείζονα</span> <span class='ocrx_word' id='word_1_184' title='bbox 860 2085 1008 2155; x_wconf 79' lang='grc' dir='ltr'>λαμϐ</span> <span class='ocrx_word' id='word_1_185' title='bbox 1050 2102 1212 2155; x_wconf 86' lang='grc' dir='ltr'>νομεν</span> <span class='ocrx_word' id='word_1_186' title='bbox 1235 2081 1308 2138; x_wconf 82' lang='grc' dir='ltr'>ὧν</span> <span class='ocrx_word' id='word_1_187' title='bbox 1332 2086 1664 2156; x_wconf 89' lang='grc' dir='ltr'>παρέχομεν.</span> 
     </span>
    </p>
   </div>
   <div class='ocr_carea' id='block_1_24' title="bbox 480 2081 1664 2156">
    <p class='ocr_par' dir='ltr' id='par_1_24' title="bbox 480 2081 1664 2156">
     <span class='ocr_line' id='line_1_26' title="bbox 480 2081 1664 2156; baseline 0.001 -18"><span class='ocrx_word' id='word_1_188' title='bbox 480 2087 573 2138; x_wconf 65' lang='grc' dir='ltr'>καὶ¹</span> <span class='ocrx_word' id='word_1_189' title='bbox 602 2086 828 2156; x_wconf 75' lang='grc' dir='ltr'>μείζονα</span> <span class='ocrx_word' id='word_1_190' title='bbox 860 2081 1212 2156; x_wconf 48' lang='grc' dir='ltr'>λαμϐάνομεν</span> <span class='ocrx_word' id='word_1_191' title='bbox 1235 2081 1308 2138; x_wconf 82' lang='grc' dir='ltr'>ὧν</span> <span class='ocrx_word' id='word_1_192' title='bbox 1332 2086 1664 2156; x_wconf 89' lang='grc' dir='ltr'>παρέχομεν.</span> 
     </span>
    </p>
   </div>
   <div class='ocr_carea' id='block_1_25' title="bbox 551 2167 2063 2241">
    <p class='ocr_par' dir='ltr' id='par_1_25' title="bbox 551 2167 2063 2241">
     <span class='ocr_line' id='line_1_27' title="bbox 551 2167 2063 2241; baseline 0.001 -21"><span class='ocrx_word' id='word_1_193' title='bbox 551 2167 820 2232; x_wconf 84' lang='grc' dir='ltr'>ς’.Ταῦτα</span> <span class='ocrx_word' id='word_1_194' title='bbox 835 2167 891 2220; x_wconf 84' lang='grc' dir='ltr'>δέ</span> <span class='ocrx_word' id='word_1_195' title='bbox 907 2169 1006 2238; x_wconf 88' lang='grc' dir='ltr'>οὐχ</span> <span class='ocrx_word' id='word_1_196' title='bbox 1028 2167 1213 2232; x_wconf 74' lang='grc' dir='ltr'>ἅπλῶς</span> <span class='ocrx_word' id='word_1_197' title='bbox 1233 2169 1377 2236; x_wconf 86' lang='grc' dir='ltr'>λέγω</span> <span class='ocrx_word' id='word_1_198' title='bbox 1394 2168 1510 2231; x_wconf 92' lang='grc' dir='ltr'>νῦν,</span> <span class='ocrx_word' id='word_1_199' title='bbox 1532 2169 1647 2222; x_wconf 86' lang='grc' dir='ltr'>ἀλλ’</span> <span class='ocrx_word' id='word_1_200' title='bbox 1669 2169 1857 2241; x_wconf 80' lang='grc' dir='ltr'>ἐπειδὴ</span> <span class='ocrx_word' id='word_1_201' title='bbox 1882 2170 2063 2223; x_wconf 77' lang='grc' dir='ltr'>πολλοὶ</span> 
     </span>
    </p>
   </div>
   <div class='ocr_carea' id='block_1_26' title="bbox 479 2251 2064 2325">
    <p class='ocr_par' dir='ltr' id='par_1_26' title="bbox 479 2251 2064 2325">
     <span class='ocr_line' id='line_1_28' title="bbox 479 2251 2064 2325; baseline 0.002 -22"><span class='ocrx_word' id='word_1_202' title='bbox 479 2251 740 2316; x_wconf 82' lang='grc' dir='ltr'>πολλάκις</span> <span class='ocrx_word' id='word_1_203' title='bbox 771 2251 910 2321; x_wconf 74' lang='grc' dir='ltr'>πρὸς</span> <span class='ocrx_word' id='word_1_204' title='bbox 947 2253 1074 2316; x_wconf 73' lang='grc' dir='ltr'>τοὺς</span> <span class='ocrx_word' id='word_1_205' title='bbox 1103 2251 1389 2325; x_wconf 65' lang='grc' dir='ltr'>δεομένους</span> <span class='ocrx_word' id='word_1_206' title='bbox 1417 2253 1922 2325; x_wconf 76' lang='grc' dir='ltr'>ἀκριϐολογοῦνται,</span> <span class='ocrx_word' id='word_1_207' title='bbox 1969 2255 2064 2307; x_wconf 77' lang='grc' dir='ltr'>καὶ</span> 
     </span>
    </p>
   </div>
   <div class='ocr_carea' id='block_1_27' title="bbox 481 2249 2064 2408">
    <p class='ocr_par' dir='ltr' id='par_1_27' title="bbox 481 2249 2064 2408">
     <span class='ocr_line' id='line_1_29' title="bbox 481 2251 2064 2325; baseline 0.002 -22"><span class='ocrx_word' id='word_1_208' title='bbox 481 2251 740 2316; x_wconf 81' lang='grc' dir='ltr'>πολλάκις</span> <span class='ocrx_word' id='word_1_209' title='bbox 771 2251 910 2321; x_wconf 74' lang='grc' dir='ltr'>πρὸς</span> <span class='ocrx_word' id='word_1_210' title='bbox 947 2253 1074 2316; x_wconf 73' lang='grc' dir='ltr'>τοὺς</span> <span class='ocrx_word' id='word_1_211' title='bbox 1163 2252 1389 2322; x_wconf 83' lang='grc' dir='ltr'>ομένους</span> <span class='ocrx_word' id='word_1_212' title='bbox 1417 2253 1922 2325; x_wconf 76' lang='grc' dir='ltr'>ἀκριϐολογοῦνται,</span> <span class='ocrx_word' id='word_1_213' title='bbox 1969 2255 2064 2307; x_wconf 77' lang='grc' dir='ltr'>καὶ</span> 
     </span>
     <span class='ocr_line' id='line_1_30' title="bbox 481 2249 2064 2408; baseline 0.002 -21"><span class='ocrx_word' id='word_1_214' title='bbox 481 2334 716 2406; x_wconf 91' lang='grc' dir='ltr'>πατρίδα</span> <span class='ocrx_word' id='word_1_215' title='bbox 740 2249 1235 2406; x_wconf 39' lang='grc' dir='ltr'>ἐξετάζοντεςῗὲᾳὶ</span> <span class='ocrx_word' id='word_1_216' title='bbox 1260 2336 1394 2405; x_wconf 86' lang='grc' dir='ltr'>βίον,</span> <span class='ocrx_word' id='word_1_217' title='bbox 1427 2338 1520 2388; x_wconf 74' lang='grc' dir='ltr'>καὶ</span> <span class='ocrx_word' id='word_1_218' title='bbox 1544 2337 1796 2408; x_wconf 89' lang='grc' dir='ltr'>τρόπους,</span> <span class='ocrx_word' id='word_1_219' title='bbox 1831 2340 1925 2390; x_wconf 80' lang='grc' dir='ltr'>καὶ</span> <span class='ocrx_word' id='word_1_220' title='bbox 1947 2339 2064 2390; x_wconf 89' lang='grc' dir='ltr'>ἐπι-</span> 
     </span>
    </p>
   </div>
   <div class='ocr_carea' id='block_1_28' title="bbox 479 2416 2064 2491">
    <p class='ocr_par' dir='ltr' id='par_1_28' title="bbox 479 2416 2064 2491">
     <span class='ocr_line' id='line_1_31' title="bbox 479 2416 2064 2491; baseline 0.001 -20"><span class='ocrx_word' id='word_1_221' title='bbox 479 2419 746 2490; x_wconf 75' lang='grc' dir='ltr'>τήδευμα,</span> <span class='ocrx_word' id='word_1_222' title='bbox 791 2417 886 2470; x_wconf 73' lang='grc' dir='ltr'>καὶ</span> <span class='ocrx_word' id='word_1_223' title='bbox 931 2416 1028 2488; x_wconf 78' lang='grc' dir='ltr'>τὴν</span> <span class='ocrx_word' id='word_1_224' title='bbox 1057 2418 1152 2470; x_wconf 92' lang='grc' dir='ltr'>τοῦ</span> <span class='ocrx_word' id='word_1_225' title='bbox 1186 2416 1435 2491; x_wconf 53' lang='grc' dir='ltr'>σήματος</span> <span class='ocrx_word' id='word_1_226' title='bbox 1469 2420 1701 2485; x_wconf 81' lang='grc' dir='ltr'>εὐεξίαν,</span> <span class='ocrx_word' id='word_1_227' title='bbox 1739 2419 2064 2491; x_wconf 82' lang='grc' dir='ltr'>ἐγκλήματα</span> 
     </span>
    </p>
   </div>
   <div class='ocr_carea' id='block_1_29' title="bbox 482 2500 2062 2572">
    <p class='ocr_par' dir='ltr' id='par_1_29' title="bbox 482 2500 2062 2572">
     <span class='ocr_line' id='line_1_32' title="bbox 482 2500 2062 2572; baseline 0.001 -18"><span class='ocrx_word' id='word_1_228' title='bbox 482 2501 819 2572; x_wconf 81' lang='grc' dir='ltr'>ποιούμενοι,</span> <span class='ocrx_word' id='word_1_229' title='bbox 859 2500 952 2554; x_wconf 74' lang='grc' dir='ltr'>καὶ</span> <span class='ocrx_word' id='word_1_230' title='bbox 1001 2501 1200 2572; x_wconf 82' lang='grc' dir='ltr'>μυρίας</span> <span class='ocrx_word' id='word_1_231' title='bbox 1237 2500 1376 2572; x_wconf 68' lang='grc' dir='ltr'>ὣςὲρ</span> <span class='ocrx_word' id='word_1_232' title='bbox 1429 2502 1638 2571; x_wconf 79' lang='grc' dir='ltr'>ὑγιείας</span> <span class='ocrx_word' id='word_1_233' title='bbox 1704 2503 2062 2567; x_wconf 77' lang='grc' dir='ltr'>ἀπαιτοῦντες</span> 
     </span>
    </p>
   </div>
   <div class='ocr_carea' id='block_1_30' title="bbox 483 2583 2062 2657">
    <p class='ocr_par' dir='ltr' id='par_1_30' title="bbox 483 2583 2062 2657">
     <span class='ocr_line' id='line_1_33' title="bbox 483 2583 2062 2657; baseline -0.001 -19"><span class='ocrx_word' id='word_1_234' title='bbox 483 2585 733 2647; x_wconf 82' lang='grc' dir='ltr'>εὐθύνας.</span> <span class='ocrx_word' id='word_1_235' title='bbox 764 2584 863 2638; x_wconf 83' lang='grc' dir='ltr'>Διά</span> <span class='ocrx_word' id='word_1_236' title='bbox 884 2600 967 2636; x_wconf 90' lang='grc' dir='ltr'>τοι</span> <span class='ocrx_word' id='word_1_237' title='bbox 987 2583 1166 2643; x_wconf 88' lang='grc' dir='ltr'>τοῦτο,</span> <span class='ocrx_word' id='word_1_238' title='bbox 1193 2585 1288 2639; x_wconf 73' lang='grc' dir='ltr'>καὶ</span> <span class='ocrx_word' id='word_1_239' title='bbox 1319 2585 1504 2639; x_wconf 74' lang='grc' dir='ltr'>πολλοὶ</span> <span class='ocrx_word' id='word_1_240' title='bbox 1521 2585 1800 2657; x_wconf 77' lang='grc' dir='ltr'>πηρώσεις</span> <span class='ocrx_word' id='word_1_241' title='bbox 1833 2587 2062 2655; x_wconf 84' lang='grc' dir='ltr'>ὑπεκρί-</span> 
     </span>
    </p>
   </div>
   <div class='ocr_carea' id='block_1_31' title="bbox 480 2667 2064 2740">
    <p class='ocr_par' dir='ltr' id='par_1_31' title="bbox 480 2667 2064 2740">
     <span class='ocr_line' id='line_1_34' title="bbox 480 2667 2064 2740; baseline 0 -18"><span class='ocrx_word' id='word_1_242' title='bbox 480 2685 643 2722; x_wconf 87' lang='grc' dir='ltr'>ναντο</span> <span class='ocrx_word' id='word_1_243' title='bbox 677 2667 951 2738; x_wconf 84' lang='grc' dir='ltr'>σώματος,</span> <span class='ocrx_word' id='word_1_244' title='bbox 991 2667 1076 2720; x_wconf 81' lang='grc' dir='ltr'>ἵνα</span> <span class='ocrx_word' id='word_1_245' title='bbox 1107 2668 1205 2738; x_wconf 69' lang='grc' dir='ltr'>τὴν</span> <span class='ocrx_word' id='word_1_246' title='bbox 1232 2668 1492 2740; x_wconf 79' lang='grc' dir='ltr'>ὡμότητα</span> <span class='ocrx_word' id='word_1_247' title='bbox 1538 2670 1638 2740; x_wconf 83' lang='grc' dir='ltr'>τὴν</span> <span class='ocrx_word' id='word_1_248' title='bbox 1662 2671 1940 2740; x_wconf 82' lang='grc' dir='ltr'>ἡμετέραν</span> <span class='ocrx_word' id='word_1_249' title='bbox 1971 2671 2064 2722; x_wconf 79' lang='grc' dir='ltr'>καὶ</span> 
     </span>
    </p>
   </div>
   <div class='ocr_carea' id='block_1_32' title="bbox 482 2748 2066 2822">
    <p class='ocr_par' dir='ltr' id='par_1_32' title="bbox 482 2748 2066 2822">
     <span class='ocr_line' id='line_1_35' title="bbox 482 2748 2066 2822; baseline 0.001 -19"><span class='ocrx_word' id='word_1_250' title='bbox 482 2752 582 2821; x_wconf 75' lang='grc' dir='ltr'>τὴν</span> <span class='ocrx_word' id='word_1_251' title='bbox 611 2748 1008 2820; x_wconf 84' lang='grc' dir='ltr'>ἀπανθρωπίαν</span> <span class='ocrx_word' id='word_1_252' title='bbox 1037 2748 1113 2820; x_wconf 82' lang='grc' dir='ltr'>τῷ</span> <span class='ocrx_word' id='word_1_253' title='bbox 1149 2751 1250 2820; x_wconf 77' lang='grc' dir='ltr'>τῆς</span> <span class='ocrx_word' id='word_1_254' title='bbox 1283 2753 1570 2822; x_wconf 73' lang='grc' dir='ltr'>συμφορᾶς</span> <span class='ocrx_word' id='word_1_255' title='bbox 1596 2753 1798 2821; x_wconf 79' lang='grc' dir='ltr'>ταύτης</span> <span class='ocrx_word' id='word_1_256' title='bbox 1830 2752 2066 2822; x_wconf 78' lang='grc' dir='ltr'>ἐπικάμ-</span> 
     </span>
    </p>
   </div>
   <div class='ocr_carea' id='block_1_33' title="bbox 481 2833 2067 2905">
    <p class='ocr_par' dir='ltr' id='par_1_33' title="bbox 481 2833 2067 2905">
     <span class='ocr_line' id='line_1_36' title="bbox 481 2833 2067 2905; baseline 0 -19"><span class='ocrx_word' id='word_1_257' title='bbox 481 2835 626 2904; x_wconf 70' lang='grc' dir='ltr'>ψωσι</span> <span class='ocrx_word' id='word_1_258' title='bbox 654 2833 911 2903; x_wconf 88' lang='grc' dir='ltr'>δράματι.</span> <span class='ocrx_word' id='word_1_259' title='bbox 933 2833 1045 2886; x_wconf 74' lang='grc' dir='ltr'>Καὶ</span> <span class='ocrx_word' id='word_1_260' title='bbox 1072 2833 1131 2886; x_wconf 81' lang='grc' dir='ltr'>τὸ</span> <span class='ocrx_word' id='word_1_261' title='bbox 1157 2835 1275 2903; x_wconf 87' lang='grc' dir='ltr'>μὲν,</span> <span class='ocrx_word' id='word_1_262' title='bbox 1297 2833 1490 2905; x_wconf 82' lang='grc' dir='ltr'>θέρους</span> <span class='ocrx_word' id='word_1_263' title='bbox 1516 2835 1690 2898; x_wconf 77' lang='grc' dir='ltr'>ὄντος.</span> <span class='ocrx_word' id='word_1_264' title='bbox 1708 2834 1883 2887; x_wconf 86' lang='grc' dir='ltr'>ταῦτα</span> <span class='ocrx_word' id='word_1_265' title='bbox 1908 2836 2067 2903; x_wconf 87' lang='grc' dir='ltr'>ἐγκα-</span> 
     </span>
    </p>
   </div>
   <div class='ocr_carea' id='block_1_34' title="bbox 479 2914 2066 2989">
    <p class='ocr_par' dir='ltr' id='par_1_34' title="bbox 479 2914 2066 2989">
     <span class='ocr_line' id='line_1_37' title="bbox 479 2914 2066 2989; baseline -0.001 -19"><span class='ocrx_word' id='word_1_266' title='bbox 479 2916 617 2978; x_wconf 79' lang='grc' dir='ltr'>λεῖν,</span> <span class='ocrx_word' id='word_1_267' title='bbox 643 2916 815 2969; x_wconf 75' lang='grc' dir='ltr'>δεινὸν</span> <span class='ocrx_word' id='word_1_268' title='bbox 837 2914 920 2976; x_wconf 81' lang='grc' dir='ltr'>ὃν,</span> <span class='ocrx_word' id='word_1_269' title='bbox 950 2917 1047 2986; x_wconf 91' lang='grc' dir='ltr'>οὐχ</span> <span class='ocrx_word' id='word_1_270' title='bbox 1078 2915 1220 2969; x_wconf 84' lang='grc' dir='ltr'>οῦτω</span> <span class='ocrx_word' id='word_1_271' title='bbox 1245 2917 1415 2970; x_wconf 89' lang='grc' dir='ltr'>δεινόν</span> <span class='ocrx_word' id='word_1_272' title='bbox 1439 2919 1555 2970; x_wconf 80' lang='grc' dir='ltr'>ἐστι</span> <span class='ocrx_word' id='word_1_273' title='bbox 1574 2934 1586 2947; x_wconf 89' lang='grc'><strong>·</strong></span> <span class='ocrx_word' id='word_1_274' title='bbox 1612 2917 1676 2969; x_wconf 80' lang='grc' dir='ltr'>τὸ</span> <span class='ocrx_word' id='word_1_275' title='bbox 1699 2917 1756 2969; x_wconf 80' lang='grc' dir='ltr'>δὲ</span> <span class='ocrx_word' id='word_1_276' title='bbox 1786 2919 1845 2969; x_wconf 93' lang='grc' dir='ltr'>ἐν</span> <span class='ocrx_word' id='word_1_277' title='bbox 1869 2916 2066 2989; x_wconf 75' lang='grc' dir='ltr'>κρυμῷ</span> 
     </span>
    </p>
   </div>
   <div class='ocr_carea' id='block_1_35' title="bbox 481 2997 2066 3071">
    <p class='ocr_par' dir='ltr' id='par_1_35' title="bbox 481 2997 2066 3071">
     <span class='ocr_line' id='line_1_38' title="bbox 481 2997 2066 3071; baseline -0.002 -15"><span class='ocrx_word' id='word_1_278' title='bbox 481 3002 578 3056; x_wconf 78' lang='grc' dir='ltr'>καὶ</span> <span class='ocrx_word' id='word_1_279' title='bbox 602 2999 764 3070; x_wconf 73' lang='grc' dir='ltr'>ψύχει</span> <span class='ocrx_word' id='word_1_280' title='bbox 799 2997 971 3063; x_wconf 85' lang='grc' dir='ltr'>οῦτως</span> <span class='ocrx_word' id='word_1_281' title='bbox 1001 2999 1151 3068; x_wconf 81' lang='grc' dir='ltr'>ὠμὸν</span> <span class='ocrx_word' id='word_1_282' title='bbox 1191 3001 1284 3052; x_wconf 78' lang='grc' dir='ltr'>καὶ</span> <span class='ocrx_word' id='word_1_283' title='bbox 1317 3000 1688 3071; x_wconf 74' lang='grc' dir='ltr'>ἀπάνθρωπον</span> <span class='ocrx_word' id='word_1_284' title='bbox 1721 2999 1967 3068; x_wconf 87' lang='grc' dir='ltr'>γίνεσθαι</span> <span class='ocrx_word' id='word_1_285' title='bbox 1989 3001 2066 3053; x_wconf 87' lang='grc' dir='ltr'>δι-</span> 
     </span>
    </p>
   </div>
   <div class='ocr_carea' id='block_1_36' title="bbox 484 3082 2064 3155">
    <p class='ocr_par' dir='ltr' id='par_1_36' title="bbox 484 3082 2064 3155">
     <span class='ocr_line' id='line_1_39' title="bbox 484 3082 2064 3155; baseline -0.003 -17"><span class='ocrx_word' id='word_1_286' title='bbox 484 3085 712 3155; x_wconf 82' lang='grc' dir='ltr'>καστὴν,</span> <span class='ocrx_word' id='word_1_287' title='bbox 753 3083 847 3137; x_wconf 76' lang='grc' dir='ltr'>καὶ</span> <span class='ocrx_word' id='word_1_288' title='bbox 877 3083 1145 3153; x_wconf 86' lang='grc' dir='ltr'>μηδεμίαν</span> <span class='ocrx_word' id='word_1_289' title='bbox 1175 3083 1471 3152; x_wconf 80' lang='grc' dir='ltr'>ἀπονέμειν</span> <span class='ocrx_word' id='word_1_290' title='bbox 1512 3085 1624 3146; x_wconf 87' lang='grc' dir='ltr'>τοῖς</span> <span class='ocrx_word' id='word_1_291' title='bbox 1663 3082 1893 3152; x_wconf 79' lang='grc' dir='ltr'>ἀργοῦσι</span> <span class='ocrx_word' id='word_1_292' title='bbox 1933 3099 2064 3151; x_wconf 83' lang='grc' dir='ltr'>συγ-</span> 
     </span>
    </p>
   </div>
   <div class='ocr_carea' id='block_1_37' title="bbox 483 3165 2066 3239">
    <p class='ocr_par' dir='ltr' id='par_1_37' title="bbox 483 3165 2066 3239">
     <span class='ocr_line' id='line_1_40' title="bbox 483 3165 2066 3239; baseline -0.001 -19"><span class='ocrx_word' id='word_1_293' title='bbox 483 3168 734 3239; x_wconf 75' lang='grc' dir='ltr'>γνώμην,</span> <span class='ocrx_word' id='word_1_294' title='bbox 769 3167 871 3220; x_wconf 87' lang='grc' dir='ltr'>οὐκ</span> <span class='ocrx_word' id='word_1_295' title='bbox 899 3166 965 3219; x_wconf 85' lang='grc' dir='ltr'>ἂν</span> <span class='ocrx_word' id='word_1_296' title='bbox 1004 3165 1117 3236; x_wconf 77' lang='grc' dir='ltr'>ἔχοι</span> <span class='ocrx_word' id='word_1_297' title='bbox 1156 3166 1280 3220; x_wconf 80' lang='grc' dir='ltr'>τινὰ</span> <span class='ocrx_word' id='word_1_298' title='bbox 1306 3166 1590 3237; x_wconf 83' lang='grc' dir='ltr'>ὠμότητος</span> <span class='ocrx_word' id='word_1_299' title='bbox 1635 3165 1972 3236; x_wconf 76' lang='grc' dir='ltr'>ὐπερϐολὴνς</span> <span class='ocrx_word' id='word_1_300' title='bbox 2002 3167 2066 3218; x_wconf 89' lang='grc' dir='ltr'>Τί</span> 
     </span>
    </p>
   </div>
   <div class='ocr_carea' id='block_1_38' title="bbox 483 3249 2064 3320">
    <p class='ocr_par' dir='ltr' id='par_1_38' title="bbox 483 3249 2064 3320">
     <span class='ocr_line' id='line_1_41' title="bbox 483 3249 2064 3320; baseline -0.002 -15"><span class='ocrx_word' id='word_1_301' title='bbox 483 3249 577 3306; x_wconf 82' lang='grc' dir='ltr'>οῦν</span> <span class='ocrx_word' id='word_1_302' title='bbox 627 3253 654 3304; x_wconf 88' lang='grc' dir='ltr'>ὁ</span> <span class='ocrx_word' id='word_1_303' title='bbox 698 3251 936 3312; x_wconf 75' lang='grc' dir='ltr'>Παῦλος,</span> <span class='ocrx_word' id='word_1_304' title='bbox 971 3251 1166 3320; x_wconf 76' lang='grc' dir='ltr'>φησὶν,</span> <span class='ocrx_word' id='word_1_305' title='bbox 1225 3249 1536 3320; x_wconf 77' lang='grc' dir='ltr'>ἐνομοθέτει</span> <span class='ocrx_word' id='word_1_306' title='bbox 1589 3249 2064 3314; x_wconf 89' lang='grc' dir='ltr'>Θεσσαλονικεῦσι,</span> 
     </span>
    </p>
   </div>
   <div class='ocr_carea' id='block_1_39' title="bbox 483 3332 2066 3404">
    <p class='ocr_par' dir='ltr' id='par_1_39' title="bbox 483 3332 2066 3404">
     <span class='ocr_line' id='line_1_42' title="bbox 483 3332 2066 3404; baseline -0.004 -16"><span class='ocrx_word' id='word_1_307' title='bbox 483 3336 686 3404; x_wconf 73' lang='grc' dir='ltr'>λέγων’</span> <span class='ocrx_word' id='word_1_308' title='bbox 716 3334 788 3385; x_wconf 76' lang='grc' dir='ltr'>Εἴ</span> <span class='ocrx_word' id='word_1_309' title='bbox 816 3351 908 3399; x_wconf 86' lang='grc' dir='ltr'>τις</span> <span class='ocrx_word' id='word_1_310' title='bbox 931 3336 1000 3385; x_wconf 82' lang='grc' dir='ltr'>οὐ</span> <span class='ocrx_word' id='word_1_311' title='bbox 1032 3333 1193 3386; x_wconf 85' lang='grc' dir='ltr'>θέλει</span> <span class='ocrx_word' id='word_1_312' title='bbox 1217 3332 1584 3400; x_wconf 64' lang='grc' dir='ltr'>ἐργάζεσθαι,</span> <span class='ocrx_word' id='word_1_313' title='bbox 1614 3332 1768 3402; x_wconf 84' lang='grc' dir='ltr'>μηδὲ</span> <span class='ocrx_word' id='word_1_314' title='bbox 1786 3332 2030 3387; x_wconf 82' lang='grc' dir='ltr'>ἐσθιέτω</span> <span class='ocrx_word' id='word_1_315' title='bbox 2047 3349 2066 3397; x_wconf 85' lang='grc'><strong><em>;</em></strong></span> 
     </span>
    </p>
   </div>
   <div class='ocr_carea' id='block_1_40' title="bbox 486 3414 2068 3489">
    <p class='ocr_par' dir='ltr' id='par_1_40' title="bbox 486 3414 2068 3489">
     <span class='ocr_line' id='line_1_43' title="bbox 486 3414 2068 3489; baseline -0.003 -16"><span class='ocrx_word' id='word_1_316' title='bbox 486 3422 603 3473; x_wconf 84' lang='grc' dir='ltr'>Ἵνα</span> <span class='ocrx_word' id='word_1_317' title='bbox 633 3419 724 3472; x_wconf 74' lang='grc' dir='ltr'>καὶ</span> <span class='ocrx_word' id='word_1_318' title='bbox 763 3419 827 3471; x_wconf 75' lang='grc' dir='ltr'>σὺ</span> <span class='ocrx_word' id='word_1_319' title='bbox 851 3414 1024 3469; x_wconf 87' lang='grc' dir='ltr'>ταῦτα</span> <span class='ocrx_word' id='word_1_320' title='bbox 1051 3417 1315 3486; x_wconf 82' lang='grc' dir='ltr'>ἀκούσῃς,</span> <span class='ocrx_word' id='word_1_321' title='bbox 1342 3417 1436 3468; x_wconf 76' lang='grc' dir='ltr'>καὶ</span> <span class='ocrx_word' id='word_1_322' title='bbox 1473 3415 1547 3486; x_wconf 85' lang='grc' dir='ltr'>μὴ</span> <span class='ocrx_word' id='word_1_323' title='bbox 1573 3417 1706 3489; x_wconf 83' lang='grc' dir='ltr'>πρὸς</span> <span class='ocrx_word' id='word_1_324' title='bbox 1732 3419 1940 3470; x_wconf 90' lang='grc' dir='ltr'>ἐκεῖνον</span> <span class='ocrx_word' id='word_1_325' title='bbox 1971 3417 2068 3486; x_wconf 90' lang='grc' dir='ltr'>μό-</span> 
     </span>
    </p>
   </div>
   <div class='ocr_carea' id='block_1_41' title="bbox 484 3498 2066 3570">
    <p class='ocr_par' dir='ltr' id='par_1_41' title="bbox 484 3498 2066 3570">
     <span class='ocr_line' id='line_1_44' title="bbox 484 3498 2066 3570; baseline -0.004 -15"><span class='ocrx_word' id='word_1_326' title='bbox 484 3520 595 3565; x_wconf 89' lang='grc' dir='ltr'>νον,</span> <span class='ocrx_word' id='word_1_327' title='bbox 634 3501 769 3554; x_wconf 86' lang='grc' dir='ltr'>ἀλλά</span> <span class='ocrx_word' id='word_1_328' title='bbox 806 3501 900 3554; x_wconf 64' lang='grc' dir='ltr'>καὶ⁸</span> <span class='ocrx_word' id='word_1_329' title='bbox 933 3499 1071 3570; x_wconf 71' lang='grc' dir='ltr'>πρὸς</span> <span class='ocrx_word' id='word_1_330' title='bbox 1105 3499 1302 3552; x_wconf 74' lang='grc' dir='ltr'>σαυτὸν</span> <span class='ocrx_word' id='word_1_331' title='bbox 1332 3498 1553 3570; x_wconf 78' lang='grc' dir='ltr'>διαλέγῃ</span> <span class='ocrx_word' id='word_1_332' title='bbox 1602 3499 1671 3552; x_wconf 88' lang='grc' dir='ltr'>τὰ</span> <span class='ocrx_word' id='word_1_333' title='bbox 1722 3499 1818 3552; x_wconf 88' lang='grc' dir='ltr'>τοῦ</span> <span class='ocrx_word' id='word_1_334' title='bbox 1855 3498 2066 3552; x_wconf 79' lang='grc' dir='ltr'>Παύλου</span> 
     </span>
    </p>
   </div>
   <div class='ocr_carea' id='block_1_42' title="bbox 487 3581 2067 3656">
    <p class='ocr_par' dir='ltr' id='par_1_42' title="bbox 487 3581 2067 3656">
     <span class='ocr_line' id='line_1_45' title="bbox 487 3581 2067 3656; baseline -0.001 -18"><span class='ocrx_word' id='word_1_335' title='bbox 487 3587 728 3656; x_wconf 76' lang='grc' dir='ltr'>ῥήματα.</span> <span class='ocrx_word' id='word_1_336' title='bbox 759 3585 823 3637; x_wconf 86' lang='grc' dir='ltr'><strong>Οἱ</strong></span> <span class='ocrx_word' id='word_1_337' title='bbox 874 3582 984 3654; x_wconf 83' lang='grc' dir='ltr'>γὰρ</span> <span class='ocrx_word' id='word_1_338' title='bbox 1011 3582 1107 3635; x_wconf 90' lang='grc' dir='ltr'>τοῦ</span> <span class='ocrx_word' id='word_1_339' title='bbox 1136 3581 1352 3635; x_wconf 87' lang='grc' dir='ltr'>Παύλου</span> <span class='ocrx_word' id='word_1_340' title='bbox 1388 3581 1543 3652; x_wconf 85' lang='grc' dir='ltr'>νόμοι</span> <span class='ocrx_word' id='word_1_341' title='bbox 1569 3583 1690 3652; x_wconf 81' lang='grc' dir='ltr'>οὐχὶ</span> <span class='ocrx_word' id='word_1_342' title='bbox 1727 3585 1842 3646; x_wconf 90' lang='grc' dir='ltr'>τοῖς</span> <span class='ocrx_word' id='word_1_343' title='bbox 1872 3583 2067 3653; x_wconf 85' lang='grc' dir='ltr'>πένησι</span> 
     </span>
    </p>
   </div>
   <div class='ocr_carea' id='block_1_43' title="bbox 489 3664 2068 3741">
    <p class='ocr_par' dir='ltr' id='par_1_43' title="bbox 489 3664 2068 3741">
     <span class='ocr_line' id='line_1_46' title="bbox 489 3664 2068 3741; baseline -0.003 -20"><span class='ocrx_word' id='word_1_344' title='bbox 489 3669 672 3741; x_wconf 87' lang='grc' dir='ltr'>μόνον,</span> <span class='ocrx_word' id='word_1_345' title='bbox 713 3666 849 3719; x_wconf 89' lang='grc' dir='ltr'>ἀλλά</span> <span class='ocrx_word' id='word_1_346' title='bbox 874 3667 968 3718; x_wconf 71' lang='grc' dir='ltr'>καὶ</span> <span class='ocrx_word' id='word_1_347' title='bbox 1001 3666 1133 3736; x_wconf 85' lang='grc' dir='ltr'>ἡμῖν</span> <span class='ocrx_word' id='word_1_348' title='bbox 1157 3667 1388 3718; x_wconf 88' lang='grc' dir='ltr'>κεῖνται.</span> <span class='ocrx_word' id='word_1_349' title='bbox 1424 3666 1578 3716; x_wconf 74' lang='grc' dir='ltr'>Εἴπω</span> <span class='ocrx_word' id='word_1_350' title='bbox 1605 3681 1657 3716; x_wconf 92' lang='grc' dir='ltr'>τι</span> <span class='ocrx_word' id='word_1_351' title='bbox 1685 3664 1940 3734; x_wconf 83' lang='grc' dir='ltr'>φορτικὸν</span> <span class='ocrx_word' id='word_1_352' title='bbox 1974 3666 2068 3719; x_wconf 77' lang='grc' dir='ltr'>καὶ</span> 
     </span>
    </p>
   </div>
   <div class='ocr_carea' id='block_1_44' title="bbox 490 3745 2068 3820">
    <p class='ocr_par' dir='ltr' id='par_1_44' title="bbox 490 3745 2068 3820">
     <span class='ocr_line' id='line_1_47' title="bbox 490 3745 2068 3820; baseline -0.001 -18"><span class='ocrx_word' id='word_1_353' title='bbox 490 3749 755 3820; x_wconf 89' lang='grc' dir='ltr'>ἐπαχθές·</span> <span class='ocrx_word' id='word_1_354' title='bbox 797 3745 914 3802; x_wconf 79' lang='grc' dir='ltr'>οἶδα</span> <span class='ocrx_word' id='word_1_355' title='bbox 952 3748 1050 3816; x_wconf 87' lang='grc' dir='ltr'>μὲν</span> <span class='ocrx_word' id='word_1_356' title='bbox 1084 3749 1166 3801; x_wconf 85' lang='grc' dir='ltr'>ὅτι</span> <span class='ocrx_word' id='word_1_357' title='bbox 1211 3747 1520 3818; x_wconf 85' lang='grc' dir='ltr'>ὀργιεῖσθε·</span> <span class='ocrx_word' id='word_1_358' title='bbox 1570 3747 1709 3818; x_wconf 80' lang='grc' dir='ltr'>πλὴν</span> <span class='ocrx_word' id='word_1_359' title='bbox 1757 3747 1870 3801; x_wconf 85' lang='grc' dir='ltr'>ἀλλ’</span> <span class='ocrx_word' id='word_1_360' title='bbox 1918 3749 2068 3818; x_wconf 77' lang='grc' dir='ltr'>ὅμως</span> 
     </span>
    </p>
   </div>
   <div class='ocr_carea' id='block_1_45' title="bbox 488 3829 2066 3902">
    <p class='ocr_par' dir='ltr' id='par_1_45' title="bbox 488 3829 2066 3902">
     <span class='ocr_line' id='line_1_48' title="bbox 488 3829 2066 3902; baseline -0.001 -18"><span class='ocrx_word' id='word_1_361' title='bbox 488 3834 630 3902; x_wconf 79' lang='grc' dir='ltr'>ἐρῶο</span> <span class='ocrx_word' id='word_1_362' title='bbox 663 3831 787 3884; x_wconf 83' lang='grc' dir='ltr'>οὐδέ</span> <span class='ocrx_word' id='word_1_363' title='bbox 833 3831 944 3900; x_wconf 74' lang='grc' dir='ltr'>γάρ</span> <span class='ocrx_word' id='word_1_364' title='bbox 986 3831 1127 3884; x_wconf 81' lang='grc' dir='ltr'>ὥστε</span> <span class='ocrx_word' id='word_1_365' title='bbox 1167 3829 1391 3900; x_wconf 81' lang='grc' dir='ltr'>πλῆξαι,</span> <span class='ocrx_word' id='word_1_366' title='bbox 1436 3830 1550 3884; x_wconf 82' lang='grc' dir='ltr'>ἀλλ’</span> <span class='ocrx_word' id='word_1_367' title='bbox 1602 3832 1743 3884; x_wconf 83' lang='grc' dir='ltr'>ὥστε</span> <span class='ocrx_word' id='word_1_368' title='bbox 1777 3829 2066 3902; x_wconf 83' lang='grc' dir='ltr'>διορθῶσαι</span> 
     </span>
    </p>
   </div>
   <div class='ocr_carea' id='block_1_46' title="bbox 483 3914 2069 3986">
    <p class='ocr_par' dir='ltr' id='par_1_46' title="bbox 483 3914 2069 3986">
     <span class='ocr_line' id='line_1_49' title="bbox 483 3914 2069 3986; baseline -0.001 -17"><span class='ocrx_word' id='word_1_369' title='bbox 483 3914 643 3971; x_wconf 87' lang='grc' dir='ltr'>τοῦτο</span> <span class='ocrx_word' id='word_1_370' title='bbox 672 3915 836 3983; x_wconf 87' lang='grc' dir='ltr'>λέγω.</span> <span class='ocrx_word' id='word_1_371' title='bbox 865 3915 1088 3977; x_wconf 87' lang='grc' dir='ltr'>Τούτοις</span> <span class='ocrx_word' id='word_1_372' title='bbox 1116 3914 1214 3984; x_wconf 84' lang='grc' dir='ltr'>μὲν</span> <span class='ocrx_word' id='word_1_373' title='bbox 1233 3914 1430 3985; x_wconf 87' lang='grc' dir='ltr'>ἀργίαν</span> <span class='ocrx_word' id='word_1_374' title='bbox 1451 3915 1808 3986; x_wconf 82' lang='grc' dir='ltr'>ἐγκαλοῦμεν,</span> <span class='ocrx_word' id='word_1_375' title='bbox 1834 3916 2069 3984; x_wconf 83' lang='grc' dir='ltr'>πρᾶγμα</span> 
     </span>
    </p>
   </div>
   <div class='ocr_carea' id='block_1_47' title="bbox 485 3997 2067 4070">
    <p class='ocr_par' dir='ltr' id='par_1_47' title="bbox 485 3997 2067 4070">
     <span class='ocr_line' id='line_1_50' title="bbox 485 3997 2067 4070; baseline -0.002 -16"><span class='ocrx_word' id='word_1_376' title='bbox 485 4001 580 4054; x_wconf 75' lang='grc' dir='ltr'>καὶ</span> <span class='ocrx_word' id='word_1_377' title='bbox 607 3998 938 4069; x_wconf 83' lang='grc' dir='ltr'>συγγνώμης</span> <span class='ocrx_word' id='word_1_378' title='bbox 962 3999 1220 4061; x_wconf 86' lang='grc' dir='ltr'>πολλάκις</span> <span class='ocrx_word' id='word_1_379' title='bbox 1253 3997 1402 4062; x_wconf 79' lang='grc' dir='ltr'>ἄξιον</span> <span class='ocrx_word' id='word_1_380' title='bbox 1419 4015 1432 4028; x_wconf 89' lang='grc'><strong>·</strong></span> <span class='ocrx_word' id='word_1_381' title='bbox 1456 4000 1610 4052; x_wconf 69' lang='grc' dir='ltr'>αὐτοὶ</span> <span class='ocrx_word' id='word_1_382' title='bbox 1637 3999 1692 4053; x_wconf 83' lang='grc' dir='ltr'>δὲ</span> <span class='ocrx_word' id='word_1_383' title='bbox 1722 3999 2067 4070; x_wconf 79' lang='grc' dir='ltr'>ἐργαζόμεθα</span> 
     </span>
    </p>
   </div>
   <div class='ocr_carea' id='block_1_48' title="bbox 484 4083 2062 4155">
    <p class='ocr_par' dir='ltr' id='par_1_48' title="bbox 484 4083 2062 4155">
     <span class='ocr_line' id='line_1_51' title="bbox 484 4083 2062 4155; baseline -0.001 -17"><span class='ocrx_word' id='word_1_384' title='bbox 484 4084 709 4138; x_wconf 86' lang='grc' dir='ltr'>τοιαῦτα</span> <span class='ocrx_word' id='word_1_385' title='bbox 739 4084 1022 4146; x_wconf 84' lang='grc' dir='ltr'>πολλάκις,</span> <span class='ocrx_word' id='word_1_386' title='bbox 1052 4083 1088 4136; x_wconf 82' lang='grc' dir='ltr'>ἀ</span> <span class='ocrx_word' id='word_1_387' title='bbox 1116 4084 1297 4153; x_wconf 82' lang='grc' dir='ltr'>πάσης</span> <span class='ocrx_word' id='word_1_388' title='bbox 1325 4084 1523 4154; x_wconf 86' lang='grc' dir='ltr'>ἀργίας</span> <span class='ocrx_word' id='word_1_389' title='bbox 1545 4085 1661 4137; x_wconf 73' lang='grc' dir='ltr'>ἐστὶ</span> <span class='ocrx_word' id='word_1_390' title='bbox 1683 4083 2062 4155; x_wconf 81' lang='grc' dir='ltr'>χαλεπώτερα.</span> 
     </span>
    </p>
   </div>
   <div class='ocr_carea' id='block_1_49' title="bbox 496 4165 2067 4237">
    <p class='ocr_par' dir='ltr' id='par_1_49' title="bbox 496 4165 2067 4237">
     <span class='ocr_line' id='line_1_52' title="bbox 496 4165 2067 4237; baseline -0.001 -17"><span class='ocrx_word' id='word_1_391' title='bbox 496 4168 638 4220; x_wconf 79' lang='grc' dir='ltr'>Ἀλλ’</span> <span class='ocrx_word' id='word_1_392' title='bbox 670 4166 780 4234; x_wconf 83' lang='grc' dir='ltr'>ἐγὼ</span> <span class='ocrx_word' id='word_1_393' title='bbox 833 4166 1087 4236; x_wconf 76' lang='grc' dir='ltr'>πατρῷον</span> <span class='ocrx_word' id='word_1_394' title='bbox 1118 4166 1226 4236; x_wconf 84' lang='grc' dir='ltr'>ἐχω</span> <span class='ocrx_word' id='word_1_395' title='bbox 1275 4165 1496 4237; x_wconf 74' lang='grc' dir='ltr'>κλῆρον,</span> <span class='ocrx_word' id='word_1_396' title='bbox 1552 4167 1736 4237; x_wconf 87' lang='grc' dir='ltr'>φησίν.</span> <span class='ocrx_word' id='word_1_397' title='bbox 1792 4168 1942 4220; x_wconf 77' lang='grc' dir='ltr'>Ἐπεὶ</span> <span class='ocrx_word' id='word_1_398' title='bbox 1974 4165 2067 4221; x_wconf 78' lang='grc' dir='ltr'>οὖν</span> 
     </span>
    </p>
   </div>
   <div class='ocr_carea' id='block_1_50' title="bbox 484 4247 2070 4322">
    <p class='ocr_par' dir='ltr' id='par_1_50' title="bbox 484 4247 2070 4322">
     <span class='ocr_line' id='line_1_53' title="bbox 484 4247 2070 4322; baseline 0.001 -19"><span class='ocrx_word' id='word_1_399' title='bbox 484 4247 639 4313; x_wconf 73' lang='grc' dir='ltr'>οὗτος</span> <span class='ocrx_word' id='word_1_400' title='bbox 667 4251 835 4320; x_wconf 84' lang='grc' dir='ltr'>πένης</span> <span class='ocrx_word' id='word_1_401' title='bbox 865 4251 1005 4316; x_wconf 74' lang='grc' dir='ltr'>ἐστὶ,</span> <span class='ocrx_word' id='word_1_402' title='bbox 1031 4251 1124 4303; x_wconf 68' lang='grc' dir='ltr'>καὶ</span> <span class='ocrx_word' id='word_1_403' title='bbox 1153 4252 1215 4303; x_wconf 92' lang='grc' dir='ltr'>ἐκ</span> <span class='ocrx_word' id='word_1_404' title='bbox 1244 4251 1517 4320; x_wconf 84' lang='grc' dir='ltr'>πενήτων,</span> <span class='ocrx_word' id='word_1_405' title='bbox 1549 4251 1643 4303; x_wconf 75' lang='grc' dir='ltr'>καὶ</span> <span class='ocrx_word' id='word_1_406' title='bbox 1670 4251 1770 4304; x_wconf 92' lang='grc' dir='ltr'>οὐκ</span> <span class='ocrx_word' id='word_1_407' title='bbox 1791 4250 1916 4321; x_wconf 79' lang='grc' dir='ltr'>ἔσχε</span> <span class='ocrx_word' id='word_1_408' title='bbox 1938 4269 2070 4322; x_wconf 88' lang='grc' dir='ltr'>προ-</span> 
     </span>
    </p>
   </div>
   <div class='ocr_carea' id='block_1_51' title="bbox 485 4332 2064 4404">
    <p class='ocr_par' dir='ltr' id='par_1_51' title="bbox 485 4332 2064 4404">
     <span class='ocr_line' id='line_1_54' title="bbox 485 4332 2064 4404; baseline 0 -18"><span class='ocrx_word' id='word_1_409' title='bbox 485 4335 675 4400; x_wconf 88' lang='grc' dir='ltr'>γόνους</span> <span class='ocrx_word' id='word_1_410' title='bbox 701 4334 992 4404; x_wconf 82' lang='grc' dir='ltr'>εὐπόρους,</span> <span class='ocrx_word' id='word_1_411' title='bbox 1021 4332 1360 4386; x_wconf 87' lang='grc' dir='ltr'>ἀπόλλυσθαι</span> <span class='ocrx_word' id='word_1_412' title='bbox 1403 4333 1632 4396; x_wconf 85' lang='grc' dir='ltr'>δίκαιος,</span> <span class='ocrx_word' id='word_1_413' title='bbox 1663 4334 1785 4386; x_wconf 84' lang='grc' dir='ltr'>είπέ</span> <span class='ocrx_word' id='word_1_414' title='bbox 1830 4351 1957 4402; x_wconf 72' lang='grc' dir='ltr'>μοις</span> <span class='ocrx_word' id='word_1_415' title='bbox 1989 4336 2064 4386; x_wconf 88' lang='grc' dir='ltr'>Δι’</span> 
     </span>
    </p>
   </div>
   <div class='ocr_carea' id='block_1_52' title="bbox 485 4413 2071 4486">
    <p class='ocr_par' dir='ltr' id='par_1_52' title="bbox 485 4413 2071 4486">
     <span class='ocr_line' id='line_1_55' title="bbox 485 4413 2071 4486; baseline -0.001 -17"><span class='ocrx_word' id='word_1_416' title='bbox 485 4417 620 4469; x_wconf 75' lang='grc' dir='ltr'>αὐτὸ</span> <span class='ocrx_word' id='word_1_417' title='bbox 653 4416 752 4486; x_wconf 80' lang='grc' dir='ltr'>μὲν</span> <span class='ocrx_word' id='word_1_418' title='bbox 778 4413 872 4468; x_wconf 81' lang='grc' dir='ltr'>οὖν</span> <span class='ocrx_word' id='word_1_419' title='bbox 899 4414 1058 4468; x_wconf 86' lang='grc' dir='ltr'>τοῦτο</span> <span class='ocrx_word' id='word_1_420' title='bbox 1089 4416 1322 4486; x_wconf 86' lang='grc' dir='ltr'>μάλιστα</span> <span class='ocrx_word' id='word_1_421' title='bbox 1349 4417 1616 4470; x_wconf 71' lang='grc' dir='ltr'>ἐλεεῖσθαι</span> <span class='ocrx_word' id='word_1_422' title='bbox 1651 4417 1744 4470; x_wconf 72' lang='grc' dir='ltr'>καὶ</span> <span class='ocrx_word' id='word_1_423' title='bbox 1771 4418 2071 4470; x_wconf 83' lang='grc' dir='ltr'>κατοικτεί-</span> 
     </span>
    </p>
   </div>
   <div class='ocr_carea' id='block_1_53' title="bbox 488 4498 2070 4572">
    <p class='ocr_par' dir='ltr' id='par_1_53' title="bbox 488 4498 2070 4572">
     <span class='ocr_line' id='line_1_56' title="bbox 488 4498 2070 4572; baseline 0.001 -20"><span class='ocrx_word' id='word_1_424' title='bbox 488 4498 681 4572; x_wconf 81' lang='grc' dir='ltr'>ρεσθαι</span> <span class='ocrx_word' id='word_1_425' title='bbox 721 4499 870 4564; x_wconf 80' lang='grc' dir='ltr'>ἄξιος</span> <span class='ocrx_word' id='word_1_426' title='bbox 901 4499 967 4552; x_wconf 85' lang='grc' dir='ltr'>ἂν</span> <span class='ocrx_word' id='word_1_427' title='bbox 999 4500 1084 4568; x_wconf 74' lang='grc' dir='ltr'>εἴη</span> <span class='ocrx_word' id='word_1_428' title='bbox 1126 4498 1279 4570; x_wconf 87' lang='grc' dir='ltr'>παρά</span> <span class='ocrx_word' id='word_1_429' title='bbox 1303 4499 1411 4552; x_wconf 87' lang='grc' dir='ltr'>τῶν</span> <span class='ocrx_word' id='word_1_430' title='bbox 1444 4500 1694 4569; x_wconf 85' lang='grc' dir='ltr'>ἐχόντων.</span> <span class='ocrx_word' id='word_1_431' title='bbox 1728 4500 1799 4552; x_wconf 74' lang='grc' dir='ltr'>Σὺ</span> <span class='ocrx_word' id='word_1_432' title='bbox 1829 4500 1930 4569; x_wconf 82' lang='grc' dir='ltr'>μὲν</span> <span class='ocrx_word' id='word_1_433' title='bbox 1959 4501 2070 4571; x_wconf 83' lang='grc' dir='ltr'>γὰρ</span> 
     </span>
    </p>
   </div>
   <div class='ocr_carea' id='block_1_54' title="bbox 486 4581 2069 4657">
    <p class='ocr_par' dir='ltr' id='par_1_54' title="bbox 486 4581 2069 4657">
     <span class='ocr_line' id='line_1_57' title="bbox 486 4581 2069 4657; baseline 0.001 -20"><span class='ocrx_word' id='word_1_434' title='bbox 486 4584 752 4646; x_wconf 79' lang='grc' dir='ltr'>πολλάκις</span> <span class='ocrx_word' id='word_1_435' title='bbox 779 4581 1122 4655; x_wconf 86' lang='grc' dir='ltr'>διημερεύων</span> <span class='ocrx_word' id='word_1_436' title='bbox 1150 4582 1249 4654; x_wconf 79' lang='grc' dir='ltr'>τὴν</span> <span class='ocrx_word' id='word_1_437' title='bbox 1276 4584 1491 4655; x_wconf 81' lang='grc' dir='ltr'>ἡμέραν</span> <span class='ocrx_word' id='word_1_438' title='bbox 1526 4587 1583 4636; x_wconf 90' lang='grc' dir='ltr'>ἐν</span> <span class='ocrx_word' id='word_1_439' title='bbox 1626 4585 1895 4657; x_wconf 86' lang='grc' dir='ltr'>θεάτροις,</span> <span class='ocrx_word' id='word_1_440' title='bbox 1930 4585 1962 4656; x_wconf 80' lang='grc' dir='ltr'>ἢ</span> <span class='ocrx_word' id='word_1_441' title='bbox 2011 4588 2069 4638; x_wconf 91' lang='grc' dir='ltr'>ἐν</span> 
     </span>
    </p>
   </div>
   <div class='ocr_carea' id='block_1_55' title="bbox 488 4665 2068 4738">
    <p class='ocr_par' dir='ltr' id='par_1_55' title="bbox 488 4665 2068 4738">
     <span class='ocr_line' id='line_1_58' title="bbox 488 4665 2068 4738; baseline 0.001 -18"><span class='ocrx_word' id='word_1_442' title='bbox 488 4667 790 4738; x_wconf 86' lang='grc' dir='ltr'>συνεδρίοις</span> <span class='ocrx_word' id='word_1_443' title='bbox 829 4667 924 4720; x_wconf 73' lang='grc' dir='ltr'>καὶ</span> <span class='ocrx_word' id='word_1_444' title='bbox 959 4665 1240 4734; x_wconf 89' lang='grc' dir='ltr'>συλλόγοις</span> <span class='ocrx_word' id='word_1_445' title='bbox 1286 4667 1437 4721; x_wconf 83' lang='grc' dir='ltr'>οὐδὲν</span> <span class='ocrx_word' id='word_1_446' title='bbox 1485 4667 1669 4738; x_wconf 79' lang='grc' dir='ltr'>ἔχουσι</span> <span class='ocrx_word' id='word_1_447' title='bbox 1721 4668 1933 4738; x_wconf 81' lang='grc' dir='ltr'>κέρδος,</span> <span class='ocrx_word' id='word_1_448' title='bbox 1974 4670 2068 4722; x_wconf 79' lang='grc' dir='ltr'>καὶ</span> 
     </span>
    </p>
   </div>
   <div class='ocr_carea' id='block_1_56' title="bbox 489 4749 2066 4822">
    <p class='ocr_par' dir='ltr' id='par_1_56' title="bbox 489 4749 2066 4822">
     <span class='ocr_line' id='line_1_59' title="bbox 489 4749 2066 4822; baseline 0.001 -20"><span class='ocrx_word' id='word_1_449' title='bbox 489 4751 706 4822; x_wconf 88' lang='grc' dir='ltr'>μυρίοις</span> <span class='ocrx_word' id='word_1_450' title='bbox 735 4750 909 4818; x_wconf 88' lang='grc' dir='ltr'>λέγων</span> <span class='ocrx_word' id='word_1_451' title='bbox 943 4749 1155 4812; x_wconf 86' lang='grc' dir='ltr'>κακῶς,</span> <span class='ocrx_word' id='word_1_452' title='bbox 1185 4749 1337 4802; x_wconf 78' lang='grc' dir='ltr'>οὐδὲν</span> <span class='ocrx_word' id='word_1_453' title='bbox 1366 4752 1476 4821; x_wconf 80' lang='grc' dir='ltr'>ἡγῇ</span> <span class='ocrx_word' id='word_1_454' title='bbox 1509 4753 1681 4803; x_wconf 85' lang='grc' dir='ltr'>ποιεῖν</span> <span class='ocrx_word' id='word_1_455' title='bbox 1719 4750 1914 4811; x_wconf 84' lang='grc' dir='ltr'>δεινὸν,</span> <span class='ocrx_word' id='word_1_456' title='bbox 1945 4751 2066 4804; x_wconf 87' lang='grc' dir='ltr'>οὐδέ</span> 
     </span>
    </p>
   </div>
   <div class='ocr_carea' id='block_1_57' title="bbox 485 4832 2067 4906">
    <p class='ocr_par' dir='ltr' id='par_1_57' title="bbox 485 4832 2067 4906">
     <span class='ocr_line' id='line_1_60' title="bbox 485 4832 2067 4906; baseline 0.001 -20"><span class='ocrx_word' id='word_1_457' title='bbox 485 4837 678 4904; x_wconf 79' lang='grc' dir='ltr'>ἀργεῖν</span> <span class='ocrx_word' id='word_1_458' title='bbox 697 4850 710 4864; x_wconf 87' lang='grc'><strong>·</strong></span> <span class='ocrx_word' id='word_1_459' title='bbox 745 4834 839 4886; x_wconf 81' lang='grc' dir='ltr'>τὸν</span> <span class='ocrx_word' id='word_1_460' title='bbox 873 4833 928 4886; x_wconf 85' lang='grc' dir='ltr'>δὲ</span> <span class='ocrx_word' id='word_1_461' title='bbox 958 4832 1142 4886; x_wconf 79' lang='grc' dir='ltr'>ἄθλιον</span> <span class='ocrx_word' id='word_1_462' title='bbox 1172 4833 1360 4886; x_wconf 85' lang='grc' dir='ltr'>τοῦτον</span> <span class='ocrx_word' id='word_1_463' title='bbox 1395 4835 1489 4886; x_wconf 68' lang='grc' dir='ltr'>καὶ</span> <span class='ocrx_word' id='word_1_464' title='bbox 1513 4833 1859 4906; x_wconf 87' lang='grc' dir='ltr'>ταλαίπωρον</span> <span class='ocrx_word' id='word_1_465' title='bbox 1886 4837 2067 4888; x_wconf 75' lang='grc' dir='ltr'>πᾶσαν</span> 
     </span>
    </p>
   </div>
   <div class='ocr_carea' id='block_1_58' title="bbox 485 4917 2067 4988">
    <p class='ocr_par' dir='ltr' id='par_1_58' title="bbox 485 4917 2067 4988">
     <span class='ocr_line' id='line_1_61' title="bbox 485 4917 2067 4988; baseline 0 -18"><span class='ocrx_word' id='word_1_466' title='bbox 485 4917 848 4971; x_wconf 83' lang='grc' dir='ltr'>ἀναλίσκοντα</span> <span class='ocrx_word' id='word_1_467' title='bbox 872 4918 970 4988; x_wconf 84' lang='grc' dir='ltr'>τὴν</span> <span class='ocrx_word' id='word_1_468' title='bbox 997 4917 1212 4988; x_wconf 80' lang='grc' dir='ltr'>ἡμέραν</span> <span class='ocrx_word' id='word_1_469' title='bbox 1241 4917 1296 4968; x_wconf 91' lang='grc' dir='ltr'>ἐν</span> <span class='ocrx_word' id='word_1_470' title='bbox 1341 4917 1664 4988; x_wconf 79' lang='grc' dir='ltr'>ἱκετηρίαις,</span> <span class='ocrx_word' id='word_1_471' title='bbox 1701 4920 1758 4969; x_wconf 90' lang='grc' dir='ltr'>ἐν</span> <span class='ocrx_word' id='word_1_472' title='bbox 1783 4917 2067 4988; x_wconf 84' lang='grc' dir='ltr'>δάκρυσιν,</span> 
     </span>
    </p>
   </div>
   <div class='ocr_carea' id='block_1_59' title="bbox 487 5000 2072 5074">
    <p class='ocr_par' dir='ltr' id='par_1_59' title="bbox 487 5000 2072 5074">
     <span class='ocr_line' id='line_1_62' title="bbox 487 5000 2072 5074; baseline 0.001 -21"><span class='ocrx_word' id='word_1_473' title='bbox 487 5002 547 5053; x_wconf 76' lang='grc' dir='ltr'>ἐν</span> <span class='ocrx_word' id='word_1_474' title='bbox 580 5001 750 5071; x_wconf 78' lang='grc' dir='ltr'>μυρίᾳ</span> <span class='ocrx_word' id='word_1_475' title='bbox 764 5000 1132 5071; x_wconf 81' lang='grc' dir='ltr'>ταλαιπωρίᾳ,</span> <span class='ocrx_word' id='word_1_476' title='bbox 1159 5000 1384 5071; x_wconf 88' lang='grc' dir='ltr'>κρίνεις,</span> <span class='ocrx_word' id='word_1_477' title='bbox 1422 5003 1515 5054; x_wconf 76' lang='grc' dir='ltr'>καὶ</span> <span class='ocrx_word' id='word_1_478' title='bbox 1545 5003 1624 5063; x_wconf 85' lang='grc' dir='ltr'>εἰς</span> <span class='ocrx_word' id='word_1_479' title='bbox 1648 5000 1798 5074; x_wconf 72' lang='grc'>1258]</span> <span class='ocrx_word' id='word_1_480' title='bbox 1820 5002 2072 5072; x_wconf 73' lang='grc' dir='ltr'>δικαστή-</span> 
     </span>
    </p>
   </div>
   <div class='ocr_carea' id='block_1_60' title="bbox 492 5082 2069 5155">
    <p class='ocr_par' dir='ltr' id='par_1_60' title="bbox 492 5082 2069 5155">
     <span class='ocr_line' id='line_1_63' title="bbox 492 5082 2069 5155; baseline 0.003 -21"><span class='ocrx_word' id='word_1_481' title='bbox 492 5099 606 5155; x_wconf 86' lang='grc' dir='ltr'>ριον</span> <span class='ocrx_word' id='word_1_482' title='bbox 649 5082 846 5145; x_wconf 71' lang='grc' dir='ltr'>ἐλκεις,</span> <span class='ocrx_word' id='word_1_483' title='bbox 879 5083 974 5136; x_wconf 72' lang='grc' dir='ltr'>καὶ</span> <span class='ocrx_word' id='word_1_484' title='bbox 1017 5083 1251 5144; x_wconf 82' lang='grc' dir='ltr'>εὐθύνας</span> <span class='ocrx_word' id='word_1_485' title='bbox 1286 5084 1568 5150; x_wconf 87' lang='grc' dir='ltr'>ἀπαιτεῖς;</span> <span class='ocrx_word' id='word_1_486' title='bbox 1602 5087 1710 5138; x_wconf 76' lang='grc' dir='ltr'>Καὶ</span> <span class='ocrx_word' id='word_1_487' title='bbox 1755 5086 1856 5138; x_wconf 91' lang='grc' dir='ltr'>ποῦ</span> <span class='ocrx_word' id='word_1_488' title='bbox 1894 5085 2069 5140; x_wconf 90' lang='grc' dir='ltr'>ταῦτα</span> 
     </span>
    </p>
   </div>
   <div class='ocr_carea' id='block_1_61' title="bbox 489 5163 2069 5240">
    <p class='ocr_par' dir='ltr' id='par_1_61' title="bbox 489 5163 2069 5240">
     <span class='ocr_line' id='line_1_64' title="bbox 489 5163 2069 5240; baseline 0.004 -24"><span class='ocrx_word' id='word_1_489' title='bbox 489 5163 714 5235; x_wconf 84' lang='grc' dir='ltr'>γνώμης</span> <span class='ocrx_word' id='word_1_490' title='bbox 738 5166 1102 5235; x_wconf 87' lang='grc' dir='ltr'>ἀνθρωπίνης,</span> <span class='ocrx_word' id='word_1_491' title='bbox 1135 5166 1254 5219; x_wconf 85' lang='grc' dir='ltr'>εἰπέ</span> <span class='ocrx_word' id='word_1_492' title='bbox 1287 5183 1406 5236; x_wconf 74' lang='grc' dir='ltr'>μοις</span> <span class='ocrx_word' id='word_1_493' title='bbox 1435 5169 1595 5221; x_wconf 82' lang='grc' dir='ltr'>Ὥστε</span> <span class='ocrx_word' id='word_1_494' title='bbox 1631 5170 1757 5222; x_wconf 78' lang='grc' dir='ltr'>ὅταν</span> <span class='ocrx_word' id='word_1_495' title='bbox 1782 5169 1968 5240; x_wconf 76' lang='grc' dir='ltr'>λέγῃς,</span> <span class='ocrx_word' id='word_1_496' title='bbox 2005 5171 2069 5222; x_wconf 88' lang='grc' dir='ltr'>Τί</span> 
     </span>
    </p>
   </div>
   <div class='ocr_carea' id='block_1_62' title="bbox 487 5245 2070 5322">
    <p class='ocr_par' dir='ltr' id='par_1_62' title="bbox 487 5245 2070 5322">
     <span class='ocr_line' id='line_1_65' title="bbox 487 5245 2070 5322; baseline 0.002 -21"><span class='ocrx_word' id='word_1_497' title='bbox 487 5245 582 5302; x_wconf 80' lang='grc' dir='ltr'>οὖν</span> <span class='ocrx_word' id='word_1_498' title='bbox 619 5246 852 5318; x_wconf 79' lang='grc' dir='ltr'>ἐροῦμεν</span> <span class='ocrx_word' id='word_1_499' title='bbox 877 5249 955 5319; x_wconf 83' lang='grc' dir='ltr'>τῷ</span> <span class='ocrx_word' id='word_1_500' title='bbox 996 5249 1224 5320; x_wconf 78' lang='grc' dir='ltr'>Παύλῳς</span> <span class='ocrx_word' id='word_1_501' title='bbox 1261 5251 1333 5320; x_wconf 88' lang='grc' dir='ltr'>μὴ</span> <span class='ocrx_word' id='word_1_502' title='bbox 1378 5254 1490 5314; x_wconf 90' lang='grc' dir='ltr'>τοῖς</span> <span class='ocrx_word' id='word_1_503' title='bbox 1544 5252 1787 5322; x_wconf 81' lang='grc' dir='ltr'>πένησιν,</span> <span class='ocrx_word' id='word_1_504' title='bbox 1816 5252 1954 5304; x_wconf 89' lang='grc' dir='ltr'>ἀλλά</span> <span class='ocrx_word' id='word_1_505' title='bbox 1976 5253 2070 5305; x_wconf 72' lang='grc' dir='ltr'>καὶ</span> 
     </span>
    </p>
   </div>
   <div class='ocr_carea' id='block_1_63' title="bbox 489 5329 2070 5406">
    <p class='ocr_par' dir='ltr' id='par_1_63' title="bbox 489 5329 2070 5406">
     <span class='ocr_line' id='line_1_66' title="bbox 489 5329 2070 5406; baseline 0.003 -22"><span class='ocrx_word' id='word_1_506' title='bbox 489 5329 673 5400; x_wconf 87' lang='grc' dir='ltr'>σαυτῷ</span> <span class='ocrx_word' id='word_1_507' title='bbox 704 5329 1084 5400; x_wconf 88' lang='grc' dir='ltr'>διαλεγόμενος</span> <span class='ocrx_word' id='word_1_508' title='bbox 1110 5332 1282 5386; x_wconf 89' lang='grc' dir='ltr'>ταῦτα</span> <span class='ocrx_word' id='word_1_509' title='bbox 1312 5333 1458 5400; x_wconf 87' lang='grc' dir='ltr'>λέγε.</span> <span class='ocrx_word' id='word_1_510' title='bbox 1496 5331 1706 5398; x_wconf 73' lang='grc' dir='ltr'>’Ἄλλως</span> <span class='ocrx_word' id='word_1_511' title='bbox 1733 5335 1810 5398; x_wconf 85' lang='grc' dir='ltr'>δὲ,</span> <span class='ocrx_word' id='word_1_512' title='bbox 1852 5335 1926 5406; x_wconf 85' lang='grc' dir='ltr'>μὴ</span> <span class='ocrx_word' id='word_1_513' title='bbox 1971 5335 2070 5406; x_wconf 81' lang='grc' dir='ltr'>τὴν</span> 
     </span>
    </p>
   </div>
   <div class='ocr_carea' id='block_1_64' title="bbox 487 5414 2069 5490">
    <p class='ocr_par' dir='ltr' id='par_1_64' title="bbox 487 5414 2069 5490">
     <span class='ocr_line' id='line_1_67' title="bbox 487 5414 2069 5490; baseline 0.003 -22"><span class='ocrx_word' id='word_1_514' title='bbox 487 5415 722 5484; x_wconf 81' lang='grc' dir='ltr'>ἀπειλὴν</span> <span class='ocrx_word' id='word_1_515' title='bbox 756 5414 1094 5481; x_wconf 88' lang='grc' dir='ltr'>ἀναγίνωσκε</span> <span class='ocrx_word' id='word_1_516' title='bbox 1117 5417 1295 5486; x_wconf 85' lang='grc' dir='ltr'>μόνον,</span> <span class='ocrx_word' id='word_1_517' title='bbox 1328 5416 1462 5470; x_wconf 81' lang='grc' dir='ltr'>ἀλλὰ</span> <span class='ocrx_word' id='word_1_518' title='bbox 1486 5419 1577 5471; x_wconf 73' lang='grc' dir='ltr'>καὶ</span> <span class='ocrx_word' id='word_1_519' title='bbox 1596 5418 1693 5489; x_wconf 76' lang='grc' dir='ltr'>τὴν</span> <span class='ocrx_word' id='word_1_520' title='bbox 1721 5419 2069 5490; x_wconf 83' lang='grc' dir='ltr'>συγγνώμην·</span> 
     </span>
    </p>
   </div>
   <div class='ocr_carea' id='block_1_65' title="bbox 487 5494 2069 5569">
    <p class='ocr_par' dir='ltr' id='par_1_65' title="bbox 487 5494 2069 5569">
     <span class='ocr_line' id='line_1_68' title="bbox 487 5494 2069 5569; baseline 0.002 -19"><span class='ocrx_word' id='word_1_521' title='bbox 487 5501 516 5550; x_wconf 83' lang='grc' dir='ltr'>ὁ</span> <span class='ocrx_word' id='word_1_522' title='bbox 553 5498 662 5566; x_wconf 76' lang='grc' dir='ltr'>γὰρ</span> <span class='ocrx_word' id='word_1_523' title='bbox 691 5494 881 5560; x_wconf 77' lang='grc' dir='ltr'>εἰπὼν,</span> <span class='ocrx_word' id='word_1_524' title='bbox 910 5498 984 5550; x_wconf 78' lang='grc' dir='ltr'>Εἴ</span> <span class='ocrx_word' id='word_1_525' title='bbox 1013 5515 1101 5564; x_wconf 83' lang='grc' dir='ltr'>τις</span> <span class='ocrx_word' id='word_1_526' title='bbox 1140 5497 1226 5566; x_wconf 79' lang='grc' dir='ltr'>μὴ</span> <span class='ocrx_word' id='word_1_527' title='bbox 1253 5498 1573 5568; x_wconf 73' lang='grc' dir='ltr'>ἐργάζεται,</span> <span class='ocrx_word' id='word_1_528' title='bbox 1619 5498 1776 5569; x_wconf 82' lang='grc' dir='ltr'>μηδὲ</span> <span class='ocrx_word' id='word_1_529' title='bbox 1804 5499 2069 5567; x_wconf 79' lang='grc' dir='ltr'>ἐσθιέτω,</span> 
     </span>
    </p>
   </div>
   <div class='ocr_carea' id='block_1_66' title="bbox 488 5581 2070 5652">
    <p class='ocr_par' dir='ltr' id='par_1_66' title="bbox 488 5581 2070 5652">
     <span class='ocr_line' id='line_1_69' title="bbox 488 5581 2070 5652; baseline 0.002 -19"><span class='ocrx_word' id='word_1_530' title='bbox 488 5581 833 5650; x_wconf 85' lang='grc' dir='ltr'>προσέθηκεν</span> <span class='ocrx_word' id='word_1_531' title='bbox 856 5595 870 5608; x_wconf 73' lang='grc'><strong>⁸</strong></span> <span class='ocrx_word' id='word_1_532' title='bbox 918 5582 1106 5649; x_wconf 83' lang='grc' dir='ltr'>Ὑμεῖς</span> <span class='ocrx_word' id='word_1_533' title='bbox 1139 5581 1228 5646; x_wconf 82' lang='grc' dir='ltr'>δὲ,</span> <span class='ocrx_word' id='word_1_534' title='bbox 1260 5584 1531 5652; x_wconf 61' lang='grc' dir='ltr'>ἀδελφοὶ,</span> <span class='ocrx_word' id='word_1_535' title='bbox 1565 5585 1651 5652; x_wconf 78' lang='grc' dir='ltr'>μὴ</span> <span class='ocrx_word' id='word_1_536' title='bbox 1690 5583 2070 5651; x_wconf 80' lang='grc' dir='ltr'>ἐκκακήσητε</span> 
     </span>
    </p>
   </div>
   <div class='ocr_carea' id='block_1_67' title="bbox 488 5663 2069 5737">
    <p class='ocr_par' dir='ltr' id='par_1_67' title="bbox 488 5663 2069 5737">
     <span class='ocr_line' id='line_1_70' title="bbox 488 5663 2069 5737; baseline 0.002 -22"><span class='ocrx_word' id='word_1_537' title='bbox 488 5666 555 5715; x_wconf 76' lang='grc' dir='ltr'>τὸ</span> <span class='ocrx_word' id='word_1_538' title='bbox 579 5667 770 5718; x_wconf 77' lang='grc' dir='ltr'>καλὸν</span> <span class='ocrx_word' id='word_1_539' title='bbox 793 5663 1125 5729; x_wconf 72' lang='grc' dir='ltr'>ποιοῦντες.</span> <span class='ocrx_word' id='word_1_540' title='bbox 1165 5665 1324 5718; x_wconf 81' lang='grc' dir='ltr'>Ἀλλά</span> <span class='ocrx_word' id='word_1_541' title='bbox 1342 5667 1424 5728; x_wconf 83' lang='grc' dir='ltr'>τίς</span> <span class='ocrx_word' id='word_1_542' title='bbox 1451 5667 1629 5719; x_wconf 79' lang='grc' dir='ltr'>αὐτῶν</span> <span class='ocrx_word' id='word_1_543' title='bbox 1651 5669 1682 5737; x_wconf 88' lang='grc' dir='ltr'>ἡ</span> <span class='ocrx_word' id='word_1_544' title='bbox 1715 5666 2069 5736; x_wconf 78' lang='grc' dir='ltr'>εὐπρόσωπος</span> 
     </span>
    </p>
   </div>
   <div class='ocr_carea' id='block_1_68' title="bbox 495 5752 2064 5828">
    <p class='ocr_par' dir='ltr' id='par_1_68' title="bbox 495 5752 2064 5828">
     <span class='ocr_line' id='line_1_71' title="bbox 495 5752 2064 5828; baseline 0.004 -26"><span class='ocrx_word' id='word_1_545' title='bbox 495 5752 809 5822; x_wconf 81' lang='grc' dir='ltr'>πρόφασις;</span> <span class='ocrx_word' id='word_1_546' title='bbox 870 5753 1147 5824; x_wconf 75' lang='grc' dir='ltr'>Δραπέται</span> <span class='ocrx_word' id='word_1_547' title='bbox 1199 5758 1340 5820; x_wconf 81' lang='grc' dir='ltr'>τινές</span> <span class='ocrx_word' id='word_1_548' title='bbox 1387 5757 1508 5821; x_wconf 79' lang='grc' dir='ltr'>εἰσι,</span> <span class='ocrx_word' id='word_1_549' title='bbox 1559 5758 1715 5828; x_wconf 76' lang='grc' dir='ltr'>φησὶ,</span> <span class='ocrx_word' id='word_1_550' title='bbox 1766 5758 1860 5810; x_wconf 76' lang='grc' dir='ltr'>καὶ</span> <span class='ocrx_word' id='word_1_551' title='bbox 1903 5755 2064 5824; x_wconf 81' lang='grc' dir='ltr'>ξένοι,</span> 
     </span>
    </p>
   </div>
   <div class='ocr_carea' id='block_1_69' title="bbox 3620 204 3730 268">
    <p class='ocr_par' dir='ltr' id='par_1_69' title="bbox 3620 204 3730 268">
     <span class='ocr_line' id='line_1_72' title="bbox 3620 204 3730 268; baseline -0.018 -1"><span class='ocrx_word' id='word_1_552' title='bbox 3620 204 3730 268; x_wconf 69' lang='grc' dir='ltr'>ετυ</span> 
     </span>
    </p>
   </div>
   <div class='ocr_carea' id='block_1_70' title="bbox 2161 325 3732 400">
    <p class='ocr_par' dir='ltr' id='par_1_70' title="bbox 2161 325 3732 400">
     <span class='ocr_line' id='line_1_73' title="bbox 2161 325 3732 400; baseline -0.003 -20"><span class='ocrx_word' id='word_1_553' title='bbox 2161 330 2254 382; x_wconf 77' lang='grc' dir='ltr'>καὶ</span> <span class='ocrx_word' id='word_1_554' title='bbox 2289 331 2589 400; x_wconf 82' lang='grc' dir='ltr'>μαστιγίαι,</span> <span class='ocrx_word' id='word_1_555' title='bbox 2623 332 2716 384; x_wconf 81' lang='grc' dir='ltr'>καὶ</span> <span class='ocrx_word' id='word_1_556' title='bbox 2740 329 2838 393; x_wconf 82' lang='grc' dir='ltr'>τὰς</span> <span class='ocrx_word' id='word_1_557' title='bbox 2872 330 3054 382; x_wconf 85' lang='grc' dir='ltr'>αὐτῶν</span> <span class='ocrx_word' id='word_1_558' title='bbox 3083 327 3312 396; x_wconf 76' lang='grc' dir='ltr'>ἀφέντες</span> <span class='ocrx_word' id='word_1_559' title='bbox 3336 325 3614 396; x_wconf 86' lang='grc' dir='ltr'>πατρίδας,</span> <span class='ocrx_word' id='word_1_560' title='bbox 3647 327 3732 387; x_wconf 82' lang='grc' dir='ltr'>είς</span> 
     </span>
    </p>
   </div>
   <div class='ocr_carea' id='block_1_71' title="bbox 2156 404 3729 485">
    <p class='ocr_par' dir='ltr' id='par_1_71' title="bbox 2156 404 3729 485">
     <span class='ocr_line' id='line_1_74' title="bbox 2156 404 3729 485; baseline -0.001 -23"><span class='ocrx_word' id='word_1_561' title='bbox 2156 413 2255 481; x_wconf 80' lang='grc' dir='ltr'>τὴν</span> <span class='ocrx_word' id='word_1_562' title='bbox 2284 414 2558 485; x_wconf 83' lang='grc' dir='ltr'>ἡμετέραν</span> <span class='ocrx_word' id='word_1_563' title='bbox 2589 415 2743 467; x_wconf 84' lang='grc' dir='ltr'>πόλιν</span> <span class='ocrx_word' id='word_1_564' title='bbox 2777 413 3090 484; x_wconf 78' lang='grc' dir='ltr'>συρῤέουσι.</span> <span class='ocrx_word' id='word_1_565' title='bbox 3136 411 3230 464; x_wconf 82' lang='grc' dir='ltr'>Διά</span> <span class='ocrx_word' id='word_1_566' title='bbox 3258 409 3416 462; x_wconf 90' lang='grc' dir='ltr'>τοῦτο</span> <span class='ocrx_word' id='word_1_567' title='bbox 3452 404 3544 462; x_wconf 83' lang='grc' dir='ltr'>οῦν</span> <span class='ocrx_word' id='word_1_568' title='bbox 3587 409 3729 475; x_wconf 86' lang='grc' dir='ltr'>ἀτα-</span> 
     </span>
    </p>
   </div>
   <div class='ocr_carea' id='block_1_72' title="bbox 2157 491 3732 568">
    <p class='ocr_par' dir='ltr' id='par_1_72' title="bbox 2157 491 3732 568">
     <span class='ocr_line' id='line_1_75' title="bbox 2157 491 3732 568; baseline -0.003 -20"><span class='ocrx_word' id='word_1_569' title='bbox 2157 501 2391 560; x_wconf 86' lang='grc' dir='ltr'>νακτεῖς,</span> <span class='ocrx_word' id='word_1_570' title='bbox 2447 497 2568 550; x_wconf 87' lang='grc' dir='ltr'>εἰπέ</span> <span class='ocrx_word' id='word_1_571' title='bbox 2618 515 2729 568; x_wconf 89' lang='grc' dir='ltr'>μοι,</span> <span class='ocrx_word' id='word_1_572' title='bbox 2777 497 2873 550; x_wconf 78' lang='grc' dir='ltr'>καὶ</span> <span class='ocrx_word' id='word_1_573' title='bbox 2923 495 3015 548; x_wconf 77' lang='grc' dir='ltr'>τὸν</span> <span class='ocrx_word' id='word_1_574' title='bbox 3068 494 3330 562; x_wconf 87' lang='grc' dir='ltr'>στέφανον</span> <span class='ocrx_word' id='word_1_575' title='bbox 3374 493 3468 561; x_wconf 82' lang='grc' dir='ltr'>τῆς</span> <span class='ocrx_word' id='word_1_576' title='bbox 3522 491 3732 553; x_wconf 85' lang='grc' dir='ltr'>πόλεως</span> 
     </span>
    </p>
   </div>
   <div class='ocr_carea' id='block_1_73' title="bbox 2156 570 3731 649">
    <p class='ocr_par' dir='ltr' id='par_1_73' title="bbox 2156 570 3731 649">
     <span class='ocr_line' id='line_1_76' title="bbox 2156 570 3731 649; baseline -0.004 -18"><span class='ocrx_word' id='word_1_577' title='bbox 2156 579 2463 643; x_wconf 85' lang='grc' dir='ltr'>διατίλλεις,</span> <span class='ocrx_word' id='word_1_578' title='bbox 2498 581 2578 632; x_wconf 82' lang='grc' dir='ltr'>ὅτι</span> <span class='ocrx_word' id='word_1_579' title='bbox 2619 578 3016 649; x_wconf 41' lang='grc' dir='ltr'>κοινὸνιλιμένα</span> <span class='ocrx_word' id='word_1_580' title='bbox 3051 577 3252 639; x_wconf 85' lang='grc' dir='ltr'>πάντες</span> <span class='ocrx_word' id='word_1_581' title='bbox 3275 575 3442 646; x_wconf 77' lang='grc' dir='ltr'>αὐτὴν</span> <span class='ocrx_word' id='word_1_582' title='bbox 3477 570 3614 626; x_wconf 72' lang='grc' dir='ltr'>εἶναι</span> <span class='ocrx_word' id='word_1_583' title='bbox 3639 590 3731 626; x_wconf 87' lang='grc' dir='ltr'>νο-</span> 
     </span>
    </p>
   </div>
   <div class='ocr_carea' id='block_1_74' title="bbox 2163 660 3735 734">
    <p class='ocr_par' dir='ltr' id='par_1_74' title="bbox 2163 660 3735 734">
     <span class='ocr_line' id='line_1_77' title="bbox 2163 660 3735 734; baseline -0.006 -16"><span class='ocrx_word' id='word_1_584' title='bbox 2163 664 2401 732; x_wconf 76' lang='grc' dir='ltr'>μίζουσι,</span> <span class='ocrx_word' id='word_1_585' title='bbox 2448 665 2673 734; x_wconf 76' lang='grc' dir='ltr'>καὶτῆς</span> <span class='ocrx_word' id='word_1_586' title='bbox 2707 662 3038 732; x_wconf 84' lang='grc' dir='ltr'>ἐνεγκούσης</span> <span class='ocrx_word' id='word_1_587' title='bbox 3084 661 3183 731; x_wconf 77' lang='grc' dir='ltr'>τὴν</span> <span class='ocrx_word' id='word_1_588' title='bbox 3214 660 3500 730; x_wconf 85' lang='grc' dir='ltr'>ἀλλοτρίαν</span> <span class='ocrx_word' id='word_1_589' title='bbox 3542 674 3735 730; x_wconf 79' lang='grc' dir='ltr'>προτιο</span> 
     </span>
    </p>
   </div>
   <div class='ocr_carea' id='block_1_75' title="bbox 2159 742 3735 820">
    <p class='ocr_par' dir='ltr' id='par_1_75' title="bbox 2159 742 3735 820">
     <span class='ocr_line' id='line_1_78' title="bbox 2159 742 3735 820; baseline -0.005 -20"><span class='ocrx_word' id='word_1_590' title='bbox 2159 747 2344 812; x_wconf 82' lang='grc' dir='ltr'>θέασι;</span> <span class='ocrx_word' id='word_1_591' title='bbox 2395 751 2492 803; x_wconf 86' lang='grc' dir='ltr'>Διά</span> <span class='ocrx_word' id='word_1_592' title='bbox 2529 749 2688 803; x_wconf 89' lang='grc' dir='ltr'>τοῦτο</span> <span class='ocrx_word' id='word_1_593' title='bbox 2720 750 2818 820; x_wconf 88' lang='grc' dir='ltr'>μέν</span> <span class='ocrx_word' id='word_1_594' title='bbox 2861 745 2953 803; x_wconf 77' lang='grc' dir='ltr'>οὖν</span> <span class='ocrx_word' id='word_1_595' title='bbox 2985 747 3316 815; x_wconf 85' lang='grc' dir='ltr'>ἀγάλλεσθαι</span> <span class='ocrx_word' id='word_1_596' title='bbox 3357 745 3463 797; x_wconf 76' lang='grc' dir='ltr'>ἔδει</span> <span class='ocrx_word' id='word_1_597' title='bbox 3491 743 3584 796; x_wconf 72' lang='grc' dir='ltr'>καὶ</span> <span class='ocrx_word' id='word_1_598' title='bbox 3612 742 3735 811; x_wconf 88' lang='grc' dir='ltr'>χαί-</span> 
     </span>
    </p>
   </div>
   <div class='ocr_carea' id='block_1_76' title="bbox 2161 826 3739 905">
    <p class='ocr_par' dir='ltr' id='par_1_76' title="bbox 2161 826 3739 905">
     <span class='ocr_line' id='line_1_79' title="bbox 2161 826 3739 905; baseline -0.004 -21"><span class='ocrx_word' id='word_1_599' title='bbox 2161 850 2298 904; x_wconf 83' lang='grc' dir='ltr'>ρειν,</span> <span class='ocrx_word' id='word_1_600' title='bbox 2333 834 2415 887; x_wconf 80' lang='grc' dir='ltr'>ὅτι</span> <span class='ocrx_word' id='word_1_601' title='bbox 2446 833 2695 905; x_wconf 88' lang='grc' dir='ltr'>καθάπερ</span> <span class='ocrx_word' id='word_1_602' title='bbox 2721 836 2801 896; x_wconf 87' lang='grc' dir='ltr'>είς</span> <span class='ocrx_word' id='word_1_603' title='bbox 2833 833 3009 886; x_wconf 82' lang='grc' dir='ltr'>κοινὸν</span> <span class='ocrx_word' id='word_1_604' title='bbox 3040 832 3304 902; x_wconf 80' lang='grc' dir='ltr'>ἐμπόριον</span> <span class='ocrx_word' id='word_1_605' title='bbox 3327 828 3428 891; x_wconf 89' lang='grc' dir='ltr'>τάς</span> <span class='ocrx_word' id='word_1_606' title='bbox 3465 826 3739 896; x_wconf 83' lang='grc' dir='ltr'>ὑμετέρας</span> 
     </span>
    </p>
   </div>
   <div class='ocr_carea' id='block_1_77' title="bbox 2159 905 3737 987">
    <p class='ocr_par' dir='ltr' id='par_1_77' title="bbox 2159 905 3737 987">
     <span class='ocr_line' id='line_1_80' title="bbox 2159 905 3737 987; baseline -0.006 -19"><span class='ocrx_word' id='word_1_607' title='bbox 2159 920 2348 986; x_wconf 88' lang='grc' dir='ltr'>χεῖρας</span> <span class='ocrx_word' id='word_1_608' title='bbox 2376 917 2660 987; x_wconf 80' lang='grc' dir='ltr'>τρέχουσιν</span> <span class='ocrx_word' id='word_1_609' title='bbox 2687 916 2945 978; x_wconf 78' lang='grc' dir='ltr'>ἅπαντες,</span> <span class='ocrx_word' id='word_1_610' title='bbox 2993 917 3086 968; x_wconf 78' lang='grc' dir='ltr'>καὶ</span> <span class='ocrx_word' id='word_1_611' title='bbox 3128 914 3342 984; x_wconf 88' lang='grc' dir='ltr'>μητέρα</span> <span class='ocrx_word' id='word_1_612' title='bbox 3369 911 3549 981; x_wconf 83' lang='grc' dir='ltr'>κοινὴν</span> <span class='ocrx_word' id='word_1_613' title='bbox 3596 905 3737 963; x_wconf 73' lang='grc' dir='ltr'>εἶναι</span> 
     </span>
    </p>
   </div>
   <div class='ocr_carea' id='block_1_78' title="bbox 2157 989 3740 1070">
    <p class='ocr_par' dir='ltr' id='par_1_78' title="bbox 2157 989 3740 1070">
     <span class='ocr_line' id='line_1_81' title="bbox 2157 989 3740 1070; baseline -0.008 -16"><span class='ocrx_word' id='word_1_614' title='bbox 2157 1001 2363 1062; x_wconf 87' lang='grc' dir='ltr'>ταύτην</span> <span class='ocrx_word' id='word_1_615' title='bbox 2395 1000 2493 1070; x_wconf 83' lang='grc' dir='ltr'>τὴν</span> <span class='ocrx_word' id='word_1_616' title='bbox 2525 1000 2678 1054; x_wconf 88' lang='grc' dir='ltr'>πόλιν</span> <span class='ocrx_word' id='word_1_617' title='bbox 2721 998 3023 1069; x_wconf 78' lang='grc' dir='ltr'>νομίζουσι.</span> <span class='ocrx_word' id='word_1_618' title='bbox 3069 997 3160 1068; x_wconf 68' lang='lat' dir='ltr'>Mi]</span> <span class='ocrx_word' id='word_1_619' title='bbox 3195 996 3260 1066; x_wconf 84' lang='grc' dir='ltr'>δὴ</span> <span class='ocrx_word' id='word_1_620' title='bbox 3297 993 3646 1063; x_wconf 76' lang='grc' dir='ltr'>διαφθείρητε</span> <span class='ocrx_word' id='word_1_621' title='bbox 3673 989 3740 1043; x_wconf 70' lang='grc' dir='ltr'>τὸ</span> 
     </span>
    </p>
   </div>
   <div class='ocr_carea' id='block_1_79' title="bbox 2161 1075 3740 1154">
    <p class='ocr_par' dir='ltr' id='par_1_79' title="bbox 2161 1075 3740 1154">
     <span class='ocr_line' id='line_1_82' title="bbox 2161 1075 3740 1154; baseline -0.008 -17"><span class='ocrx_word' id='word_1_622' title='bbox 2161 1082 2458 1152; x_wconf 88' lang='grc' dir='ltr'>ἐγκώμιον,</span> <span class='ocrx_word' id='word_1_623' title='bbox 2488 1082 2622 1153; x_wconf 84' lang='grc' dir='ltr'>μηδὲ</span> <span class='ocrx_word' id='word_1_624' title='bbox 2653 1083 3107 1154; x_wconf 88' lang='grc' dir='ltr'>ἀκρωτηριάσητε</span> <span class='ocrx_word' id='word_1_625' title='bbox 3135 1081 3228 1134; x_wconf 84' lang='grc' dir='ltr'>τὸν</span> <span class='ocrx_word' id='word_1_626' title='bbox 3258 1078 3478 1132; x_wconf 78' lang='grc' dir='ltr'>ἔπαινον</span> <span class='ocrx_word' id='word_1_627' title='bbox 3508 1075 3740 1143; x_wconf 82' lang='grc' dir='ltr'>πάτριον</span> 
     </span>
    </p>
   </div>
   <div class='ocr_carea' id='block_1_80' title="bbox 2160 1157 3740 1239">
    <p class='ocr_par' dir='ltr' id='par_1_80' title="bbox 2160 1157 3740 1239">
     <span class='ocr_line' id='line_1_83' title="bbox 2160 1157 3740 1239; baseline -0.006 -21"><span class='ocrx_word' id='word_1_628' title='bbox 2160 1165 2288 1218; x_wconf 72' lang='grc' dir='ltr'>ὄντα</span> <span class='ocrx_word' id='word_1_629' title='bbox 2319 1167 2454 1238; x_wconf 84' lang='grc' dir='ltr'>αὐτῇ</span> <span class='ocrx_word' id='word_1_630' title='bbox 2482 1168 2576 1220; x_wconf 77' lang='grc' dir='ltr'>καὶ</span> <span class='ocrx_word' id='word_1_631' title='bbox 2605 1168 2854 1239; x_wconf 88' lang='grc' dir='ltr'>ἀρχαῖον.</span> <span class='ocrx_word' id='word_1_632' title='bbox 2893 1167 3002 1218; x_wconf 74' lang='grc' dir='ltr'>Καὶ</span> <span class='ocrx_word' id='word_1_633' title='bbox 3033 1166 3140 1237; x_wconf 86' lang='grc' dir='ltr'>γάρ</span> <span class='ocrx_word' id='word_1_634' title='bbox 3169 1180 3300 1218; x_wconf 90' lang='grc' dir='ltr'>ποτε</span> <span class='ocrx_word' id='word_1_635' title='bbox 3327 1159 3486 1232; x_wconf 88' lang='grc' dir='ltr'>λιμοῦ</span> <span class='ocrx_word' id='word_1_636' title='bbox 3514 1157 3740 1239; x_wconf 79' lang='grc' dir='ltr'>μέλλον-</span> 
     </span>
    </p>
   </div>
   <div class='ocr_carea' id='block_1_81' title="bbox 2160 1238 3743 1321">
    <p class='ocr_par' dir='ltr' id='par_1_81' title="bbox 2160 1238 3743 1321">
     <span class='ocr_line' id='line_1_84' title="bbox 2160 1238 3743 1321; baseline -0.006 -18"><span class='ocrx_word' id='word_1_637' title='bbox 2160 1268 2250 1314; x_wconf 93' lang='grc' dir='ltr'>τος</span> <span class='ocrx_word' id='word_1_638' title='bbox 2285 1253 2363 1314; x_wconf 83' lang='grc' dir='ltr'>είς</span> <span class='ocrx_word' id='word_1_639' title='bbox 2392 1253 2490 1321; x_wconf 78' lang='grc' dir='ltr'>τὴν</span> <span class='ocrx_word' id='word_1_640' title='bbox 2523 1249 2629 1321; x_wconf 83' lang='grc' dir='ltr'>γῆν</span> <span class='ocrx_word' id='word_1_641' title='bbox 2649 1238 2912 1321; x_wconf 76' lang='grc' dir='ltr'>ἐμϐαλεῖν</span> <span class='ocrx_word' id='word_1_642' title='bbox 2943 1249 3180 1313; x_wconf 68' lang='grc' dir='ltr'>ἅπασαν,</span> <span class='ocrx_word' id='word_1_643' title='bbox 3215 1248 3265 1300; x_wconf 84' lang='grc' dir='ltr'>οἱ</span> <span class='ocrx_word' id='word_1_644' title='bbox 3293 1246 3391 1317; x_wconf 85' lang='grc' dir='ltr'>τὴν</span> <span class='ocrx_word' id='word_1_645' title='bbox 3429 1243 3583 1296; x_wconf 88' lang='grc' dir='ltr'>πόλιν</span> <span class='ocrx_word' id='word_1_646' title='bbox 3606 1238 3743 1295; x_wconf 83' lang='grc' dir='ltr'>ταύ-</span> 
     </span>
    </p>
   </div>
   <div class='ocr_carea' id='block_1_82' title="bbox 2160 1325 3740 1404">
    <p class='ocr_par' dir='ltr' id='par_1_82' title="bbox 2160 1325 3740 1404">
     <span class='ocr_line' id='line_1_85' title="bbox 2160 1325 3740 1404; baseline -0.005 -18"><span class='ocrx_word' id='word_1_647' title='bbox 2160 1350 2258 1404; x_wconf 91' lang='grc' dir='ltr'>την</span> <span class='ocrx_word' id='word_1_648' title='bbox 2308 1333 2584 1396; x_wconf 74' lang='grc' dir='ltr'>οἰκοῦντες</span> <span class='ocrx_word' id='word_1_649' title='bbox 2644 1336 2758 1396; x_wconf 88' lang='grc' dir='ltr'>τοῖς</span> <span class='ocrx_word' id='word_1_650' title='bbox 2814 1335 2871 1386; x_wconf 87' lang='grc' dir='ltr'>ἐν</span> <span class='ocrx_word' id='word_1_651' title='bbox 2925 1330 3323 1402; x_wconf 85' lang='grc' dir='ltr'>Ἱεροσολύμοις</span> <span class='ocrx_word' id='word_1_652' title='bbox 3386 1325 3740 1396; x_wconf 85' lang='grc' dir='ltr'>καθημένοις,</span> 
     </span>
    </p>
   </div>
   <div class='ocr_carea' id='block_1_83' title="bbox 2161 1406 3745 1488">
    <p class='ocr_par' dir='ltr' id='par_1_83' title="bbox 2161 1406 3745 1488">
     <span class='ocr_line' id='line_1_86' title="bbox 2161 1406 3745 1488; baseline -0.007 -18"><span class='ocrx_word' id='word_1_653' title='bbox 2161 1417 2344 1479; x_wconf 89' lang='grc' dir='ltr'>αὐτοῖς</span> <span class='ocrx_word' id='word_1_654' title='bbox 2372 1417 2429 1470; x_wconf 86' lang='grc' dir='ltr'>δὲ</span> <span class='ocrx_word' id='word_1_655' title='bbox 2457 1415 2518 1486; x_wconf 81' lang='lat' dir='ltr'>(f.</span> <span class='ocrx_word' id='word_1_656' title='bbox 2548 1416 2635 1488; x_wconf 79' lang='grc' dir='ltr'>δὴ)</span> <span class='ocrx_word' id='word_1_657' title='bbox 2659 1417 2892 1480; x_wconf 90' lang='grc' dir='ltr'>τούτοις,</span> <span class='ocrx_word' id='word_1_658' title='bbox 2928 1416 3056 1486; x_wconf 73' lang='grc' dir='ltr'>περὶ</span> <span class='ocrx_word' id='word_1_659' title='bbox 3089 1409 3163 1467; x_wconf 82' lang='grc' dir='ltr'>ῶν</span> <span class='ocrx_word' id='word_1_660' title='bbox 3185 1416 3318 1484; x_wconf 88' lang='grc' dir='ltr'>ἡμῖν</span> <span class='ocrx_word' id='word_1_661' title='bbox 3340 1406 3496 1472; x_wconf 68' lang='grc' dir='ltr'>οὗτος</span> <span class='ocrx_word' id='word_1_662' title='bbox 3525 1412 3554 1463; x_wconf 88' lang='grc' dir='ltr'>ὁ</span> <span class='ocrx_word' id='word_1_663' title='bbox 3580 1409 3745 1475; x_wconf 87' lang='grc' dir='ltr'>λόγος</span> 
     </span>
    </p>
   </div>
   <div class='ocr_carea' id='block_1_84' title="bbox 2164 1492 3744 1573">
    <p class='ocr_par' dir='ltr' id='par_1_84' title="bbox 2164 1492 3744 1573">
     <span class='ocr_line' id='line_1_87' title="bbox 2164 1492 3744 1573; baseline -0.008 -19"><span class='ocrx_word' id='word_1_664' title='bbox 2164 1501 2308 1564; x_wconf 83' lang='grc' dir='ltr'>ἆπας</span> <span class='ocrx_word' id='word_1_665' title='bbox 2355 1501 2657 1570; x_wconf 81' lang='grc' dir='ltr'>κεκίνηται,</span> <span class='ocrx_word' id='word_1_666' title='bbox 2700 1500 2789 1554; x_wconf 82' lang='grc' dir='ltr'>διὰ</span> <span class='ocrx_word' id='word_1_667' title='bbox 2842 1499 3023 1570; x_wconf 75' lang='grc' dir='ltr'>χειρὸς</span> <span class='ocrx_word' id='word_1_668' title='bbox 3069 1498 3325 1570; x_wconf 70' lang='grc' dir='ltr'>Βαρνάϐα</span> <span class='ocrx_word' id='word_1_669' title='bbox 3385 1495 3480 1549; x_wconf 77' lang='grc' dir='ltr'>καὶ</span> <span class='ocrx_word' id='word_1_670' title='bbox 3527 1492 3744 1573; x_wconf 59' lang='grc' dir='ltr'>Σαύλομ</span> 
     </span>
    </p>
   </div>
   <div class='ocr_carea' id='block_1_85' title="bbox 2162 1575 3746 1654">
    <p class='ocr_par' dir='ltr' id='par_1_85' title="bbox 2162 1575 3746 1654">
     <span class='ocr_line' id='line_1_88' title="bbox 2162 1575 3746 1654; baseline -0.009 -17"><span class='ocrx_word' id='word_1_671' title='bbox 2162 1585 2420 1654; x_wconf 79' lang='grc' dir='ltr'>χρήματα</span> <span class='ocrx_word' id='word_1_672' title='bbox 2463 1584 2716 1654; x_wconf 65' lang='grc' dir='ltr'>ἔπεμψαν</span> <span class='ocrx_word' id='word_1_673' title='bbox 2763 1584 2861 1636; x_wconf 90' lang='grc' dir='ltr'>οὐκ</span> <span class='ocrx_word' id='word_1_674' title='bbox 2893 1583 3070 1650; x_wconf 82' lang='grc' dir='ltr'>ὀλίγα.</span> <span class='ocrx_word' id='word_1_675' title='bbox 3117 1582 3273 1643; x_wconf 88' lang='grc' dir='ltr'>Τίνος</span> <span class='ocrx_word' id='word_1_676' title='bbox 3306 1575 3398 1632; x_wconf 82' lang='grc' dir='ltr'>οῦν</span> <span class='ocrx_word' id='word_1_677' title='bbox 3436 1577 3504 1630; x_wconf 83' lang='grc' dir='ltr'>ἂν</span> <span class='ocrx_word' id='word_1_678' title='bbox 3542 1576 3746 1644; x_wconf 84' lang='grc' dir='ltr'>εἴημεν</span> 
     </span>
    </p>
   </div>
   <div class='ocr_carea' id='block_1_86' title="bbox 2162 1658 3752 1738">
    <p class='ocr_par' dir='ltr' id='par_1_86' title="bbox 2162 1658 3752 1738">
     <span class='ocr_line' id='line_1_89' title="bbox 2162 1658 3752 1738; baseline -0.008 -18"><span class='ocrx_word' id='word_1_679' title='bbox 2162 1670 2322 1738; x_wconf 88' lang='grc' dir='ltr'>ἡμεῖς</span> <span class='ocrx_word' id='word_1_680' title='bbox 2351 1668 2685 1738; x_wconf 86' lang='grc' dir='ltr'>συγγνώμης</span> <span class='ocrx_word' id='word_1_681' title='bbox 2719 1667 2882 1733; x_wconf 80' lang='grc' dir='ltr'>ἄξιοι,</span> <span class='ocrx_word' id='word_1_682' title='bbox 2910 1667 3071 1729; x_wconf 91' lang='grc' dir='ltr'>ποίας</span> <span class='ocrx_word' id='word_1_683' title='bbox 3097 1665 3153 1717; x_wconf 88' lang='grc' dir='ltr'>δέ</span> <span class='ocrx_word' id='word_1_684' title='bbox 3183 1661 3498 1730; x_wconf 84' lang='grc' dir='ltr'>ἀπολογίας,</span> <span class='ocrx_word' id='word_1_685' title='bbox 3531 1661 3662 1712; x_wconf 83' lang='grc' dir='ltr'>ὅταν</span> <span class='ocrx_word' id='word_1_686' title='bbox 3695 1658 3752 1709; x_wconf 80' lang='grc' dir='ltr'>οῖ</span> 
     </span>
    </p>
   </div>
   <div class='ocr_carea' id='block_1_87' title="bbox 2165 1741 3751 1822">
    <p class='ocr_par' dir='ltr' id='par_1_87' title="bbox 2165 1741 3751 1822">
     <span class='ocr_line' id='line_1_90' title="bbox 2165 1741 3751 1822; baseline -0.008 -17"><span class='ocrx_word' id='word_1_687' title='bbox 2165 1751 2266 1821; x_wconf 85' lang='grc' dir='ltr'>μὲν</span> <span class='ocrx_word' id='word_1_688' title='bbox 2296 1751 2551 1822; x_wconf 90' lang='grc' dir='ltr'>πρόγονοι</span> <span class='ocrx_word' id='word_1_689' title='bbox 2577 1753 2627 1804; x_wconf 85' lang='grc' dir='ltr'>οί</span> <span class='ocrx_word' id='word_1_690' title='bbox 2664 1750 2916 1822; x_wconf 78' lang='grc' dir='ltr'>ἡμέτεροι</span> <span class='ocrx_word' id='word_1_691' title='bbox 2957 1749 3050 1803; x_wconf 72' lang='grc' dir='ltr'>καὶ</span> <span class='ocrx_word' id='word_1_692' title='bbox 3096 1749 3224 1810; x_wconf 82' lang='grc' dir='ltr'>τοὺς</span> <span class='ocrx_word' id='word_1_693' title='bbox 3249 1743 3531 1817; x_wconf 73' lang='grc' dir='ltr'>πόρρωθεν</span> <span class='ocrx_word' id='word_1_694' title='bbox 3563 1741 3751 1809; x_wconf 86' lang='grc' dir='ltr'>καθη-</span> 
     </span>
    </p>
   </div>
   <div class='ocr_carea' id='block_1_88' title="bbox 2166 1823 3754 1904">
    <p class='ocr_par' dir='ltr' id='par_1_88' title="bbox 2166 1823 3754 1904">
     <span class='ocr_line' id='line_1_91' title="bbox 2166 1823 3754 1904; baseline -0.006 -19"><span class='ocrx_word' id='word_1_695' title='bbox 2166 1831 2360 1904; x_wconf 82' lang='grc' dir='ltr'>μένους</span> <span class='ocrx_word' id='word_1_696' title='bbox 2391 1835 2687 1902; x_wconf 79' lang='grc' dir='ltr'>φαίνωνται</span> <span class='ocrx_word' id='word_1_697' title='bbox 2721 1833 2809 1887; x_wconf 90' lang='grc' dir='ltr'>διά</span> <span class='ocrx_word' id='word_1_698' title='bbox 2828 1833 2937 1886; x_wconf 84' lang='grc' dir='ltr'>τῶν</span> <span class='ocrx_word' id='word_1_699' title='bbox 2968 1831 3183 1885; x_wconf 82' lang='grc' dir='ltr'>οἰκείων</span> <span class='ocrx_word' id='word_1_700' title='bbox 3207 1829 3499 1900; x_wconf 81' lang='grc' dir='ltr'>τρέφοντες</span> <span class='ocrx_word' id='word_1_701' title='bbox 3522 1823 3754 1896; x_wconf 86' lang='grc' dir='ltr'>χρημὰ-</span> 
     </span>
    </p>
   </div>
   <div class='ocr_carea' id='block_1_89' title="bbox 2161 1907 3753 1990">
    <p class='ocr_par' dir='ltr' id='par_1_89' title="bbox 2161 1907 3753 1990">
     <span class='ocr_line' id='line_1_92' title="bbox 2161 1907 3753 1990; baseline -0.006 -23"><span class='ocrx_word' id='word_1_702' title='bbox 2161 1932 2292 1978; x_wconf 90' lang='grc' dir='ltr'>των,</span> <span class='ocrx_word' id='word_1_703' title='bbox 2325 1918 2418 1970; x_wconf 74' lang='grc' dir='ltr'>καὶ</span> <span class='ocrx_word' id='word_1_704' title='bbox 2443 1917 2598 1970; x_wconf 79' lang='grc' dir='ltr'>αὐτοὶ</span> <span class='ocrx_word' id='word_1_705' title='bbox 2624 1916 2760 1990; x_wconf 82' lang='grc' dir='ltr'>πρὸς</span> <span class='ocrx_word' id='word_1_706' title='bbox 2781 1917 3025 1978; x_wconf 88' lang='grc' dir='ltr'>ἐκείνους</span> <span class='ocrx_word' id='word_1_707' title='bbox 3048 1914 3333 1987; x_wconf 81' lang='grc' dir='ltr'>τρέχοντες</span> <span class='ocrx_word' id='word_1_708' title='bbox 3348 1929 3362 1942; x_wconf 89' lang='grc'><strong>·</strong></span> <span class='ocrx_word' id='word_1_709' title='bbox 3385 1913 3542 1982; x_wconf 82' lang='grc' dir='ltr'>ἡμεῖς</span> <span class='ocrx_word' id='word_1_710' title='bbox 3560 1908 3617 1960; x_wconf 87' lang='grc' dir='ltr'>δέ</span> <span class='ocrx_word' id='word_1_711' title='bbox 3644 1907 3753 1990; x_wconf 71' lang='grc' dir='ltr'>καὶ</span> 
     </span>
    </p>
   </div>
   <div class='ocr_carea' id='block_1_90' title="bbox 2163 1989 3757 2072">
    <p class='ocr_par' dir='ltr' id='par_1_90' title="bbox 2163 1989 3757 2072">
     <span class='ocr_line' id='line_1_93' title="bbox 2163 1989 3757 2072; baseline -0.007 -20"><span class='ocrx_word' id='word_1_712' title='bbox 2163 2001 2289 2063; x_wconf 67' lang='grc' dir='ltr'>τοὺς</span> <span class='ocrx_word' id='word_1_713' title='bbox 2329 1999 2626 2070; x_wconf 87' lang='grc' dir='ltr'>ἀλλαχόθεν</span> <span class='ocrx_word' id='word_1_714' title='bbox 2673 2000 2809 2072; x_wconf 80' lang='grc' dir='ltr'>πρὸς</span> <span class='ocrx_word' id='word_1_715' title='bbox 2839 2001 2872 2070; x_wconf 93' lang='grc' dir='ltr'>ἡ</span> <span class='ocrx_word' id='word_1_716' title='bbox 2884 2001 2988 2069; x_wconf 80' lang='grc' dir='ltr'>μᾶς</span> <span class='ocrx_word' id='word_1_717' title='bbox 3022 1997 3468 2067; x_wconf 84' lang='grc' dir='ltr'>καταφεύγοντας</span> <span class='ocrx_word' id='word_1_718' title='bbox 3501 1989 3757 2047; x_wconf 86' lang='grc' dir='ltr'>ἀπελαύ-</span> 
     </span>
    </p>
   </div>
   <div class='ocr_carea' id='block_1_91' title="bbox 2167 2074 3756 2154">
    <p class='ocr_par' dir='ltr' id='par_1_91' title="bbox 2167 2074 3756 2154">
     <span class='ocr_line' id='line_1_94' title="bbox 2167 2074 3756 2154; baseline -0.009 -15"><span class='ocrx_word' id='word_1_719' title='bbox 2167 2100 2366 2152; x_wconf 83' lang='grc' dir='ltr'>νωμεν,</span> <span class='ocrx_word' id='word_1_720' title='bbox 2403 2085 2497 2137; x_wconf 73' lang='grc' dir='ltr'>καὶ</span> <span class='ocrx_word' id='word_1_721' title='bbox 2523 2085 2846 2154; x_wconf 82' lang='grc' dir='ltr'>ἀπαιτῶμεν</span> <span class='ocrx_word' id='word_1_722' title='bbox 2875 2083 3106 2145; x_wconf 79' lang='grc' dir='ltr'>εὐθύνας</span> <span class='ocrx_word' id='word_1_723' title='bbox 3149 2079 3415 2152; x_wconf 77' lang='grc' dir='ltr'>ἀκριϐεῖς,</span> <span class='ocrx_word' id='word_1_724' title='bbox 3447 2078 3538 2130; x_wconf 76' lang='grc' dir='ltr'>καὶ</span> <span class='ocrx_word' id='word_1_725' title='bbox 3566 2074 3756 2127; x_wconf 83' lang='grc' dir='ltr'>ταῦτα</span> 
     </span>
    </p>
   </div>
   <div class='ocr_carea' id='block_1_92' title="bbox 2167 2158 3756 2239">
    <p class='ocr_par' dir='ltr' id='par_1_92' title="bbox 2167 2158 3756 2239">
     <span class='ocr_line' id='line_1_95' title="bbox 2167 2158 3756 2239; baseline -0.006 -21"><span class='ocrx_word' id='word_1_726' title='bbox 2167 2167 2391 2231; x_wconf 87' lang='grc' dir='ltr'>εἰδότες,</span> <span class='ocrx_word' id='word_1_727' title='bbox 2438 2169 2521 2221; x_wconf 83' lang='grc' dir='ltr'>ὅτι</span> <span class='ocrx_word' id='word_1_728' title='bbox 2561 2169 2771 2239; x_wconf 88' lang='grc' dir='ltr'>μυρίων</span> <span class='ocrx_word' id='word_1_729' title='bbox 2803 2165 3094 2219; x_wconf 85' lang='grc' dir='ltr'>ὑπεύθυνοί</span> <span class='ocrx_word' id='word_1_730' title='bbox 3125 2167 3292 2234; x_wconf 90' lang='grc' dir='ltr'>ἐσμεν</span> <span class='ocrx_word' id='word_1_731' title='bbox 3318 2161 3532 2225; x_wconf 86' lang='grc' dir='ltr'>κακῶν;</span> <span class='ocrx_word' id='word_1_732' title='bbox 3557 2158 3686 2211; x_wconf 80' lang='grc' dir='ltr'>Κάν</span> <span class='ocrx_word' id='word_1_733' title='bbox 3724 2158 3756 2207; x_wconf 81' lang='grc' dir='ltr'><strong>ὁ</strong></span> 
     </span>
    </p>
   </div>
   <div class='ocr_carea' id='block_1_93' title="bbox 2165 2241 3758 2320">
    <p class='ocr_par' dir='ltr' id='par_1_93' title="bbox 2165 2241 3758 2320">
     <span class='ocr_line' id='line_1_96' title="bbox 2165 2241 3758 2320; baseline -0.005 -19"><span class='ocrx_word' id='word_1_734' title='bbox 2165 2249 2300 2312; x_wconf 87' lang='grc' dir='ltr'>Θεὸς</span> <span class='ocrx_word' id='word_1_735' title='bbox 2335 2248 2508 2313; x_wconf 78' lang='grc' dir='ltr'>οὕτως</span> <span class='ocrx_word' id='word_1_736' title='bbox 2538 2249 2782 2320; x_wconf 75' lang='grc' dir='ltr'>ἀκριδῶς</span> <span class='ocrx_word' id='word_1_737' title='bbox 2820 2249 2891 2302; x_wconf 84' lang='grc' dir='ltr'>τὰ</span> <span class='ocrx_word' id='word_1_738' title='bbox 2933 2249 3056 2302; x_wconf 82' lang='grc' dir='ltr'>καθ’</span> <span class='ocrx_word' id='word_1_739' title='bbox 3085 2250 3234 2319; x_wconf 83' lang='grc' dir='ltr'>ἡμᾶς</span> <span class='ocrx_word' id='word_1_740' title='bbox 3270 2245 3516 2314; x_wconf 76' lang='grc' dir='ltr'>ἐξετάσῃ,</span> <span class='ocrx_word' id='word_1_741' title='bbox 3551 2241 3758 2310; x_wconf 81' lang='grc' dir='ltr'>ὥσπερ</span> 
     </span>
    </p>
   </div>
   <div class='ocr_carea' id='block_1_94' title="bbox 2165 2323 3755 2405">
    <p class='ocr_par' dir='ltr' id='par_1_94' title="bbox 2165 2323 3755 2405">
     <span class='ocr_line' id='line_1_97' title="bbox 2165 2323 3755 2405; baseline -0.004 -20"><span class='ocrx_word' id='word_1_742' title='bbox 2165 2333 2327 2403; x_wconf 88' lang='grc' dir='ltr'>ἡμεῖς</span> <span class='ocrx_word' id='word_1_743' title='bbox 2354 2333 2422 2386; x_wconf 89' lang='grc' dir='ltr'>τά</span> <span class='ocrx_word' id='word_1_744' title='bbox 2450 2333 2560 2387; x_wconf 87' lang='grc' dir='ltr'>τῶν</span> <span class='ocrx_word' id='word_1_745' title='bbox 2582 2335 2850 2405; x_wconf 90' lang='grc' dir='ltr'>πενὴτων,</span> <span class='ocrx_word' id='word_1_746' title='bbox 2883 2333 3136 2403; x_wconf 76' lang='grc' dir='ltr'>οὐδεμιᾶς</span> <span class='ocrx_word' id='word_1_747' title='bbox 3165 2328 3464 2400; x_wconf 83' lang='grc' dir='ltr'>τευξόμεθα</span> <span class='ocrx_word' id='word_1_748' title='bbox 3493 2323 3755 2394; x_wconf 80' lang='grc' dir='ltr'>συγγνώ-</span> 
     </span>
    </p>
   </div>
   <div class='ocr_carea' id='block_1_95' title="bbox 2169 2409 3754 2489">
    <p class='ocr_par' dir='ltr' id='par_1_95' title="bbox 2169 2409 3754 2489">
     <span class='ocr_line' id='line_1_98' title="bbox 2169 2409 3754 2489; baseline 0.002 -20"><span class='ocrx_word' id='word_1_749' title='bbox 2169 2435 2297 2489; x_wconf 91' lang='grc' dir='ltr'>μης,</span> <span class='ocrx_word' id='word_1_750' title='bbox 2327 2417 2449 2471; x_wconf 86' lang='grc' dir='ltr'>οὐδέ</span> <span class='ocrx_word' id='word_1_751' title='bbox 2477 2417 2626 2471; x_wconf 83' lang='grc' dir='ltr'>ἐλέου</span> <span class='ocrx_word' id='word_1_752' title='bbox 2655 2417 2828 2481; x_wconf 84' lang='grc' dir='ltr'>τινός·</span> <span class='ocrx_word' id='word_1_753' title='bbox 2877 2417 2974 2470; x_wconf 82' lang='grc' dir='ltr'>Ἐν</span> <span class='ocrx_word' id='word_1_754' title='bbox 3005 2409 3053 2482; x_wconf 87' lang='grc' dir='ltr'><strong>ᾧ</strong></span> <span class='ocrx_word' id='word_1_755' title='bbox 3085 2415 3195 2485; x_wconf 75' lang='grc' dir='ltr'>γὰρ</span> <span class='ocrx_word' id='word_1_756' title='bbox 3229 2415 3462 2482; x_wconf 81' lang='grc' dir='ltr'>κρίματι</span> <span class='ocrx_word' id='word_1_757' title='bbox 3487 2411 3754 2478; x_wconf 68' lang='grc' dir='ltr'>κρίνετε,</span> 
     </span>
    </p>
   </div>
   <div class='ocr_carea' id='block_1_96' title="bbox 2165 2491 3756 2571">
    <p class='ocr_par' dir='ltr' id='par_1_96' title="bbox 2165 2491 3756 2571">
     <span class='ocr_line' id='line_1_99' title="bbox 2165 2491 3756 2571; baseline -0.008 -17"><span class='ocrx_word' id='word_1_758' title='bbox 2165 2501 2318 2570; x_wconf 73' lang='grc' dir='ltr'>φησὶ,</span> <span class='ocrx_word' id='word_1_759' title='bbox 2379 2499 2479 2553; x_wconf 79' lang='grc' dir='ltr'>καὶ</span> <span class='ocrx_word' id='word_1_760' title='bbox 2526 2500 2698 2571; x_wconf 73' lang='grc' dir='ltr'>ὑμεῖς</span> <span class='ocrx_word' id='word_1_761' title='bbox 2752 2500 3133 2570; x_wconf 75' lang='grc' dir='ltr'>κριθήσεσθε.</span> <span class='ocrx_word' id='word_1_762' title='bbox 3179 2497 3342 2550; x_wconf 89' lang='grc' dir='ltr'>Γενοῦ</span> <span class='ocrx_word' id='word_1_763' title='bbox 3388 2493 3563 2548; x_wconf 89' lang='grc' dir='ltr'>τοίνυν</span> <span class='ocrx_word' id='word_1_764' title='bbox 3620 2491 3756 2559; x_wconf 77' lang='grc' dir='ltr'>φιλ-</span> 
     </span>
    </p>
   </div>
   <div class='ocr_carea' id='block_1_97' title="bbox 2166 2578 3758 2658">
    <p class='ocr_par' dir='ltr' id='par_1_97' title="bbox 2166 2578 3758 2658">
     <span class='ocr_line' id='line_1_100' title="bbox 2166 2578 3758 2658; baseline -0.006 -20"><span class='ocrx_word' id='word_1_765' title='bbox 2166 2583 2452 2658; x_wconf 79' lang='grc' dir='ltr'>ἅνθρωπος</span> <span class='ocrx_word' id='word_1_766' title='bbox 2486 2587 2582 2639; x_wconf 75' lang='grc' dir='ltr'>καὶ</span> <span class='ocrx_word' id='word_1_767' title='bbox 2618 2587 2826 2656; x_wconf 72' lang='grc' dir='ltr'>ἥμερος</span> <span class='ocrx_word' id='word_1_768' title='bbox 2849 2585 2929 2655; x_wconf 82' lang='grc' dir='ltr'>τῷ</span> <span class='ocrx_word' id='word_1_769' title='bbox 2958 2583 3248 2652; x_wconf 81' lang='grc' dir='ltr'>συνδούλῳ,</span> <span class='ocrx_word' id='word_1_770' title='bbox 3278 2581 3372 2634; x_wconf 74' lang='grc' dir='ltr'>καὶ</span> <span class='ocrx_word' id='word_1_771' title='bbox 3401 2578 3570 2632; x_wconf 87' lang='grc' dir='ltr'>πολλά</span> <span class='ocrx_word' id='word_1_772' title='bbox 3603 2578 3758 2645; x_wconf 77' lang='grc' dir='ltr'>ἄφες</span> 
     </span>
    </p>
   </div>
   <div class='ocr_carea' id='block_1_98' title="bbox 2163 2661 3756 2740">
    <p class='ocr_par' dir='ltr' id='par_1_98' title="bbox 2163 2661 3756 2740">
     <span class='ocr_line' id='line_1_101' title="bbox 2163 2661 3756 2740; baseline -0.011 -11"><span class='ocrx_word' id='word_1_773' title='bbox 2163 2669 2271 2728; x_wconf 74' lang='grc' dir='ltr'>τῶν</span> <span class='ocrx_word' id='word_1_774' title='bbox 2327 2667 2768 2740; x_wconf 73' lang='grc' dir='ltr'>ἡμαρτημένων,</span> <span class='ocrx_word' id='word_1_775' title='bbox 2821 2669 2916 2722; x_wconf 77' lang='grc' dir='ltr'>καὶ</span> <span class='ocrx_word' id='word_1_776' title='bbox 2969 2667 3214 2738; x_wconf 84' lang='grc' dir='ltr'>ἐλέησον,</span> <span class='ocrx_word' id='word_1_777' title='bbox 3279 2666 3366 2718; x_wconf 82' lang='grc' dir='ltr'>ἵνα</span> <span class='ocrx_word' id='word_1_778' title='bbox 3425 2663 3518 2716; x_wconf 77' lang='grc' dir='ltr'>καὶ</span> <span class='ocrx_word' id='word_1_779' title='bbox 3578 2661 3756 2725; x_wconf 66' lang='grc' dir='ltr'>αὐτὸς</span> 
     </span>
    </p>
   </div>
   <div class='ocr_carea' id='block_1_99' title="bbox 2165 2743 3759 2824">
    <p class='ocr_par' dir='ltr' id='par_1_99' title="bbox 2165 2743 3759 2824">
     <span class='ocr_line' id='line_1_102' title="bbox 2165 2743 3759 2824; baseline -0.006 -21"><span class='ocrx_word' id='word_1_780' title='bbox 2165 2751 2421 2821; x_wconf 88' lang='grc' dir='ltr'>τοιαύτης</span> <span class='ocrx_word' id='word_1_781' title='bbox 2463 2751 2634 2823; x_wconf 75' lang='grc' dir='ltr'>τύχῃς</span> <span class='ocrx_word' id='word_1_782' title='bbox 2682 2751 2784 2822; x_wconf 84' lang='grc' dir='ltr'>τῆς</span> <span class='ocrx_word' id='word_1_783' title='bbox 2825 2753 3029 2824; x_wconf 76' lang='grc' dir='ltr'>ψήφου.</span> <span class='ocrx_word' id='word_1_784' title='bbox 3092 2751 3158 2802; x_wconf 88' lang='grc' dir='ltr'>Τί</span> <span class='ocrx_word' id='word_1_785' title='bbox 3207 2747 3508 2818; x_wconf 84' lang='grc' dir='ltr'>πράγματα</span> <span class='ocrx_word' id='word_1_786' title='bbox 3564 2743 3759 2814; x_wconf 81' lang='grc' dir='ltr'>σαυτῷ</span> 
     </span>
    </p>
   </div>
   <div class='ocr_carea' id='block_1_100' title="bbox 2167 2827 3758 2906">
    <p class='ocr_par' dir='ltr' id='par_1_100' title="bbox 2167 2827 3758 2906">
     <span class='ocr_line' id='line_1_103' title="bbox 2167 2827 3758 2906; baseline -0.005 -20"><span class='ocrx_word' id='word_1_787' title='bbox 2167 2835 2421 2899; x_wconf 85' lang='grc' dir='ltr'>πλέκεις;</span> <span class='ocrx_word' id='word_1_788' title='bbox 2448 2835 2500 2887; x_wconf 91' lang='grc' dir='ltr'>τί</span> <span class='ocrx_word' id='word_1_789' title='bbox 2531 2835 2902 2906; x_wconf 79' lang='grc' dir='ltr'>περιεργάζῃ;</span> <span class='ocrx_word' id='word_1_790' title='bbox 2930 2830 3078 2905; x_wconf 75' lang='grc' dir='ltr'>’Ἃρα</span> <span class='ocrx_word' id='word_1_791' title='bbox 3111 2835 3160 2885; x_wconf 84' lang='grc' dir='ltr'>εἰ</span> <span class='ocrx_word' id='word_1_792' title='bbox 3193 2828 3524 2900; x_wconf 77' lang='grc' dir='ltr'>προσέταξεν</span> <span class='ocrx_word' id='word_1_793' title='bbox 3553 2830 3582 2880; x_wconf 84' lang='grc' dir='ltr'>ὁ</span> <span class='ocrx_word' id='word_1_794' title='bbox 3609 2827 3758 2890; x_wconf 75' lang='grc' dir='ltr'>Θεὸς</span> 
     </span>
    </p>
   </div>
   <div class='ocr_carea' id='block_1_101' title="bbox 2169 2915 3755 2988">
    <p class='ocr_par' dir='ltr' id='par_1_101' title="bbox 2169 2915 3755 2988">
     <span class='ocr_line' id='line_1_104' title="bbox 2169 2915 3755 2988; baseline -0.003 -19"><span class='ocrx_word' id='word_1_795' title='bbox 2169 2917 2314 2988; x_wconf 85' lang='grc' dir='ltr'>βίους</span> <span class='ocrx_word' id='word_1_796' title='bbox 2355 2919 2606 2988; x_wconf 78' lang='grc' dir='ltr'>ἐρευνᾷν,</span> <span class='ocrx_word' id='word_1_797' title='bbox 2639 2919 2734 2971; x_wconf 72' lang='grc' dir='ltr'>καὶ</span> <span class='ocrx_word' id='word_1_798' title='bbox 2763 2919 2993 2982; x_wconf 89' lang='grc' dir='ltr'>εὐθύνας</span> <span class='ocrx_word' id='word_1_799' title='bbox 3037 2920 3305 2982; x_wconf 79' lang='grc' dir='ltr'>ἀπαιτεῖν,</span> <span class='ocrx_word' id='word_1_800' title='bbox 3346 2917 3438 2968; x_wconf 74' lang='grc' dir='ltr'>καὶ</span> <span class='ocrx_word' id='word_1_801' title='bbox 3465 2915 3755 2984; x_wconf 66' lang='grc' dir='ltr'>πολυπρας</span> 
     </span>
    </p>
   </div>
   <div class='ocr_carea' id='block_1_102' title="bbox 2165 2997 3758 3072">
    <p class='ocr_par' dir='ltr' id='par_1_102' title="bbox 2165 2997 3758 3072">
     <span class='ocr_line' id='line_1_105' title="bbox 2165 2997 3758 3072; baseline -0.004 -18"><span class='ocrx_word' id='word_1_802' title='bbox 2165 3004 2387 3072; x_wconf 87' lang='grc' dir='ltr'>γμονεῖν</span> <span class='ocrx_word' id='word_1_803' title='bbox 2433 3003 2689 3072; x_wconf 90' lang='grc' dir='ltr'>τρόπους,</span> <span class='ocrx_word' id='word_1_804' title='bbox 2725 3002 2825 3054; x_wconf 88' lang='grc' dir='ltr'>οὐκ</span> <span class='ocrx_word' id='word_1_805' title='bbox 2856 3003 2921 3056; x_wconf 83' lang='grc' dir='ltr'>ἂν</span> <span class='ocrx_word' id='word_1_806' title='bbox 2968 3001 3345 3072; x_wconf 88' lang='grc' dir='ltr'>ἐδυσχέραινον</span> <span class='ocrx_word' id='word_1_807' title='bbox 3376 2999 3596 3062; x_wconf 86' lang='grc' dir='ltr'>πολλοί;</span> <span class='ocrx_word' id='word_1_808' title='bbox 3645 2997 3758 3048; x_wconf 83' lang='grc' dir='ltr'>οὐκ</span> 
     </span>
    </p>
   </div>
   <div class='ocr_carea' id='block_1_103' title="bbox 2167 3080 3759 3154">
    <p class='ocr_par' dir='ltr' id='par_1_103' title="bbox 2167 3080 3759 3154">
     <span class='ocr_line' id='line_1_106' title="bbox 2167 3080 3759 3154; baseline -0.005 -15"><span class='ocrx_word' id='word_1_809' title='bbox 2167 3085 2232 3140; x_wconf 86' lang='grc' dir='ltr'>ἂν</span> <span class='ocrx_word' id='word_1_810' title='bbox 2264 3081 2416 3137; x_wconf 87' lang='grc' dir='ltr'>εἷπον</span> <span class='ocrx_word' id='word_1_811' title='bbox 2443 3085 2576 3154; x_wconf 78' lang='grc' dir='ltr'>πρὸς</span> <span class='ocrx_word' id='word_1_812' title='bbox 2600 3085 2824 3148; x_wconf 86' lang='grc' dir='ltr'>ἐαυτούς</span> <span class='ocrx_word' id='word_1_813' title='bbox 2841 3103 2854 3117; x_wconf 73' lang='grc' dir='ltr'>ο</span> <span class='ocrx_word' id='word_1_814' title='bbox 2882 3086 2947 3137; x_wconf 86' lang='grc' dir='ltr'>Τί</span> <span class='ocrx_word' id='word_1_815' title='bbox 2978 3101 3108 3137; x_wconf 88' lang='grc' dir='ltr'>ποτε</span> <span class='ocrx_word' id='word_1_816' title='bbox 3128 3083 3287 3136; x_wconf 87' lang='grc' dir='ltr'>τοῦτό</span> <span class='ocrx_word' id='word_1_817' title='bbox 3308 3084 3456 3145; x_wconf 60' lang='lat' dir='ltr'>ista;</span> <span class='ocrx_word' id='word_1_818' title='bbox 3487 3080 3759 3134; x_wconf 86' lang='grc' dir='ltr'>δύσκολον</span> 
     </span>
    </p>
   </div>
   <div class='ocr_carea' id='block_1_104' title="bbox 2167 3164 3756 3240">
    <p class='ocr_par' dir='ltr' id='par_1_104' title="bbox 2167 3164 3756 3240">
     <span class='ocr_line' id='line_1_107' title="bbox 2167 3164 3756 3240; baseline -0.003 -20"><span class='ocrx_word' id='word_1_819' title='bbox 2167 3170 2300 3240; x_wconf 82' lang='grc' dir='ltr'>ἡμῖν</span> <span class='ocrx_word' id='word_1_820' title='bbox 2334 3167 2396 3220; x_wconf 82' lang='grc' dir='ltr'>τὸ</span> <span class='ocrx_word' id='word_1_821' title='bbox 2427 3170 2659 3239; x_wconf 71' lang='grc' dir='ltr'>πρᾶγμα</span> <span class='ocrx_word' id='word_1_822' title='bbox 2696 3168 3029 3239; x_wconf 86' lang='grc' dir='ltr'>κατέστησεν</span> <span class='ocrx_word' id='word_1_823' title='bbox 3066 3169 3093 3220; x_wconf 91' lang='grc' dir='ltr'>ό</span> <span class='ocrx_word' id='word_1_824' title='bbox 3122 3167 3286 3230; x_wconf 87' lang='grc' dir='ltr'>Θεός·</span> <span class='ocrx_word' id='word_1_825' title='bbox 3323 3166 3398 3237; x_wconf 81' lang='grc' dir='ltr'>μὴ</span> <span class='ocrx_word' id='word_1_826' title='bbox 3444 3165 3554 3236; x_wconf 86' lang='grc' dir='ltr'>γάρ</span> <span class='ocrx_word' id='word_1_827' title='bbox 3581 3164 3756 3217; x_wconf 83' lang='grc' dir='ltr'>δυνά-</span> 
     </span>
    </p>
   </div>
   <div class='ocr_carea' id='block_1_105' title="bbox 2172 3249 3757 3324">
    <p class='ocr_par' dir='ltr' id='par_1_105' title="bbox 2172 3249 3757 3324">
     <span class='ocr_line' id='line_1_108' title="bbox 2172 3249 3757 3324; baseline -0.004 -19"><span class='ocrx_word' id='word_1_828' title='bbox 2172 3254 2312 3318; x_wconf 89' lang='grc' dir='ltr'>μεθα</span> <span class='ocrx_word' id='word_1_829' title='bbox 2350 3254 2448 3324; x_wconf 75' lang='grc' dir='ltr'>τὴν</span> <span class='ocrx_word' id='word_1_830' title='bbox 2485 3252 2687 3323; x_wconf 88' lang='grc' dir='ltr'>ἐτέρων</span> <span class='ocrx_word' id='word_1_831' title='bbox 2717 3251 2860 3323; x_wconf 77' lang='grc' dir='ltr'>ζωὴν</span> <span class='ocrx_word' id='word_1_832' title='bbox 2889 3251 3200 3316; x_wconf 76' lang='grc' dir='ltr'>ἐξετάζειν;</span> <span class='ocrx_word' id='word_1_833' title='bbox 3236 3249 3310 3320; x_wconf 75' lang='grc' dir='ltr'>μὴ</span> <span class='ocrx_word' id='word_1_834' title='bbox 3340 3251 3450 3320; x_wconf 83' lang='grc' dir='ltr'>γάρ</span> <span class='ocrx_word' id='word_1_835' title='bbox 3478 3250 3636 3318; x_wconf 83' lang='grc' dir='ltr'>ίσμεν</span> <span class='ocrx_word' id='word_1_836' title='bbox 3682 3249 3757 3299; x_wconf 67' lang='grc' dir='ltr'>τὰ</span> 
     </span>
    </p>
   </div>
   <div class='ocr_carea' id='block_1_106' title="bbox 2169 3332 3758 3410">
    <p class='ocr_par' dir='ltr' id='par_1_106' title="bbox 2169 3332 3758 3410">
     <span class='ocr_line' id='line_1_109' title="bbox 2169 3332 3758 3410; baseline -0.02 0"><span class='ocrx_word' id='word_1_837' title='bbox 2169 3338 2536 3410; x_wconf 70' lang='grc' dir='ltr'>ἡμαρτημένα</span> <span class='ocrx_word' id='word_1_838' title='bbox 2563 3337 2639 3408; x_wconf 76' lang='grc' dir='ltr'>τῷ</span> <span class='ocrx_word' id='word_1_839' title='bbox 2670 3338 2836 3402; x_wconf 88' lang='grc' dir='ltr'>δεῖνι;</span> <span class='ocrx_word' id='word_1_840' title='bbox 2868 3337 2982 3388; x_wconf 86' lang='grc' dir='ltr'>Οὐκ</span> <span class='ocrx_word' id='word_1_841' title='bbox 3014 3336 3080 3388; x_wconf 85' lang='grc' dir='ltr'>ἂν</span> <span class='ocrx_word' id='word_1_842' title='bbox 3115 3333 3301 3388; x_wconf 75' lang='grc' dir='ltr'>πολλοὶ</span> <span class='ocrx_word' id='word_1_843' title='bbox 3331 3333 3499 3386; x_wconf 64' lang='grc' dir='ltr'>πολλὰ</span> <span class='ocrx_word' id='word_1_844' title='bbox 3525 3332 3758 3384; x_wconf 78' lang='grc' dir='ltr'>τοιαῦτα</span> 
     </span>
    </p>
   </div>
   <div class='ocr_carea' id='block_1_107' title="bbox 2169 3415 3761 3490">
    <p class='ocr_par' dir='ltr' id='par_1_107' title="bbox 2169 3415 3761 3490">
     <span class='ocr_line' id='line_1_110' title="bbox 2169 3415 3761 3490; baseline -0.006 -16"><span class='ocrx_word' id='word_1_845' title='bbox 2169 3418 2356 3487; x_wconf 78' lang='grc' dir='ltr'>εἷπον;</span> <span class='ocrx_word' id='word_1_846' title='bbox 2393 3421 2506 3473; x_wconf 83' lang='grc' dir='ltr'>Νῦν</span> <span class='ocrx_word' id='word_1_847' title='bbox 2530 3421 2604 3484; x_wconf 85' lang='grc' dir='ltr'>δέ,</span> <span class='ocrx_word' id='word_1_848' title='bbox 2638 3422 2726 3473; x_wconf 84' lang='grc' dir='ltr'>ὅτε</span> <span class='ocrx_word' id='word_1_849' title='bbox 2761 3421 2945 3488; x_wconf 87' lang='grc' dir='ltr'>πάσης</span> <span class='ocrx_word' id='word_1_850' title='bbox 2976 3420 3125 3490; x_wconf 82' lang='grc' dir='ltr'>ἡμᾶς</span> <span class='ocrx_word' id='word_1_851' title='bbox 3167 3417 3425 3486; x_wconf 81' lang='grc' dir='ltr'>τοιαύτης</span> <span class='ocrx_word' id='word_1_852' title='bbox 3479 3415 3761 3486; x_wconf 77' lang='grc' dir='ltr'>πολυπραο</span> 
     </span>
    </p>
   </div>
   <div class='ocr_carea' id='block_1_108' title="bbox 2169 3497 3758 3576">
    <p class='ocr_par' dir='ltr' id='par_1_108' title="bbox 2169 3497 3758 3576">
     <span class='ocr_line' id='line_1_111' title="bbox 2169 3497 3758 3576; baseline -0.007 -17"><span class='ocrx_word' id='word_1_853' title='bbox 2169 3504 2448 3576; x_wconf 83' lang='grc' dir='ltr'>γμοσύνης</span> <span class='ocrx_word' id='word_1_854' title='bbox 2474 3503 2770 3575; x_wconf 77' lang='grc' dir='ltr'>ἀπήλλαξε,</span> <span class='ocrx_word' id='word_1_855' title='bbox 2791 3504 2884 3557; x_wconf 74' lang='grc' dir='ltr'>καὶ</span> <span class='ocrx_word' id='word_1_856' title='bbox 2903 3503 3169 3571; x_wconf 88' lang='grc' dir='ltr'>ὑπέσχετο</span> <span class='ocrx_word' id='word_1_857' title='bbox 3196 3501 3388 3555; x_wconf 88' lang='grc' dir='ltr'>δώσειν</span> <span class='ocrx_word' id='word_1_858' title='bbox 3407 3497 3758 3570; x_wconf 85' lang='grc' dir='ltr'>ἀπηρτισμέ-</span> 
     </span>
    </p>
   </div>
   <div class='ocr_carea' id='block_1_109' title="bbox 2169 3580 3758 3658">
    <p class='ocr_par' dir='ltr' id='par_1_109' title="bbox 2169 3580 3758 3658">
     <span class='ocr_line' id='line_1_112' title="bbox 2169 3580 3758 3658; baseline -0.006 -17"><span class='ocrx_word' id='word_1_859' title='bbox 2169 3606 2257 3641; x_wconf 93' lang='grc' dir='ltr'>νον</span> <span class='ocrx_word' id='word_1_860' title='bbox 2284 3587 2375 3640; x_wconf 72' lang='grc' dir='ltr'>τὸν</span> <span class='ocrx_word' id='word_1_861' title='bbox 2408 3586 2621 3657; x_wconf 81' lang='grc' dir='ltr'>μισθὸν,</span> <span class='ocrx_word' id='word_1_862' title='bbox 2654 3588 2757 3641; x_wconf 83' lang='grc' dir='ltr'>κᾶν</span> <span class='ocrx_word' id='word_1_863' title='bbox 2785 3586 3032 3657; x_wconf 71' lang='grc' dir='ltr'>πονηροὶ,</span> <span class='ocrx_word' id='word_1_864' title='bbox 3068 3585 3173 3639; x_wconf 83' lang='grc' dir='ltr'>κᾶν</span> <span class='ocrx_word' id='word_1_865' title='bbox 3209 3584 3442 3658; x_wconf 74' lang='grc' dir='ltr'>χρηστοὶ</span> <span class='ocrx_word' id='word_1_866' title='bbox 3467 3585 3513 3635; x_wconf 93' lang='grc' dir='ltr'>οἱ</span> <span class='ocrx_word' id='word_1_867' title='bbox 3544 3580 3758 3651; x_wconf 75' lang='grc' dir='ltr'>λαμϐά-</span> 
     </span>
    </p>
   </div>
   <div class='ocr_carea' id='block_1_110' title="bbox 2169 3666 3755 3740">
    <p class='ocr_par' dir='ltr' id='par_1_110' title="bbox 2169 3666 3755 3740">
     <span class='ocr_line' id='line_1_113' title="bbox 2169 3666 3755 3740; baseline -0.004 -15"><span class='ocrx_word' id='word_1_868' title='bbox 2169 3689 2351 3735; x_wconf 87' lang='grc' dir='ltr'>νοντες</span> <span class='ocrx_word' id='word_1_869' title='bbox 2387 3666 2544 3736; x_wconf 83' lang='grc' dir='ltr'>ὦσιν,</span> <span class='ocrx_word' id='word_1_870' title='bbox 2595 3673 2810 3734; x_wconf 83' lang='grc' dir='ltr'>ἑαυτοῖς</span> <span class='ocrx_word' id='word_1_871' title='bbox 2865 3672 3167 3740; x_wconf 81' lang='grc' dir='ltr'>πράγματα</span> <span class='ocrx_word' id='word_1_872' title='bbox 3214 3666 3605 3737; x_wconf 86' lang='grc' dir='ltr'>ἐπισπώμεθα.</span> <span class='ocrx_word' id='word_1_873' title='bbox 3643 3667 3755 3718; x_wconf 82' lang='grc' dir='ltr'>Καὶ</span> 
     </span>
    </p>
   </div>
   <div class='ocr_carea' id='block_1_111' title="bbox 2171 3751 3755 3826">
    <p class='ocr_par' dir='ltr' id='par_1_111' title="bbox 2171 3751 3755 3826">
     <span class='ocr_line' id='line_1_114' title="bbox 2171 3751 3755 3826; baseline -0.006 -16"><span class='ocrx_word' id='word_1_874' title='bbox 2171 3756 2335 3810; x_wconf 85' lang='grc' dir='ltr'>πόθεν</span> <span class='ocrx_word' id='word_1_875' title='bbox 2364 3755 2522 3810; x_wconf 90' lang='grc' dir='ltr'>τοῦτο</span> <span class='ocrx_word' id='word_1_876' title='bbox 2547 3755 2728 3826; x_wconf 77' lang='grc' dir='ltr'>δῆλον,</span> <span class='ocrx_word' id='word_1_877' title='bbox 2763 3755 2952 3826; x_wconf 78' lang='grc' dir='ltr'>φησὶν,</span> <span class='ocrx_word' id='word_1_878' title='bbox 2975 3755 3055 3806; x_wconf 90' lang='grc' dir='ltr'>ὅτι</span> <span class='ocrx_word' id='word_1_879' title='bbox 3082 3755 3364 3825; x_wconf 86' lang='grc' dir='ltr'>χρηστοῖς,</span> <span class='ocrx_word' id='word_1_880' title='bbox 3395 3751 3488 3805; x_wconf 82' lang='grc' dir='ltr'>καὶ</span> <span class='ocrx_word' id='word_1_881' title='bbox 3525 3753 3639 3813; x_wconf 85' lang='grc' dir='ltr'>τοῖς</span> <span class='ocrx_word' id='word_1_882' title='bbox 3676 3751 3755 3820; x_wconf 77' lang='grc' dir='ltr'>μὴ</span> 
     </span>
    </p>
   </div>
   <div class='ocr_carea' id='block_1_112' title="bbox 2168 3829 3756 3911">
    <p class='ocr_par' dir='ltr' id='par_1_112' title="bbox 2168 3829 3756 3911">
     <span class='ocr_line' id='line_1_115' title="bbox 2168 3829 3756 3911; baseline -0.005 -17"><span class='ocrx_word' id='word_1_883' title='bbox 2168 3840 2432 3904; x_wconf 89' lang='grc' dir='ltr'>τοιούτοις</span> <span class='ocrx_word' id='word_1_884' title='bbox 2468 3840 2651 3902; x_wconf 84' lang='grc' dir='ltr'>δόντες</span> <span class='ocrx_word' id='word_1_885' title='bbox 2688 3838 2970 3911; x_wconf 74' lang='grc' dir='ltr'>ληψόμεθα</span> <span class='ocrx_word' id='word_1_886' title='bbox 2996 3837 3088 3892; x_wconf 83' lang='grc' dir='ltr'>τὸν</span> <span class='ocrx_word' id='word_1_887' title='bbox 3126 3836 3357 3906; x_wconf 88' lang='grc' dir='ltr'>μισθόν;</span> <span class='ocrx_word' id='word_1_888' title='bbox 3401 3835 3518 3903; x_wconf 79' lang='grc' dir='ltr'>Ἀφ’</span> <span class='ocrx_word' id='word_1_889' title='bbox 3552 3829 3626 3888; x_wconf 83' lang='grc' dir='ltr'>ὧν</span> <span class='ocrx_word' id='word_1_890' title='bbox 3654 3835 3756 3886; x_wconf 71' lang='grc' dir='ltr'>αύ-</span> 
     </span>
    </p>
   </div>
   <div class='ocr_carea' id='block_1_113' title="bbox 2168 3918 3755 3993">
    <p class='ocr_par' dir='ltr' id='par_1_113' title="bbox 2168 3918 3755 3993">
     <span class='ocr_line' id='line_1_116' title="bbox 2168 3918 3755 3993; baseline -0.006 -15"><span class='ocrx_word' id='word_1_891' title='bbox 2168 3925 2258 3988; x_wconf 85' lang='grc' dir='ltr'>τὸς</span> <span class='ocrx_word' id='word_1_892' title='bbox 2289 3921 2442 3977; x_wconf 78' lang='grc' dir='ltr'>εἶπεν</span> <span class='ocrx_word' id='word_1_893' title='bbox 2465 3942 2478 3954; x_wconf 87' lang='grc'><strong>·</strong></span> <span class='ocrx_word' id='word_1_894' title='bbox 2519 3925 2792 3993; x_wconf 80' lang='grc' dir='ltr'>Εὕχεσθε</span> <span class='ocrx_word' id='word_1_895' title='bbox 2826 3922 2981 3989; x_wconf 75' lang='grc' dir='ltr'>ὑπὲρ</span> <span class='ocrx_word' id='word_1_896' title='bbox 3019 3920 3138 3973; x_wconf 75' lang='grc' dir='ltr'>τῶν</span> <span class='ocrx_word' id='word_1_897' title='bbox 3181 3918 3628 3986; x_wconf 77' lang='grc' dir='ltr'>ἐπηρεαζόντων</span> <span class='ocrx_word' id='word_1_898' title='bbox 3654 3918 3755 3970; x_wconf 67' lang='grc' dir='ltr'>καὶ</span> 
     </span>
    </p>
   </div>
   <div class='ocr_carea' id='block_1_114' title="bbox 2168 3999 3756 4075">
    <p class='ocr_par' dir='ltr' id='par_1_114' title="bbox 2168 3999 3756 4075">
     <span class='ocr_line' id='line_1_117' title="bbox 2168 3999 3756 4075; baseline -0.007 -15"><span class='ocrx_word' id='word_1_899' title='bbox 2168 4009 2502 4062; x_wconf 77' lang='grc' dir='ltr'>διωκόντων</span> <span class='ocrx_word' id='word_1_900' title='bbox 2523 4005 2697 4075; x_wconf 81' lang='grc' dir='ltr'>ὑμᾶς.</span> <span class='ocrx_word' id='word_1_901' title='bbox 2723 4005 2883 4068; x_wconf 81' lang='grc' dir='ltr'>ὅπως</span> <span class='ocrx_word' id='word_1_902' title='bbox 2901 4004 3158 4074; x_wconf 75' lang='grc' dir='ltr'>γένησθε</span> <span class='ocrx_word' id='word_1_903' title='bbox 3185 4003 3371 4071; x_wconf 81' lang='grc' dir='ltr'>ὅμοιοι</span> <span class='ocrx_word' id='word_1_904' title='bbox 3391 4001 3496 4055; x_wconf 81' lang='grc' dir='ltr'>τοῦ</span> <span class='ocrx_word' id='word_1_905' title='bbox 3521 3999 3756 4068; x_wconf 59' lang='grc' dir='ltr'>Πατρός</span> 
     </span>
    </p>
   </div>
   <div class='ocr_carea' id='block_1_115' title="bbox 2169 4084 3751 4160">
    <p class='ocr_par' dir='ltr' id='par_1_115' title="bbox 2169 4084 3751 4160">
     <span class='ocr_line' id='line_1_118' title="bbox 2169 4084 3751 4160; baseline -0.005 -15"><span class='ocrx_word' id='word_1_906' title='bbox 2169 4089 2358 4160; x_wconf 81' lang='grc' dir='ltr'>ὑμῶν,</span> <span class='ocrx_word' id='word_1_907' title='bbox 2394 4089 2498 4144; x_wconf 82' lang='grc' dir='ltr'>τοῦ</span> <span class='ocrx_word' id='word_1_908' title='bbox 2524 4090 2594 4143; x_wconf 79' lang='grc' dir='ltr'>ἐν</span> <span class='ocrx_word' id='word_1_909' title='bbox 2618 4089 2744 4156; x_wconf 81' lang='grc' dir='ltr'>τοῖς</span> <span class='ocrx_word' id='word_1_910' title='bbox 2770 4087 3069 4154; x_wconf 76' lang='grc' dir='ltr'>οὐρανοῖς,</span> <span class='ocrx_word' id='word_1_911' title='bbox 3103 4087 3193 4139; x_wconf 77' lang='grc' dir='ltr'>ὅτι</span> <span class='ocrx_word' id='word_1_912' title='bbox 3225 4085 3334 4139; x_wconf 76' lang='grc' dir='ltr'>τὸν</span> <span class='ocrx_word' id='word_1_913' title='bbox 3357 4085 3538 4152; x_wconf 78' lang='grc' dir='ltr'>ἣλιον</span> <span class='ocrx_word' id='word_1_914' title='bbox 3564 4084 3751 4138; x_wconf 83' lang='grc' dir='ltr'>αὑτοῦ</span> 
     </span>
    </p>
   </div>
   <div class='ocr_carea' id='block_1_116' title="bbox 2171 4168 3752 4240">
    <p class='ocr_par' dir='ltr' id='par_1_116' title="bbox 2171 4168 3752 4240">
     <span class='ocr_line' id='line_1_119' title="bbox 2171 4168 3752 4240; baseline -0.006 -11"><span class='ocrx_word' id='word_1_915' title='bbox 2171 4173 2489 4229; x_wconf 75' lang='grc' dir='ltr'>ἀνατέλλει</span> <span class='ocrx_word' id='word_1_916' title='bbox 2531 4173 2629 4226; x_wconf 76' lang='grc' dir='ltr'>ἐπὶ</span> <span class='ocrx_word' id='word_1_917' title='bbox 2665 4171 2972 4240; x_wconf 74' lang='grc' dir='ltr'>πονηροὺς</span> <span class='ocrx_word' id='word_1_918' title='bbox 3007 4171 3104 4224; x_wconf 79' lang='grc' dir='ltr'>καί</span> <span class='ocrx_word' id='word_1_919' title='bbox 3154 4168 3438 4239; x_wconf 79' lang='grc' dir='ltr'>ἀγαθοὺς,</span> <span class='ocrx_word' id='word_1_920' title='bbox 3476 4169 3574 4221; x_wconf 74' lang='grc' dir='ltr'>καὶ</span> <span class='ocrx_word' id='word_1_921' title='bbox 3610 4169 3752 4236; x_wconf 76' lang='grc' dir='ltr'>βρέ-</span> 
     </span>
    </p>
   </div>
   <div class='ocr_carea' id='block_1_117' title="bbox 2171 4249 3749 4326">
    <p class='ocr_par' dir='ltr' id='par_1_117' title="bbox 2171 4249 3749 4326">
     <span class='ocr_line' id='line_1_120' title="bbox 2171 4249 3749 4326; baseline -0.005 -15"><span class='ocrx_word' id='word_1_922' title='bbox 2171 4275 2262 4326; x_wconf 82' lang='grc' dir='ltr'>χει</span> <span class='ocrx_word' id='word_1_923' title='bbox 2294 4257 2394 4310; x_wconf 82' lang='grc' dir='ltr'>ἐπὶ</span> <span class='ocrx_word' id='word_1_924' title='bbox 2425 4257 2696 4321; x_wconf 79' lang='grc' dir='ltr'>δικαίους</span> <span class='ocrx_word' id='word_1_925' title='bbox 2718 4255 2817 4309; x_wconf 75' lang='grc' dir='ltr'>καὶ</span> <span class='ocrx_word' id='word_1_926' title='bbox 2843 4253 3111 4320; x_wconf 81' lang='grc' dir='ltr'>ἀδίκους.</span> <span class='ocrx_word' id='word_1_927' title='bbox 3142 4253 3357 4323; x_wconf 82' lang='grc' dir='ltr'>Ὥσπερ</span> <span class='ocrx_word' id='word_1_928' title='bbox 3377 4249 3469 4306; x_wconf 78' lang='grc' dir='ltr'>οὖν</span> <span class='ocrx_word' id='word_1_929' title='bbox 3500 4255 3530 4306; x_wconf 83' lang='grc' dir='ltr'>ό</span> <span class='ocrx_word' id='word_1_930' title='bbox 3554 4251 3749 4304; x_wconf 83' lang='grc' dir='ltr'>Δεσπό-</span> 
     </span>
    </p>
   </div>
   <div class='ocr_carea' id='block_1_118' title="bbox 2168 4336 3745 4411">
    <p class='ocr_par' dir='ltr' id='par_1_118' title="bbox 2168 4336 3745 4411">
     <span class='ocr_line' id='line_1_121' title="bbox 2168 4336 3745 4411; baseline -0.004 -19"><span class='ocrx_word' id='word_1_931' title='bbox 2168 4358 2268 4411; x_wconf 90' lang='grc' dir='ltr'>της</span> <span class='ocrx_word' id='word_1_932' title='bbox 2320 4357 2436 4402; x_wconf 86' lang='grc' dir='ltr'>σου,</span> <span class='ocrx_word' id='word_1_933' title='bbox 2490 4339 2699 4410; x_wconf 88' lang='grc' dir='ltr'>μυρίων</span> <span class='ocrx_word' id='word_1_934' title='bbox 2751 4338 2913 4390; x_wconf 77' lang='grc' dir='ltr'>αὐτὸν</span> <span class='ocrx_word' id='word_1_935' title='bbox 2981 4337 3472 4407; x_wconf 74' lang='grc' dir='ltr'>βλασφημούντων,</span> <span class='ocrx_word' id='word_1_936' title='bbox 3539 4336 3745 4406; x_wconf 85' lang='grc' dir='ltr'>μυρίων</span> 
     </span>
    </p>
   </div>
   <div class='ocr_carea' id='block_1_119' title="bbox 2172 4420 3746 4494">
    <p class='ocr_par' dir='ltr' id='par_1_119' title="bbox 2172 4420 3746 4494">
     <span class='ocr_line' id='line_1_122' title="bbox 2172 4420 3746 4494; baseline -0.004 -18"><span class='ocrx_word' id='word_1_937' title='bbox 2172 4423 2574 4494; x_wconf 89' lang='grc' dir='ltr'>πορνευόντων,</span> <span class='ocrx_word' id='word_1_938' title='bbox 2632 4421 2974 4475; x_wconf 88' lang='grc' dir='ltr'>κλεπτόντων</span> <span class='ocrx_word' id='word_1_939' title='bbox 2996 4462 3010 4483; x_wconf 90' lang='grc'>,</span> <span class='ocrx_word' id='word_1_940' title='bbox 3071 4420 3476 4493; x_wconf 84' lang='grc' dir='ltr'>λῃστευόντων,</span> <span class='ocrx_word' id='word_1_941' title='bbox 3545 4420 3746 4488; x_wconf 81' lang='grc' dir='ltr'>τάφους</span> 
     </span>
    </p>
   </div>
   <div class='ocr_carea' id='block_1_120' title="bbox 2171 4501 3744 4578">
    <p class='ocr_par' dir='ltr' id='par_1_120' title="bbox 2171 4501 3744 4578">
     <span class='ocr_line' id='line_1_123' title="bbox 2171 4501 3744 4578; baseline -0.004 -19"><span class='ocrx_word' id='word_1_942' title='bbox 2171 4506 2592 4578; x_wconf 84' lang='grc' dir='ltr'>ἀνορυττόντων,</span> <span class='ocrx_word' id='word_1_943' title='bbox 2637 4505 2807 4576; x_wconf 88' lang='grc' dir='ltr'>μυρία</span> <span class='ocrx_word' id='word_1_944' title='bbox 2846 4504 3229 4574; x_wconf 76' lang='grc' dir='ltr'>ἐργαζομένων</span> <span class='ocrx_word' id='word_1_945' title='bbox 3262 4501 3434 4568; x_wconf 77' lang='grc' dir='ltr'>κακά,</span> <span class='ocrx_word' id='word_1_946' title='bbox 3469 4501 3620 4574; x_wconf 73' lang='lat'><strong>[259]</strong></span> <span class='ocrx_word' id='word_1_947' title='bbox 3648 4501 3744 4553; x_wconf 81' lang='grc' dir='ltr'>οὐκ</span> 
     </span>
    </p>
   </div>
   <div class='ocr_carea' id='block_1_121' title="bbox 2169 4585 3743 4659">
    <p class='ocr_par' dir='ltr' id='par_1_121' title="bbox 2169 4585 3743 4659">
     <span class='ocr_line' id='line_1_124' title="bbox 2169 4585 3743 4659; baseline -0.005 -15"><span class='ocrx_word' id='word_1_948' title='bbox 2169 4591 2467 4659; x_wconf 80' lang='grc' dir='ltr'>ἀφίσταται</span> <span class='ocrx_word' id='word_1_949' title='bbox 2499 4589 2598 4659; x_wconf 88' lang='grc' dir='ltr'>τῆς</span> <span class='ocrx_word' id='word_1_950' title='bbox 2637 4590 2716 4652; x_wconf 84' lang='grc' dir='ltr'>εἰς</span> <span class='ocrx_word' id='word_1_951' title='bbox 2745 4589 2994 4650; x_wconf 70' lang='grc' dir='ltr'>ἅπαντας</span> <span class='ocrx_word' id='word_1_952' title='bbox 3028 4587 3370 4657; x_wconf 88' lang='grc' dir='ltr'>εὐεργεσίας,</span> <span class='ocrx_word' id='word_1_953' title='bbox 3401 4586 3540 4640; x_wconf 86' lang='grc' dir='ltr'>ἀλλά</span> <span class='ocrx_word' id='word_1_954' title='bbox 3567 4585 3743 4654; x_wconf 68' lang='grc' dir='ltr'>κοινὴν</span> 
     </span>
    </p>
   </div>
   <div class='ocr_carea' id='block_1_122' title="bbox 2168 4671 3744 4744">
    <p class='ocr_par' dir='ltr' id='par_1_122' title="bbox 2168 4671 3744 4744">
     <span class='ocr_line' id='line_1_125' title="bbox 2168 4671 3744 4744; baseline -0.006 -17"><span class='ocrx_word' id='word_1_955' title='bbox 2168 4675 2268 4744; x_wconf 85' lang='grc' dir='ltr'>τὴν</span> <span class='ocrx_word' id='word_1_956' title='bbox 2295 4675 2511 4735; x_wconf 86' lang='grc' dir='ltr'>ἀκτῖνα,</span> <span class='ocrx_word' id='word_1_957' title='bbox 2541 4673 2753 4734; x_wconf 79' lang='grc' dir='ltr'>κοινοὺς</span> <span class='ocrx_word' id='word_1_958' title='bbox 2779 4673 2903 4732; x_wconf 79' lang='grc' dir='ltr'>τοῦς</span> <span class='ocrx_word' id='word_1_959' title='bbox 2932 4671 3193 4740; x_wconf 71' lang='grc' dir='ltr'>ὄμϐρους,</span> <span class='ocrx_word' id='word_1_960' title='bbox 3223 4672 3315 4723; x_wconf 72' lang='grc' dir='ltr'>καὶ</span> <span class='ocrx_word' id='word_1_961' title='bbox 3340 4671 3466 4732; x_wconf 74' lang='grc' dir='ltr'>τοὺς</span> <span class='ocrx_word' id='word_1_962' title='bbox 3503 4671 3744 4741; x_wconf 70' lang='grc' dir='ltr'>καρποὺς</span> 
     </span>
    </p>
   </div>
   <div class='ocr_carea' id='block_1_123' title="bbox 2169 4753 3747 4826">
    <p class='ocr_par' dir='ltr' id='par_1_123' title="bbox 2169 4753 3747 4826">
     <span class='ocr_line' id='line_1_126' title="bbox 2169 4753 3747 4826; baseline -0.005 -16"><span class='ocrx_word' id='word_1_963' title='bbox 2169 4758 2296 4818; x_wconf 78' lang='grc' dir='ltr'>τοὺς</span> <span class='ocrx_word' id='word_1_964' title='bbox 2325 4756 2432 4809; x_wconf 85' lang='grc' dir='ltr'>ἀπὸ</span> <span class='ocrx_word' id='word_1_965' title='bbox 2460 4757 2556 4826; x_wconf 82' lang='grc' dir='ltr'>τῆς</span> <span class='ocrx_word' id='word_1_966' title='bbox 2587 4755 2690 4824; x_wconf 81' lang='grc' dir='ltr'>γῆς</span> <span class='ocrx_word' id='word_1_967' title='bbox 2714 4753 3026 4825; x_wconf 90' lang='grc' dir='ltr'>προτίθησι,</span> <span class='ocrx_word' id='word_1_968' title='bbox 3066 4754 3166 4826; x_wconf 78' lang='grc' dir='ltr'>τὴν</span> <span class='ocrx_word' id='word_1_969' title='bbox 3198 4753 3610 4824; x_wconf 76' lang='grc' dir='ltr'>φιλανθρωπίαν</span> <span class='ocrx_word' id='word_1_970' title='bbox 3637 4754 3747 4804; x_wconf 84' lang='grc' dir='ltr'>ἐπι-</span> 
     </span>
    </p>
   </div>
   <div class='ocr_carea' id='block_1_124' title="bbox 2170 4836 3746 4908">
    <p class='ocr_par' dir='ltr' id='par_1_124' title="bbox 2170 4836 3746 4908">
     <span class='ocr_line' id='line_1_127' title="bbox 2170 4836 3746 4908; baseline -0.003 -17"><span class='ocrx_word' id='word_1_971' title='bbox 2170 4838 2521 4908; x_wconf 88' lang='grc' dir='ltr'>δεικνύμενος</span> <span class='ocrx_word' id='word_1_972' title='bbox 2557 4837 2654 4907; x_wconf 77' lang='grc' dir='ltr'>την</span> <span class='ocrx_word' id='word_1_973' title='bbox 2695 4837 2917 4890; x_wconf 79' lang='grc' dir='ltr'>ἐαυτοῦ’</span> <span class='ocrx_word' id='word_1_974' title='bbox 2951 4836 3096 4890; x_wconf 83' lang='grc' dir='ltr'>οῦτω</span> <span class='ocrx_word' id='word_1_975' title='bbox 3129 4838 3223 4891; x_wconf 81' lang='grc' dir='ltr'>καὶ</span> <span class='ocrx_word' id='word_1_976' title='bbox 3267 4839 3332 4890; x_wconf 79' lang='grc' dir='ltr'>σὺ</span> <span class='ocrx_word' id='word_1_977' title='bbox 3380 4837 3625 4906; x_wconf 84' lang='grc' dir='ltr'>ποίησον,</span> <span class='ocrx_word' id='word_1_978' title='bbox 3652 4836 3746 4888; x_wconf 70' lang='grc' dir='ltr'>καὶ</span> 
     </span>
    </p>
   </div>
   <div class='ocr_carea' id='block_1_125' title="bbox 2172 4918 3740 4993">
    <p class='ocr_par' dir='ltr' id='par_1_125' title="bbox 2172 4918 3740 4993">
     <span class='ocr_line' id='line_1_128' title="bbox 2172 4918 3740 4993; baseline -0.003 -18"><span class='ocrx_word' id='word_1_979' title='bbox 2172 4925 2299 4976; x_wconf 82' lang='grc' dir='ltr'>ὅταν</span> <span class='ocrx_word' id='word_1_980' title='bbox 2344 4923 2530 4984; x_wconf 88' lang='grc' dir='ltr'>ἐλέους</span> <span class='ocrx_word' id='word_1_981' title='bbox 2576 4922 2766 4992; x_wconf 77' lang='grc' dir='ltr'>καιρὸς</span> <span class='ocrx_word' id='word_1_982' title='bbox 2888 4921 2981 4973; x_wconf 73' lang='grc' dir='ltr'>καὶ</span> <span class='ocrx_word' id='word_1_983' title='bbox 3032 4921 3477 4992; x_wconf 85' lang='grc' dir='ltr'>φιλανθρωπίας,</span> <span class='ocrx_word' id='word_1_984' title='bbox 3538 4919 3740 4991; x_wconf 79' lang='grc' dir='ltr'>διόρθου</span> 
     </span>
    </p>
   </div>
   <div class='ocr_carea' id='block_1_126' title="bbox 2170 5003 3739 5078">
    <p class='ocr_par' dir='ltr' id='par_1_126' title="bbox 2170 5003 3739 5078">
     <span class='ocr_line' id='line_1_129' title="bbox 2170 5003 3739 5078; baseline -0.004 -18"><span class='ocrx_word' id='word_1_985' title='bbox 2170 5007 2268 5078; x_wconf 72' lang='grc' dir='ltr'>τὴν</span> <span class='ocrx_word' id='word_1_986' title='bbox 2302 5007 2514 5068; x_wconf 87' lang='grc' dir='ltr'>πενίαν,</span> <span class='ocrx_word' id='word_1_987' title='bbox 2551 5005 2645 5058; x_wconf 89' lang='grc' dir='ltr'>λύε</span> <span class='ocrx_word' id='word_1_988' title='bbox 2677 5005 2769 5059; x_wconf 83' lang='grc' dir='ltr'>τὸν</span> <span class='ocrx_word' id='word_1_989' title='bbox 2809 5005 2986 5075; x_wconf 83' lang='grc' dir='ltr'>λιμὸν,</span> <span class='ocrx_word' id='word_1_990' title='bbox 3023 5004 3333 5058; x_wconf 86' lang='grc' dir='ltr'>ἀπάλλαττε</span> <span class='ocrx_word' id='word_1_991' title='bbox 3365 5004 3467 5074; x_wconf 76' lang='grc' dir='ltr'>τῆς</span> <span class='ocrx_word' id='word_1_992' title='bbox 3496 5003 3739 5072; x_wconf 65' lang='grc' dir='ltr'>θλίψεως,</span> 
     </span>
    </p>
   </div>
   <div class='ocr_carea' id='block_1_127' title="bbox 2177 5087 3742 5160">
    <p class='ocr_par' dir='ltr' id='par_1_127' title="bbox 2177 5087 3742 5160">
     <span class='ocr_line' id='line_1_130' title="bbox 2177 5087 3742 5160; baseline -0.004 -18"><span class='ocrx_word' id='word_1_993' title='bbox 2177 5091 2341 5160; x_wconf 83' lang='grc' dir='ltr'>μηδὲν</span> <span class='ocrx_word' id='word_1_994' title='bbox 2383 5091 2694 5160; x_wconf 88' lang='grc' dir='ltr'>περαιτέρω</span> <span class='ocrx_word' id='word_1_995' title='bbox 2720 5088 3109 5160; x_wconf 82' lang='grc' dir='ltr'>περιεργάζου.</span> <span class='ocrx_word' id='word_1_996' title='bbox 3134 5089 3197 5140; x_wconf 76' lang='grc' dir='ltr'>Εἰ</span> <span class='ocrx_word' id='word_1_997' title='bbox 3227 5088 3336 5158; x_wconf 80' lang='grc' dir='ltr'>γὰρ</span> <span class='ocrx_word' id='word_1_998' title='bbox 3363 5087 3428 5157; x_wconf 80' lang='grc' dir='ltr'>δὴ</span> <span class='ocrx_word' id='word_1_999' title='bbox 3463 5087 3742 5157; x_wconf 83' lang='grc' dir='ltr'>μέλλοιμεν</span> 
     </span>
    </p>
   </div>
   <div class='ocr_carea' id='block_1_128' title="bbox 2176 5167 3742 5243">
    <p class='ocr_par' dir='ltr' id='par_1_128' title="bbox 2176 5167 3742 5243">
     <span class='ocr_line' id='line_1_131' title="bbox 2176 5167 3742 5243; baseline -0.005 -17"><span class='ocrx_word' id='word_1_1000' title='bbox 2176 5173 2323 5243; x_wconf 83' lang='grc' dir='ltr'>βίους</span> <span class='ocrx_word' id='word_1_1001' title='bbox 2363 5173 2713 5243; x_wconf 81' lang='grc' dir='ltr'>ἐρευνᾶσθαι,</span> <span class='ocrx_word' id='word_1_1002' title='bbox 2744 5173 2998 5225; x_wconf 83' lang='grc' dir='ltr'>οὐδέποτε</span> <span class='ocrx_word' id='word_1_1003' title='bbox 3039 5171 3231 5224; x_wconf 85' lang='grc' dir='ltr'>οὐδένα</span> <span class='ocrx_word' id='word_1_1004' title='bbox 3275 5169 3564 5240; x_wconf 84' lang='grc' dir='ltr'>ἄνθρωπον</span> <span class='ocrx_word' id='word_1_1005' title='bbox 3593 5167 3742 5234; x_wconf 70' lang='grc' dir='ltr'>ἐλεη-</span> 
     </span>
    </p>
   </div>
   <div class='ocr_carea' id='block_1_129' title="bbox 2175 5255 3745 5328">
    <p class='ocr_par' dir='ltr' id='par_1_129' title="bbox 2175 5255 3745 5328">
     <span class='ocr_line' id='line_1_132' title="bbox 2175 5255 3745 5328; baseline -0.006 -17"><span class='ocrx_word' id='word_1_1006' title='bbox 2175 5273 2371 5328; x_wconf 87' lang='grc' dir='ltr'>σομεν·</span> <span class='ocrx_word' id='word_1_1007' title='bbox 2411 5256 2526 5308; x_wconf 82' lang='grc' dir='ltr'>ἀλλ’</span> <span class='ocrx_word' id='word_1_1008' title='bbox 2570 5256 2674 5308; x_wconf 79' lang='grc' dir='ltr'>ὑπὸ</span> <span class='ocrx_word' id='word_1_1009' title='bbox 2706 5259 2804 5328; x_wconf 83' lang='grc' dir='ltr'>τῆς</span> <span class='ocrx_word' id='word_1_1010' title='bbox 2841 5257 3071 5328; x_wconf 85' lang='grc' dir='ltr'>ἀκαίρου</span> <span class='ocrx_word' id='word_1_1011' title='bbox 3103 5256 3310 5327; x_wconf 87' lang='grc' dir='ltr'>ταύτης</span> <span class='ocrx_word' id='word_1_1012' title='bbox 3358 5255 3745 5325; x_wconf 75' lang='grc' dir='ltr'>πολυπραγμο-</span> 
     </span>
    </p>
   </div>
   <div class='ocr_carea' id='block_1_130' title="bbox 2178 5337 3743 5412">
    <p class='ocr_par' dir='ltr' id='par_1_130' title="bbox 2178 5337 3743 5412">
     <span class='ocr_line' id='line_1_133' title="bbox 2178 5337 3743 5412; baseline -0.005 -17"><span class='ocrx_word' id='word_1_1013' title='bbox 2178 5342 2350 5412; x_wconf 89' lang='grc' dir='ltr'>σύνης</span> <span class='ocrx_word' id='word_1_1014' title='bbox 2393 5339 2831 5410; x_wconf 87' lang='grc' dir='ltr'>ἐμποδισθέντες,</span> <span class='ocrx_word' id='word_1_1015' title='bbox 2886 5341 3125 5411; x_wconf 82' lang='grc' dir='ltr'>ἄκαρποι</span> <span class='ocrx_word' id='word_1_1016' title='bbox 3179 5340 3276 5393; x_wconf 69' lang='grc' dir='ltr'>καὶ</span> <span class='ocrx_word' id='word_1_1017' title='bbox 3325 5339 3506 5405; x_wconf 78' lang='grc' dir='ltr'>πάσης</span> <span class='ocrx_word' id='word_1_1018' title='bbox 3553 5337 3743 5404; x_wconf 71' lang='grc' dir='ltr'>ἕρημος</span> 
     </span>
    </p>
   </div>
   <div class='ocr_carea' id='block_1_131' title="bbox 2177 5416 3744 5495">
    <p class='ocr_par' dir='ltr' id='par_1_131' title="bbox 2177 5416 3744 5495">
     <span class='ocr_line' id='line_1_134' title="bbox 2177 5416 3744 5495; baseline -0.006 -17"><span class='ocrx_word' id='word_1_1019' title='bbox 2177 5424 2428 5495; x_wconf 82' lang='grc' dir='ltr'>βοηθείας</span> <span class='ocrx_word' id='word_1_1020' title='bbox 2455 5423 2838 5493; x_wconf 89' lang='grc' dir='ltr'>διαμενοῦμεν,</span> <span class='ocrx_word' id='word_1_1021' title='bbox 2873 5424 2966 5476; x_wconf 63' lang='grc' dir='ltr'>καὶ⁹</span> <span class='ocrx_word' id='word_1_1022' title='bbox 2997 5423 3162 5477; x_wconf 79' lang='grc' dir='ltr'>πολὺν</span> <span class='ocrx_word' id='word_1_1023' title='bbox 3195 5419 3608 5492; x_wconf 82' lang='grc' dir='ltr'>ὐποστησόμεθα</span> <span class='ocrx_word' id='word_1_1024' title='bbox 3639 5416 3744 5469; x_wconf 83' lang='grc' dir='ltr'>πό-</span> 
     </span>
    </p>
   </div>
   <div class='ocr_carea' id='block_1_132' title="bbox 2175 5503 3743 5578">
    <p class='ocr_par' dir='ltr' id='par_1_132' title="bbox 2175 5503 3743 5578">
     <span class='ocr_line' id='line_1_135' title="bbox 2175 5503 3743 5578; baseline -0.006 -18"><span class='ocrx_word' id='word_1_1025' title='bbox 2175 5525 2263 5561; x_wconf 90' lang='grc' dir='ltr'>νον</span> <span class='ocrx_word' id='word_1_1026' title='bbox 2296 5506 2415 5576; x_wconf 79' lang='grc' dir='ltr'>εἰκῆ</span> <span class='ocrx_word' id='word_1_1027' title='bbox 2457 5506 2553 5559; x_wconf 70' lang='grc' dir='ltr'>καὶ</span> <span class='ocrx_word' id='word_1_1028' title='bbox 2585 5507 2782 5577; x_wconf 87' lang='grc' dir='ltr'>μάτην.</span> <span class='ocrx_word' id='word_1_1029' title='bbox 2827 5506 2918 5559; x_wconf 79' lang='grc' dir='ltr'>Διδ</span> <span class='ocrx_word' id='word_1_1030' title='bbox 2943 5506 3006 5577; x_wconf 85' lang='grc' dir='ltr'>δὴ</span> <span class='ocrx_word' id='word_1_1031' title='bbox 3042 5504 3349 5578; x_wconf 85' lang='grc' dir='ltr'>παρακαλῶ</span> <span class='ocrx_word' id='word_1_1032' title='bbox 3380 5506 3479 5575; x_wconf 78' lang='grc' dir='ltr'>τὴν</span> <span class='ocrx_word' id='word_1_1033' title='bbox 3521 5503 3743 5569; x_wconf 73' lang='grc' dir='ltr'>ἄκαιρον</span> 
     </span>
    </p>
   </div>
   <div class='ocr_carea' id='block_1_133' title="bbox 2173 5582 3746 5661">
    <p class='ocr_par' dir='ltr' id='par_1_133' title="bbox 2173 5582 3746 5661">
     <span class='ocr_line' id='line_1_136' title="bbox 2173 5582 3746 5661; baseline -0.006 -17"><span class='ocrx_word' id='word_1_1034' title='bbox 2173 5591 2379 5661; x_wconf 87' lang='grc' dir='ltr'>ταύτην</span> <span class='ocrx_word' id='word_1_1035' title='bbox 2410 5589 2725 5660; x_wconf 87' lang='grc' dir='ltr'>περιεργίαν</span> <span class='ocrx_word' id='word_1_1036' title='bbox 2748 5590 3097 5653; x_wconf 82' lang='grc' dir='ltr'>ἐκϐαλόντας,</span> <span class='ocrx_word' id='word_1_1037' title='bbox 3125 5591 3235 5652; x_wconf 84' lang='grc' dir='ltr'>τοῖς</span> <span class='ocrx_word' id='word_1_1038' title='bbox 3261 5587 3532 5657; x_wconf 82' lang='grc' dir='ltr'>δεομένοις</span> <span class='ocrx_word' id='word_1_1039' title='bbox 3546 5582 3746 5637; x_wconf 79' lang='grc' dir='ltr'>διδόναι</span> 
     </span>
    </p>
   </div>
   <div class='ocr_carea' id='block_1_134' title="bbox 2178 5667 3734 5742">
    <p class='ocr_par' dir='ltr' id='par_1_134' title="bbox 2178 5667 3734 5742">
     <span class='ocr_line' id='line_1_137' title="bbox 2178 5667 3734 5742; baseline -0.008 -14"><span class='ocrx_word' id='word_1_1040' title='bbox 2178 5676 2333 5738; x_wconf 78' lang='grc' dir='ltr'>πᾶσι,</span> <span class='ocrx_word' id='word_1_1041' title='bbox 2378 5675 2472 5726; x_wconf 75' lang='grc' dir='ltr'>καὶ</span> <span class='ocrx_word' id='word_1_1042' title='bbox 2505 5674 2642 5742; x_wconf 87' lang='grc' dir='ltr'>μετά</span> <span class='ocrx_word' id='word_1_1043' title='bbox 2683 5673 2886 5740; x_wconf 74' lang='grc' dir='ltr'>πολλῆς</span> <span class='ocrx_word' id='word_1_1044' title='bbox 2923 5671 3080 5726; x_wconf 89' lang='grc' dir='ltr'>τοῦτο</span> <span class='ocrx_word' id='word_1_1045' title='bbox 3109 5675 3282 5725; x_wconf 85' lang='grc' dir='ltr'>ποιεῖν</span> <span class='ocrx_word' id='word_1_1046' title='bbox 3316 5672 3415 5740; x_wconf 78' lang='grc' dir='ltr'>τῆς</span> <span class='ocrx_word' id='word_1_1047' title='bbox 3443 5667 3734 5738; x_wconf 64' lang='grc' dir='ltr'>δαψιλείας,</span> 
     </span>
    </p>
   </div>
   <div class='ocr_carea' id='block_1_135' title="bbox 2175 5745 3746 5829">
    <p class='ocr_par' dir='ltr' id='par_1_135' title="bbox 2175 5745 3746 5829">
     <span class='ocr_line' id='line_1_138' title="bbox 2175 5745 3746 5829; baseline -0.006 -17"><span class='ocrx_word' id='word_1_1048' title='bbox 2175 5761 2262 5812; x_wconf 87' lang='grc' dir='ltr'>ῖνα</span> <span class='ocrx_word' id='word_1_1049' title='bbox 2308 5758 2399 5812; x_wconf 78' lang='grc' dir='ltr'>καὶ</span> <span class='ocrx_word' id='word_1_1050' title='bbox 2429 5757 2582 5812; x_wconf 80' lang='grc' dir='ltr'>αὐτοὶ</span> <span class='ocrx_word' id='word_1_1051' title='bbox 2612 5758 2750 5810; x_wconf 82' lang='grc' dir='ltr'>κατὰ</span> <span class='ocrx_word' id='word_1_1052' title='bbox 2784 5757 2880 5829; x_wconf 77' lang='grc' dir='ltr'>τὴν</span> <span class='ocrx_word' id='word_1_1053' title='bbox 2913 5758 3123 5828; x_wconf 74' lang='grc' dir='ltr'>ἡμέραν</span> <span class='ocrx_word' id='word_1_1054' title='bbox 3157 5756 3373 5825; x_wconf 75' lang='grc' dir='ltr'>ἐκείνην</span> <span class='ocrx_word' id='word_1_1055' title='bbox 3423 5750 3600 5808; x_wconf 62' lang='grc' dir='ltr'>πολλοί</span> <span class='ocrx_word' id='word_1_1056' title='bbox 3637 5745 3746 5797; x_wconf 67' lang='grc' dir='ltr'>τοῦ</span> 
     </span>
    </p>
   </div>
  </div>
