3990 6358
361 268 467 325 Ξιίθ

365 387 511 449 pium
545 384 744 441 habere
778 384 1070 459 discipulos
1093 388 1282 459 jussit,
1312 398 1361 444 et
1386 404 1505 461 quae
1536 389 1958 444 immittebantur

364 487 598 546 portare,
639 487 801 548 atque
829 480 956 534 inde
981 482 1164 549 egenis
1191 482 1619 537 subministrare.
1659 480 1792 556 Nam
1837 496 1959 536 cum

361 571 558 625 Jndam
603 573 937 642 a-nigmalice
976 572 1043 627 de
1084 573 1388 644 proditione
1424 575 1806 645 alloqueretur,
1855 590 1960 628 non

368 662 728 731 intclligentes
765 662 1009 732 discipuli
1042 664 1182 731 quod
1211 665 1488 719 ὀὶοιιὺτιιιιτ
1515 706 1531 731 ,
1566 664 1852 735 putabant,
1884 666 1963 719 ἰη-

364 752 501 819 quit,
533 754 703 820 ipsum
733 753 931 809 dixisse
971 754 1042 809 illi
1074 764 1131 809 ut
1182 756 1504 826 pauperibus
1537 756 1736 826 aliquid
1775 755 1957 810 daret:

365 859 489 897 nam
524 843 873 915 Marsupium,
900 847 1103 916 inquit,
1133 848 1240 914 ipse
1264 847 1497 913 habebat,
1522 858 1567 902 et
1586 865 1702 919 qua:
1720 850 1961 902 immitte-

366 939 553 988 bantur
588 938 825 1005 portabat
854 935 1030 1008 (Joan.
1068 939 1154 992 12.
1191 939 1270 1009 6).
1303 938 1545 1009 Magnam
1581 939 1779 1009 quippe
1824 940 1964 994 Deus

368 1027 631 1082 rationem
662 1026 823 1082 habet
842 1028 909 1083 de
939 1029 1305 1084 misericordia
1332 1075 1348 1097 ,
1383 1046 1487 1085 non
1519 1031 1587 1086 de
1632 1045 1727 1086 sua
1760 1041 1963 1087 tantum

367 1134 494 1188 erga
518 1134 638 1184 nos,
666 1119 760 1173 sed
790 1120 859 1174 de
887 1133 1069 1175 nostra
1102 1123 1260 1177 etiam
1309 1124 1359 1177 in
1402 1138 1690 1179 conservos
1726 1142 1739 1177 :
1771 1140 1873 1195 qua
1898 1125 1966 1180 de

370 1226 429 1265 re
460 1211 658 1266 multas
686 1223 741 1267 et
777 1211 829 1266 in
859 1213 1038 1269 Veteri
1086 1226 1139 1269 et
1185 1216 1235 1269 in
1266 1215 1414 1270 Novo
1443 1216 1786 1272 Testamento
1824 1220 1966 1287 leges

364 1291 663 1367 constituit,
706 1303 976 1360 hominem
1005 1306 1199 1375 jubens
1240 1316 1295 1362 ct
1329 1309 1505 1363 verbis
1534 1321 1588 1364 ct
1632 1309 1870 1376 pecuniis
1913 1321 1968 1364 et

369 1394 622 1462 operibus
655 1394 940 1466 benignum
963 1413 1101 1452 esse.
1148 1398 1256 1454 llac
1282 1399 1349 1454 de
1371 1416 1429 1454 re
1456 1404 1651 1469 passim
1674 1402 1881 1474 Moyses
1911 1405 1959 1456 in

370 1483 576 1554 legibus
624 1500 926 1541 sermonem
966 1489 1152 1543 inserit
1186 1489 1327 1544 :boc
1366 1507 1427 1545 ex
1464 1506 1690 1561 pet-Sona
1725 1493 1813 1548 Dei
1844 1510 1968 1564 pro~

370 1572 546 1645 phetze
589 1577 841 1643 clamant,
897 1578 1303 1635 Misericordiam
1347 1583 1480 1649 volo,
1536 1593 1582 1637 et
1624 1602 1725 1637 non
1765 1587 1965 1654 sacriﬁ-

368 1670 502 1723 cium
532 1670 685 1741 (Osee
713 1673 763 1727 6.
782 1671 837 1736 6)
862 1690 873 1725 :
898 1675 1124 1743 apostoli
1143 1690 1355 1746 quoque
1374 1676 1433 1730 iis
1449 1691 1682 1732 consona
1700 1687 1755 1733 et
1770 1678 1968 1733 faciunt

369 1770 423 1813 et
448 1761 859 1834 dicunt(Matth.
879 1764 932 1819 9.
957 1764 1067 1835 15).
1120 1765 1199 1821 Ne
1228 1767 1405 1837 itaque
1432 1784 1543 1823 rem
1564 1769 1705 1824 illam
1728 1772 1965 1841 negliga-

370 1870 516 1910 mus:
533 1871 641 1911 non
660 1858 799 1912 enim
814 1860 1137 1929 pauperibus
1157 1861 1479 1926 tantum,sed
1497 1862 1649 1918 nobis
1666 1863 1791 1933 ipsis
1809 1865 1968 1918 maxi-

369 1968 456 2008 me
479 1969 781 2023 prosumus,
802 1954 1111 2025 maioraque
1131 1955 1442 2026 accipimus,
1461 1972 1620 2026 quam
1644 1958 1963 2027 przebemus.

444 2046 496 2099 6.
540 2043 665 2099 Non
710 2047 1047 2118 perquirenda
1093 2063 1364 2117 egenorum
1404 2049 1507 2101 vita
1547 2057 1600 2101 ut
1650 2049 1967 2120 eleemosyna

369 2146 619 2207 erogetur.
648 2168 721 2178 —
748 2138 877 2193 Haec
904 2155 1010 2193 non
1035 2140 1153 2194 sine
1184 2153 1345 2194 causa
1376 2155 1518 2196 nunc
1547 2141 1697 2209 dico,
1722 2141 1815 2196 sed
1842 2143 1965 2212 quia

370 2229 610 2299 plerique
647 2245 847 2301 egenos
898 2234 1109 2286 curiose
1163 2232 1512 2302 interrogant,
1561 2234 1833 2304 inquirunt
1869 2251 1965 2304 pa-

371 2324 549 2390 triam,
580 2323 765 2391 vitam,
797 2340 995 2388 mores,
1035 2334 1226 2391 artem,
1277 2326 1516 2395 corporis
1560 2326 1915 2381 valetudinem
1948 2345 1962 2380 :

368 2414 741 2471 accusationes
786 2416 1086 2482 intentant,
1118 2427 1172 2471 et
1199 2426 1478 2472 sexcentas
1511 2417 1579 2473 de
1616 2419 1843 2474 sanitate
1878 2436 1966 2475 ra-

370 2508 542 2562 tiones
571 2517 841 2580 repetunt.
884 2508 1115 2580 Ideoque
1141 2510 1294 2565 multi
1323 2511 1568 2579 corporis
1600 2512 1965 2567 mutilationes

366 2601 652 2665 simulant,
688 2612 746 2657 ut
784 2603 922 2659 ficta:
962 2604 1278 2658 calamitatis
1325 2604 1552 2659 artiﬁcio
1591 2604 1963 2660 crudelitatem

369 2693 865 2765 immanitatemque
904 2704 1140 2750 nostram
1165 2695 1383 2750 ﬂectere
1411 2696 1642 2752 valeant.
1687 2697 1751 2750 Et
1780 2706 1964 2751 mstate

366 2784 583 2852 quidem
627 2786 804 2839 taliter
842 2786 1138 2853 criminari,
1173 2802 1332 2856 grave
1372 2786 1497 2841 licet
1533 2786 1634 2850 sit,
1660 2803 1763 2843 non
1799 2803 1964 2858 usque

366 2873 503 2928 adeo
532 2884 707 2929 tamen
734 2890 896 2946 grave
915 2885 997 2930 est
1021 2894 1033 2929 :
1067 2877 1259 2948 hyeme
1284 2892 1411 2931 vero
1429 2887 1647 2947 urgente
1673 2878 1869 2948 frigore
1892 2878 1963 2933 ita

366 2978 426 3018 se
457 2964 805 3021 inhumanum
834 2976 888 3021 et.
931 2967 1099 3022 ferum
1140 2978 1392 3037 prmstarc
1428 2967 1693 3036 judicem,
1728 2969 1964 3023 veniant-

365 3072 473 3126 que
515 3058 713 3112 nullam
760 3059 946 3115 otiosis
975 3060 1290 3122 concedere,
1322 3076 1496 3115 annon
1524 3076 1747 3118 summa:
1768 3063 1961 3118 crude-

368 3148 534 3203 litatis
562 3147 771 3204 fuerit?
807 3150 915 3205 Cur
938 3152 1114 3222 itaque
1142 3152 1357 3219 Paulus,
1382 3152 1522 3208 dicet
1548 3154 1760 3224 aliquis,
1792 3155 1964 3210 Thes-

366 3242 790 3298 salonicensibus
819 3246 955 3299 hanc
978 3245 1146 3314 legem
1168 3245 1375 3300 ferebat
1407 3263 1422 3300 :
1457 3247 1665 3317 Siquis
1706 3265 1807 3302 non
1854 3251 1962 3303 vult

362 3334 614 3400 laborare,
644 3352 734 3390 nec
758 3339 1027 3391 manducet
1048 3336 1122 3407 (ἓ.
1156 3337 1335 3393 Thess.
1356 3339 1409 3393 '5.
1434 3338 1567 3410 10)?
1600 3339 1665 3396 Ut
1689 3350 1743 3394 et
1764 3349 1817 3395 tu
1848 3341 1963 3395 hare

362 3428 570 3492 audias,
622 3438 677 3483 et
712 3445 816 3483 non
849 3431 1019 3500 ipsum
1061 3439 1288 3499 tantum,
1323 3433 1415 3486 sed
1460 3443 1509 3487 te
1546 3449 1758 3505 quoque
1814 3435 1959 3491 hisce

364 3518 516 3572 Pauli
543 3520 718 3575 verbis
758 3522 1069 3590 compelles.
1110 3523 1257 3577 Pauli
1290 3524 1485 3597 quippe
1512 3524 1654 3596 leges
1683 3542 1786 3581 non
1824 3542 1958 3597 pau—

363 3611 582 3679 poribus
605 3621 831 3678 tantum,
864 3614 957 3667 sed
990 3616 1148 3668 etiam
1180 3616 1335 3670 nobis
1364 3618 1550 3686 posita:
1589 3628 1731 3673 sunt.
1773 3620 1957 3674 Dicam

363 3700 562 3770 aliquid
599 3716 886 3757 onerosum
933 3717 987 3759 et
1041 3707 1324 3761 molestum
1375 3726 1388 3762 :
1435 3711 1548 3764 scio
1594 3708 1710 3765 fore
1761 3721 1819 3766 ut
1864 3729 1960 3768 γης

363 3795 760 3860 succenseatis;
789 3803 1021 3851 attamen
1054 3797 1223 3852 dicam
1251 3815 1262 3850 :
1293 3814 1398 3853 non
1416 3800 1557 3854 enim
1586 3810 1642 3855 ut
1667 3802 1954 3871 offendam,

363 3885 456 3937 St'd
482 3895 537 3939 ut
563 3887 842 3941 emendem
872 3889 1012 3943 dicn.
1056 3888 1161 3944 Illis
1187 3890 1352 3944 otium
1367 3892 1793 3961 objicimus,re'm
1813 3910 1956 3963 Saepe

361 3978 517 4031 venia
544 3978 795 4049 dignam:
832 3996 927 4034 nos
959 3990 1133 4036 autem
1165 3998 1226 4036 ea
1258 3992 1661 4052 perpetrantus,
1694 4001 1812 4055 quae
1847 3989 1957 4040 otio

366 4069 524 4138 longe
551 4072 794 4139 graviora
817 4072 945 4126 sint.
984 4074 1054 4127 At
1083 4073 1456 4143 cgo,_inquies,
1496 4084 1767 4144 paternam
1798 4077 1952 4131 here-

364 4160 583 4215 ditatem
618 4162 807 4216 habeo.
854 4165 933 4217 An
973 4180 1120 4233 ergo,
1154 4166 1240 4219 dic
1275 4166 1404 4219 mihi
1428 4209 1442 4231 ,
1472 4167 1594 4235 quia
1625 4167 1715 4222 ille
1758 4184 1957 4237 pauper

360 4264 442 4305 est
471 4262 525 4306 et
552 4268 615 4305 ex
658 4253 980 4322 pauperibus
1022 4264 1192 4320 ortus,
1248 4271 1349 4309 nec
1398 4257 1680 4325 opulentos
1723 4259 1955 4328 majores

357 4341 563 4405 habuit,
596 4342 786 4413 dignus
833 4355 917 4400 est
959 4347 1047 4417 qui
1086 4347 1303 4415 pereat?
1360 4347 1606 4406 Profecto
1645 4364 1705 4403 ea
1749 4349 1859 4418 ipsa
1889 4350 1955 4405 de

355 4451 517 4488 causa
561 4438 1031 4493 commiseratione
1068 4447 1122 4493 et
1171 4440 1531 4495 misericordia
1577 4440 1719 4510 apud
1763 4442 1954 4497 divites

355 4526 549 4597 dignus
572 4526 748 4582 fuerit.
777 4528 856 4583 Tu
879 4530 1092 4599 quidem
1117 4545 1258 4602 smpe
1286 4531 1426 4586 diem
1449 4532 1500 4585 in
1534 4531 1757 4587 theatris
1780 4543 1948 4587 trans-

352 4619 526 4689 igcns,
556 4621 639 4675 vel
688 4622 742 4674 in
780 4622 1119 4677 consessibus
1140 4666 1153 4688 ,
1192 4624 1577 4694 colloquiisque
1601 4667 1616 4690 ,
1647 4642 1710 4679 ex
1760 4627 1953 4696 quibus

354 4710 488 4765 nihil
511 4711 723 4766 accedit
751 4712 904 4776 lucri,
929 4714 1108 4767 multis
1124 4714 1447 4785 obloqueris,
1483 4716 1718 4785 nihilque
1748 4716 1872 4770 mali
1902 4729 1951 4772 tc

353 4802 534 4857 facere
556 4818 655 4858 nec
674 4805 903 4859 otiosum
934 4820 1054 4859 esse
1076 4815 1227 4874 putas
1250 4821 1264 4858 :
1297 4805 1440 4860 hunc
1468 4821 1598 4860 vero
1620 4808 1872 4861 miserum
1896 4819 1950 4861 et

348 4912 759 4961 aerumnosum,
810 4898 900 4967 qui
938 4898 991 4951 in
1038 4898 1288 4967 precibus
1317 4940 1330 4965 ,
1389 4900 1637 4970 lacrymis
1699 4900 1951 4970 milleque

347 4989 606 5042 :erumnis
622 4997 733 5043 toto
757 4988 844 5044 die
869 4998 1133 5053 versatur,
1159 4989 1402 5055 damnas,
1426 4990 1492 5044 ad
1513 4989 1735 5044 tribunal
1760 4991 1947 5056 trahis,

346 5079 416 5132 de
443 5094 617 5148 eoque
647 5080 881 5135 rationes
903 5081 1184 5150 exposcis?
1212 5081 1479 5145 Hzcccine,
1503 5096 1708 5150 quzeso,
1730 5081 1947 5137 humani

345 5179 475 5224 sunt
499 5170 699 5225 animi?
725 5170 887 5242 Igitur
914 5173 1127 5241 quando
1169 5171 1323 5236 dicis,
1366 5174 1501 5239 Quid
1533 5174 1772 5231 dicemus
1802 5173 1945 5228 Pau-

346 5265 434 5317 lo?
465 5274 521 5319 tu
549 5280 611 5320 ea
663 5267 776 5335 ipsa
813 5266 941 5332 tibi,
972 5283 1077 5321 non
1108 5268 1429 5338 pauperibus
1471 5267 1652 5323 dicito.
1697 5269 1944 5338 Alioquin

347 5375 502 5424 vero,
533 5375 601 5414 ne
657 5361 830 5414 minas
875 5363 993 5427 ejus
1044 5369 1247 5413 tantum
1278 5361 1456 5431 legas,
1488 5361 1582 5414 sed
1636 5370 1689 5415 ct
1733 5363 1939 5415 veniam

341 5468 562 5522 quoque
590 5469 605 5505 :
636 5468 756 5506 nam
788 5453 878 5523 qui
903 5452 1051 5517 dicit,
1083 5452 1142 5507 Si
1166 5453 1275 5521 quis
1306 5470 1405 5506 non
1428 5453 1643 5517 laborat,
1677 5469 1766 5505 nec
1794 5470 1941 5507 man-

343 5542 517 5605 ducet,
542 5542 740 5612 adjecit
768 5560 782 5598 :
814 5541 916 5605 Vos
942 5552 1106 5595 autem
1127 5584 1139 5607 ,
1173 5543 1376 5610 fratres,
1400 5543 1555 5597 nolite
1589 5542 1801 5611 deﬁcere
1822 5546 1942 5596 bene

346 5636 591 5703 facientes
640 5633 717 5705 (2.
749 5633 925 5689 Thess.
960 5634 1011 5691 3.
1049 5635 1156 5705 15).
1191 5637 1257 5687 At
1297 5644 1528 5704 quonam
1576 5635 1653 5689 illi
1694 5637 1938 5704 specioSo

342 5727 567 5784 obtentu
595 5726 849 5781 utuntur?
883 5726 1108 5800 Fugitivi
1141 5736 1263 5782 sunt
1288 5769 1302 5793 ,
1338 5728 1614 5799 inquiunt,
1648 5728 1933 5799 peregrini,

1670 275 1758 331 DE
1798 275 2274 334 ELEEMUSYNA.

3557 267 3660 324 270

2070 390 2417 458 verberones,
2466 394 2556 463 qui
2605 410 2698 448 sua
2754 395 2933 450 relicta
2977 398 3141 467 patria
3175 398 3225 452 in
3259 398 3527 455 civitatem
3560 414 3663 454 no-

2070 494 2235 538 stram
2262 483 2556 540 conﬂuunt.
2600 486 2796 543 ldeone
2816 529 2834 553 ,
2858 504 3039 557 qumso
3058 531 3073 555 ,
3106 490 3478 557 stomacharis,
3507 500 3561 547 et
3581 492 3661 547 ci-

2071 575 2249 630 vitatis
2268 591 2522 630 coronam
2550 578 2786 644 vellicas,
2816 580 2938 649 quia
2961 595 3149 635 omnes
3175 598 3291 636 eam
3322 598 3661 638 communem

2070 679 2189 719 esse
2226 674 2436 733 portum
2464 667 2805 733 existimant,
2832 678 2887 723 et
2930 671 3159 739 propriae
3204 673 3434 727 alienam
3467 672 3662 742 praefe-

2070 756 2226 809 runt?
2256 756 2367 810 [mo
2405 772 2533 811 vero
2560 761 2659 812 hac
2683 758 2752 813 de
2790 774 2949 814 causa
2994 760 3268 815 exsultare
3312 763 3549 833 oportuit
3598 778 3662 817 ac

2071 847 2406 917 la-tari,quia
2433 848 2500 902 ad
2540 864 2729 903 manus
2773 862 2997 915 vestras,
3049 854 3203 921 quasi
3256 853 3325 907 ad
3373 869 3661 909 commune

2069 941 2336 1010 quoddam
2364 942 2686 1011 emporium,
2704 957 2893 998 omnes
2918 954 3223 1007 accurrunt,
3241 955 3295 999 et
3319 960 3659 1000 communem

2072 1045 2293 1086 matrem
2324 1033 2462 1088 hanc
2490 1034 2755 1088 civitatem
2780 1049 2900 1089 esse
2928 1035 3275 1090 arbitrantur.
3318 1036 3394 1092 Ne
3413 1079 3427 1104 ,
3455 1053 3664 1107 qumso,

2072 1134 2277 1180 tantum
2299 1127 2601 1180 encomium
2634 1126 2961 1181 labefactetis
2981 1169 2995 1193 ,
3029 1143 3199 1197 neque
3221 1128 3490 1199 antiquam
3524 1128 3663 1183 hanc

2073 1229 2455 1289 paternamque
2484 1220 2692 1277 laudem
2742 1222 3019 1278 deeidatis.
3062 1223 3201 1278 Olim
3248 1240 3477 1295 namque
3538 1240 3661 1279 cum

2070 1308 2239 1363 fames
2268 1318 2433 1364 totum
2460 1312 2649 1367 orbem
2680 1312 2924 1368 invasura
2950 1323 3111 1377 esset,
3143 1314 3301 1383 hujus
3328 1313 3556 1371 civitatis
3577 1313 3663 1369 in-

2070 1399 2211 1455 cola:
2234 1399 2717 1474 Jerosolymitanis,
2779 1404 2966 1459 iisdem
3013 1405 3161 1477 ipsis,
3209 1406 3276 1460 de
3321 1407 3513 1476 quibus
3552 1406 3661 1475 iam

2072 1508 2248 1548 sermo
2290 1493 2533 1562 habetur,
2577 1512 2673 1567 per
2710 1494 3018 1552 Barnabam
3051 1507 3104 1551 et
3149 1497 3369 1553 Paulum
3412 1500 3665 1567 pecunias

2073 1602 2176 1640 non
2209 1603 2404 1658 paucas
2425 1590 2688 1644 miserunt
2722 1590 2856 1661 (Act.
2892 1592 2971 1645 ll.
3005 1590 3117 1662 '50).
3146 1592 3262 1658 Qua
3303 1590 3462 1661 igitur
3500 1590 3666 1645 fueri-

2071 1695 2191 1734 mus
2242 1681 2418 1747 venia,
2450 1696 2554 1751 qua
2605 1680 2916 1736 defensione
2962 1682 3128 1751 digni,
3176 1682 3387 1752 quando
3431 1681 3666 1753 majores

2071 1772 2286 1843 quidem
2336 1773 2502 1827 nostri
2550 1772 2710 1828 etiam
2758 1777 2937 1843 procul
2984 1776 3185 1845 positos
3237 1774 3348 1829 suis
3402 1773 3661 1844 pecuniis,

2072 1864 2231 1917 etiam
2253 1862 2319 1918 ad
2344 1865 2487 1934 ipsos
2516 1876 2888 1930 accurrentes,
2925 1867 3174 1920 aluerunt
3204 1884 3217 1920 :
3249 1880 3348 1920 nos
3374 1881 3505 1922 vero
3528 1880 3622 1920 eos
3643 1906 3663 1933 ,

2070 1958 2157 2026 qni
2185 1956 2402 2012 aliunde
2430 1957 2498 2012 ad
2525 1973 2625 2013 nos
2649 1957 2967 2029 confugiunt
2988 2000 3002 2023 ,
3033 1960 3280 2030 pellimus
3300 2002 3315 2026 ,
3342 1959 3514 2030 deque
3561 1959 3664 2013 illis

2071 2048 2306 2104 rationes
2348 2049 2664 2119 expetimus,
2722 2066 2842 2105 cum
2885 2052 3116 2106 sciamus
3163 2066 3261 2106 nos
3316 2046 3666 2119 plurimorum

2071 2141 2334 2196 malorum
2375 2156 2496 2197 esse
2524 2142 2685 2197 reos?
2710 2142 2862 2209 Quod
2892 2143 2937 2197 si
2979 2142 3122 2199 Deus
3151 2143 3220 2198 ita
3242 2143 3525 2213 diligenter
3567 2157 3666 2197 nos

2070 2241 2419 2299 scrutaretur,
2452 2241 2509 2287 ut
2538 2247 2636 2287 nos
2661 2248 3206 2305 causampauperum,
3229 2235 3426 2290 nullam
3454 2234 3664 2290 veniam

2069 2323 2153 2379 vel
2178 2323 2599 2378 misericordiam
2626 2338 3109 2394 consequeremur:
3138 2323 3206 2378 In
3227 2342 3323 2397 quo
3349 2326 3489 2380 enim
3511 2326 3633 2395 jutli
3648 2353 3664 2365 -

2069 2417 2168 2481 cio,
2198 2415 2389 2486 hquit,
2411 2414 2728 2486 judicabitis,
2746 2416 3102 2488 judicabimini
3131 2416 3343 2487 (Matt/1.
3370 2414 3511 2487 7.2).
3536 2416 3663 2471 Esto

2070 2508 2230 2578 igitur
2278 2508 2538 2578 benignus
2587 2507 2960 2578 humanusque
3008 2523 3269 2565 conservo
3325 2526 3337 2561 :
3392 2508 3665 2577 multaque

2070 2608 2285 2668 peccata
2316 2599 2525 2654 dimitte
2545 2641 2560 2666 ,
2602 2614 2666 2654 ac
2694 2600 3114 2657 misericordiam
3142 2616 3362 2666 exerce,
3389 2609 3448 2655 ut
3472 2610 3524 2656 et
3551 2602 3665 2671 ipse

2068 2691 2228 2744 talem
2275 2690 2531 2759 impetres
2587 2691 2926 2745 sententiam.
2970 2690 3104 2759 Quid
3157 2690 3249 2745 tibi
3301 2690 3401 2761 ipsi
3453 2691 3663 2760 negotia

2069 2781 2330 2837 facessis?
2356 2782 2481 2853 quid
2512 2783 2722 2837 curiose
2752 2783 3046 2838 scrutaris?
3072 2782 3128 2839 Si
3160 2784 3300 2838 Deus
3324 2785 3664 2853 praecepisset

2070 2883 2124 2927 nt
2145 2874 2369 2929 aliorum
2390 2876 2550 2928 vitam
2572 2885 2953 2941 scrutaremur,
2974 2875 3208 2929 rationes
3225 2890 3660 2945 exposcercmus,

2068 2978 2350 3035 moresque
2381 2966 2594 3021 curiose
2614 2965 3052 3035 disquireremus,
3079 2980 3256 3020 annon
3284 2966 3435 3020 multi
3464 2966 3515 3020 id
3544 2981 3658 3020 mo-

2070 3054 2205 3111 leste
2226 3054 2463 3111 ferrent?
2483 3071 2663 3112 annon
2693 3058 2828 3111 intra
2852 3073 2911 3112 se
2937 3057 3195 3122 dicerent,
3223 3057 3360 3126 Quid
3381 3058 3540 3128 igitur
3559 3056 3664 3115 hoc

2066 3148 2183 3203 est?
2211 3148 2481 3204 dimcilem
2512 3150 2665 3205 nobis
2708 3165 2821 3206 rem
2852 3152 2990 3205 Deus
3023 3152 3346 3221 praescripsit
3375 3170 3389 3206 :
3419 3167 3486 3205 an
3534 3167 3662 3222 pos-

2067 3256 2249 3294 sumus
2275 3241 2500 3295 aliorum
2532 3242 2693 3296 vitam
2724 3243 3071 3297 examinare?
3110 3259 3234 3298 num
3273 3243 3473 3298 scimus
3511 3260 3660 3314 quae-

2067 3348 2189 3386 nam
2220 3333 2308 3388 ille
2336 3334 2454 3388 talis
2486 3341 2709 3403 peccata.
2722 3334 3038 3389 admiserit?
3064 3336 3255 3389 Annon
3286 3336 3437 3390 multi
3467 3337 3660 3392 similia

2067 3426 2293 3494 plurima
2319 3426 2598 3482 dicerent?
2625 3427 2775 3482 Nunc
2801 3444 2948 3495 vero,
2979 3443 3101 3483 cum
3132 3443 3230 3482 nos
3257 3429 3325 3483 ab
3354 3428 3659 3498 hujusmodi

2066 3519 2448 3589 perquisitione
2476 3520 2737 3587 liberavit,
2760 3535 2822 3575 ac
2853 3520 3153 3575 mercedem
3181 3520 3338 3575 nobis
3370 3521 3659 3590 perfectam

2068 3627 2127 3666 se
2157 3614 2403 3667 daturum
2427 3613 2694 3682 pollicitus
2716 3623 2827 3679 est,
2865 3614 2979 3668 sive
3015 3614 3139 3668 mali
3167 3615 3279 3667 sive
3316 3614 3442 3668 boui
3473 3616 3580 3668 sint
3602 3615 3657 3677 ii,

2064 3706 2151 3773 qui
2205 3704 2490 3773 accipiunt,
2522 3704 2675 3758 nobis
2728 3705 2857 3772 ipsis
2901 3706 3171 3772 negotium
3222 3705 3546 3758 lacessimus.
3599 3706 3660 3757 lit

2066 3796 2207 3851 unde
2238 3796 2339 3851 hoc
2366 3798 2550 3868 liquet,
2581 3799 2811 3867 inquies,
2843 3798 2985 3867 quod
3016 3799 3127 3851 sive
3158 3797 3334 3863 bonis,
3366 3798 3479 3852 sive
3506 3800 3659 3852 malis

2063 3887 2392 3955 dederimus,
2417 3888 2716 3943 mercedem
2741 3888 3006 3957 accepturi
3037 3887 3245 3943 simus?
3270 3887 3347 3942 Eo
3368 3889 3510 3959 quod
3544 3888 3658 3957 ipse

2064 3979 2260 4034 dixerit
2288 3997 2298 4031 :
2329 3978 2484 4034 Orate
2507 3982 2597 4049 pro
2623 3979 2997 4043 insectantibus,
3031 3989 3078 4033 et
3101 3978 3524 4033 calumniantibus
3546 3996 3653 4040 vos,

2066 4081 2120 4123 ut
2146 4073 2253 4124 sitis
2274 4073 2461 4125 similes
2480 4070 2653 4124 Patris
2674 4073 2824 4125 vestri
2842 4113 2857 4136 ,
2887 4072 2970 4141 qui
2997 4071 3051 4123 in
3077 4071 3215 4124 cretis
3243 4078 3317 4123 est
3340 4112 3355 4138 ,
3377 4070 3461 4138 qui
3494 4070 3653 4122 solem

2061 4180 2207 4216 suum
2234 4165 2357 4217 oriri
2385 4164 2507 4234 facit
2546 4179 2699 4231 super
2742 4163 2896 4216 bonos
2926 4172 2970 4216 et
3001 4161 3181 4223 malos,
3232 4170 3278 4215 et
3333 4161 3460 4229 pluit
3499 4176 3652 4229 super

2054 4257 2224 4324 justas
2245 4265 2288 4309 et
2328 4256 2543 4325 injustas
2574 4254 2783 4324 (Matth.
2822 4255 2875 4307 5.
2909 4254 2996 4308 M.
3029 4253 3144 4321 45).
3187 4250 3647 4318 Quemadmodum

2061 4362 2190 4416 ergo
2217 4346 2473 4401 Dominus
2527 4353 2663 4408 tuus,
2720 4360 2841 4397 cum
2884 4344 3148 4398 innumeri
3192 4343 3367 4413 ipsum
3403 4340 3651 4408 blasphe-

2063 4447 2228 4499 ment,
2250 4436 2515 4491 innumeri
2548 4435 2897 4501 fornicentnr,
2930 4434 3191 4500 furentur,
3223 4432 3646 4497 latrocinentur,

2060 4528 2302 4597 sepulcra
2334 4528 2619 4589 eli'odiant,
2656 4527 2856 4580 inlinita
2902 4525 3041 4580 mala
3080 4533 3410 4594 pcrpctrcut,
3456 4538 3487 4576 a
3537 4523 3650 4575 suis

2059 4637 2185 4681 erga
2233 4637 2419 4675 omnes
2449 4621 2724 4675 beneﬁciis
2761 4635 2863 4673 non
2895 4618 3138 4682 absistit;
3185 4616 3277 4671 sed
3334 4630 3649 4669 communes

2060 4714 2259 4781 radios,
2295 4728 2606 4766 communes
2662 4710 2860 4766 imbres
2905 4719 2959 4765 et
3001 4709 3205 4763 fructus
3231 4719 3386 4761 terra:
3417 4706 3641 4777 profert,

2059 4823 2208 4862 suam
2235 4806 2494 4861 exhibens
2516 4820 2637 4875 erga
2664 4804 2907 4858 homines
2926 4801 3331 4859 benelicentiam
3368 4816 3380 4851 :
3407 4800 3485 4853 sic
3507 4808 3561 4852 et
3590 4809 3645 4852 tn

2061 4901 2237 4965 facito,
2278 4909 2330 4952 et
2369 4914 2488 4953 cum
2536 4908 2742 4967 tempus
2776 4895 3153 4952 misericordia:
3195 4892 3647 4962 humanitatisque

2058 4990 2370 5045 cxhibendm
2413 4989 2656 5050 adiuerit,
2696 5003 2955 5058 pauperes
2984 4987 3120 5049 fove,
3154 4985 3345 5040 famem
3376 4985 3525 5048 seda,
3576 4982 3645 5037 ab

2057 5082 2308 5137 :crumnis
2340 5082 2525 5147 libera,
2557 5081 2685 5134 nilnl
2706 5080 2926 5134 ulterius
2951 5088 3210 5134 scrutare.
3253 5077 3383 5131 Nam
3408 5078 3451 5130 si
3483 5078 3642 5130 vitam

2057 5174 2329 5228 hominum
2360 5173 2569 5227 curiose
2595 5170 3176 5240 disquiramus,nullius
3203 5184 3450 5239 umquam
3479 5168 3646 5221 misc-

2055 5266 2322 5318 rebimur:
2356 5263 2450 5317 sed
2482 5266 2581 5318 hac
2611 5263 2981 5330 intempestiva
3006 5261 3311 5315 curiositate
3341 5259 3638 5329 prirpediti,

2054 5358 2257 5426 absque
2286 5356 2482 5421 fructu,
2507 5363 2562 5409 et
2581 5355 2724 5408 omni
2752 5353 3059 5421 adiumento
3105 5350 3342 5406 destituti
3395 5348 3604 5401 nianebi
3622 5376 3640 5387 -

2057 5466 2193 5512 mus,
2223 5449 2554 5517 multumque
2582 5447 2783 5501 laboris
2818 5445 3012 5500 frustra
3058 5453 3112 5498 et
3157 5444 3421 5497 incassum
3466 5439 3640 5492 susci-

2054 5545 2282 5611 piemus.
2323 5542 2660 5610 Quapropter
2681 5553 2830 5609 rogo,
2859 5538 3267 5607 inopportunam
3299 5533 3436 5585 hanc
3460 5530 3643 5584 curio-

2050 5638 2260 5690 sitatem
2294 5634 2627 5704 abjicientes,
2652 5633 2834 5702 egenis
2864 5631 3111 5685 omnibus
3140 5627 3447 5696 largiamur,
3478 5621 3635 5691 idque

2020 5724 2377 5785 'abuudanter
2427 5726 2703 5795 faciamus,
2737 5733 2789 5779 ut
2841 5734 2892 5780 ct
2922 5723 3017 5795 ipsi
3070 5722 3159 5777 illo
3204 5719 3289 5773 die
3318 5729 3559 5786 magnam
3603 5730 3632 5769 a
