3990 6358
346 288 445 342 9.71
1085 279 1139 335 S.
1182 230 1459 335 JOANNIS
1496 274 1969 333 CHRYSOSTOMI
2009 274 2324 331 ARCIIIEP.
2364 272 2892 330 CONSTANTINOP.
3499 270 3596 324 272

2038 387 2302 457 simulque
2342 396 2527 441 sancto
2576 386 2817 455 Spiritui.
2844 384 3031 453 gloria,
3065 383 3365 453 imperium,
3409 380 3597 445 bonur,

2039 492 2178 531 nunc
2206 488 2259 531 et
2278 491 2511 546 semper,
2543 485 2597 529 et
2624 476 2675 529 in
2699 475 2891 529 saecula
2920 474 3258 529 smculorum.
3283 473 3474 527 Amen.

353 401 460 453 Deo
502 393 919 452 misericordiam
964 402 1016 447 et
1067 390 1450 461 benignitatem
1502 401 1928 458 consequamur;

349 504 505 560 quam
534 502 631 542 nos
656 502 844 541 omnes
873 485 1117 540 obtinere
1163 486 1464 552 contingat,
1493 481 1664 553 gratia
1690 490 1745 535 et
1775 480 1929 534 beni-
1992 559 1997 565 ~

349 582 548 653 gttitate
594 579 801 633 Domini
855 578 1022 632 nostri
1065 576 1189 631 Jesu
1240 576 1457 641 Christi,
1511 574 1722 644 quicum
1770 571 1934 637 Patri,

382 964 639 977 .._._._..
680 964 1455 993 ..ξε-...ῃ

980 1284 1334 1348 MONITUM
1381 1286 1481 1346 AD
1524 1286 1722 1347 TRES
1773 1285 2139 1348 HOMILIAS
2182 1288 2264 1349 IN
2316 1288 2543 1349 ILLUD
2579 1289 2969 1363 APOSTOLI,

420 1510 502 1564 An
524 1508 903 1582 Chrysostomi
931 1512 1039 1568 sint
1071 1527 1238 1568 necne
1265 1524 1374 1570 tres
1396 1522 1684 1584 sequentes
1723 1514 1967 1570 bomiliae
1997 1531 2166 1573 ausus
2205 1526 2288 1572 est
2328 1516 2603 1589 quispiam
2648 1518 2931 1586 dubitare,
2979 1534 3104 1575 cum
3138 1528 3322 1575 tamen
3365 1519 3441 1576 ita
3480 1539 3602 1580 sese

353 1656 547 1726 prodat
565 1655 941 1729 Cbrysostomi
973 1658 1166 1729 stylus,
1194 1659 1381 1726 dictio,
1410 1669 1625 1731 tropus,
1653 1670 1713 1716 ut
1739 1662 1784 1718 si
1812 1662 1936 1732 quis
1964 1663 2048 1718 vel
2071 1663 2345 1734 prioribus
2378 1663 2549 1721 labris
2582 1663 2703 1734 ejus
2729 1664 3023 1720 conciones
3054 1666 3312 1737 attigerit,
3344 1669 3597 1724 eumdem

354 1802 533 1872 ipsum
559 1798 616 1855 S.
648 1800 927 1857 doctorem
952 1802 1259 1871 loquentem
1291 1806 1474 1860 statim
1520 1813 1799 1874 agnoscat.
1849 1803 2140 1860 Dubitandi
2183 1820 2364 1861 causa:
2400 1807 2520 1861 viro
2569 1805 2812 1876 alioquin
2840 1805 3002 1861 docto
3036 1814 3091 1860 et
3136 1804 3372 1865 facundo
3408 1811 3603 1883 hujus-

356 1948 503 2003 modi
532 1946 685 2004 fuere
712 1948 895 2020 :quod
930 1966 1125 2022 nempe
1158 1951 1247 2007 hic
1278 1952 1633 2008 concionator
1668 1953 1819 2008 ltom.
1848 1952 1893 2020 l,
1926 1969 2079 2008 num.
2107 1952 2163 2016 5,
2194 1952 2647 2025 Semipelagianis
2678 1952 2859 2010 favere
2889 1957 3157 2023 videatur,
3183 1970 3309 2011 cum
3341 1956 3499 2022 dicit,
3539 1959 3607 2014 de

358 2086 514 2143 initio
546 2089 669 2145 ﬁdei
702 2090 968 2161 loquens:
1002 2090 1178 2162 Neque
1199 2093 1338 2146 enim
1371 2092 1533 2158 Deus,
1558 2109 1718 2165 neque
1762 2092 1991 2164 Spiritus
2034 2094 2213 2164 gratia
2253 2101 2493 2146 nostrum
2531 2093 2778 2161 pravenit
2822 2094 3149 2162 prepositum
3176 2110 3198 2150 :
3245 2096 3335 2149 sed
3396 2093 3607 2149 tametsi

357 2236 521 2295 uocet,
552 2237 820 2298 exspectat
846 2238 1019 2284 tamen
1046 2240 1104 2284 ut
1135 2240 1317 2298 sponte
1348 2241 1399 2285 et
1426 2228 1642 2301 propria
1680 2230 1948 2285 voluntate
1971 2230 2315 2301 (accedamus,
2342 2246 2405 2283 ac
2446 2241 2560 2284 tum
2598 2231 2829 2298 demum,
2858 2248 2977 2286 cum
3021 2234 3415 2299 accesserimus,
3458 2233 3607 2286 nobis

360 2376 513 2414 suum
543 2372 710 2418 totum
733 2365 942 2419 exhibet
966 2366 1247 2421 auxilium.
1286 2366 1487 2424 Verum
1519 2378 1629 2424 tum
1652 2385 1717 2425 ex
1738 2369 2168 2447 pgaecedentibus
2192 2368 2761 2440 subsequentibusque
2780 2368 2883 2422 hac
2910 2368 2964 2422 in
2988 2367 3608 2441 homiliaLChrysostomi

361 2506 564 2571 verbis,
605 2515 723 2563 tum
750 2509 913 2565 etiam
939 2525 1006 2565 ex
1048 2510 1169 2567 aliis
1202 2510 1328 2567 huic
1363 2512 1635 2569 similibus
1666 2527 1762 2572 per
1786 2512 2001 2568 diversa
2027 2511 2147 2582 ejus
2179 2526 2343 2583 opera
2367 2511 2629 2582 dispersis
2658 2514 2795 2569 locis
2836 2514 3204 2571 demonstrari
3237 2521 3451 2585 potest,
3486 2512 3611 2567 licet

367 2661 471 2699 non
495 2662 668 2716 pauca
695 2665 816 2719 quae
848 2666 1009 2721 supra
1043 2651 1204 2709 dictis
1232 2661 1556 2718 consonant,
1599 2651 1830 2709 subinde
1859 2652 2003 2723 apud
2033 2654 2490 2725 Chrysostomum
2528 2658 2842 2717 occurrant,
2868 2664 2995 2705 eum
3031 2658 3213 2704 tamen
3246 2662 3375 2705 vere
3408 2647 3477 2702 ad
3531 2647 3616 2701 in-

366 2788 523 2843 itium
564 2790 688 2846 lldei
716 2791 902 2862 gratia:
931 2792 1193 2847 auxilium
1224 2792 1595 2847 necessarium
1630 2806 1751 2848 esse
1782 2792 2084 2847 censuisse.
2114 2791 2251 2859 Quia
2287 2805 2415 2845 vero
2448 2804 2570 2860 qua:
2600 2787 2668 2843 ad
2705 2788 2935 2860 gratiam
2963 2796 3247 2857 spectant,
3283 2788 3533 2842 nondum
3558 2804 3615 2843 m

366 2930 794 2986 controversiam
840 2938 1063 2994 vocata,
1114 2929 1344 2984 necdum
1391 2939 1548 2983 erant
1588 2927 1753 2984 certis
1800 2943 1997 2984 vocum
2042 2927 2309 2983 limitibus
2346 2925 2803 2997 circumscripta,
2835 2924 2958 2979 ideo
3005 2923 3187 2994 aliqua
3234 2923 3431 2978 similia
3471 2924 3617 2994 apud

364 3073 841 3146 Chrysostomum,
871 3074 986 3130 haec
1010 3074 1185 3130 obiter
1211 3077 1544 3145 loquentem,
1570 3082 1900 3139 occurrunt;
1936 3071 2079 3127 unde
2110 3072 2155 3127 si
2185 3071 2307 3143 quis
2332 3070 2457 3125 hinc
2486 3068 2697 3132 νοθείας
2727 3064 3052 3123 sententiam
3090 3063 3247 3130 ferat,
3287 3065 3336 3121 is
3366 3066 3533 3136 plane
3562 3062 3617 3117 in

370 3215 427 3271 S.
457 3219 695 3273 doctoris
730 3216 947 3288 scriptis
980 3232 1099 3274 sese
1138 3218 1482 3289 peregrinum
1514 3231 1635 3272 esse
1662 3216 2001 3286 comprobet.
2034 3213 2235 3271 Verum
2273 3214 2414 3269 alius
2460 3213 2528 3267 ad
2566 3211 2683 3266 haec
2714 3208 2892 3265 iusius
2925 3182 3305 3277 pertractanda
3352 3203 3517 3260 nobis
3539 3211 3619 3259 est

369 3350 698 3407 constitutus
716 3350 890 3407 locus.
918 3352 1092 3405 Altam
1121 3352 1409 3407 dubitandi
1433 3366 1655 3407 causam
1687 3349 1843 3405 effert
1868 3349 1914 3404 is
1942 3348 2058 3419 ipse
2082 3347 2175 3416 qui
2200 3346 2437 3417 priorem
2467 3342 2698 3415 protulit
2729 3358 2743 3394 :
2775 3338 2889 3395 Sub
2914 3338 3128 3392 initium
3162 3335 3331 3391 tertiae
3355 3333 3619 3396 homiliae,

1412 3890 1546 3979 DE
1612 3890 1978 3971 VERBIS
2057 3886 2561 3967 APOSTOLI

373 4246 698 4291 usnnures
740 4246 958 4290 suum
1020 4245 1293 4291 annona
1358 4244 1658 4288 smmum
1698 4243 1897 4299 FIDE],
1943 4242 2123 4286 srcur
2167 4242 2476 4285 SCRIPTUM
2522 4241 2635 4283 EST
2681 4224 2784 4299 (2.
2832 4223 2974 4285 Cor.
3016 4224 3075 4279 lt.
3123 4222 3270 4299 13).
3336 4236 3493 4280 "est
3552 4236 3631 4277 ne

452 4346 554 4389 ms
610 4343 857 4399 VERBIS,
923 4343 1218 4398 cunmm,
1262 4343 1547 4386 nomen
1616 4341 1785 4394 quon
1845 4341 1951 4383 LOC

2051 4342 2120 4383 us
2187 4340 2312 4383 SUM
2359 4322 2578 4401 (Psal.
2626 4320 2763 4380 115.
2838 4319 2990 4399 10),
3037 4336 3117 4378 ET
3183 4337 3267 4377 ms
3334 4334 3634 4379 ELEEMO—

428 4428 603 4491 sm
656 4426 769 4511 (a).

2064 4584 2293 4597 -κ

1957 4573 2049 4613 BHE

444 4692 496 4746 1.
538 4688 927 4759 Sapientissimi
984 4687 1177 4742 medici
1228 4686 1316 4741 ubi
1362 4684 1545 4739 vident
1594 4685 1745 4739 ulcus
1792 4701 1950 4755 egere

376 4783 541 4848 ferro,
570 4782 857 4836 admovent
884 4778 1099 4850 quidem
1127 4777 1416 4832 sectionem
1440 4818 1455 4842 ,
1485 4775 1578 4830 sed
1608 4776 1709 4830 hoc
1751 4775 1953 4830 faciunt

378 4889 485 4927 non
513 4873 630 4928 sine
664 4872 878 4938 aﬁectu,
911 4881 964 4926 et
1000 4867 1483 4934 commiseratione,
1508 4883 1689 4922 verum
1719 4877 1774 4922 et
1813 4882 1952 4923 ma:-

376 4972 496 5018 rent
538 4973 593 5017 et
633 4962 864 5032 gaudent
895 4977 1000 5015 non
1028 4960 1203 5015 minus
1229 4973 1384 5029 quam
1412 4958 1511 5027 ipsi
1537 4959 1625 5027 qui
1655 4968 1905 5013 secantur
1935 4977 1947 5012 :

378 5064 607 5110 moerent
633 5053 847 5121 quidem
888 5061 1105 5121 propter
1128 5050 1369 5105 dolorem
1399 5064 1556 5119 quem
1597 5049 1829 5105 secando
1868 5054 1948 5104 in-

377 5144 587 5208 ferunt;
609 5143 840 5213 gaudent
886 5154 1063 5197 autem
1106 5150 1323 5211 propter
1352 5141 1632 5195 sanitatem
1656 5183 1671 5208 ,
1695 5157 1812 5209 qua:
1852 5141 1953 5196 hoc

379 5234 542 5289 modo
562 5242 921 5304 comparatur.
954 5232 1097 5288 Idem
1128 5243 1181 5289 et
1220 5232 1415 5289 Paulus
1440 5231 1598 5296 fecit,
1624 5234 1836 5302 sapiens
1864 5234 1953 5288 ille

374 5328 671 5380 animarum
725 5323 982 5378 medicus.
1038 5322 1342 5379 Corinthios
1395 5321 1538 5377 enim
1583 5338 1701 5378 cum
1759 5324 1952 5378 acriori

377 5415 747 5486 objurgatione
791 5429 927 5483 opus
973 5414 1229 5470 haberent
1258 5416 1574 5484 increpans,
1620 5414 1826 5469 laetatus
1872 5424 1954 5469 est

381 5508 540 5561 simul
567 5515 620 5561 et
642 5507 881 5561 tristatus
912 5506 1251 5561 :tristabatur
1276 5506 1416 5575 quod
1437 5505 1675 5560 dolorem
1704 5504 1947 5571 inferret,

380 5598 655 5653 itetabatur
676 5598 816 5668 quod
842 5596 1209 5667 prodesset.Et
1225 5608 1510 5670 utrumque
1529 5598 1629 5654 hoc
1648 5598 1952 5669 signiﬁcans

442 5734 517 5797 (ο)
539 5731 711 5785 collata
734 5748 845 5787 cum
869 5733 1118 5785 codicibus
1139 5741 1243 5785 Mss.
1269 5734 1399 5784 Colb.
1432 5735 1525 5785 970
1551 5740 1601 5786 et
1627 5734 1764 5785 1050.

2058 4687 2305 4742 dicebat:
2338 4687 2507 4752 Quare
2570 4686 2763 4741 etiamsi
2815 4686 3104 4740 rontristavi
3148 4701 3236 4739 uos
3287 4702 3378 4755 per
3417 4686 3635 4754 priorem

2056 4777 2320 4845 epistolam
2344 4819 2358 4843 ,
2382 4793 2480 4831 non
2502 4794 2580 4830 nte
2605 4778 2830 4845 paenitet,
2862 4778 3059 4831 tametsi
3102 4777 3399 4847 panituerat
3418 4778 3495 4846 (2.
3516 4776 3631 4830 Cor.

2056 4870 2109 4923 7.
2136 4867 2336 4940 8).Cur
2372 4869 2815 4937 paenituerat‘iet
2858 4883 2955 4924 cur
2993 4882 3102 4922 non
3149 4866 3417 4936 paenitet?
3460 4866 3636 4922 Paeni-

2059 4967 2263 5025 tuerat,
2304 4960 2431 5029 quia
2471 4960 2647 5013 acrius
2698 4958 3008 5028 objurgavi;
3054 4972 3159 5012 non
3211 4959 3467 5027 paenitet,
3513 4958 3633 5027 quia

2057 5062 2289 5107 erratum
2321 5052 2551 5107 correxi.
2578 5052 2644 5105 Et
2668 5060 2725 5105 ut
2773 5051 2912 5105 scias
2940 5048 3077 5105 hanc
3106 5064 3228 5105 esse
3252 5064 3492 5113 causam,
3512 5048 3631 5103 audi

2057 5145 2183 5216 quid
2212 5153 2466 5215 sequatur
2499 5163 2511 5198 :
2563 5144 2718 5198 Video
2741 5160 2955 5212 namque
2996 5145 3133 5213 quod
3170 5144 3386 5212 epistola
3411 5143 3535 5207 illa,
3567 5152 3636 5193 ta-

2057 5239 2201 5291 metsi
2234 5237 2301 5289 ad
2328 5247 2541 5307 tempus,
2567 5236 2879 5289 contristavit
2916 5251 3045 5289 vos:
3080 5252 3213 5288 nunc
3258 5236 3455 5305 gaudeo
3479 5276 3495 5296 ,
3537 5249 3635 5285 non

2056 5328 2189 5397 quod
2248 5327 2531 5379 contristati
2557 5327 2778 5395 fueritis,
2802 5326 2890 5379 sed
2928 5326 3060 5395 quod
3095 5325 3375 5377 contristati
3420 5324 3529 5377 sitis
3570 5322 3636 5374 ad

2060 5420 2400 5489 paenitentiam
2428 5416 2531 5487 (Ib.
2556 5434 2602 5470 υ.
2638 5416 2716 5486 9).
2740 5416 2964 5469 Etiamsi
3008 5415 3073 5468 ad
3118 5423 3327 5483 tempus
3371 5427 3466 5467 vos
3506 5426 3637 5465 con-

2057 5514 2292 5579 tristavi,
2326 5512 2567 5567 molestia
2598 5512 2683 5565 illa
2714 5519 3085 5564 momentanea
3112 5507 3233 5587 fuit,
3258 5506 3427 5576 inquit
3454 5523 3467 5557 :
3492 5504 3633 5558 utili-

2060 5616 2142 5660 tas
2166 5616 2343 5661 autem
2390 5605 2527 5674 ejus-
2543 5612 2818 5674 perpetua.
2851 5601 3151 5657 Permittite
3181 5613 3323 5654 nunc
3349 5598 3480 5653 mihi
3502 5610 3633 5666 quo.

1996 5714 2005 5725 ·
2060 5715 2161 5769 que
2192 5699 2273 5753 bis
2298 5697 2470 5754 verbis
2500 5695 2637 5768 apud
2682 5695 3023 5751 dilectionem
3052 5703 3283 5747 vestram
3329 5692 3406 5746 uti
3430 5707 3442 5744 :
3466 5702 3630 5759 quare
