  <div class='ocr_page' id='page_1' title='image "/cluster/home/n/w/nwhite01/storage/ocr_20150623/51/nnc1.0046978275/270.png"; bbox 0 0 3990 6358; ppageno 0'>
   <div class='ocr_carea' id='block_1_1' title="bbox 1022 483 3597 552">
    <p class='ocr_par' dir='ltr' id='par_1_1' title="bbox 1022 483 3597 552">
     <span class='ocr_line' id='line_1_1' title="bbox 1022 483 3597 552; baseline 0.003 -11"><span class='ocrx_word' id='word_1_1' title='bbox 1022 488 1110 541; x_wconf 82' lang='lat' dir='ltr'><strong>DE</strong></span> <span class='ocrx_word' id='word_1_2' title='bbox 1142 489 1396 545; x_wconf 78' lang='lat' dir='ltr'><strong>VERBIS</strong></span> <span class='ocrx_word' id='word_1_3' title='bbox 1425 486 1787 548; x_wconf 83' lang='lat' dir='ltr'><strong>APOSTOLI,</strong></span> <span class='ocrx_word' id='word_1_4' title='bbox 1827 485 2194 542; x_wconf 78' lang='lat' dir='ltr'><strong>HABENTES</strong></span> <span class='ocrx_word' id='word_1_5' title='bbox 2241 488 2529 545; x_wconf 74' lang='lat' dir='ltr'><strong>EUMDEM</strong></span> <span class='ocrx_word' id='word_1_6' title='bbox 2570 493 2917 552; x_wconf 75' lang='lat' dir='ltr'><strong>SPIRITUM.</strong></span> <span class='ocrx_word' id='word_1_7' title='bbox 2948 496 2990 550; x_wconf 89' lang='grc'><strong>1.</strong></span> <span class='ocrx_word' id='word_1_8' title='bbox 3492 483 3597 539; x_wconf 58' lang='lat'><strong>2-9</strong></span> 
     </span>
    </p>
   </div>
   <div class='ocr_carea' id='block_1_2' title="bbox 359 574 3593 667">
    <p class='ocr_par' dir='ltr' id='par_1_2' title="bbox 359 574 3593 667">
     <span class='ocr_line' id='line_1_2' title="bbox 359 574 3593 667; baseline 0.007 -42"><span class='ocrx_word' id='word_1_9' title='bbox 359 574 566 667; x_wconf 47' lang='lat' dir='ltr'><strong>atoue.</strong></span> <span class='ocrx_word' id='word_1_10' title='bbox 581 575 801 667; x_wconf 53' lang='grc' dir='ltr'>καὶαῆς</span> <span class='ocrx_word' id='word_1_11' title='bbox 831 579 981 667; x_wconf 75' lang='grc' dir='ltr'>παρὰ</span> <span class='ocrx_word' id='word_1_12' title='bbox 1016 580 1106 633; x_wconf 75' lang='grc' dir='ltr'><em>τοῦ</em></span> <span class='ocrx_word' id='word_1_13' title='bbox 1136 582 1268 636; x_wconf 87' lang='grc' dir='ltr'><strong>Θεοῦ</strong></span> <span class='ocrx_word' id='word_1_14' title='bbox 1312 585 1726 657; x_wconf 78' lang='grc' dir='ltr'><strong>φιλανθρωπίας</strong></span> <span class='ocrx_word' id='word_1_15' title='bbox 1750 587 1926 657; x_wconf 84' lang='grc' dir='ltr'>τύχω·</span> <span class='ocrx_word' id='word_1_16' title='bbox 2030 583 2093 642; x_wconf 72' lang='grc' dir='ltr'>οὗ</span> <span class='ocrx_word' id='word_1_17' title='bbox 2126 590 2205 663; x_wconf 81' lang='grc' dir='ltr'><em>τῷ</em></span> <span class='ocrx_word' id='word_1_18' title='bbox 2235 593 2432 663; x_wconf 74' lang='grc' dir='ltr'>Πατρὶ,</span> <span class='ocrx_word' id='word_1_19' title='bbox 2464 595 2579 664; x_wconf 82' lang='grc' dir='ltr'><strong>ἃμα</strong></span> <span class='ocrx_word' id='word_1_20' title='bbox 2606 594 2684 665; x_wconf 83' lang='grc' dir='ltr'><em>τῷ</em></span> <span class='ocrx_word' id='word_1_21' title='bbox 2706 595 2849 666; x_wconf 84' lang='grc' dir='ltr'>ἁγίῳ</span> <span class='ocrx_word' id='word_1_22' title='bbox 2876 592 3175 666; x_wconf 85' lang='grc' dir='ltr'><em>Πνεύματι,</em></span> <span class='ocrx_word' id='word_1_23' title='bbox 3199 594 3346 661; x_wconf 80' lang='grc' dir='ltr'>δόξα,</span> <span class='ocrx_word' id='word_1_24' title='bbox 3376 594 3593 667; x_wconf 80' lang='grc' dir='ltr'><strong>κράτος.</strong></span> 
     </span>
    </p>
   </div>
   <div class='ocr_carea' id='block_1_3' title="bbox 360 652 3598 746">
    <p class='ocr_par' dir='ltr' id='par_1_3' title="bbox 360 652 3598 746">
     <span class='ocr_line' id='line_1_3' title="bbox 360 652 3598 746; baseline -0.003 -13"><span class='ocrx_word' id='word_1_25' title='bbox 360 674 487 746; x_wconf 65' lang='grc' dir='ltr'><strong>μ’ἷΨ</strong></span> <span class='ocrx_word' id='word_1_26' title='bbox 525 652 601 746; x_wconf 59' lang='grc' dir='ltr'><strong>ᾗς</strong></span> <span class='ocrx_word' id='word_1_27' title='bbox 638 658 851 746; x_wconf 55' lang='grc' dir='ltr'>γένοιτῖ</span> <span class='ocrx_word' id='word_1_28' title='bbox 875 662 1080 727; x_wconf 82' lang='grc' dir='ltr'><strong>πάντας</strong></span> <span class='ocrx_word' id='word_1_29' title='bbox 1106 666 1253 735; x_wconf 80' lang='grc' dir='ltr'><strong>ἡμᾶς</strong></span> <span class='ocrx_word' id='word_1_30' title='bbox 1274 652 1570 738; x_wconf 64' lang='grc' dir='ltr'><strong>ἐπιτυχεέν,</strong></span> <span class='ocrx_word' id='word_1_31' title='bbox 1603 671 1788 741; x_wconf 85' lang='grc' dir='ltr'><strong>χάριτι</strong></span> <span class='ocrx_word' id='word_1_32' title='bbox 1820 652 1928 725; x_wconf 47' lang='grc' dir='ltr'>οιαὶ</span> <span class='ocrx_word' id='word_1_33' title='bbox 2032 652 2188 746; x_wconf 60' lang='grc' dir='ltr'><em>τιμὴ,</em></span> <span class='ocrx_word' id='word_1_34' title='bbox 2222 676 2318 731; x_wconf 81' lang='grc' dir='ltr'>νῦν</span> <span class='ocrx_word' id='word_1_35' title='bbox 2348 652 2441 731; x_wconf 55' lang='lat' dir='ltr'><strong>aiat</strong></span> <span class='ocrx_word' id='word_1_36' title='bbox 2468 652 2576 743; x_wconf 60' lang='lat' dir='ltr'><strong>del,</strong></span> <span class='ocrx_word' id='word_1_37' title='bbox 2612 652 2705 731; x_wconf 68' lang='grc' dir='ltr'><strong>κᾶι</strong></span> <span class='ocrx_word' id='word_1_38' title='bbox 2733 652 2971 742; x_wconf 53' lang='grc' dir='ltr'><strong>εἶς’τοὺς</strong></span> <span class='ocrx_word' id='word_1_39' title='bbox 3005 652 3207 741; x_wconf 70' lang='grc' dir='ltr'>αἰῶνας</span> <span class='ocrx_word' id='word_1_40' title='bbox 3365 652 3598 729; x_wconf 57' lang='grc' dir='ltr'>αἰῶνωνξ</span> 
     </span>
    </p>
   </div>
   <div class='ocr_carea' id='block_1_4' title="bbox 357 740 2239 829">
    <p class='ocr_par' dir='ltr' id='par_1_4' title="bbox 357 740 2239 829">
     <span class='ocr_line' id='line_1_4' title="bbox 357 740 2239 829; baseline 0.011 -37"><span class='ocrx_word' id='word_1_41' title='bbox 357 740 735 814; x_wconf 75' lang='grc' dir='ltr'><strong>φιλανθρωπίᾳ</strong></span> <span class='ocrx_word' id='word_1_42' title='bbox 761 743 854 797; x_wconf 77' lang='grc' dir='ltr'><strong>τοῦ</strong></span> <span class='ocrx_word' id='word_1_43' title='bbox 876 746 1084 818; x_wconf 84' lang='grc' dir='ltr'>Κυρίου</span> <span class='ocrx_word' id='word_1_44' title='bbox 1116 749 1274 819; x_wconf 77' lang='grc' dir='ltr'>ἡμῶν</span> <span class='ocrx_word' id='word_1_45' title='bbox 1318 751 1491 823; x_wconf 85' lang='grc' dir='ltr'><strong>Ἰησοῦ</strong></span> <span class='ocrx_word' id='word_1_46' title='bbox 1518 740 1781 825; x_wconf 67' lang='grc' dir='ltr'>Χριστοῦ,</span> <span class='ocrx_word' id='word_1_47' title='bbox 1808 754 1927 826; x_wconf 76' lang='grc' dir='ltr'><em>μεθ’</em></span> <span class='ocrx_word' id='word_1_48' title='bbox 2047 740 2239 829; x_wconf 51' lang='grc' dir='ltr'>Ἀμην.</span> 
     </span>
    </p>
   </div>
   <div class='ocr_carea' id='block_1_5' title="bbox 355 459 452 515">
    <p class='ocr_par' dir='ltr' id='par_1_5' title="bbox 355 459 452 515">
     <span class='ocr_line' id='line_1_5' title="bbox 355 459 452 515; baseline 0 -1"><span class='ocrx_word' id='word_1_49' title='bbox 355 459 452 515; x_wconf 68' lang='grc' dir='ltr'><em>εῖιι</em></span> 
     </span>
    </p>
   </div>
   <div class='ocr_carea' id='block_1_6' title="bbox 1133 1501 2835 1575">
    <p class='ocr_par' dir='ltr' id='par_1_6' title="bbox 1133 1501 2835 1575">
     <span class='ocr_line' id='line_1_6' title="bbox 1133 1501 2835 1575; baseline -0.001 -13"><span class='ocrx_word' id='word_1_50' title='bbox 1133 1501 1531 1563; x_wconf 85' lang='lat' dir='ltr'><strong>HABENTES</strong></span> <span class='ocrx_word' id='word_1_51' title='bbox 1577 1503 1843 1564; x_wconf 80' lang='lat' dir='ltr'><strong>AUTEM</strong></span> <span class='ocrx_word' id='word_1_52' title='bbox 1884 1502 2206 1564; x_wconf 86' lang='lat' dir='ltr'><strong>EUMDEM</strong></span> <span class='ocrx_word' id='word_1_53' title='bbox 2255 1502 2652 1575; x_wconf 85' lang='lat' dir='ltr'><strong>SPIRITUM,</strong></span> <span class='ocrx_word' id='word_1_54' title='bbox 2701 1518 2835 1563; x_wconf 68' lang='grc' dir='ltr'><strong>ητα.</strong></span> 
     </span>
    </p>
   </div>
   <div class='ocr_carea' id='block_1_7' title="bbox 361 1752 3608 1827">
    <p class='ocr_par' dir='ltr' id='par_1_7' title="bbox 361 1752 3608 1827">
     <span class='ocr_line' id='line_1_7' title="bbox 361 1752 3608 1827; baseline -0.001 -17"><span class='ocrx_word' id='word_1_55' title='bbox 361 1757 538 1827; x_wconf 86' lang='lat' dir='ltr'><strong>inquit</strong></span> <span class='ocrx_word' id='word_1_56' title='bbox 562 1756 677 1822; x_wconf 88' lang='lat' dir='ltr'><strong>ille,</strong></span> <span class='ocrx_word' id='word_1_57' title='bbox 710 1754 801 1811; x_wconf 90' lang='lat' dir='ltr'><strong>hic</strong></span> <span class='ocrx_word' id='word_1_58' title='bbox 838 1753 1072 1825; x_wconf 75' lang='lat' dir='ltr'><strong>scriptor</strong></span> <span class='ocrx_word' id='word_1_59' title='bbox 1112 1752 1263 1819; x_wconf 80' lang='lat' dir='ltr'><strong>dicit,</strong></span> <span class='ocrx_word' id='word_1_60' title='bbox 1298 1768 1329 1807; x_wconf 86' lang='lat' dir='ltr'><strong>a</strong></span> <span class='ocrx_word' id='word_1_61' title='bbox 1360 1753 1515 1807; x_wconf 83' lang='lat' dir='ltr'><strong>Pauli</strong></span> <span class='ocrx_word' id='word_1_62' title='bbox 1558 1760 1801 1822; x_wconf 89' lang='lat' dir='ltr'><strong>tempore</strong></span> <span class='ocrx_word' id='word_1_63' title='bbox 1832 1753 2160 1823; x_wconf 80' lang='lat' dir='ltr'><strong>quingentos</strong></span> <span class='ocrx_word' id='word_1_64' title='bbox 2206 1753 2424 1823; x_wconf 85' lang='lat' dir='ltr'><strong>elapsos</strong></span> <span class='ocrx_word' id='word_1_65' title='bbox 2468 1767 2643 1807; x_wconf 88' lang='lat' dir='ltr'><strong>annos</strong></span> <span class='ocrx_word' id='word_1_66' title='bbox 2687 1766 2831 1819; x_wconf 76' lang='lat' dir='ltr'><strong>esse,</strong></span> <span class='ocrx_word' id='word_1_67' title='bbox 2876 1766 2999 1822; x_wconf 69' lang='lat' dir='ltr'><strong>quae</strong></span> <span class='ocrx_word' id='word_1_68' title='bbox 3044 1752 3203 1823; x_wconf 82' lang='lat' dir='ltr'><strong>longe</strong></span> <span class='ocrx_word' id='word_1_69' title='bbox 3247 1755 3608 1809; x_wconf 75' lang='lat' dir='ltr'><strong>recentiorem</strong></span> 
     </span>
    </p>
   </div>
   <div class='ocr_carea' id='block_1_8' title="bbox 359 1887 3613 1963">
    <p class='ocr_par' dir='ltr' id='par_1_8' title="bbox 359 1887 3613 1963">
     <span class='ocr_line' id='line_1_8' title="bbox 359 1887 3613 1963; baseline -0.003 -15"><span class='ocrx_word' id='word_1_70' title='bbox 359 1893 751 1963; x_wconf 76' lang='lat' dir='ltr'><strong>Chrysostomo</strong></span> <span class='ocrx_word' id='word_1_71' title='bbox 781 1897 1059 1945; x_wconf 88' lang='lat' dir='ltr'><strong>auctorem</strong></span> <span class='ocrx_word' id='word_1_72' title='bbox 1094 1897 1348 1960; x_wconf 86' lang='lat' dir='ltr'><strong>arguant.</strong></span> <span class='ocrx_word' id='word_1_73' title='bbox 1392 1887 1543 1943; x_wconf 79' lang='lat' dir='ltr'><strong>lianc</strong></span> <span class='ocrx_word' id='word_1_74' title='bbox 1579 1903 1707 1942; x_wconf 86' lang='lat' dir='ltr'><strong>vero</strong></span> <span class='ocrx_word' id='word_1_75' title='bbox 1748 1887 1953 1942; x_wconf 89' lang='lat' dir='ltr'><strong>nullam</strong></span> <span class='ocrx_word' id='word_1_76' title='bbox 1989 1902 2110 1943; x_wconf 90' lang='lat' dir='ltr'><strong>esse</strong></span> <span class='ocrx_word' id='word_1_77' title='bbox 2157 1887 2443 1942; x_wconf 78' lang='lat' dir='ltr'><strong>dubitandi</strong></span> <span class='ocrx_word' id='word_1_78' title='bbox 2494 1888 2761 1944; x_wconf 87' lang='lat' dir='ltr'><strong>rationem</strong></span> <span class='ocrx_word' id='word_1_79' title='bbox 2803 1889 2989 1945; x_wconf 92' lang='lat' dir='ltr'><strong>statim</strong></span> <span class='ocrx_word' id='word_1_80' title='bbox 3039 1890 3313 1955; x_wconf 85' lang='lat' dir='ltr'><strong>advertet,</strong></span> <span class='ocrx_word' id='word_1_81' title='bbox 3362 1888 3613 1960; x_wconf 77' lang='lat' dir='ltr'><strong>quisquis</strong></span> 
     </span>
    </p>
   </div>
   <div class='ocr_carea' id='block_1_9' title="bbox 361 2026 3610 2103">
    <p class='ocr_par' dir='ltr' id='par_1_9' title="bbox 361 2026 3610 2103">
     <span class='ocr_line' id='line_1_9' title="bbox 361 2026 3610 2103; baseline -0.001 -20"><span class='ocrx_word' id='word_1_82' title='bbox 361 2030 581 2087; x_wconf 83' lang='lat' dir='ltr'><strong>lectioni</strong></span> <span class='ocrx_word' id='word_1_83' title='bbox 608 2029 987 2103; x_wconf 83' lang='lat' dir='ltr'><strong>Chrysostomi</strong></span> <span class='ocrx_word' id='word_1_84' title='bbox 1028 2038 1305 2092; x_wconf 89' lang='lat' dir='ltr'><strong>assuetus,</strong></span> <span class='ocrx_word' id='word_1_85' title='bbox 1334 2037 1647 2098; x_wconf 82' lang='lat' dir='ltr'><strong>perpetuam</strong></span> <span class='ocrx_word' id='word_1_86' title='bbox 1685 2026 1805 2097; x_wconf 89' lang='lat' dir='ltr'><strong>ejus</strong></span> <span class='ocrx_word' id='word_1_87' title='bbox 1838 2029 1894 2082; x_wconf 91' lang='lat' dir='ltr'><strong>in</strong></span> <span class='ocrx_word' id='word_1_88' title='bbox 1938 2041 2210 2082; x_wconf 89' lang='lat' dir='ltr'><strong>annorum</strong></span> <span class='ocrx_word' id='word_1_89' title='bbox 2252 2026 2477 2082; x_wconf 82' lang='lat' dir='ltr'><strong>calculis</strong></span> <span class='ocrx_word' id='word_1_90' title='bbox 2514 2027 2897 2099; x_wconf 75' lang='lat' dir='ltr'><strong>negligentiam</strong></span> <span class='ocrx_word' id='word_1_91' title='bbox 2938 2027 3324 2083; x_wconf 81' lang='lat' dir='ltr'><strong>observaverit.</strong></span> <span class='ocrx_word' id='word_1_92' title='bbox 3371 2028 3464 2082; x_wconf 90' lang='lat' dir='ltr'><strong>Sic</strong></span> <span class='ocrx_word' id='word_1_93' title='bbox 3503 2045 3610 2082; x_wconf 88' lang='lat' dir='ltr'><strong>non</strong></span> 
     </span>
    </p>
   </div>
   <div class='ocr_carea' id='block_1_10' title="bbox 363 2152 3613 2239">
    <p class='ocr_par' dir='ltr' id='par_1_10' title="bbox 363 2152 3613 2239">
     <span class='ocr_line' id='line_1_10' title="bbox 363 2152 3613 2239; baseline -0.001 -16"><span class='ocrx_word' id='word_1_94' title='bbox 363 2152 533 2225; x_wconf 81' lang='lat' dir='ltr'><strong>semel</strong></span> <span class='ocrx_word' id='word_1_95' title='bbox 561 2170 655 2226; x_wconf 89' lang='lat' dir='ltr'><strong>ille</strong></span> <span class='ocrx_word' id='word_1_96' title='bbox 683 2184 861 2225; x_wconf 88' lang='lat' dir='ltr'><strong>annos</strong></span> <span class='ocrx_word' id='word_1_97' title='bbox 886 2167 1215 2239; x_wconf 86' lang='lat' dir='ltr'><strong>quingentos</strong></span> <span class='ocrx_word' id='word_1_98' title='bbox 1237 2178 1523 2223; x_wconf 87' lang='lat' dir='ltr'><strong>enumerat</strong></span> <span class='ocrx_word' id='word_1_99' title='bbox 1556 2184 1584 2221; x_wconf 93' lang='lat' dir='ltr'><strong>a</strong></span> <span class='ocrx_word' id='word_1_100' title='bbox 1620 2176 1894 2238; x_wconf 87' lang='lat' dir='ltr'><strong>postrema</strong></span> <span class='ocrx_word' id='word_1_101' title='bbox 1936 2166 2119 2233; x_wconf 83' lang='lat' dir='ltr'><strong>templi</strong></span> <span class='ocrx_word' id='word_1_102' title='bbox 2156 2165 2597 2234; x_wconf 83' lang='lat' dir='ltr'><strong>Jerosolymitani</strong></span> <span class='ocrx_word' id='word_1_103' title='bbox 2632 2168 3024 2235; x_wconf 83' lang='lat' dir='ltr'><strong>destructione,</strong></span> <span class='ocrx_word' id='word_1_104' title='bbox 3063 2187 3185 2239; x_wconf 68' lang='lat' dir='ltr'><strong>qua:</strong></span> <span class='ocrx_word' id='word_1_105' title='bbox 3218 2170 3427 2239; x_wconf 84' lang='lat' dir='ltr'><strong>aliquot</strong></span> <span class='ocrx_word' id='word_1_106' title='bbox 3456 2168 3613 2223; x_wconf 83' lang='lat' dir='ltr'><strong>annis</strong></span> 
     </span>
    </p>
   </div>
   <div class='ocr_carea' id='block_1_11' title="bbox 362 2303 3612 2377">
    <p class='ocr_par' dir='ltr' id='par_1_11' title="bbox 362 2303 3612 2377">
     <span class='ocr_line' id='line_1_11' title="bbox 362 2303 3612 2377; baseline -0.003 -12"><span class='ocrx_word' id='word_1_107' title='bbox 362 2312 520 2366; x_wconf 84' lang='lat' dir='ltr'><strong>Pauli</strong></span> <span class='ocrx_word' id='word_1_108' title='bbox 550 2320 782 2367; x_wconf 90' lang='lat' dir='ltr'><strong>mortem</strong></span> <span class='ocrx_word' id='word_1_109' title='bbox 826 2310 1120 2366; x_wconf 87' lang='lat' dir='ltr'><strong>subsecuta</strong></span> <span class='ocrx_word' id='word_1_110' title='bbox 1158 2314 1261 2362; x_wconf 90' lang='lat' dir='ltr'><strong>est.</strong></span> <span class='ocrx_word' id='word_1_111' title='bbox 1299 2304 1391 2361; x_wconf 91' lang='lat' dir='ltr'><strong>Sic</strong></span> <span class='ocrx_word' id='word_1_112' title='bbox 1432 2316 1487 2361; x_wconf 93' lang='lat' dir='ltr'><strong>et</strong></span> <span class='ocrx_word' id='word_1_113' title='bbox 1510 2304 1635 2359; x_wconf 88' lang='lat' dir='ltr'><strong>alibi</strong></span> <span class='ocrx_word' id='word_1_114' title='bbox 1662 2304 1865 2375; x_wconf 87' lang='lat' dir='ltr'><strong>passim</strong></span> <span class='ocrx_word' id='word_1_115' title='bbox 1905 2305 2317 2375; x_wconf 78' lang='grc' dir='ltr'>ἀναχρονισμοὶ,</span> <span class='ocrx_word' id='word_1_116' title='bbox 2348 2304 2403 2359; x_wconf 90' lang='lat' dir='ltr'><strong>in</strong></span> <span class='ocrx_word' id='word_1_117' title='bbox 2450 2306 2720 2376; x_wconf 83' lang='lat' dir='ltr'><strong>scriptore</strong></span> <span class='ocrx_word' id='word_1_118' title='bbox 2768 2321 2964 2377; x_wconf 89' lang='lat' dir='ltr'><strong>nempe</strong></span> <span class='ocrx_word' id='word_1_119' title='bbox 3006 2315 3310 2377; x_wconf 85' lang='lat' dir='ltr'><strong>temporum</strong></span> <span class='ocrx_word' id='word_1_120' title='bbox 3348 2303 3612 2359; x_wconf 83' lang='lat' dir='ltr'><strong>rationem</strong></span> 
     </span>
    </p>
   </div>
   <div class='ocr_carea' id='block_1_12' title="bbox 363 2451 1353 2526">
    <p class='ocr_par' dir='ltr' id='par_1_12' title="bbox 363 2451 1353 2526">
     <span class='ocr_line' id='line_1_12' title="bbox 363 2451 1353 2526; baseline -0.001 -18"><span class='ocrx_word' id='word_1_121' title='bbox 363 2470 555 2526; x_wconf 85' lang='lat' dir='ltr'><strong>parum</strong></span> <span class='ocrx_word' id='word_1_122' title='bbox 580 2463 824 2518; x_wconf 84' lang='lat' dir='ltr'><strong>curante,</strong></span> <span class='ocrx_word' id='word_1_123' title='bbox 855 2451 1353 2524; x_wconf 88' lang='lat' dir='ltr'><strong>deprehenduntur.</strong></span> 
     </span>
    </p>
   </div>
   <div class='ocr_carea' id='block_1_13' title="bbox 436 2591 3613 2663">
    <p class='ocr_par' dir='ltr' id='par_1_13' title="bbox 436 2591 3613 2663">
     <span class='ocr_line' id='line_1_13' title="bbox 436 2591 3613 2663; baseline -0.001 -17"><span class='ocrx_word' id='word_1_124' title='bbox 436 2593 742 2649; x_wconf 66' lang='lat' dir='ltr'><strong>Antiochiae</strong></span> <span class='ocrx_word' id='word_1_125' title='bbox 772 2593 990 2649; x_wconf 87' lang='lat' dir='ltr'><strong>habitas</strong></span> <span class='ocrx_word' id='word_1_126' title='bbox 1018 2591 1187 2648; x_wconf 83' lang='lat' dir='ltr'><strong>fuisse</strong></span> <span class='ocrx_word' id='word_1_127' title='bbox 1216 2602 1327 2648; x_wconf 81' lang='lat' dir='ltr'><strong>tres</strong></span> <span class='ocrx_word' id='word_1_128' title='bbox 1356 2592 1519 2647; x_wconf 90' lang='lat' dir='ltr'><strong>hasce</strong></span> <span class='ocrx_word' id='word_1_129' title='bbox 1546 2592 1856 2657; x_wconf 86' lang='lat' dir='ltr'><strong>conciones,</strong></span> <span class='ocrx_word' id='word_1_130' title='bbox 1892 2600 2126 2662; x_wconf 82' lang='lat' dir='ltr'><strong>arguunt</strong></span> <span class='ocrx_word' id='word_1_131' title='bbox 2163 2606 2251 2655; x_wconf 87' lang='lat' dir='ltr'><strong>ea,</strong></span> <span class='ocrx_word' id='word_1_132' title='bbox 2281 2607 2402 2663; x_wconf 67' lang='lat' dir='ltr'><strong>quae</strong></span> <span class='ocrx_word' id='word_1_133' title='bbox 2432 2593 2499 2648; x_wconf 89' lang='lat' dir='ltr'><strong>de</strong></span> <span class='ocrx_word' id='word_1_134' title='bbox 2529 2592 2813 2648; x_wconf 87' lang='lat' dir='ltr'><strong>monachis</strong></span> <span class='ocrx_word' id='word_1_135' title='bbox 2844 2592 3026 2661; x_wconf 88' lang='lat' dir='ltr'><strong>habet,</strong></span> <span class='ocrx_word' id='word_1_136' title='bbox 3062 2592 3318 2647; x_wconf 86' lang='lat' dir='ltr'><strong>verticem</strong></span> <span class='ocrx_word' id='word_1_137' title='bbox 3350 2591 3613 2646; x_wconf 88' lang='lat' dir='ltr'><strong>montium</strong></span> 
     </span>
    </p>
   </div>
   <div class='ocr_carea' id='block_1_14' title="bbox 369 2732 3613 2808">
    <p class='ocr_par' dir='ltr' id='par_1_14' title="bbox 369 2732 3613 2808">
     <span class='ocr_line' id='line_1_14' title="bbox 369 2732 3613 2808; baseline -0.002 -17"><span class='ocrx_word' id='word_1_138' title='bbox 369 2736 787 2808; x_wconf 88' lang='lat' dir='ltr'><strong>occupantibus,</strong></span> <span class='ocrx_word' id='word_1_139' title='bbox 815 2749 1175 2806; x_wconf 87' lang='lat' dir='ltr'><strong>asperamque</strong></span> <span class='ocrx_word' id='word_1_140' title='bbox 1195 2736 1318 2788; x_wconf 72' lang='lat' dir='ltr'><strong>vitae</strong></span> <span class='ocrx_word' id='word_1_141' title='bbox 1349 2735 1615 2789; x_wconf 85' lang='lat' dir='ltr'><strong>rationem</strong></span> <span class='ocrx_word' id='word_1_142' title='bbox 1657 2732 1962 2803; x_wconf 77' lang='lat' dir='ltr'><strong>agentibus.</strong></span> <span class='ocrx_word' id='word_1_143' title='bbox 2001 2738 2150 2800; x_wconf 77' lang='lat' dir='ltr'><strong>Quos</strong></span> <span class='ocrx_word' id='word_1_144' title='bbox 2184 2748 2317 2789; x_wconf 88' lang='lat' dir='ltr'><strong>sane</strong></span> <span class='ocrx_word' id='word_1_145' title='bbox 2350 2734 2649 2789; x_wconf 87' lang='lat' dir='ltr'><strong>monachos</strong></span> <span class='ocrx_word' id='word_1_146' title='bbox 2682 2735 2735 2788; x_wconf 91' lang='lat' dir='ltr'><strong>iu</strong></span> <span class='ocrx_word' id='word_1_147' title='bbox 2777 2732 2969 2789; x_wconf 84' lang='lat' dir='ltr'><strong>vicinis</strong></span> <span class='ocrx_word' id='word_1_148' title='bbox 3017 2732 3295 2787; x_wconf 86' lang='lat' dir='ltr'><strong>montibus</strong></span> <span class='ocrx_word' id='word_1_149' title='bbox 3325 2732 3579 2802; x_wconf 84' lang='lat' dir='ltr'><strong>degentes</strong></span> <span class='ocrx_word' id='word_1_150' title='bbox 3599 2770 3613 2795; x_wconf 93' lang='lat'><strong>,</strong></span> 
     </span>
    </p>
   </div>
   <div class='ocr_carea' id='block_1_15' title="bbox 372 2869 3618 2942">
    <p class='ocr_par' dir='ltr' id='par_1_15' title="bbox 372 2869 3618 2942">
     <span class='ocr_line' id='line_1_15' title="bbox 372 2869 3618 2942; baseline -0.004 -15"><span class='ocrx_word' id='word_1_151' title='bbox 372 2875 432 2927; x_wconf 92' lang='lat' dir='ltr'><strong>in</strong></span> <span class='ocrx_word' id='word_1_152' title='bbox 459 2872 812 2928; x_wconf 81' lang='lat' dir='ltr'><strong>Antiocheuis</strong></span> <span class='ocrx_word' id='word_1_153' title='bbox 838 2872 1078 2927; x_wconf 88' lang='lat' dir='ltr'><strong>homiliis</strong></span> <span class='ocrx_word' id='word_1_154' title='bbox 1119 2887 1261 2942; x_wconf 63' lang='lat' dir='ltr'><strong>swpe</strong></span> <span class='ocrx_word' id='word_1_155' title='bbox 1287 2876 1703 2935; x_wconf 88' lang='lat' dir='ltr'><strong>commemorat,</strong></span> <span class='ocrx_word' id='word_1_156' title='bbox 1739 2884 1898 2925; x_wconf 84' lang='lat' dir='ltr'><strong>secus</strong></span> <span class='ocrx_word' id='word_1_157' title='bbox 1921 2884 2050 2925; x_wconf 85' lang='lat' dir='ltr'><strong>vero</strong></span> <span class='ocrx_word' id='word_1_158' title='bbox 2083 2869 2138 2925; x_wconf 89' lang='lat' dir='ltr'><strong>in</strong></span> <span class='ocrx_word' id='word_1_159' title='bbox 2178 2869 2827 2939; x_wconf 86' lang='lat' dir='ltr'><strong>Constantinopolitanis.</strong></span> <span class='ocrx_word' id='word_1_160' title='bbox 2876 2869 2951 2923; x_wconf 90' lang='lat' dir='ltr'><strong>De</strong></span> <span class='ocrx_word' id='word_1_161' title='bbox 2989 2881 3134 2921; x_wconf 82' lang='lat' dir='ltr'><strong>anno</strong></span> <span class='ocrx_word' id='word_1_162' title='bbox 3171 2876 3352 2920; x_wconf 88' lang='lat' dir='ltr'><strong>autem</strong></span> <span class='ocrx_word' id='word_1_163' title='bbox 3383 2878 3451 2918; x_wconf 86' lang='lat' dir='ltr'><strong>ne</strong></span> <span class='ocrx_word' id='word_1_164' title='bbox 3484 2878 3618 2918; x_wconf 85' lang='lat' dir='ltr'><strong>cou-</strong></span> 
     </span>
    </p>
   </div>
   <div class='ocr_carea' id='block_1_16' title="bbox 364 3005 3617 3084">
    <p class='ocr_par' dir='ltr' id='par_1_16' title="bbox 364 3005 3617 3084">
     <span class='ocr_line' id='line_1_16' title="bbox 364 3005 3617 3084; baseline -0.003 -16"><span class='ocrx_word' id='word_1_165' title='bbox 364 3015 580 3084; x_wconf 82' lang='lat' dir='ltr'><strong>jectura</strong></span> <span class='ocrx_word' id='word_1_166' title='bbox 610 3014 829 3083; x_wconf 91' lang='lat' dir='ltr'><strong>quidem</strong></span> <span class='ocrx_word' id='word_1_167' title='bbox 864 3013 1014 3083; x_wconf 90' lang='lat' dir='ltr'><strong>loqui</strong></span> <span class='ocrx_word' id='word_1_168' title='bbox 1048 3027 1365 3082; x_wconf 88' lang='lat' dir='ltr'><strong>possumus.</strong></span> <span class='ocrx_word' id='word_1_169' title='bbox 1396 3009 1454 3065; x_wconf 84' lang='lat' dir='ltr'><strong>In</strong></span> <span class='ocrx_word' id='word_1_170' title='bbox 1491 3011 1642 3067; x_wconf 88' lang='lat' dir='ltr'><strong>hisce</strong></span> <span class='ocrx_word' id='word_1_171' title='bbox 1670 3026 1835 3078; x_wconf 88' lang='lat' dir='ltr'><strong>porro</strong></span> <span class='ocrx_word' id='word_1_172' title='bbox 1864 3009 2105 3065; x_wconf 88' lang='lat' dir='ltr'><strong>homiliis</strong></span> <span class='ocrx_word' id='word_1_173' title='bbox 2136 3010 2203 3065; x_wconf 88' lang='lat' dir='ltr'><strong>de</strong></span> <span class='ocrx_word' id='word_1_174' title='bbox 2234 3011 2507 3081; x_wconf 90' lang='lat' dir='ltr'><strong>eroganda</strong></span> <span class='ocrx_word' id='word_1_175' title='bbox 2542 3010 2887 3079; x_wconf 90' lang='lat' dir='ltr'><strong>eleemosyna</strong></span> <span class='ocrx_word' id='word_1_176' title='bbox 2918 3008 3186 3078; x_wconf 72' lang='lat' dir='ltr'><strong>prazcipue</strong></span> <span class='ocrx_word' id='word_1_177' title='bbox 3220 3007 3399 3077; x_wconf 88' lang='lat' dir='ltr'><strong>agitur</strong></span> <span class='ocrx_word' id='word_1_178' title='bbox 3428 3024 3441 3060; x_wconf 86' lang='lat'><strong>:</strong></span> <span class='ocrx_word' id='word_1_179' title='bbox 3473 3005 3617 3075; x_wconf 91' lang='lat' dir='ltr'><strong>quod</strong></span> 
     </span>
    </p>
   </div>
   <div class='ocr_carea' id='block_1_17' title="bbox 373 3147 3616 3219">
    <p class='ocr_par' dir='ltr' id='par_1_17' title="bbox 373 3147 3616 3219">
     <span class='ocr_line' id='line_1_17' title="bbox 373 3147 3616 3219; baseline -0.001 -14"><span class='ocrx_word' id='word_1_180' title='bbox 373 3160 757 3219; x_wconf 80' lang='lat' dir='ltr'><strong>argumentum</strong></span> <span class='ocrx_word' id='word_1_181' title='bbox 800 3166 1014 3207; x_wconf 89' lang='lat' dir='ltr'><strong>summe</strong></span> <span class='ocrx_word' id='word_1_182' title='bbox 1056 3158 1139 3205; x_wconf 86' lang='lat' dir='ltr'><strong>est</strong></span> <span class='ocrx_word' id='word_1_183' title='bbox 1175 3164 1206 3204; x_wconf 91' lang='lat' dir='ltr'><strong>a</strong></span> <span class='ocrx_word' id='word_1_184' title='bbox 1258 3147 1648 3218; x_wconf 84' lang='lat' dir='ltr'><strong>Chrysostomo</strong></span> <span class='ocrx_word' id='word_1_185' title='bbox 1687 3147 2110 3218; x_wconf 81' lang='lat' dir='ltr'><strong>frequentatum.</strong></span> <span class='ocrx_word' id='word_1_186' title='bbox 2156 3148 2213 3203; x_wconf 85' lang='lat' dir='ltr'><strong>In</strong></span> <span class='ocrx_word' id='word_1_187' title='bbox 2248 3150 2499 3205; x_wconf 71' lang='lat' dir='ltr'><strong>secunda:</strong></span> <span class='ocrx_word' id='word_1_188' title='bbox 2540 3149 2775 3203; x_wconf 70' lang='lat' dir='ltr'><strong>homilize</strong></span> <span class='ocrx_word' id='word_1_189' title='bbox 2817 3148 2998 3219; x_wconf 87' lang='lat' dir='ltr'><strong>priore</strong></span> <span class='ocrx_word' id='word_1_190' title='bbox 3032 3158 3182 3219; x_wconf 86' lang='lat' dir='ltr'><strong>parte</strong></span> <span class='ocrx_word' id='word_1_191' title='bbox 3227 3150 3395 3203; x_wconf 85' lang='lat' dir='ltr'><strong>multa</strong></span> <span class='ocrx_word' id='word_1_192' title='bbox 3430 3156 3616 3203; x_wconf 84' lang='lat' dir='ltr'><strong>contra</strong></span> 
     </span>
    </p>
   </div>
   <div class='ocr_carea' id='block_1_18' title="bbox 375 3287 3617 3359">
    <p class='ocr_par' dir='ltr' id='par_1_18' title="bbox 375 3287 3617 3359">
     <span class='ocr_line' id='line_1_18' title="bbox 375 3287 3617 3359; baseline -0.001 -18"><span class='ocrx_word' id='word_1_193' title='bbox 375 3287 703 3345; x_wconf 70' lang='lat' dir='ltr'><strong>Manichmos</strong></span> <span class='ocrx_word' id='word_1_194' title='bbox 726 3287 900 3353; x_wconf 78' lang='lat' dir='ltr'><strong>effert,</strong></span> <span class='ocrx_word' id='word_1_195' title='bbox 925 3288 1286 3359; x_wconf 88' lang='lat' dir='ltr'><strong>pluribusque</strong></span> <span class='ocrx_word' id='word_1_196' title='bbox 1310 3288 1669 3355; x_wconf 87' lang='lat' dir='ltr'><strong>demonstrat,</strong></span> <span class='ocrx_word' id='word_1_197' title='bbox 1695 3289 1860 3345; x_wconf 82' lang='lat' dir='ltr'><strong>Vetus</strong></span> <span class='ocrx_word' id='word_1_198' title='bbox 1883 3287 2293 3345; x_wconf 85' lang='lat' dir='ltr'><strong>Testamentum</strong></span> <span class='ocrx_word' id='word_1_199' title='bbox 2322 3306 2447 3344; x_wconf 92' lang='lat' dir='ltr'><strong>cum</strong></span> <span class='ocrx_word' id='word_1_200' title='bbox 2476 3287 2628 3343; x_wconf 82' lang='lat' dir='ltr'><strong>Novo</strong></span> <span class='ocrx_word' id='word_1_201' title='bbox 2663 3304 2990 3355; x_wconf 83' lang='lat' dir='ltr'><strong>consonare,</strong></span> <span class='ocrx_word' id='word_1_202' title='bbox 3015 3299 3179 3358; x_wconf 91' lang='lat' dir='ltr'><strong>atque</strong></span> <span class='ocrx_word' id='word_1_203' title='bbox 3204 3304 3371 3341; x_wconf 86' lang='lat' dir='ltr'><strong>unum</strong></span> <span class='ocrx_word' id='word_1_204' title='bbox 3392 3297 3445 3341; x_wconf 80' lang='lat' dir='ltr'><strong>et</strong></span> <span class='ocrx_word' id='word_1_205' title='bbox 3465 3303 3617 3342; x_wconf 88' lang='lat' dir='ltr'><strong>eum-</strong></span> 
     </span>
    </p>
   </div>
   <div class='ocr_carea' id='block_1_19' title="bbox 375 3426 1397 3498">
    <p class='ocr_par' dir='ltr' id='par_1_19' title="bbox 375 3426 1397 3498">
     <span class='ocr_line' id='line_1_19' title="bbox 375 3426 1397 3498; baseline 0 -16"><span class='ocrx_word' id='word_1_206' title='bbox 375 3426 501 3482; x_wconf 89' lang='lat' dir='ltr'><strong>dem</strong></span> <span class='ocrx_word' id='word_1_207' title='bbox 537 3441 659 3481; x_wconf 85' lang='lat' dir='ltr'><strong>esse</strong></span> <span class='ocrx_word' id='word_1_208' title='bbox 696 3426 983 3497; x_wconf 87' lang='lat' dir='ltr'><strong>utriusque</strong></span> <span class='ocrx_word' id='word_1_209' title='bbox 1010 3428 1397 3498; x_wconf 87' lang='lat' dir='ltr'><strong>legislatorem.</strong></span> 
     </span>
    </p>
   </div>
   <div class='ocr_carea' id='block_1_20' title="bbox 454 3568 2904 3643">
    <p class='ocr_par' dir='ltr' id='par_1_20' title="bbox 454 3568 2904 3643">
     <span class='ocr_line' id='line_1_20' title="bbox 454 3568 2904 3643; baseline 0.001 -20"><span class='ocrx_word' id='word_1_210' title='bbox 454 3568 831 3638; x_wconf 67' lang='lat' dir='ltr'><strong>[interpretatio</strong></span> <span class='ocrx_word' id='word_1_211' title='bbox 865 3571 1056 3625; x_wconf 85' lang='lat' dir='ltr'><strong>Latina</strong></span> <span class='ocrx_word' id='word_1_212' title='bbox 1085 3579 1169 3627; x_wconf 88' lang='lat' dir='ltr'><strong>est</strong></span> <span class='ocrx_word' id='word_1_213' title='bbox 1199 3571 1533 3643; x_wconf 80' lang='lat' dir='ltr'><strong>Sigismundi</strong></span> <span class='ocrx_word' id='word_1_214' title='bbox 1556 3569 1782 3636; x_wconf 83' lang='lat' dir='ltr'><strong>Gelenii,</strong></span> <span class='ocrx_word' id='word_1_215' title='bbox 1816 3585 1979 3640; x_wconf 88' lang='lat' dir='ltr'><strong>quam</strong></span> <span class='ocrx_word' id='word_1_216' title='bbox 2012 3571 2219 3641; x_wconf 88' lang='lat' dir='ltr'><strong>aliquot</strong></span> <span class='ocrx_word' id='word_1_217' title='bbox 2252 3572 2306 3627; x_wconf 83' lang='lat' dir='ltr'><strong>in</strong></span> <span class='ocrx_word' id='word_1_218' title='bbox 2335 3571 2467 3627; x_wconf 90' lang='lat' dir='ltr'><strong>locis</strong></span> <span class='ocrx_word' id='word_1_219' title='bbox 2493 3572 2904 3643; x_wconf 82' lang='lat' dir='ltr'><strong>castigavimus.</strong></span> 
     </span>
    </p>
   </div>
   <div class='ocr_carea' id='block_1_21' title="bbox 1038 4267 2989 4359">
    <p class='ocr_par' dir='ltr' id='par_1_21' title="bbox 1038 4267 2989 4359">
     <span class='ocr_line' id='line_1_21' title="bbox 1038 4267 2989 4359; baseline 0.001 -6"><span class='ocrx_word' id='word_1_220' title='bbox 1038 4276 1198 4353; x_wconf 66' lang='grc'><strong>[260]</strong></span> <span class='ocrx_word' id='word_1_221' title='bbox 1260 4275 1427 4359; x_wconf 87' lang='grc' dir='ltr'><strong>ΕΙΣ</strong></span> <span class='ocrx_word' id='word_1_222' title='bbox 1494 4273 1722 4357; x_wconf 90' lang='grc' dir='ltr'><strong>ΤΗΝ</strong></span> <span class='ocrx_word' id='word_1_223' title='bbox 1790 4267 2600 4357; x_wconf 86' lang='grc' dir='ltr'><strong>ΑΠΟΣΤΟΛΙΚΗΝ</strong></span> <span class='ocrx_word' id='word_1_224' title='bbox 2667 4271 2989 4356; x_wconf 87' lang='grc' dir='ltr'><strong>ΡΗΣΙΝ</strong></span> 
     </span>
    </p>
   </div>
   <div class='ocr_carea' id='block_1_22' title="bbox 387 4540 3640 4612">
    <p class='ocr_par' dir='ltr' id='par_1_22' title="bbox 387 4540 3640 4612">
     <span class='ocr_line' id='line_1_22' title="bbox 387 4540 3640 4612; baseline 0 -17"><span class='ocrx_word' id='word_1_225' title='bbox 387 4540 507 4609; x_wconf 73' lang='grc' dir='ltr'><strong>Τὴν</strong></span> <span class='ocrx_word' id='word_1_226' title='bbox 545 4543 870 4610; x_wconf 72' lang='grc' dir='ltr'><strong>λέγουσαν,</strong></span> <span class='ocrx_word' id='word_1_227' title='bbox 913 4560 931 4593; x_wconf 85' lang='grc' dir='ltr'><em>ι</em></span> <span class='ocrx_word' id='word_1_228' title='bbox 979 4543 1265 4611; x_wconf 82' lang='grc' dir='ltr'><strong>Ἔχοντες</strong></span> <span class='ocrx_word' id='word_1_229' title='bbox 1300 4542 1368 4594; x_wconf 82' lang='grc' dir='ltr'>δὲ</span> <span class='ocrx_word' id='word_1_230' title='bbox 1401 4540 1469 4594; x_wconf 83' lang='grc' dir='ltr'><em>τὸ</em></span> <span class='ocrx_word' id='word_1_231' title='bbox 1508 4540 1655 4598; x_wconf 84' lang='grc' dir='ltr'><strong>αὐτὸ</strong></span> <span class='ocrx_word' id='word_1_232' title='bbox 1694 4541 1933 4608; x_wconf 81' lang='grc' dir='ltr'><em>πνεῦμα</em></span> <span class='ocrx_word' id='word_1_233' title='bbox 1982 4540 2091 4609; x_wconf 84' lang='grc' dir='ltr'><strong>τῆς</strong></span> <span class='ocrx_word' id='word_1_234' title='bbox 2130 4542 2409 4607; x_wconf 82' lang='grc' dir='ltr'><em>πίστεως,</em></span> <span class='ocrx_word' id='word_1_235' title='bbox 2453 4542 2600 4596; x_wconf 78' lang='grc' dir='ltr'><em>κατὰ</em></span> <span class='ocrx_word' id='word_1_236' title='bbox 2638 4543 2705 4595; x_wconf 89' lang='grc' dir='ltr'><em>τὸ</em></span> <span class='ocrx_word' id='word_1_237' title='bbox 2745 4544 3187 4612; x_wconf 77' lang='grc' dir='ltr'><strong>γεγραμμένον·</strong></span> <span class='ocrx_word' id='word_1_238' title='bbox 3230 4560 3247 4591; x_wconf 70' lang='grc' dir='ltr'><em>ι</em></span> <span class='ocrx_word' id='word_1_239' title='bbox 3289 4542 3385 4595; x_wconf 80' lang='grc' dir='ltr'><strong>καὶ</strong></span> <span class='ocrx_word' id='word_1_240' title='bbox 3426 4546 3511 4608; x_wconf 78' lang='grc' dir='ltr'>είς</span> <span class='ocrx_word' id='word_1_241' title='bbox 3549 4545 3640 4603; x_wconf 85' lang='grc' dir='ltr'><strong>τὸ.</strong></span> 
     </span>
    </p>
   </div>
   <div class='ocr_carea' id='block_1_23' title="bbox 1157 4631 2870 4703">
    <p class='ocr_par' dir='ltr' id='par_1_23' title="bbox 1157 4631 2870 4703">
     <span class='ocr_line' id='line_1_23' title="bbox 1157 4631 2870 4703; baseline 0.004 -18"><span class='ocrx_word' id='word_1_242' title='bbox 1157 4652 1175 4684; x_wconf 79' lang='grc' dir='ltr'><em>ι</em></span> <span class='ocrx_word' id='word_1_243' title='bbox 1227 4633 1615 4697; x_wconf 74' lang='grc' dir='ltr'><strong>Ἐπίστευσα,</strong></span> <span class='ocrx_word' id='word_1_244' title='bbox 1646 4632 1739 4686; x_wconf 80' lang='grc' dir='ltr'><strong>διὸ</strong></span> <span class='ocrx_word' id='word_1_245' title='bbox 1762 4631 2057 4701; x_wconf 77' lang='grc' dir='ltr'><em>ἐλάλησα,</em></span> <span class='ocrx_word' id='word_1_246' title='bbox 2097 4650 2116 4684; x_wconf 71' lang='grc' dir='ltr'>ι</span> <span class='ocrx_word' id='word_1_247' title='bbox 2146 4634 2244 4687; x_wconf 81' lang='grc' dir='ltr'><strong>καὶ</strong></span> <span class='ocrx_word' id='word_1_248' title='bbox 2271 4634 2405 4701; x_wconf 79' lang='grc' dir='ltr'><em>περὶ</em></span> <span class='ocrx_word' id='word_1_249' title='bbox 2442 4635 2870 4703; x_wconf 64' lang='grc' dir='ltr'><em>ἑλεημοσύνης.</em></span> 
     </span>
    </p>
   </div>
   <div class='ocr_carea' id='block_1_24' title="bbox 2001 4814 2067 4829">
    <p class='ocr_par' dir='ltr' id='par_1_24' title="bbox 2001 4814 2067 4829">
     <span class='ocr_line' id='line_1_24' title="bbox 2001 4814 2067 4829; baseline 0 -2"><span class='ocrx_word' id='word_1_250' title='bbox 2001 4814 2067 4829; x_wconf 70' lang='lat'><strong>—</strong></span> 
     </span>
    </p>
   </div>
   <div class='ocr_carea' id='block_1_25' title="bbox 448 5025 3642 5109">
    <p class='ocr_par' dir='ltr' id='par_1_25' title="bbox 448 5025 3642 5109">
     <span class='ocr_line' id='line_1_25' title="bbox 448 5025 3642 5109; baseline 0.003 -28"><span class='ocrx_word' id='word_1_251' title='bbox 448 5034 519 5084; x_wconf 81' lang='grc' dir='ltr'><strong>α’.</strong></span> <span class='ocrx_word' id='word_1_252' title='bbox 551 5029 617 5081; x_wconf 81' lang='lat' dir='ltr'><strong>Ol</strong></span> <span class='ocrx_word' id='word_1_253' title='bbox 647 5026 949 5097; x_wconf 84' lang='grc' dir='ltr'>σοφώτατοι</span> <span class='ocrx_word' id='word_1_254' title='bbox 978 5030 1086 5082; x_wconf 84' lang='grc' dir='ltr'>τῶν</span> <span class='ocrx_word' id='word_1_255' title='bbox 1115 5028 1315 5099; x_wconf 74' lang='grc' dir='ltr'>ἰατρῶν</span> <span class='ocrx_word' id='word_1_256' title='bbox 1351 5027 1572 5082; x_wconf 76' lang='grc' dir='ltr'>ἐπειδὰν</span> <span class='ocrx_word' id='word_1_257' title='bbox 1601 5026 1781 5080; x_wconf 71' lang='grc' dir='ltr'>ἴδωσιν</span> <span class='ocrx_word' id='word_1_258' title='bbox 1808 5025 1964 5091; x_wconf 76' lang='grc' dir='ltr'>ἕλκος</span> <span class='ocrx_word' id='word_1_259' title='bbox 2063 5027 2487 5096; x_wconf 75' lang='grc' dir='ltr'><strong>μεταμέλομαι,</strong></span> <span class='ocrx_word' id='word_1_260' title='bbox 2518 5030 2569 5083; x_wconf 79' lang='grc' dir='ltr'><em>εἰ</em></span> <span class='ocrx_word' id='word_1_261' title='bbox 2600 5028 2698 5082; x_wconf 77' lang='grc' dir='ltr'>καί</span> <span class='ocrx_word' id='word_1_262' title='bbox 2725 5033 3158 5100; x_wconf 73' lang='grc' dir='ltr'><strong>μετεμελόμην.</strong></span> <span class='ocrx_word' id='word_1_263' title='bbox 3187 5032 3285 5087; x_wconf 80' lang='grc' dir='ltr'><strong>Διά</strong></span> <span class='ocrx_word' id='word_1_264' title='bbox 3317 5035 3369 5087; x_wconf 79' lang='grc' dir='ltr'><em>τί</em></span> <span class='ocrx_word' id='word_1_265' title='bbox 3411 5041 3642 5109; x_wconf 78' lang='grc' dir='ltr'><em>μετεμέ-</em></span> 
     </span>
    </p>
   </div>
   <div class='ocr_carea' id='block_1_26' title="bbox 384 5109 3640 5191">
    <p class='ocr_par' dir='ltr' id='par_1_26' title="bbox 384 5109 3640 5191">
     <span class='ocr_line' id='line_1_26' title="bbox 384 5109 3640 5191; baseline 0.003 -28"><span class='ocrx_word' id='word_1_266' title='bbox 384 5111 606 5182; x_wconf 83' lang='grc' dir='ltr'>σιδήρου</span> <span class='ocrx_word' id='word_1_267' title='bbox 638 5112 913 5179; x_wconf 85' lang='grc' dir='ltr'>δεόμενον,</span> <span class='ocrx_word' id='word_1_268' title='bbox 943 5114 1208 5180; x_wconf 76' lang='grc' dir='ltr'><strong>ἐπάγουσι</strong></span> <span class='ocrx_word' id='word_1_269' title='bbox 1234 5114 1333 5183; x_wconf 79' lang='grc' dir='ltr'><strong>μὲν</strong></span> <span class='ocrx_word' id='word_1_270' title='bbox 1356 5112 1453 5182; x_wconf 78' lang='grc' dir='ltr'><strong>τὴν</strong></span> <span class='ocrx_word' id='word_1_271' title='bbox 1472 5110 1666 5181; x_wconf 83' lang='grc' dir='ltr'><em>τομὴν,</em></span> <span class='ocrx_word' id='word_1_272' title='bbox 1698 5109 1961 5177; x_wconf 77' lang='grc' dir='ltr'><strong>ἐπάγουσι</strong></span> <span class='ocrx_word' id='word_1_273' title='bbox 2067 5110 2190 5177; x_wconf 57' lang='lat' dir='ltr'><strong>leo;</strong></span> <span class='ocrx_word' id='word_1_274' title='bbox 2226 5111 2316 5164; x_wconf 85' lang='grc' dir='ltr'>διὰ</span> <span class='ocrx_word' id='word_1_275' title='bbox 2355 5112 2406 5164; x_wconf 85' lang='grc' dir='ltr'><em>τί</em></span> <span class='ocrx_word' id='word_1_276' title='bbox 2459 5112 2515 5164; x_wconf 81' lang='grc' dir='ltr'>δὲ</span> <span class='ocrx_word' id='word_1_277' title='bbox 2568 5113 2727 5166; x_wconf 81' lang='grc' dir='ltr'>πάλιν</span> <span class='ocrx_word' id='word_1_278' title='bbox 2770 5114 2829 5165; x_wconf 90' lang='grc' dir='ltr'>ού</span> <span class='ocrx_word' id='word_1_279' title='bbox 2872 5114 3182 5187; x_wconf 77' lang='grc' dir='ltr'><em>μεταμέλῃς</em></span> <span class='ocrx_word' id='word_1_280' title='bbox 3222 5119 3640 5191; x_wconf 81' lang='grc' dir='ltr'><em>Μετεμελόμην,</em></span> 
     </span>
    </p>
   </div>
   <div class='ocr_carea' id='block_1_27' title="bbox 381 5191 3640 5273">
    <p class='ocr_par' dir='ltr' id='par_1_27' title="bbox 381 5191 3640 5273">
     <span class='ocr_line' id='line_1_27' title="bbox 381 5191 3640 5273; baseline 0.003 -28"><span class='ocrx_word' id='word_1_281' title='bbox 381 5193 438 5245; x_wconf 81' lang='grc' dir='ltr'>δὲ</span> <span class='ocrx_word' id='word_1_282' title='bbox 488 5194 589 5247; x_wconf 70' lang='grc' dir='ltr'><strong>οὐκ</strong></span> <span class='ocrx_word' id='word_1_283' title='bbox 630 5195 968 5267; x_wconf 83' lang='grc' dir='ltr'>ἀναλγήτως,</span> <span class='ocrx_word' id='word_1_284' title='bbox 1010 5196 1131 5249; x_wconf 84' lang='grc' dir='ltr'>οὐδὲ</span> <span class='ocrx_word' id='word_1_285' title='bbox 1168 5193 1530 5265; x_wconf 68' lang='grc' dir='ltr'><strong>ὰπμπαθῶς,</strong></span> <span class='ocrx_word' id='word_1_286' title='bbox 1571 5191 1705 5245; x_wconf 84' lang='grc' dir='ltr'>ἀλλὰ</span> <span class='ocrx_word' id='word_1_287' title='bbox 1739 5192 1833 5245; x_wconf 86' lang='grc' dir='ltr'>καί</span> <span class='ocrx_word' id='word_1_288' title='bbox 1865 5191 1960 5243; x_wconf 83' lang='grc' dir='ltr'><strong>ἀλ·</strong></span> <span class='ocrx_word' id='word_1_289' title='bbox 2068 5195 2256 5264; x_wconf 82' lang='grc' dir='ltr'><strong>ἐπειδὴ</strong></span> <span class='ocrx_word' id='word_1_290' title='bbox 2282 5196 2635 5267; x_wconf 73' lang='grc' dir='ltr'>σφοδρότερον</span> <span class='ocrx_word' id='word_1_291' title='bbox 2664 5196 2871 5268; x_wconf 76' lang='grc' dir='ltr'>ἐπληξα</span> <span class='ocrx_word' id='word_1_292' title='bbox 2892 5214 2905 5226; x_wconf 93' lang='grc'>·</span> <span class='ocrx_word' id='word_1_293' title='bbox 2935 5200 2996 5250; x_wconf 85' lang='grc' dir='ltr'><strong>οὑ</strong></span> <span class='ocrx_word' id='word_1_294' title='bbox 3028 5200 3435 5270; x_wconf 79' lang='grc' dir='ltr'><em>μεταμέλομαι,</em></span> <span class='ocrx_word' id='word_1_295' title='bbox 3453 5203 3640 5273; x_wconf 74' lang='grc' dir='ltr'>ἐπειδὴ</span> 
     </span>
    </p>
   </div>
   <div class='ocr_carea' id='block_1_28' title="bbox 384 5273 3642 5353">
    <p class='ocr_par' dir='ltr' id='par_1_28' title="bbox 384 5273 3642 5353">
     <span class='ocr_line' id='line_1_28' title="bbox 384 5273 3642 5353; baseline 0.003 -25"><span class='ocrx_word' id='word_1_296' title='bbox 384 5276 541 5343; x_wconf 83' lang='grc' dir='ltr'><strong>γοῦσι</strong></span> <span class='ocrx_word' id='word_1_297' title='bbox 558 5280 652 5329; x_wconf 77' lang='grc' dir='ltr'><strong>καὶ</strong></span> <span class='ocrx_word' id='word_1_298' title='bbox 671 5280 952 5349; x_wconf 77' lang='grc' dir='ltr'>χαίρουσιν</span> <span class='ocrx_word' id='word_1_299' title='bbox 971 5278 1152 5331; x_wconf 75' lang='grc' dir='ltr'>αὐτῶν</span> <span class='ocrx_word' id='word_1_300' title='bbox 1177 5279 1274 5347; x_wconf 81' lang='grc' dir='ltr'><strong>οὐχ</strong></span> <span class='ocrx_word' id='word_1_301' title='bbox 1289 5273 1452 5349; x_wconf 84' lang='grc' dir='ltr'><em>ἦττον</em></span> <span class='ocrx_word' id='word_1_302' title='bbox 1468 5276 1577 5329; x_wconf 79' lang='grc' dir='ltr'>τῶν</span> <span class='ocrx_word' id='word_1_303' title='bbox 1593 5275 1959 5345; x_wconf 79' lang='grc' dir='ltr'><em>τεμνομένων·</em></span> <span class='ocrx_word' id='word_1_304' title='bbox 2067 5276 2373 5348; x_wconf 82' lang='grc' dir='ltr'>διώρθωσα.</span> <span class='ocrx_word' id='word_1_305' title='bbox 2394 5279 2502 5331; x_wconf 72' lang='grc' dir='ltr'><strong>Καὶ</strong></span> <span class='ocrx_word' id='word_1_306' title='bbox 2526 5280 2613 5331; x_wconf 84' lang='grc' dir='ltr'><strong>ἴνα</strong></span> <span class='ocrx_word' id='word_1_307' title='bbox 2649 5280 2829 5353; x_wconf 80' lang='grc' dir='ltr'><strong>μάθῃς</strong></span> <span class='ocrx_word' id='word_1_308' title='bbox 2854 5282 2937 5335; x_wconf 79' lang='grc' dir='ltr'><strong>ὅτι</strong></span> <span class='ocrx_word' id='word_1_309' title='bbox 2959 5280 3045 5333; x_wconf 81' lang='grc' dir='ltr'>διὰ</span> <span class='ocrx_word' id='word_1_310' title='bbox 3075 5281 3251 5348; x_wconf 79' lang='grc' dir='ltr'><em>τοῦτο,</em></span> <span class='ocrx_word' id='word_1_311' title='bbox 3279 5284 3507 5338; x_wconf 85' lang='grc' dir='ltr'>ἄκουσον</span> <span class='ocrx_word' id='word_1_312' title='bbox 3534 5284 3642 5337; x_wconf 81' lang='grc' dir='ltr'><strong>τῶν</strong></span> 
     </span>
    </p>
   </div>
   <div class='ocr_carea' id='block_1_29' title="bbox 382 5358 3640 5434">
    <p class='ocr_par' dir='ltr' id='par_1_29' title="bbox 382 5358 3640 5434">
     <span class='ocr_line' id='line_1_29' title="bbox 382 5358 3640 5434; baseline 0.003 -23"><span class='ocrx_word' id='word_1_313' title='bbox 382 5360 479 5411; x_wconf 77' lang='grc' dir='ltr'><strong>καὶ</strong></span> <span class='ocrx_word' id='word_1_314' title='bbox 515 5359 739 5427; x_wconf 82' lang='grc' dir='ltr'><em>ἀλγοῦσι</em></span> <span class='ocrx_word' id='word_1_315' title='bbox 773 5363 870 5431; x_wconf 85' lang='grc' dir='ltr'><strong>μὲν</strong></span> <span class='ocrx_word' id='word_1_316' title='bbox 910 5362 999 5416; x_wconf 83' lang='grc' dir='ltr'><strong>διὰ</strong></span> <span class='ocrx_word' id='word_1_317' title='bbox 1046 5361 1147 5431; x_wconf 79' lang='grc' dir='ltr'><strong>τὴν</strong></span> <span class='ocrx_word' id='word_1_318' title='bbox 1190 5364 1254 5415; x_wconf 81' lang='grc' dir='ltr'><strong>ὲκ</strong></span> <span class='ocrx_word' id='word_1_319' title='bbox 1288 5361 1388 5430; x_wconf 82' lang='grc' dir='ltr'><strong>τῆς</strong></span> <span class='ocrx_word' id='word_1_320' title='bbox 1422 5359 1635 5430; x_wconf 84' lang='grc' dir='ltr'><strong>πληγῆς</strong></span> <span class='ocrx_word' id='word_1_321' title='bbox 1673 5358 1962 5427; x_wconf 80' lang='grc' dir='ltr'>γινομένην</span> <span class='ocrx_word' id='word_1_322' title='bbox 2069 5358 2197 5429; x_wconf 76' lang='grc' dir='ltr'>ἑξῆς</span> <span class='ocrx_word' id='word_1_323' title='bbox 2218 5375 2231 5388; x_wconf 79' lang='grc'><strong><em>⁸</em></strong></span> <span class='ocrx_word' id='word_1_324' title='bbox 2265 5359 2477 5413; x_wconf 83' lang='grc' dir='ltr'><em>Βλέπω</em></span> <span class='ocrx_word' id='word_1_325' title='bbox 2516 5362 2645 5431; x_wconf 77' lang='grc' dir='ltr'>γὰρ,</span> <span class='ocrx_word' id='word_1_326' title='bbox 2679 5363 2767 5416; x_wconf 81' lang='grc' dir='ltr'><em>ὅτι</em></span> <span class='ocrx_word' id='word_1_327' title='bbox 2805 5364 2843 5430; x_wconf 82' lang='grc' dir='ltr'><strong><em>ή</em></strong></span> <span class='ocrx_word' id='word_1_328' title='bbox 2874 5365 3168 5433; x_wconf 82' lang='grc' dir='ltr'><em>ἐπιστολὴ</em></span> <span class='ocrx_word' id='word_1_329' title='bbox 3196 5367 3419 5434; x_wconf 82' lang='grc' dir='ltr'><em>ἐκείνη,</em></span> <span class='ocrx_word' id='word_1_330' title='bbox 3446 5369 3501 5419; x_wconf 80' lang='grc' dir='ltr'><em>εὶ</em></span> <span class='ocrx_word' id='word_1_331' title='bbox 3540 5369 3640 5420; x_wconf 78' lang='grc' dir='ltr'><strong>καὶ</strong></span> 
     </span>
    </p>
   </div>
   <div class='ocr_carea' id='block_1_30' title="bbox 382 5440 3641 5517">
    <p class='ocr_par' dir='ltr' id='par_1_30' title="bbox 382 5440 3641 5517">
     <span class='ocr_line' id='line_1_30' title="bbox 382 5440 3641 5517; baseline 0.002 -24"><span class='ocrx_word' id='word_1_332' title='bbox 382 5440 575 5511; x_wconf 83' lang='grc' dir='ltr'>ὀδύνην</span> <span class='ocrx_word' id='word_1_333' title='bbox 604 5482 617 5503; x_wconf 87' lang='grc'>,</span> <span class='ocrx_word' id='word_1_334' title='bbox 658 5444 911 5514; x_wconf 86' lang='grc' dir='ltr'>χαίρουσι</span> <span class='ocrx_word' id='word_1_335' title='bbox 944 5445 1001 5498; x_wconf 76' lang='grc' dir='ltr'>δὲ</span> <span class='ocrx_word' id='word_1_336' title='bbox 1049 5444 1142 5498; x_wconf 80' lang='grc' dir='ltr'>διὰ</span> <span class='ocrx_word' id='word_1_337' title='bbox 1190 5444 1290 5515; x_wconf 85' lang='grc' dir='ltr'><strong>τὴν</strong></span> <span class='ocrx_word' id='word_1_338' title='bbox 1328 5444 1387 5510; x_wconf 79' lang='grc' dir='ltr'>ἐξ</span> <span class='ocrx_word' id='word_1_339' title='bbox 1432 5443 1603 5512; x_wconf 85' lang='grc' dir='ltr'>αὐτῆς</span> <span class='ocrx_word' id='word_1_340' title='bbox 1640 5441 1961 5510; x_wconf 81' lang='grc' dir='ltr'><em>τικτομένην</em></span> <span class='ocrx_word' id='word_1_341' title='bbox 2070 5444 2218 5508; x_wconf 78' lang='grc' dir='ltr'><strong>πρὸς</strong></span> <span class='ocrx_word' id='word_1_342' title='bbox 2254 5440 2433 5510; x_wconf 76' lang='grc' dir='ltr'><em>ὥραν,</em></span> <span class='ocrx_word' id='word_1_343' title='bbox 2460 5444 2773 5512; x_wconf 80' lang='grc' dir='ltr'><strong>ἐλύπησεν</strong></span> <span class='ocrx_word' id='word_1_344' title='bbox 2809 5446 2995 5515; x_wconf 81' lang='grc' dir='ltr'><strong>ὑμᾶς’</strong></span> <span class='ocrx_word' id='word_1_345' title='bbox 3020 5447 3136 5501; x_wconf 82' lang='grc' dir='ltr'><strong>νῦν</strong></span> <span class='ocrx_word' id='word_1_346' title='bbox 3176 5450 3377 5517; x_wconf 79' lang='grc' dir='ltr'>χαίρω,</span> <span class='ocrx_word' id='word_1_347' title='bbox 3411 5450 3523 5517; x_wconf 79' lang='grc' dir='ltr'><strong>οὐχ</strong></span> <span class='ocrx_word' id='word_1_348' title='bbox 3551 5448 3641 5501; x_wconf 84' lang='grc' dir='ltr'><em>ὅτι</em></span> 
     </span>
    </p>
   </div>
   <div class='ocr_carea' id='block_1_31' title="bbox 384 5522 3639 5601">
    <p class='ocr_par' dir='ltr' id='par_1_31' title="bbox 384 5522 3639 5601">
     <span class='ocr_line' id='line_1_31' title="bbox 384 5522 3639 5601; baseline 0.001 -24"><span class='ocrx_word' id='word_1_349' title='bbox 384 5526 616 5593; x_wconf 86' lang='grc' dir='ltr'>ύγίειαν.</span> <span class='ocrx_word' id='word_1_350' title='bbox 641 5527 811 5580; x_wconf 81' lang='grc' dir='ltr'><em>Τοῦτο</em></span> <span class='ocrx_word' id='word_1_351' title='bbox 830 5528 966 5580; x_wconf 79' lang='grc' dir='ltr'><strong>καὶὸ</strong></span> <span class='ocrx_word' id='word_1_352' title='bbox 983 5528 1197 5590; x_wconf 78' lang='grc' dir='ltr'>Παῦλος</span> <span class='ocrx_word' id='word_1_353' title='bbox 1226 5527 1482 5597; x_wconf 73' lang='grc' dir='ltr'><strong>ἐποίησεν</strong></span> <span class='ocrx_word' id='word_1_354' title='bbox 1506 5529 1534 5578; x_wconf 86' lang='grc' dir='ltr'>ὁ</span> <span class='ocrx_word' id='word_1_355' title='bbox 1555 5524 1715 5593; x_wconf 82' lang='grc' dir='ltr'>σοφὸς</span> <span class='ocrx_word' id='word_1_356' title='bbox 1733 5523 1839 5575; x_wconf 82' lang='grc' dir='ltr'><strong>τῶν</strong></span> <span class='ocrx_word' id='word_1_357' title='bbox 1859 5522 1962 5591; x_wconf 79' lang='grc' dir='ltr'>ψυ-</span> <span class='ocrx_word' id='word_1_358' title='bbox 2068 5524 2433 5592; x_wconf 78' lang='grc' dir='ltr'><em>ἐλυπήθητε,</em></span> <span class='ocrx_word' id='word_1_359' title='bbox 2468 5529 2605 5581; x_wconf 81' lang='grc' dir='ltr'><strong>ἀλλ’</strong></span> <span class='ocrx_word' id='word_1_360' title='bbox 2634 5528 2721 5582; x_wconf 80' lang='grc' dir='ltr'><em>ὅτι</em></span> <span class='ocrx_word' id='word_1_361' title='bbox 2742 5531 3085 5598; x_wconf 76' lang='grc' dir='ltr'><em>ἐλυπήθητε</em></span> <span class='ocrx_word' id='word_1_362' title='bbox 3105 5535 3192 5597; x_wconf 79' lang='grc' dir='ltr'><strong>εις</strong></span> <span class='ocrx_word' id='word_1_363' title='bbox 3210 5530 3550 5601; x_wconf 82' lang='grc' dir='ltr'><em>μετάνοιαν.</em></span> <span class='ocrx_word' id='word_1_364' title='bbox 3577 5531 3639 5585; x_wconf 81' lang='grc' dir='ltr'><strong>Εἰ</strong></span> 
     </span>
    </p>
   </div>
   <div class='ocr_carea' id='block_1_32' title="bbox 385 5608 3638 5685">
    <p class='ocr_par' dir='ltr' id='par_1_32' title="bbox 385 5608 3638 5685">
     <span class='ocr_line' id='line_1_32' title="bbox 385 5608 3638 5685; baseline 0.001 -25"><span class='ocrx_word' id='word_1_365' title='bbox 385 5608 498 5679; x_wconf 80' lang='grc' dir='ltr'>χῶν</span> <span class='ocrx_word' id='word_1_366' title='bbox 536 5610 741 5681; x_wconf 77' lang='grc' dir='ltr'>ἰατρός.</span> <span class='ocrx_word' id='word_1_367' title='bbox 774 5610 1089 5681; x_wconf 84' lang='grc' dir='ltr'>Κορινθίοις</span> <span class='ocrx_word' id='word_1_368' title='bbox 1115 5610 1224 5681; x_wconf 87' lang='grc' dir='ltr'>γάρ</span> <span class='ocrx_word' id='word_1_369' title='bbox 1252 5627 1379 5663; x_wconf 86' lang='grc' dir='ltr'><em>ποτε</em></span> <span class='ocrx_word' id='word_1_370' title='bbox 1406 5609 1681 5680; x_wconf 80' lang='grc' dir='ltr'>δεομένοις</span> <span class='ocrx_word' id='word_1_371' title='bbox 1709 5608 1964 5677; x_wconf 82' lang='grc' dir='ltr'><strong>ἐπιτιμή-</strong></span> <span class='ocrx_word' id='word_1_372' title='bbox 2070 5610 2162 5659; x_wconf 79' lang='grc' dir='ltr'>καὶ</span> <span class='ocrx_word' id='word_1_373' title='bbox 2191 5610 2326 5677; x_wconf 85' lang='grc' dir='ltr'>πρὸς</span> <span class='ocrx_word' id='word_1_374' title='bbox 2347 5609 2494 5681; x_wconf 85' lang='grc' dir='ltr'>ὥραν</span> <span class='ocrx_word' id='word_1_375' title='bbox 2515 5612 2762 5683; x_wconf 78' lang='grc' dir='ltr'><strong>ἐλύπησα</strong></span> <span class='ocrx_word' id='word_1_376' title='bbox 2792 5615 2956 5683; x_wconf 84' lang='grc' dir='ltr'><em>ὑμᾶς,</em></span> <span class='ocrx_word' id='word_1_377' title='bbox 2987 5616 3049 5667; x_wconf 79' lang='grc' dir='ltr'><strong>τὸ</strong></span> <span class='ocrx_word' id='word_1_378' title='bbox 3072 5615 3406 5685; x_wconf 81' lang='grc' dir='ltr'>λυπητήριον</span> <span class='ocrx_word' id='word_1_379' title='bbox 3427 5626 3452 5654; x_wconf 77' lang='grc' dir='ltr'>ι</span> <span class='ocrx_word' id='word_1_380' title='bbox 3473 5614 3638 5684; x_wconf 70' lang='grc' dir='ltr'>πρόσο</span> 
     </span>
    </p>
   </div>
   <div class='ocr_carea' id='block_1_33' title="bbox 360 5688 3637 5767">
    <p class='ocr_par' dir='ltr' id='par_1_33' title="bbox 360 5688 3637 5767">
     <span class='ocr_line' id='line_1_33' title="bbox 360 5688 3637 5767; baseline 0.002 -25"><span class='ocrx_word' id='word_1_381' title='bbox 360 5688 522 5753; x_wconf 76' lang='grc' dir='ltr'>’σεως</span> <span class='ocrx_word' id='word_1_382' title='bbox 569 5692 937 5763; x_wconf 78' lang='grc' dir='ltr'>σφοδροτέρας</span> <span class='ocrx_word' id='word_1_383' title='bbox 984 5696 1340 5763; x_wconf 77' lang='grc' dir='ltr'><strong>ἐπιτιμήσας,</strong></span> <span class='ocrx_word' id='word_1_384' title='bbox 1387 5693 1480 5745; x_wconf 73' lang='grc' dir='ltr'><strong>καὶ</strong></span> <span class='ocrx_word' id='word_1_385' title='bbox 1532 5691 1673 5761; x_wconf 74' lang='grc' dir='ltr'>ἥσθη</span> <span class='ocrx_word' id='word_1_386' title='bbox 1709 5691 1801 5743; x_wconf 85' lang='grc' dir='ltr'><strong>καὶ</strong></span> <span class='ocrx_word' id='word_1_387' title='bbox 1848 5690 1964 5741; x_wconf 81' lang='grc' dir='ltr'>ἐλυ-</span> <span class='ocrx_word' id='word_1_388' title='bbox 2069 5706 2297 5760; x_wconf 87' lang='grc' dir='ltr'>καιρον,</span> <span class='ocrx_word' id='word_1_389' title='bbox 2353 5696 2520 5763; x_wconf 75' lang='grc' dir='ltr'>φησὶ,</span> <span class='ocrx_word' id='word_1_390' title='bbox 2567 5694 2627 5747; x_wconf 85' lang='grc' dir='ltr'><em>τὸ</em></span> <span class='ocrx_word' id='word_1_391' title='bbox 2659 5695 2715 5748; x_wconf 88' lang='grc' dir='ltr'>δὲ</span> <span class='ocrx_word' id='word_1_392' title='bbox 2761 5697 3036 5767; x_wconf 82' lang='grc' dir='ltr'><strong>ὠφέλιμον</strong></span> <span class='ocrx_word' id='word_1_393' title='bbox 3084 5697 3349 5767; x_wconf 83' lang='grc' dir='ltr'>διηνεκές.</span> <span class='ocrx_word' id='word_1_394' title='bbox 3403 5696 3531 5748; x_wconf 77' lang='grc' dir='ltr'><strong>Δότε</strong></span> <span class='ocrx_word' id='word_1_395' title='bbox 3572 5696 3637 5765; x_wconf 78' lang='grc' dir='ltr'>δὴ</span> 
     </span>
    </p>
   </div>
   <div class='ocr_carea' id='block_1_34' title="bbox 386 5772 3636 5851">
    <p class='ocr_par' dir='ltr' id='par_1_34' title="bbox 386 5772 3636 5851">
     <span class='ocr_line' id='line_1_34' title="bbox 386 5772 3636 5851; baseline 0.002 -27"><span class='ocrx_word' id='word_1_396' title='bbox 386 5774 533 5844; x_wconf 80' lang='grc' dir='ltr'>πήθη</span> <span class='ocrx_word' id='word_1_397' title='bbox 558 5791 570 5804; x_wconf 92' lang='grc'>·</span> <span class='ocrx_word' id='word_1_398' title='bbox 625 5775 873 5847; x_wconf 81' lang='grc' dir='ltr'><strong>ἐλυπήθη</strong></span> <span class='ocrx_word' id='word_1_399' title='bbox 919 5776 1035 5847; x_wconf 81' lang='grc' dir='ltr'><em>μὲν,</em></span> <span class='ocrx_word' id='word_1_400' title='bbox 1090 5777 1172 5830; x_wconf 78' lang='grc' dir='ltr'><strong>ὅτι</strong></span> <span class='ocrx_word' id='word_1_401' title='bbox 1206 5776 1500 5845; x_wconf 82' lang='grc' dir='ltr'>ὠδύνησεν,</span> <span class='ocrx_word' id='word_1_402' title='bbox 1554 5774 1693 5845; x_wconf 74' lang='grc' dir='ltr'>ἥσθη</span> <span class='ocrx_word' id='word_1_403' title='bbox 1748 5772 1826 5834; x_wconf 86' lang='grc' dir='ltr'>δὲ,</span> <span class='ocrx_word' id='word_1_404' title='bbox 1879 5772 1958 5826; x_wconf 76' lang='grc' dir='ltr'><strong>ὅτι</strong></span> <span class='ocrx_word' id='word_1_405' title='bbox 2068 5772 2234 5841; x_wconf 77' lang='grc' dir='ltr'><em>κάμοὶ</em></span> <span class='ocrx_word' id='word_1_406' title='bbox 2260 5774 2429 5828; x_wconf 81' lang='grc' dir='ltr'><em>ταῦτα</em></span> <span class='ocrx_word' id='word_1_407' title='bbox 2464 5776 2531 5829; x_wconf 82' lang='grc' dir='ltr'><em>τὰ</em></span> <span class='ocrx_word' id='word_1_408' title='bbox 2566 5779 2808 5849; x_wconf 65' lang='grc' dir='ltr'><strong>ῥήματα,</strong></span> <span class='ocrx_word' id='word_1_409' title='bbox 2837 5782 3155 5851; x_wconf 83' lang='grc' dir='ltr'>παρακαλῶ,</span> <span class='ocrx_word' id='word_1_410' title='bbox 3200 5780 3333 5850; x_wconf 82' lang='grc' dir='ltr'>πρὸς</span> <span class='ocrx_word' id='word_1_411' title='bbox 3372 5779 3468 5849; x_wconf 82' lang='grc' dir='ltr'><strong>τὴν</strong></span> <span class='ocrx_word' id='word_1_412' title='bbox 3503 5777 3636 5845; x_wconf 74' lang='grc' dir='ltr'><strong>ἀγά-</strong></span> 
     </span>
    </p>
   </div>
   <div class='ocr_carea' id='block_1_35' title="bbox 382 5855 1955 5929">
    <p class='ocr_par' dir='ltr' id='par_1_35' title="bbox 382 5855 1955 5929">
     <span class='ocr_line' id='line_1_35' title="bbox 382 5855 1955 5929; baseline 0.001 -22"><span class='ocrx_word' id='word_1_413' title='bbox 382 5855 653 5928; x_wconf 77' lang='grc' dir='ltr'><strong>ὼφέλησε.</strong></span> <span class='ocrx_word' id='word_1_414' title='bbox 673 5860 781 5910; x_wconf 71' lang='grc' dir='ltr'><strong>Καὶ</strong></span> <span class='ocrx_word' id='word_1_415' title='bbox 809 5858 1093 5929; x_wconf 80' lang='grc' dir='ltr'><strong>ἀμφότερα</strong></span> <span class='ocrx_word' id='word_1_416' title='bbox 1123 5858 1296 5913; x_wconf 77' lang='grc' dir='ltr'>ταῦτα</span> <span class='ocrx_word' id='word_1_417' title='bbox 1317 5858 1513 5929; x_wconf 80' lang='grc' dir='ltr'>δηλῶν,</span> <span class='ocrx_word' id='word_1_418' title='bbox 1539 5857 1723 5924; x_wconf 75' lang='grc' dir='ltr'>ἔλεγεν</span> <span class='ocrx_word' id='word_1_419' title='bbox 1747 5872 1759 5884; x_wconf 91' lang='grc'>·</span> <span class='ocrx_word' id='word_1_420' title='bbox 1779 5858 1955 5909; x_wconf 81' lang='grc' dir='ltr'><em>Ὥστε</em></span> 
     </span>
    </p>
   </div>
   <div class='ocr_carea' id='block_1_36' title="bbox 384 5936 1960 6012">
    <p class='ocr_par' dir='ltr' id='par_1_36' title="bbox 384 5939 1949 6012">
     <span class='ocr_line' id='line_1_36' title="bbox 384 5939 1949 6012; baseline 0.01 -22"><span class='ocrx_word' id='word_1_421' title='bbox 384 5942 433 5993; x_wconf 82' lang='grc' dir='ltr'><em>εὶ</em></span> <span class='ocrx_word' id='word_1_422' title='bbox 454 5943 549 5997; x_wconf 73' lang='grc' dir='ltr'><strong>καὶ</strong></span> <span class='ocrx_word' id='word_1_423' title='bbox 578 5947 860 6011; x_wconf 71' lang='grc' dir='ltr'><em>ἐλύπησα</em></span> <span class='ocrx_word' id='word_1_424' title='bbox 886 5942 1038 6012; x_wconf 77' lang='grc' dir='ltr'><em>ὑμᾶς</em></span> <span class='ocrx_word' id='word_1_425' title='bbox 1066 5943 1136 5997; x_wconf 84' lang='grc' dir='ltr'><strong>ἐν</strong></span> <span class='ocrx_word' id='word_1_426' title='bbox 1159 5941 1233 6010; x_wconf 77' lang='grc' dir='ltr'><em>τῇ</em></span> <span class='ocrx_word' id='word_1_427' title='bbox 1256 5941 1506 6011; x_wconf 74' lang='grc' dir='ltr'><strong>προτέρᾳ</strong></span> <span class='ocrx_word' id='word_1_428' title='bbox 1536 5939 1847 6009; x_wconf 62' lang='grc' dir='ltr'><em>ἐπιστολῇ»</em></span> <span class='ocrx_word' id='word_1_429' title='bbox 1878 5941 1949 5992; x_wconf 67' lang='grc' dir='ltr'><strong>σὺ</strong></span> 
     </span>
    </p>
   </div>
   <div class='ocr_carea' id='block_1_37' title="bbox 1356 5936 2932 6012">
    <p class='ocr_par' dir='ltr' id='par_1_37' title="bbox 1356 5936 2932 6011">
     <span class='ocr_line' id='line_1_37' title="bbox 1356 5936 2932 6011; baseline -0.002 -17"><span class='ocrx_word' id='word_1_430' title='bbox 1356 5941 1506 6011; x_wconf 70' lang='grc' dir='ltr'><strong>πέρᾳ</strong></span> <span class='ocrx_word' id='word_1_431' title='bbox 1536 5939 1847 6009; x_wconf 73' lang='grc' dir='ltr'><em>ἐπιστολῇ,</em></span> <span class='ocrx_word' id='word_1_432' title='bbox 1878 5941 1949 5992; x_wconf 73' lang='grc' dir='ltr'><em>οὐ</em></span> <span class='ocrx_word' id='word_1_433' title='bbox 2123 5943 2150 5973; x_wconf 75' lang='grc'><strong><em>⁸</em></strong></span> <span class='ocrx_word' id='word_1_434' title='bbox 2181 5936 2315 5986; x_wconf 76' lang='lat' dir='ltr'><strong>Unus</strong></span> <span class='ocrx_word' id='word_1_435' title='bbox 2334 5952 2447 5988; x_wconf 87' lang='lat' dir='ltr'><strong>mss.</strong></span> <span class='ocrx_word' id='word_1_436' title='bbox 2472 5938 2621 5990; x_wconf 85' lang='lat' dir='ltr'><strong>habet</strong></span> <span class='ocrx_word' id='word_1_437' title='bbox 2641 5941 2693 5989; x_wconf 81' lang='grc' dir='ltr'><em>τὸ</em></span> <span class='ocrx_word' id='word_1_438' title='bbox 2713 5942 2932 6006; x_wconf 75' lang='grc' dir='ltr'>λυπηρόν.</span> 
     </span>
    </p>
   </div>
  </div>
