3990 6358
291 448 392 502 273

288 566 492 617 etiamsi
535 566 846 620 contristavi
883 583 974 619 vos
1003 583 1097 633 per
1129 566 1359 635 priorem
1404 561 1821 615 admonitionem
1848 597 1863 620 ,

287 670 391 706 non
442 671 528 709 me
578 658 831 724 poenitet,
862 658 1069 711 tametsi
1123 658 1441 725 poenituerat
1475 653 1669 709 :video
1725 650 1866 705 enim

285 746 703 803 admonitionem
739 750 880 804 illam
910 759 963 805 et
987 749 1290 816 consilium,
1316 749 1524 803 tametsi
1555 747 1620 800 ad
1653 756 1863 813 tempus

284 854 383 893 nos
408 842 763 905 contristavit,
804 843 932 896 mihi
968 852 1142 897 tamen
1188 858 1429 911 magnam
1457 841 1695 896 laetitiam
1723 847 1866 892 attu-

290 933 447 999 lisse,
482 932 603 987 Non
648 932 783 1000 quod
811 935 1092 988 contristati
1118 935 1335 1006 fueritis,
1366 934 1454 987 sed
1495 932 1630 1003 quod
1672 931 1863 985 contri-

281 1025 401 1078 stati
422 1025 531 1078 silis
558 1024 626 1077 ad
648 1026 1018 1095 paenitentiam.
1052 1024 1192 1081 Ecce
1218 1028 1360 1081 enim
1385 1026 1487 1082 hoc
1527 1028 1695 1097 ipsum
1723 1026 1863 1096 quod

279 1120 579 1173 contristati
608 1119 738 1174 estis
769 1118 1061 1173 secundum
1106 1120 1304 1182 Deum,
1331 1130 1584 1190 quantum
1622 1119 1674 1174 in
1716 1119 1864 1173 vobis

280 1211 536 1265 excitavit
579 1212 915 1267 alacritatis?
971 1212 1315 1268 Luculentior
1361 1221 1444 1267 est
1480 1211 1639 1266 hodie
1682 1219 1864 1265 noster

279 1308 607 1366 conventus,
640 1301 878 1359 festivius
908 1316 1148 1360 nostrum
1200 1306 1463 1359 theatrum
1484 1345 1501 1370 ,
1530 1301 1864 1357 numerosior

279 1388 501 1443 fratrum
528 1390 741 1447 chorus.
771 1393 895 1450 Haac
927 1395 1037 1466 ipsa
1080 1396 1327 1451 alacritas
1357 1394 1584 1449 tristitiae
1610 1392 1753 1446 illius
1780 1398 1863 1446 est

279 1480 303 1532 f
303 1490 509 1535 ructus.

348 1570 501 1625 Dona
518 1574 803 1641 spiritualia
825 1577 1090 1648 largitione
1109 1588 1359 1633 crescunt.
1398 1578 1624 1633 Corinthi
1646 1594 1861 1631 commo-

278 1664 385 1715 rari
448 1681 539 1718 cur
580 1667 759 1737 jussus
801 1668 1018 1726 Paulus.
1048 1702 1119 1711 â€”
1147 1671 1271 1726 Ideo
1314 1680 1568 1741 quantum
1608 1680 1731 1725 tunc
1778 1670 1859 1724 in-

275 1753 456 1819 dolui,
484 1764 686 1812 tantum
720 1776 859 1816 nunc
900 1763 1124 1830 gaudeo,
1143 1763 1329 1818 videns
1359 1762 1689 1833 spiritualem
1721 1762 1857 1816 hanc

274 1853 511 1900 nostram
541 1849 750 1904 vineam
778 1852 1035 1908 fructibus
1058 1853 1328 1909 refertam.
1352 1854 1407 1908 Si
1429 1854 1570 1908 enim
1599 1853 1651 1907 in
1678 1853 1857 1921 vulga-

272 1937 422 1993 ribus
467 1940 579 1994 istis
617 1943 875 2001 conviviis
919 1945 1177 2003 honorem
1230 1946 1512 2016 quemdam
1559 1956 1614 2001 et
1670 1944 1852 2001 hilari-

273 2032 438 2084 tatem
506 2034 837 2090 convivatori
884 2036 1039 2092 affert
1107 2038 1453 2094 convivarum
1516 2038 1848 2108 frequentia,

269 2132 474 2187 quanto
502 2126 669 2196 magis
700 2127 752 2182 in
782 2130 1145 2198 spiritualibus
1174 2131 1256 2187 his
1284 2132 1541 2187 conviviis
1568 2132 1705 2187 idem
1738 2131 1850 2186 fieri

269 2215 524 2268 convenit
557 2233 569 2269 :
597 2220 836 2287 quamvis
869 2220 978 2275 illic
999 2222 1342 2278 invitatorum
1371 2224 1653 2278 multitudo
1682 2225 1850 2293 magis

267 2304 518 2361 absumat
534 2321 618 2373 ea,
641 2324 759 2379 quae
782 2323 1137 2383 apponuntur,
1159 2315 1450 2386 majorique
1478 2316 1548 2370 sit
1566 2317 1797 2385 sumptui
1834 2335 1847 2371 :

267 2393 354 2449 hic
380 2406 562 2453 autem
594 2410 780 2456 contra
804 2443 819 2469 ,
848 2404 1042 2459 nedum
1090 2407 1336 2477 absumat
1378 2423 1590 2464 mensas
1629 2417 1847 2463 vocato-

264 2504 384 2542 rum
415 2491 701 2548 multitudo
722 2536 736 2559 ,
779 2494 1161 2552 abundantiam
1189 2515 1399 2569 quoque
1419 2500 1583 2569 parit;
1617 2500 1758 2571 quod
1803 2501 1845 2554 si

266 2580 373 2636 illic
401 2593 646 2651 sumptus
689 2588 1015 2657 voluptatem
1066 2591 1256 2653 affert,
1307 2603 1507 2663 quanto
1554 2594 1721 2663 magis
1760 2594 1847 2649 hic

264 2672 403 2727 idem
435 2677 591 2732 faciet
616 2681 854 2735 accessio
894 2691 947 2736 et
973 2683 1213 2738 reditus?
1244 2685 1371 2741 llrrc
1392 2698 1473 2741 est
1502 2688 1642 2742 enim
1684 2688 1841 2756 Spiri-

263 2765 483 2820 tnalium
531 2784 709 2824 rerum
754 2782 975 2839 natura.
1009 2790 1114 2842 quo
1152 2775 1390 2844 pluribus
1434 2778 1838 2844 distrilmuntur,

260 2855 363 2912 hoc
389 2861 618 2926 amplius
644 2874 911 2919 crescunt.
931 2865 1188 2933 Quoniam
1222 2867 1380 2937 igitur
1407 2869 1562 2924 video
1592 2870 1839 2925 refertam

256 2950 497 3004 convivis
539 2968 801 3019 mensam,
845 2967 1099 3026 exspecto
1149 2958 1307 3013 etiam
1356 2959 1583 3031 Spiritus
1617 2963 1838 3032 gratiam

256 3039 423 3093 ruenti
488 3051 685 3097 nostrze
739 3044 1121 3102 insonaturam.
1181 3048 1405 3115 Quando
1452 3052 1595 3107 enim
1645 3054 1839 3109 multos

254 3130 445 3186 adesse
471 3133 634 3200 videt,
655 3144 778 3190 tunc
804 3137 1135 3205 copiosiores
1165 3140 1350 3209 epulas
1378 3158 1645 3211 apponere
1666 3145 1834 3210 solet;

254 3236 361 3273 non
383 3222 527 3291 quod
552 3239 748 3291 paucos
776 3225 1006 3281 fastidiat
1032 3271 1047 3294 ,
1077 3229 1168 3283 sed
1197 3230 1337 3299 quod
1371 3232 1659 3288 multorum
1696 3234 1837 3289 salu-

254 3320 360 3365 tem
383 3312 673 3369 desideret.
700 3316 813 3372 Hac
835 3316 903 3373 de
928 3334 1088 3373 causa
1118 3320 1339 3375 Paulum
1378 3338 1587 3392 quoque
1616 3333 1835 3393 praeter-

248 3412 555 3460 currentem
600 3418 823 3465 cretei-as
869 3410 1034 3466 urbes
1062 3454 1076 3478 ,
1132 3413 1271 3483 apud
1321 3414 1635 3469 Corinthum
1689 3432 1835 3471 com-

250 3498 447 3548 morari
476 3495 719 3554 Christus
746 3515 841 3569 per
865 3501 1122 3557 visionem
1139 3503 1320 3572 jussit,
1349 3504 1531 3559 dicens
1568 3523 1581 3558 :
1615 3504 1744 3560 Noti
1771 3508 1836 3559 ti-

247 3602 413 3652 mere,
442 3584 532 3640 sed
562 3588 762 3658 loquere
796 3598 843 3644 et
886 3608 949 3644 ne
992 3601 1187 3656 taceas,
1218 3595 1462 3661 quoniam
1502 3597 1720 3666 populus
1763 3608 1833 3650 est

244 3675 373 3728 mihi
405 3677 594 3731 multus
627 3679 680 3731 in
711 3679 803 3732 hac
838 3680 1039 3735 civitate
1068 3680 1204 3752 (Act.
1238 3684 1324 3738 l8.
1360 3683 1411 3739 9.
1450 3684 1559 3754 10).
1594 3684 1647 3741 Si
1689 3686 1830 3741 enim

243 3779 467 3838 propter
509 3787 663 3823 unam
701 3773 962 3827 oviculam
1002 3784 1213 3830 montes
1246 3786 1297 3831 et
1330 3793 1544 3832 nemora
1582 3786 1638 3834 ct
1684 3780 1829 3833 inac-

240 3876 394 3914 cessa
428 3861 542 3917 loca
570 3873 886 3933 pervagatus
914 3876 998 3922 est
1024 3876 1240 3937 pastor,
1281 3870 1369 3940 qui
1408 3871 1519 3925 fieri
1559 3881 1734 3940 potest
1774 3883 1831 3928 ut

237 3970 350 4009 non
394 3956 550 4026 longe
593 3958 861 4027 majorem
897 3976 1078 4016 curam
1119 3961 1389 4029 adhibeat,
1414 3964 1622 4034 quoties
1649 3966 1829 4019 multae

236 4063 369 4101 oves
421 4063 451 4102 a
498 4050 747 4105 socordia
796 4063 848 4106 et
897 4068 1087 4108 errore
1126 4062 1251 4108 sunt
1303 4056 1825 4124 revocandae?Quod

234 4139 380 4190 enim
414 4154 481 4193 ne
503 4154 697 4207 paucas
712 4141 926 4211 quidem
945 4151 1274 4206 contemnat,
1295 4144 1416 4199 audi
1447 4147 1618 4216 ipsum
1639 4148 1829 4203 dicen-

234 4238 343 4281 tem
376 4248 390 4282 :
422 4228 538 4283 Non
561 4241 632 4284 est
660 4231 892 4286 voluntas
936 4232 1110 4288 Patris
1138 4236 1255 4296 mei.
1292 4246 1345 4291 ut
1370 4250 1538 4308 pereat
1578 4240 1653 4292 vel
1695 4258 1826 4295 unus

230 4338 297 4374 ea:
332 4322 446 4375 istis
475 4325 700 4393 parvulis
724 4323 934 4397 (Matth.
967 4328 1053 4383 i8.
1085 4327 1195 4394 Î—).
1234 4328 1417 4400 Neque
1449 4333 1708 4400 paucitas,
1737 4334 1822 4386 in-

229 4414 390 4483 quit,
422 4432 597 4487 neque
623 4418 800 4474 vilitas
837 4420 1043 4477 inducit
1075 4438 1220 4487 eum,
1252 4433 1310 4479 ut
1339 4426 1570 4497 negligat
1596 4429 1821 4484 salutem

229 4515 496 4561 nostram.

301 4597 356 4651 2.
390 4598 613 4667 Quando
636 4601 793 4671 igitur
816 4610 1016 4657 tantam
1048 4603 1208 4660 habet
1239 4607 1579 4674 parvulorum
1608 4626 1669 4665 ac
1695 4627 1821 4679 pau-

228 4701 421 4741 corum
447 4704 649 4755 curam,
677 4700 876 4746 tantam
900 4693 1062 4748 etiam
1102 4697 1413 4764 multorum,
1447 4702 1541 4753 toti
1587 4700 1656 4754 ab
1695 4702 1816 4769 ejus

227 4775 416 4831 favore
443 4778 753 4847 pendentes,
784 4780 851 4834 ad
888 4783 1035 4837 Pauli
1088 4786 1249 4839 verba
1295 4803 1412 4855 qua:
1461 4788 1622 4843 hodie
1670 4790 1807 4844 lecta

224 4876 377 4932 sunt,
424 4884 730 4925 sermonem
787 4872 1081 4927 flectamus.
1129 4874 1367 4944 Scimus,
1396 4877 1587 4948 inquit.
1612 4881 1749 4949 quod
1774 4880 1818 4934 si

227 4966 487 5012 terrenum
513 4972 738 5015 nostrum
758 4962 1075 5018 domicilium
1103 4966 1257 5037 hujus
1280 4969 1589 5023 tabernaculi
1616 4973 1816 5025 destru-

224 5056 364 5102 ctum
396 5052 548 5119 fuerit
582 5051 791 5121 (2.60m
811 5055 864 5110 5.
896 5054 973 5125 l).
992 5056 1101 5109 lmo
1127 5073 1255 5112 vero
1281 5059 1441 5113 altius
1466 5071 1520 5115 et
1549 5062 1612 5115 ad
1643 5063 1815 5132 ipsqu

223 5144 511 5199 exordium
543 5143 700 5214 hujus
726 5148 1006 5202 sententiae
1031 5148 1331 5203 redeamus.
1358 5152 1815 5218 Quemadmodum

222 5238 372 5291 enim
398 5238 487 5306 qui
516 5236 712 5292 fontem
741 5238 1120 5309 pervestigant,
1142 5240 1356 5296 invento
1385 5244 1535 5313 riguo
1563 5246 1681 5300 loco
1706 5263 1813 5302 non

222 5329 340 5383 illic
382 5328 559 5384 solum
605 5329 839 5394 fodiunt,
868 5331 960 5385 scd
1015 5331 1295 5388 humorem
1346 5351 1491 5403 eum,
1524 5347 1578 5392 et
1622 5355 1813 5395 venam

222 5432 519 5490 sequentes
549 5422 772 5477 interius
799 5432 1124 5490 scrutantur,
1154 5425 1329 5482 donec
1362 5429 1427 5483 ad
1455 5441 1616 5499 caput
1640 5432 1810 5499 ipsum

220 5521 279 5566 ct
311 5511 520 5565 initium
543 5510 864 5567 fluentorum
912 5517 1260 5584 perveniant,
1288 5518 1365 5571 sic
1405 5528 1460 5574 et
1510 5538 1607 5577 nos
1653 5523 1815 5577 facia-

220 5616 361 5654 mus.
403 5601 758 5671 Posteaquam
804 5605 1106 5661 invenimus
1150 5610 1480 5676 Spiritualem
1534 5612 1733 5669 fontem
1774 5631 1806 5673 e

218 5690 445 5746 Paulina
477 5695 738 5763 sapientia
797 5708 1123 5763 manantem,
1174 5702 1333 5756 verba
1379 5702 1492 5757 lure
1541 5716 1807 5776 tamquam

216 5797 414 5838 venam
444 5787 749 5855 quampiam
792 5788 1066 5858 sequendo
1090 5792 1155 5845 ad
1185 5803 1344 5861 caput
1371 5794 1540 5864 ipsum
1586 5812 1807 5854 senten-

221 5875 310 5929 tia'
342 5876 719 5934 accendamus.
773 5879 923 5947 Quod
950 5889 1033 5938 est
1070 5880 1226 5952 igitur
1257 5884 1385 5941 illud
1414 5885 1576 5945 fontis
1603 5891 1807 5961 caput?

966 451 1051 507 or:
1094 448 1336 505 ventus
1376 441 1721 505 arosrou,
1763 437 2121 497 HABENTES
2160 441 2447 501 EUMDEM
2498 446 2835 506 smmrua.
2881 452 2918 506 Î¹Î¹

3455 459 3557 513 â€™Ï‰

1981 560 2231 617 Habentes
2259 564 2412 634 igitur
2435 568 2663 623 eumdem
2693 571 2943 641 Spiritum
2972 575 3111 644 ï¬dei,
3143 578 3272 632 sicut
3311 580 3555 649 scriptum

1975 663 2068 719 est,
2094 652 2296 708 Credidi
2326 667 2530 726 propter
2570 660 2702 728 quod
2741 660 2977 731 loquutus
3027 683 3140 721 sum
3169 684 3187 721 :
3210 677 3254 723 et
3275 686 3366 724 nos
3388 671 3555 726 ÎµÎ½Î¿Î¹á½·á½¶-

1973 732 2118 809 mus,
2153 760 2457 818 quapropter
2513 761 2557 804 et
2606 752 2966 822 loquimur(2.
2995 756 3111 811 Cor.
3170 760 3225 813 4.
3280 761 3368 827 l3;
3399 758 3554 815 Psul.

1976 835 2097 889 H5.
2129 836 2241 907 10).
2268 837 2403 905 Quid
2430 840 2548 895 ais?
2576 842 2675 897 nisi
2697 844 3008 912 credideris,
3041 864 3145 903 non
3177 850 3432 921 loqueris,
3457 854 3551 909 sed

1972 936 2150 983 mutus
2205 931 2453 1000 perstas?
2502 932 2698 999 Etiam,
2740 936 2935 1007 inquit;
2967 955 3139 1011 neque
3188 940 3441 1002 diducere
3479 964 3543 1006 os

1970 1035 2185 1088 possum
2214 1023 2330 1079 sine
2359 1024 2482 1089 fide,
2508 1042 2680 1097 neque
2703 1045 2919 1085 movere
2946 1032 3199 1104 linguam,
3227 1054 3399 1110 neque
3419 1057 3549 1112 ape-

1971 1111 2077 1166 rire
2119 1113 2253 1168 labia
2277 1157 2293 1183 ,
2323 1118 2532 1173 ratione
2563 1120 2816 1188 przeditus
2854 1138 2973 1177 cum
3006 1125 3129 1193 sim,
3162 1138 3340 1185 mutus
3365 1140 3549 1201 persto

1969 1202 2069 1257 nisi
2095 1204 2225 1259 ï¬des
2246 1207 2386 1276 loqui
2428 1226 2514 1265 me
2545 1211 2755 1267 doceat.
2782 1213 2929 1269 Sicut
2960 1216 3101 1272 enim
3134 1218 3315 1288 planta
3344 1222 3550 1294 absque

1968 1294 2146 1349 radice
2169 1294 2397 1353 fructum
2429 1317 2533 1356 non
2574 1302 2812 1372 profert,
2846 1307 2915 1360 ita
2955 1309 3157 1379 absque
3185 1312 3307 1368 ï¬dei
3353 1314 3540 1371 funda-

1968 1396 2146 1439 mento
2174 1403 2280 1441 non
2310 1393 2557 1461 provenit
2583 1410 2764 1449 sermo
2806 1397 3062 1455 doctrinm
3098 1420 3111 1455 :
3139 1414 3462 1476 quapropter
3491 1418 3543 1463 et

1964 1474 2087 1531 alibi
2135 1477 2345 1549 inquit:
2378 1480 2539 1538 Corde
2557 1486 2780 1541 creditur
2819 1490 2888 1542 ad
2931 1495 3222 1564 justitiam,
3246 1474 3537 1555 oreâ€˜atttcm

1962 1571 2209 1638 confessio
2234 1572 2293 1640 [it
2316 1573 2385 1625 ad
2409 1575 2623 1630 salutem
2643 1578 2819 1648 (Rom.
2855 1583 2942 1638 10.
2976 1584 3085 1655 l0).

2060 1657 2216 1716 Fides
2264 1679 2379 1717 cum
2431 1666 2606 1721 baculo
2663 1685 2988 1741 comparata;
3035 1677 3362 1751 philosOpitos
3412 1684 3540 1738 ridet

1964 1751 2261 1819 profanos;
2329 1757 2456 1823 ï¬des
2542 1776 2655 1815 cum
2736 1781 2925 1819 ancora
2996 1769 3199 1824 collata.
3266 1803 3338 1813 â€”
3402 1776 3538 1842 Quid

1961 1842 2083 1899 huic
2113 1846 2287 1901 arbori
2342 1850 2422 1904 vel
2456 1853 2693 1921 praeferri
2735 1858 2816 1910 vel
2852 1858 3079 1916 conferri
3131 1873 3340 1933 potest,
3386 1868 3538 1939 cujus

1958 1937 2171 2005 quidem
2214 1956 2317 1994 non
2355 1945 2485 1996 rami
2518 1947 2690 2001 solum
2712 1991 2726 2015 ,
2752 1950 2844 2004 sed
2873 1953 3017 2007 radix
3044 1972 3252 2026 quoque
3281 1961 3393 2028 ipsa
3436 1962 3538 2016 fert

1959 2024 2222 2095 fructum,
2266 2030 2380 2087 lucc
2418 2032 2713 2102 justitiam,
2758 2040 2833 2094 illi
2877 2042 3137 2099 salutem?
3167 2024 3314 2105 ideo
3357 2050 3534 2106 dicit:

1958 2115 2239 2187 Credimus,
2268 2136 2574 2195 quapropter
2598 2138 2643 2180 et
2659 2130 2929 2201 loquimur.
2949 2132 3097 2191 Sicut
3121 2137 3262 2193 enim
3295 2144 3535 2200 membra

1958 2210 2201 2273 tremula,
2224 2222 2269 2264 et
2292 2224 2562 2271 senectute
2582 2218 2848 2289 languida,
2868 2224 3057 2281 baculo
3079 2238 3191 2283 tuto
3213 2229 3532 2300 deducente,

1956 2298 2058 2355 labi
2100 2311 2153 2355 ct
2178 2303 2371 2359 cadere
2409 2323 2512 2362 non
2544 2312 2922 2378 permittuntur
2952 2334 2964 2371 :
2998 2318 3075 2373 sic
3101 2321 3261 2375 etiam
3302 2326 3533 2382 animam

1954 2399 2190 2446 nostram
2239 2394 2465 2451 infirmis
2506 2400 2999 2462 ratiocinationibus
3047 2410 3423 2469 circumactam
3467 2432 3531 2472 ac

1945 2480 2196 2550 jactatam
2225 2486 2355 2542 fides
2378 2490 2565 2557 quovis
2588 2492 2777 2549 baculo
2798 2498 2956 2553 tutius
2979 2511 3304 2570 sustentans,
3332 2521 3533 2577 suaque

1953 2575 2006 2629 vi
2037 2576 2316 2643 reficiens,
2349 2595 2689 2654 summopere
2726 2588 2934 2655 firmat,
2969 2608 3068 2649 nec
3094 2594 3219 2650 sinit
3254 2599 3486 2656 subverti
3513 2646 3527 2669 ,

1950 2665 2188 2722 infirmas
2218 2672 2566 2741 cogitationes
2595 2679 2870 2750 corrigens
2898 2688 3200 2752 przestantia
3222 2704 3333 2745 sua:
3359 2696 3525 2748 virtu-

1950 2755 2033 2821 tis,
2061 2767 2114 2811 et
2140 2760 2416 2830 caliginem
2440 2764 2582 2820 illam
2610 2767 2919 2840 dispellens,
2937 2775 3275 2850 animamque
3304 2784 3448 2838 velut
3475 2787 3526 2839 in

1946 2849 2214 2907 domicilio
2258 2857 2541 2913 tenebroso
2587 2860 2725 2918 inter
2755 2867 3137 2925 tumultuantes
3176 2875 3527 2945 cogitationes

1945 2942 2217 2998 sedentem
2259 2961 2357 3000 suo
2395 2948 2595 3007 lumine
2632 2954 2919 3011 illustrans.
2954 2958 3087 3015 Hinc
3112 2962 3203 3026 fit,
3240 2942 3407 3037 utqui
3436 2970 3523 3024 illa

1943 3046 2161 3102 carent,
2196 3039 2364 3094 nihilo
2404 3042 2612 3109 potiore
2649 3046 2756 3101 sint
2781 3048 3120 3119 conditione,
3149 3070 3309 3122 quam
3351 3060 3438 3127 qui
3471 3062 3523 3117 iu

1943 3127 2178 3182 tenebris
2202 3130 2361 3184 vitam
2385 3131 2583 3202 degunt
2612 3154 2624 3189 :
2652 3137 2745 3191 sed
2774 3139 2911 3193 sicut
2936 3141 3008 3195 illi
3036 3153 3087 3197 ct
3114 3145 3180 3200 ad
3213 3148 3440 3216 parietes
3468 3166 3525 3208 et

1942 3217 1994 3271 in
2018 3218 2171 3273 obvia
2198 3236 2421 3292 qumque
2445 3223 2763 3298 impingunt,
2783 3242 2835 3284 et
2861 3232 2912 3286 in
2942 3232 3119 3289 foveas
3144 3252 3205 3293 ac
3232 3242 3521 3313 prmcipitia

1940 3312 2322 3381 prolabuntur,
2355 3331 2456 3372 nec
2499 3318 2666 3375 ullum
2708 3338 2859 3377 usum
2890 3326 3165 3383 oculorum
3198 3312 3431 3401 habent,
3464 3347 3522 3391 ut

1938 3403 2130 3471 quibus
2158 3404 2287 3459 nihil
2318 3408 2602 3475 praeluceat
2648 3430 2661 3465 :
2706 3414 2783 3469 sic
2810 3417 2968 3471 etiam
3000 3429 3260 3492 quotquot
3297 3424 3401 3482 fide
3427 3444 3519 3482 ca-

1939 3503 2093 3558 rent,
2127 3506 2181 3551 et
2218 3498 2356 3553 inter
2398 3515 2457 3555 se
2497 3502 2583 3557 alii
2618 3503 2671 3558 in
2713 3505 2845 3562 alios
2875 3510 3175 3577 incursant,
3214 3528 3271 3570 et
3298 3517 3349 3572 in
3376 3518 3521 3588 ipsos

1938 3586 2169 3650 parietes
2195 3629 2209 3650 ,
2250 3598 2304 3644 et
2347 3601 2618 3659 postremo
2647 3595 2699 3650 in
2731 3596 3039 3656 barathrum
3067 3604 3282 3676 aliquod
3307 3586 3521 3668 exitiale

1937 3676 2075 3730 ultro
2105 3695 2163 3732 se
2189 3679 2285 3747 ipsi
2318 3684 2667 3753 praecipitant.

1971 3769 2216 3827 5.Testcs
2230 3775 2356 3828 mihi
2370 3787 2491 3831 sunt
2504 3778 2577 3833 illi
2589 3780 2676 3849 qui
2693 3782 2961 3851 profanam
2976 3790 3285 3858 sapientiam
3293 3793 3514 3864 jactant,

1934 3862 2021 3928 qui
2047 3863 2267 3919 multum
2285 3866 2384 3921 sibi
2409 3871 2668 3937 promissa
2694 3874 2878 3939 barba,
2902 3879 3133 3950 tritoque
3156 3862 3313 3952 pallio
3337 3902 3399 3940 ac
3423 3862 3514 3942 ba?

1933 3953 2054 4008 colo
2073 3956 2301 4024 placent.
2318 3958 2445 4015 Post
2458 3962 2643 4033 longas
2659 3967 2801 4021 enim
2819 3985 2881 4024 ac
2897 3985 3039 4040 smpe
3057 3976 3309 4044 repetitas
3326 3978 3517 4035 disser-

1935 4046 2179 4111 tationes,
2200 4048 2403 4119 lapides
2421 4068 2528 4122 pra:
2544 4057 2711 4112 oculis
2728 4058 2859 4115 sitos
2879 4079 2985 4117 non
3004 4065 3212 4122 vident:
3231 4070 3273 4123 si
3297 4072 3439 4127 enim
3460 4083 3517 4128 ut

1933 4136 2133 4205 lapides
2152 4155 2245 4195 eos
2269 4155 2571 4209 cernerent,
2592 4164 2924 4221 nequaquam
2948 4169 3040 4209 eos
3066 4156 3199 4213 deos
3213 4174 3333 4215 esse
3353 4177 3511 4232 puta-

1932 4239 2067 4284 rent.
2092 4232 2226 4300 Quin
2247 4234 2345 4303 ipsi
2362 4254 2572 4308 quoque
2593 4241 2644 4295 in
2665 4243 2799 4297 alios
2814 4244 2901 4298 alii
2922 4247 3180 4315 feruntur,
3199 4262 3355 4322 atque
3374 4256 3515 4312 inter

1929 4336 1987 4375 se
2015 4323 2356 4391 colliduntur,
2377 4335 2434 4381 ut
2456 4329 2506 4382 in
2533 4330 2703 4399 ipsum
2728 4334 3012 4406 impietatis
3038 4341 3510 4410 profundissimam

1929 4415 2280 4483 prmcipitium
2310 4418 2693 4488 devolvantur,
2728 4441 2834 4481 non
2877 4429 3034 4485 aliam
3058 4434 3131 4487 ob
3166 4451 3281 4491 rem
3303 4478 3317 4499 ,
3351 4453 3511 4507 quam

1927 4504 2068 4570 quod
2092 4508 2587 4568 ratiocinationibus
2616 4517 2726 4570 suis
2767 4521 2946 4574 omnia
2973 4538 3066 4577 sua
3093 4504 3423 4594 permittunt.
3455 4530 3511 4586 Id

1927 4612 2056 4651 vero
2082 4597 2277 4654 Paulus
2307 4603 2611 4672 signiï¬cans
2649 4607 2780 4663 dicit
2826 4629 2837 4662 :
2884 4611 3209 4673 Evanucrunt
3236 4619 3287 4672 in
3318 4623 3510 4693 cogita-

1926 4689 2143 4744 tionibus
2168 4694 2274 4746 suis
2292 4736 2306 4759 ,
2330 4706 2376 4748 et
2415 4695 2786 4754 obtenebratum
2812 4715 2882 4757 est
2921 4706 3165 4778 insipiens
3186 4726 3273 4764 cor
3292 4729 3465 4767 eorum
3492 4732 3510 4769 :

1925 4795 2039 4833 cum
2063 4800 2115 4836 se
2139 4786 2390 4840 crederent
2417 4805 2522 4844 esse
2550 4793 2830 4863 sapientes,
2858 4798 2998 4851 stulti
3016 4803 3140 4871 facti
3160 4813 3275 4857 sunt
3324 4804 3500 4876 (Rom.

1928 4872 1976 4924 1.
2004 4873 2229 4943 9.1.22).
2270 4878 2557 4936 Declarans
2581 4882 2774 4939 deimle
2809 4904 2966 4957 quam
2996 4897 3241 4948 occaâ€˜cati
3272 4872 3505 4955 etâ€˜stulti

1924 4975 2122 5025 essent,
2154 4969 2298 5022 addit
2332 4971 2443 5025 hzec
2475 4976 2630 5029 verba
2665 4994 2678 5030 :
2715 4976 3130 5054 Mutavcruntque
3169 4987 3386 5057 gloriam
3424 4994 3504 5045 in-

1923 5058 2261 5125 corruptibilis
2288 5059 2382 5114 Dei
2408 5064 2460 5116 in
2497 5065 2876 5123 similitudinem
2910 5072 3143 5142 imaginis
3165 5082 3507 5151 corruptibilis

1923 5147 2139 5202 hominis
2162 5192 2178 5215 ,
2207 5160 2254 5203 et
2284 5154 2564 5210 volatilium
2588 5197 2602 5220 ,
2632 5168 2680 5212 et
2704 5160 3125 5234 quadrupedum,
3165 5180 3213 5221 et
3249 5147 3502 5242 reptilium

1924 5239 2086 5308 (Ibid.
2121 5256 2171 5296 v.
2194 5241 2308 5312 ÎµÎ´).
2337 5244 2439 5299 Sed
2489 5246 2583 5302 has
2616 5251 2863 5307 tenebras
2895 5255 3027 5311 fides
3055 5258 3283 5317 adventu
3305 5239 3416 5319 suo
3447 5268 3500 5321 in

1921 5332 2226 5387 universum
2254 5335 2469 5390 discutit
2501 5338 2550 5391 in
2580 5341 2776 5406 anima,
2807 5358 2925 5413 qua:
2950 5359 3010 5402 se
3034 5346 3264 5419 hospitio
3283 5355 3498 5424 dignata

1920 5420 2081 5477 fuerit
2122 5442 2134 5478 :
2174 5434 2226 5479 et
2260 5429 2705 5494 quemadmodum
2752 5449 2940 5491 navem
2982 5450 3257 5497 ventorum
3298 5445 3495 5514 impetu

1914 5513 2166 5581 jactatam
2192 5558 2207 5581 ,
2253 5527 2307 5571 et
2358 5517 2612 5575 fluctuum
2653 5525 2859 5580 assultu
2902 5528 3232 5597 inundatam,
3265 5513 3494 5589 demissa

1917 5621 2113 5661 ancora
2144 5610 2362 5663 omnino
2389 5611 2621 5681 stabilit,
2654 5624 2707 5668 et
2736 5616 2819 5671 vel
2851 5618 2902 5672 in
2932 5622 3107 5675 medio
3138 5624 3322 5695 pelago
3351 5626 3495 5679 radi-

1912 5708 2002 5752 cat
2030 5717 2043 5751 :
2073 5699 2144 5753 ita
2170 5703 2328 5755 etiam
2356 5714 2585 5760 mentem
2608 5716 2843 5764 nostram
2864 5715 3137 5768 extraneis
3159 5717 3494 5785 cogitationi-

1916 5798 2015 5851 bus
2034 5799 2285 5866 jactatam
2308 5800 2536 5859 adventu
2560 5819 2657 5861 suo
2687 5805 2818 5861 ï¬des
2842 5810 3003 5865 tutius
3029 5827 3185 5880 quam
3208 5827 3397 5867 ancora
3426 5830 3489 5871 ex

1917 5889 2213 5948 imminenti
2244 5893 2515 5967 naufragio
2548 5895 2757 5970 liberat,
2785 5909 3050 5972 tamquam
3080 5905 3129 5959 lu
3156 5907 3492 5973 tranquillum
