3990 6358
445 354 548 408 $275

448 489 682 550 portum,
720 481 772 536 in
799 479 1140 538 conscientia:
1160 481 1532 540 eertitudinem
1557 482 1850 540 deducens.
1877 485 2028 553 Quod

448 588 502 628 et
535 579 704 644 ipsum
750 577 944 630 l’aulus
985 576 1288 646 signiﬁcans
1339 576 1464 630 dicit
1512 594 1524 629 :
1572 575 1850 647 Propterea
1891 577 2030 631 dedit

449 671 587 725 Deus
615 669 870 739 apostolos
904 670 970 720 ad
1003 669 1486 722 consummationem
1515 680 1804 723 sanctorum
1824 710 1840 734 ,
1873 669 2033 723 donec

447 783 773 822 occurramus
798 783 973 820 ontues
1003 766 1060 818 in
1092 765 1338 818 unitatem
1363 765 1481 832 ﬁdei
1509 774 1558 818 et
1597 763 1868 834 agnitionis
1908 761 2034 816 Filii

448 860 544 914 Dei
563 903 576 925 ,
609 870 660 912 ut
684 876 744 912 ne
772 859 999 928 amplius
1025 858 1183 912 simus
1205 857 1402 926 parvuli
1428 857 1730 924 ﬂuctuantes
1751 897 1764 918 ,
1793 865 1840 907 et
1860 855 2035 920 quovis

446 963 592 1005 rento
615 952 710 1003 huc
738 959 884 1018 atque
909 949 1034 1002 illuc
1064 949 1238 1014 iactati
1279 946 1494 1018 (Ephes.
1530 947 1583 1000 4.
1618 947 1677 1000 11
1732 975 1758 985 -
1790 943 1914 1015 14).
1946 944 2034 997 Vi-

448 1047 545 1098 des
585 1043 708 1096 ﬁdei
736 1042 940 1096 facinus
971 1041 1284 1110 praeclarum
1308 1081 1322 1103 ,
1353 1038 1493 1108 quod
1523 1053 1621 1091 ceu
1653 1052 1848 1091 ancora
1884 1052 2030 1106 quie-

450 1139 592 1206 piam
638 1134 940 1196 tutissima,
983 1148 1012 1186 a
1061 1131 1403 1186 ﬂuctuatione
1441 1130 1629 1183 liberat
1663 1146 1675 1181 :
1716 1130 1853 1182 sicut
1897 1128 2034 1181 idem

453 1240 638 1280 rursus
666 1224 732 1278 ad
761 1223 1013 1277 Hebraeos
1040 1221 1245 1282 scribit,
1270 1221 1369 1274 hoe
1389 1219 1549 1274 modo
1569 1219 1635 1273 de
1656 1218 1759 1273 ﬁde
1776 1219 2034 1288 loquens:

457 1319 623 1385 Quam
651 1317 786 1372 velut
807 1333 1047 1370 ancoram
1069 1325 1291 1370 tenemus
1312 1316 1518 1381 animat,
1537 1325 1695 1368 tutam
1716 1315 2036 1384 ﬁrmamque,

453 1421 500 1462 et
528 1410 860 1462 introeuntem
885 1423 1042 1477 usque
1061 1406 1127 1460 ad
1153 1423 1212 1459 ea
1238 1421 1352 1478 qua:
1372 1417 1485 1459 sunt
1506 1406 1638 1458 intra
1660 1406 1823 1459 velum
1852 1403 2037 1476 (Hebr.

455 1502 512 1556 ﬁ.
555 1500 622 1556 19
649 1500 694 1572 ).
737 1499 814 1556 Ne
855 1501 996 1554 enim
1041 1498 1219 1553 audita
1257 1513 1450 1552 ancora
1497 1507 1651 1566 putes
1695 1497 1946 1552 deorsum
1989 1508 2040 1552 te

456 1595 811 1661 trahendum,
845 1592 1074 1648 ostendit
1113 1607 1306 1646 novum
1345 1606 1465 1645 esse
1512 1590 1781 1662 quoddam
1826 1605 2039 1645 ancora:

457 1705 642 1760 genus,
671 1704 788 1758 quae
814 1703 918 1741 non
940 1685 1332 1756 deprimat,sed
1357 1700 1567 1739 sursum
1590 1692 1821 1739 mentem
1845 1684 2036 1747 elevet,

456 1784 526 1837 ad
547 1783 736 1838 uelum
765 1797 932 1850 usque
962 1779 1258 1845 sublatam,
1297 1788 1352 1834 et
1381 1779 1518 1832 intra
1549 1778 1722 1832 velum
1752 1792 1849 1832 ceu
1881 1792 2038 1830 manu

456 1876 739 1931 deductam
787 1893 798 1928 :
848 1873 1024 1927 velum
1068 1873 1210 1927 enim
1260 1871 1362 1926 hoc
1409 1873 1526 1926 loco
1568 1871 1758 1925 czelum
1810 1871 2038 1924 vocavit.

456 1971 582 2035 Cur,
610 1977 704 2022 aut
728 1982 884 2038 quam
915 1965 984 2020 ob
1009 1980 1222 2020 causam
1239 1964 1264 2017 ?
1283 1965 1415 2030 Quia
1440 1964 1579 2018 sicut
1601 1963 1777 2018 velum
1797 1961 1865 2016 ab
1889 1971 2036 2018 exte-

457 2063 598 2116 riore
635 2068 781 2130 parte
808 2056 1134 2112 tabernaculi
1166 2055 1452 2110 dirimebat
1482 2063 1672 2109 sancta
1691 2064 1996 2109 sanctorum
2021 2095 2038 2121 ,

460 2153 528 2205 ita
555 2151 744 2205 cmlum
785 2147 926 2203 istud
959 2157 1226 2220 tamquam
1251 2145 1428 2200 velum
1468 2145 1700 2199 medium
1727 2146 1866 2200 inter
1893 2160 2043 2199 crea-

461 2253 631 2297 turam
668 2242 936 2310 objectnm
960 2282 974 2305 ,
1003 2241 1072 2294 ab
1107 2239 1374 2294 exteriore
1401 2239 1780 2305 tabernaculo,
1821 2238 1924 2294 hoc
1961 2249 2044 2294 est

459 2334 658 2389 mundo
683 2333 785 2388 hoc
803 2349 960 2404 quem
991 2333 1252 2399 videmus,
1279 2331 1480 2387 dirimit
1503 2341 1684 2386 saneta
1714 2341 2041 2394 sanctorum,

457 2426 712 2482 videlicet
734 2441 795 2481 ea
827 2441 946 2496 quae
976 2440 1140 2497 supra
1171 2440 1230 2479 se
1267 2433 1424 2488 sunt,
1463 2439 1570 2494 quo
1609 2439 1912 2494 praecursor
1947 2437 2045 2494 pro

459 2519 617 2576 nobis
646 2519 1007 2588 introgressus
1032 2527 1113 2572 est
1134 2517 1401 2572 Christus.

530 2613 583 2666 4.
613 2611 764 2679 Quod
787 2619 963 2665 autem
992 2609 1122 2665 dicit
1149 2649 1162 2673 ,
1195 2610 1272 2665 sic
1300 2608 1701 2680 intelligendum
1733 2616 1815 2663 est
1847 2625 1859 2660 :
1892 2607 2044 2675 Illuc,

463 2703 660 2772 inquit,
683 2703 914 2756 animam
946 2709 1183 2756 nostram
1208 2699 1490 2756 sublimem
1513 2699 1708 2756 attollit
1738 2699 1869 2754 ﬁdes
1888 2743 1903 2767 ,
1937 2716 2042 2754 non

460 2797 645 2851 sineus
676 2796 797 2850 ullis
816 2796 1172 2866 prmsentibus
1195 2794 1348 2848 malis
1377 2793 1625 2864 deprimi,
1657 2793 1752 2848 sed
1777 2808 1872 2864 spe
1902 2794 2044 2847 lutu-

462 2904 642 2943 rorum
696 2888 906 2942 labores
943 2887 1201 2942 allevans.
1253 2885 1351 2954 Qui
1399 2886 1540 2941 enim
1582 2884 1756 2939 futura
1801 2894 2044 2954 Spectat,

461 2979 694 3034 ctelestia
733 2993 990 3048 sperans,
1037 2988 1091 3033 et
1133 2978 1328 3032 mentis
1357 2976 1537 3032 oculos
1567 2976 1661 3032 illo
1689 2976 1923 3046 dirigens
1942 3017 1956 3041 ,
1981 2992 2049 3030 ne

463 3071 626 3125 sentit
689 3071 903 3141 quidem
965 3070 1309 3140 praesentium
1376 3069 1636 3124 malorum
1704 3069 2046 3132 molestiam,

463 3163 913 3233 quemadmodum
961 3177 1134 3232 neque
1177 3161 1376 3216 Paulus
1425 3161 1729 3226 sentiebat,
1787 3170 1841 3214 et
1893 3160 2048 3230 hujus

467 3255 816 3325 philosophia.-
849 3269 1062 3307 ca—usam
1089 3253 1313 3308 docebat
1340 3252 1526 3307 dicens
1561 3271 1575 3307 :
1606 3251 1745 3306 Nam
1774 3262 2052 3307 momenta-

465 3364 562 3400 nea
627 3346 803 3400 levitas
868 3345 1150 3416 afﬂictionis
1203 3355 1390 3398 nostra?
1449 3345 1573 3398 mire
1625 3361 1781 3416 supra
1845 3345 2054 3399 modum

468 3449 714 3492 cateruam
755 3437 951 3508 pondus
991 3438 1170 3508 gloria:
1209 3437 1342 3505 parit
1386 3436 1526 3490 nobis
1566 3435 1820 3506 (2.110)“.
1857 3440 1911 3495 4.
1945 3441 2053 3511 17).

471 3529 750 3598 Quomodo
770 3539 821 3584 et
841 3545 946 3599 qua
972 3529 1215 3583 ratione?
1243 3527 1383 3582 Dum
1408 3517 1512 3583 non
1531 3539 1816 3600 spectamus
1856 3546 1916 3584 ea
1939 3545 2055 3600 quin

468 3623 720 3687 videntur,
746 3621 834 3675 sed
854 3639 910 3674 ea
929 3636 1041 3690 qua:
1061 3638 1160 3675 non
1185 3621 1415 3675 videntur
1436 3620 1541 3692 (Ib.
1566 3638 1616 3674 v.
1641 3621 1708 3676 18
1738 3622 1778 3688 ),
1804 3621 2053 3676 nimirum

472 3713 643 3769 oculis
683 3713 825 3767 lidei.
865 3713 1018 3767 Sicut
1055 3713 1196 3766 enim
1239 3714 1481 3782 corporis
1525 3713 1666 3768 oculi
1707 3712 1836 3770 nihil
1874 3714 2055 3769 vident

474 3808 828 3879 intelligibile,
858 3809 928 3862 ita
956 3809 1094 3862 oculi
1128 3807 1248 3862 ﬁdei
1282 3807 1411 3861 nihil
1443 3806 1624 3862 vident
1644 3807 1915 3862 sensibile.
1949 3807 2058 3862 Sed

476 3901 544 3955 de
569 3918 669 3971 qua
697 3901 797 3955 ﬁde
825 3900 909 3954 hic
937 3901 1169 3971 loquitur
1190 3899 1427 3954 Paulus?
1448 3915 1566 3954 nam
1595 3900 1715 3954 ﬁdei
1741 3900 2056 3955 vocabulum

475 3993 737 4062 duplicem
769 3993 931 4047 habet
955 3991 1414 4061 signiﬁcationem.
1442 3989 1652 4045 Etenim
1683 3989 1815 4045 ﬁdes
1840 3990 2055 4056 dicitur,

477 4100 572 4153 per
601 4099 757 4152 quam
792 4083 1027 4153 prodigia
1071 4092 1196 4137 tunc
1236 4080 1501 4136 faciebant
1541 4081 1766 4151 apostoli
1790 4121 1803 4142 ,
1846 4080 1914 4136 de
1954 4095 2058 4151 qua

476 4177 717 4230 Christus
744 4175 955 4230 dicebat
997 4193 1009 4228 :
1053 4175 1114 4230 Si
1158 4175 1432 4228 habueritis
1475 4175 1628 4243 ﬁdem
1676 4175 1804 4229 sicut
1841 4191 2060 4246 granum

477 4268 678 4335 sinapi,
710 4266 882 4320 dicetis
909 4267 1065 4320 monti
1093 4265 1212 4319 huic
1233 4307 1248 4331 ,
1283 4265 1452 4335 Migra
1472 4305 1488 4332 ,
1516 4275 1562 4318 et
1592 4264 1822 4336 migrabit
1845 4264 2058 4335 (Matth.

479 4360 568 4412 17.
602 4355 713 4429 19).
769 4358 835 4412 Ει
862 4373 1071 4411 rursum
1097 4373 1215 4411 cum
1243 4357 1487 4426 discipuli
1523 4371 1628 4411 non
1658 4366 1877 4426 possent
1905 4357 2061 4411 luna—

481 4451 642 4504 ticum
666 4450 893 4504 liberare
917 4465 947 4502 a
973 4449 1248 4515 daemone,
1279 4463 1599 4518 causamque
1628 4449 2062 4516 sciscitarentur,

481 4543 619 4597 hanc
640 4545 719 4598 eis
742 4543 1115 4608 subindicavit,
1131 4542 1271 4612 quod
1296 4542 1430 4596 ﬁdes
1451 4557 1543 4597 eos
1568 4542 1841 4607 deﬁceret,
1857 4544 2063 4608 dicens,

481 4637 703 4709 Propter
725 4636 1126 4690 incredulitatem
1156 4649 1367 4690 vestram
1392 4635 1520 4705 (1b.)
1557 4636 1622 4692 Et
1657 4637 1851 4692 Paulus
1877 4637 1942 4693 de
1973 4654 2066 4692 ca-

482 4730 605 4784 dem
632 4729 846 4784 diccbat
876 4747 889 4782 :
921 4729 983 4784 Si
1007 4730 1228 4782 habuero
1262 4730 1416 4798 [idem
1456 4731 1526 4782 ita
1551 4740 1605 4782 ut
1629 4741 1818 4784 montes
1848 4735 2067 4800 transfe-

483 4839 596 4874 rmn
627 4824 704 4891 (1.
734 4820 851 4876 Cor.
887 4823 973 4875 15.
1005 4821 1085 4890 2).
1110 4821 1175 4874 Ει
1220 4821 1405 4875 l'etrus
1435 4836 1554 4875 eum
1586 4821 1976 4890 periclitaretur
2004 4836 2071 4876 ne

487 4923 821 4984 mergeretur
875 4914 1096 4982 pedibus
1152 4929 1245 4982 per
1294 4928 1440 4967 mare
1491 4913 1773 4976 incedens,
1827 4913 2069 4968 eamdem

492 5006 907 5072 increpationem
947 5005 1148 5059 audivit
1187 5020 1214 5056 a
1247 5003 1478 5066 Christo,
1507 5003 1723 5057 Modicm
1754 5006 1890 5067 ﬁdei,
1919 5022 2077 5076 quare

493 5095 730 5148 dubitasti
767 5096 986 5168 (Matth.
1038 5097 1118 5150 14.
1158 5093 1299 5168 5i)?
1333 5096 1511 5166 Itaque
1557 5095 1688 5150 ﬁdes
1730 5096 1923 5150 dicitur
1971 5112 2075 5166 qua

495 5189 752 5242 miracula
792 5200 845 5243 et
889 5190 1127 5259 prodigia
1175 5199 1449 5258 patrantur
1485 5207 1498 5241 :
1539 5189 1736 5243 dicitur
1772 5190 1897 5242 item
1943 5189 2077 5244 ﬁdes

497 5299 617 5350 quc
644 5297 742 5336 nos
769 5283 836 5335 ad
867 5284 1190 5352 agnitionem
1223 5283 1313 5337 Dei
1346 5283 1622 5352 perducit,
1654 5283 1721 5334 ob
1751 5298 1908 5352 quam
1929 5283 2079 5351 quis-

503 5391 608 5446 que
637 5385 876 5428 nostrum
907 5373 1078 5430 ﬁdelis
1107 5386 1189 5429 est
1224 5394 1236 5429 :
1275 5374 1413 5429 sicut
1447 5374 1513 5427 ad
1541 5374 1809 5428 Romanos
1837 5373 2082 5428 scribens

503 5469 639 5523 dicit
676 5487 688 5522 :
727 5467 941 5522 Gratias
984 5483 1083 5536 ago
1129 5469 1233 5520 Deo
1268 5484 1380 5521 meo
1418 5483 1508 5536 per
1546 5465 1730 5522 Iesum
1781 5465 2082 5532 Christum,

507 5557 643 5626 quod
673 5559 801 5628 ﬁdes
834 5567 1002 5611 vestra
1033 5560 1383 5612 annuntiatur
1423 5561 1476 5610 in
1513 5568 1620 5612 toto
1667 5557 1864 5611 mundo
1900 5556 2075 5627 (Rom.

510 5650 561 5700 1.
599 5649 688 5716 8);
737 5664 802 5702 ac
852 5663 1074 5702 rursum
1129 5649 1195 5702 ad
1235 5648 1802 5703 Thessalomeenses:
1848 5647 1891 5700 Α
1937 5647 2082 5701 vobis

509 5743 646 5793 enim
695 5743 963 5814 personuit
1007 5757 1177 5796 sermo
1214 5741 1467 5802 Domini,
1518 5759 1621 5796 non
1669 5743 1840 5797 solum
1875 5743 1930 5796 in
1959 5741 2082 5795 Ma-

515 5833 730 5885 rcdouia
773 5843 819 5888 et
862 5834 1098 5891 Achaia.
1150 5849 1323 5890 rerum
1362 5835 1520 5889 etiam
1554 5835 1607 5888 in
1637 5835 1778 5890 omni
1813 5833 1924 5889 loco
1953 5833 2084 5902 ﬁdes

1153 348 1212 423 ε.
1250 367 1528 423 JOANNtS
1567 367 2040 426 cuavsosrout
2079 369 2398 429 ARCHIEP.
2440 367 2984 426 coxsrsurmor.

3607 363 3722 417 ΞΤῦ

2139 495 2332 550 vestra,
2354 502 2471 558 qua:
2493 494 2572 540 est
2603 487 2658 539 in
2687 482 2874 551 Deum,
2905 483 3198 538 dimanavit
3225 481 3302 552 (1.
3334 479 3515 536 Thess.
3548 481 3598 534 1.
3630 480 3717 547 8).

2229 583 2411 639 Fidem
2445 589 2745 658 cognitionis
2785 605 2874 642 cur
2912 588 3165 658 Spiritum
3208 584 3328 654 ﬁdei
3371 590 3546 644 vocet;
3585 577 3724 647 ﬁde!

2136 691 2293 744 quare
2315 678 2507 731 auxilio
2538 678 2761 748 Spiritus
2789 679 3029 748 indigeat.
3060 707 3129 718 -
3152 675 3372 744 Qualem
3401 672 3558 742 igitur
3581 667 3722 722 sub—

2140 767 2340 821 iudicat
2360 769 2410 821 in
2435 767 2537 822 hoc
2563 770 2680 824 loco
2707 770 2904 824 ﬁdem?
2934 769 3103 823 Dubio
3137 765 3320 838 procul
3350 763 3502 818 ﬁdem
3527 756 3724 829 cogni—

2141 859 2298 913 tionis
2327 877 2340 913 :
2370 859 2422 914 id
2461 861 2602 931 quod
2645 877 2708 916 ex
2749 861 3093 931 sequentibus
3138 868 3300 929 patet.
3332 855 3608 912 Credimus,
3638 850 3726 903 in-

2139 951 2274 1019 quit,
2299 962 2608 1022 quapropter
2643 962 2691 1006 et
2731 952 3005 1021 loquimur.
3040 949 3178 1018 Quid
3222 945 3528 1004 credimus?
3569 941 3728 1009 Quod

2139 1041 2226 1108 qui
2263 1043 2574 1095 resuscitauit
2617 1044 2904 1108 Christum,
2945 1045 3096 1097 etiam
3139 1058 3230 1096 nos
3275 1036 3585 1094 resuscitabit
3631 1049 3729 1102 per

2140 1133 2373 1185 virtutem
2397 1149 2542 1186 suam
2573 1133 2646 1206 (2.
2685 1132 2804 1189 Car.
2844 1137 2893 1190 1.
2927 1136 3040 1201 14).
3066 1133 3171 1189 Sed
3213 1146 3380 1202 quare
3419 1143 3534 1188 eam
3565 1131 3729 1177 vocat

2143 1221 2396 1291 Spiritum
2419 1223 2559 1291 ﬁdei,
2589 1234 2642 1280 et
2665 1226 2714 1280 in
2738 1225 3082 1280 donationum
3108 1223 3352 1278 ordinem
3375 1215 3732 1275 annumerat?

2140 1311 2273 1368 Nam
2309 1315 2352 1369 si
2396 1314 2595 1370 donum
2631 1327 2714 1370 est
2743 1316 2900 1381 ﬁdes,
2941 1326 2995 1371 ct
3035 1316 3198 1371 solius
3227 1312 3456 1383 Spiritus
3484 1309 3728 1370 donum,

2143 1421 2249 1460 non
2281 1415 2522 1461 nostrum
2564 1408 2852 1473 meritum,
2894 1423 3066 1477 neque
3109 1404 3369 1460 increduli
3405 1402 3728 1471 punientur.

2143 1514 2316 1570 neque
2344 1499 2626 1555 credentes
2667 1501 2879 1555 laudem
2912 1499 3378 1570 promerebuntur.
3402 1493 3542 1548 Talis
3579 1489 3736 1546 enim

2141 1599 2224 1646 est
2249 1591 2594 1646 donationum
2626 1602 2833 1656 natura,
2864 1607 2967 1645 non
2989 1600 3110 1645 sunt
3130 1603 3365 1653 coronas,
3391 1601 3559 1656 neque
3583 1596 3733 1652 pra:-

2142 1676 2268 1729 mia.
2303 1676 2509 1730 Donum
2535 1678 2678 1731 enim
2711 1693 2815 1731 non
2847 1687 2925 1732 est
2968 1674 3279 1745 accipientis
3317 1673 3561 1727 meritum
3583 1711 3596 1734 ,
3628 1669 3733 1722 sed

2145 1765 2412 1836 largitoris
2437 1768 2768 1822 liberalitatis
2793 1767 3128 1838 gratiﬁcatio.
3161 1764 3309 1820 Hanc
3333 1765 3402 1817 ob
3427 1775 3537 1815 rem
3565 1759 3737 1812 etiam

2144 1860 2435 1931 discipulos
2458 1861 2619 1930 jussit
2648 1877 2751 1916 non
2793 1860 3025 1931 gaudere
3053 1874 3119 1914 eo
3153 1856 3296 1930 quod
3325 1855 3594 1909 daemonas
3622 1851 3732 1920 eji-

2145 1964 2350 2020 cerent,
2378 1963 2432 2009 et
2452 1969 2545 2009 eos
2570 1956 2658 2025 qui
2691 1955 2742 2009 in
2774 1954 2990 2009 nomine
3028 1967 3125 2008 suo
3161 1947 3602 2020 prophetaverant
3623 1985 3642 2002 .
3680 1952 3740 1995 et

2147 2044 2371 2125 virtutes
2409 2046 2602 2100 multas
2632 2045 2869 2100 fecerant
2893 2088 2907 2111 ,
2938 2044 3139 2114 expulit
3165 2058 3194 2096 e
3220 2054 3388 2110 regno
3427 2036 3688 2092 czelorum
3721 2051 3736 2087 :

2145 2135 2395 2204 quoniam
2425 2151 2491 2190 ex
2530 2137 2639 2191 suis
2678 2137 2883 2191 meritis
2915 2137 3109 2190 nullam
3142 2133 3408 2188 habebant
3447 2127 3737 2192 ﬁduciam,

2146 2225 2242 2280 sed
2267 2226 2336 2280 ob
2365 2227 2508 2282 solas
2535 2228 2847 2284 donationes
2873 2228 3004 2284 salvi
3037 2227 3151 2282 ﬁeri
3176 2224 3444 2279 volebant.

2219 2317 2272 2371 5.
2305 2315 2360 2373 Si
2384 2318 2542 2388 igitur
2564 2320 2725 2373 etiam
2766 2319 2899 2374 ﬁdes
2931 2319 3036 2372 tale
3063 2315 3316 2388 quiddam
3357 2320 3473 2378 est,
3504 2319 3560 2365 et
3593 2308 3736 2363 nihil

2147 2422 2214 2462 ex
2235 2418 2420 2463 nostro
2445 2409 2787 2476 contulimus,
2819 2410 2913 2465 sed
2942 2419 3108 2463 totum
3139 2417 3220 2463 est
3249 2404 3432 2476 gratiae
3459 2401 3700 2472 Spiritus
3719 2438 3737 2461 ,

2149 2509 2204 2556 et
2225 2501 2338 2570 ipsa
2370 2502 2512 2556 ultro
2545 2518 2603 2557 se
2631 2503 2682 2556 in
2704 2503 2912 2557 animas
2937 2511 3150 2556 nostras
3179 2497 3420 2570 ingessit,
3447 2504 3500 2546 et
3529 2491 3736 2546 nullam

2151 2606 2247 2660 pro
2283 2606 2345 2647 ea
2382 2594 2646 2662 recepturi
2689 2608 2874 2647 sumus
2912 2590 3247 2650 mercedem,
3276 2583 3543 2658 quomodo
3573 2582 3740 2650 igitur

2149 2683 2278 2738 dicit
2310 2700 2325 2736 :
2354 2684 2516 2739 Corde
2557 2686 2690 2740 enim
2738 2685 2960 2737 creditur
3005 2683 3073 2736 ad
3114 2679 3401 2752 justitiam,
3443 2690 3528 2728 ore
3563 2680 3738 2724 autem

2149 2777 2397 2846 confessio
2438 2777 2497 2844 ﬁt
2535 2777 2602 2830 ad
2637 2779 2849 2832 salutem
2877 2775 3051 2846 (Rom.
3080 2774 3166 2829 10.
3197 2770 3330 2844 10)ἳ
3377 2767 3639 2835 Quoniam
3682 2772 3741 2817 et

2150 2868 2267 2936 eius
2294 2869 2384 2938 qui
2406 2869 2666 2937 credidit,
2695 2870 2908 2924 virtutis
2929 2869 3175 2923 meritum
3205 2874 3286 2920 est
3321 2862 3470 2917 ﬁdes.
3497 2858 3611 2926 Quo
3638 2872 3740 2910 au-

2153 2968 2267 3015 tem.
2291 2961 2450 3017 modo
2475 2961 2599 3018 alibi
2631 2964 2683 3018 id
2710 2978 2922 3018 rursum
2948 2958 3250 3016 subiudicat
3280 2956 3496 3019 dicens,
3533 2951 3598 3005 Ei
3619 2965 3741 3003 vero

2151 3054 2237 3121 qui
2273 3070 2372 3107 non
2399 3065 2642 3124 operatur
2661 3097 2676 3120 ,
2707 3055 2796 3109 sed
2828 3055 2984 3108 credit
3006 3053 3059 3106 in
3097 3067 3210 3106 eum
3238 3049 3321 3116 qui
3357 3045 3612 3118 justiﬁcat
3642 3043 3742 3095 im-

2154 3147 2322 3214 pium,
2358 3146 2636 3216 imputatur
2671 3147 2800 3216 ﬁdes
2825 3162 2921 3200 sua
2957 3144 3025 3197 ad
3058 3142 3312 3216 justitiam
3357 3136 3524 3209 (Ibid.
3550 3135 3605 3189 ι.
3634 3134 3670 3187 5
3695 3133 3741 3204 ),

2153 3240 2197 3292 si
2223 3250 2389 3294 totum
2415 3252 2495 3294 est
2521 3240 2704 3311 gratia:
2732 3238 2995 3310 Spiritus?
3020 3237 3110 3307 qui
3143 3236 3287 3290 enim
3318 3232 3477 3287 etiam
3517 3227 3745 3296 patriar-

2155 3327 2310 3384 cham
2337 3329 2603 3384 Abraham
2645 3329 2894 3400 plurimis
2927 3326 3199 3383 redimivit
3237 3321 3452 3377 laudum
3485 3314 3739 3377 coronis,

2155 3437 2221 3478 eo
2247 3423 2386 3493 quod
2421 3424 2739 3492 contemptis
2778 3421 2939 3477 rebus
2977 3418 3347 3491 przesentibus,
3370 3420 3570 3482 praeter
3591 3420 3741 3476 spem

2158 3513 2210 3568 in
2239 3527 2388 3584 Spem
2412 3514 2672 3569 credidit?
2695 3514 2862 3582 Quam
2894 3515 2964 3568 ob
2993 3526 3106 3566 rem
3146 3509 3307 3579 igitur
3330 3505 3590 3574 Spiritum
3621 3496 3742 3551 ﬁdei

2157 3617 2315 3663 vocat
2344 3608 2506 3663 eam?
2537 3607 2670 3662 Illud
2711 3607 2962 3662 nimirum
3005 3603 3289 3659 ostendere
3333 3597 3521 3651 volens
3545 3633 3561 3659 ν
3603 3587 3741 3661 (Ιιιθά

2161 3700 2311 3754 initio
2333 3699 2589 3766 credere,
2620 3709 2674 3755 et
2716 3713 2906 3770 parere
2943 3693 3151 3750 vocanti
3175 3733 3189 3757 ,
3231 3699 3433 3746 nostra:
3471 3693 3558 3741 est
3592 3682 3744 3736 bonae

2161 3795 2356 3849 mentis
2385 3811 2398 3847 :
2431 3803 2486 3847 at
2514 3805 2792 3863 postquam
2819 3791 2960 3861 jacta
2987 3788 3185 3843 iuerint
3215 3783 3337 3838 ﬁdei
3366 3778 3743 3836 fundamenta,

2157 3886 2266 3956 jam
2293 3899 2428 3956 Opus
2453 3895 2535 3938 est
2570 3885 2766 3938 auxilio
2805 3882 3066 3952 Spiritus,
3106 3888 3163 3932 ut
3203 3877 3256 3931 in
3295 3872 3454 3928 nobis
3487 3874 3744 3956 perpetuo

2163 3985 2376 4032 maneat
2426 3978 2740 4030 inconcussa
2785 3984 2839 4029 et
2881 3965 3329 4042 inexpugnabilis.
3378 3961 3568 4031 Neque
3606 3955 3742 4010 enim

2165 4069 2326 4133 Deus,
2355 4083 2528 4136 neque
2550 4067 2778 4138 Spiritus
2803 4065 2968 4135 gratia
3001 4071 3243 4117 nostrum
3271 4052 3531 4126 przevenit
3559 4061 3747 4119 propo—

2167 4161 2329 4214 situm
2353 4178 2368 4213 :
2399 4160 2492 4215 sed
2523 4160 2732 4214 tametsi
2756 4167 2926 4222 vocet,
2953 4160 3228 4225 exspectat
3249 4160 3449 4211 tamen,
3474 4154 3536 4198 ut
3563 4148 3747 4211 sponte

2168 4261 2222 4307 et
2244 4253 2455 4322 propria
2479 4252 2748 4306 voluntate
2775 4247 3092 4303 accedamus
3117 4285 3130 4310 ,
3163 4257 3225 4298 ac
3247 4252 3356 4295 tum
3384 4238 3607 4292 demum
3634 4244 3746 4286 cum

2169 4346 2558 4402 accesserimus
2601 4343 2756 4398 nobis
2799 4356 2952 4394 suum
2995 4347 3164 4392 totum
3209 4331 3431 4389 exhibet
3474 4325 3744 4381 auxilium.

2171 4440 2430 4509 Quoniam
2454 4438 2594 4490 enim
2627 4425 2888 4491 diabolus,
2911 4438 3256 4501 posteaquam
3280 4423 3348 4479 ad
3377 4421 3541 4476 ﬁdem
3573 4429 3747 4471 acces-

2172 4534 2339 4588 simus
2361 4572 2376 4597 ,
2405 4529 2658 4584 continuo
2687 4526 2926 4594 subrepit
2954 4524 3140 4578 volens
3180 4517 3448 4590 egregiam
3496 4513 3638 4566 hanc
3674 4522 3751 4561 ra-

2173 4624 2344 4678 dicem
2399 4619 2668 4682 evellere,
2720 4627 2772 4671 et
2822 4615 3022 4668 zizania
3064 4623 3353 4683 properans
3401 4609 3750 4660 intersercre,

2173 4729 2592 4786 germanumque
2614 4727 2676 4765 ac
2699 4725 2888 4779 purum
2919 4723 3101 4763 semen
3129 4703 3497 4769 l;cdere,opus
3527 4708 3636 4749 tum
3664 4691 3752 4744 ha-

2179 4811 2367 4864 bemus
2413 4806 2610 4861 auxilio
2637 4803 2900 4872 Spiritus,
2939 4811 2998 4854 ut
3036 4793 3486 4869 quemadmodum
3516 4796 3758 4843 strenuus-

2178 4899 2409 4970 agricola
2435 4897 2627 4950 anima:
2654 4904 2851 4947 nostra:
2875 4891 3133 4953 insidens,
3167 4888 3330 4942 multa
3357 4898 3487 4938 cura
3515 4888 3572 4935 et
3595 4873 3757 4975 pravi-

2183 4993 2361 5048 dentia
2403 4988 2667 5044 urivellam
2701 4984 2822 5038 ﬁdei
2869 4983 3102 5052 plantam
3151 4978 3509 5044 undequaque
3543 4973 3754 5022 muniat.

2185 5088 2307 5142 Ideo
2345 5077 2911 5139 Thessalonicensibus
2951 5088 3164 5145 quoque
3213 5066 3486 5124 scribebat
3528 5063 3710 5117 dicens
3745 5071 3761 5108 :

2188 5179 2438 5252 Spiritum
2473 5194 2534 5230 ne
2560 5170 2890 5244 exstinguatis
2926 5169 3000 5243 (1.
3037 5168 3212 5221 Thess.
3323 5159 3413 5230 19)
3451 5175 3467 5213 :
3500 5160 3758 5252 osten-

2187 5250 2305 5337 dat,
2346 5269 2634 5324 accedente
2677 5267 2906 5336 Spiritus
2941 5264 3143 5334 gratia,
3195 5250 3637 5323 inexpugnabiles
3675 5255 3762 5296 ηοξ

2188 5366 2330 5423 malo
2346 5361 2574 5418 ἀλεπιοηὶ
2593 5369 2748 5428 atque
2769 5357 3016 5411 omnibus
3039 5354 3156 5422 ejus
3177 5348 3382 5404 insidiis
3405 5345 3615 5398 futuros
3635 5349 3759 5428 essc-

2190 5459 2321 5514 Nam
2353 5458 2396 5510 si
2425 5470 2583 5509 nemo
2627 5459 2801 5523 potest
2837 5449 3017 5504 dicere
3056 5444 3340 5499 Dominum
3379 5437 3567 5493 Jesum
3595 5427 3691 5484 nisi
3718 5442 3760 5477 ut

2193 5553 2394 5617 Spiritu
2425 5557 2630 5612 sancto,
2653 5543 2820 5599 multo
2841 5540 3009 5610 magis
3035 5537 3192 5592 ﬁdem
3218 5541 3383 5587 tutam
3405 5539 3461 5583 et
3488 5525 3760 5581 radicatam

2201 5662 2305 5699 non
2339 5647 2533 5714 poterit
2563 5639 2762 5694 habere
2787 5636 2887 5691 nisi
2919 5636 2970 5689 in
3002 5631 3437 5702 Spiritu-sancto.

2267 5711 2630 5801 ϐίριιοηιοάο
2677 5727 2902 5799 Spiritus
2945 5733 3150 5779 sanctus
3191 5721 3246 5774 in
3289 5717 3434 5771 nobis
3486 5711 3758 5766 retineam?-

2212 5828 2483 5900 Virginitas
2522 5825 2584 5882 sit
2599 5825 2785 5895 juncta
2805 5819 3196 5893 benignitati.—-
3226 5817 3292 5874 At
3318 5807 3588 5886 quomodo
3625 5809 3759 5876 pol?
