3990 6358
327 385 400 439 73
909 394 996 451 DE
1034 345 1286 451 VER'BIS
1323 395 1687 462 APOSTOLI,
1730 398 2098 456 HABENTES
2138 401 2426 458 EUMDEM
2471 405 2819 462 SPIRITUM.
2865 409 2904 462 I.

281 503 578 571 ὠθοῦσα-ἡ
617 500 796 562 πίστις
840 498 1169 552 ἀπαλλάττει
1209 499 1303 552 τοῦ
1347 502 1629 570 ναυαγίου,
1669 501 1861 575 ὥσπερ

279 595 342 646 ὲν
391 585 610 659 γαληνῷ
633 583 830 653 λιμένι,
860 584 926 653 τῇ
948 581 1041 636 τοῦ
1083 583 1383 644 συνειδότος
1422 585 1762 657 πληροφορίᾳ
1799 588 1861 638 τὸ

281 674 493 740 σκάφος
531 667 846 741 ὁρμίζουσα.
879 667 988 718 Καὶ
1037 665 1167 718 αὐτὸ
1203 665 1358 719 τοῦτο
1389 666 1548 720 πάλιν
1590 671 1618 722 ὁ
1649 668 1858 734 Παῦλος

277 756 456 828 δηλῶν
489 755 692 822 ἔλεγεν,
721 752 802 804 ὅτι
830 749 933 802 Διά
963 747 1136 801 τοῦτο
1165 747 1389 802 ἔδωκεν
1421 750 1802 816 ἀποστόλους
1826 755 1859 806 ὁ

281 841 428 906 Θεὸς
451 837 601 907 πρὸς
633 831 1033 903 καταρτισμὸν
1063 830 1180 884 τῶν
1212 833 1413 901 ἁγίων,
1440 833 1615 902 μέχρι
1645 851 1858 888 καταν.

277 925 559 994 τήσωμεν
581 924 634 974 οι
655 919 875 984 πάντες
901 918 989 982 εὶς
1033 914 1147 984 τὴν
1177 915 1427 982 ἑνότητα
1462 915 1573 986 τῆς
1600 918 1853 984 πίστεως

280 1014 381 1067 καί
428 1010 540 1078 τῆς
592 1004 969 1075 ἐπιγνώσεως
1018 1002 1127 1057 τοῦ
1186 1003 1322 1057 Υίοῦ
1375 1003 1481 1057 τοῦ
1535 1005 1718 1059 Θεοῦ·
1757 1007 1856 1059 ἵνα

273 1096 492 1170 μηκέτι
515 1088 672 1161 ὦμεν
692 1087 896 1156 νήπιοι
917 1083 1404 1170 κλυδωνιζόμενοι
1429 1085 1526 1139 καί
1551 1090 1856 1170 περιφερό.

272 1167 449 1251 μενοι
483 1174 658 1229 παντὶ
699 1170 914 1239 ἀνέμῳ.
952 1167 1116 1238 Ὁρᾷς
1151 1168 1252 1237 τῆς
1288 1168 1522 1251 πίστεως
1561 1169 1622 1222 τὸ
1653 1170 1854 1241 κατόρ-

279 1250 462 1331 θωμα,
493 1260 574 1312 ὅτι
606 1257 679 1318 ὡς
713 1251 931 1323 ἄγκυρά
966 1268 1048 1314 τις
1100 1250 1362 1321 ἀσφαλὴς,
1393 1251 1563 1314 οὕτως
1603 1253 1852 1306 ἐκϐάλλει

276 1349 371 1401 τὸν
404 1347 591 1400 σάλον·
624 1344 760 1410 ὅπερ
784 1335 875 1392 οὖν
909 1338 1000 1390 καὶ
1038 1337 1197 1399 αὐτὸς
1238 1337 1396 1391 πάλιν
1437 1338 1701 1409 Ἑϐραίοις
1733 1341 1853 1393 ἐπι..

278 1431 512 1494 στέλλει,
536 1425 732 1481 οὑτωσὶ
779 1422 950 1488 λέγων
1001 1420 1130 1490 περὶ
1170 1425 1269 1489 τῆς
1311 1419 1573 1485 πίστεως’
1627 1424 1734 1476 *Ην
1770 1424 1853 1490 ὡς

275 1515 551 1584 ἄγκυραν
574 1511 792 1580 ἔχομεν
812 1505 921 1574 τῆς
943 1503 1150 1574 ψυχῆς
1171 1503 1440 1572 ἀσφαλῆ,
1458 1505 1556 1558 καί
1575 1507 1849 1575 βεϐαίαν,

274 1603 374 1656 καὶ
425 1595 854 1667 εἰσερχομένην
897 1595 984 1658 εἰς
1025 1591 1092 1645 τὸ
1119 1590 1413 1659 ἐσώτερον
1449 1594 1554 1648 τοῦ
1595 1611 1849 1648 καταπε-

273 1684 603 1753 τάσματος.
657 1676 806 1751 [265]
835 1677 952 1728 Ἵνα
998 1675 1105 1745 γὰρ
1152 1674 1388 1738 ἀκούσας
1448 1677 1720 1748 ἄγκυραν,
1775 1679 1850 1751 μὴ

273 1769 505 1838 νομίσῃς
538 1765 688 1820 κάτω
723 1760 1093 1820 καθέλκεσθαι,
1131 1759 1418 1822 δείκνυσιν,
1445 1761 1525 1813 ὃτι
1555 1763 1713 1833 καινή
1763 1779 1847 1826 τις

272 1852 413 1922 αῦτη
434 1851 535 1921 τῆς
571 1845 817 1918 ἀγκύραις
854 1847 888 1916 ὴ
938 1843 1118 1912 φύσις,
1150 1842 1211 1895 οὐ
1244 1843 1394 1895 κάτω
1420 1843 1696 1908 πιέζουσα,
1733 1844 1847 1898 ἀλλ’

273 1937 388 1990 ἀνω
418 1933 751 2001 κουφίζουσα
779 1928 877 1998 τὴν
914 1928 1170 1989 διάνοιαν,
1194 1927 1288 1979 καὶ
1334 1927 1470 1996 πρὸς
1501 1927 1590 1979 τὸν
1623 1929 1847 1999 οὐρανὸν

276 2017 611 2090 μεθιστῶσα,
637 2015 730 2068 καὶ
762 2016 838 2076 εἰς
868 2011 928 2065 τὸ
953 2009 1212 2082 ἐσώτερον
1239 2008 1333 2064 τοῦ
1363 2011 1846 2082 καταπετάσματος

271 2099 694 2174 χειραγωγοῦσα
713 2117 726 2130 ο
753 2096 1150 2166 καταπέτασμα
1179 2094 1284 2166 γὰρ
1315 2093 1545 2147 ἐνταῦθα
1572 2095 1662 2147 τὸν
1686 2096 1848 2166 οὐρα-

271 2163 379 2240 3δέ
402 2163 648 2240 ἐκάλεσε.
684 2182 839 2242 Τίνος
870 2179 1052 2243 ἓνεκα,
1077 2163 1184 2232 *καὶ
1220 2177 1308 2230 διὰ
1326 2178 1378 2230 τί
1403 2195 1417 2241 ;
1444 2179 1566 2230 Ὅτι
1599 2179 1846 2250 καθάπερ

270 2272 334 2325 τὸ
363 2267 763 2336 καταπέτασμα
787 2263 893 2316 ἀπὸ
920 2264 1018 2333 τῆς
1048 2261 1152 2326 ἔξω
1183 2262 1386 2332 σκηνῆς
1405 2262 1607 2332 διεῖργε
1631 2263 1700 2316 τὰ
1719 2263 1846 2332 ἆγια

271 2354 380 2408 τῶν
407 2351 599 2421 ἁγίων,
623 2349 765 2402 οὕτω
795 2347 860 2418 δὴ
893 2349 986 2400 καὶ
1013 2347 1042 2398 ὁ
1073 2345 1296 2416 οὐρανὸς
1325 2337 1498 2410 οὗτος,
1527 2345 1713 2418 ὥσπερ
1742 2362 1845 2398 κα-

270 2438 636 2506 ταπέτασμα,
683 2433 845 2503 μέσος
904 2431 1002 2501 τῆς
1053 2429 1284 2492 κτίσεως
1327 2429 1846 2501 παρεμϐεϐλημένος

271 2523 384 2576 ἀπὸ
406 2521 507 2591 τῆς
539 2518 643 2583 ἔξω
672 2515 896 2584 σκηνῆς,
933 2513 1073 2567 τοῦτ’
1121 2513 1255 2575 ἔστι,
1298 2512 1390 2566 τοῦ
1420 2514 1622 2584 κόσμου
1655 2514 1845 2566 τούτου

269 2604 366 2659 τοῦ
390 2602 746 2675 βλεπομένου,
771 2600 998 2670 διείργει
1031 2598 1098 2651 τά
1131 2599 1260 2664 ἅγια
1287 2597 1395 2651 τῶν
1425 2598 1612 2665 ἁγίων,
1641 2597 1710 2650 τὰ
1737 2599 1848 2652 ἀνω

267 2688 446 2757 λέγων
487 2690 582 2738 καὶ
630 2685 698 2738 τὰ
741 2683 879 2752 ὑπὲρ
916 2681 1129 2746 αὐτῶν,
1176 2681 1308 2734 ὅπου
1354 2681 1657 2752 πρόδρομος
1707 2681 1848 2751 ὑπὲρ

266 2771 432 2842 ἡμῶν
462 2766 676 2838 εἰσῆλθε
708 2765 961 2838 Χριστός.

341 2856 404 2907 δ’.
441 2855 506 2905 Ὅ
532 2852 586 2904 δὲ
608 2851 752 2917 λέγει
778 2846 1016 2899 τοιοῦτόν
1047 2848 1212 2899 ἐστιν·
1247 2846 1393 2900 Ἐκεῖ
1416 2847 1729 2918 μετεωρίζει
1751 2847 1846 2920 τὴν

267 2936 449 3008 ψυχὴν
482 2937 581 3003 τὴν
622 2931 919 3004 ἡμετέραν,
965 2930 1147 3000 φησὶν,
1183 2931 1216 3000 ἠ
1251 2930 1452 2992 πίστις,
1493 2931 1591 2983 οὐκ
1628 2931 1846 3001 ἀφιεῖσα

266 3021 449 3073 οὐδενὶ
483 3018 589 3071 τῶν
619 3014 899 3086 παρόντων
935 3011 1120 3065 δεινῶν
1153 3013 1586 3082 ταπεινωθῆναι,
1620 3015 1848 3068 ἀνακου·

267 3103 506 3172 φίζουσα
545 3100 671 3162 τοὺς
709 3098 903 3161 πόνους
948 3099 1014 3167 τῇ
1063 3095 1172 3149 τῶν
1212 3096 1510 3168 μελλόντων
1554 3098 1746 3152 ἐλπίδι.
1786 3098 1846 3153 '0

263 3186 379 3258 γὰρ
408 3185 547 3257 πρὸς
578 3183 644 3236 τὰ
676 3181 935 3252 μέλλοντα
963 3179 1204 3251 ἀφορῶν,
1229 3181 1321 3232 καὶ
1347 3179 1444 3250 τὴν
1473 3182 1536 3234 ἐκ
1554 3181 1662 3234 τῶν
1680 3181 1846 3258 οὐρατ

265 3269 376 3322 νῶν
412 3267 698 3337 ἀναμένων
731 3264 940 3325 ἐλπίδα,
970 3261 1062 3315 καὶ
1095 3261 1222 3325 τοὺς
1253 3262 1563 3335 ὀφθαλμοὺς
1601 3265 1698 3335 τῆς
1727 3263 1843 3318 δια-

265 3351 419 3414 νοίας
448 3351 564 3403 ἐκεῖ
593 3349 862 3419 μετάγων,
893 3345 1010 3398 οὐδὲ
1039 3343 1350 3398 αἰσθάνεται
1380 3347 1478 3415 τῆς
1508 3346 1699 3417 ὀδύνης
1734 3347 1844 3401 τῶν

265 3436 326 3488 ἐν
355 3433 439 3504 τῷ
466 3431 696 3503 παρόντι
726 3429 936 3492 δεινῶν,
962 3429 1148 3500 ὥσπερ
1174 3424 1268 3482 οὖν
1300 3429 1420 3482 οὐδὲ
1444 3430 1652 3493 Παῦλος
1675 3431 1845 3500 ᾐσθά-

263 3534 413 3580 νετο,
439 3517 533 3570 καὶ
551 3516 650 3585 τὴν
680 3513 858 3567 αἰτίαν
895 3515 991 3583 τῆς
1013 3512 1326 3582 φιλοσοφίας
1357 3513 1618 3577 ἐδίδασκε,
1640 3514 1841 3583 λέγωνδ

270 3601 345 3655 Τὸ
389 3600 501 3669 γὰρ
552 3597 889 3666 παραυτίκα
941 3595 1205 3664 ἐλαφρὸν
1251 3595 1362 3664 τῆς
1408 3597 1668 3666 θλίψεως
1713 3599 1841 3652 καθ’

261 3679 618 3751 ὑπερϐολὴν
651 3683 738 3745 εἰς
778 3677 1125 3746 ὑπερϐολὴν
1155 3676 1394 3732 αἰώνιον
1425 3679 1618 3748 ,βάρος
1657 3681 1842 3750 δόξης

262 3766 414 3835 ἡμῖν
443 3762 871 3833 κατεργάζεται.
906 3759 1049 3825 Πῶς,
1090 3761 1183 3814 καὶ
1207 3761 1312 3814 τίνι
1335 3763 1550 3833 τρόπῳ;
1579 3762 1675 3832 Μὴ
1700 3779 1842 3818 σκο-

261 3850 547 3904 πούντων
582 3846 751 3916 ἡμῶν
776 3846 849 3901 τὰ
878 3847 1248 3914 βλεπόμενα,
1292 3846 1451 3900 ἀλλὰ
1485 3847 1557 3901 τὰ
1584 3847 1670 3916 μὴ
1693 3849 1842 3912 ,βλε-

262 3937 499 4004 πόμενα
523 3931 608 3984 διὰ
628 3931 736 3983 τῶν
767 3930 868 4000 τῆς
896 3929 1128 3991 πίστεως
1152 3927 1460 3998 ὀφθαλμῶν.
1493 3929 1702 4000 ’Ὠσπερ
1731 3931 1839 4003 γὰρ

259 4019 312 4070 οἱ
352 4015 451 4069 τοῦ
489 4015 740 4086 σώματος
769 4013 920 4067 οὐδὲν
947 4012 1198 4082 βλέπουσι
1227 4011 1435 4083 νοητὺν,
1470 4013 1640 4076 οὓτως
1664 4015 1712 4067 οἰ
1742 4017 1838 4087 τῆς

260 4101 503 4161 πίστεως
521 4099 671 4152 οὐδὲν
695 4097 980 4166 βλέπουσιν
1005 4095 1275 4166 αἰσθητόν.
1303 4095 1461 4149 Ἀλλά
1482 4097 1638 4150 ποίαν
1660 4099 1839 4153 πίστιν

259 4182 502 4236 ἐνταῦθα
529 4181 675 4249 λέγει
699 4182 728 4232 ό
759 4179 1003 4244 Παῦλος;
1036 4178 1098 4230 τὸ
1133 4178 1242 4248 γὰρ
1280 4178 1377 4248 τῆς
1406 4179 1640 4244 πίστεως
1668 4181 1837 4254 ὄνομα

257 4264 461 4333 διπλῆν
493 4263 604 4334 ἔχει
628 4262 726 4334 τὴν
765 4261 1058 4332 σημασίαν.
1093 4262 1201 4314 Καὶ
1229 4260 1336 4332 γὰρ
1377 4261 1557 4325 πίστις
1599 4263 1835 4332 λέγεται,

258 4349 386 4401 καθ’
425 4348 492 4417 ἣν
518 4347 584 4400 τὰ
612 4348 810 4417 σημεῖα
837 4344 1052 4397 ἐποίουν
1077 4345 1196 4397 τότε
1220 4346 1267 4396 οί
1297 4344 1598 4412 ἀπόστολοι,
1621 4349 1744 4418 περὶ
1769 4343 1837 4420 ἦς

256 4434 289 4483 ὁ
323 4429 560 4500 Χριστὸς
605 4430 788 4496 ἔλεγεν
808 4445 820 4457 ·
865 4428 1006 4481 Ἐὰν
1036 4427 1214 4496 ἔχητε
1251 4428 1476 4491 πίστιν,
1507 4430 1586 4494 ὡς
1614 4435 1837 4485 κόκκον

257 4513 583 4578 σινάπεως,
621 4512 803 4581 ἐρεῖτε
853 4511 933 4577 τῷ
979 4510 1097 4578 ὄρει
1123 4511 1342 4578 τούτῳ,
1375 4509 1696 4578 Μετάϐηθι.
1738 4515 1836 4568 καί

251 4596 680 4665 μεταϐήσεται.
698 4594 808 4648 Καὶ
830 4595 1010 4656 πάλιν,
1040 4596 1127 4647 ὅτε
1155 4593 1242 4646 τὸν
1268 4595 1710 4666 σεληνιαζὸμενον
1734 4600 1834 4654 οὐκ

258 4681 492 4748 ἴσχυσαν
521 4678 820 4745 ἀπαλλάξαι
851 4677 944 4730 τοῦ
974 4676 1220 4746 δαίμονος
1239 4678 1288 4729 οἱ
1315 4680 1570 4747 μαθηταὶ,
1611 4681 1701 4733 καὶ
1738 4682 1832 4751 τὴν

255 4765 440 4816 αἰτίαν
467 4762 748 4815 ἐϐούλοντο
794 4762 1002 4832 μαθεῖν,
1042 4759 1244 4829 ταύτην
1277 4761 1460 4824 αὐτοῖς
1493 4763 1710 4832 ᾐνίξατο
1737 4765 1832 4836 τὴν

252 4845 500 4914 ἔλλειψιν
550 4846 648 4915 τῆς
686 4845 950 4908 πίστεως,
985 4842 1185 4910 λέγων·
1237 4843 1338 4896 Διά
1391 4843 1499 4911 τὴν
1546 4846 1835 4904 ἀπιστίαν

250 4929 449 4998 ὑμῶν.
478 4930 585 4981 Καὶ
624 4931 653 4981 ὁ
698 4928 908 4991 Παῦλος
956 4927 1014 4980 δὲ
1063 4928 1190 4997 περὶ
1227 4927 1395 4997 αὐτῆς
1427 4927 1644 4996 ἔλεγεν·
1692 4932 1833 4986 Ἐὰν

250 5015 378 5081 ἔχω
426 5012 668 5077 πίστιν,
709 5009 864 5064 ὥστε
899 5010 1005 5078 ὅρη
1053 5009 1456 5078 μεθιστάνειν.
1499 5014 1609 5066 Καὶ
1645 5016 1732 5068 ὅτε
1774 5017 1831 5070 δὲ

250 5093 748 5158 καταποντίζεσθαι
768 5093 957 5164 ἔμελλε
986 5095 1121 5163 πεζῇ
1148 5091 1374 5162 βαδίζων
1399 5093 1492 5146 ἐπὶ¹
1513 5097 1610 5166 τῆς
1634 5096 1832 5152 θαλάσο

249 5194 360 5246 σης
388 5179 416 5230 ὁ
448 5177 671 5246 Πέτρος,
721 5177 849 5230 αὐτὸ
880 5175 1036 5230 τοῦτο
1078 5174 1240 5229 πάλιν
1276 5178 1592 5234 ἐνεκάλεσεν
1639 5184 1666 5236 ὁ
1696 5184 1831 5255 Χριο

250 5261 404 5325 στὺς,
433 5260 620 5314 εἰπών’
649 5264 817 5327 Εἰςτί
836 5261 1179 5328 ἐδίστασας,
1197 5261 1568 5330 όλιγόπιστε;
1601 5266 1830 5334 Λέγεται

246 5344 436 5396 τοίνυν
461 5343 642 5405 πίστις
659 5346 692 5412 ἡ
722 5342 828 5395 τῶν
859 5358 1097 5412 σημειων
1119 5342 1338 5396 καὶτῶν
1365 5343 1654 5414 θαυμάτων
1678 5366 1831 5420 ποιη-

248 5427 384 5497 τική
409 5442 424 5457 ο
459 5425 676 5494 λέγεται
700 5426 756 5478 δὲ
790 5427 970 5488 πίστις
998 5426 1091 5478 καὶ
1116 5427 1149 5495 ἡ
1176 5426 1274 5496 τῆς
1301 5428 1379 5490 εἰς
1413 5428 1504 5480 τὸν
1533 5431 1664 5483 Θεὸν
1690 5433 1829 5500 γνώ-

249 5525 396 5573 σεως
435 5509 940 5580 παρασκευαστικὴ,
977 5508 1097 5561 καθ’
1142 5510 1206 5578 ἣν
1257 5509 1483 5575 ἕκαστος
1514 5514 1671 5584 ἡμῶν
1711 5520 1828 5570 ἐστι

249 5591 481 5653 πιστός
535 5593 610 5656 ὡς
643 5593 770 5644 ὅταν
816 5592 948 5664 λέγῃ
993 5592 1217 5662 γράφων
1277 5595 1596 5664 Ῥωμαίοις·
1629 5601 1828 5669 Εὐχα-

245 5674 439 5745 ριστῶ
484 5674 564 5740 τῷ
614 5673 734 5740 Θεῷ
768 5693 889 5744 μου
935 5675 1035 5730 διὰ
1076 5677 1280 5742 Ἰησοῦ
1333 5681 1607 5746 Χριστοῦ,
1647 5684 1734 5737 ὅτι
1787 5687 1826 5754 ἠ

248 5757 464 5822 πίστις
498 5758 667 5826 ὑμῶν
697 5759 769 5812 ἐν
810 5758 932 5823 ὅλῳ
970 5758 1050 5822 τῷ
1086 5761 1292 5830 κόσμῳ
1327 5766 1786 5832 καταγγέλλεται
1808 5785 1821 5797 ·

247 5841 348 5892 καὶ
377 5841 823 5895 Θεσσαλονικεῦσι
852 5842 1010 5896 πάλιν
1030 5859 1042 5872 ⁸
1081 5844 1194 5912 Ἀφ’
1216 5843 1382 5912 ὑμῶν
1404 5846 1514 5914 γὰρ
1537 5847 1825 5918 ἐξήχηται

250 5926 284 5976 ό
313 5924 502 5992 λόγος
547 5925 648 5979 τοῦ
683 5925 857 5992 θεοῦ,
908 5927 980 5979 οὐ
1014 5927 1205 5995 μόνον
1241 5927 1312 5981 ἐν
1345 5927 1415 5998 τῇ
1461 5931 1820 6002 Μακεδονίᾳ,
1872 6001 1914 6011 Α

3433 409 3539 465 276

1973 507 2133 561 ἀλλὰ
2164 510 2260 563 καί
2296 511 2366 565 ἐν
2393 513 2471 582 τῇ
2503 515 2719 585 Ἀχαΐᾳ,
2756 518 2853 571 καί
2879 519 2947 572 ἑν
2979 521 3155 574 παντὶ
3198 521 3355 584 τόπῳ
3377 521 3415 591 ἠ
3445 527 3538 581 πε·

1969 607 2102 656 στις
2131 593 2296 662 ὑμῶν
2324 597 2361 663 η
2387 597 2536 664 πρὸς
2564 600 2670 653 τὸν
2702 600 2850 654 Θεὸν
2871 602 3221 670 ἐξελήλυθε.

2039 676 2205 731 Ποίαν
2225 675 2318 732 οῦν
2347 682 2647 736 αἰνίσσεται
2677 684 2909 739 ἐνταῦθα
2941 687 3150 752 πίστιν;
3177 688 3428 761 Εὔδηλον,
3459 692 3538 747 ὅτι

1965 758 2063 828 τὴν
2089 763 2188 833 τῆς
2226 763 2509 832 γνώσεως’
2551 768 2646 820 καὶ
2676 767 2826 837 δηλοῖ
2872 768 2941 821 τά
2989 771 3137 840 ἑξῆς.
3171 758 3540 846 Πιστεύομεν

1965 841 2092 926 γάρ,
2135 846 2286 926 φησὶ,
2319 847 2412 900 διὸ
2440 849 2539 902 καὶ
2562 849 2890 919 λαλοῦμεν.
2924 851 2989 902 Τί
3026 854 3386 926 πιστεύομεν;
3413 841 3540 911 ’ῖοτι

1965 927 1998 977 ὀ
2027 925 2260 994 ἐγείρας
2287 929 2544 996 Ἰησοῦν,
2569 932 2666 984 καὶ
2701 932 2861 1000 ἡμᾶς
2888 933 3078 1002 ἐγερεῖ
3103 934 3198 989 διὰ
3229 925 3338 1006 τῆς
3359 939 3540 994 δυνά-

1957 1023 2133 1074 μεως.
2180 1009 2341 1063 Ἀλλὰ
2381 1010 2468 1064 διά
2502 1013 2555 1064 τί
2605 1014 2829 1085 Πνεῦμα
2875 1016 3109 1081 πίστεως
3148 1020 3314 1092 αὐτὴν
3363 1022 3536 1084 καλεῖ,

1961 1092 2054 1176 καὶ
2077 1093 2159 1156 εἰς
2181 1093 2278 1164 τὴν
2300 1094 2407 1148 τῶν
2436 1098 2788 1168 χαρισμάτων
2812 1099 3097 1169 καταλέγει
3122 1102 3272 1168 τάξιν
3293 1122 3308 1170 ;
3340 1105 3402 1158 Εἰ
3430 1105 3538 1176 γὰρ

1960 1175 2206 1247 χάρισμά
2235 1180 2382 1234 ἐστιν
2412 1181 2445 1250 ἡ
2477 1182 2677 1245 πίστις,
2714 1183 2807 1236 καὶ
2839 1185 2936 1254 τῆς
2966 1184 3056 1236 τοῦ
3089 1187 3401 1258 Πνεύματος
3435 1175 3536 1241 δωέ

1963 1261 2093 1327 ρεάς
2126 1262 2306 1330 μόνον,
2337 1263 2451 1316 ἀλλ’
2499 1266 2596 1334 οὐχ
2638 1266 2908 1336 ἡμέτερον
2956 1268 3305 1339 κατόρθωμα,
3331 1269 3452 1323 οὐτε
3485 1272 3536 1323 οί

1959 1343 2314 1409 ἀπιστοῦντες
2334 1347 2776 1418 κολασθήσονται,
2792 1349 2913 1402 οὔτε
2934 1353 2980 1404 οἱ
3012 1351 3356 1417 πιστεύοντες
3382 1356 3538 1406 ἐπαι-

1958 1428 2291 1500 νεθήσονται.
2331 1431 2482 1505 [264]
2523 1433 2757 1507 Τοιαύτη
2804 1435 2913 1506 γάρ
2962 1437 3069 1490 τῶν
3120 1439 3534 1510 χαρισμάτωνή

1959 1513 2150 1580 φύσις,
2187 1517 2288 1569 οὐκ
2327 1517 2437 1588 ἔχει
2483 1519 2813 1588 στεφάνους,
2849 1519 2972 1572 οὐτε
3014 1520 3266 1590 ἀμοιϐάς.
3317 1522 3389 1575 Οὐ
3427 1521 3536 1592 γάρ

1956 1597 2064 1650 τῶν
2095 1598 2403 1671 δεξαμένων
2441 1602 2501 1655 τὸ
2529 1604 2700 1673 δῶρόν
2735 1605 2850 1656 ἐστι
2891 1603 3238 1675 κατόρθωμα,
3269 1605 3405 1658 ἀλλά
3434 1607 3534 1675 τῆς

1955 1679 2047 1732 τοῦ
2076 1685 2483 1754 παρεσχηκότος
2510 1685 2905 1756 φιλοφροσύνης
2934 1689 3198 1758 χάρισμα.
3236 1687 3333 1740 Διά
3377 1687 3534 1742 τοῦτο

1956 1764 2046 1816 καὶ
2113 1769 2544 1841 τοῖς-μαθηταῖς
2605 1770 2854 1822 ἐκέλευσε
2912 1769 2986 1841 μὴ
3039 1770 3250 1840 χαίρειν
3312 1771 3404 1822 ἐπὶ
3455 1770 3534 1841 τῷ

1954 1847 2215 1917 δαίμονας
2245 1837 2549 1915 ἐκϐάλλειν,
2595 1853 2688 1906 καὶ
2716 1853 2840 1916 τοὺς
2878 1837 2971 1906 ἐπὶ
3010 1853 3087 1924 τῷ
3117 1853 3336 1924 ὀνόματι
3367 1855 3530 1908 αὐτοῦ

1955 1933 2436 2002 προφητεύσαντας
2468 1937 2561 1988 καὶ
2588 1937 2844 2007 δυνάμεις
2871 1936 3069 2002 πολλὰς
3090 1942 3417 2008 ποιήσαντας
3443 1939 3530 2004 ἐξ-

1957 2013 2115 2067 έϐαλε
2144 2016 2242 2087 τῆς
2273 2016 2548 2086 βασιλείας
2575 2019 2682 2073 τῶν
2725 2021 2991 2089 οὐρανῶν,
3027 2022 3214 2093 ἐπειδὴ
3254 2023 3360 2076 ἀπὸ
3397 2041 3529 2075 κατ-

1953 2097 2286 2168 ορθωμάτων
2322 2101 2422 2172 μὲν
2472 2104 2687 2156 οἰκείων
2724 2104 2980 2175 οὐδεμίαν
3011 2101 3154 2177 εἶχον
3195 2107 3526 2179 παρρησίαν,

1953 2181 2060 2233 ἀπὸ
2090 2182 2145 2235 δὲ
2179 2185 2534 2256 χαρισμάτων
2563 2187 2843 2241 ἐϐούλοντο
2873 2188 3141 2254 σώζεσθαι
3173 2191 3350 2260 μόνον.

2023 2270 2085 2318 ε’.
2120 2265 2185 2319 Εἰ
2226 2267 2404 2320 τοίνυν
2434 2271 2527 2323 καὶ
2554 2273 2586 2341 ή
2627 2271 2808 2334 πίστις
2829 2273 3066 2326 τοιοῦτόν
3095 2274 3230 2336 ἐστι,
3255 2275 3348 2327 καὶ
3377 2276 3528 2328 οὐδὲν

1954 2347 2115 2417 ἡμεῖς
2143 2349 2560 2422 εἰσηνέγκαμεν,
2586 2353 2720 2408 ἀλλά
2747 2355 2805 2407 τὺ
2837 2357 2944 2408 πᾶν
2971 2355 3072 2425 τῆς
3099 2355 3192 2409 τοῦ
3216 2357 3528 2427 Πνεύματος

1956 2430 2071 2482 ἐστι
2103 2430 2342 2502 χάριτος,
2371 2437 2466 2487 καὶ
2489 2436 2667 2507 ἐκείνη
2681 2440 2799 2500 ταῖς
2820 2439 3114 2510 ἡμετέραις
3131 2439 3303 2511 αὐτὴν
3331 2443 3523 2510 ἐγκατ-

1965 2513 2124 2596 έβαλε
2171 2515 2390 2596 ψυχαῖς,
2423 2519 2515 2571 καὶ
2543 2520 2732 2573 οὐδένα
2762 2522 2880 2575 ἀντὶ
2904 2522 3108 2576 τούτων
3136 2523 3414 2595 ληψόμεθα
3441 2543 3527 2596 μισ

1958 2595 2100 2659 σθὸν,
2131 2597 2247 2660 πῶς
2291 2595 2384 2653 οὖν
2429 2600 2604 2669 ἔλεγε,
2642 2603 2868 2672 Καρδίᾳ
2900 2605 3011 2673 γὰρ
3056 2608 3394 2662 πιστεύεται
3439 2595 3526 2676 εὶς

1954 2677 2369 2749 δικαιοσύνην,
2411 2687 2661 2753 στόματι
2696 2685 2765 2738 δὲ
2805 2689 3173 2756 ὁμολογεῖται
3205 2692 3291 2756 είς
3331 2706 3524 2759 σωτη-

1945 2763 2124 2830 ρίαν;
2161 2764 2284 2817 ’Ότι
2317 2766 2412 2819 καὶ
2452 2767 2550 2836 τῆς
2583 2767 2674 2820 τοῦ
2706 2770 3131 2835 πεπιστευκότος
3167 2773 3366 2844 ἀρετῆς
3411 2775 3527 2828 ἐστι

1955 2845 2284 2918 κατόρθωμα
2326 2851 2359 2918 ή
2402 2849 2604 2912 πίστις.
2652 2851 2777 2913 Πῶς
2815 2851 2872 2904 δὲ
2909 2853 3140 2924 ἀλλαχοῦ
3191 2853 3346 2908 τοῦτο
3395 2857 3526 2910 αὐτὸ

1955 2930 2112 2983 πάλιν
2146 2931 2439 2986 αἰνίττεται
2467 2933 2662 3001 λέγων,
2695 2933 2778 3000 Τῷ
2807 2935 2876 2988 δὲ
2897 2937 2984 3005 μὴ
3015 2935 3396 3006 ἐργαζομένῳ,
3427 2953 3525 2993 πι-

1953 3014 2229 3067 στεύοντι
2265 3014 2334 3068 δὲ
2366 3016 2464 3070 ἐπὶ
2490 3017 2596 3070 τὸν
2619 3017 2965 3073 δικαιοῦντα
2992 3019 3098 3073 τὸν
3122 3020 3330 3089 ἀσεϐῆ,
3359 3026 3499 3087 λογί

1954 3095 2106 3156 (erat.
2141 3099 2178 3166 η
2209 3098 2414 3164 πίστις
2439 3101 2527 3166 εἰς
2553 3099 2972 3169 δικαιοσύνην,
3007 3105 3056 3156 εἰ
3087 3105 3187 3174 τῆς
3224 3105 3318 3158 τοῦ
3353 3106 3524 3160 Πνεύ-

1955 3196 2124 3262 ματος
2160 3182 2380 3252 χάριτος
2407 3181 2468 3234 τδ
2501 3184 2606 3236 πᾶν
2633 3185 2776 3250 ἐστι;
2806 3183 2925 3248 πῶς
2945 3185 3001 3238 δὲ
3022 3186 3119 3240 καὶ
3145 3186 3236 3241 τὸν
3259 3189 3525 3262 πατριάρ-

1952 3278 2053 3331 χην
2086 3261 2335 3333 Ἀϐραὰμ
2364 3263 2432 3317 δι’
2464 3264 2631 3336 αὐτῆς
2653 3277 2678 3306 ι
2708 3266 2921 3338 μυρίοις
2949 3268 3206 3339 ἀνέδησεν
3234 3261 3524 3342 ἐγκωμίων

1954 3344 2258 3413 στεφάνοις,
2286 3348 2366 3400 ὅτι
2389 3346 2458 3400 τὰ
2483 3347 2728 3420 παρόντα
2751 3349 2926 3402 πάντα
2965 3352 3357 3423 παραδραμὼν,
3393 3359 3524 3428 παρ’

1952 3428 2144 3482 ἐλπίδα
2169 3430 2254 3482 ἐπ’
2279 3428 2454 3483 ἐλπίδι
2485 3430 2802 3496 ἐπίστευσε;
2825 3433 2978 3496 Τίνος
3002 3429 3094 3487 οὖν
3119 3434 3280 3489 ἕνεκα
3302 3438 3523 3508 Πνεῦμα

1952 3510 2187 3574 πίστεως
2221 3511 2392 3584 αὐτὴν
2421 3512 2604 3577 καλεῖς
2649 3513 2856 3568 Ἐκεῖνο
2884 3514 3052 3581 δεῖξαι
3083 3516 3418 3589 βουλόμενος,
3441 3521 3523 3575 ὃτι

1948 3593 2010 3645 τὸ
2051 3595 2146 3664 μὲν
2185 3595 2337 3666 παρὰ
2380 3594 2478 3666 την
2526 3595 2699 3668 ἀρχὴν
2745 3597 3069 3661 πιστεῦσαι,
3106 3601 3202 3670 τῆς
3250 3603 3522 3674 ἡμετέρας

1950 3677 2368 3747 εὐγνωμοσύνης
2400 3680 2551 3741 ἐστὶ,
2607 3681 2698 3732 καὶ
2738 3680 2798 3732 τὸ
2833 3681 3136 3735 ὑπακοῦσαι
3187 3684 3481 3757 κληθέντας
3503 3705 3518 3718 ·

1952 3758 2092 3829 μετά
2120 3759 2177 3811 δὲ
2207 3759 2267 3812 τὸ
2301 3761 2708 3832 καταϐληθῆναι
2733 3763 2831 3834 τὴν
2857 3762 3062 3828 πίστιν,
3093 3766 3193 3836 τῆς
3216 3767 3310 3820 τοῦ
3349 3771 3520 3822 Πνεύ-

1953 3859 2121 3912 ματος
2156 3842 2386 3913 δεόμεθα
2415 3843 2685 3914 βοηθείας,
2709 3844 2849 3898 ὥστε
2877 3847 3055 3916 μένειν
3073 3849 3240 3918 αὐτὴν
3262 3850 3527 3922 διηνεκῶς»

1948 3927 2196 3981 ἄσειστον
2233 3928 2327 3979 καὶ
2357 3928 2774 3998 ἀπερίτρεπτον.
2805 3928 2940 3982 Οὔτε
2957 3930 3066 4002 γὰρ
3093 3935 3121 3985 ὁ
3154 3931 3306 3997 Θεὸς,
3331 3934 3453 3989 οὔτε
3484 3939 3525 4008 ἠ

1945 4008 2040 4061 τοῦ
2062 4009 2375 4080 Πνεύματος
2389 4011 2547 4081 χάρις
2565 4011 2664 4081 τὴν
2687 4013 2960 4082 ἡμετέραν
2990 4015 3292 4084 προφθάνει
3322 4021 3517 4090 προαί-

1951 4109 2100 4163 ρεσιν
2119 4108 2133 4122 ·
2154 4093 2290 4146 άλλά
2311 4093 2468 4146 καλεῖ
2495 4093 2613 4164 μὲν,
2635 4093 2892 4164 ἀναμένει
2924 4096 2979 4148 δὲ
3001 4096 3140 4151 ὥστε
3170 4100 3394 4165 ἑκόντας
3423 4103 3518 4156 καὶ

1948 4175 2305 4246 βουληθέντας
2318 4176 2526 4230 οἴκοθεν
2554 4177 2868 4246 προσελθεῖν
2892 4194 2906 4208 ο
2927 4174 3046 4233 εἶτα
3063 4220 3079 4245 ,
3115 4184 3334 4237 ἐπειδάν
3347 4203 3516 4257 προσ-

1945 4257 2210 4328 έλθωμεν,
2257 4260 2376 4338 τότε
2411 4261 2508 4330 τὴν
2553 4259 2683 4330 παρ’
2720 4260 2912 4314 ἐαυτοῦ
2945 4263 3172 4334 παρέχει
3203 4267 3523 4338 συμμαχίαν

1945 4341 2187 4396 ἃπασαν.
2237 4329 2472 4412 Ἐπειδὴν
2499 4329 2750 4413 γὰρκαὶ
2793 4345 2822 4396 ὁ
2875 4329 3121 4409 διάϐολος
3167 4329 3427 4419 peti-18‘
3447 4355 3521 4424 τῇ,

1945 4424 2126 4477 πίστει
2157 4425 2471 4495 προσελθεῖν
2513 4427 2695 4496 ἡμᾶς,
2736 4425 2940 4492 εὐθέως
2991 4431 3384 4504 ἐπεισέρχεται,
3417 4435 3522 4507 τὴν

1943 4507 2115 4577 καλὴν
2143 4507 2347 4576 ταύτην
2393 4507 2546 4580 ῥίζαν
2578 4509 2889 4564 ἀνασπάσαι
2931 4511 3282 4583 βουλόμενος,
3323 4519 3414 4570 καὶ
3446 4520 3520 4576 τά,

1942 4588 2159 4652 ζιζάνια
2201 4592 2422 4662 σπεῖραι
2468 4591 2822 4661 ἐπειγόμενος
2841 4633 2856 4658 ,
2889 4595 2982 4647 καὶ
3012 4597 3123 4660 τοῖς
3150 4598 3390 4668 γνησίοις
3421 4601 3516 4654 καὶ

1943 4671 2207 4744 καθαροῖς
2256 4673 2600 4745 λυμήνασθαι
2644 4677 2923 4747 σπέρμασι
2950 4718 2964 4737 ,
3009 4679 3238 4750 δεόμεθα
3287 4682 3386 4752 τῆς
3418 4683 3515 4737 τοῦ

1942 4754 2084 4808 Πνεύ
2093 4773 2260 4826 ματος
2279 4756 2528 4826 βοηθείας
2548 4758 2691 4821 τότε,
2710 4759 2816 4822 ἵνα,
2836 4760 3083 4834 καθάπερ
3105 4764 3348 4835 γεωργὸς
3368 4765 3515 4834 φιλό-

1941 4853 2104 4901 πονος
2136 4839 2188 4906 δ,
2242 4839 2674 4910 ἐγκαθεζόμενος
2723 4841 2878 4911 ἡμῶν
2927 4845 3198 4916 “CM/01?}.
3232 4847 3397 4920 πολλῇ
3443 4852 3510 4921 τῇ

1941 4921 2112 4990 φειδοῖ
2136 4921 2230 4974 καὶ
2254 4924 2480 4993 προνοίᾳ
2502 4924 2711 4996 τειχίζῃ
2743 4925 3003 4981 πάντοθεν
3031 4928 3090 4980 τὸ
3122 4931 3381 4999 νεοπαγὲς
3413 4932 3514 5002 τῆς

1942 5003 2174 5067 πίστεως
2205 5005 2502 5073 φυτόν.Διά
2533 5006 2691 5059 τοῦτο
2723 5007 3200 5064 Θεσσαλονικεῦσιν
3223 5013 3510 5072 ἐπέστελλε
3547 5047 3549 5049 ι

1939 5085 2136 5154 λέγων,
2179 5087 2249 5140 Τὸ
2283 5088 2525 5158 Πνεῦμα
2563 5089 2650 5159 μὴ
2685 5091 3015 5158 σϐέννυτε,
3069 5093 3244 5164 δηλῶν
3279 5097 3360 5150 ὅτι
3411 5099 3510 5167 τῆς

1938 5168 2035 5221 τοῦ
2087 5170 2403 5242 Πνεύματος
2459 5173 2682 5244 χάριτος
2728 5175 3173 5249 ἐπεισελθούσης,
3225 5181 3511 5250 ἀκαταγώς

1938 5269 2109 5306 νιστοι
2139 5253 2217 5323 τῷ
2243 5255 2465 5326 πονηρῷ
2495 5256 2705 5327 δαίμονι
2725 5259 2907 5314 λοιπὸν
2937 5261 3032 5313 καὶ
3059 5263 3178 5325 ταῖς
3210 5264 3510 5333 μεθοδείαις

1938 5334 2105 5388 αὐτοῦ
2142 5336 2342 5400 πάσαις
2367 5339 2623 5408 ἐσόμεθα.
2660 5341 2723 5393 Εἰ
2745 5341 2852 5412 γάρ
2882 5343 3056 5407 οὐδεὶς
3093 5343 3310 5399 δύναται
3336 5349 3509 5401 εἰπεῖν

1937 5416 2142 5501 Κύριον
2193 5420 2419 5490 Ἰησοῦν,
2472 5424 2520 5475 εἰ
2573 5422 2647 5493 μὴ
2701 5425 2762 5478 ἐν
2800 5424 3074 5495 Πνεύματι
3122 5428 3280 5500 ἁγίῳ,
3327 5429 3510 5501 πολλῷ

1940 5500 2139 5568 μᾶλλον
2165 5503 2264 5571 τὴν
2294 5504 2476 5559 πίστιν
2499 5506 2712 5576 ἀσφαλῆ
2738 5509 2832 5561 καὶ
2859 5509 3230 5582 ἐρριζωμένην
3260 5513 3318 5566 οὐ
3346 5500 3505 5584 δυνήνς

1937 5597 2089 5635 σεται
2126 5591 2441 5657 κατασχεῖν,
2477 5592 2525 5642 εἰ
2563 5590 2636 5661 μὴ
2669 5593 2728 5644 ἐν
2754 5593 3028 5665 Πνεύματι
3068 5597 3225 5667 ἁγίῳ.

2008 5672 2082 5730 ς’.
2104 5667 2228 5724 Πῶς
2247 5670 2303 5721 δέ
2329 5671 2669 5742 δυνησόμεθα
2692 5675 2790 5745 τὴν
2814 5675 2908 5730 τοῦ
2936 5678 3251 5749 Πνεύματος
3273 5682 3505 5736 ἐπισπά..

1938 5749 2132 5802 σασθαι
2182 5750 2458 5823 βοήθειαν,
2504 5756 2598 5808 καὶ
2644 5761 2829 5814 πεῖσαι
2873 5763 3051 5830 μεῖναι
3088 5764 3212 5834 παρ’
3251 5765 3507 5835 ἐαυτοῖςλ

1994 5876 2021 5905 ⁸
2046 5876 2152 5925 Duo
2171 5889 2284 5926 mss.
2307 5878 2366 5924 δι’
2389 5877 2550 5934 αὐτήν,

1991 5937 2020 5978 δ
2052 5939 2155 5989 Duo
2189 5952 2303 5990 mss.
2327 5940 2596 6004 ςιλοπονως.
