3990 6358
491 541 568 594 Δι’
597 537 771 610 ἔργων
813 538 1032 606 ἀγαθῶν
1071 537 1165 590 καλ⁵
1199 535 1473 596 πολιτείας
1518 538 1768 606 ἀρίστης.
1801 532 2067 602 Καθάπερ

490 625 600 694 γὰρ
629 622 690 675 τὸ
733 622 1004 690 λυχνιαῖον
1037 620 1150 689 φῶς
1183 619 1346 688 ἐλαίῳ
1382 616 1694 686 κατέχεται.
1731 616 1826 669 καὶ
1861 615 2069 668 ἀναλω-

491 707 675 768 θέντος
712 703 864 776 [265]
908 703 1101 757 τούτου
1139 705 1362 756 κάκεῖνο
1402 699 1779 754 συναναλωθέν
1819 698 2064 752 ἄπεισιν·

489 790 631 841 οὕτω
656 788 719 859 δὴ
758 789 852 841 καὶ
887 791 920 855 ἠ
957 787 1050 841 106
1094 786 1410 860 Πνεύμαπος
1436 785 1616 855 χάρις,
1656 783 1938 853 παρόντων
1971 782 2068 852 μέν

489 875 621 941 ἡμῖν
661 872 838 942 ἔργων
887 869 1125 939 ἀγαθῶν,
1167 869 1262 922 καὶ
1305 868 1677 938 ἐλεημοσύνης
1713 865 1912 935 πολλῆς
1944 869 2066 918 ἐπι-

491 955 756 1026 χεομένης
784 958 846 1024 τῇ
877 955 1041 1024 ψυχῇ.
1078 953 1228 1024 μένει
1255 953 1504 1022 καθάπερ
1532 951 1694 1020 ἐλαίῳ
1728 949 2066 1018 κατεχομένη

490 1042 524 1110 ἡ
559 1039 690 1106 φλόξ
715 1055 726 1068 ·
752 1039 957 1106 ταύτης
983 1036 1038 1089 δὲ
1070 1038 1170 1088 ούκ
1200 1034 1385 1106 οὔσης,
1419 1036 1604 1088 ἄπεισι
1641 1034 1736 1085 καὶ
1758 1033 2063 1102 ἀναχωρεῖ·

488 1125 626 1192 ὅπερ
661 1122 755 1175 καὶ
787 1120 1008 1173 ἐπὶτῶν
1048 1120 1208 1172 πέντε
1239 1117 1524 1189 παρθένων
1559 1118 1793 1186 ἐγένετο.
1820 1116 1930 1168 Καὶ
1958 1115 2066 1184 γάρ

489 1208 695 1259 ἐκεῖναι
733 1204 870 1275 μετά
896 1205 1022 1265 τοὺς
1049 1202 1275 1264 πολλοὺς
1308 1202 1502 1264 πόνους
1538 1200 1632 1253 καλ.
1661 1199 1786 1260 τοὺς
1815 1197 2063 1267 ἱδρῶτας,

487 1289 676 1359 ἐπειδὴ
698 1289 796 1360 τὴν
817 1288 924 1341 ἀπὸ
945 1286 1042 1356 τῆς
1066 1285 1473 1356 φιλανθρωπίας
1495 1284 1593 1336 οὐκ
1619 1279 1764 1352 εἶχον
1791 1281 2064 1352 βοήθειαν,

489 1373 589 1426 ούκ
626 1372 851 1440 ἴσχυσαν
884 1370 1010 1440 παρ’
1052 1371 1271 1430 ἑαυταῖς
1320 1369 1614 1437 κατασχεῖν
1657 1366 1716 1418 τὸ
1749 1364 1842 1418 106
1891 1366 2064 1417 Ilvs'J-

493 1472 662 1526 ματος
693 1455 964 1524 χάρισμα’
997 1454 1076 1506 διὸ
1106 1456 1201 1506 καὶ
1234 1452 1327 1505 106
1357 1451 1645 1521 νυμφῶνος
1673 1448 2062 1519 ἐξεϐλήθησαν,

489 1541 584 1592 καὶ
606 1538 706 1606 τῆς
741 1537 975 1607 φοϐερᾶς
1015 1536 1226 1605 ἐκείνης
1260 1537 1494 1606 ἥκουσαν
1525 1536 1727 1603 φωνῆς,
1772 1531 2064 1600 Ὑπάγετε,

489 1625 601 1676 οὐκ
641 1618 773 1674 οἶδα
800 1619 986 1689 ὑμᾶς·
1029 1621 1062 1689 ἢ
1111 1621 1204 1672 καὶ
1258 1619 1357 1687 τῆς
1391 1620 1614 1688 γεέννης
1651 1613 1717 1687 ἦν
1761 1615 2067 1686 χαλεπωτέ-

491 1723 561 1776 ρα
582 1723 592 1735 ο
617 1704 706 1757 διά
733 1703 890 1756 τοῦτο
920 1703 1013 1755 καὶ
1045 1701 1231 1773 μωρὰς
1260 1703 1427 1764 αύτάς
1456 1700 1738 1771 ὠνόμασεν
1763 1718 1775 1730 ·
1807 1700 2061 1760 είκότως’

487 1791 569 1842 δτι
613 1786 1084 1858 τυραννικωτέρας
1129 1785 1424 1856 ἐπιθυμίας
1470 1784 1924 1855 περιγενόμεναι,
1961 1784 2066 1837 ὑπὸ

487 1875 586 1942 τῆς
626 1871 1020 1940 ἀσθενεστέρας
1045 1868 1310 1921 ἑάλωσαν.
1341 1870 1480 1940 Ὅρα
1517 1868 1626 1938 γάρ
1651 1885 1665 1898 ·
1696 1868 1909 1936 φύσεως
1947 1868 2066 1938 βίαν

488 1958 768 2027 ἐνίκησαν,
798 1954 1076 2007 λυττῶσαν
1106 1953 1302 2022 μανίαν
1333 1952 1686 2022 ἐχαλίνωσαν,
1715 1952 1780 2004 τά
1816 1951 1915 2021 τῆς
1943 1955 2064 2004 ἐπι-

489 2041 688 2110 θυμίας
720 2039 1012 2108 ἐστόρεσαν
1043 2037 1283 2105 κύματα,
1317 2037 1374 2087 ἐν
1413 2038 1483 2104 γῇ
1511 2033 1880 2104 διατρίϐουσαι
1909 2037 2067 2103 ἀγγε-

486 2123 636 2176 λικδν
669 2120 1012 2185 ἐπεδείξαντο
1040 2119 1173 2187 βίον.
1208 2117 1365 2187 σῶμα
1395 2117 1771 2186 περικείμεναι
1805 2118 1937 2187 πρὸς
1969 2119 2066 2180 τὰς

487 2207 809 2275 ἀσωμάτους
831 2201 1208 2273 ἡμιλλήθήσαν
1233 2201 1518 2270 δυνάμεις·
1543 2201 1635 2253 καὶ
1659 2201 1795 2270 μετὰ
1816 2201 2066 2254 τοσοῦτον

488 2290 648 2342 πόνον
695 2286 992 2358 χρημάτων
1037 2283 1330 2353 ἐπιθυμίας
1371 2285 1471 2336 ούκ
1519 2285 1865 2354 ἐκράτησαν,
1898 2285 2066 2350 ὅντως

491 2373 674 2443 μωραὶ
707 2372 799 2424 καὶ
828 2371 1082 2439 ἀνόητοι·
1119 2367 1207 2420 διά
1246 2367 1404 2420 τοῦτο
1437 2368 1531 2420 καὶ
1573 2367 1693 2420 οὐδὲ
1739 2369 2065 2438 συγγνώμης

486 2456 818 2525 ἠξιώθησαν.
863 2451 1162 2522 Ῥᾳθυμίας
1192 2451 1300 2521 γὰρ
1327 2451 1386 2503 τὸ
1415 2451 1616 2522 πτῶμα
1655 2451 1844 2519 γέγονε
1875 2453 2060 2522 μόνον·

488 2541 544 2592 αἰ
573 2540 682 2610 γάρ
713 2540 769 2590 ἐν
812 2537 1046 2606 τοσαύτῃ
1094 2535 1251 2604 φλογὶ
1300 2535 1530 2604 κάμινον
1566 2534 1860 2604 ἐπιθυμίας
1904 2535 2063 2607 δυνη-

489 2624 663 2676 θεῖσαι
717 2623 928 2679 σϐέσαι,
968 2620 1061 2671 καὶ
1097 2619 1237 2688 ὑπὲρ
1276 2618 1342 2670 τά
1393 2618 1690 2687 σκάμματα
1732 2619 2062 2688 πηδήσασαι,

488 2709 582 2760 καὶ
616 2706 784 2759 πλείω
811 2705 916 2756 τῶν
944 2701 1392 2773 προσταχθέντων
1419 2701 1821 2770 ἐπιδειξάμεναι
1843 2703 1924 2770 (ού
1957 2705 2063 2773 γάρ

487 2791 604 2842 ἐστι
655 2787 815 2857 νόμος
872 2788 904 2856 ἡ
953 2784 1239 2855 παρθενία,
1293 2784 1426 2836 ἀλλά
1476 2785 1540 2853 τῇ
1595 2783 1907 2852 προαιρέσει
1951 2785 2064 2836 τῶν

488 2870 792 2924 ἀκουόντων
817 2867 1252 2940 ἐπιτέτραπται),
1291 2863 1406 2918 εἶτα
1438 2866 1542 2918 ὑπὸ
1578 2867 1876 2935 χρημάτων
1899 2869 2065 2937 ἡττη-

488 2955 684 3014 θεῖσαι.
733 2952 875 3015 τίνος
907 2953 1007 3004 οὐκ
1056 2951 1122 3004 ἂν
1171 2945 1281 3002 εἷεν
1327 2949 1717 3020 ἐλεεινότεραι,
1756 2950 1821 3002 δι’
1870 2950 2064 3018 ὀλίγων

487 3036 766 3109 ἀργυρίων
813 3037 903 3089 τὸν
939 3037 1199 3102 στέφανον
1233 3033 1341 3087 ἀπὸ
1385 3034 1483 3102 τῆς
1522 3032 1764 3101 κεφαλῆς
1799 3034 2059 3104 pigrae-mat;

488 3123 671 3176 Ταῦτα
698 3120 862 3188 λέγω,
900 3119 1020 3188 ούχὶ
1040 3117 1139 3179 τὰς
1163 3119 1352 3187 χεῖρας
1383 3117 1488 3168 τῶν
1525 3117 1809 3187 παρθένων
1834 3118 2059 3185 ἐκλύων,

489 3205 608 3260 οὐδὲ
638 3204 734 3276 τὴν
771 3201 1072 3274 παρθενίαν
1108 3200 1297 3252 σϐέσαι
1340 3199 1681 3270 βουλόμενος,
1719 3200 1832 3253 ἀλλ’
1869 3202 1954 3254 ἴνα
1988 3202 2062 3275 μὴ

487 3289 718 3358 ἀνόνητα
765 3286 1072 3358 δράμωσιν,
1117 3284 1202 3335 ἵνα
1244 3281 1317 3353 μὴ
1365 3283 1502 3352 μετά
1553 3283 1778 3354 μυρίους
1835 3285 2064 3355 ἱδρῶτας

488 3375 858 3443 ἀστεφάνωτοι
905 3373 998 3426 κα¹ι
1037 3370 1292 3441 αἰσχύνης
1329 3371 1595 3440 γέμουσαι
1640 3373 1704 3423 ἐκ
1733 3372 1841 3424 τῶν
1882 3391 2060 3443 σκαμο

492 3461 676 3530 μάτων
727 3457 1140 3526 ἀναχωρήσωσι.
1181 3453 1359 3507 Καλὸν
1393 3455 1425 3524 ἡ
1473 3453 1742 3524 παρθενία
1789 3457 1883 3508 καὶ
1923 3457 2063 3528 ὑπὲρ

486 3545 586 3614 τὴν
618 3541 778 3610 φύσιν
809 3541 868 3593 τὸ
912 3539 1243 3610 κατόρθωμα
1264 3556 1276 3568 ·
1319 3538 1452 3591 ἀλλά
1477 3538 1536 3590 τὸ
1581 3538 1741 3591 καλὸν
1781 3541 1938 3594 τοῦτο
1970 3544 2063 3596 καὶ

491 3631 633 3702 μέγα
669 3631 761 3682 καὶ
799 3629 938 3698 ὑπὲρ
967 3626 1060 3697 τὴν
1096 3626 1277 3694 φύσιν,
1310 3625 1374 3678 ἂν
1411 3625 1485 3696 μὴ
1525 3625 1930 3698 φιλανθρωπίαν
1965 3631 2060 3703 ἔχῃ

491 3716 962 3786 συνεζευγμένην,
1005 3715 1124 3767 οὑδέ
1164 3714 1462 3766 ἐπιϐαίνειν
1506 3715 1614 3767 τῶν
1646 3714 1738 3767 106
1779 3719 2062 3786 νυμφῶνος

488 3806 776 3878 προθύρων
799 3806 1107 3874 δυνήσεται.
1138 3804 1246 3855 Καὶ
1279 3803 1472 3856 σκόπει
1506 3821 1595 3873 μοι
1634 3804 1734 3874 τῆς
1761 3805 2063 3878 φιλανθρω-

487 3898 616 3960 πίας
634 3897 729 3966 τήν
755 3897 929 3963 ἰσχὺν,
976 3894 1070 3945 καὶ
1114 3891 1212 3962 τῆς
1259 3891 1626 3962 ἐλεημοσύνης
1663 3895 1762 3962 τὴν
1809 3893 2054 3964 δύναμιν.

487 3985 761 4055 Παρθενία
799 3985 893 4052 μὲν
948 3984 1115 4051 χωρὶς
1147 3979 1517 4050 ἐλεημοσύνης
1561 3981 1659 4031 οὐκ
1693 3981 1907 4050 ἴσχυσεν
1941 3984 2060 4036 οὐδὲ

489 4074 653 4145 μέχρι
675 4072 782 4125 τῶν
804 4069 973 4137 προθύ
983 4086 1090 4146 ρων
1116 4066 1209 4119 106
1237 4067 1521 4137 νυμφῶνος
1549 4069 1773 4134 ἀγαγεῖν
1793 4084 1805 4096 ·
1835 4069 2060 4142 ἐλεημο-

487 4161 621 4232 σύνη
659 4159 714 4212 δὲ
749 4158 918 4230 χωρὶς
982 4154 1278 4226 παρθενίας
1303 4195 1318 4217 ,
1357 4156 1481 4218 τοὺς
1527 4156 1723 4224 ἑαυτῆς
1763 4158 2060 4228 τροφίμους

487 4249 626 4320 μετά
687 4247 896 4300 πολλῶν
949 4244 1238 4314 ἐγκωμίων
1302 4245 1380 4306 είς
1427 4242 1524 4314 τὴν
1587 4246 1690 4312 πρὸ
1757 4245 2060 4316 καταϐολῆς

484 4332 691 4401 κόσμου
761 4329 1036 4400 βασιλείαν
1115 4327 1523 4399 ἡτοιμασμένην
1601 4327 2058 4398 ἐχειραγώγησεν.

483 4409 656 4470 Αὗται
701 4414 798 4485 μὲν
842 4414 970 4484 γὰρ,
1028 4411 1216 4481 ἐπειδὴ
1279 4409 1647 4482 ἐλεημοσύνην
1708 4413 1807 4464 οὐκ
1852 4414 2061 4467 ἐπεδεί-

485 4504 645 4568 ξαντο
673 4501 890 4572 δαψιλῆ,
919 4501 1180 4570 ἥκουσαν,
1217 4497 1523 4567 Ὑπάγετε,
1567 4501 1678 4552 οὐκ
1708 4496 1841 4553 οῖδα
1868 4501 2055 4570 ὑμᾶς’

483 4593 681 4644 ἐκεῖνοι
710 4589 766 4641 δὲ
795 4590 844 4641 οἱ
872 4586 1108 4655 διψῶντα
1143 4585 1478 4648 ποτίσαντες,
1513 4585 1606 4638 καὶ
1629 4585 1901 4641 πεινῶντα
1931 4587 2058 4658 θρέ-

480 4680 683 4748 ψαντες
704 4677 793 4729 τὸν
832 4675 1083 4746 Χριστὸν,
1113 4675 1290 4725 καίτοι
1324 4673 1624 4742 παρθενίαν
1649 4674 1723 4744 μὴ
1760 4675 2056 4746 προϐαλλόο

486 4783 657 4838 μενοι,
685 4766 943 4836 ἥκουσαν,
975 4761 1169 4825 Δεῦτε,
1190 4763 1244 4814 οὶ
1282 4759 1674 4828 εὐλογημένοι
1703 4763 1810 4816 τοῦ
1834 4765 2059 4832 Πατρός

476 4872 618 4924 μου,
643 4849 1136 4920 κληρονομήσατε
1164 4847 1278 4914 τὴν
1310 4847 1762 4917 ἡτοιμασμένην
1782 4851 1924 4918 ὑμῖν
1944 4853 2058 4916 βα-

479 4941 718 4994 σιλείαν
753 4937 872 4992 ἀπὸ
905 4935 1246 5002 καταϐολῆς
1297 4935 1549 5004 κόσμου.
1595 4937 1705 4990 Καὶ
1742 4938 1886 5007 μάλα
1911 4942 2058 4994 εἰκό-

482 5044 589 5088 τως
613 5042 626 5055 ·
661 5029 690 5078 ὁ
742 5025 838 5095 μὲν
871 5025 978 5094 γὰρ
1024 5020 1374 5094 παρθενεύων
1415 5022 1508 5074 καὶ
1540 5023 1848 5092 νηστεύων,
1882 5027 2057 5098 ἐαυτῷ

481 5117 750 5186 χρήσιμος
774 5130 786 5142 ·
819 5116 846 5166 ὁ
870 5114 925 5166 δὲ
962 5113 1146 5176 ἐλεῶν,
1170 5111 1348 5173 κοινός
1373 5112 1487 5163 ἐστι
1526 5111 1636 5164 τῶν
1675 5116 2056 5182 ναυαγούντων

479 5203 666 5273 λιμὴν,
707 5201 804 5262 τάς
838 5200 946 5252 τῶν
996 5200 1222 5271 πλησίον
1275 5197 1652 5268 διορθούμενος
1691 5201 1880 5265 πενίας
1904 5242 1918 5266 ,
1962 5206 2054 5258 καὶ

478 5294 578 5355 τὰς
625 5291 826 5361 ἐτέρων
869 5289 1010 5342 λύων
1054 5289 1316 5357 ἀνάγκας.
1352 5289 1470 5340 Τῶν
1503 5288 1559 5340 δὲ
1608 5290 2053 5360 κατορθωμάτων

478 5379 661 5430 ἐκεῖνα
701 5373 932 5444 μάλιστα
955 5372 1258 5442 εὐδοκιμεῖν
1297 5370 1507 5436 εἴωθεν,
1544 5371 1686 5443 άπερ
1721 5372 1785 5426 ἂν
1821 5374 1955 5444 πρὸς
1992 5376 2052 5428 τὸ

476 5466 756 5537 συμφέρον
795 5461 1000 5532 ἑτέροις
1029 5462 1239 5530 γίνεται
1266 5473 1314 5514 α.

549 5551 699 5623 [266⁷]
729 5551 791 5615 ζ’.
830 5549 940 5602 Καὶ
973 5549 1058 5601 ἵνα
1092 5549 1288 5619 μάθῃς,
1313 5548 1395 5600 ὅτι
1419 5539 1577 5600 αὗται
1603 5547 1802 5618 μᾶλλον
1830 5548 1906 5618 τῷ
1935 5548 2051 5620 Θεῷ

475 5639 930 5712 περισπούδαστοι
965 5634 1073 5689 τῶν
1103 5635 1275 5689 ἄλλων
1302 5637 1358 5688 αἱ
1398 5636 1630 5700 ἐντολαὶ,
1665 5637 1792 5708 περὶ
1831 5638 1929 5708 μὲν
1955 5656 2050 5706 νη-

476 5728 657 5790 στείας
693 5727 786 5780 καὶ
814 5723 1109 5796 παρθενίας
1137 5722 1536 5794 διαλεγόμενος,
1584 5721 1858 5793 βασιλείας
1887 5725 2049 5798 ούρα-
2103 5746 2130 5760 ι-

537 5859 566 5891 δ
584 5859 700 5909 Cod.
723 5859 748 5907 ’Ξ
763 5859 813 5907 ιδ
836 5858 1032 5919 γίνηται.

1195 427 1248 478 S.
1291 424 1574 479 JOANNIS
1611 425 2102 480 Clll'd'SOSTOMI
2137 424 2453 482 ARCIIIEP.
2495 428 3044 485 CONSTANTINOI’.

3633 409 3742 472 278

2180 532 2286 583 νῶν
2322 532 2623 602 μέμνηται·
2669 532 2794 601 περὶ
2826 530 2882 583 δὲ
2920 529 3286 600 ἐλεημοσύνης
3327 528 3420 582 καὶ
3451 528 3748 600 φιλανθρω-

2177 619 2306 682 πίας
2341 620 2550 674 καὶτοῦ
2584 623 2756 674 ποιεῖν
2790 621 3015 684 ἑαυτοὺς
3051 620 3398 690 οἰκτίρμονας
3417 619 3742 690 νομοθετῶν,

2177 708 2312 760 πολὺ
2357 709 2542 778 μεῖζον
2587 710 2686 780 τῆς
2730 709 3005 779 βασιλείας
3053 708 3159 761 τῶν
3207 709 3452 780 οὐρανῶν
3501 709 3747 762 τέθεικεν

2176 793 2428 860 ἔπαθλον,
2457 797 2648 862 Ὅπως
2679 796 2932 867 γένησθε
2958 796 3141 866 ὅμοιοι
3167 796 3272 849 τοῦ
3312 797 3536 866 Πατρός
3575 795 3748 866 ὑμῶν

2175 882 2280 934 τοῦ
2310 882 2380 935 ἐν
2407 882 2529 948 τοῖς
2556 883 2852 950 οὐρανοῖς,
2881 883 3073 951 λέγων.
3115 883 3342 935 Ἐκεῖνοι
3366 883 3473 955 γάρ
3509 883 3750 952 μάλιστα

2174 968 2282 1021 τῶν
2309 969 2489 1038 νόμων
2514 970 2732 1040 ὁμοίους
2757 970 2970 1024 ποιοῦσι
2998 971 3126 1032 τοὺς
3153 969 3471 1040 ἀνθρώπους
3495 969 3572 1038 τῷ
3599 969 3750 1040 Θεῷ,

2176 1056 2252 1117 ῶς
2283 1057 2603 1129 ἀνθρώπους
2649 1059 2792 1122 εἰκὸς
2831 1057 3083 1127 γενέσθαι
3119 1059 3337 1128 ὁμοίους
3366 1058 3461 1111 106
3505 1057 3657 1122 Θεοῦ,
3699 1061 3750 1113 οι

2175 1145 2312 1213 πρὸς
2341 1145 2401 1200 τὸ
2428 1149 2577 1217 κοινῇ
2603 1147 2876 1216 συμφέρον
2897 1147 3257 1210 ἐκϐαίνοντες.
3283 1149 3392 1200 Καὶ
3416 1147 3588 1217 δηλῶν
3614 1147 3750 1200 αὐτὸ

2174 1232 2332 1284 10610
2371 1235 2399 1286 ὁ
2455 1235 2691 1305 Χριστὸς
2753 1235 2938 1301 ἑλεγεν
2964 1253 2976 1265 ·
3008 1236 3136 1287 Ὀτι
3183 1236 3288 1287 τάν
3335 1234 3511 1301 ἣλιον
3555 1234 3750 1288 αὐτοῦ

2175 1322 2489 1376 ἀνατέλλει
2515 1322 2614 1377 ἐπὶ
2646 1323 2948 1394 πονηροὺς
2971 1325 3067 1377 καὶ
3091 1323 3370 1392 ἀγαθοὺς,
3407 1325 3504 1377 καὶ
3537 1324 3752 1392 βρέχει

2174 1410 2272 1463 ἐπὶ
2301 1410 2572 1477 δικαίους
2596 1412 2693 1465 καὶ
2714 1412 2980 1479 ἀδίκους.
3000 1411 3158 1466 Οὖτω
3189 1414 3281 1466 καὶ
3310 1413 3466 1482 ὑμεῖς
3492 1415 3607 1474 τοῖς
3629 1408 3750 1465 οὖτι

2175 1498 2316 1551 κατά
2356 1497 2584 1568 δύναμιν
2633 1501 2713 1562 είς
2759 1499 2820 1552 τὸ
2866 1502 3016 1570 κοινῇ
3055 1499 3328 1570 συμφέρον
3357 1499 3468 1552 τῶν
3501 1500 3749 1568 ἀδελφῶν

2174 1589 2383 1656 ἀποκεχ
2396 1604 2460 1657 ρη
2471 1587 2641 1656 μένοι,
2669 1586 2976 1658 μιμήσασθε
3009 1588 3099 1640 τὸν
3123 1588 3191 1641 τά
3214 1587 3392 1656 ἀγαθά
3421 1587 3586 1640 αύτού
3623 1605 3751 1658 προ-

2173 1674 2389 1726 τιθέντα
2411 1675 2572 1726 πᾶσιν
2591 1674 2811 1744 ὁμοίως.
2829 1675 2986 1742 Μέγα
3004 1674 3061 1728 τὸ
3076 1674 3175 1744 τῆς
3193 1675 3485 1745 παρθενίας
3506 1676 3748 1746 ἀξίωμα,

2175 1762 2272 1814 καὶ
2293 1760 2378 1814 διά
2423 1761 2577 1814 10610
2605 1762 2803 1832 μᾶλλον
2849 1761 3282 1832 συγκροτηθῆναι
3310 1761 3440 1815 αὐτὸ
3461 1761 3747 1832 βούλομαι.

2176 1847 2477 1919 Παρθενίας
2499 1849 2606 1920 γάρ
2626 1849 2840 1919 ἀξίωμα
2859 1849 2959 1902 ούκ
2980 1849 3314 1919 ἀποσχέσθαι
3336 1849 3530 1920 γάμων
3565 1850 3746 1920 μόνον,

2175 1935 2310 1987 ἀλλά
2347 1935 2406 1988 τὸ
2430 1936 2809 2006 φιλάνθρωπον
2839 1933 2976 1989 εἶναι
3005 1938 3096 1989 καὶ
3129 1936 3446 2007 φιλάδελφον
3484 1937 3582 1990 καὶ
3614 1955 3751 2008 συμ-

2177 2024 2495 2093 παθητικόν.
2523 2025 2584 2076 Τί
2611 2025 2718 2095 γάρ
2745 2025 2934 2093 δφελος
2965 2025 3225 2096 παρθενία
3259 2026 3398 2096 μετά
3425 2026 3748 2098 ῶμότητοςς

2175 2111 2226 2162 τί
2275 2112 2332 2164 δέ
2378 2111 2565 2182 κέρδος
2613 2111 2932 2183 σωφροσύνη
2976 2112 3112 2182 μετα
3160 2113 3591 2184 ἀπανθρωπίαςς
3637 2116 3750 2184 Ούχ

2175 2199 2346 2261 ἑάλως
2370 2200 2635 2268 σωμάτων
2661 2199 2944 2270 ἐπιθυμία,
2973 2199 3085 2252 ἀλλ’
3113 2200 3284 2264 ἑάλως
3313 2202 3614 2272 χρημάτων
3635 2204 3752 2256 ἐπι-

2174 2286 2342 2356 θυμία
2365 2303 2378 2316 ο
2423 2287 2522 2338 οὐκ
2551 2285 2868 2356 ἐθαύμασας
2901 2287 3125 2357 χρυσίου
3156 2288 3348 2352 κάλλος
3370 2306 3382 2318 ·
3408 2291 3498 2342 τὸν
3524 2291 3753 2360 μείζονα

2175 2374 2433 2444 ἐνίκησας
2474 2374 2904 2444 ἀνταγωνιστήν,
2935 2375 3046 2427 ἀλλ’
3071 2377 3100 2428 ὁ
3139 2375 3372 2429 ἐλάττων
3402 2377 3496 2430 καὶ
3524 2378 3752 2433 ἀσθενέ-

2175 2476 2262 2511 στε
2275 2477 2364 2530 ρος
2401 2461 2670 2530 ἐκράτησέ
2700 2478 2790 2514 σου
2833 2463 2928 2514 καὶ
2958 2464 3319 2532 περιεγένετο.
3353 2465 3448 2516 Διά
3477 2465 3638 2518 τοῦτο
3667 2468 3754 2519 αἱ·

2175 2550 2469 2621 σχροτέραν
2523 2550 2741 2618 ἐποίησέ
2779 2567 2870 2602 σου
2903 2550 3001 2620 τὴν
3046 2547 3250 2621 ἦτταν’
3291 2553 3379 2606 διά
3425 2553 3586 2606 10610
3629 2555 3752 2608 οὐδὲ

2175 2639 2503 2706 συγγνώμης
2530 2637 2736 2706 ἔτυχες,
2758 2638 3024 2708 τοσαύτης
3048 2639 3148 2708 μὲν
3175 2642 3571 2711 περιγενομένη
3605 2643 3750 2711 βίας,

2173 2727 2266 2778 καὶ
2301 2726 2435 2797 πρὸς
2472 2725 2563 2787 τὴν
2602 2726 2763 2793 φύσιν
2802 2725 2970 2796 αὐτὴν
3008 2727 3409 2798 ἀποδυσαμένη,
3439 2731 3546 2784 ὑπὸ
3572 2732 3631 2785 δὲ
3658 2750 3750 2799 φι-

2172 2814 2471 2885 λαργυρίας
2501 2815 2725 2877 ἁλοῦσα,
2751 2817 2814 2886 ἧν
2849 2817 2943 2869 καὶ
2973 2817 3179 2870 οἰκέται
3212 2818 3468 2884 πολλάκις
3494 2821 3588 2873 καὶ
3615 2822 3751 2894 βάρι

2173 2901 2329 2974 ϐαροι
2358 2903 2588 2973 ἀπονητὶ
2623 2902 2844 2973 νικῆσαι
2865 2903 3225 2975 ἠδυνήθησαν.

2243 2986 2580 3060 η’.Ταῦτόὗν
2602 2989 2812 3044 ἅπαντα
2827 2991 3047 3054 εἰδότες,
3063 2993 3355 3062 ἀγαπητοὶ,
3374 2996 3468 3048 καὶ
3482 2999 3530 3049 οἱ
3549 2997 3748 3067 γάμοις

2171 3077 2502 3146 ὁμιλοῦντες,
2543 3079 2636 3130 καὶ
2664 3081 2710 3130 οί
2737 3079 3034 3148 παρθενίαν
3056 3080 3367 3145 ἀσκοῦντες,
3393 3084 3596 3156 πολλὴν
3626 3089 3748 3138 ἐπι-

2171 3166 2475 3236 δειξώμεθα
2522 3169 2650 3238 περὶ
2701 3167 2797 3238 τὴν
2838 3169 3205 3240 ἐλεημοσύνην
3247 3173 3516 3244 σπουδήν,
3557 3177 3749 3248 ἐπειδὴ

2177 3253 2309 3322 μηδέ
2340 3255 2539 3325 ἑτέρως
2565 3256 2680 3308 ἐστι
2715 3256 2812 3325 τῆς
2850 3256 3125 3326 βασιλείας
3155 3261 3264 3314 τῶν
3287 3261 3532 3333 οὐρανῶν
3559 3265 3748 3317 ἐπιτυ-

2172 3347 2304 3412 χεῖν.
2331 3345 2392 3396 Εἰ
2420 3344 2527 3414 γάρ
2559 3345 2824 3414 παρθενία
2866 3349 3031 3418 χωρὶς
3065 3348 3433 3421 ἐλεημοσύνης
3461 3354 3564 3406 οὐκ
3608 3355 3751 3425 ἴσχυ-

2173 3445 2263 3480 σεν
2285 3430 2363 3491 είς
2386 3429 2660 3497 βασιλείαν
2684 3433 3017 3499 εἰσαγαγεῖν,
3038 3435 3187 3486 ποῖον
3209 3434 3292 3486 ἐτε
3299 3453 3392 3504 ρον
3416 3439 3751 3511 κατόρθωμα

2171 3513 2326 3564 τούτο
2357 3511 2584 3582 ἰσχύσει,
2620 3513 2651 3580 ἢ
2681 3513 2962 3581 δυνήσεται
2992 3515 3194 3586 ταύτης
3223 3520 3418 3589 χωρίς;
3452 3523 3569 3576 Ούκ
3604 3524 3748 3577 ἐστιν

2171 3600 2342 3652 οὐδέν.
2395 3600 2548 3671 [Ιάσῃ
2594 3602 2775 3653 τοίνυν
2829 3601 2973 3672 ψυχῇ
3031 3605 3124 3656 καὶ
3181 3605 3404 3676 δυνάμει
3457 3609 3518 3660 τὸ
3570 3612 3749 3666 ἔλαιον

2171 3687 2450 3757 ἐγχέωμεν
2482 3691 2600 3750 ταῖς
2643 3689 2910 3757 λαμπάσι.
2960 3692 3053 3743 καὶ
3104 3693 3322 3762 δαψιλὲς
3355 3697 3494 3750 ἔστω
3535 3701 3634 3752 καὶ
3672 3702 3748 3753 διο

2171 3777 2364 3846 ηνεκὲς
2380 3774 2557 3841 10610,
2575 3776 2660 3828 ἵνα
2687 3776 2907 3846 φαιδρὸν
2925 3778 3018 3830 καὶ
3047 3778 3298 3832 πλούσιον
3329 3784 3485 3854 μείνῃ
3518 3787 3582 3839 τὺ
3609 3790 3743 3856 φῶς.

2171 3868 2261 3937 Μὴ
2287 3866 2395 3937 γὰρ
2416 3866 2479 3934 δὴ
2503 3865 2594 3918 τὸν
2622 3867 2826 3936 πένητα
2857 3867 2972 3937 ίδῃς
3001 3869 3092 3921 τὸν
3117 3870 3180 3924 λα
3190 3871 3638 3940 μϐάνοντα,άλλά
3655 3879 3746 3932 τὸν

2171 3955 2304 4006 Θεὸν
2344 3955 2436 4006 τὸν
2470 3954 2786 4006 ἀποδιδόντα
2812 3971 2826 3985 ·
2853 3955 2926 4024 μὴ
2963 3955 3054 4009 τὸν
3071 3957 3356 4028 δεχόμενον
3373 3961 3432 4013 τὸ
3457 3963 3745 4036 ἀργύριον,

2170 4043 2304 4098 ἀλλά
2332 4043 2421 4096 τὸν
2443 4043 2739 4095 ὑπεύθυνον
2760 4046 3042 4113 γινόμενον
3077 4045 3153 4115 τῷ
3185 4047 3478 4118 όφλήματι.
3509 4052 3613 4105 Διά
3638 4055 3744 4124 γάρ

2169 4133 2326 4185 10610
2359 4132 2544 4200 ἐτερος
2573 4130 2861 4201 λαμϐάνει,
2895 4132 2987 4184 καὶ
3018 4132 3204 4203 ἕτερος
3229 4135 3572 4205 ἀποδίδωσιν,
3601 4142 3687 4194 ἵνα
3712 4145 3743 4214 ἠ

2173 4222 2270 4290 μὲν
2299 4219 2392 4272 τοῦ
2420 4219 2710 4290 δεχομένου
2757 4219 2914 4306 πενία
2942 4221 3034 4272 καὶ
3061 4223 3094 4290 ἡ
3137 4223 3390 4294 συμφορά
3425 4226 3566 4297 πρὸς
3600 4229 3744 4283 ἔλεον

2169 4308 2456 4378 ἐπικάμψῃ
2491 4307 2584 4359 καὶ
2613 4309 2954 4377 συμπάθειαν
2976 4325 2988 4338 ·
3015 4309 3043 4360 ό
3069 4308 3124 4361 δὲ
3155 4310 3247 4362 106
3285 4310 3573 4381 μέλλοντος
3619 4319 3744 4370 άπα-

2168 4396 2368 4450 διδόναι
2397 4395 2626 4456 πλοῦτος
2655 4395 2755 4464 τὴν
2793 4394 3097 4466 καταϐολὴν
3126 4396 3490 4468 ἐγγυώμενος,
3521 4405 3621 4456 καὶ
3650 4405 3742 4476 τὴν

2172 4484 2312 4556 μετά
2335 4483 2537 4552 πολλῆς
2576 4482 2894 4553 προσθήκης
2919 4481 3121 4535 ἔκτισιν
3144 4485 3436 4556 ἑπομένην,
3471 4488 3743 4562 θαρρῆσαι

2170 4572 2566 4645 παρασκευάσῃ
2602 4572 2729 4640 περὶ
2773 4570 2868 4624 106
2901 4571 3112 4625 δανείου
3137 4575 3232 4627 καὶ
3264 4574 3360 4628 τοῦ
3401 4577 3612 4643 τέλους,
3648 4584 3740 4635 καὶ

2171 4662 2308 4732 μετά
2358 4660 2600 4723 πλείονος
2651 4660 2931 4730 δαψιλείας
2969 4662 3330 4733 ἐκκαλέσηται
3376 4666 3476 4737 τὴν
3522 4667 3742 4740 ἐλεημο-

2170 4751 2354 4820 σύνην.
2388 4749 2484 4813 Τίς
2513 4748 2642 4819 γὰρ,
2675 4749 2794 4802 εἰπέ
2829 4767 2939 4820 μοι,
2973 4749 3180 4820 μέλλων
3207 4752 3740 4811 ἑκατονταπλασίονα

2166 4838 2481 4908 λαμϐάνειν,
2508 4836 2600 4889 καί
2628 4836 2845 4908 θαρρῶν
2865 4837 3082 4901 πάντως
3111 4838 3254 4910 ὑπὲρ
3281 4841 3381 4911 τῆς
3405 4843 3735 4908 ἀποδόσεως,

2165 4926 2284 4995 ούχὶ
2317 4925 2383 4978 τὰ
2402 4925 2578 4977 πάντα
2608 4926 2937 4995 προήσεταις

2237 5012 2326 5081 Μὴ
2353 5013 2529 5065 τοίνυν
2569 5009 2877 5080 φειδώμεθα
2927 5011 3248 5080 χρημάτων,
3293 5015 3496 5084 μᾶλλον
3528 5017 3585 5070 δέ
3617 5037 3734 5088 φει-

2164 5095 2381 5166 δώμεθα
2403 5095 2507 5149 τῶν
2529 5095 2826 5165 χρημάτων
2845 5110 2859 5124 ·
2889 5096 2916 5146 ὁ
2946 5096 3054 5166 γάρ
3083 5097 3396 5168 φειδόμενος
3421 5100 3532 5154 τῶν
3550 5102 3733 5167 ὄντων,

2164 5182 2243 5244 είς
2267 5179 2365 5241 τάς
2401 5179 2510 5231 τῶν
2550 5180 2792 5249 πενήτων
2818 5182 3006 5251 χεῖρας
3037 5181 3174 5234 αὐτά
3204 5182 3611 5250 ἐναποτίθεται,
3655 5189 3734 5250 εἰς

2162 5264 2252 5316 τὸν
2274 5262 2467 5316 ἄσυλον
2497 5261 2786 5331 θησαυρὸν.
2820 5265 2913 5315 καλ⁵
2956 5263 3180 5336 λῃσταῖς
3224 5265 3318 5318 καὶ
3355 5267 3598 5330 οἰκέταις
3643 5270 3734 5320 καὶ

2164 5347 2525 5414 συκοφάνταις
2547 5345 2872 5415 κακούργοις
2889 5349 2983 5399 καὶ
3001 5347 3200 5411 πάσαις
3213 5348 3424 5416 ἐφόδοις
3439 5350 3730 5402 ἀνάλωτον.

2163 5430 2311 5503 [267]
2338 5431 2398 5484 Εἰ
2427 5430 2482 5483 δὲ
2515 5431 2800 5484 καὶταῦτα
2831 5429 3042 5484 ἀκούων
3061 5433 3238 5497 ὀκνεῖς
3265 5432 3532 5503 προέσθαι
3553 5450 3602 5486 τι
3627 5434 3733 5485 τῶν

2158 5515 2347 5576 ὄντων,
2378 5513 2473 5566 καὶ
2491 5511 2613 5566 οὔτε
2631 5514 2691 5566 τὸ
2714 5515 3242 5570 ἑκατονταπλασίονα
3271 5516 3590 5572 ἀπολαϐεῖν.
3609 5515 3730 5569 οὔτε

2159 5603 2189 5667 η
2225 5596 2318 5650 106
2353 5597 2582 5667 πένητος
2608 5597 2881 5668 συμφορά,
2913 5597 3037 5652 οὔτε
3074 5598 3202 5653 ἄλλο
3236 5599 3391 5653 οὐδὲν
3423 5599 3731 5670 ἐπικάμψαι

2161 5699 2218 5734 σε
2243 5681 2555 5750 δυνήσεται,
2609 5680 2926 5747 ἀναλόγισαι
2956 5682 3022 5734 τά
3055 5683 3590 5754 πεπλημμελημένα
3613 5701 3692 5734 σοι
3715 5697 3728 5710 ο

2157 5764 2365 5817 εἴσελθε
2394 5765 2471 5827 είς
2496 5765 2556 5816 1’)
2592 5763 2830 5826 συνειδὸς
2851 5763 2960 5816 τῶν
2982 5764 3202 5835 άμαρτη
3213 5767 3420 5836 μάτων,
3448 5769 3627 5820 πᾶσαν
3654 5765 3731 5830 ἐξ·

2159 5848 2345 5903 έτασόν
2373 5865 2462 5901 σου
2487 5847 2581 5920 τὴν
2608 5846 2779 5918 ζωήψ
2801 5848 3081 5919 κατάμαθέ
3107 5864 3200 5902 σου
3226 5848 3293 5903 τά
3315 5849 3730 5922 παραπτώματα
