3990 6358
114 472 217 527 277

115 590 281 641 rimus
310 582 533 637 allicere
558 581 815 635 auxilium
845 580 1096 650 Spiritus,
1122 584 1274 650 eique
1298 580 1622 650 persuadere
1654 591 1711 633 ut

116 680 255 746 apud
285 691 388 730 nos
415 690 633 729 manere
665 674 829 728 velit?
869 674 972 728 Per
997 690 1160 744 opera
1194 675 1331 728 bona
1359 684 1414 728 et
1453 673 1711 743 optimam

118 768 330 824 vivendi
373 767 656 822 rationem.
702 766 853 821 Sicut
899 766 1041 821 enim
1086 765 1320 821 lucernae
1359 764 1541 819 lumen
1589 763 1713 818 oleo

116 862 399 924 retinetur,
417 868 471 913 et
486 868 804 927 consumpto
826 873 891 913 eo
912 858 1082 926 ipsum
1100 872 1312 928 quoque
1336 872 1435 912 una
1457 872 1712 912 consum-

118 965 263 1023 ptum
295 950 574 1006 evanescit
604 950 705 1004 :ita
732 950 892 1003 etiam
922 949 1150 1018 Spiritus
1178 948 1370 1018 gratia,
1389 948 1515 1002 dum
1548 947 1713 1001 habe-

118 1060 233 1098 mus
282 1058 451 1112 opera
494 1042 670 1108 boua,
715 1047 770 1094 et
815 1040 1021 1094 crebris
1070 1040 1430 1109 eleemosynis
1478 1040 1712 1093 animam

116 1139 377 1207 rigamus,
404 1144 585 1189 manet
607 1150 712 1188 non
736 1133 894 1187 aliter
914 1149 1072 1203 quam
1096 1133 1307 1186 flamma
1331 1135 1451 1187 oleo
1474 1143 1711 1188 retenta:

116 1244 232 1299 quae
258 1229 305 1282 si
330 1243 440 1281 nou
469 1226 669 1292 adsint,
695 1226 897 1281 recedit
922 1241 953 1279 a
982 1225 1134 1279 nobis
1155 1235 1209 1279 et
1229 1225 1368 1290 abit;
1392 1225 1533 1295 quod
1553 1225 1715 1280 etiam

117 1320 357 1389 quinque
379 1317 483 1371 illis
512 1316 808 1385 virginibus
828 1315 1272 1369 accidit.Etenim
1301 1315 1406 1369 illae
1430 1324 1549 1385 post
1576 1316 1716 1369 mul-

120 1421 201 1464 tos
232 1408 454 1463 labores
480 1422 544 1461 ac
570 1406 792 1461 sudores
813 1446 828 1470 ,
857 1422 977 1459 cum
1010 1406 1210 1460 nullum
1240 1406 1501 1462 haberent
1529 1422 1594 1462 ex
1622 1424 1715 1461 sua

118 1501 450 1570 benignitate
478 1498 783 1569 praesidium
811 1539 825 1564 ,
860 1514 964 1551 non
998 1508 1285 1568 potuerunt
1312 1498 1453 1568 apud
1493 1514 1551 1554 se
1592 1500 1718 1554 reti-

118 1608 245 1647 nere
288 1591 522 1662 Spiritus
544 1578 769 1661 gratiam
807 1608 819 1644 :
852 1600 1013 1660 atque
1066 1590 1189 1645 ideo
1236 1599 1361 1646 sunt
1405 1606 1435 1645 a
1482 1591 1717 1647 thalamo

116 1687 380 1757 repulsae,
417 1700 715 1755 vocemque
744 1685 888 1738 illam
921 1684 1212 1739 terribilem
1243 1684 1530 1740 audierunt
1570 1704 1582 1738 :
1622 1684 1715 1739 Di-

117 1782 325 1844 scedite,
349 1795 452 1833 non
473 1779 587 1832 novi
609 1795 695 1832 vos
722 1777 933 1849 (Matth.
970 1777 1060 1834 25.
1087 1778 1174 1847 1‘2)
1200 1794 1351 1849 :qua:
1373 1780 1454 1834 vel
1472 1779 1715 1849 gehenna

118 1871 212 1924 fuit
239 1870 459 1941 gravior
480 1888 496 1935 ;
519 1878 738 1939 propter
758 1868 861 1924 hoc
881 1870 1040 1924 etiam
1063 1869 1242 1924 stultae
1266 1879 1392 1924 sunt
1415 1871 1713 1941 appellate;

120 1971 175 2015 et
216 1962 417 2015 merito
448 1978 461 2014 :
494 1960 747 2032 quoniam
786 1976 906 2014 cum
952 1961 1356 2031 impotentiores
1398 1962 1718 2032 cupiditates

118 2053 396 2117 vicissent,
422 2067 453 2107 a
493 2038 670 2107 minus
706 2052 879 2107 valida
917 2061 1041 2107 sunt
1080 2054 1253 2108 victae.
1288 2053 1443 2119 Vide,
1485 2068 1667 2123 quaeso
1699 2071 1713 2107 :

120 2154 330 2199 natura:
378 2146 685 2201 violentiam
725 2155 1141 2217 superaverunt,
1183 2147 1422 2201 rabidam
1454 2147 1716 2202 insaniam

118 2236 467 2293 frenaveruut
495 2280 511 2305 ,
543 2238 850 2308 cupidinum
882 2238 1077 2293 ﬂuctus
1102 2237 1423 2294 sedaveruut
1445 2281 1459 2303 ,
1491 2239 1544 2293 in
1576 2253 1715 2294 terra

119 2331 381 2399 degentes
407 2331 705 2400 angelicam
733 2330 894 2384 vitam
924 2330 1206 2395 vixerunt,
1245 2344 1472 2399 corpore
1513 2330 1717 2384 vestitae

120 2421 476 2490 incorporeas
516 2421 741 2476 virtutes
780 2422 1043 2476 aemulata:
1084 2431 1245 2488 sunt,
1292 2430 1347 2476 et
1386 2429 1504 2490 post
1544 2431 1717 2476 tantos

118 2512 332 2566 labores
374 2528 721 2581 pecuniarum
762 2512 1105 2582 cupiditatem
1153 2527 1257 2568 non
1290 2521 1714 2582 superaverunt,

118 2604 297 2657 stultae
331 2619 518 2657 revera
551 2612 605 2658 et
629 2603 917 2658 insensatan
945 2622 959 2658 :
988 2613 1316 2675 quapropter
1335 2620 1404 2658 ne
1426 2606 1579 2659 venia
1600 2606 1718 2674 qui-

117 2695 237 2748 dem
278 2693 460 2765 dignae
496 2707 620 2750 sunt
659 2695 874 2750 habitae.
905 2695 1111 2765 Lapsus
1137 2696 1279 2750 enim
1310 2712 1496 2752 earum
1531 2710 1716 2750 socor-

115 2786 215 2840 dial:
246 2788 347 2841 fuit
370 2788 539 2842 solius
575 2806 588 2843 :
619 2803 739 2858 quae
768 2788 910 2842 enim
942 2788 994 2842 in
1026 2796 1170 2841 tanta
1203 2787 1413 2842 ﬁanuna
1446 2788 1717 2843 fornacem

116 2888 404 2948 potuerant
432 2879 741 2948 cupidinum
762 2880 1122 2951 exstinguere,
1151 2889 1205 2934 et
1240 2881 1374 2934 ultra
1396 2889 1545 2950 septa
1577 2892 1720 2933 tran-

117 2971 406 3032 silieraut.
452 2981 507 3025 et
552 2971 708 3040 plura
748 2986 907 3041 quam
946 2970 1110 3040 jussae
1154 2980 1308 3027 erant
1360 2972 1720 3041 praestiterant

121 3062 288 3134 (nulla
332 3063 477 3117 enim
517 3063 601 3117 lex
652 3063 1009 3135 virginitatem
1053 3063 1295 3133 praecipit
1337 3079 1350 3115 :
1391 3064 1573 3118 liberae
1615 3063 1719 3118 hoc

115 3153 380 3208 voluntati
409 3153 712 3209 auditorum
741 3153 1103 3226 relinquitur),
1140 3163 1259 3225 post
1288 3154 1403 3209 haec
1429 3154 1606 3209 omnia
1633 3156 1715 3207 vi—

117 3254 212 3300 ctae
240 3254 373 3299 sunt
409 3260 443 3299 a
473 3245 692 3314 pecunia
726 3264 737 3301 :
771 3261 878 3316 quo
913 3246 1038 3316 quid
1068 3262 1187 3302 esse
1232 3247 1585 3302 miserabilius
1625 3263 1719 3317 po-

118 3345 252 3404 test,
296 3336 345 3390 si
374 3348 595 3406 propter
625 3338 900 3406 paululum
943 3339 1150 3409 argenti
1187 3354 1442 3394 coronam
1478 3355 1509 3395 e
1543 3342 1720 3409 capite

118 3429 452 3498 projiciant?
482 3429 605 3484 llaec
631 3428 774 3495 dico,
802 3445 909 3483 non
939 3428 1081 3499 quod
1108 3444 1297 3485 manus
1325 3432 1588 3501 virginum
1610 3431 1719 3485 dis-

118 3524 323 3578 solvam
350 3565 366 3590 ,
399 3538 576 3593 neque
603 3523 744 3594 quod
767 3524 1127 3595 virginitatem
1167 3525 1510 3596 exstinguere
1534 3526 1717 3591 velim,

119 3615 210 3669 sed
239 3629 313 3669 ne
354 3614 616 3670 inutiliter
640 3627 890 3684 currant,
925 3634 991 3672 ne
1030 3627 1152 3687 post
1194 3618 1453 3688 plurimos
1494 3619 1719 3676 sudores

118 3723 320 3762 corona
344 3708 567 3777 privatae
590 3717 645 3763 et
672 3709 875 3777 pudore
903 3711 1074 3779 plena:
1103 3726 1169 3765 ex
1208 3726 1371 3767 arena
1413 3711 1712 3768 discedant.

121 3799 269 3854 Bona
314 3816 406 3856 res
453 3811 532 3856 est
575 3803 880 3872 virginitas,
910 3812 964 3858 et
991 3804 1162 3873 majus
1187 3819 1345 3873 quam
1386 3820 1484 3874 pro
1513 3815 1715 3861 naturae

118 3894 326 3948 viribus
354 3894 605 3948 meritum
640 3912 652 3948 :
687 3895 780 3950 sed
808 3896 947 3949 bona
973 3894 1088 3950 haec
1113 3911 1202 3951 res
1231 3905 1285 3951 et
1310 3912 1499 3967 magna
1538 3906 1591 3952 et
1618 3914 1717 3951 na-

119 3994 299 4039 turam
329 4000 615 4055 superans,
642 3988 741 4041 nisi
767 3987 1143 4057 benignitatem
1173 3987 1366 4043 habeat
1386 3988 1713 4058 adjunctam,

118 4094 186 4133 ne
232 4079 290 4131 in
338 4079 660 4139 vestibulum
709 4080 923 4149 quidem
972 4079 1190 4134 thalami
1241 4081 1447 4151 ingredi
1498 4083 1715 4150 poterit.

119 4172 297 4240 Atque
322 4170 408 4224 hic
435 4170 567 4225 mibi
597 4171 878 4227 considera
906 4172 1250 4243 benignitatis
1276 4174 1383 4227 vim
1407 4182 1461 4229 et
1483 4174 1715 4229 eleemo-

118 4280 266 4335 syuan
292 4265 605 4332 potentiam.
631 4265 919 4335 Virginitas
940 4265 1057 4320 sine
1079 4266 1423 4338 eleemosyna
1451 4283 1518 4323 ne
1548 4268 1600 4321 in
1628 4283 1718 4323 ve-

119 4356 380 4410 stibulum
415 4358 630 4427 quidem
662 4356 882 4411 thalami
914 4358 1208 4427 perducere
1236 4360 1447 4431 potuit;
1476 4360 1715 4416 eleemo-

119 4461 250 4518 syna
298 4462 430 4501 vero
480 4448 562 4501 vel
609 4450 725 4504 sine
770 4449 1074 4519 virginitate
1120 4450 1366 4506 alumnos
1417 4467 1546 4506 suos
1594 4467 1715 4508 cum

119 4554 314 4608 magna
344 4538 503 4593 laude
535 4539 586 4593 in
618 4555 842 4609 regnum
870 4549 995 4596 ante
1038 4541 1314 4596 conditum
1354 4544 1541 4597 orbem
1582 4560 1718 4613 prac-

122 4640 368 4696 paratum
392 4646 551 4685 manu
576 4630 809 4687 deducit.
836 4632 929 4687 liae
950 4632 1213 4703 siquidem
1237 4635 1486 4704 quoniam
1516 4635 1714 4703 largam

121 4725 524 4794 eleemosynam
548 4742 653 4778 non
677 4724 1053 4792 exbibuerant,
1076 4726 1362 4781 audierunt
1387 4744 1400 4780 :
1422 4728 1589 4795 Abite,
1616 4746 1718 4783 non

122 4821 236 4870 navi
258 4834 347 4871 vos
379 4832 399 4872 :
429 4817 506 4870 illi
543 4832 671 4872 vero
697 4819 785 4887 qui
825 4820 1092 4873 sitientem
1123 4829 1438 4889 potaverunt
1458 4862 1473 4887 ,
1502 4830 1556 4875 et
1595 4837 1717 4875 esu-

121 4908 351 4962 rientem
379 4908 628 4962 aluerunt
655 4909 923 4964 Christum
942 4951 958 4976 ,
988 4911 1196 4966 tametsi
1225 4912 1577 4982 virginitatem
1610 4930 1713 4967 non

126 5000 436 5069 proferrent
479 5002 533 5055 in
577 5002 836 5067 medium,
880 5003 1206 5058 audierunt:
1245 5003 1439 5072 Venite,
1471 5005 1717 5060 benedicti

125 5089 302 5145 Patris
330 5092 427 5145 mei
447 5135 460 5159 ,
496 5094 746 5160 possidete
776 5111 985 5165 regnum
1014 5106 1250 5164 paratum
1289 5097 1424 5151 vobis
1462 5115 1494 5150 a
1531 5100 1718 5151 consti-

121 5184 315 5237 tutione
361 5185 539 5236 mundi
588 5182 767 5253 (Ibid.
799 5201 846 5239 υ.
876 5186 946 5241 54
971 5185 1014 5257 ).
1067 5186 1133 5241 Ει
1175 5189 1402 5242 merito:
1433 5189 1521 5256 qui
1573 5192 1715 5244 enim

126 5272 489 5344 virginitatem
519 5284 726 5342 servat,
770 5284 824 5330 et
861 5276 1071 5346 jejunat
1093 5318 1109 5341 ,
1139 5278 1237 5332 sibi
1282 5279 1379 5349 ipsi
1419 5279 1562 5334 utils
1589 5290 1671 5336 est
1699 5298 1712 5333 :

121 5368 207 5433 qui
227 5380 360 5419 vero
375 5366 679 5433 miseretur,
698 5369 997 5423 communis
1013 5378 1095 5422 est
1109 5369 1487 5441 naufragorum
1508 5381 1713 5441 portus,

125 5458 490 5525 proximorum
516 5470 881 5531 paupertatem
907 5461 1213 5528 sublevans,
1231 5472 1286 5518 et
1307 5465 1493 5518 alienis
1529 5478 1716 5520 neces-

126 5550 373 5609 sitatibus
398 5566 739 5607 succurrens.
763 5552 1027 5609 Caeterum
1047 5570 1114 5609 ex
1138 5554 1431 5610 benefactis
1449 5573 1718 5625 qua'cum-

124 5659 223 5713 que
243 5644 314 5700 ad
335 5646 560 5701 aliorum
581 5648 861 5703 utilitatem
885 5648 1036 5713 ﬁunt,
1056 5663 1119 5705 ea
1140 5650 1475 5719 potissimum
1501 5650 1714 5707 laudem

127 5738 420 5804 promereri
453 5740 649 5793 solent.

192 5830 245 5885 7.
285 5829 413 5894 Quae
439 5841 690 5902 precepta
713 5831 824 5886 Deo
847 5849 982 5887 curae
1006 5834 1105 5886 sint
1132 5850 1237 5902 pra:
1260 5834 1470 5889 caeteris.
1494 5834 1716 5906 Virgini-

127 5923 239 5979 tatis
266 5922 511 5993 dignitas.
538 5954 605 5962 —
636 5924 701 5979 Et
732 5935 787 5980 ut
816 5924 951 5981 scias
984 5925 1102 5981 talia
1132 5935 1391 5996 prarccj‘ta
1418 5943 1525 5998 pne
1554 5937 1711 5984 caete—

796 469 882 525 DE
924 467 1171 523 VERBIS
1214 467 1569 535 APOSTOLI,
1614 464 1976 523 HABENTES
2017 467 2305 524 EUMDEM
2344 465 2686 524 SPlRlTUM.
2728 466 2770 524 1.

3308 471 3413 528 278

1824 579 1899 633 ris
1930 579 2038 634 Deo
2063 595 2205 635 cura:
2227 594 2346 635 esse
2363 621 2377 645 ,
2408 580 2476 635 de
2500 579 2705 650 jejunio
2734 589 2788 636 et
2816 581 3116 651 virginitate
3141 582 3414 640 disserens

1819 671 1967 741 regni
1997 672 2249 727 caelorum
2283 673 2523 728 meminit
2552 690 2566 727 :
2600 674 2689 728 ubi
2723 688 2850 729 vero
2888 673 2956 729 de
2993 675 3329 746 eleemosyna
3359 686 3416 731 et

1821 762 2139 819 liberalitate
2167 764 2309 834 agit,
2342 774 2396 820 et
2421 774 2478 819 ut
2503 781 2604 820 nos
2632 765 3008 821 misericordes
3036 766 3411 832 exhibeamus,

1822 856 2081 926 pI'mClpit,
2113 855 2271 925 longe
2297 857 2527 926 amplius
2555 872 2715 927 quam
2740 872 2963 928 regnum
2994 858 3245 912 caelorum
3280 874 3415 927 pra:-

1821 947 1984 1000 miutn
2008 947 2256 1017 proponit
2284 964 2300 1002 :
2329 946 2397 1003 Ut
2424 948 2580 1016 ﬁatis,
2607 948 2796 1019 inquit.
2824 950 3013 1002 similes
3042 948 3214 1004 Patris
3242 949 3412 1011 vestri,

1821 1040 1908 1108 qui
1931 1041 1984 1094 in
2009 1041 2147 1095 caelis
2173 1051 2244 1094 est
2274 1041 2488 1110 (Matth.
2520 1041 2575 1096 5.
2603 1041 2719 1109 45).
2770 1042 2879 1097 Illae
2908 1042 3050 1097 enim
3078 1043 3413 1111 potissimum

1824 1132 1968 1201 leges
2000 1131 2271 1188 hominem
2316 1134 2545 1188 similem
2591 1134 2699 1190 Deo
2740 1134 2990 1200 reddunt,
3022 1145 3279 1203 quatenus
3305 1135 3414 1189 Deo

1822 1223 2049 1278 similem
2092 1224 2205 1278 ﬁeri
2244 1224 2515 1278 hominem
2559 1224 2701 1290 licet,
2732 1241 2852 1296 quae
2879 1225 2943 1279 ad
2976 1225 3238 1295 publicam
3271 1226 3414 1280 utili-

1823 1324 1985 1370 tatem
2018 1315 2235 1373 faciunt.
2269 1316 2335 1370 Et
2357 1315 2459 1371 hoc
2480 1315 2783 1387 signiﬁcans
2814 1314 3057 1371 Christus
3078 1317 3206 1371 dicit
3238 1335 3252 1372 :
3283 1316 3415 1384 Quia

1820 1408 1978 1462 solem
2018 1425 2165 1462 suum
2211 1409 2333 1463 oriri
2375 1409 2496 1478 facit
2533 1426 2685 1478 super
2726 1410 2879 1463 bonos
2906 1426 2966 1462 ac
2992 1410 3184 1471 malos,
3213 1418 3258 1463 et
3286 1407 3416 1478 pluit

1821 1518 1973 1571 super
1988 1502 2157 1572 justas
2180 1516 2239 1553 ac
2264 1501 2500 1573 injustas.
2548 1500 2623 1555 Ita
2652 1516 2748 1555 vos
2783 1516 2994 1571 quoque
3022 1516 3118 1570 pro
3147 1516 3240 1555 sua
3267 1501 3415 1570 quis-

1822 1608 1925 1662 que
1950 1593 2087 1647 virili
2117 1592 2455 1647 facultatibus
2486 1594 2682 1647 vestris
2723 1593 2776 1647 in
2815 1608 3154 1649 communem
3193 1592 3416 1649 fratrum

1824 1684 2102 1737 utilitatem
2135 1684 2365 1750 utendo,
2408 1684 2687 1738 imitamini
2720 1700 2842 1739 eum
2870 1685 2957 1755 qui
2987 1685 3123 1739 bona
3159 1700 3252 1739 sua
3289 1701 3420 1755 pro-

1826 1776 1972 1843 ponit
1992 1790 2061 1829 ex
2085 1790 2241 1844 aequo
2262 1774 2533 1829 omnibus.
2567 1774 2759 1845 Ingens
2785 1784 2867 1829 est
2893 1775 3211 1845 virginitatis
3239 1777 3416 1846 digni-

1823 1878 1925 1935 tas,
1956 1867 2184 1939 ideoque
2209 1869 2356 1923 illam
2383 1868 2673 1923 admodum
2698 1870 2804 1923 coli
2845 1879 2899 1924 et
2937 1868 3195 1924 celebrari
3234 1869 3415 1939 cupio.

1824 1964 1919 2019 Est
1954 1965 2095 2019 enim
2129 1964 2360 2035 dignitas
2388 1965 2722 2035 virginitatis,
2758 1979 2861 2019 non
2890 1965 3059 2018 solum
3099 1963 3418 2018 abstinerea

1821 2055 2061 2125 nuptiis,
2105 2071 2290 2111 verum
2336 2057 2496 2110 etiam
2544 2056 2831 2125 benignum
2883 2070 3042 2122 esse,
3093 2064 3148 2109 ct
3195 2055 3416 2109 fratrum

1821 2157 2111 2214 amantem,
2135 2157 2187 2202 et
2218 2162 2443 2217 pronum
2467 2146 2533 2201 ad
2563 2140 3104 2203 commiserationem.
3122 2147 3249 2214 Qua;-
3275 2147 3417 2202 enim

1822 2248 1905 2295 est
1936 2239 2140 2294 utilitas
2164 2239 2485 2308 virginitatis
2511 2254 2631 2292 cum
2660 2238 3015 2293 crudelitate?
3041 2237 3164 2307 quid
3194 2238 3324 2292 lucri
3352 2253 3418 2292 cx

1826 2333 2176 2402 temperantia
2225 2347 2346 2387 cum
2392 2330 2783 2386 inhumanitate
2826 2330 3151 2399 conjuncta?
3196 2329 3313 2383 Non
3359 2343 3420 2383 es

1822 2436 1976 2496 capta
2004 2440 2289 2495 corporum
2322 2424 2776 2495 concupiscentia,
2813 2421 2907 2475 sed
2934 2430 3087 2491 capta
3117 2435 3176 2476 es
3209 2419 3420 2489 cupidi-

1827 2528 1933 2573 tate
1961 2518 2307 2588 pecuniarum
2340 2531 2487 2572 :nou
2533 2531 2592 2571 es
2632 2516 2892 2571 admirata
2930 2514 3159 2568 hominis
3205 2513 3415 2578 faciem,

1824 2610 1919 2665 sed
1942 2610 2201 2664 admirata
2244 2623 2304 2663 es
2345 2608 2462 2662 auri
2502 2607 2951 2677 pulchritudinem
2987 2624 3000 2661 :
3035 2608 3288 2675 majorem
3319 2604 3419 2658 ad-

1824 2702 2114 2757 versarium
2146 2701 2347 2765 vicisti,
2380 2698 2475 2753 sed
2511 2697 2704 2751 minori
2748 2707 2803 2751 et
2848 2695 3183 2752 imbecilliori
3228 2710 3419 2751 succu-

1823 2794 2004 2850 buisti.
2054 2795 2230 2862 Atque
2269 2792 2388 2847 idco
2435 2791 2641 2860 turpius
2684 2790 2821 2844 victa
2866 2806 2960 2854 es;
3007 2787 3128 2843 ideo
3168 2804 3235 2842 ne
3264 2788 3417 2840 vcnia

1822 2885 2037 2956 quidem
2064 2885 2222 2954 digna
2261 2898 2320 2938 es
2338 2925 2353 2949 ,
2385 2883 2633 2937 videlicet
2656 2898 2776 2951 qua:
2804 2890 3004 2935 tantam
3031 2881 3135 2934 vim
3162 2879 3420 2933 sustinui-

1823 2978 1913 3043 sti,
1939 2984 1992 3032 et
2020 2977 2278 3031 adversus
2308 2977 2479 3045 ipsam
2508 2986 2751 3028 naturam
2800 2974 3042 3043 pugnasti
3072 3012 3087 3038 ,
3133 2971 3201 3025 ab
3243 2971 3422 3024 avari-

1826 3070 1896 3124 tia
1943 3083 2072 3124 vero
2118 3078 2417 3138 expugnata
2461 3081 2519 3122 es
2545 3107 2560 3133 ,
2596 3080 2752 3134 quam
2794 3075 2847 3119 et
2889 3064 3151 3133 mancipia
3177 3078 3419 3133 saepenu-

1823 3174 1974 3216 mero
1999 3202 2013 3225 ,
2052 3168 2106 3215 et
2139 3158 2349 3215 barbari
2382 3158 2624 3213 homines
2654 3157 2876 3211 minimo
2912 3154 3129 3226 negotio
3164 3169 3420 3225 superare

1824 3259 2132 3324 potuerunt.

1895 3344 1949 3399 8.
1980 3343 2107 3397 Haec
2131 3342 2291 3413 igitur
2315 3339 2493 3396 omnia
2518 3338 2749 3395 scientes
2773 3380 2789 3406 ,
2817 3336 3032 3404 dilecti,
3064 3337 3177 3392 sive
3206 3336 3258 3389 in
3283 3350 3419 3390 con-

1819 3437 1988 3507 jugio,
2032 3436 2145 3491 sive
2185 3435 2239 3489 in
2279 3433 2581 3504 virginitate
2623 3432 2899 3501 degentes.
2930 3444 3121 3500 magna
3145 3428 3415 3498 diligentia

1823 3530 2220 3599 eleemosynam
2257 3539 2628 3590 exerceamus,
2658 3521 3088 3594 quandoquidem
3127 3520 3268 3574 nulla
3310 3518 3414 3573 alia

1824 3621 2032 3675 ratione
2072 3621 2191 3674 licet
2230 3618 2299 3673 ad
2334 3633 2555 3688 regnum
2584 3617 2839 3672 caelorum
2872 3614 3169 3685 pervenire.
3211 3613 3340 3667 Nam
3372 3612 3418 3667 si

1824 3713 2100 3784 virginitas
2130 3711 2332 3780 absque
2374 3709 2715 3779 eleemosyua
2758 3707 2824 3763 ad
2866 3722 3089 3778 regnum
3118 3720 3222 3761 non
3252 3706 3418 3759 valuit

1823 3806 2137 3878 perducere,
2179 3804 2447 3875 quodnam
2490 3803 2634 3857 aliud
2679 3801 3014 3857 benefactum
3061 3800 3165 3855 hoc
3203 3799 3420 3855 efﬁcere

1824 3900 1942 3954 sine
1968 3898 2066 3951 hac
2088 3895 2323 3968 poterit?
2348 3894 2594 3951 Profecto
2617 3893 2842 3949 nullum.
2879 3892 3015 3947 Toto
3036 3891 3195 3962 igitur
3214 3891 3415 3954 animo,

1826 3992 2054 4061 totisque
2081 3989 2280 4043 viribus
2312 3988 2486 4043 oleum
2514 3984 2847 4039 aﬁ‘undamus
2887 3983 3221 4052 lampadibus
3262 3982 3420 4051 idque

1823 4082 2038 4154 largiter
2080 4095 2143 4135 ac
2190 4079 2585 4140 indesinenter,
2621 4085 2676 4129 ut
2705 4076 2875 4129 hilare
2900 4089 2962 4127 ac
2990 4074 3195 4144 largum
3237 4073 3416 4127 lumen

1825 4183 2152 4246 permaneat.
2181 4172 2290 4227 Nec
2314 4185 2606 4243 pauperem
2644 4168 2897 4237 respicias
2926 4167 3298 4236 accipientem,
3322 4165 3418 4219 scd

1826 4268 1993 4323 Deum
2024 4264 2355 4321 redditurum
2391 4279 2404 4315 :
2438 4276 2545 4316 non
2575 4275 2698 4315 eum
2725 4259 2817 4329 qui
2845 4258 3038 4328 stipem
3070 4256 3290 4325 accipit,
3323 4254 3417 4309 sed

1823 4373 1945 4414 eum
1971 4357 2061 4427 qui
2088 4372 2148 4412 se
2180 4355 2272 4409 tibi
2292 4352 2590 4410 debitorem
2612 4351 2832 4421 obligat.
2861 4349 2994 4405 Nam
3022 4348 3143 4403 ideo
3166 4348 3301 4402 alius
3325 4364 3415 4401 ac-

1824 4454 1971 4521 cipit,
1999 4451 2132 4506 alius
2163 4448 2358 4515 reddit,
2389 4455 2447 4502 ut
2467 4445 2779 4515 accipientis
2810 4452 3095 4515 paupertas
3123 4451 3179 4497 et
3205 4441 3419 4497 calami-

1824 4554 1907 4599 tas
1926 4542 1991 4598 ad
2013 4540 2433 4597 miscricordiam
2456 4547 2509 4593 te
2531 4536 2751 4592 ﬂectant;
2773 4550 2837 4591 ac
2855 4534 3376 4589 commiserationern
3402 4551 3414 4586 :

1822 4636 2020 4691 divitia:
2039 4648 2168 4689 vero
2200 4630 2292 4686 Dei
2318 4629 2595 4695 reddituri,
2624 4626 2960 4696 fidejubentis
2988 4625 3147 4680 etiam
3174 4639 3293 4677 cum
3322 4639 3417 4674 au-

1822 4726 1994 4781 ctario
2021 4724 2343 4779 solutionem
2374 4719 2626 4784 futuram,
2657 4716 2914 4787 majorem
2947 4714 3038 4769 tibi
3068 4713 3135 4768 de
3161 4711 3336 4766 fructu
3365 4719 3420 4765 et

1824 4832 1982 4872 usura
2030 4814 2277 4869 fiduciam
2326 4811 2541 4877 indant,
2592 4817 2640 4865 et
2692 4807 2760 4863 ad
2808 4806 3087 4877 largiorem
3122 4805 3419 4873 eleemosy-

1824 4925 1947 4964 nam
1976 4914 2284 4978 provocent.
2312 4903 2441 4969 Quis
2466 4901 2631 4965 enim,
2656 4913 2808 4970 rogo,
2837 4898 3142 4966 centuplum
3171 4904 3418 4962 receptu-

1826 5016 1949 5065 rus,
1982 5008 2038 5052 et
2063 4999 2130 5052 de
2159 4994 2464 5064 recipiendo
2495 5006 2750 5058 securus,
2784 5003 2890 5044 non
2917 4988 3094 5042 omnia
3123 5000 3218 5040 sua
3245 4984 3419 5040 libens

1823 5090 2044 5161 eroget?

1896 5183 2195 5239 Cohortatur
2249 5180 2318 5234 ad
2375 5179 2741 5248 elemosynam
2797 5169 3201 5242 imperdendam.
3232 5200 3301 5211 —-
3343 5169 3419 5225 Nc

1824 5278 1985 5348 igitur
2025 5291 2302 5347 parcamus
2339 5272 2611 5343 pecuniae,
2646 5271 2752 5324 imo
2778 5281 2909 5322 vero
2938 5280 3221 5336 parcamus
3256 5280 3419 5333 pecu.

1827 5372 1929 5425 nia:
1957 5388 1972 5424 :
2002 5384 2122 5423 nam
2156 5368 2246 5439 qui
2291 5365 2630 5419 facultatibus
2654 5362 2766 5417 suis
2801 5358 2998 5429 parcit,
3037 5358 3090 5412 in
3120 5371 3414 5427 pauperum

1826 5480 2014 5519 manus
2043 5478 2135 5517 eas
2163 5460 2413 5530 deponit,
2443 5458 2494 5511 in
2526 5456 2834 5511 thesaurum
2865 5459 3284 5514 sacrosanctum,
3309 5464 3416 5518 quo

1827 5572 1928 5612 nec
1950 5558 2205 5617 latrones,
2238 5568 2336 5609 nec
2359 5551 2520 5616 servi,
2550 5563 2650 5603 nec
2674 5544 3018 5619 sycophanta:
3041 5542 3293 5606 maleﬁci,
3314 5556 3413 5594 nec

1825 5651 1948 5706 ullae
1996 5648 2300 5703 mortalium
2347 5644 2552 5700 insidiae
2592 5651 2873 5713 penetrare
2914 5638 3142 5701 valeant.
3188 5633 3339 5703 Quod
3364 5632 3411 5687 si

1824 5742 1985 5797 etiam
2030 5739 2115 5794 his
2152 5736 2346 5791 auditis
2382 5736 2524 5806 piget
2565 5743 2617 5787 te
2652 5748 2683 5787 e
2719 5731 2874 5786 bonis
2897 5729 3001 5784 tuis
3025 5724 3264 5783 nonnihil
3290 5738 3411 5777 ero-

1822 5850 1971 5906 gare,
2014 5842 2069 5889 et
2113 5845 2286 5902 neque
2327 5829 2632 5897 centuplum
2664 5823 3050 5895 recipiendum,
3078 5833 3249 5889 neque
3275 5830 3410 5887 pau-

1826 5927 1967 5999 peris
1995 5927 2297 5995 calamitas,
2325 5936 2495 5993 neque
2520 5919 2660 5977 aliud
2688 5920 2972 5991 quidquam
2999 5917 3212 5973 flectere
3242 5921 3292 5968 tc
3317 5922 3415 5983 pov-
