3990 6358
601 408 708 466 270

604 530 735 588 test,
781 533 964 592 reputa
1007 538 1165 594 quam
1211 525 1375 581 multa
1421 527 1764 598 peccaveris,
1814 528 2093 599 ingredere
2136 530 2190 587 in

603 614 982 669 conscientiam
1001 615 1341 681 delictorum,
1361 629 1552 674 excute
1571 635 1784 675 omnem
1805 631 1979 676 actam
2005 623 2189 690 vitam,

601 716 848 762 accurate
891 718 1064 763 errata
1105 718 1190 764 tua
1229 725 1514 781 cognosce,
1544 721 1599 768 et
1636 714 1711 768 sis
1753 715 1877 770 licet
1917 716 2190 771 hominum

601 796 840 852 onminm
885 797 1380 870 inhumanissimus,
1421 814 1568 861 certe
1609 819 1806 875 pavore
1851 817 2190 878 peccatorum

601 889 748 942 omni
795 898 1036 959 tempore
1081 895 1419 962 compulsus,
1463 905 1518 951 et
1560 898 1930 954 remissionem
1976 911 2194 970 propter

600 976 996 1052 eleemosynam
1037 999 1290 1053 sperans,
1322 986 1405 1040 vel
1441 1002 1635 1056 corpus
1661 999 1808 1043 tuum
1840 989 2056 1061 insuper
2093 992 2192 1046 im-

604 1071 826 1139 pendes,
856 1074 1049 1130 nedum
1077 1079 1373 1147 pecuniam.
1420 1081 1475 1136 Si
1503 1083 1646 1137 enim
1673 1085 1835 1140 saucii
1854 1127 1870 1148 ,
1897 1095 1954 1141 et
1977 1088 2194 1143 morbos

605 1165 915 1234 corporales
961 1167 1234 1238 depellere
1278 1172 1594 1240 cupientes,
1646 1176 1809 1231 nullis
1855 1176 2194 1233 facultatibus

607 1256 895 1323 parcimus,
913 1260 1122 1316 etiamsi
1137 1261 1501 1319 indumentum
1518 1267 1687 1336 ipsum
1699 1267 2090 1324 divendcndum
2103 1270 2194 1336 sit,

607 1356 667 1403 ut
690 1349 757 1404 ab
788 1351 1091 1409 infirmitate
1115 1355 1204 1410 illa
1241 1356 1531 1413 liberemur
1557 1377 1574 1414 :
1606 1361 1773 1414 multo
1802 1363 1969 1432 magis
1998 1363 2193 1418 anima:

606 1439 968 1498 infirmitatetn
999 1455 1052 1499 et
1083 1447 1394 1516 gravissima
1424 1441 1760 1520 peccatorum
1787 1455 2005 1508 vulnera
2035 1469 2194 1509 cura-

607 1535 709 1588 turi
756 1551 852 1605 per
888 1537 1300 1610 eleemosynam,
1331 1557 1452 1597 cum
1501 1558 1710 1598 summa
1760 1545 2034 1601 alacritate
2073 1563 2194 1604 eam

605 1627 996 1683 exercebimus.
1029 1632 1186 1702 Atqui
1211 1635 1420 1702 quoties
1446 1647 1673 1706 a‘gmtas
1693 1678 1708 1703 ,
1746 1653 1850 1691 non
1883 1640 2062 1693 statim
2091 1656 2194 1694 nu-

608 1726 810 1772 merata
838 1721 1059 1790 pecunia
1089 1721 1336 1779 liberaris
1361 1741 1390 1778 a
1423 1727 1612 1782 inorbo
1637 1769 1652 1792 ,
1682 1729 1778 1784 sed
1821 1744 2196 1800 smpenumero

607 1819 662 1862 et
688 1809 921 1864 sectione
950 1827 1086 1882 opus
1113 1824 1216 1882 cst,
1237 1823 1293 1871 et
1317 1818 1544 1884 ustione,
1569 1827 1625 1874 et
1648 1821 1846 1876 amaris
1872 1821 2195 1890 pharmacis,

607 1911 661 1953 et
687 1900 844 1968 fame,
873 1913 926 1958 et
953 1903 1168 1976 frigore,
1199 1916 1253 1962 et
1280 1909 1398 1963 aliis
1425 1911 1757 1980 gravioribus
1783 1913 2046 1969 mandatis
2072 1931 2085 1968 :
2111 1913 2197 1970 hic

607 2003 786 2047 autem
816 2009 921 2049 non
951 1997 1060 2063 sic,
1086 1997 1179 2054 sed
1209 2000 1341 2055 satis
1370 2011 1454 2058 est
1477 2001 1604 2057 dare
1629 2020 1875 2060 nummos
1913 2006 1966 2060 in
2009 2021 2198 2061 manus

609 2095 997 2153 pauperum,et
1016 2089 1194 2143 statim
1223 2090 1456 2148 ablueris
1485 2095 1660 2149 omnia
1691 2109 1925 2166 peccata,
1954 2099 2070 2154 sine
2093 2099 2200 2155 ullo

608 2175 693 2229 vel
718 2174 905 2232 dolore
936 2180 1014 2235 vel
1047 2181 1251 2238 labore.
1295 2185 1530 2241 Medicus
1557 2189 1699 2243 enim
1727 2191 1815 2260 qui
1843 2191 2072 2246 animam
2107 2209 2202 2248 cu-

608 2276 717 2333 rat,
743 2284 847 2323 non
879 2285 1014 2339 opus
1043 2272 1203 2330 habet
1230 2286 1362 2342 arte,
1392 2295 1497 2334 non
1526 2281 1894 2338 instrumentis
1918 2285 2067 2348 artis,
2093 2301 2198 2341 non

609 2358 752 2416 ferro
775 2371 866 2417 aut
889 2363 1010 2434 igne
1036 2383 1050 2420 :
1071 2367 1166 2422 sed
1193 2369 1340 2423 solus
1371 2380 1530 2429 nutus
1557 2373 1775 2442 sufficit,
1793 2391 1856 2431 ac
1876 2391 1999 2433 mox
2021 2379 2200 2433 omnia

609 2463 824 2523 peccata
855 2455 923 2510 ab
945 2457 1122 2514 anima
1147 2462 1456 2519 auferuntur
1476 2474 1530 2521 et
1556 2477 1897 2524 evanescunt.

684 2543 738 2598 9.
782 2543 1154 2604 Monac/torum
1200 2556 1329 2607 dura
1376 2556 1573 2610 vivendi
1618 2560 1768 2614 ratio.
1801 2591 1871 2601 —
1904 2561 2021 2618 Non
2052 2563 2204 2620 vides

613 2638 904 2694 monachos
932 2641 1062 2696 istos
1083 2645 1170 2713 qui
1191 2646 1484 2702 solitariam
1510 2651 1670 2706 vitam
1701 2655 2117 2724 amplectuntur,
2145 2666 2200 2712 et

611 2726 666 2782 in
706 2731 933 2787 vertices
960 2735 1220 2790 montium
1251 2739 1546 2808 secedunt,
1577 2757 1736 2810 quam
1764 2744 1953 2800 duram
1991 2747 2204 2803 vivendi

616 2821 876 2879 rationem
903 2825 1204 2895 perferant?
1232 2829 1442 2886 Etenim
1466 2834 1702 2890 cinerem
1724 2836 1823 2892 sibi
1850 2837 2203 2896 substernen-

615 2921 716 2980 tes,
760 2923 816 2968 et
855 2930 1071 2972 saccum
1115 2917 1421 2989 induentes,
1461 2932 1517 2978 et
1552 2926 1756 2982 catenis
1801 2926 1992 2984 ferreis
2034 2940 2204 2986 totum

613 3019 810 3075 corpus
837 3005 1210 3078 degravantes,
1237 3021 1293 3067 et
1329 3013 1383 3067 in
1423 3029 1547 3070 casa
1585 3017 1792 3089 seipsos
1825 3019 2205 3077 concludentes

613 3096 831 3152 assidue
855 3113 976 3154 cum
1007 3100 1148 3158 fame
1165 3103 1458 3174 luctantur,
1491 3107 1545 3163 in
1571 3107 1700 3164 fletu
1727 3112 1914 3166 vivunt
1938 3124 1992 3167 et
2014 3114 2204 3185 vigiliis

615 3187 1059 3257 intolerabilibus,
1100 3199 1162 3248 ut
1204 3205 1408 3265 partem
1455 3199 1685 3270 aliquam
1734 3213 2075 3272 peccatorum
2113 3207 2208 3262 ab-

621 3283 767 3337 luant
796 3301 810 3336 :
845 3283 936 3340 tibi
959 3302 1085 3342 vero
1109 3287 1234 3344 licet
1259 3290 1374 3346 sine
1401 3293 1546 3347 omni
1581 3293 1673 3350 illo
1704 3295 1839 3352 duro
1863 3298 2002 3353 victu
2040 3314 2206 3370 expe-

619 3373 785 3428 ditam
830 3375 968 3432 hanc
996 3387 1051 3433 et
1079 3378 1287 3436 facilem
1335 3383 1546 3452 pietatis
1583 3386 1722 3440 viam
1753 3385 1980 3457 ingredi.
2024 3389 2208 3456 Qualis

617 3467 783 3531 enim,
816 3482 966 3536 rogo,
999 3469 1150 3526 labor
1188 3481 1288 3536 est,
1325 3473 1406 3530 his
1441 3491 1561 3545 qua:
1587 3477 1782 3532 adsunt
1816 3477 1953 3546 frui,
1985 3489 2040 3534 et
2065 3481 2208 3551 quod

619 3568 867 3627 superest
889 3559 940 3614 in
970 3576 1168 3631 egenos
1188 3563 1490 3621 insumere?
1519 3567 1650 3622 Nam
1671 3570 1878 3624 etiamsi
1901 3572 2045 3627 nulla
2066 3589 2207 3629 mer-

621 3665 713 3705 ces
738 3663 879 3708 esset
907 3656 1198 3724 proposita,
1229 3657 1437 3712 etiamsi
1467 3675 1572 3713 non
1597 3669 1702 3714 tam
1727 3663 1900 3732 ampla
1931 3665 2210 3722 retributio

622 3746 880 3816 prazlinita
913 3758 1071 3813 esset,
1103 3764 1278 3806 annon
1310 3752 1394 3806 vel
1417 3752 1528 3821 ipsa
1558 3753 1635 3808 rei
1663 3765 1848 3810 natura
1870 3761 2210 3826 quantumvis

624 3837 928 3895 inhumanis
956 3843 1278 3910 persuadere
1309 3854 1532 3913 poterat,
1554 3855 1608 3900 ut
1625 3861 1690 3901 eo
1709 3849 1848 3918 quod
1870 3849 1998 3920 ipsis
2019 3864 2211 3921 super—

623 3941 706 3984 est
733 3931 797 3985 ad
821 3947 1113 4004 egenorum
1141 3936 1378 3992 solamen
1417 3941 1732 3995 uterentur?
1759 3941 1909 3996 Nunc
1937 3958 2059 3998 cum
2089 3953 2210 3998 tan-

624 4031 734 4076 tum
755 4037 1073 4082 coronarum
1093 4068 1108 4094 ,
1143 4036 1345 4083 tantum
1373 4030 1776 4086 retributionum
1801 4072 1817 4098 ,
1848 4043 1992 4089 tanta
2017 4049 2209 4105 pecca-

627 4127 801 4170 torum
829 4119 1024 4173 ohlivio
1052 4135 1149 4190 per
1167 4121 1564 4194 eleemosynam
1595 4134 1831 4194 paretur,
1853 4141 2034 4196 quam,
2057 4142 2207 4198 rogo,

621 4209 1019 4265 excusationem
1047 4210 1334 4279 habebunt,
1366 4216 1456 4284 qui
1480 4216 1717 4285 pecuniae
1744 4231 1987 4288 parcunt,
2020 4229 2075 4274 et
2096 4222 2212 4273 ani-

626 4315 768 4354 mam
819 4317 968 4360 suam
1017 4303 1070 4358 in
1117 4305 1440 4376 profundum
1483 4317 1819 4379 peccatorum
1867 4311 2211 4382 demergunt?

626 4389 760 4446 Nam
791 4392 997 4450 etiamsi
1035 4395 1167 4450 nihil
1194 4397 1335 4453 aliud
1367 4408 1417 4454 te
1448 4410 1658 4456 moveat
1685 4410 1740 4456 et
1767 4402 1962 4457 excitet
1985 4403 2052 4458 ad
2081 4418 2212 4458 con-

627 4483 914 4541 dulenium
944 4497 997 4542 et
1023 4489 1090 4542 ad
1116 4489 1347 4548 dandam
1375 4494 1789 4566 eleemosynam,
1813 4497 1999 4552 saltem
2027 4508 2210 4567 reputa

627 4592 786 4654 quam
829 4577 1064 4634 incertus
1105 4582 1178 4636 sit
1215 4584 1337 4639 vitae
1379 4584 1522 4650 finis,
1550 4596 1605 4642 et
1631 4588 1804 4657 cogita
1832 4589 1975 4658 quod
2003 4590 2210 4644 etiamsi

628 4669 956 4737 pauperibus
975 4686 1082 4726 non
1108 4672 1225 4740 des,
1254 4685 1427 4732 morte
1457 4685 1632 4733 tamen
1657 4681 2086 4748 superveniente,
2119 4698 2213 4737 ve-

628 4758 694 4812 lis
734 4759 892 4827 nolis,
926 4769 1044 4817 tuas
1076 4778 1164 4818 res
1195 4765 1314 4820 aliis
1347 4781 1406 4822 es
1431 4783 1700 4824 cessurus.
1745 4771 1884 4841 Ergo
1910 4771 2215 4841 dispensata

627 4847 841 4906 divitias
870 4861 1009 4920 tuas,
1039 4865 1094 4909 et
1121 4855 1248 4911 dum
1278 4857 1398 4913 licet
1417 4901 1432 4926 ,
1463 4858 1728 4916 humanus
1766 4869 1900 4916 esto.
1949 4861 2214 4919 Extrema!

631 4943 773 5000 enim
805 4950 1037 5003 vesaniae
1066 4949 1244 5017 fuerit,
1269 4967 1330 5006 ea
1354 4954 1543 5022 quibus
1564 4954 1646 5010 vel
1670 4955 1864 5010 invitus
1890 4955 2011 5010 aliis
2035 4971 2215 5011 cessu-

631 5051 723 5092 rus
752 5054 842 5102 es,
883 5041 1024 5096 nolle
1052 5043 1409 5113 indigentibus
1437 5048 1832 5102 communicare
1861 5048 2030 5112 ultro,
2059 5047 2216 5118 idque

634 5148 755 5186 cum
787 5141 929 5189 tanta
958 5138 1093 5191 bona
1133 5155 1199 5192 ex
1243 5139 1343 5194 hac
1381 5139 1706 5210 benignitate
1734 5141 1828 5196 tibi
1854 5142 1960 5196 sint
1985 5157 2215 5212 proven-

638 5235 772 5280 tura.
821 5226 889 5282 Ut
918 5241 1098 5298 vestra,
1129 5231 1316 5302 inquit,
1345 5232 1492 5302 copia
1511 5243 1773 5286 succurrat
1801 5234 2006 5288 illorum
2032 5234 2219 5303 inopiae

638 5319 714 5393 (2.
749 5319 866 5375 Cor.
888 5323 943 5377 8.
973 5324 1088 5395 14).
1134 5326 1271 5393 Quid
1305 5335 1386 5381 est
1425 5335 1602 5380 autem
1639 5325 1780 5394 quod
1817 5325 1980 5380 dicit?
2020 5325 2218 5395 Majora

637 5415 855 5485 accipis,
873 5432 1031 5486 quam
1054 5419 1168 5474 das.
1203 5421 1306 5474 Das
1333 5421 1624 5483 sensibilia,
1648 5419 1845 5488 accipis
1867 5419 2217 5490 intelligibilia

639 5519 692 5564 rt
736 5509 1066 5580 spiritualia;
1112 5513 1208 5567 das
1257 5514 1532 5583 pecuniam
1559 5556 1574 5581 ,
1606 5514 1805 5583 accipis
1849 5513 2218 5568 remissionem

637 5611 1016 5670 peccatorum;
1046 5605 1239 5661 liberas
1271 5621 1554 5675 pauperem
1585 5622 1613 5660 a
1645 5605 1806 5670 fame,
1837 5605 1924 5660 ille
1955 5613 2006 5659 te
2028 5604 2222 5658 liberat

637 5693 708 5748 ab
735 5694 811 5749 ira
834 5693 1034 5752 divina.
1069 5696 1448 5752 Retributionis
1477 5696 1580 5752 hoc
1603 5713 1769 5766 genus
1791 5705 1874 5752 est
1900 5705 1954 5750 et
1980 5697 2222 5764 negotiav

641 5785 832 5848 tionis,
881 5786 1022 5856 quod
1074 5788 1330 5858 majorem
1371 5804 1436 5845 ac
1475 5790 1740 5844 utiliorem
1788 5788 2017 5844 reditum
2065 5785 2222 5842 habet

642 5891 802 5950 quam
822 5893 1109 5954 sumptum.
1141 5883 1272 5940 Nam
1297 5893 1535 5953 sumptus
1566 5885 1906 5955 pecuniarum
1936 5891 2015 5941 est
2041 5899 2053 5937 :
2084 5880 2222 5938 redi-

1427 412 1490 470 S.
1521 413 1800 471 JOANNiS
1839 413 2315 473 CIIRYSOSTOMI
2354 418 2670 476 ARCIIIEP.
2711 420 3240 482 CONSTANTINOP.

3781 424 3886 481 280

2303 541 2386 587 tus
2414 549 2660 590 veronon
2673 539 2924 605 pecunias
2948 539 3101 594 affert
3129 547 3357 604 tantum,
3383 539 3476 595 sed
3501 539 3661 594 etiam
3690 555 3879 596 remis-

2296 625 2503 680 sionem
2528 639 2888 696 peccatorum,
2913 630 3178 702 simulque
3205 631 3450 687 tiduciam
3469 647 3592 703 erga
3610 633 3807 701 Deum,
3832 644 3885 689 et

2298 731 2520 787 regnum
2551 719 2826 784 caslorum,
2855 731 2909 774 et
2949 721 3084 777 bona
3124 723 3208 777 illa
3238 738 3358 794 qua:
3386 738 3561 794 neque
3584 724 3776 778 oculus
3802 723 3882 778 vi-

2297 807 2406 871 dit,
2440 825 2540 865 nce
2564 811 2709 864 auris
2734 812 2968 879 audivit,
2999 829 3098 868 nec
3121 815 3172 868 in
3202 829 3296 869 cor
3323 815 3555 869 hominis
3591 814 3885 871 adscende-

2299 908 2424 954 ruut
2457 899 2531 972 (l.
2559 900 2679 956 Cor.
2709 901 2764 956 2.
2797 903 2875 973 9).
2926 905 3120 958 Annon
3168 903 3325 976 igitur
3365 905 3655 962 absurdum
3680 949 3697 970 ,
3746 905 3882 977 quod

2299 994 2654 1060 negotiatores
2684 996 2813 1050 nulli
2859 997 2933 1050 rei
2971 1006 3221 1068 parcant,
3267 997 3427 1067 idque
3462 1013 3583 1052 cum
3623 1015 3732 1053 non
3773 1001 3881 1054 sin-

2297 1085 2499 1154 gularia
2541 1087 2783 1155 quaedam
2809 1129 2822 1152 ,
2865 1088 2962 1144 sed
3001 1091 3146 1159 paria
3190 1090 3301 1144 fere
3338 1090 3553 1159 paribus
3581 1099 3881 1160 permutare

2297 1184 2503 1238 soleant
2528 1203 2539 1237 :
2561 1199 2658 1239 nos
2676 1199 2824 1252 vero,
2843 1200 2962 1239 cum
2989 1201 3094 1239 non
3121 1185 3484 1254 corruptibilia
3505 1192 3563 1240 et
3589 1196 3883 1240 momenta-

2301 1291 2399 1330 nea
2423 1318 2438 1341 ,
2466 1277 2562 1331 sed
2609 1277 3028 1347 incorruptibilia
3056 1286 3109 1332 et
3132 1279 3456 1348 sempiterna
3487 1278 3646 1332 liceat
3669 1293 3771 1347 pro
3795 1294 3882 1332 no-

2301 1368 2424 1421 stris
2450 1367 2881 1436 corruplibilibus
2904 1383 2968 1422 ac
2997 1368 3385 1423 momentaneis
3406 1375 3760 1435 commutare,
3783 1385 3880 1423 non

2299 1458 2542 1513 eamdem
2573 1475 2731 1529 quam
2765 1459 2836 1513 illi
2865 1459 3192 1531 diligentiam
3221 1459 3606 1524 adhibeamus?

2371 1549 2528 1604 Fides
2553 1551 2741 1620 indiget
2767 1552 2958 1604 auxilio
2988 1551 3234 1620 Spiritus.
3285 1549 3372 1604 Ex
3411 1551 3662 1621 pravitate
3696 1566 3881 1604 morum

2304 1643 2468 1696 oritur
2493 1642 2835 1696 incredulitas.
2854 1672 2926 1684 —
2952 1641 3068 1698 Non
3097 1641 3187 1706 ita,
3212 1641 3422 1704 fratres,
3455 1657 3564 1695 non
3595 1641 3669 1695 ita
3698 1651 3883 1695 nostra:

2301 1730 2458 1786 saluti
2487 1731 2624 1786 male
2651 1733 3012 1797 consulamus,
3041 1731 3134 1786 sed
3166 1733 3296 1786 moti
3323 1733 3572 1802 exempto
3601 1730 3879 1800 virginum,

2301 1831 2356 1876 et
2381 1837 2565 1876 eorum
2603 1823 2695 1893 qui
2737 1821 3003 1876 ducuntur
3026 1822 3078 1875 in
3111 1822 3286 1892 ignem
3321 1833 3563 1892 paratum
3601 1822 3815 1876 diabolo
3837 1831 3887 1876 et

2301 1916 2507 1986 angelis
2532 1915 2679 1986 ejus,
2712 1930 2779 1971 eo
2802 1915 2942 1985 quod
2963 1929 3070 1970 non
3101 1915 3350 1978 aluerint,
3391 1931 3566 1984 neque
3595 1913 3885 1985 potaverint

2301 2008 2572 2062 Christum
2595 2049 2610 2074 ,
2643 2007 2970 2062 retineamus
2999 2007 3169 2062 sancti
3198 2006 3430 2076 Spiritus
3455 2007 3630 2076 ignem
3662 2021 3761 2076 per
3785 2006 3886 2060 lan-

2303 2117 2421 2172 gam
2465 2101 2845 2171 benignitatem
2875 2109 2932 2155 et
2957 2099 3202 2168 profusas
3225 2099 3595 2169 eleemosynas
3617 2140 3636 2166 ,
3663 2115 3735 2154 ne
3759 2101 3886 2154 circa

2305 2192 2463 2247 fidem
2494 2191 2829 2262 naufragium
2867 2191 3141 2247 faciamus.
3181 2189 3341 2246 Fides
3378 2191 3520 2246 enim
3559 2207 3700 2260 opus
3742 2192 3886 2247 habet

2303 2285 2500 2340 auxilio
2527 2285 2756 2355 Spiritus
2780 2300 2844 2340 ac
2870 2284 3265 2354 perseverantia
3287 2326 3302 2351 ,
3331 2293 3388 2338 ut
3413 2284 3739 2338 inconcussa
3772 2299 3884 2351 per-

2305 2388 2517 2434 maneat
2544 2395 2558 2431 :
2589 2377 2843 2432 auxilium
2886 2386 3064 2432 autem
3105 2377 3335 2446 Spiritus
3367 2376 3490 2430 vitae
3515 2377 3752 2445 puritate
3779 2391 3885 2429 mo-

2304 2471 2557 2540 ribusque
2593 2469 2830 2540 probatis
2873 2469 3090 2524 retineri
3125 2467 3264 2538 apud
3306 2481 3404 2522 nos
3438 2467 3602 2522 solet.
3651 2467 3826 2533 Quare
3847 2467 3884 2519 si

2305 2563 2551 2632 cupimus
2600 2561 2760 2618 fidem
2812 2561 3100 2616 radicatam
3155 2559 3385 2626 habere,
3430 2558 3647 2614 vivendi
3693 2557 3886 2612 ratione

2307 2670 2439 2726 pura
2487 2654 2642 2709 nobis
2686 2669 2819 2725 opus
2868 2661 2968 2719 est,
3009 2667 3129 2723 qua:
3172 2650 3426 2722 Spiritum
3455 2653 3770 2717 retineat,a
3794 2665 3888 2718 quo

2308 2757 2471 2801 totam
2499 2746 2620 2801 fidei
2650 2747 2756 2800 vim
2785 2743 3092 2814 dependere
3115 2752 3343 2799 constat.
3394 2742 3737 2812 lmpossibilc
3757 2741 3887 2796 enim

2307 2847 2411 2904 est,
2439 2837 2771 2908 impossibile
2799 2836 3038 2907 profecto
3063 2835 3109 2892 si
3143 2836 3305 2890 vitam
3330 2835 3602 2906 impuram
3627 2833 3822 2888 habeas
3840 2833 3889 2888 in

2310 2929 2414 2984 fide
2440 2944 2548 2984 non
2569 2929 2840 2984 vacillare.

2382 3019 2468 3074 l0.
2508 3018 2667 3074 Certe
2692 3018 2782 3089 qui
2817 3017 2884 3073 de
2921 3017 3031 3073 fato
3055 3026 3340 3088 nugantur,
3367 3025 3422 3072 et
3450 3015 3680 3071 salutari
3708 3014 3775 3072 de
3802 3031 3880 3071 re-

2308 3111 2638 3167 surrectione
2660 3110 2893 3166 sermoni
2917 3126 3022 3166 non
3044 3109 3293 3177 credunt,
3313 3109 3382 3164 ob
3403 3109 3601 3164 malam
3626 3110 3887 3164 conscien-

2311 3205 2439 3258 tiam
2467 3211 2524 3258 et
2544 3217 2720 3258 mores
2747 3202 3067 3273 depravatos
3106 3203 3158 3256 in
3200 3202 3301 3256 hoc
3329 3201 3722 3257 incredulitatis
3747 3202 3886 3255 bara-

2311 3296 2488 3352 thrum
2529 3297 2735 3366 seipsos
2773 3296 3126 3366 przecipitant.
3161 3294 3229 3349 Et
3266 3295 3721 3365 quemadmodum
3751 3293 3885 3348 febre

2311 3386 2636 3452 laborantes,
2665 3387 2791 3442 dum
2820 3387 3007 3441 volunt
3033 3385 3400 3441 aestuationem
3431 3384 3729 3455 depellere,
3759 3400 3886 3453 saepe

2313 3484 2363 3534 in
2393 3481 2636 3551 frigidam
2663 3495 2855 3551 aquam
2885 3494 3006 3534 sese
3031 3479 3346 3550 projiciunt,
3382 3487 3437 3532 et
3461 3477 3738 3548 paulisper
3758 3478 3885 3531 miti-

2309 3583 2434 3644 gato
2477 3573 2653 3638 malo,
2701 3573 2998 3643 graviorem
3039 3569 3140 3624 sibi
3175 3569 3424 3624 ardorem
3465 3568 3884 3623 accenduntzita

2309 3666 2400 3736 qui
2448 3665 2586 3720 mala
2621 3663 2950 3719 conscientia
2993 3669 3342 3731 premuntur,
3381 3667 3437 3715 et
3474 3659 3885 3714 consolationem

2309 3759 2540 3826 aliquam
2564 3763 2829 3824 quaerunt,
2861 3769 2962 3808 nec
2993 3762 3168 3808 tamen
3195 3753 3376 3807 volunt
3404 3766 3501 3823 per
3529 3752 3883 3821 pcenitentiam

2311 3856 2528 3918 peccata
2555 3846 2794 3913 abluere,
2835 3845 2902 3900 ad
2932 3845 3026 3899 fati
3057 3841 3386 3915 tyrannidem
3411 3885 3426 3908 ,
3456 3852 3511 3897 et
3541 3841 3880 3897 resurrectio-

2312 3941 2394 3995 nis
2430 3938 2740 4008 confugiunt
2777 3935 3187 4006 abnegationem
3218 3952 3232 3987 :
3260 3942 3422 4002 atque
3449 3932 3554 3987 hoc
3585 3942 3745 4002 pacto
3769 3931 3882 3986 dum

2311 4049 2371 4090 se
2400 4033 2454 4087 in
2484 4033 2584 4087 hac
2611 4033 2716 4086 vita
2744 4030 2948 4100 frigidis
2987 4028 3282 4083 rationibus
3309 4026 3582 4097 paulisper
3614 4026 3883 4082 consolan-

2313 4138 2429 4193 tur,
2472 4125 2730 4195 majorem
2779 4123 3039 4194 gehennae
3080 4119 3350 4174 ﬂammam
3401 4119 3502 4173 sibi
3558 4117 3880 4180 accendunt;

2313 4217 2741 4290 quandoquidem
2785 4214 3057 4286 segniores
3101 4211 3188 4266 hic
3229 4210 3394 4278 facti,
3437 4219 3727 4281 postquam
3777 4209 3883 4263 illuc

2312 4311 2628 4366 devenerint
2649 4349 2664 4373 ,
2711 4307 2968 4364 videbunt
2998 4319 3096 4375 pro
3125 4303 3236 4358 suis
3262 4316 3528 4372 quemque
3558 4300 3790 4371 peccatis
3812 4297 3884 4353 dc-

2315 4405 2421 4458 bita
2471 4401 2728 4473 supplicia
2778 4398 3104 4468 persolvere.
3159 4395 3229 4450 Et
3280 4403 3341 4448 ut
3389 4395 3491 4448 hoc
3542 4407 3732 4447 verum
3776 4404 3882 4445 esse

2314 4494 2530 4556 sciatis,
2569 4491 2692 4546 fidei
2734 4505 2926 4559 nempe
2966 4487 3130 4542 robur
3169 4485 3307 4539 mala
3349 4498 3515 4552 opera
3555 4482 3881 4537 vehementer

2316 4585 2573 4655 impedire
2599 4625 2613 4648 ,
2656 4580 2836 4636 audite
2875 4578 3004 4650 quid
3048 4577 3244 4632 Paulus
3281 4576 3426 4630 dicat
3460 4575 3527 4628 ad
3557 4573 3878 4628 Timotheum

2315 4676 2558 4730 scribens
2589 4691 2602 4726 :
2639 4672 2706 4726 Ut
2734 4672 2915 4726 milites
2938 4709 2954 4735 ,
2984 4668 3192 4739 inquit,
3226 4668 3476 4738 egregiam
3503 4666 3742 4718 militiam
3763 4704 3778 4726 ,
3806 4663 3880 4712 flb-

2317 4770 2432 4823 bens
2462 4767 2615 4837 [idem
2643 4782 2704 4820 ac
2729 4765 2910 4819 bonam
2935 4762 3290 4817 conscientiam
3335 4761 3505 4829 (bona
3555 4768 3738 4814 autem
3774 4770 3879 4811 con—

2317 4863 2536 4918 scientia
2573 4875 2640 4914 ex
2677 4860 2785 4915 vita
2825 4867 2883 4913 et
2913 4855 3163 4927 operibus
3187 4854 3339 4910 bonis
3358 4855 3670 4921 contingere
3689 4846 3877 4921 solet):

2315 4970 2467 5025 quant
2492 4952 2698 5023 quidam
2717 4993 2733 5018 ,
2762 4949 2962 5019 inquit,
2994 4947 3310 5019 repellentes,
3339 4946 3473 4998 circa
3500 4945 3656 5013 ﬁdem
3696 4945 3881 5012 naufra-

2318 5048 2456 5117 gium
2473 5048 2693 5116 fecerunt
2716 5043 2795 5110 (l.
2817 5039 2949 5095 Tim.
2983 5041 3036 5094 l.
3078 5038 3164 5093 18.
3200 5036 3559 5104 l9).Rursum
3590 5034 3714 5088 alibi
3747 5049 3761 5086 :
3789 5029 3880 5085 Ra-

2319 5139 2409 5192 dia‘.
2435 5136 2658 5191 omnium
2686 5134 2936 5188 malorum
2963 5141 3036 5185 cst
3064 5131 3276 5184 avaritia
3298 5170 3314 5192 ,
3348 5145 3438 5197 per
3465 5128 3618 5197 cujus
3649 5123 3882 5193 cupidita-

2321 5244 2418 5286 tcm
2455 5230 2662 5300 qdidant
2705 5246 2738 5282 a
2783 5227 2886 5297 ﬁde
2925 5211 3276 5278 uberi-atterunt
3303 5219 3470 5290 (ibid.
3501 5220 3559 5274 6.
3588 5219 3714 5289 l0).
3747 5215 3883 5268 Vides

2322 5335 2433 5379 tum
2460 5324 2581 5378 illos
2607 5331 2888 5392 propterea
2915 5315 3246 5386 naufragium
3275 5312 3464 5367 fecisse
3487 5353 3502 5377 ,
3537 5320 3647 5364 tum
3679 5311 3803 5364 istos
3824 5305 3885 5359 ob

2323 5417 2430 5473 hoc
2453 5417 2624 5486 ipsum
2648 5411 2982 5468 aberravisse
3001 5425 3015 5461 :
3037 5407 3288 5478 quoniam
3311 5405 3387 5458 illi
3409 5405 3603 5458 bonam
3627 5401 3884 5456 conscien-

2324 5512 2452 5564 tiam
2481 5507 2815 5576 repulerunt,
2847 5502 2935 5558 isti
2958 5515 3090 5555 vero
3113 5493 3350 5553 avaritia:
3377 5493 3751 5550 adhaeserunt?
3773 5490 3884 5557 Qua

2323 5600 2536 5671 quidem
2565 5598 2742 5652 omnia
2767 5598 3064 5664 cogitantes
3085 5631 3104 5658 ,
3131 5602 3378 5660 magnam
3408 5602 3591 5642 curam
3619 5585 3883 5640 habeamus
3958 5649 3959 5656 γ

2325 5694 2446 5745 vitae
2471 5703 2628 5760 quam
2655 5689 2856 5757 optime
2882 5679 3221 5739 instituenda:
3237 5721 3252 5746 ,
3273 5689 3335 5734 ut
3359 5678 3557 5750 duplex
3584 5677 3738 5732 nobis
3762 5687 3880 5728 mer-

2325 5801 2416 5841 ces
2444 5784 2736 5854 contingat,
2768 5797 2870 5836 una
2897 5795 2962 5836 ex
2993 5794 3214 5849 operum
3243 5777 3592 5834 retributione
3611 5817 3624 5841 ,
3651 5774 3810 5826 altera
3830 5780 3880 5822 ex

2333 5879 2454 5937 fidei
2481 5879 2696 5936 robore.
2720 5875 2868 5934 Sicut
2894 5873 3036 5932 enim
3063 5889 3123 5932 se
3147 5871 3306 5929 habet
3333 5870 3399 5928 ad
3423 5883 3634 5940 corpus,
3661 5868 3734 5922 ita
3761 5871 3879 5920 rem
