3990 6358
92 255 201 312 2’9

97 373 241 445 μιτά
273 368 551 443 ἀκριϐείας
572 383 586 398 ·
624 365 725 419 κάν
776 364 1027 418 ἀπάντων
1049 361 1351 434 ἀνθρώπιον
1376 360 1680 445 ἀπηνέστε-

98 443 192 528 ρος
230 452 324 529 ᾖς,
369 451 589 512 πάντως
622 449 726 500 ὑπὸ
772 447 867 500 τοῦ
928 445 1237 529 φόϐουῗτῶν
1273 443 1679 529 ἡμαρτημένων

96 527 181 592 σοι
229 527 385 606 παρὰ
420 535 593 588 πάντα
621 532 712 585 τὸν
746 530 937 601 χρόνον
979 528 1312 599 ὠθούμενος,
1342 528 1438 581 καὶ
1461 527 1548 580 διὰ
1580 527 1681 597 τῆς

97 623 220 692 ἐλεη
232 620 472 691 μοσύνης
510 616 701 685 ἄφεσίν
731 633 813 668 σοι
838 613 1149 686 προσδοκῶν
1172 611 1427 680 γενέσθαι
1453 611 1678 673 τούτων,

97 704 271 760 καὶτὸ
302 704 463 773 σῶμα
495 701 784 762 ἐπιδώσεις
812 695 1029 762 σαυτοῦ,
1066 698 1195 766 μήτι
1218 712 1280 764 γε
1308 696 1587 765 χρήματα.
1617 695 1680 745 Εἰ

97 791 209 861 γὰρ
260 784 561 859 τραύματα
611 784 864 853 ἔχοντες,
920 781 1012 833 καὶ
1064 780 1344 848 νοσήματα
1395 777 1680 861 σωματικά

98 860 550 943 ἀποκρούσασθαι
576 866 907 935 βουλόμενοι,
931 862 1144 924 οὐδενὸς
1159 862 1266 915 τῶν
1294 861 1466 913 ὄντων
1490 860 1682 943 φειδῶ·

102 942 263 1025 μεθα,
303 953 406 1005 κᾶν
437 950 568 1003 αὐτὸ
602 947 660 1001 τὸ
691 948 904 1018 ἱμάτιον
929 944 1225 999 ἀποδόσθαι
1248 943 1377 1009 δέοι,
1409 944 1550 996 ὥστε
1580 942 1680 1011 τῆς

96 1036 415 1109 ἀρρωστίας
447 1032 823 1101 ἀπαλλαγῆναι
858 1030 1075 1100 ἐκείνης
1100 1046 1115 1059 ·
1144 1027 1324 1097 πολλῷ
1362 1026 1560 1097 μᾶλλον
1580 1025 1682 1095 τῆς

96 1120 277 1190 ψυχῆς
311 1117 624 1190 ἀρρωστίαν
661 1113 1014 1168 ἀποτίθεσθαι
1053 1112 1336 1183 μέλλοντες
1375 1111 1467 1164 καὶ
1492 1110 1561 1163 τὰ
1588 1128 1682 1180 χα-

97 1203 237 1255 λεπά
282 1202 393 1253 τῶν
436 1198 852 1270 ἁμαρτημάτων
879 1195 1172 1267 τραύματα
1211 1194 1297 1247 διὰ
1326 1195 1424 1265 τῆς
1456 1193 1682 1263 ἐλεημοο

100 1287 288 1355 σύνης,
347 1283 486 1354 μετὰ
525 1281 706 1351 πάσης
758 1279 1069 1351 προθυμίας
1098 1278 1267 1347 αὐτὴν
1297 1275 1679 1347 έργασώμεθα.

100 1370 295 1422 Καίτοι
324 1384 387 1434 γε
420 1366 511 1417 ἐπὶ¹
544 1364 642 1435 μὲν
675 1362 782 1415 τῶν
826 1362 1147 1431 νοσημάτων
1180 1363 1278 1413 οὐκ
1303 1361 1449 1412 ἔστιν
1481 1358 1683 1421 εὐθέως

101 1450 480 1506 καταϐαλόντα
505 1446 769 1518 ἀργύριον
794 1445 1173 1515 ἀπαλλαγῆναι
1198 1446 1298 1515 τῆς
1344 1444 1522 1503 νόσου,
1548 1439 1681 1495 ἀλλά

100 1535 293 1588 δεῖκαὶ
320 1533 496 1603 τομῆς
522 1531 782 1593 πολλάκις
806 1530 901 1583 καὶ
925 1528 1173 1591 καύσεως
1190 1529 1284 1581 καὶ
1306 1525 1519 1597 πικρῶν
1546 1542 1683 1595 φαρ-

106 1620 318 1689 μάκων,
365 1618 463 1669 καὶ
497 1614 680 1685 λιμοῦ,
722 1614 813 1667 καὶ
842 1612 1068 1682 ψύχους,
1115 1612 1211 1665 καὶ
1257 1611 1459 1680 ἐτέρων
1498 1626 1683 1680 φορτι-

103 1702 360 1769 κωτέρων
386 1699 776 1769 ἐπιταγμάτων
797 1715 811 1728 ο
848 1694 1081 1749 ἐνταῦθα
1111 1695 1168 1748 δὲ
1204 1695 1303 1763 οὐχ
1334 1692 1528 1756 οὕτως,
1567 1690 1680 1743 ἀλλ’

102 1787 261 1855 ἀρκεῖ
297 1782 626 1837 καταϐαλεῖν
658 1782 719 1834 τὸ
744 1779 1007 1852 ἀργύριον
1032 1782 1112 1843 είς
1153 1778 1253 1841 τὰς
1289 1778 1399 1830 τῶν
1434 1775 1681 1846 πενήτων

102 1872 311 1941 χεῖρας,
342 1870 440 1923 καὶ
467 1868 645 1923 πάντα
677 1866 878 1930 εὐθέως
906 1864 1306 1919 ἀπολούσασθαι
1328 1861 1398 1915 τὰ
1427 1861 1683 1931 πεπλημ-

105 1952 391 2023 μελημένα
406 1952 573 2022 χωρὶς
598 1948 791 2021 ὀδύνης
817 1950 912 2002 καὶ
938 1948 1123 2001 πόνου.
1157 1947 1214 1999 '0
1242 1948 1351 2017 γάρ
1382 1945 1482 2016 τὴν
1503 1943 1681 2013 ψυχὴν

104 2034 427 2107 θεραπεύων
462 2034 668 2105 ἰατρὸς,
700 2035 763 2086 οὐ
812 2031 983 2085 δεῖται
1025 2030 1260 2102 μεθόδων
1288 2031 1381 2083 καὶ
1409 2027 1680 2099 ὀργάνων,

103 2121 191 2173 καὶ
229 2118 455 2189 σιδήρου
493 2118 588 2170 καὶ
627 2116 831 2187 πυρός·
879 2115 994 2169 ἀλλ’
1035 2116 1199 2185 ἀρκεῖ
1247 2113 1438 2168 νεῦσαι
1499 2110 1680 2181 μόνον,

102 2206 194 2259 καὶ
236 2204 421 2257 πάντα
455 2202 609 2272 ἐκρεῖ
642 2201 740 2271 τῆς
785 2200 1062 2271 ἡμετέρας
1102 2198 1280 2269 ψυχῆς
1320 2195 1391 2250 τά
1428 2195 1685 2265 πλημμε-

102 2288 339 2359 λήματα,
365 2286 461 2339 καὶ
486 2286 566 2348 είς
589 2284 649 2337 τὸ
679 2285 754 2354 μὴ
786 2283 843 2337 ὃν
878 2283 1219 2352 ἀφανίζεται.

169 2372 235 2427 θ’.
276 2371 392 2440 Οὐχ
432 2370 565 2440 ὁρᾷς
602 2368 727 2430 τοὺς
759 2368 1027 2436 μοναχοὺς
1053 2367 1180 2428 τοὺς
1203 2366 1295 2418 τὸν
1324 2366 1534 2437 μονήρη
1572 2364 1683 2435 βίον

101 2454 504 2525 ἐπιθυμοῦντας
554 2451 648 2505 καὶ
684 2452 763 2513 είς
788 2450 888 2513 τὰς
922 2449 1166 2519 κορυφὰς
1211 2448 1318 2501 τῶν
1351 2448 1521 2520 ὀρέων
1549 2450 1684 2501 ἀνα-

101 2539 433 2612 χωροῦντας,
465 2537 595 2606 ὅσην
621 2535 950 2606 ὑπομένουσι
969 2532 1420 2604 σκληραγωγίαν;
1447 2534 1557 2586 Καὶ
1575 2534 1685 2603 γὰρ

103 2623 296 2677 σποδὸν
350 2618 885 2691 ὑποστρωννύμενοι,
936 2618 1032 2671 καὶ
1096 2617 1299 2669 σάκκον
1361 2615 1685 2687 περιϐαλλό-

104 2724 273 2777 μενοι,
304 2705 403 2758 καί
427 2702 585 2756 κλοιά
618 2702 783 2755 παντὶ
815 2699 893 2770 τῷ
921 2698 1134 2770 σώματι
1166 2698 1559 2767 περιτιθέντες,
1588 2698 1684 2752 καὶ

100 2791 155 2843 ἐν
181 2791 321 2861 om};
342 2787 736 2859 καθείρξαντες
793 2784 1039 2849 ἐαυτοὺς,
1084 2782 1228 2853 λιμῷ
1268 2782 1557 2837 παλαίουσι
1602 2783 1683 2836 δι-

100 2877 303 2945 ηνεκεῖ,
333 2874 554 2944 θρήνοις
572 2870 773 2933 συζῶσι
791 2869 885 2921 καὶ
910 2867 1239 2939 ἀγρυπνίαις
1255 2868 1568 2938 ἀφορήτοις,
1595 2868 1683 2921 ἵνα

100 2956 370 3027 δυνηθῶσι
409 2954 605 3025 μικρὸν
633 2952 764 3021 γοῦν
784 2951 851 3022 μέ
861 2967 952 3023 ρος
970 2951 1076 3003 τῶν
1092 2949 1496 3021 ἡμαρτημένων
1512 2952 1685 3023 ἀπορ-

102 3041 394 3115 ρίψασθαι·
433 3040 519 3093 σοὶ
555 3038 613 3091 δὲ
652 3037 829 3101 ἔξεστι
875 3036 1047 3108 χωρὶς
1091 3037 1190 3108 τῆς
1260 3037 1683 3108 σκληραγωγίας

100 3127 319 3196 ἀπάσης
347 3124 565 3194 ἐκείνης
593 3122 693 3194 τὴν
727 3119 948 3174 εὔκολον
976 3120 1181 3190 ταύτην
1210 3122 1305 3174 καὶ
1351 3121 1541 3192 ῥᾳδίαν
1589 3120 1680 3172 εύ-

101 3208 323 3265 λάϐειαν
372 3204 765 3271 ἐπιδείξασθαι.
801 3205 960 3267 Ποῖος
994 3204 1103 3275 γὰρ
1148 3204 1345 3268 πόνος,
1400 3204 1521 3256 είπέ
1560 3221 1678 3273 μοι,

100 3293 202 3347 τῶν
235 3293 413 3346 ὄντων
448 3288 841 3352 ἀπολαύοντας,
886 3288 956 3341 τά
999 3288 1235 3360 περιττὰ
1262 3289 1361 3359 τῆς
1388 3288 1577 3360 χρείας
1602 3291 1681 3353 είς

101 3377 221 3440 τοὺς
250 3373 549 3445 δεομένους
582 3374 853 3428 ἀναλῶσαι
879 3392 893 3437 ς
926 3375 989 3427 Εἰ
1010 3374 1119 3445 γὰρ
1146 3373 1221 3445 μὴ
1259 3373 1450 3444 μισθὸς
1479 3372 1679 3433 ἔκειτο,

103 3459 285 3529 είγάρ
319 3458 398 3529 μὴ
431 3457 633 3529 ἀμοιϐὴ
675 3457 914 3528 τοσαύτη
965 3456 1187 3528 ὥριστο,
1219 3457 1359 3526 αὑτὴ
1402 3455 1498 3508 τοῦ
1541 3456 1682 3526 πρά-

102 3558 311 3611 γματος
347 3542 384 3611 ἡ
430 3541 591 3608 φύσις
628 3541 726 3611 οὐχ
770 3540 929 3610 ἱκανὴ
959 3541 1204 3603 καὶτοὺς
1244 3539 1447 3611 σφόδρα
1478 3539 1684 3609 ἀνημέ-

106 3641 226 3693 ρους
254 3627 467 3692 πεῖσαι,
504 3627 616 3688 τοῖς
646 3624 1054 3696 περιττεύουσιν
1080 3624 1161 3686 είς
1189 3622 1545 3693 παραμυθίαν
1572 3623 1682 3675 τῶν

102 3708 373 3779 δεομένων
406 3707 821 3779 ἀποχρήσασθαι
848 3725 863 3772 ;
892 3709 1058 3761 Ὅταν
1083 3707 1141 3759 δὲ
1163 3707 1257 3760 καὶ⁸
1284 3706 1527 3759 τοσοῦτοι
1563 3709 1682 3759 στέ-

105 3809 281 3859 φανοι,
324 3793 421 3846 καὶ
447 3790 707 3844 τοσαῦται
738 3791 984 3862 ἀμοιϐαὶ,
1036 3792 1131 3844 καὶ
1161 3790 1400 3862 τοσαύτη
1431 3792 1681 3862 ἁμαρτη-

108 3875 291 3942 μάτων
320 3874 599 3944 ἀμνηστία
630 3873 717 3926 διά
741 3874 838 3944 τῆς
864 3873 1231 3945 ἐλεημοσύνης
1255 3873 1490 3945 γίνηται,
1524 3876 1681 3928 ποίαν

104 3958 317 4023 ἕξουσιν
346 3957 664 4025 ἀπολογίαν,
690 3958 811 4009 είπέ
838 3974 951 4026 μοι,
979 3959 1027 4009 οἱ
1052 3974 1159 4028 χρη
1171 3957 1355 4027 μάτων
1377 3957 1679 4027 φειδόμενοι

106 4044 193 4095 καὶ
228 4044 336 4113 τὴν
378 4042 558 4111 ψυχὴν
608 4040 706 4111 τὴν
761 4040 972 4093 ἑαυτῶν
1032 4040 1517 4104 καταποντίζοντες
1567 4043 1680 4104 τοῖς

107 4128 535 4198 ἀμαρτήμασιν;
591 4126 655 4177 Et
704 4124 813 4196 γὰρ
847 4126 941 4177 καὶ
990 4125 1154 4195 μηδέν
1201 4142 1260 4177 σε
1307 4125 1491 4194 ἓτερον
1544 4128 1683 4178 κινεῖ

107 4211 197 4262 καὶ
251 4208 560 4277 διανίστησι
587 4208 722 4278 πρὸς
764 4207 1108 4278 συμπάθειαν
1136 4208 1231 4261 καὶ
1283 4207 1417 4277 πρὸς
1454 4208 1682 4280 ἐλεημο-

110 4293 294 4362 σύνην,
328 4292 428 4362 τῆς
470 4292 725 4362 τελευτῆς
776 4290 877 4361 τὴν
924 4291 1150 4361 ἀδηλίαν
1193 4291 1509 4360 ἀναλόγισαι
1537 4310 1551 4323 ο
1588 4295 1682 4346 καὶ

107 4374 430 4447 ἐνθυμηθεὶς
448 4387 498 4437 ι,
531 4376 612 4428 ὅτι
644 4375 748 4428 κάν
773 4374 847 4445 μὴ
874 4374 1069 4443 πένησι
1096 4373 1220 4444 δῷς,
1250 4374 1569 4439 ἐπελθόντος
1588 4376 1680 4429 τοῦ

106 4460 334 4514 θανάτου
357 4460 453 4512 καὶ
484 4460 632 4513 ἄκων
662 4459 903 4529 ἐκστήσῃ
941 4458 1150 4529 ἐτέροις
1184 4458 1384 4523 αὐτῶν,
1414 4459 1516 4513 κᾶν
1537 4460 1682 4513 οὕτω

107 4544 262 4611 γενοῦ
306 4542 686 4613 φιλάνθρωπος
718 4540 833 4595 νῦν,
863 4543 971 4595 Καὶ
1004 4542 1112 4614 γὰρ
1149 4544 1382 4614 ἐσχάτης
1412 4544 1598 4607 ἀνοίας
1615 4544 1681 4597 ἂν

108 4630 213 4699 εἴη.
249 4624 330 4683 ὧν
373 4628 471 4681 καὶ
512 4631 736 4691 ἄκοντες
776 4626 1091 4690 ἐξίστασθαι
1135 4627 1430 4697 μέλλομεν,
1473 4629 1681 4699 ἑτέροις

110 4710 260 4784 {268]
292 4711 499 4765 τούτων
533 4712 607 4781 μὴ
653 4709 977 4780 μεταδοῦναι
998 4710 1222 4773 ἑκόντας
1246 4714 1356 4773 τοῖς
1380 4711 1677 4781 δεομένοις,

106 4795 399 4849 καὶταῦτα
426 4794 713 4864 μέλλοντας
739 4792 977 4846 τοσαῦτα
1016 4792 1125 4846 ἀπὸ
1151 4793 1249 4863 τῆς
1284 4793 1681 4865 φιλοφροσύνης

106 4880 309 4951 ταύτης
323 4876 667 4949 καρποῦσθαι
680 4877 837 4930 καλά.
860 4876 927 4930 Τὸ
945 4876 1113 4946 ὑμῶν
1123 4878 1677 4951 περίσσευμα,φησὶ,

105 4963 369 5031 γενέσθω
408 4965 497 5027 είς
534 4962 601 5014 τὸ
647 4961 895 5015 ἐκείνων
920 4960 1249 5030 ὑστέρημα.
1287 4962 1352 5014 Τί
1377 4962 1434 5015 δέ
1468 4964 1614 5015 ἐστιν
1652 4964 1680 5015 ὃ

104 5044 291 5113 λέγεις
328 5045 567 5109 Μείζονα
604 5043 921 5115 λαμϐάνεις,
952 5044 1192 5114 ἢ-δίδως.
1221 5044 1388 5108 Δίδως
1424 5045 1677 5116 αἰσθητὰ,

104 5131 193 5181 καί
208 5128 509 5199 λαμϐάνεις
524 5128 691 5199 νοητά
709 5130 801 5182 καὶ
820 5128 1167 5199 πνευματικά
1183 5145 1196 5158 ·
1216 5128 1371 5191 δίδως
1394 5129 1675 5201 ἀργύριον,

104 5214 193 5264 καὶ
240 5212 543 5281 λαμϐάνεις
585 5213 996 5283 ἁμαρτημάτων
1049 5211 1275 5281 ἄφεσιν
1309 5212 1454 5276 λύεις
1494 5214 1558 5267 σὺ
1602 5214 1679 5283 τῷ

104 5295 295 5364 πένητι
336 5295 516 5365 λιμὸν,
561 5297 769 5358 ἐκεῖνος
799 5295 854 5347 δέ
896 5311 977 5347 σοι
1006 5293 1123 5348 λύει
1153 5292 1248 5349 τοῦ
1278 5295 1412 5349 Θεοῦ
1442 5295 1542 5367 τὴν
1584 5297 1678 5367 δρ-

104 5380 220 5448 γήν.
275 5378 571 5443 ’Δντίδοσίς
617 5380 701 5441 τίς
729 5379 846 5431 ἐστι
878 5380 973 5431 καὶ
1003 5380 1356 5451 πραγματεία
1385 5380 1521 5435 πολὺ
1575 5380 1678 5451 τῆς

102 5462 345 5533 δαπάνης
409 5464 580 5534 μείζω
638 5463 734 5515 καὶ
789 5464 1209 5536 χρησιμωτέραν
1259 5464 1361 5536 τὴν
1415 5465 1676 5537 πρόσοδον

102 5549 318 5616 ἔχουσα.
364 5547 430 5600 Ἦ
485 5547 584 5617 μὲν
631 5545 738 5616 γάρ
778 5546 1083 5618 δαπάνηέν
1135 5551 1377 5620 χρήμασι
1430 5551 1674 5619 γίνεται*

103 5630 424 5702 ηπρόσοδος
473 5630 530 5683 δὲ
572 5631 672 5684 οὐκ
700 5630 782 5684 ἔτι
824 5633 881 5684 ἐν
908 5632 1154 5704 χρήμασι
1193 5633 1373 5701 μόνον,
1408 5633 1545 5688 ἀλλά
1583 5636 1678 5691 καὶ

148 5809 168 5836 ⁸
188 5804 302 5856 Duo
326 5819 444 5856 mss.
460 5806 748 5867 ἐνθυμήθητι.

714 256 802 309 DE
841 255 1086 310 VERBIS
1126 252 1479 313 APOSTOLI.
1522 249 1888 305 HABENTES
1926 247 2217 304 EUMDEM
2260 242 2607 301 SPIRITUM.
2656 241 2718 295 Π.

3255 246 3359 304 28“

1783 361 1841 415 ἐν
1874 361 2289 433 ἁμαρτημάτων
2312 360 2528 431 ἀφέσει,
2564 362 2657 415 καὶ
2683 362 2963 434 παρρησία
3001 365 3067 435 τῇ
3105 363 3240 436 πρδς
3271 364 3362 421 τὸν

1781 446 1937 513 Θεὸν,
1973 446 2069 500 καὶ
2108 445 2356 516 βασιλεία
2383 445 2491 498 τῶν
2540 446 2817 517 οὐρανῶν,
2865 449 2959 500 καὶ
2991 451 3058 519 τῇ
3090 450 3199 503 τῶν
3225 451 3364 519 ἀγα-

1783 532 1891 585 θῶν
1941 534 2262 593 ἀπολαύσει,
2301 531 2336 585 ἃ
2389 534 2526 601 μήτε
2561 530 2838 602 ὀφθαλμὸς
2886 529 3016 594 εἶδε,
3078 537 3216 607 μήτε
3269 533 3363 600 οῦς

1782 618 2003 688 ἤκουσε,
2040 621 2178 689 μήτε
2210 617 2303 670 ἐπὶ
2332 616 2561 687 καρδίαν
2591 616 2877 687 ἀνθρώπου
2903 619 3088 690 ἀνέϐη.
3122 620 3246 683 Πῶς
3269 617 3363 675 οῦν

1782 701 1882 752 οὑκ
1914 702 2135 765 ἄτοπον,
2171 702 2298 761 τοὺς
2351 699 2449 769 μὲν
2487 698 2763 768 ἐμπόρους
2810 700 3037 770 μηδενὸς
3086 702 3362 771 φείδεσθαι

1781 783 1890 835 τῶν
1920 783 2112 847 ὅντων,
2156 785 2251 836 καὶ
2282 782 2456 835 ταῦτα
2488 782 2587 851 οὐχ
2617 782 2811 853 ἐτέρας
2837 784 2981 845 τινδς
3020 785 3361 855 καινοτέρας,

1782 867 1897 921 ἀλλ’
1926 869 2120 937 ὁμοίας
2148 872 2214 939 τῇ
2245 866 2448 937 ἐνθήκη
2481 867 2580 936 τῆς
2617 867 2887 937 ἐμπορίας
2916 867 3097 920 αὐτῶν
3137 869 3362 939 μελλού-

1784 968 1883 1022 σης
1934 950 2187 1003 ἔσεσθαι·
2239 952 2389 1021 ἡμᾶς
2440 951 2497 1003 δέ
2543 949 2630 1003 διά
2662 950 2914 1019 φθαρτῶν
2954 952 3049 1004 καὶ
3084 952 3364 1023 ἐπικήρων

1782 1034 1903 1103 οὐχὶ
1937 1033 2150 1105 φθαρτά
2172 1034 2268 1087 καὶ
2295 1034 2556 1103 ἐπίκηρα,
2588 1032 2702 1086 ἀλλ’
2728 1034 2977 1104 ἄφθαρτα
3000 1035 3091 1085 καὶ
3120 1034 3368 1088 ἀθάνατα

1785 1116 2123 1187 καρποῦσθαι
2160 1117 2451 1186 μέλλοντας
2476 1116 2677 1184 ἀγαθά,
2706 1116 2840 1185 μηδὲ
2890 1116 2989 1181 τὴν
3018 1116 3187 1187 αὐτὴν
3217 1117 3365 1169 ἐκεί-

1783 1217 1896 1261 νοις
1951 1201 2264 1271 φιλοτιμίαν
2303 1201 2432 1272 περὶ
2474 1199 2543 1253 τὰ
2584 1199 2713 1251 ὄντα
2761 1199 3202 1264 ἐπιδείκνυσθαι;
3250 1200 3363 1271 Μὴ.

1782 1281 2021 1352 ἀδελφοὶ,
2056 1283 2131 1355 μὴ
2165 1282 2309 1337 οῦτω
2334 1283 2521 1346 κακῶς
2549 1283 2677 1353 περὶ
2709 1282 2809 1352 τῆς
2854 1282 3066 1335 ἐαυτῶν
3097 1282 3367 1352 βουλευώ-

1788 1365 1929 1435 μεθα
1966 1367 2244 1437 σωτηρίας
2270 1383 2282 1396 ⁸
2327 1366 2465 1419 ἀλλά
2510 1366 2572 1419 τὸ
2612 1366 2962 1436 παράδειγμα
3003 1364 3115 1417 τῶν
3160 1365 3368 1437 παρθέ-

1784 1465 1890 1502 νων
1936 1450 2161 1517 εἰδότες,
2198 1450 2450 1512 καὶτοὺς
2504 1452 2582 1512 είς
2629 1448 2690 1501 τὸ
2744 1448 2855 1518 πῦρ
2895 1448 3278 1519 ἀπαγομένους
3307 1450 3370 1502 τὸ

1784 1532 2186 1601 ἡτοιμασμένον
2213 1532 2292 1602 τῷ
2341 1532 2569 1601 διαϐόλῳ
2613 1533 2841 1593 καὶτοῖς
2893 1532 3367 1599 ἀγγέλοις,αύτοῦ,

1786 1616 1974 1686 ἐπειδὴ
1998 1615 2072 1687 μὴ
2100 1616 2354 1686 ἔθρεψαν,
2377 1617 2512 1687 μηδὲ
2540 1616 2799 1669 ἐπότισαν
2818 1616 2909 1669 τὸν
2938 1616 3195 1687 Χριστὸν,
3237 1633 3369 1669 κατ-

1786 1698 2000 1769 έχωμεν
2020 1700 2115 1752 τοῦ
2148 1699 2467 1771 Πνεύματος
2498 1699 2559 1753 τὸ
2584 1700 2695 1771 πῦρ
2726 1700 2813 1753 διὰ
2842 1700 3251 1769 φιλανθρωπίας
3272 1700 3367 1752 δας

1784 1780 1973 1851 ψιλοῦς
2004 1783 2100 1836 καὶ
2126 1784 2527 1853 ἐπιτεταμένης
2573 1783 2976 1855 ἐλεημοσύνης,
3014 1784 3102 1836 ἵνα
3133 1785 3204 1854 μὴ
3238 1783 3370 1854 περὶ

1785 1865 1883 1937 τὴν
1914 1866 2094 1920 πίστιν
2115 1869 2536 1937 ναυαγήσωμεν.
2583 1868 2647 1920 Ἥ
2679 1869 2777 1936 μὲν
2803 1868 2909 1935 γὰρ
2940 1868 3121 1931 πίστις
3142 1867 3243 1936 τῆς
3274 1865 3370 1920 τοῦ

1787 1949 2105 2018 Πνεύματος
2129 1950 2302 2004 δεῖται
2336 1950 2589 2021 βοηθείας
2615 1952 2711 2004 καὶ
2744 1951 2845 2020 τῆς
2878 1952 3225 2021 παραμονῆς,
3281 1950 3371 2003 ἵνα

1785 2035 2034 2098 ἄσειστος
2060 2034 2195 2105 μένῃ
2220 2052 2232 2064 ·
2256 2036 2290 2105 ἡ
2322 2034 2378 2087 δὲ
2411 2034 2505 2087 τοῦ
2535 2032 2853 2103 Πνεύματος
2881 2032 3103 2104 βοήθεια
3127 2032 3215 2086 διὰ
3250 2032 3367 2104 βίου

1786 2117 2024 2189 καθαροῦ
2052 2118 2146 2171 καὶ
2172 2117 2448 2181 πολιτείας
2482 2117 2713 2187 ἀρίστης
2738 2118 2868 2187 ἡμῖν
2896 2116 3085 2169 εἴωθεν
3120 2118 3371 2188 παραμέ-

1784 2219 1917 2257 νειν.
1955 2203 2118 2255 Ὥστε
2146 2204 2195 2255 εί
2228 2202 2515 2273 μέλλοιμεν
2556 2200 2933 2273 ἐρριζωμένην
2965 2200 3110 2271 ἔχειν
3144 2201 3241 2272 τὴν
3280 2201 3371 2253 πί-

1788 2304 1925 2349 στιν,
1982 2286 2259 2349 πολιτείας
2306 2288 2437 2357 ήμῐν
2480 2286 2561 2339 δεῖ
2594 2284 2843 2355 καθαρᾶς
2891 2285 2989 2356 τῆς
3032 2285 3094 2338 τὸ
3146 2286 3373 2357 Πνεύμα

1786 2369 2079 2439 πειθούσης
2120 2371 2301 2441 μένειν
2330 2370 2424 2423 καὶ
2459 2368 2705 2439 συνέχειν
2734 2369 2950 2436 ἐκείνης
2979 2370 3077 2439 τὴν
3116 2368 3368 2440 δύναμιν.

1784 2454 1858 2508 Οὑ
1887 2458 1997 2526 γὰρ
2030 2454 2195 2515 ἐστιν,
2227 2454 2328 2506 ούκ
2375 2452 2491 2506 ἔστι
2536 2452 2651 2521 βίον
2682 2451 2992 2523 ἀκάθαρτον
3039 2451 3254 2523 ἔχοντα,
3293 2454 3369 2525 μὴ

1786 2538 1881 2590 καὶ
1912 2556 1977 2590 πε
1988 2537 2040 2607 pl
2059 2537 2159 2608 τὴν
2182 2537 2364 2590 πίστιν
2386 2535 2726 2589 σαλεύεσθαι.

1859 2628 1911 2676 ι’.
1953 2623 2016 2674 Οί
2057 2620 2187 2689 γοῦν
2238 2621 2367 2689 περὶ¹
2414 2620 2755 2690 εἱμαρμένης
2795 2619 3113 2691 ληροῦντες,
3166 2621 3261 2674 καὶ
3292 2620 3371 2689 τῷ

1788 2705 2123 2776 σωτηριώδει
2148 2705 2247 2775 τῆς
2270 2705 2618 2766 ἀναστάσεως
2647 2703 3058 2768 διαπιστοῦντες
3078 2704 3240 2774 λόγῳ,
3260 2705 3371 2757 ἀπὸ

1788 2788 2088 2851 συνειδότος
2138 2786 2376 2857 πονηροῦ
2410 2786 2505 2839 καὶ
2544 2783 2797 2855 πράξεων
2825 2786 3237 2857 διεφθαρμένων
3277 2788 3372 2841 ἐπὶ

1783 2874 1845 2926 τὸ
1893 2871 2167 2944 βάραθρον
2200 2871 2302 2939 τῆς
2344 2871 2604 2933 ἀπιστίας
2650 2871 2858 2940 ταύτης
2904 2870 3226 2924 κατέπεσον.
3260 2872 3371 2924 Καὶ

1785 2955 2038 3026 καθάπερ
2074 2957 2123 3008 οί
2160 2955 2523 3023 πυρέττοντες
2557 2953 2870 3023 βουλόμενοι
2906 2952 2968 3005 τὸ
3015 2956 3207 3021 πνῖγος
3232 2954 3369 3007 ἀπο-

1782 3037 2123 3102 τινάξασθαι.
2164 3036 2307 3092 κατά
2333 3036 2560 3106 ψυχρῶν
2585 3036 2813 3099 ἑαυτοὺς
2850 3034 3109 3099 πολλάκις
3138 3035 3369 3108 ἔρριψαν

1785 3122 2013 3184 ὑδάτων,
2040 3120 2132 3173 καὶ
2163 3120 2298 3190 πρὸς
2316 3120 2492 3191 βραχὺ
2524 3119 3053 3189 παραμυθησάμενοι
3074 3119 3171 3189 τὴν
3190 3120 3367 3185 νόσον,

1783 3204 2173 3276 χαλεπωτέραν
2230 3203 2454 3274 ὕστερον
2504 3203 2716 3272 ἀνῆψαν
2750 3204 2850 3273 τὴν
2880 3204 3089 3272 φλόγα’
3129 3203 3271 3257 οὕτω
3302 3206 3367 3278 δὴ

1784 3289 1879 3343 καὶ
1919 3289 1970 3340 οί
1997 3286 2219 3357 πονηρῷ
2262 3286 2609 3356 συνεχόμενοι
2643 3287 2925 3349 συνειδότι,
2961 3283 3081 3340 εἶτα
3112 3306 3369 3359 παραμυο

1785 3372 1905 3424 θίαν
1968 3369 2256 3440 ζητοῦντες
2292 3370 2475 3441 εὑρεῖν
2512 3370 2605 3421 καὶ
2664 3369 2737 3440 μὴ
2770 3368 3083 3439 βουλόμενοι
3111 3373 3369 3442 μετανοίᾳ

1781 3454 1853 3508 τὰ
1890 3454 2265 3525 ἁμαρτήματα
2295 3450 2687 3521 ἀπονίψασθαι,
2740 3451 2838 3522 τὴν
2887 3453 2987 3523 τῆς
3024 3455 3368 3526 εἱμαρμένης

1783 3539 2152 3609 ἐπεισήγαγον
2201 3534 2513 3606 τυραννίδα,
2572 3534 2666 3587 καὶ
2705 3534 2804 3604 τὴν
2849 3535 2950 3604 τῆς
3018 3536 3369 3600 ἀναστάσεως

1782 3622 2060 3675 ἀπιστίαν.
2096 3620 2194 3673 Διά
2217 3618 2372 3672 τοῦτο
2395 3617 2629 3671 ἐνταῦθα
2653 3620 2882 3682 ἑαυτοὺς
2914 3620 3002 3673 διὰ
3020 3619 3129 3672 τῶν
3144 3619 3368 3692 ψυχρῶν

1782 3702 2056 3773 λογισμῶν
2081 3707 2216 3773 πρὸς
2244 3702 2419 3772 βραχὺ
2450 3699 3004 3773 παραμυθησάμενοι,
3030 3702 3251 3772 μείζονα
3266 3704 3368 3773 τῆς

1783 3788 2011 3857 γεέννης
2027 3786 2324 3856 ἀνάψουσιν
2340 3787 2553 3847 ἑαυτοῖς
2569 3785 2667 3855 τὴν
2696 3784 2893 3853 φλόγα,
2934 3786 3063 3837 ὅταν
3083 3787 3367 3857 γενόμενοι

1786 3870 2169 3942 ρᾳθυμότεροι,
2201 3863 2319 3921 εἶτα
2354 3866 2683 3931 ἀπελθόντες
2733 3869 2850 3920 ἐκεῖ
2905 3867 3207 3923 θεάσωνται
3257 3870 3367 3923 τῶν

1784 3956 1997 4017 ἑαυτοῖς
2044 3950 2596 4023 πεπλημμελημένων
2647 3950 2879 4003 ἕκαστον
2933 3952 3095 4005 αὐτὸν
3155 3953 3368 4007 διδόντα

1784 4035 2032 4098 εὐθύνας.
2067 4037 2178 4088 Kal
2201 4036 2287 4087 ἵνα
2316 4034 2524 4105 μάθητε
2546 4035 2629 4087 ότι
2656 4033 2815 4086 τοῦτό
2847 4034 2995 4087 ἐστιν
3021 4034 3240 4105 ἀληθὲς,
3271 4036 3367 4089 καὶ

1785 4117 2013 4190 πράξεις
2047 4118 2283 4188 πονηραὶ
2311 4119 2376 4188 τῇ
2419 4117 2517 4186 τῆς
2559 4116 2797 4179 πίστεως
2822 4116 3172 4186 λυμαίνονται
3204 4120 3365 4190 στερ·

1788 4204 1995 4274 ρὀητι,
2031 4202 2261 4256 ἄκουσον
2284 4200 2334 4251 τί
2366 4216 2529 4269 φησιν
2559 4200 2586 4251 ό
2618 4198 2923 4269 Παῦλοςτῷ
2944 4200 3193 4269 Τιμοθέῳ
3214 4198 3362 4273 [⁸269]

1785 4286 2011 4358 γράφων
2031 4302 2045 4315 ·
2086 4285 2209 4339 Ἵνα
2234 4283 2603 4350 στρατεύσῃ,
2629 4282 2783 4351 φησὶ,
2814 4280 2931 4349 τὴν
2956 4280 3158 4350 καλὴν
3183 4297 3367 4351 στρα-

1785 4370 1970 4435 τείαν,
1997 4367 2152 4436 ἔχων
2169 4366 2379 4420 πίστιν
2404 4363 2506 4417 καί
2569 4363 2804 4432 ἀγαθὴν
2832 4364 3194 4432 συνείδησιν
3223 4366 3275 4435 (ἡ
3307 4365 3366 4419 δὲ

1785 4452 1965 4522 ἀγαθὴ
2036 4450 2337 4519 συνείδησις
2393 4449 2501 4502 ἀπὸ
2556 4448 2672 4517 βίου
2734 4448 2830 4500 καὶ
2879 4448 3132 4519 πράξεων
3186 4449 3365 4519 ὀρθῶν

1785 4538 1980 4605 γένοιτ’
2011 4534 2096 4605 ἄν)
2120 4552 2133 4565 ο
2167 4534 2247 4601 ἦν
2299 4551 2459 4598 τινες
2491 4530 2913 4600 ἀπωσάμενοι,
2959 4533 3093 4602 περὶ
3123 4533 3239 4601 τὴν
3270 4536 3365 4587 πί-

1786 4636 1945 4685 στιν,
2001 4620 2186 4689 φησὶν,
2241 4617 2649 4686 ἐναυάγησαν.
2702 4617 2813 4668 Καὶ
2867 4617 3029 4670 πάλιν
3084 4616 3317 4688 ἀλλαχοῦ
3345 4634 3360 4649 ο

1797 4702 1951 4763 Ῥίζα
1969 4701 2211 4756 πάντων
2244 4699 2364 4754 τῶν
2383 4698 2585 4754 κακῶν
2616 4699 2790 4752 ἐστιν
2816 4701 2855 4768 ἠ
2883 4701 3262 4769 φιλαργυρία,
3286 4697 3365 4771 ἧς

1786 4804 1945 4853 τινες
1973 4786 2315 4855 ὀρεγόμενοι
2347 4781 2873 4849 ἀπεπλανήθησαν
2912 4783 3023 4851 τῆς
3079 4785 3361 4851 πίστεως.

1786 4867 1940 4934 Εἶδες
1967 4870 2051 4923 ὅτι
2093 4870 2337 4921 κάκεῖνοι
2384 4866 2729 4936 ἐναυάγησαν
2771 4865 2861 4920 διὰ
2885 4864 3064 4931 τοῦτο,
3092 4868 3188 4919 καὶ
3216 4863 3361 4921 οὗτοι

1783 4955 1871 5009 διὰ
1895 4954 2054 5007 τοῦτο
2082 4950 2565 5021 ἀπεπλανήθησαν,
2602 4949 2791 5020 ἐπειδὴ
2819 4950 2868 5003 οἱ
2900 4950 2998 5019 μὲν
3018 4950 3119 5020 τὴν
3147 4951 3363 5021 ἀγαθὴν

1786 5036 2086 5105 συνείδησιν
2143 5033 2463 5096 ἀπώσαντο,
2521 5024 2667 5084 οὗτοι
2721 5032 2778 5085 δὲ
2831 5032 2931 5102 τῆς
3002 5032 3363 5106 φιλαργυρίας

1784 5120 2141 5181 ἐπελάϐοντος
2175 5119 2356 5188 Ἀπερ
2395 5118 2609 5171 ἅπαντα
2634 5115 2982 5186 λογισάμενοι
3012 5114 3039 5153 δ
3061 5118 3177 5186 μετ’
3204 5119 3364 5189 ἀκρι-

1781 5203 1956 5268 ϐείας,
1976 5199 2364 5271 ἐπιμελώμεθα
2392 5199 2664 5261 πολιτείας
2689 5198 2936 5270 ἀρίστης,
2952 5197 3363 5267 ὥστεγενέσθαι

1779 5284 1999 5339 διπλοῦν
2032 5286 2164 5354 ἡμῖν
2195 5282 2288 5335 τὸν
2323 5281 2534 5353 μισθὸν,
2568 5281 2665 5334 Eva
2715 5280 2836 5350 μὲν,
2878 5280 2969 5332 τὸν
3008 5282 3073 5335 ἐκ
3111 5283 3212 5352 τῆς
3253 5283 3364 5338 τῶν

1781 5368 1957 5439 ἔργων
1980 5359 2213 5436 ἀμδιϐἦς
2235 5364 2656 5436 ἡτοιμασμένον,
2689 5363 2875 5433 ἕτερον
2898 5362 2974 5427 δὲ,
3003 5363 3096 5417 τὸν
3139 5365 3205 5417 ὲκ
3260 5368 3360 5437 τῆς

1781 5453 1923 5507 κατά
1950 5450 2131 5504 πίστιν
2166 5448 2546 5520 στερρότητος.
2595 5447 2774 5516 Ὅπερ
2799 5446 2908 5517 γάρ
2929 5448 3077 5499 ἐστιν
3115 5450 3147 5517 ὴ
3180 5449 3356 5518 τροφὴ

1778 5536 1857 5607 τῷ
1892 5535 2122 5605 σώματι,
2140 5532 2297 5585 τοῦτο
2324 5532 2357 5600 ἡ
2394 5530 2637 5584 πολιτεία
2664 5533 2731 5601 τῇ
2751 5530 2963 5582 πίστει·
2992 5531 3087 5583 καὶ
3106 5530 3359 5602 καθάπερ

1781 5623 1814 5692 ἡ
1852 5618 1952 5688 τῆς
1987 5615 2187 5686 σαρκὸς
2221 5613 2385 5683 φύσις
2418 5614 2519 5684 τῆς
2572 5612 2844 5683 ἡμετέρας
2876 5612 2976 5666 οὐκ
3022 5613 3088 5669 ἂν
3138 5613 3361 5686 διακρα-

1842 5797 1871 5838 ι
1881 5798 1988 5851 Duo
2008 5808 2120 5845 mss.
2140 5793 2443 5860 λογιζόμενοι.
