3990 6358
270 220 362 274 281

272 335 377 386 vita
407 331 475 387 ad
502 331 660 386 fidem
687 348 701 396 ;
737 341 791 387 et
817 333 956 387 sicut
976 334 1151 387 carnis
1182 343 1381 389 nostra:
1407 340 1593 387 natura
1624 329 1740 383 sine
1770 328 1862 381 ali-

268 433 451 477 mento
476 422 669 478 durare
709 438 814 476 non
857 433 1071 492 potest,
1102 424 1172 477 ita
1203 439 1376 493 neque
1406 422 1537 476 fides
1563 422 1679 474 sine
1708 418 1861 473 bonis

266 514 555 582 operibus:
591 511 746 567 Fides
775 516 917 567 enim
948 515 1055 568 sine
1094 514 1327 584 aperibus
1364 521 1564 567 mortua
1601 522 1674 565 est
1706 509 1857 584 (Jac.

264 606 315 661 ἓ.
334 605 450 677 20).
476 606 650 661 Unum
678 615 927 675 snperest
950 605 1230 661 dicendum
1256 625 1268 660 :
1294 606 1420 676 quid
1448 614 1549 668 est,
1576 603 1862 657 Eumdem?

262 698 378 753 Non
409 698 553 754 enim
580 698 891 767 simpliciter
919 697 1071 763 dixit,
1105 697 1374 751 [labentes
1403 696 1659 765 Spiritum
1691 694 1813 748 fidei
1845 713 1857 746 :

263 789 356 843 sed
385 788 559 860 quid?
588 787 844 842 Habentes
873 788 1103 842 eumdem
1147 788 1399 858 Spiritum
1437 785 1579 855 ﬁdei.
1611 784 1676 851 Et
1710 783 1858 837 vole-

263 881 382 935 bam
413 881 629 950 quidem
660 896 915 935 enarrare
946 879 1047 934 hoc
1075 896 1287 950 quoque
1321 896 1334 932 :
1367 878 1462 933 sed
1492 876 1741 948 quoniam
1773 876 1857 928 vi-

261 972 361 1026 deo
388 971 558 1026 multa
591 970 979 1026 sententiarum
1029 969 1247 1024 flumina
1287 985 1351 1022 ex
1376 968 1515 1023 nuda
1546 967 1646 1021 hac
1668 967 1856 1020 vocula

261 1064 684 1134 prorumpentia,
714 1078 904 1118 vereor
932 1077 1001 1117 ne
1024 1061 1363 1116 multitudine
1392 1075 1601 1123 eorum,
1634 1074 1753 1128 quze
1779 1058 1861 1112 di-

258 1156 429 1211 cenda
455 1164 655 1215 essent,
688 1154 941 1209 inundem
968 1156 1167 1218 omnia,
1194 1162 1355 1224 atque
1380 1152 1451 1207 ita
1476 1152 1590 1206 htcc
1613 1151 1855 1206 doctrina

259 1248 420 1302 nimia
468 1247 771 1315 prolixitate
816 1246 1123 1301 detrimenti
1169 1246 1368 1315 aliquid
1413 1244 1657 1314 accipiat.
1711 1243 1857 1311 Qua-

262 1350 478 1411 propter
504 1339 589 1393 bic
616 1340 774 1393 finem
806 1338 1005 1394 faciens
1030 1338 1301 1409 loquendi,
1323 1353 1419 1391 oro
1436 1348 1490 1391 et
1515 1338 1773 1403 obtestor,
1798 1345 1856 1389 ttt

880 218 968 275 DE
1011 218 1253 275 VERBIS
1291 216 1645 284 APOSTOLI,
1688 211 2050 269 HABENTES
2091 211 2379 268 EUMDEM
2418 212 2760 269 SPIRITUM.
2804 212 2865 266 ll.

3467 212 3572 264 23'!

1972 336 2026 381 et
2055 342 2172 396 qua:
2201 326 2495 387 audivistis,
2522 326 2590 381 de
2616 328 2840 381 honeste
2860 323 3108 390 videndo,
3136 324 3199 379 de
3230 322 3353 389 ﬁdo,
3377 323 3443 377 de
3465 326 3572 379 tir-

1967 418 2219 488 ginitate,
2253 418 2320 473 de
2366 419 2687 488 benignitate
2713 460 2729 484 ,
2773 418 2841 472 de
2882 418 3221 489 elcemosyna
3245 460 3261 482 ,
3289 416 3575 486 diligenter

1968 511 2263 565 observetis
2286 530 2297 565 :
2321 522 2374 565 et
2400 510 2513 565 bare
2542 511 2678 565 bene
2706 511 2757 565 in
2785 510 3042 564 memoria
3072 510 3385 575 retinentes,
3408 508 3476 563 ad
3505 524 3572 565 ea

1968 618 2087 672 qua:
2118 613 2406 672 superSunt
2434 603 2694 657 audienda
2727 612 2924 672 praesto
2948 601 3085 655 sitis.
3123 600 3212 655 Sic
3237 601 3379 655 enim
3412 602 3565 656 nobis

1968 694 2194 748 solidum
2224 697 2329 749 erit
2368 710 2431 749 ac
2474 695 2847 749 inconcussum
2875 694 3134 748 doctrinae
3176 701 3372 747 nostra:
3402 693 3570 747 :edifi-

1966 787 2128 851 cium,
2162 786 2205 839 si
2239 787 2504 855 prioribus
2537 787 2589 839 in
2620 796 2799 841 mente
2822 796 2999 840 vestra
3033 785 3170 841 bene
3200 785 3433 841 fundatis
3458 826 3474 851 ,
3504 802 3566 841 ea

1967 894 2086 949 qua:
2130 890 2426 948 sequuntur
2467 879 3001 950 superstruxerimus.
3057 879 3197 934 Deus
3249 888 3430 934 autem
3475 880 3565 949 qui

1966 970 2122 1025 nobis
2146 969 2297 1025 dedit
2323 973 2437 1026 haec
2461 971 2639 1025 dicere
2663 1012 2679 1039 ,
2715 980 2769 1024 et
2799 970 2949 1024 vobis
2994 986 3115 1025 cum
3161 970 3439 1026 alacritate
3466 987 3559 1024 au-

1965 1059 2081 1115 dire
2100 1102 2115 1125 ,
2144 1061 2335 1131 dignos
2376 1076 2474 1115 nos
2505 1062 2698 1127 faciat,
2724 1070 2782 1115 ut
2807 1070 2861 1116 et
2890 1075 2986 1131 per
3018 1076 3181 1131 opera
3210 1060 3435 1116 fructum
3463 1062 3564 1114 ali-

1963 1168 2121 1223 quem
2147 1153 2499 1224 proferamus,
2527 1154 2691 1225 gratia
2722 1162 2775 1207 et
2804 1152 3130 1223 benignitate
3158 1153 3366 1207 Domini
3395 1153 3563 1207 nostri

1964 1245 2091 1300 Jesu
2118 1244 2351 1310 Christi,
2382 1246 2633 1316 quoniam
2679 1245 2776 1315 ipsi
2816 1244 2983 1314 gloria
3027 1244 3078 1298 in
3118 1243 3310 1297 sarcula
3339 1244 3564 1298 smculo-

1966 1353 2102 1390 rum.
2135 1343 2327 1391 Amen.

256 1564 336 1605 DE
366 1564 606 1607 EISDEM
649 1564 877 1608 VERBIS
922 1562 1247 1616 APOSTOLI,
1294 1561 1622 1604 HABENTES
1666 1560 1883 1603 AUTEM
1930 1560 2204 1601 EUMDEM
2250 1561 2553 1605 SPIRITUM
2594 1563 2797 1616 FIDEI,
2845 1562 3028 1604 SICUT
3072 1562 3383 1605 SCRIPTUM
3431 1561 3545 1604 EST

338 1646 441 1723 (2.
491 1646 633 1709 Cor.
668 1645 729 1707 ῖι.
763 1645 883 1727 13)
942 1666 957 1705 :

1005 1665 1086 1707 ET
1127 1664 1448 1707 ADVERSUS
1493 1661 1897 1715 ΜΔΝΙΟΙῙΛΕΟϐ,
1946 1662 2026 1702 ET
2068 1660 2276 1703 OMNES
2320 1662 2427 1713 QUI
2473 1663 2674 1705 VETUS
2717 1662 3189 1705 TESTAMENTUM
3232 1662 3555 1707 CALUMNI-

340 1764 574 1821 suros,
621 1764 703 1806 ET
744 1766 781 1807 Α
826 1763 993 1807 novo
1035 1764 1358 1807 seramus
1401 1762 1761 1816 common,
1809 1761 1889 1803 ET
1932 1761 2015 1802 ne
2059 1760 2476 1806 ELEEMOSYNA
2524 1745 2634 1825 (a).

318 2028 370 2081 Ι.
407 2026 527 2081 Veri
549 2037 800 2082 amatores
830 2028 1191 2096 promissorum
1220 2044 1481 2083 memores.
1512 2058 1584 2068 —
1608 2028 1838 2095 Aposto-

248 2118 331 2171 Iici
364 2119 517 2172 vobis
547 2121 811 2174 sermonis
835 2120 1221 2190 expositionem
1247 2120 1419 2176 debeo
1441 2121 1551 2190 jam
1578 2121 1667 2175 diu
1695 2139 1707 2175 :
1739 2121 1832 2174 sed

245 2208 347 2264 hoc
382 2209 624 2264 debitum
661 2227 759 2268 vos
796 2210 1041 2265 fortassis
1093 2212 1224 2267 estis
1274 2212 1425 2267 obliti
1466 2213 1536 2267 ob
1578 2212 1833 2282 temporis

243 2298 625 2370 longitudinem
653 2344 667 2365 ,
694 2317 793 2372 ego
819 2318 949 2356 vero
980 2318 1085 2356 non
1133 2318 1249 2356 sum
1297 2303 1494 2358 oblitus
1528 2303 1612 2357 ob
1652 2319 1829 2359 meum

240 2410 363 2463 erga
395 2409 491 2449 vos
520 2393 785 2449 affectum.
815 2395 902 2450 Sic
940 2410 999 2449 se
1042 2395 1201 2450 habet
1228 2395 1422 2451 caritas
1455 2415 1467 2450 :
1499 2396 1723 2465 vigilans
1749 2406 1831 2451 est

237 2500 298 2536 ac
324 2484 550 2539 sollicita
576 2501 594 2551 ;
624 2500 724 2540 nec
758 2485 1032 2541 adamatos
1062 2486 1233 2541 solum
1266 2487 1316 2540 in
1352 2486 1530 2541 animo
1550 2487 1831 2543 circumfe-

236 2589 359 2632 runt
384 2579 420 2633 ii
449 2580 539 2650 qui
568 2588 769 2643 amant,
798 2580 892 2635 sed
917 2596 1033 2650 quae
1057 2580 1416 2650 promiserunt
1444 2581 1611 2651 magis
1636 2582 1829 2636 memi-

236 2680 431 2725 nerunt
448 2687 606 2741 quam
627 2671 751 2741 ipsi,
772 2673 859 2743 qui
881 2674 1140 2743 promissa
1166 2684 1290 2728 sunt
1310 2674 1595 2744 recepturi.
1619 2674 1822 2728 Eodem

232 2763 394 2817 modo
425 2774 595 2819 mater
622 2766 983 2820 amantissima
1024 2776 1300 2836 postquam
1341 2781 1539 2821 mensae
1574 2766 1824 2837 reliquias

234 2857 415 2922 pueris
440 2858 552 2911 suis
578 2858 819 2927 reposuit
841 2901 857 2924 ,
886 2859 1093 2913 etiamsi
1141 2859 1213 2913 illi
1250 2860 1382 2915 forte
1419 2860 1819 2925 obliviscantur,

231 2945 342 3015 ipsa
377 2955 555 3001 tamen
585 2947 848 3015 meminit,
878 2964 1075 3019 easque
1099 2950 1379 3019 diligenter
1402 2962 1701 3006 asservatas
1728 2952 1821 3006 de-

228 3041 426 3108 promit
452 3084 467 3110 ,
501 3051 554 3097 et
582 3042 853 3099 famelicos
880 3046 958 3099 eis
988 3046 1179 3115 pascit.
1211 3046 1362 3113 Quod
1393 3046 1437 3100 si
1470 3056 1666 3101 matres
1693 3061 1817 3116 erga

227 3132 427 3189 liberos
471 3144 578 3189 tam
622 3136 955 3207 indulgentes
1002 3148 1158 3206 sunt,
1204 3148 1350 3194 tanto
1392 3140 1581 3208 majori
1611 3156 1736 3195 cura
1765 3150 1818 3195 et

224 3226 403 3279 studio
431 3237 609 3281 vestra
639 3230 833 3283 caritas
874 3230 1025 3284 nobis
1062 3239 1145 3285 est
1185 3232 1554 3301 prosequenda
1578 3274 1591 3297 ,
1620 3242 1817 3302 quanto

223 3315 398 3384 major
423 3317 507 3371 vis
534 3327 616 3372 est
644 3319 930 3388 spiritualis
961 3331 1139 3389 partus
1164 3337 1322 3392 quam
1355 3323 1627 3377 naturalis.
1660 3324 1816 3391 Quae-

222 3421 344 3459 nam
378 3406 541 3476 igitur
570 3408 666 3463 fuit
697 3410 782 3463 illa
814 3426 995 3465 mensa
1022 3453 1036 3478 ,
1064 3412 1215 3482 cujus
1244 3413 1495 3483 reliquias
1519 3414 1669 3469 vobis
1692 3430 1813 3470 ser-

219 3499 505 3554 vavimus?
536 3500 709 3556 Verba
739 3513 892 3557 erant
929 3505 1151 3574 apostoli
1177 3546 1191 3570 ,
1223 3522 1285 3560 ex
1323 3507 1515 3576 quibus
1549 3516 1673 3563 tunc
1704 3525 1808 3562 non

219 3606 407 3658 parum
430 3593 735 3648 nutrimenti
758 3595 1047 3664 spiritualis
1068 3598 1420 3666 percepimus,
1440 3598 1589 3668 cujus
1605 3609 1807 3670 partem

217 3684 409 3738 vestris
435 3686 700 3740 mentibus
729 3687 1036 3753 indidimus,
1067 3697 1268 3759 partem
1289 3690 1342 3744 in
1362 3690 1674 3746 hodiernum
1701 3692 1812 3747 dis-

216 3777 438 3831 tulimus
463 3818 479 3842 ,
527 3792 597 3831 ne
637 3778 979 3833 multitudine
1025 3793 1331 3835 sermonum
1378 3782 1687 3838 memoriam
1716 3799 1809 3839 ve-

216 3873 382 3920 stram
409 3868 776 3923 obrueretnus.
821 3869 1075 3937 Quaenam
1121 3870 1279 3941 igitur
1319 3880 1442 3925 sunt
1484 3873 1571 3926 illa
1603 3874 1806 3929 verba?

218 3956 473 4011 Habentes
502 3968 666 4013 autem
693 3962 920 4014 eumdem
949 3961 1201 4030 Spiritum
1232 3962 1380 4031 ﬁdei,
1408 3965 1537 4017 sicut
1564 3965 1805 4035 scriptum

212 4060 328 4103 est:
359 4049 597 4115 Credidi,
640 4063 845 4121 prapter
880 4054 1014 4117 quod
1056 4055 1291 4124 loquutus
1328 4073 1441 4110 sum
1472 4073 1491 4110 :
1518 4059 1669 4111 etiam
1713 4075 1804 4111 nos

209 4142 465 4197 credimus
483 4185 498 4209 ,
526 4154 831 4215 quapropter
857 4155 905 4199 et
931 4146 1181 4214 loquimur
1202 4149 1219 4219 (
1242 4148 1298 4202 2.
1330 4146 1448 4203 Cor.
1477 4149 1527 4202 4.
1565 4150 1632 4203 15
1656 4149 1694 4219 ).
1728 4150 1802 4204 De

208 4250 314 4303 qua
344 4236 506 4304 igitur
531 4235 635 4290 fide
661 4236 731 4290 sit
756 4251 934 4292 sermo
956 4278 972 4304 ,
1005 4247 1181 4293 utrum
1206 4238 1274 4295 de
1303 4255 1364 4295 ea
1397 4256 1491 4310 per
1510 4256 1668 4311 quam
1704 4257 1798 4311 pa-

208 4334 423 4380 trantur
452 4327 708 4398 prodigia,
734 4333 803 4385 de
832 4346 934 4400 qua
962 4330 1210 4387 Christus
1240 4332 1401 4399 dicit,
1438 4335 1500 4389 Si
1527 4335 1799 4391 habueritis

207 4417 366 4483 [idem
388 4418 515 4472 sicut
538 4437 755 4489 granum
779 4423 967 4493 sinapi,
995 4424 1169 4479 dicetis
1200 4427 1359 4480 monti
1385 4426 1524 4494 huic,
1554 4426 1723 4498 Migra
1753 4439 1799 4482 et

206 4510 448 4580 migrabit
486 4510 696 4579 (Matth.
725 4514 811 4567 17.
842 4514 931 4585 19)
960 4532 973 4568 :
1002 4531 1069 4570 an
1095 4516 1161 4572 de
1182 4533 1265 4584 ea,
1296 4533 1414 4587 qua:
1441 4520 1795 4589 cognitionem

205 4602 259 4655 in
292 4602 447 4657 nobis
470 4604 656 4673 gignit,
682 4607 971 4660 secundum
989 4624 1145 4676 quam
1164 4624 1351 4664 omnes
1372 4627 1555 4665 sumus
1574 4612 1793 4669 fideles:

206 4702 317 4745 tum
340 4708 443 4760 qua
470 4693 537 4748 de
556 4709 716 4749 causa
742 4696 969 4766 Spiritus
1000 4698 1122 4754 fidei
1152 4699 1223 4754 sit
1247 4702 1441 4769 dictus,
1473 4710 1528 4758 et
1549 4720 1793 4774 quaenam

202 4784 275 4836 sit
311 4782 427 4839 haec
461 4784 593 4842 fides
625 4802 641 4841 :
673 4786 788 4843 haec
826 4790 1002 4843 omnia
1034 4806 1132 4860 pro
1159 4792 1362 4847 viribus
1391 4794 1533 4864 apud
1562 4807 1792 4852 vestram

200 4874 553 4931 disseruimus
577 4879 852 4935 caritatem
875 4923 889 4945 ,
933 4892 1093 4952 atque
1123 4883 1332 4938 interim
1359 4887 1519 4941 etiam
1548 4887 1616 4943 de
1646 4890 1789 4944 elee-

199 4980 425 5037 mosyna
454 4968 612 5023 verba
644 4967 890 5026 fecimus.
933 4973 1066 5027 Cum
1099 4990 1228 5029 vero
1253 4989 1555 5046 superesset
1584 4980 1790 5050 disqui-

200 5058 424 5111 rendum
448 5100 465 5124 ,
497 5074 598 5114 cur
620 5060 819 5116 dictum
848 5064 917 5118 sit
941 5104 957 5129 ,
986 5063 1236 5119 Eumdem
1266 5066 1515 5136 Spiritum
1544 5071 1666 5138 ﬁdei
1688 5112 1703 5134 ,
1736 5081 1789 5126 et

199 5163 310 5215 pne
335 5149 673 5206 multitudine
697 5168 883 5207 eorum
905 5170 1024 5224 quae
1048 5156 1156 5225 jam
1180 5157 1439 5227 dixeram,
1471 5176 1574 5216 non
1608 5165 1788 5219 liceret

195 5237 359 5291 etiam
389 5238 505 5293 haec
530 5242 689 5297 verba
715 5243 998 5314 diligenter
1016 5261 1268 5304 enarrare
1293 5267 1306 5303 :
1332 5251 1451 5306 ideo
1480 5253 1531 5307 in
1560 5268 1787 5323 praesen-

197 5337 305 5383 tem
333 5328 476 5385 diem
500 5346 562 5386 ea
588 5335 945 5403 reposuimus,
971 5344 1025 5390 et
1048 5353 1189 5394 nunc
1215 5339 1342 5395 illud
1369 5341 1603 5397 debitum
1633 5347 1783 5400 vobis

198 5421 458 5476 reddituri
486 5424 748 5480 venimus.
781 5426 888 5482 Cur
928 5428 1087 5499 igitur
1128 5429 1300 5498 dixit,
1347 5431 1642 5489 Eumdem?
1670 5437 1781 5491 Ma-

258 5571 915 5656 S?Z.I1‘a?_"§s;.=.§iadee;
938 5580 1098 5645 ρνεάίε
1121 5585 1549 5656 imminutus.“
1569 5590 1645 5641 his
1668 5604 1782 5656 αρω

306 5634 567 5715 ἔντόρξδςξ-ιᾴ
574 5632 806 5715 {libentes
823 5632 982 5715 autem
1004 5632 1245 5694 eumdem;
1251 5632 1265 5697 ξ
1361 5632 1762 5715 initiati)?

190 5700 365 5744 uerum
388 5696 451 5749 de
474 5697 645 5749 iisdem
669 5703 820 5756 verbis
842 5704 1103 5758 orationem
1126 5696 1427 5768 ugqreditur.

1829 1884 1935 1939 3:1

1940 1905 2176 1917 ὴ

1957 2040 2114 2095 gnam
2158 2027 2531 2097 cognationem
2574 2026 2706 2082 Novi
2751 2027 3078 2085 Testamenti
3115 2038 3171 2084 et
3204 2027 3412 2084 Veteris
3445 2029 3554 2083 vnlt

1955 2122 2242 2175 ostendere
2268 2137 2280 2173 :
2313 2120 2430 2175 ideo
2459 2120 2733 2189 prophetae
2762 2122 2919 2175 etiam
2950 2121 3111 2175 verba
3140 2121 3293 2175 nobis
3318 2135 3553 2175 comme-

1955 2222 2130 2265 morat
2158 2213 2341 2267 dicens
2374 2230 2387 2266 :
2425 2211 2679 2267 Habentes
2707 2224 2875 2267 autem
2908 2214 3135 2267 eumdem
3180 2213 3469 2283 Spiritum;
3498 2223 3551 2269 et

1951 2300 2211 2370 adjiciens
2245 2320 2258 2357 :
2286 2303 2433 2357 Sicut
2459 2305 2704 2372 scriptum
2722 2317 2829 2360 est:
2850 2304 3053 2358 Credidi
3080 2314 3283 2374 propter
3306 2305 3440 2374 quod
3466 2305 3551 2358 lo-

1958 2404 2143 2463 quutus
2160 2410 2271 2447 sum
2300 2394 2471 2458 (Psal.
2500 2397 2621 2450 H5.
2654 2395 2766 2466 10).
2792 2395 2902 2450 Hoc
2932 2406 3108 2451 autem
3139 2396 3450 2464 jamdudum
3491 2404 3547 2450 et

1949 2499 2076 2541 ante
2105 2487 2299 2541 multas
2321 2496 2506 2543 :etates
2539 2487 2701 2542 David
2741 2488 2982 2555 dixerat,
3012 2488 3154 2559 quod
3184 2504 3321 2543 nunc
3348 2488 3544 2543 Paulus

1949 2577 2193 2645 adduxit,
2235 2578 2478 2634 indicans
2514 2579 2758 2634 eamdem
2799 2579 3028 2647 Spiritus
3057 2580 3303 2650 gratiam,
3335 2588 3392 2635 et
3424 2591 3546 2633 tunc

1947 2667 2002 2721 in
2041 2668 2134 2723 illo
2156 2710 2171 2736 ,
2213 2678 2268 2724 et
2306 2685 2445 2725 nunc
2475 2671 2529 2724 in
2560 2670 2742 2733 nobis,
2776 2670 2897 2725 fidei
2930 2671 3136 2725 radices
3164 2671 3403 2741 posuisse
3433 2688 3450 2726 ;
3479 2686 3544 2723 ac

1943 2760 1991 2814 si
2020 2759 2244 2825 diceret,
2278 2760 2424 2815 Idem
2450 2770 2533 2815 est
2555 2760 2677 2815 fidei
2706 2760 2957 2832 Spiritus,
2978 2763 3065 2832 qui
3090 2761 3141 2815 in
3170 2762 3261 2816 illo
3287 2761 3536 2831 loquutus

1943 2861 2027 2906 est
2049 2893 2063 2917 ,
2092 2862 2145 2906 et
2176 2853 2227 2905 in
2252 2852 2405 2906 nobis
2432 2863 2703 2920 operatus.

2018 2944 2075 2997 2.
2116 2943 2307 2998 Contra
2337 2943 2670 2999 Manichazos.
2698 2974 2770 2985 —-
2797 2944 2898 3001 Ubi
2928 2961 3068 3000 nunc
3106 2953 3230 2997 sunt
3258 2944 3347 3014 qui
3372 2943 3536 2997 Vetus

1943 3035 2351 3091 Testamentum
2381 3036 2755 3102 criminantur,
2786 3038 2874 3108 qui
2904 3052 3099 3105 corpus
3124 3036 3413 3106 Scriptura:
3459 3037 3537 3091 di-

1939 3128 2196 3192 lacerant,
2230 3130 2320 3197 qui
2367 3128 2527 3183 alium
2571 3128 2748 3197 Novo,
2792 3131 2954 3184 alium
2979 3129 3157 3185 Veteri
3191 3125 3536 3185 Testamento

1940 3220 2107 3276 Deum
2134 3221 2468 3277 attribuunt?
2500 3223 2732 3277 Audiant
2762 3223 2980 3277 Paulum
3029 3223 3190 3292 impia
3235 3238 3331 3278 ora
3375 3224 3531 3277 obtu-

1935 3323 2167 3379 rantem,
2216 3316 2632 3386 impugnatrices
2683 3316 2777 3370 Dei
2823 3316 3029 3386 linguas
3076 3315 3445 3382 cohibentem,
3478 3328 3533 3372 et

1936 3406 2037 3462 hoc
2068 3407 2210 3463 dicto
2253 3408 2628 3463 ostendentem
2669 3410 2915 3463 eumdem
2958 3425 3077 3465 esse
3123 3410 3378 3479 Spiritum
3425 3420 3531 3464 tam

1933 3497 2067 3552 Novi
2096 3515 2258 3569 quam
2290 3499 2501 3555 Veteris
2538 3500 2885 3555 Testamenti.
2916 3500 3048 3555 Nam
3091 3512 3143 3556 et
3174 3503 3287 3571 ipsa
3315 3501 3529 3557 nomina

1934 3605 2179 3661 magnam
2214 3592 2368 3647 nobis
2413 3592 2878 3647 Testamentorum
2925 3595 3331 3648 consbnantiam
3360 3594 3528 3664 signi-

1933 3680 2114 3737 ficant.
2157 3682 2364 3737 Novum
2389 3685 2536 3739 enim
2568 3685 2633 3739 ad
2664 3684 3018 3740 differentiam
3060 3686 3267 3741 Veteris
3305 3687 3517 3752 dicitur,

1928 3783 1984 3829 et
2003 3775 2166 3830 Vetus
2192 3776 2259 3830 ad
2285 3777 2644 3831 differentiam
2664 3777 2819 3843 Novi,
2851 3779 2989 3833 sicut
3012 3787 3067 3833 et
3094 3779 3287 3833 Paulus
3314 3780 3515 3849 inquit:

1928 3863 2157 3920 Dicenda
2185 3866 2410 3933 Novum,
2434 3869 2711 3938 antiquavit
2745 3870 2875 3924 illud
2912 3872 3053 3940 prius
3086 3870 3269 3941 (Hebr.
3303 3872 3357 3927 8.
3401 3873 3519 3943 15).

1926 3958 2040 4014 Nisi
2069 3976 2197 4015 vero
2223 3952 2465 4030 ejusdem
2494 3973 2677 4017 essent
2703 3964 2937 4029 Domini,
2966 3979 3139 4033 neque
3166 3964 3270 4020 hoc
3288 3964 3516 4030 Novum,

1927 4068 2099 4123 neque
2130 4052 2261 4107 illud
2286 4053 2448 4108 Vetus
2475 4055 2733 4124 appellari
2763 4062 2959 4123 posset.
2993 4054 3175 4124 Itaque
3206 4055 3309 4110 hoc
3344 4055 3517 4124 ipsum

1927 4145 2201 4199 nominum
2228 4144 2518 4201 discrimen
2561 4147 2934 4215 cognationem
2969 4147 3245 4216 utriusque
3283 4147 3515 4202 indicat:

1929 4245 1983 4290 et
2011 4235 2308 4290 differentia
2356 4236 2472 4291 hinc
2497 4251 2604 4291 non
2636 4246 2716 4290 est
2743 4237 2795 4289 in
2825 4252 3009 4291 eorum
3048 4237 3301 4302 essentia,
3328 4238 3423 4293 sed
3462 4240 3512 4293 in

1924 4331 2220 4385 mutatione
2262 4339 2564 4399 temporum
2593 4348 2606 4384 :
2639 4330 2754 4383 solo
2798 4330 2941 4383 enim
2973 4339 3216 4399 tempore
3261 4346 3456 4386 novum
3484 4347 3512 4385 a

1920 4420 2089 4475 veteri
2119 4421 2300 4476 distat.
2332 4421 2604 4476 Caeterum
2656 4431 2952 4490 temporum
2994 4420 3290 4477 differentia
3319 4424 3512 4477 nullam

1918 4511 2140 4566 dominii
2197 4513 2545 4568 mutationem
2600 4512 2788 4577 affert,
2834 4529 3009 4583 neque
3049 4514 3454 4569 diminutionem
3492 4532 3509 4569 :

1914 4603 1973 4657 id
1999 4603 2142 4673 quod
2188 4612 2243 4658 et
2279 4603 2526 4658 Christus
2558 4603 2811 4658 indicavit
2836 4604 3059 4659 dicens:
3091 4603 3369 4675 Propterea
3396 4605 3509 4659 dico

1917 4693 2053 4748 vobis
2083 4710 2101 4749 :
2132 4695 2296 4749 omnis
2345 4695 2509 4748 scriba
2548 4695 2726 4748 doctus
2767 4697 2820 4750 in
2857 4712 3013 4766 regno
3053 4696 3291 4749 actorum
3328 4696 3508 4751 similis

1916 4798 1986 4840 est
2016 4788 2210 4840 homini
2253 4788 2637 4858 patrifamilias,
2679 4788 2764 4857 qui
2806 4791 2999 4859 profert
3044 4788 3108 4841 de
3151 4789 3385 4842 thesauro
3413 4806 3507 4843 suo

1914 4896 2041 4934 nova
2068 4890 2113 4934 et
2137 4890 2303 4935 vetera
2333 4882 2546 4952 (Matth.
2581 4882 2666 4936 15.
2699 4881 2815 4951 52).
2841 4882 2998 4937 Vides
3018 4881 3256 4937 diversas
3283 4884 3499 4953 quidem

1915 4973 2299 5041 possessiones,
2329 4972 2464 5028 idem
2507 4989 2634 5027 vero
2664 4973 3000 5027 dominium?
3037 4974 3498 5039 Quemadmodum

1910 5065 2068 5137 igitur
2095 5066 2184 5121 ille
2214 5076 2387 5135 potest
2408 5067 2726 5136 depromere
2771 5082 2905 5121 nova
2949 5075 3003 5121 et
3042 5076 3243 5130 vetera,
3270 5081 3391 5121 cum
3428 5069 3498 5121 sit

1910 5176 2046 5214 unus
2071 5170 2125 5215 et
2156 5158 2294 5213 idem
2340 5159 2720 5228 paterfamilias
2748 5176 2760 5212 :
2791 5160 2860 5212 ita
2894 5158 2979 5213 hic
3004 5174 3215 5229 quoque
3250 5159 3380 5213 nihil
3411 5176 3499 5213 ve-

1910 5259 1985 5305 tat
2014 5250 2254 5320 ejusdem
2290 5266 2411 5305 esse
2442 5251 2533 5306 Dei
2562 5260 2672 5304 tum
2704 5250 2930 5315 Novum,
2961 5259 3070 5304 tum
3111 5250 3274 5306 Vetus
3312 5252 3497 5306 Testa-

1908 5354 2144 5398 mentum
2183 5360 2196 5395 :
2241 5342 2343 5397 hoc
2381 5344 2553 5412 ipsum
2585 5344 2727 5398 enim
2773 5344 3005 5399 maxime
3041 5344 3238 5400 indicat
3272 5345 3390 5414 ejus
3413 5345 3495 5399 di-

1904 5436 2063 5491 vitias
2103 5446 2157 5491 et
2203 5436 2602 5502 abundantiam,
2644 5436 2784 5506 quod
2830 5452 2935 5490 non
2982 5438 3154 5491 solum
3201 5454 3334 5492 nova
3363 5454 3460 5508 pos

1904 5526 2096 5590 sideat,
2126 5543 2309 5581 verum
2352 5530 2511 5583 etiam
2561 5529 2612 5581 in
2644 5528 2910 5583 veteribus
2951 5528 3327 5585 abundantiam
3379 5545 3489 5601 pra

1903 5632 1962 5672 se
1994 5619 2144 5672 ferat.

1974 5709 2095 5766 Non
2133 5712 2387 5768 contraria
2417 5722 2531 5768 sunt
2561 5713 2661 5769 duo
2690 5712 3042 5780 Testamenta;
3075 5714 3273 5770 Novum
3314 5712 3487 5769 Veters
