3990 6358
453 212 565 268 283

456 324 745 394 perfectius.
769 354 841 367 --
868 327 1047 398 Itaque
1068 331 1287 385 nomine
1316 341 1518 387 tantum
1546 334 1684 388 inter
1710 350 1767 389 se
1796 334 2051 390 dilIerunt

456 415 821 483 Testamenta,
854 429 909 473 at
939 436 1044 473 non
1087 434 1343 492 pugnant,
1378 440 1553 495 neque
1595 434 1720 481 sunt
1760 430 2050 485 contraria.

462 505 628 562 Vetus
654 509 795 563 enim
816 526 880 564 ex
908 527 1047 566 novo
1085 514 1142 567 ﬁt
1170 523 1353 579 vetus;
1384 516 1485 572 hoc
1516 526 1695 572 autem
1725 536 1830 573 non
1861 536 2053 590 pugna:

457 606 539 651 est
576 614 748 668 neque
769 603 1181 671 contrarietatis,
1207 606 1298 659 sed
1326 605 1641 663 dill‘erentia:
1676 611 1906 664 nominis
1938 620 2053 665 tan-

463 691 761 746 tummodo.
813 692 927 763 Ego
970 706 1147 751 autem
1174 697 1335 763 addo,
1365 700 1506 769 quod
1535 701 1743 757 etiamsi
1772 705 2054 759 contraria:

460 793 644 837 essent
688 785 830 856 leges
865 786 1071 843 Veteris
1122 791 1329 861 legibus
1382 794 1537 860 Novi,
1587 810 1950 851 asseverarem
1987 815 2055 853 ne

460 874 538 928 sic
572 875 785 945 quidem
822 879 983 933 alium
1011 881 1178 936 Deum
1208 882 1374 939 fuisse
1414 886 1958 953 superinduccndnm.
1999 890 2053 943 Si

462 965 603 1018 enim
636 967 825 1022 eodem
860 980 1121 1041 tempore,
1155 973 1358 1029 eisdem
1392 976 1720 1043 hominibus,
1752 980 1805 1034 in
1851 979 2055 1035 eisdem

464 1054 626 1110 rebus
664 1062 1023 1127 versantibus,
1055 1064 1242 1119 eadem
1272 1068 1452 1121 munia
1477 1070 1821 1137 abeuntibus,
1842 1081 2056 1126 contra-

463 1146 573 1200 rias
599 1148 744 1218 leges
774 1153 1069 1220 statuisset,
1101 1158 1363 1213 rationem
1413 1160 1655 1215 fortassis
1698 1162 1931 1231 aliquam
1966 1165 2058 1216 ha-

465 1238 595 1295 bere
640 1244 900 1311 potuisset
945 1260 1307 1305 commentum
1360 1254 1596 1322 ipsorum
1630 1272 1643 1308 :
1676 1255 1819 1326 quod
1850 1257 1895 1311 si
1938 1257 2058 1311 aliis

465 1330 591 1395 illte,
624 1335 742 1389 aliis
778 1337 859 1391 ha:
906 1341 1121 1410 scriptae
1165 1354 1310 1410 sunt,
1343 1346 1448 1401 alio
1501 1358 1744 1417 tempore
1792 1350 1920 1415 illis,
1953 1351 2058 1405 alio

463 1423 570 1489 his,
600 1425 756 1481 aliter
796 1444 857 1484 se
897 1430 1215 1490 habentibus
1246 1436 1353 1491 illis
1394 1437 1719 1505 hominibus,
1754 1441 1907 1494 aliter
1950 1441 2054 1507 his,

464 1514 592 1583 quid
643 1532 865 1574 necesse
895 1531 980 1576 est
1030 1535 1246 1596 propter
1298 1528 1472 1598 legum
1522 1529 1877 1585 differentiam
1924 1531 2059 1587 duos

465 1610 767 1663 contrarios
820 1614 1154 1683 legislatures
1203 1618 1503 1676 inducere?
1549 1621 1811 1692 Equidem
1859 1624 2057 1678 nullam

468 1703 840 1760 necessitatem
893 1708 1090 1765 video:
1134 1713 1233 1781 ipsi
1264 1714 1559 1784 proferant,
1599 1718 1643 1771 si
1690 1716 1889 1772 habent
1917 1719 2059 1789 quod

468 1792 648 1849 dicant
682 1814 695 1849 :
736 1800 831 1852 sed
880 1801 1009 1855 nihil
1044 1802 1242 1861 habere
1286 1818 1529 1876 possunt.
1576 1809 1817 1881 Namque
1846 1821 1901 1866 et
1946 1828 2060 1866 me-

469 1884 621 1940 dicus
658 1902 1031 1957 saepenumero
1079 1897 1242 1951 tnulta
1293 1901 1563 1957 contraria
1612 1901 1755 1967 facit,
1807 1903 1902 1957 sed
1954 1919 2060 1959 non
2114 1900 2115 1905 “

465 1980 734 2034 contraria
765 1987 992 2051 ratione,
1021 1986 1130 2041 imo
1153 1988 1340 2044 eadem
1372 2001 1426 2045 et
1453 1994 1829 2049 conveniente.
1849 1995 2059 2051 Etenim

467 2070 573 2124 urit
609 2082 663 2126 et
702 2090 807 2127 non
855 2081 977 2141 urit,
1020 2090 1169 2134 secat
1196 2091 1249 2135 et
1280 2099 1384 2137 non
1415 2095 1563 2139 secat
1607 2102 1771 2141 unum
1802 2098 1857 2142 et
1912 2088 2053 2142 idem

467 2174 663 2229 corpus
695 2182 707 2217 :
740 2180 881 2221 nunc
916 2182 1121 2233 amara,
1164 2187 1306 2226 nunc
1336 2172 1510 2228 dulcia
1552 2174 1841 2244 pharmaca
1886 2177 1952 2232 ad
1984 2178 2063 2232 bi-

468 2253 699 2310 bendum
720 2257 915 2313 oll‘ert:
944 2270 997 2315 et
1026 2263 1151 2317 facit
1173 2264 1388 2334 quidem
1410 2268 1708 2334 contraria,
1733 2269 1826 2323 sed
1856 2271 2062 2325 ratione

468 2347 629 2402 simili
656 2360 817 2420 atque
856 2352 1043 2408 eadem
1076 2372 1088 2408 :
1124 2372 1287 2412 unum
1327 2358 1470 2413 enim
1517 2359 1679 2416 ﬁnem
1724 2372 1952 2431 spectat,
1984 2364 2066 2417 ni-

471 2439 666 2494 mirum
697 2443 824 2511 aegri
866 2444 1171 2502 sanitatem.
1217 2449 1411 2504 Annon
1454 2452 1616 2521 igitur
1654 2452 1944 2509 absurdum
1982 2464 2067 2510 est

470 2530 738 2586 medicum
759 2534 974 2603 quidem
1010 2554 1114 2591 non
1147 2540 1416 2607 incusare,
1437 2542 1577 2613 quod
1608 2544 1773 2598 multa
1796 2548 2063 2600 contraria

471 2620 631 2676 faciat
654 2624 794 2678 circa
824 2627 981 2681 unius
1002 2631 1243 2700 corporis
1267 2641 1535 2700 naturam,
1560 2634 1727 2689 Deum
1751 2647 1929 2690 autem
1957 2638 2065 2691 cri-

475 2715 665 2769 minari
714 2718 856 2787 quod
900 2718 1115 2775 diverso
1170 2732 1433 2793 tempore,
1476 2724 1705 2781 diversis
1736 2726 2062 2794 hominibus,

477 2806 691 2861 diversa
723 2810 967 2865 mandata
996 2812 1246 2869 dederit?

546 2899 600 2954 5.
643 2899 1075 2960 Demonstratum
1122 2917 1205 2961 est
1252 2908 1415 2979 igitur
1444 2924 1552 2965 non
1602 2910 1768 2967 fuisse
1813 2912 2066 2969 incusan-

475 2990 624 3057 dnm,
658 2994 871 3052 etiamsi
924 2998 1071 3069 leges
1118 3000 1257 3055 inter
1298 3016 1356 3057 se
1386 3003 1613 3059 fuissent
1654 3007 1936 3061 contrariae
1964 3024 1977 3058 :
2010 3017 2067 3062 nt

473 3094 652 3141 autem
700 3089 934 3146 sciamus
985 3108 1092 3147 non
1142 3108 1265 3150 esse
1311 3098 1631 3162 contrarias,
1681 3099 1776 3152 sed
1827 3098 2065 3156 diversas

475 3188 712 3247 tantum,
761 3199 859 3253 age
917 3185 1059 3254 ipsas
1110 3186 1255 3256 leges
1307 3188 1358 3243 in
1402 3190 1638 3245 medium
1686 3192 2062 3262 producamus.

475 3274 722 3341 Audistis,
743 3276 930 3347 inquit,
963 3282 1097 3349 quod
1117 3282 1309 3335 dictum
1330 3283 1395 3336 sit
1423 3285 1667 3352 antiquis,
1698 3284 1821 3339 Non
1847 3288 2064 3341 occides.

475 3365 601 3421 Haec
649 3368 732 3423 lex
780 3380 861 3424 est
914 3383 1108 3437 vetus;
1158 3374 1432 3429 videamus
1479 3392 1621 3431 nunc
1669 3392 1910 3433 novam:
1952 3377 2065 3447 Ego

473 3470 642 3515 autem
685 3464 798 3515 dico
842 3466 997 3528 vobis,
1039 3468 1340 3537 quicumque
1388 3468 1625 3521 irascitur
1670 3471 1821 3540 fratri
1861 3486 1955 3524 suo
1996 3481 2067 3525 te-

474 3573 631 3623 mere,
681 3573 796 3611 reus
848 3570 921 3611 est
970 3561 1212 3630 gehenna:
1256 3562 1387 3633 ignis
1436 3562 1647 3633 (Matth.
1703 3564 1755 3619 5.
1804 3564 1895 3619 21.
1948 3564 2061 3633 22).

476 3646 723 3703 llaaccine
747 3662 888 3713 sunt,
918 3652 1162 3716 obsecro,
1201 3657 1465 3709 contraria
1498 3656 1783 3710 mandata?
1831 3657 1899 3710 Et
1945 3658 2067 3728 quis

478 3738 581 3793 hoc
624 3739 827 3795 diceret
874 3744 1197 3807 mortalium,
1229 3745 1390 3799 modo
1434 3747 1656 3801 rationis
1697 3749 1957 3819 compos?
2008 3749 2064 3803 Si

475 3831 619 3886 enim
644 3833 820 3901 priore
861 3834 974 3905 lege
1004 3846 1217 3891 vetante
1241 3837 1507 3902 occidere,
1538 3839 1803 3907 posterior
1824 3839 2061 3909 juberet,

474 3924 701 3979 fortasse
713 3926 904 3998 aliquis
919 3928 967 3981 in
988 3927 1070 3984 his
1088 3931 1265 3989 verbis
1280 3929 1451 3999 legum
1471 3918 1696 4000 pugnam
1712 3947 1828 3986 esse
1839 3931 2060 3987 diceret:

475 4033 618 4074 nunc
656 4033 777 4073 cum
826 4021 915 4097 illa
936 4021 1158 4090 jubente
1204 4036 1311 4075 non
1360 4023 1625 4089 occidere,
1675 4024 1790 4078 lure
1813 4024 1966 4093 jubet
1997 4040 2064 4078 ne

475 4111 629 4166 irasci
656 4112 892 4181 quidem,
916 4124 1142 4183 augetur
1166 4114 1313 4183 prius
1342 4113 1671 4178 mandatum,
1702 4131 1807 4169 non
1844 4114 2064 4170 all'ertur

472 4208 848 4260 contrarium:
892 4206 979 4261 illa
1008 4208 1149 4261 enim
1192 4206 1417 4262 fructum
1461 4208 1675 4262 malitia:
1715 4218 1943 4274 resecat,
1979 4209 2061 4262 vi-

473 4295 663 4350 delicet
686 4298 884 4351 caulem
916 4316 927 4351 :
959 4298 1073 4353 lucc
1093 4314 1220 4353 vero
1240 4299 1397 4354 etiam
1421 4300 1650 4354 radicem
1676 4301 1841 4371 ipsam
1863 4302 2060 4369 evellit,

476 4388 725 4443 nimirum
755 4389 1079 4444 iracundiam
1113 4409 1126 4444 :
1160 4392 1246 4444 illa
1277 4392 1450 4446 rivum
1477 4393 1766 4459 tollitvitii,
1802 4394 1914 4447 hznc
1942 4395 2059 4449 fon-

475 4488 583 4534 tem
632 4480 805 4550 ipsum
854 4484 1106 4536 exsiccat.
1164 4482 1306 4537 Fons
1348 4486 1489 4539 enim
1518 4494 1572 4539 et
1598 4486 1747 4539 radix
1790 4486 1954 4540 caedis
1982 4496 2065 4541 est

474 4570 623 4624 furor
665 4579 721 4625 et
764 4571 1054 4625 iracundia.
1089 4571 1179 4625 llla
1212 4573 1294 4628 lex
1326 4580 1569 4628 naturam
1615 4584 1853 4629 nostram
1883 4572 2061 4645 poste;

472 4661 604 4716 riori
658 4663 979 4732 paratiorem
1018 4663 1281 4727 reddidit,
1334 4664 1450 4720 haec
1495 4670 1876 4736 superveniens
1923 4669 2063 4739 quod

475 4755 881 4812 desiderabatur
928 4757 1213 4826 supplevit.
1248 4758 1502 4825 Quaenam
1549 4758 1664 4815 hac
1714 4769 1800 4815 est
1845 4770 2061 4816 contra-

477 4848 657 4911 rietas,
690 4847 817 4903 dum
867 4864 967 4903 una
1000 4849 1160 4903 finem
1206 4849 1488 4915 malorum,
1520 4852 1686 4906 altera
1731 4867 1858 4907 vero
1901 4854 2060 4907 etiam

480 4939 794 5009 principium
821 4940 1121 5011 exstirpat?
1162 4939 1253 4995 llla
1280 4956 1495 4996 manum
1524 4958 1708 5012 puram
1738 4944 1860 4998 facit
1884 4960 1913 4998 a
1934 4961 2061 4999 san-

478 5030 656 5096 guine,
686 5030 801 5087 haec
825 5043 1058 5089 mentem
1088 5036 1247 5089 etiam
1275 5044 1453 5090 servat
1485 5051 1514 5089 a
1552 5037 1687 5089 mala
1717 5039 2056 5107 cogitatione.

481 5119 608 5174 llaec
626 5131 803 5176 autem
829 5126 1273 5181 consentientium
1297 5135 1421 5180 sunt
1460 5128 1655 5196 legum,
1685 5144 1788 5181 non
1822 5144 2062 5200 pugnan-

480 5211 633 5277 tium,
667 5212 804 5268 sicut
826 5216 1064 5271 veritatis
1106 5218 1305 5272 inimici
1337 5217 1614 5273 adstruere
1641 5229 1922 5287 conantur,
1956 5237 2060 5275 non

478 5303 988 5369 animadvertentes,
1019 5308 1161 5378 quod
1191 5310 1269 5364 sic
1309 5325 1500 5380 magno
1542 5310 1759 5366 incuria:
1788 5323 1842 5367 et
1883 5314 2061 5384 segni-

487 5397 577 5450 tiei
617 5396 828 5451 crimini
856 5399 1019 5453 Deum
1048 5401 1181 5457 Novi
1226 5402 1554 5458 Testamenti
1598 5403 2055 5473 objiciuntzcom-

484 5487 720 5557 perietur
739 5488 881 5542 enim
904 5489 1043 5545 Deus
1066 5492 1206 5561 (qua:
1234 5492 1446 5561 quidem
1480 5493 1803 5563 blasphemia
1832 5495 1884 5549 in
1906 5504 2065 5565 caput

479 5577 693 5633 illorum
723 5586 916 5646 vertat,
944 5581 1031 5650 qui
1063 5582 1216 5637 nobis
1251 5581 1365 5637 haec
1403 5583 1651 5652 loquendi
1690 5584 2061 5640 necessitatem

482 5662 534 5715 in
555 5668 793 5742 ponunt)
821 5670 1197 5743 intempestive
1244 5688 1333 5731 res
1381 5683 1593 5735 nostras
1640 5675 2055 5747 dispensavissc.

1169 218 1226 273 S.
1262 218 1540 278 JOANNIS
1577 220 2061 279 CllﬂYSOSTOMl
2102 225 2418 281 ARCIHEP.
2461 224 2999 282 CONSTANTINOP.

3643 224 3752 275 28-1

2161 338 2291 405 Quae
2323 350 2497 393 autem
2521 336 2660 401 dico,
2692 338 2769 393 sic
2795 337 2946 391 vobis
2969 336 3192 390 clariora
3222 332 3425 390 faciam.
3448 334 3626 389 Lartis
3647 337 3755 390 ali-

2158 438 2340 483 mento
2368 429 2557 482 similis
2582 439 2665 483 est
2695 428 2904 483 Veteris
2942 428 3267 482 Testamenti
3293 427 3557 491 edUCatio,
3582 427 3761 479 solido

2159 537 2288 575 vero
2309 521 2429 575 cibo
2449 521 2579 576 Novi
2604 521 2935 576 Testamenti
2961 520 3295 591 philosophia
3318 539 3330 573 :
3354 536 3419 574 ac
3446 535 3605 574 nemo
3624 530 3758 575 ante

2160 613 2311 668 lactis
2339 614 2643 668 alimoniam
2686 614 2916 668 solidum
2952 614 3126 669 cibum
3168 613 3402 668 adhibet.
3434 613 3587 681 Quod
3624 613 3756 684 qui-

2159 703 2280 758 dem
2308 703 2439 757 Novi
2472 704 2805 759 Testamenti
2837 706 2976 759 Deus
3005 704 3147 769 fecit,
3172 704 3215 759 si
3244 721 3349 759 non
3381 703 3522 758 idem
3550 714 3631 759 est
3661 705 3756 774 qui

2158 796 2317 849 etiam
2344 794 2506 851 Vetus
2537 795 2769 865 prodidit
2804 814 2817 851 :
2851 796 2995 865 prius
3022 796 3164 851 enim
3199 812 3359 865 quam
3400 796 3538 850 lacte
3582 796 3758 850 nutri-

2161 898 2264 953 ret,
2296 887 2399 942 hoc
2442 896 2529 943 est
2569 890 2701 958 legis
2750 889 3051 959 disciplina,
3080 889 3147 943 ad
3187 888 3415 944 solidum
3446 903 3546 942 nos
3573 888 3757 942 cibum

2161 982 2399 1035 adduxit.
2432 981 2545 1035 Non
2576 980 2732 1052 hujus
2758 991 2937 1037 autem
2969 983 3163 1045 solum,
3192 982 3286 1037 sed
3328 981 3545 1050 majoris
3588 982 3759 1035 etiam

2160 1074 2398 1129 criminis
2414 1090 2535 1130 eum
2564 1092 2712 1131 reum
2751 1075 2972 1143 faciunt,
2991 1074 3417 1145 quandoquidem
3442 1084 3561 1145 post
3585 1072 3757 1144 quin-

2161 1166 2314 1235 quies
2350 1165 2493 1220 mille
2536 1166 2750 1221 demum
2795 1182 2985 1233 annos,
3016 1176 3106 1220 aut
3136 1168 3333 1236 plures,
3366 1164 3758 1235 providentiam

2163 1258 2330 1311 nostri
2371 1260 2585 1326 generis
2615 1260 2867 1329 suscepit.
2910 1259 2963 1314 Si
2994 1260 3135 1313 enim
3168 1274 3272 1312 non
3307 1258 3445 1313 idem
3482 1266 3622 1323 erat,
3664 1256 3761 1325 qui

2163 1363 2258 1417 per
2303 1349 2588 1418 prophetas
2626 1360 2685 1406 et
2731 1351 3061 1420 patriarchas
3091 1360 3143 1405 et
3178 1351 3354 1420 justos
3398 1351 3641 1404 homines
3670 1365 3763 1403 res

2163 1448 2376 1494 nostras
2398 1440 2762 1509 dispensabat,
2795 1442 2889 1497 sed
2918 1442 3052 1496 alter
3077 1443 3338 1512 quispiam
3370 1451 3564 1511 praeter
3590 1440 3758 1506 hunc,

2161 1545 2287 1585 sero
2311 1530 2599 1586 admodum
2629 1542 2681 1587 et
2704 1534 2855 1589 tarde
2882 1534 3146 1589 videbitur
3174 1534 3339 1587 nostri
3369 1532 3761 1602 providentiam

2163 1638 2467 1694 aggressus,
2494 1626 2645 1696 quasi
2685 1640 2782 1696 per
2803 1637 3174 1681 anteactorum
3200 1626 3567 1695 penitentiam
3593 1625 3663 1678 ad
3700 1639 3761 1678 se

2130 1762 2131 1765 η
2165 1734 2451 1773 reversus:
2484 1719 2625 1789 quod
2668 1719 2882 1790 quidem
2923 1730 3125 1774 tantum
3167 1719 3322 1774 abest
3346 1735 3376 1773 a
3407 1719 3535 1779 Deo,
3571 1726 3627 1771 ut
3656 1731 3760 1771 nec

2166 1810 2219 1865 in
2253 1826 2415 1865 unum
2455 1812 2697 1881 quemvis
2737 1812 2893 1882 vulgo
2946 1812 3214 1866 hominem
3267 1818 3551 1881 competat,
3606 1819 3761 1861 tanto

2166 1911 2406 1971 tempore
2454 1913 2557 1957 tam
2602 1904 2785 1958 multis
2832 1904 3008 1973 perire
3053 1902 3344 1973 permissis,
3395 1901 3448 1955 in
3497 1900 3761 1954 extremis

2165 1992 2380 2048 demum
2409 1994 2618 2049 Sicculis
2642 1994 2707 2048 ad
2748 2009 3037 2064 paucorum
3073 1993 3420 2064 quorumdam
3468 1990 3767 2061 providen-

2167 2088 2292 2140 tiam
2322 2102 2383 2140 ac
2412 2102 2592 2141 curam
2633 2088 2910 2141 accedere.

2237 2180 2290 2233 4.
2337 2178 2483 2233 Unus
2510 2188 2583 2233 est
2630 2182 2888 2249 utriusque
2922 2178 3227 2233 Tcstamenti
3272 2177 3552 2246 legislutor.
3602 2174 3764 2228 Pauli

2169 2268 2541 2325 Samosatensis
2590 2287 2749 2325 error.
2786 2256 2859 2311 -έ-
2885 2270 3114 2325 Videsne
3152 2271 3365 2339 quantis
3409 2267 3766 2336 hlasphemiia

2169 2362 2338 2418 Deum
2368 2362 2565 2418 faciant
2594 2363 2885 2419 obnoxium
2930 2364 3038 2428 isti,
3067 2364 3156 2433 qui
3202 2364 3369 2417 alium
3391 2362 3525 2417 Novi
3572 2361 3765 2416 Testa-

2168 2458 2331 2511 menti
2358 2458 2715 2527 legislatorem
2737 2458 2941 2520 dicunt,
2974 2459 3136 2512 alium
3168 2455 3420 2512 Veteris?
3465 2455 3597 2520 Quae
3629 2469 3764 2509 sane

2168 2562 2367 2617 omnes
2398 2558 2748 2613 evanescunt,
2798 2549 2842 2604 si
2891 2564 3054 2603 unum
3106 2550 3382 2615 utriusque
3427 2544 3764 2599 Testamenti

2167 2638 2526 2693 assentiamur
2554 2654 2675 2694 esse
2723 2640 2914 2695 Deum.
2965 2640 3057 2696 Sic
3101 2640 3243 2694 enim
3286 2637 3589 2706 apparebit,
3636 2652 3763 2690 eum

2168 2728 2356 2783 ordine
2381 2739 2434 2783 et
2471 2729 2610 2785 bona
2656 2732 2865 2787 ratione
2907 2746 2995 2785 res
3020 2742 3229 2785 nostras
3265 2729 3602 2798 dispansam,
3635 2736 3767 2781 tunc

2168 2821 2381 2889 quidem
2412 2837 2507 2890 per
2537 2821 2731 2893 legem,
2763 2837 2906 2877 nunc
2930 2831 3107 2878 autem
3146 2836 3240 2891 per
3273 2820 3495 2891 gratiam
3523 2837 3537 2873 :
3570 2830 3621 2873 et
3655 2834 3765 2873 non

2168 2927 2377 2979 recens,
2403 2928 2577 2983 neque
2627 2930 2815 2983 nuper,
2847 2915 2941 2968 sed
2992 2914 3102 2983 jam
3156 2912 3279 2967 inde
3326 2912 3393 2967 ab
3441 2912 3597 2967 initio
3622 2920 3681 2965 et
3730 2926 3761 2964 a

2172 3005 2341 3075 prima
2369 3020 2539 3075 usque
2559 3006 2646 3062 die
2675 3016 2856 3061 nostra
2884 3009 3062 3061 omnia
3092 3007 3405 3076 gubernare.
3435 3004 3557 3072 Quo
3580 3014 3763 3058 autem

2169 3097 2337 3165 magis
2387 3112 2573 3151 eorum
2603 3113 2693 3152 ora
2742 3098 3115 3160 obstruamus,
3148 3112 3245 3167 age
3290 3098 3399 3167 jam
3451 3096 3762 3151 testimonia

2169 3196 2279 3241 tum
2312 3189 2711 3259 prophetarum,
2739 3200 2848 3244 tum
2877 3192 3238 3259 apostolorum
3270 3190 3622 3253 adducamus,
3646 3190 3761 3244 cla-

2170 3279 2452 3345 mantium,
2475 3296 2635 3334 unum
2663 3296 2782 3335 esse
2824 3283 3097 3351 utriusque
3124 3281 3446 3335 Testamenti
3489 3280 3764 3349 legislato-

2169 3386 2302 3425 rem.
2346 3372 2604 3427 l’rocedat
2651 3374 2808 3443 igitur
2853 3373 2903 3426 in
2955 3373 3189 3427 medium
3232 3372 3491 3426 Jeretnias
3526 3372 3579 3425 in
3608 3382 3763 3424 utero

2168 3465 2552 3530 sanctiﬁcatus,
2585 3474 2639 3520 et
2685 3466 2876 3535 probu-t
2930 3465 3029 3518 hoc
3077 3464 3378 3529 manifeste,
3428 3479 3594 3516 unum
3641 3478 3763 3518 esse

2168 3557 2523 3628 eutndetuque
2545 3558 2709 3613 Deum
2740 3567 2850 3612 tum
2881 3557 3010 3611 Novi
3040 3557 3365 3611 Testamenti
3394 3598 3409 3620 ,
3456 3565 3568 3609 tum
3603 3555 3763 3609 Vete—

2169 3649 2262 3703 ris.
2292 3648 2430 3715 Quid
2461 3650 2623 3719 igitur
2651 3650 2735 3704 hic
2761 3650 2889 3703 dicit
2925 3665 2990 3703 ex
3017 3664 3243 3719 persona
3288 3647 3614 3717 legislatoris
3654 3648 3762 3700 cla-

2170 3741 2358 3795 mans?
2410 3739 2645 3795 Testabor
2686 3742 2822 3795 vobis
2862 3750 3212 3795 testamentum
3242 3755 3444 3804 novum,
3484 3755 3591 3791 non
3632 3740 3761 3792 sicut

2170 3844 2518 3889 testamentum
2543 3836 2678 3905 quod
2707 3846 2915 3889 testatus
2940 3852 3053 3889 sum
3083 3833 3309 3904 patribus
3336 3832 3510 3886 vestris
3540 3831 3758 3902 (Jerun.

2169 3929 2256 3983 '51.
2290 3928 2404 3995 51).
2439 3928 2619 3998 Itaque
2650 3930 2739 3998 qui
2766 3928 2969 3981 Novum
2998 3926 3397 3981 Testamentum
3425 3922 3596 3988 dedit,
3616 3922 3758 3976 idem

2169 4030 2251 4075 est
2301 4022 2455 4085 Deus,
2502 4022 2591 4091 qui
2635 4021 2763 4075 olim
2798 4021 2961 4075 Vetus
3001 4020 3160 4074 etiam
3198 4017 3328 4071 illud
3376 4016 3619 4071 dederat.
3663 4014 3761 4069 llic

2168 4128 2297 4168 sane
2324 4113 2470 4167 Pauli
2497 4128 2708 4183 quoque
2728 4112 3122 4167 Samosatensis
3147 4110 3500 4166 sectatoribus
3516 4124 3609 4163 ora
3635 4118 3762 4163 sunt

2168 4204 2404 4271 occlusa,
2444 4206 2534 4275 qni
2584 4213 2778 4273 negant
2824 4212 2947 4259 ante
2982 4204 3174 4259 saecula
3206 4202 3370 4257 fuisse
3419 4200 3759 4270 Unigenitum

2170 4295 2283 4350 Dei.
2316 4294 2372 4350 Si
2404 4296 2546 4349 enim
2596 4304 2720 4349 ante
2764 4295 2941 4349 Maria:
2993 4304 3225 4364 partum,
3269 4301 3324 4346 et
3367 4302 3658 4361 antequam
3708 4293 3759 4345 in

2167 4402 2329 4442 carne
2354 4402 2412 4441 se
2440 4386 2724 4441 videndum
2755 4386 3038 4456 pratheret,
3072 4400 3179 4439 non
3208 4394 3343 4447 erat,
3376 4383 3651 4452 quomodo
3677 4383 3755 4437 le-

2167 4495 2285 4547 gem
2317 4479 2519 4533 ferebat
2545 4494 2663 4533 cum
2688 4495 2792 4532 non
2815 4478 2999 4533 esset?
3024 4476 3292 4547 quomodo
3317 4484 3493 4529 autem
3516 4474 3757 4529 dicebat:

2169 4569 2411 4624 Testabor
2439 4570 2575 4623 vobis
2601 4579 2953 4622 testamentum
2979 4584 3183 4634 novum,
3213 4584 3313 4621 non
3337 4567 3468 4620 sicut
3492 4575 3761 4620 testamen-

2171 4674 2276 4715 tum
2295 4662 2431 4731 quod
2460 4670 2664 4715 testatus
2693 4678 2807 4714 sum
2830 4662 3057 4732 patribus
3082 4658 3294 4713 vestris?
3320 4658 3595 4729 quomodo
3614 4656 3755 4713 enim

2172 4762 2547 4807 testamentum
2590 4752 2750 4807 dabat
2794 4752 3032 4822 patribus
3078 4766 3300 4815 eorum,
3345 4765 3471 4805 cum
3520 4748 3757 4804 nondum

2169 4854 2329 4908 esset,
2364 4854 2421 4899 ut
2464 4844 2537 4898 illi
2570 4844 2783 4914 quidem
2827 4842 3134 4897 afﬁrmant?
3171 4842 3278 4898 Sed
3316 4850 3503 4896 contra
3546 4840 3760 4897 Judteos

2168 4936 2404 5007 quidem,
2434 4935 2727 5005 eodemque
2766 4934 2953 4989 morbo
2982 4936 3285 4989 laborantes
3316 4934 3623 4997 Paulianos,
3648 4935 3759 4986 ido-

2169 5045 2325 5083 neum
2354 5039 2435 5083 est
2463 5027 2603 5098 quod
2654 5037 2953 5096 opponatur
2985 5025 3258 5096 propheta:
3309 5024 3471 5093 hujus
3512 5024 3757 5079 testimo-

2170 5122 2360 5175 nium:
2402 5131 2458 5174 ut
2503 5131 2679 5174 autem
2709 5121 2867 5175 etiam
2911 5118 3321 5173 Maniclneorum
3363 5133 3458 5172 ora
3502 5117 3755 5173 cohibea-

2171 5229 2308 5277 mus,
2340 5229 2403 5267 εχ
2437 5211 2586 5265 Novo
2626 5211 2968 5265 Testamento
3005 5210 3331 5264 adducamus
3360 5209 3751 5271 testimonium,

2168 5303 2595 5375 quandoquidem
2626 5302 2792 5358 Vetus
2822 5302 2972 5358 nihili
2998 5302 3266 5371 pendunt:
3302 5302 3410 5356 imo
3439 5316 3574 5356 vero
3597 5301 3753 5354 etiam

2170 5396 2397 5461 Novum,
2431 5396 2515 5450 cui
2542 5396 2784 5465 quamvis
2815 5394 3071 5450 honorem
3121 5394 3318 5449 habere
3358 5393 3528 5449 videri
3572 5394 3751 5453 velint,

2171 5504 2275 5543 non
2309 5489 2568 5541 minorem
2616 5497 2793 5542 tamen
2830 5486 2953 5542 huic
2991 5503 3148 5558 quam
3198 5488 3269 5541 illi
3308 5488 3460 5542 alteri
3509 5487 3753 5553 injuriam

2170 5583 2406 5637 inferunt
2435 5599 2447 5635 :
2478 5596 2583 5635 uno
2610 5579 2824 5650 quidem
2852 5579 3031 5647 modo,
3050 5580 3190 5651 quod
3218 5579 3340 5633 dum
3374 5578 3499 5633 illud
3524 5593 3550 5631 a
3576 5576 3752 5631 Veteri

2171 5672 2520 5740 exscindunt,
2565 5671 2718 5750 hujus
2743 5687 2955 5745 quoque
2998 5672 3367 5729 auctoritatem
3417 5670 3748 5727 labefactant.
