3990 6358
439 303 549 362 285

401 466 408 472 ,
439 410 786 487 προφητειῶν
809 411 842 481 η
869 407 1320 481 προαναφώνησις
1349 399 1437 477 ἦν,
1461 402 1556 468 οὒς
1576 401 2019 475 ἀποστραφέντος

403 500 586 582 ,οὗτοι
618 505 721 558 οὐκ
769 500 1111 556 αἰσθάνονται
1161 499 1272 553 τῶν
1302 497 1596 570 προφητῶν
1651 494 1851 566 μᾶλλον
1894 492 2024 554 τοὺς

439 599 771 661 ἀποστόλους
797 594 1182 664 ἀτιμάσαντες.
1225 591 1336 644 Ἐνί
1379 591 1476 661 μὲν
1511 584 1604 642 οὖν
1627 587 1814 658 τρόπῳ
1849 585 2026 655 τούτῳ

405 753 413 758 η
443 693 543 761 τὴν
575 687 784 758 Καινὴν
814 682 1256 754 καθυϐρίζουσιν,
1289 681 1462 752 ἑτέρῳ
1484 680 1539 732 δέ
1575 678 1734 733 πάλιν
1762 675 2022 745 δευτέρῳ,

409 837 412 840 ,
445 782 526 852 τῷ
549 781 618 832 τά
657 779 876 832 πλείονα
931 776 1100 845 αὐτῆς
1143 772 1394 841 ἐκκόψαι.
1425 771 1573 839 Πλὴν
1602 769 1737 823 ἀλλά
1769 768 1863 821 καὶ
1891 765 2028 836 αὐτὴ

445 875 554 928 τῶν
588 875 645 926 ἐν
673 875 738 942 τῇ
767 872 904 940 αὐτῇ
950 867 1220 935 κειμένων
1256 867 1289 936 ὴ
1318 864 1549 934 δύναμις
1591 861 1830 934 τοσαύτη
1865 871 1915 924 ι,
1953 856 2029 920 ὡς

410 1023 414 1026 ,
449 967 545 1020 καὶ
569 964 662 1019 ἀπ’
695 960 872 1016 αὐτῶν
893 959 1000 1012 τῶν
1026 957 1294 1027 λειψάνων
1323 954 1641 1026 εὐφώρατον
1669 952 1848 1007 αὐτῶν
1879 949 2034 1020 γενέ-

453 1057 577 1111 σθαι
600 1057 742 1110 ποιεῖ
758 1056 858 1124 τὴν
887 1050 1221 1120 κακουργίαν
1240 1066 1254 1080 ο
1289 1048 1359 1102 τά
1385 1049 1494 1118 γὰρ
1524 1045 1874 1099 ἀποκοπέντα
1897 1041 2033 1114 μέλη

454 1149 649 1221 κράζει
671 1147 761 1200 καὶ
789 1146 904 1217 βοᾷ,
944 1143 1043 1216 τὴν
1067 1142 1202 1213 πρὸς
1240 1141 1312 1195 τά
1337 1143 1510 1194 οἰκεῖα
1538 1139 1678 1211 μέλη
1719 1135 2036 1209 συμφωνίαν

455 1239 836 1312 ἐπιζητοῦντα.

529 1403 595 1455 ε’.
629 1397 752 1460 Πῶς
781 1391 874 1450 οὖν
895 1391 1270 1462 ἀποδείξομεν,
1299 1389 1380 1442 ὅτι
1417 1387 1628 1457 Καινῆς
1658 1386 1751 1439 καὶ
1794 1383 2040 1445 Παλαιᾶς

452 1488 540 1557 τίς
561 1494 711 1544 ἐστιν
728 1492 756 1543 6
773 1486 1104 1559 νομοθέτης;
1148 1483 1279 1538 Ἀπὸ
1306 1481 1511 1536 τούτων
1528 1480 1556 1520 b
1575 1478 1680 1532 τῶν
1706 1495 1782 1530 πα
1792 1478 1836 1549 ρ’
1858 1478 2040 1539 αὐτοῖς

461 1578 934 1652 ὑπολελειμμένων
975 1576 1235 1647 ῥημάτων
1271 1573 1380 1627 τῶν
1407 1568 1798 1632 ἀποστολικῶν,
1825 1567 1862 1621 ἀ
1896 1566 2044 1620 δοκεῖ

461 1676 564 1748 μὲν
593 1673 738 1744 ἔχειν
759 1670 854 1724 τοῦ
883 1669 1048 1739 νόμου
1078 1666 1434 1737 κατηγορίαν,
1473 1662 1754 1732 συνίστησι
1793 1659 1852 1714 δέ
1880 1658 2044 1712 αὐτὸν

466 1766 720 1838 μάλιστα,
743 1764 838 1816 καὶ
867 1758 1101 1815 δεικνύει
1135 1759 1278 1812 θεῖον
1303 1757 1432 1810 δντα
1457 1755 1704 1828 χρησμὸν
1721 1753 1816 1806 καὶ
1839 1750 2046 1806 ἀνωθεν

463 1860 688 1929 ἥκοντα.
717 1854 829 1908 Καὶ
857 1851 1015 1905 τοῦτο
1039 1851 1096 1904 δέ
1123 1851 1224 1922 τῆς
1243 1848 1337 1903 τοῦ
1378 1847 1697 1918 Πνεύματος
1720 1845 1934 1914 ἐγένετο
1956 1859 2047 1896 σο⁹

467 1949 618 2019 φίας,
649 1945 790 2002 ῶστε
812 1949 879 2016 τῇ
915 1943 1188 2016 προχείρῳ
1210 1943 1368 2014 ῥήσει
1395 1937 1783 2001 δελεασθέντας
1809 1936 1934 1999 τοὺς
1954 1934 2048 1988 τοῦ

468 2039 632 2116 νόμου
667 2037 1108 2110 κατηγοροῦντας
1137 2035 1367 2098 ἄκοντας
1398 2032 1494 2086 καὶ
1528 2029 1860 2099 ἀγνοοῦντας
1901 2024 2054 2092 δέξα-

469 2135 594 2188 σθαι
631 2133 731 2204 τὴν
770 2132 910 2201 ὑπὲρ
951 2128 1114 2182 αὐτοῦ
1148 2125 1544 2198 γεγραμμένην
1576 2121 1904 2191 «ἀπολογίαν⁹
1941 2121 2050 2184 ἵνα,

422 2239 426 2245 ·
471 2223 539 2277 ἂν
581 2221 676 2292 μὲν
705 2219 973 2289 θελήσωσι
999 2216 1134 2288 πρὸς
1167 2216 1264 2285 τὴν
1293 2215 1351 2268 ἀ)
1365 2213 1554 2285 ήθειαν
1582 2212 1731 2278 ἰδεῖν,
1761 2210 1927 2282 ἔχωσι
1955 2209 2054 2280 τὴν

474 2313 631 2385 ῥῆσιν
663 2312 759 2383 τὴν
789 2307 1236 2381 χειραγωγοῦσαν
1265 2305 1465 2369 αὐτούς
1485 2325 1497 2336 ·
1545 2303 1611 2358 ἂν
1664 2303 1720 2356 δέ
1755 2302 2054 2373 ἐπιμένωσι

473 2407 542 2475 τῇ
571 2402 816 2473 ἀπιστίᾳ,
842 2400 1110 2471 μηδεμιᾶς
1139 2395 1467 2468 συγγνώμης
1493 2396 1676 2448 λοιπὸν
1704 2393 1928 2464 τύχωσι,
1962 2392 2058 2446 καὶ

471 2496 682 2557 αὐτοῖς,
713 2491 795 2554 οἷς
828 2489 1044 2544 δοκοῦσι
1071 2485 1376 2552 πιστεύειν,
1410 2485 1764 2548 ἀπιστοῦντες
1791 2483 1933 2538 κατά
1960 2483 2059 2553 τῆς

474 2583 688 2640 ἐαυτῶν
721 2579 1016 2651 σωτηρίας.
1070 2577 1177 2631 Ποῦ
1209 2576 1386 2630 τοίνυν
1420 2576 1454 2646 ἡ
1485 2574 1662 2646 Καινῆ
1719 2572 1920 2642 ἑαυτῆς
1967 2573 2062 2624 καί

477 2681 582 2749 τῆς
615 2675 861 2737 Παλαιᾶς
906 2673 1002 2724 Eva
1038 2670 1127 2724 τὸν
1159 2667 1454 2740 νομοθέτην
1479 2662 1619 2720 εἷναί
1641 2681 1808 2736 φησι;
1853 2663 2061 2717 Πολλα-

481 2771 580 2844 χοῦ
610 2771 707 2840 μέν
738 2766 834 2820 καὶ
860 2760 1094 2834 ἀλλαχοῦ
1118 2777 1130 2792 ·
1159 2762 1320 2832 ἡμεῖς
1339 2759 1394 2811 δέ
1422 2757 1638 2826 ἐκείνην
1665 2757 1802 2818 τέως
1833 2753 2066 2807 σπουδά-

485 2851 650 2932 ζομεν
674 2858 770 2930 τὴν
790 2854 1094 2929 περικοπὴν
1112 2855 1190 2916 εἰς
1220 2851 1383 2922 μέσον
1405 2849 1652 2918 ἀγαγεῖν,
1670 2847 1769 2918 τὴν
1797 2847 1891 2899 καὶ
1915 2844 2067 2917 παρά

483 2956 597 3015 τοῖς
629 2949 944 3018 Μανιχαίοις
968 2943 1280 3015 σωζομένην
1303 2941 1382 2994 ἔτι
1413 2940 1506 2994 καὶ
1535 2940 1650 2992 νῦν.
1678 2939 1774 3002 Τίς
1799 2934 1891 2992 οὖν
1921 2939 2067 2992 ἐστιν

486 3045 656 3114 αὖτης
688 3038 899 3111 Λέγετέ
937 3055 1071 3108 μοι,
1108 3039 1162 3090 οἱ
1190 3034 1309 3091 ὑπὸ
1349 3034 1538 3102 νόμον
1580 3031 1859 3096 θέλοντες
1894 3031 2067 3097 εἶναι,

488 3136 644 3207 φησὶ,
671 3134 779 3187 τὸν
820 3133 1010 3200 νόμον
1039 3129 1150 3183 οὐκ
1195 3127 1476 3194 ἀκούετεῖ,
1527 3123 1618 3177 ὅτι
1671 3123 1924 3191 Ἀϐραὰμ
1960 3122 2069 3175 δύο

487 3227 660 3292 υἱοὺς
689 3225 878 3294 ἔσχεν
899 3267 913 3290 ,
944 3222 1053 3276 ἕνα
1090 3221 1158 3273 ἐκ
1188 3217 1298 3286 τῆς
1350 3215 1698 3284 παιδίσκης,
1729 3215 1829 3266 καὶ
1866 3213 1973 3266 ἕνα
2003 3213 2071 3265 ἐκ

491 3318 602 3387 τῆς
629 3315 780 3389 [274]
803 3312 1162 3381 ἐλευθέρας;
1218 3311 1498 3363 Ἤκουσαν
1553 3308 1601 3360 οί
1656 3305 1942 3380 αίρετικοί,
1991 3306 2071 3357 ὅτι

492 3411 591 3464 Eva
620 3411 684 3461 ἐκ
714 3408 812 3477 τῆς
837 3406 1148 3475 παιδίσκης,
1181 3403 1273 3456 καὶ
1299 3400 1501 3464 εὐθέως
1539 3398 1890 3469 ἐπεπήδησαν
1909 3413 1922 3427 ο
1955 3397 2072 3449 ἐνό-

497 3520 662 3575 μισαν
689 3500 796 3571 γὰρ
820 3496 1154 3568 κατηγορίαν
1181 3491 1319 3548 εἶναι
1348 3491 1444 3544 τοῦ
1475 3492 1640 3561 νόμου
1671 3489 1730 3542 τὸ
1759 3488 2070 3558 λεγόμενον’

495 3593 591 3645 καὶ
641 3589 973 3657 ἐκκόψαντες
1021 3585 1191 3656 αὐτὴν
1243 3583 1342 3653 τῆς
1378 3581 1570 3651 λοιπῆς
1628 3580 1967 3642 ἀκολουθίας,
2001 3578 2076 3642 ὡς

500 3677 906 3752 συνηγοροῦσαν
937 3675 1120 3739 αὐτοῖς
1153 3674 1464 3744 κατέχουσι.
1491 3671 1630 3742 Φέρε
1655 3666 1748 3722 οὖν
1787 3671 1879 3723 ἀπ’
1911 3669 2077 3724 αὐτοῦ

495 3775 761 3843 δείξωμεν
777 3771 872 3823 Eva
900 3769 1030 3822 δντα
1053 3768 1144 3820 τὸν
1172 3764 1488 3837 νομοθέτην.
1521 3762 1765 3831 Ἀϐραὰμ
1785 3760 1892 3814 δύο
1911 3763 2080 3828 υἱοὺς

450 3866 456 3870 ’
499 3868 706 3934 ἔσχεν,
754 3862 862 3916 ἕνα
910 3861 979 3914 ἐκ
1024 3859 1134 3929 τῆς
1163 3856 1532 3928 ,παιδίσκηςκ
1577 3853 1679 3908 καί
1714 3854 1828 3934 ἕνα
1852 3855 1922 3906 ἐκ
1971 3853 2082 3922 τῆς

501 3917 822 4022 έλέυθέρας
842 3969 855 3984 ο
879 3951 1067 4006 ταῦτα
1081 3917 1337 4012 δέὲστι,
1365 3917 1550 4018 φησίν,
1568 3917 2080 4015 ἁλλητοβούμενα.

503 4047 571 4100 Τί
603 4046 659 4099 δέ
707 4049 893 4108 ἐστιν,
938 4041 1494 4110 Ἀλληγομούμενα;
1555 4036 1728 4090 Τύποι
1772 4036 1880 4088 τῶν
1931 4036 1990 4088 ἐν
2017 4037 2083 4107 τῇ

505 4138 690 4211 χάριτι
725 4136 1028 4206 γενομένων
1055 4130 1193 4204 ἦσαν
1228 4131 1298 4184 τὰ
1317 4133 1374 4184 ἐν
1395 4132 1461 4202 τῇ
1488 4129 1702 4198 Παλαιᾷ
1733 4127 1978 4200 Διαθήκῃ
2004 4143 2089 4195 γι-

507 4231 728 4300 νόμενα.
761 4228 972 4298 ’Ὠσπερ
997 4227 1106 4297 γὰρ
1138 4226 1256 4279 ἐκεῖ
1283 4222 1376 4278 δύο
1401 4225 1678 4292 γυναῖκες,
1709 4220 1882 4284 οὕτως
1903 4220 2090 4274 ἐνταῦ-

509 4319 579 4374 θα
601 4319 693 4372 δύο
717 4318 1003 4389 Διαθῆκαι.
1041 4317 1262 4388 Πρῶτον
1293 4316 1391 4387 μέν
1429 4317 1488 4368 ἐν
1513 4315 1686 4384 τούτῳ
1722 4313 1962 4366 δείκνυσι
1991 4314 2091 4384 τὴν

512 4410 830 4479 συγγένειαν
852 4410 949 4481 τῆς
967 4407 1175 4478 Καινῆς
1197 4407 1334 4478 πρὸς
1358 4404 1455 4476 τὴν
1478 4403 1744 4466 Παλαιὰν,
1763 4403 1888 4455 ὅταν
1912 4404 2092 4454 ἐκεῖνα

509 4503 716 4558 τούτων
764 4500 1017 4575 ᾖτύπος.
1080 4503 1140 4554 '0
1169 4501 1279 4573 γὰρ
1311 4499 1481 4563 τύπος
1531 4499 1631 4568 τῆς
1687 4495 1947 4568 ἀληθείας
1995 4495 2094 4547 οὐκ

511 4593 790 4660 ἐναντίον,
836 4595 971 4648 ἀλλά
1017 4593 1301 4663 συγγενές.
1345 4593 1410 4645 Εἰ
1443 4591 1500 4644 δὲ
1531 4591 1771 4654 ἐναντίος
1807 4584 1876 4660 ἦν
1903 4591 1932 4641 ό
1960 4587 2092 4650 Θεὸς

510 4689 613 4759 τῆς
640 4688 880 4751 Παλαιᾶς
905 4686 981 4758 τῷ
1013 4685 1132 4757 Θεῷ
1156 4686 1255 4756 τῆς
1280 4683 1513 4754 Καινῆς,
1545 4684 1645 4736 οὐκ
1666 4680 1855 4753 έμελλε
1870 4679 1957 4734 διὰ
1987 4679 2095 4733 τῶν

512 4782 790 4850 γυναικῶν
819 4777 1218 4852 προδιατυποῦν
1265 4778 1364 4848 τῆς
1407 4778 1617 4847 Καινῆς
1668 4774 1946 4846 Διαθήκης
1996 4772 2096 4844 τὴν

457 4897 460 4902 ·
515 4876 811 4945 ὑπεροχήν.
841 4874 906 4926 Εί
937 4873 994 4926 δὲ
1027 4871 1123 4925 καί⁵
1154 4873 1361 4933 ἐκεῖνος
1387 4868 1814 4940 προδιετύπωσε,
1838 4868 1928 4920 τὸν
1953 4863 2097 4919 Παῦ-

513 4966 605 5020 λον
627 4967 794 5037 ἐχρῆν
831 4965 906 5036 μὴ
939 4961 1355 5034 ἀποχρήσασθαι
1383 4959 1463 5031 τῷ
1491 4959 1667 5030 τύπῳ.
1703 4960 1766 5012 Εί
1787 4958 1843 5012 δέ
1864 4957 2095 5026 λέγοιεν,

517 5052 602 5103 ὅτι
643 5053 904 5122 Ἰουδαῖκῇ
937 5051 1385 5121 συγκαταϐαίνων
1405 5049 1680 5121 ἀσθενείᾳ,
1709 5049 1868 5102 τοῦτο
1899 5048 2093 5111 ἐποίει,

520 5144 692 5214 ἐχρῆν
741 5144 1086 5218 καὶεἜλλησι
1130 5143 1470 5216 κηρύττοντα
1512 5141 1716 5204 τύπους
1759 5139 2101 5210 Ἑλληνικοὺς

522 5234 786 5302 εἰσάγειν,
817 5237 912 5287 καί⁸
945 5237 1187 5309 ἱστορίας
1213 5233 1525 5306 μεμνῆσθαι
1558 5231 1668 5285 τῶν
1701 5230 1832 5302 παρ’
1876 5229 2101 5300 Ἕλλησι

521 5325 903 5396 γεγενημένων
930 5329 1293 5398 πραγμάτων.
1335 5325 1494 5379 Ἀλλά
1518 5325 1618 5377 οὐκ
1654 5322 1876 5392 ἐποίησε
1904 5320 2062 5373 τοῦτο
2087 5336 2099 5349 ·

526 5418 622 5473 καὶ
647 5418 791 5487 μάλα
811 5419 1053 5483 εἰκότως.
1092 5422 1304 5473 Ἐκεῖνα
1333 5421 1432 5490 μὲν
1459 5419 1568 5488 γὰρ
1603 5416 1753 5468 οὐδὲν
1787 5413 1964 5466 κοινὸν
1993 5407 2106 5481 εἶχε

529 5510 667 5576 πρὸς
705 5507 804 5570 τὴν
842 5508 1097 5579 ἀλήθειαν
1119 5549 1133 5574 ,
1168 5509 1341 5563 ταῦτα
1374 5510 1430 5563 δὲ
1471 5507 1607 5562 Θεοῦ
1635 5504 1874 5578 χρησμοὶ
1903 5505 1995 5558 καὶ
2025 5503 2108 5555 νό-

591 5657 622 5721 θ
648 5663 869 5721 Τοσαύτη
895 5663 1037 5710 deest
1057 5663 1106 5711 in
1129 5676 1243 5714 mss.

593 5719 622 5760 δ
645 5723 756 5775 MSS.
779 5719 868 5774 6m"
880 5724 1050 5776 αὐτῶν,

1130 305 1187 358 ς.
1229 303 1346 361 ,1οᾹ
1358 302 1516 357 NNIS
1553 294 2045 357 ειιῐιγςοετοιιι

2170 291 2404 346 iClllEP.
2447 280 2994 346 CONSTANTINOP.

3579 258 3691 314 286

2134 408 2252 466 μοι·
2283 392 2366 447 διὸ
2399 393 2491 446 καὶ
2519 389 2722 459 πολλὴν
2757 389 3074 457 συγγένειαν
3109 381 3220 452 ἔχει
3244 379 3308 432 τά
3333 375 3537 430 παλαιὰ
3564 377 3706 446 πρὸς

2127 486 2224 558 τὴν
2249 485 2456 556 Καινὴν
2491 481 2788 554 Διαθήκην.

2201 665 2277 723 ς’.
2321 657 2542 729 Πρῶτον
2578 655 2677 726 μὲν
2713 649 2804 707 οὖν
2849 651 3005 705 τοῦτο
3028 648 3317 707 δείκνυσιν,
3359 644 3442 696 δτι
3470 639 3636 710 πολλὴ
3665 641 3701 707 η

2133 751 2423 822 συμφωνία
2447 750 2545 819 τῆς
2566 747 2773 816 Καινῆς
2795 744 2931 815 πρὸς
2952 741 3048 811 τὴν
3074 739 3343 792 Παλαιὰν·
3366 735 3615 802 δεύτερον
3652 730 3714 782 δὲ

2131 843 2231 894 οὐκ
2254 841 2473 893 ἔλαττον
2489 836 2702 901 τούτου,
2723 835 2818 888 καὶ
2840 833 2977 901 αὐτῇ
3004 833 3067 900 τῇ
3101 826 3330 898 ἱστορίᾳ.
3367 825 3577 890 Ὥσπερ
3601 820 3718 888 γὰρ

2136 934 2258 987 τότε
2281 931 2373 986 δύο
2405 931 2661 999 γυναῖκες
2696 923 2836 999 ἦσαν
2874 924 2992 986 ἐνὸς
3029 920 3243 991 ἀνδρὸς,
3296 915 3438 970 οὕτω
3487 914 3581 966 καὶ
3614 910 3719 964 νῦν

2135 1024 2229 1078 δύο
2248 1021 2514 1094 Διαθῆκαι
2543 1021 2660 1084 ἐνὸς
2711 1016 2999 1089 νομοθέτου
3026 1030 3041 1043 ·
3087 1013 3230 1074 ἐπεὶ,
3266 1008 3332 1062 ἂν
3361 1006 3517 1068 ἀλλος
3609 1002 3721 1072 τῆς

2137 1118 2367 1186 Καινῆς,
2400 1115 2495 1168 καὶ
2521 1113 2680 1176 ἄλλος
2709 1111 2807 1182 τῆς
2833 1107 3099 1171 Παλαιᾶς,
3144 1100 3412 1177 περιττῶς
3435 1097 3533 1168 τὴν
3569 1097 3724 1149 ἱστο-

2142 1211 2261 1280 ρίαν
2307 1210 2622 1279 εἰσήγαγεν.
2673 1201 2746 1258 Οὐ
2787 1196 2928 1272 γὰρ’
2951 1198 3112 1262 ἀλλος
3151 1197 3249 1268 μὲν
3289 1190 3356 1265 ἦν
3376 1196 3475 1264 τῆς
3502 1190 3726 1260 Σάρρας

2139 1279 2278 1372 ἀνὴρ
2303 1341 2319 1367 ,
2371 1299 2528 1361 ἄλλος
2565 1297 2625 1350 δέ
2677 1295 2776 1365 τῆς
2810 1293 3015 1363 Ἀγαρ,
3069 1286 3185 1340 ἀλλ’
3215 1280 3294 1350 εἷς
3330 1285 3424 1338 καὶ
3460 1285 3487 1336 6
3531 1279 3722 1342 αὐτός.

2143 1371 2304 1444 Ὥστε
2324 1431 2338 1454 ,
2386 1389 2515 1443 ὅταν
2539 1387 2710 1460 λέγῃ,
2742 1377 2928 1440 Αὗται
2979 1378 3089 1451 γάρ
3114 1381 3234 1432 εισι
3269 1377 3379 1431 δύο
3413 1371 3726 1439 διαθῆκαι,

2140 1481 2292 1536 οὐδὲν
2317 1481 2504 1551 ἕτερον
2533 1477 2684 1546 λέγει
2707 1517 2722 1542 ,
2745 1473 2858 1528 ἀλλ’
2881 1474 2940 1545 ἢ,
2963 1470 3163 1525 ὅτιένα
3189 1468 3370 1538 έχουσι
3399 1461 3729 1534 νομοθέτην,

2143 1574 2394 1644 καθάπερ
2433 1573 2639 1624 ἐκεῖναι
2694 1568 2791 1622 ἕνα
2827 1565 2997 1636 ἄνδρα
3024 1563 3117 1616 τὸν
3184 1559 3456 1630 Ἀϐραάμ.
3514 1552 3661 1607 Ἀλλ’
3695 1554 3731 1623 ἡ

2149 1667 2244 1740 μὲν
2275 1664 2455 1736 δούλη,
2491 1662 2676 1734 φησὶν,
2705 1661 2740 1730 ή
2772 1659 2828 1712 δέ
2855 1656 3119 1728 ἐλευθέρα
3164 1649 3252 1724 ἦν.
3302 1650 3414 1704 Καὶ
3455 1648 3507 1701 τί
3530 1644 3732 1706 τοῦτος

2144 1736 2281 1822 τέως
2309 1757 2419 1828 γὰρ
2443 1753 2776 1824 ζητούμενον
2803 1745 2893 1820 ἦν,
2919 1751 2968 1802 εἰ
2993 1742 3074 1811 εἷς
3103 1746 3381 1814 ἐκατέρων
3405 1736 3727 1810 νομοθέτης,

2147 1847 2648 1914 Καταδεξάσθωσαν
2703 1843 2884 1897 τοίνυν
2938 1839 3097 1893 τοῦτο
3140 1835 3427 1906 πρότερον,
3468 1828 3564 1880 καί¹
3606 1825 3734 1878 τότε

2149 1944 2287 2016 πρὸς
2337 1944 2510 1996 ἐκεῖνο
2565 1939 2748 2000 αὐτοῖς
2801 1927 3269 2000 ἀποκρινούμεθα.
3310 1925 3407 1976 Ἀν
3431 1922 3541 1989 γὰρ
3571 1917 3741 1970 τοῦτο

2150 2009 2572 2102 καταναγκάζῃς
2599 2029 2795 2090 αὐτοὺς
2819 2022 3096 2089 δέξασθαι,
3131 2019 3226 2072 καὶ
3255 2013 3566 2071 πεισθῶσιν,
3587 2009 3743 2062 ἅπαν

2150 2128 2330 2182 αὐτῶν
2357 2125 2418 2178 τὸ
2439 2123 2614 2192 δόγμα
2638 2121 2938 2191 οἰχήσεται.
2972 2115 3140 2168 Ὅταν
3158 2111 3267 2181 γάρ
3289 2106 3488 2179 εὑρεθῇ
3511 2102 3606 2157 τοῦ
3640 2102 3745 2154 αὐ-

2152 2219 2245 2274 τοῦ
2279 2216 2570 2288 νομοθέτου
2604 2212 2696 2267 καὶ
2726 2214 2759 2282 ἡ
2792 2205 3006 2262 Παλαιά
3031 2202 3188 2268 οὖσα,
3229 2201 3479 2268 καθάπερ
3512 2193 3606 2249 οὖν
3645 2195 3747 2246 καί

2154 2312 2290 2379 ἐστι,
2325 2283 2472 2364 πᾶσα
2495 2307 2712 2360 λέλυται
2740 2300 2872 2374 ἡμῖν
2895 2303 2928 2372 ή
2957 2296 3094 2369 πρὸς
3119 2295 3359 2356 ἐκείνους
3385 2283 3748 2379 ἀμφισϐήτη-

2158 2377 2416 2465 σιςξἿνα
2467 2397 2523 2450 δέ
2573 2393 2706 2466 μηδέ
2765 2389 2925 2444 τοῦτο
2953 2387 3097 2458 ὑμᾶς
3129 2384 3355 2454 θορυϐᾔ,
3410 2377 3748 2450 πρόσχωμεν

2157 2489 2400 2563 ἀκριϐῶς
2426 2492 2491 2559 τῇ
2524 2489 2698 2558 ρήσει.
2735 2483 2810 2535 Οὐ
2840 2480 2948 2550 γὰρ
2983 2474 3127 2541 εἷπε,
3157 2477 3270 2530 Μία
3306 2473 3403 2543 μὲν
3432 2469 3616 2537 δούλη,
3647 2466 3750 2535 μία

2157 2583 2213 2636 δὲ
2238 2558 2501 2651 ἐλευθέρα
2527 2594 2539 2606 ·
2563 2575 2718 2638 ἀλλά,
2743 2575 2862 2628 Μία
2879 2569 2996 2641 μὲν
3016 2571 3104 2635 εἰς
3125 2566 3414 2621 δουλείαν
3442 2558 3749 2632 γεννῶσα·

2159 2675 2222 2729 οὐ
2261 2650 2478 2735 πάντως
2510 2671 2567 2724 δὲ
2597 2671 2630 2740 ἡ
2660 2670 2740 2731 είς
2779 2664 3026 2718 δουλείαν
3056 2660 3382 2729 γεννήσασα.
3414 2651 3577 2716 δούλη
3603 2667 3616 2679 ·
3657 2650 3751 2701 καὶ

2162 2765 2292 2819 αὐτὸ
2323 2763 2380 2816 δέ
2414 2763 2475 2816 τὸ
2523 2763 2604 2823 εἰς
2653 2757 2895 2812 δουλείαν
2943 2751 3219 2823 τεχθῆναι,
3254 2746 3316 2800 οὐ
3352 2745 3454 2814 τῆς
3483 2741 3752 2807 τεκούσης

2163 2857 2434 2926 ἔγκλημα,
2468 2852 2602 2907 ἀλλά
2644 2850 2753 2904 τῶν
2777 2846 3078 2918 τεχθέντων
3109 2841 3354 2898 παιδίων.
3398 2835 3618 2904 Ἐπειδὴ
3643 2834 3754 2902 γὰρ

2163 2949 2264 3020 τῆς
2287 2945 2600 3016 ἐλευθερίας
2627 2941 2716 2995 διὰ
2740 2942 2837 3010 τὴν
2857 2937 3058 2990 κακίαν
3090 2935 3313 2994 ἐαυτούς
3337 2927 3754 2996 ἀπεστέρησαν,

2167 3015 2261 3096 καὶ
2284 3040 2383 3110 τῆς
2407 3015 2683 3104 εὐγενείας
2707 3032 2984 3096 ἐξέπεσον,
3011 3027 3085 3089 ὼς
3105 3025 3323 3085 δούλους
3349 3020 3549 3080 αὐτοὺς
3576 3015 3792 3085 amb-6

2171 3107 2351 3206 μονας⁷
2371 3129 2688 3182 ἐπαίδευσεν
2737 3125 2765 3176 6
2796 3121 2931 3184 Θεὸς
2986 3117 3136 3188 φόϐῳ
3187 3113 3446 3182 διηνεκεῖ,
3506 3107 3757 3170 κολάζων

2167 3199 2457 3296 τιμωρίαις
2482 3221 2576 3273 καὶ
2601 3214 2869 3276 ἀπειλαῖς.
2903 3210 3099 3264 Πολλοὶ
3119 3207 3250 3276 γοῦν
3276 3203 3370 3258 καὶ
3386 3203 3482 3256 νῦν
3519 3199 3758 3268 πατέρες

2173 3317 2322 3390 [2751
2355 3315 2482 3377 τοὺς
2515 3309 2723 3365 ἐαυτῶν
2779 3307 2948 3368 υἱοὺς,
2981 3303 3080 3373 οὐχ
3113 3301 3190 3362 ὡς
3237 3299 3385 3360 υἰοὺς
3442 3293 3756 3360 ἐνάγουσιν,

2171 3382 2322 3462 ἀλλὰ-
2345 3405 2481 3477 μετά
2518 3401 2613 3455 τοῦ
2657 3398 2957 3469 πρέποντος
2991 3393 3230 3453 οἰκέταις
3273 3385 3441 3458 φόϐου
3468 3401 3481 3414 ·
3545 3383 3642 3435 καὶ
3699 3382 3762 3433 τὸ

2174 3472 2424 3568 ἔγκλημα
2472 3493 2591 3564 οὐχὶ
2637 3490 2747 3544 τῶν
2807 3485 3058 3557 πατέρων
3089 3483 3258 3546 ἐστὶν,
3305 3476 3443 3531 ἀλλά
3486 3473 3600 3527 τῶν
3635 3472 3762 3533 τοὺς

2177 3589 2420 3659 πατέρας
2453 3579 2991 3656 παρασκευασάντων
3033 3573 3271 3638 παίδων,
3303 3571 3378 3634 ὡς
3426 3565 3640 3628 δούλοις
3667 3579 3762 3616 κε-

2179 3655 2413 3753 χρῆσθαι
2444 3655 2558 3740 τοῖς
2601 3672 2923 3743 ἐλευθέροις.
2959 3667 3117 3722 Οὕτω
3146 3665 3238 3717 καὶ
3270 3664 3298 3714 6
3327 3660 3458 3723 Θεὸς
3505 3657 3600 3710 τὸν
3633 3655 3766 3708 λαὸν

2180 3774 2300 3827 τότε
2327 3773 2530 3824 ἐκεῖνον
2566 3767 2704 3838 μετὰ
2730 3763 2982 3817 τοσούτου
3026 3758 3191 3828 φόϐου
3226 3755 3318 3808 καὶ
3344 3750 3619 3824 τιμωρίας
3644 3762 3767 3798 τοσ-

2182 3863 2351 3932 αύτης
2379 3860 2560 3930 ἐνῆγε,
2600 3857 2717 3928 μεθ’
2737 3857 2868 3924 ὅσης
2898 3852 3043 3914 εἰκὸς
3069 3845 3137 3920 ἦν
3173 3845 3390 3914 οἰκέτην
3427 3841 3724 3910 ἀγνώμονα
3744 3853 3761 3866 ·

2181 3928 2396 4008 ἀλλ’-οὐ
2450 3928 2753 4019 κατηγορία
2781 3944 2876 3998 τοῦ
2906 3940 3045 3995 Θεοῦ
3084 3941 3144 3993 τὸ
3191 3936 3497 4007 γινόμενον,
3520 3930 3644 3984 οὐδέ
3673 3928 3768 3996 ἐγ-

2183 4046 2370 4115 κλημα
2399 4041 2494 4096 τοῦ
2521 4041 2710 4112 νόμου,
2739 4035 2876 4090 ἀλλὰ
2899 4034 3008 4088 τῶν
3033 4027 3442 4101 ἀφηνιαζὸντων
3474 4020 3767 4081 Ἰουδαίων,

2188 4113 2547 4208 σφοδροτέρου
2595 4131 2895 4202 δεηθέντων
2934 4124 3174 4198 χαλινοῦ.
3247 4121 3336 4173 Ἐν
3363 4118 3503 4187 αὐτῇ
3540 4113 3672 4184 γοῦν
3689 4115 3770 4208 τῇ

2188 4199 2398 4297 Halani.
2424 4199 2809 4296 εὐρεθήσονται
2837 4218 3021 4272 πολλοὶ
3049 4216 3148 4286 οὐχ
3165 4213 3335 4274 οὓτως
3355 4209 3641 4280 ἀχθέντες,
3659 4199 3772 4257 οἷον

2187 4321 2216 4372 6
2245 4295 2431 4383 Ἅϐελ,
2464 4295 2502 4369 6
2518 4313 2664 4378 Νῶε,
2695 4315 2724 4366 6
2769 4309 3044 4380 Ἀϐραὰμ,
3079 4307 3107 4359 6
3161 4303 3368 4366 Ἰσαὰκ,
3414 4302 3444 4354 6
3489 4295 3711 4362 Ἰακὼϐ,
3744 4297 3775 4346 6

2201 4410 2421 4480 Ἰωσὴφ,
2451 4405 2480 4460 6
2505 4405 2763 4475 Μωῦσῆς,
2795 4405 2824 4456 6
2863 4401 3069 4463 Ἠλίας,
3103 4400 3132 4452 6
3179 4396 3505 4454 Ἐλισσαῖος,
3538 4392 3587 4443 οἰ
3621 4389 3775 4442 ἄλλοι

2191 4505 2414 4568 πάντες,
2439 4501 2553 4554 ὅσοι
2580 4499 2678 4569 τὴν
2701 4500 2758 4549 ἐν
2779 4498 2846 4566 τῇ
2881 4494 3062 4563 Καινῇ
3111 4485 3429 4559 φιλοσοφίαν
3468 4482 3774 4552 ἐζήλωσαν.

2193 4595 2269 4649 Οὐ
2295 4593 2405 4664 γὰρ
2431 4591 2580 4661 φόϐῳ
2606 4590 2700 4642 καὶ
2727 4587 2964 4649 κολάσει,
2993 4582 3116 4635 οὐδὲ
3142 4579 3340 4647 ἀπειλῇ
3371 4576 3469 4628 καὶ
3507 4570 3776 4642 τιμωρίᾳ,

2195 4685 2310 4740 ἀλλ’
2329 4663 2517 4754 ἀγάπῃ
2539 4681 2660 4752 θείᾳ
2689 4679 2781 4734 καί
2803 4677 3011 4747 φίλτρῳ
3037 4674 3213 4737 ζέοντι
3241 4671 3320 4740 τῷ
3349 4668 3477 4738 περὶ
3503 4664 3639 4718 Θεὸν
3660 4663 3780 4731 ἐγέ-

2195 4795 2347 4833 νοντο
2361 4775 2610 4838 τοιοῦτοι,
2632 4767 2734 4825 οἷοι
2756 4772 2820 4841 δὴ
2837 4771 2931 4823 καὶ
2958 4767 3225 4836 ἐγένοντο.
3243 4763 3318 4815 Οὐ
3345 4760 3454 4830 γὰρ
3478 4755 3780 4825 ἐδεήθησαν

2200 4869 2656 4943 προσταγμάτων,
2710 4865 2831 4917 οὐδέ
2861 4860 3087 4916 ἐντολῶν
3117 4859 3211 4912 καὶ
3239 4857 3440 4925 νόμων,
3475 4851 3622 4903 ὥστε
3655 4850 3782 4917 ἀρε-

2196 4966 2296 5036 τὴν
2320 4961 2531 5016 ἐλέσθαι
2557 4959 2651 5013 καὶ
2671 4958 2892 5027 φεύγειν
2920 4954 3138 5014 κακίαν,
3174 4948 3290 5003 ἀλλ’
3316 4947 3508 5016 ὥσπερ
3540 4943 3783 5008 εὐγενεῖς

2199 5033 2386 5116 παῖδες
2413 5051 2506 5104 καὶ
2553 5048 2852 5117 ἐλεύθεροι,
2890 5045 2986 5116 τὴν
3017 5041 3225 5096 οἰκείαν
3256 5037 3575 5106 ἐπιγνόντες
3603 5033 3783 5097 ἀξίαν,

2202 5146 2370 5216 χωρὶς
2400 5141 2567 5212 φόϐου
2613 5139 2757 5202 τινὸς
2785 5139 2879 5191 καὶ
2925 5136 3201 5198 κολάσεως
3230 5129 3614 5204 ηὐτομόλησαν
3651 5127 3786 5197 πρὸς

2202 5238 2301 5309 τὴν
2330 5238 2562 5306 ἀρετήν’
2617 5234 2667 5285 οί
2702 5232 2758 5284 δέ
2787 5229 2964 5283 λοιποὶ
3010 5229 3212 5289 πάντες
3271 5222 3515 5278 Ἰουδαῖοι
3538 5261 3552 5284 ,
3599 5217 3809 5288 ἐπειδὴυ

2206 5330 2342 5399 πρὸς
2368 5328 2567 5380 κακίαν
2601 5323 2919 5385 ἀπέκλιναν,
2953 5319 3046 5374 τοῦ
3080 5317 3223 5373 κατά
3246 5317 3337 5370 τὸν
3363 5314 3530 5385 νόμον
3563 5312 3790 5382 ἐδεήθη-

2209 5438 2308 5473 σαν
2338 5417 2576 5489 χαλινοῦ.
2613 5416 2743 5468 Ὅτε
2768 5415 2898 5483 γοῦν
2920 5413 3181 5482 ἐποίησαν
3214 5410 3306 5462 τὸν
3349 5408 3574 5478 μόσχον,
3609 5406 3707 5457 καὶ
3734 5402 3794 5455 τὸ

2210 5512 2447 5582 γλυπτὸν
2506 5509 2941 5581 προσεκύνησαν,
2998 5507 3120 5558 τότε
3179 5505 3451 5574 ἤκουσαν·
3510 5501 3732 5567 Κύριος
3763 5499 3793 5552 ι⁴

2213 5607 2356 5669 Θεός
2401 5617 2537 5666 σου,
2577 5602 2790 5668 Κύριος
2838 5600 2924 5663 εἰς
2970 5599 3167 5651 ἐστιν·
3206 5596 3293 5648 ὅτε
3328 5595 3651 5663 ἐφόνευσαν,
3704 5588 3794 5644 καὶ

2218 5697 2312 5758 τὰς
2334 5695 2594 5764 γυναῖκας
2625 5695 2731 5746 τῶν
2756 5690 2981 5762 πλησίον
3006 5688 3338 5759 διέφθειραν,
3382 5686 3500 5738 τότε
3532 5684 3792 5754 ἥκουσαν,
