  <div class='ocr_page' id='page_1' title='image "/cluster/home/n/w/nwhite01/storage/ocr_20150623/51/nnc1.0046978275/284.png"; bbox 0 0 3990 6358; ppageno 0'>
   <div class='ocr_carea' id='block_1_1' title="bbox 332 330 436 385">
    <p class='ocr_par' dir='ltr' id='par_1_1' title="bbox 332 330 436 385">
     <span class='ocr_line' id='line_1_1' title="bbox 332 330 436 385; baseline 0 0"><span class='ocrx_word' id='word_1_1' title='bbox 332 330 436 385; x_wconf 74' lang='lat'><strong>285</strong></span> 
     </span>
    </p>
   </div>
   <div class='ocr_carea' id='block_1_2' title="bbox 333 435 1927 516">
    <p class='ocr_par' dir='ltr' id='par_1_2' title="bbox 333 435 1927 516">
     <span class='ocr_line' id='line_1_2' title="bbox 333 435 1927 516; baseline -0.006 -16"><span class='ocrx_word' id='word_1_2' title='bbox 333 447 449 500; x_wconf 86' lang='lat' dir='ltr'><strong>Non</strong></span> <span class='ocrx_word' id='word_1_3' title='bbox 504 460 693 516; x_wconf 89' lang='lat' dir='ltr'><strong>parum</strong></span> <span class='ocrx_word' id='word_1_4' title='bbox 741 443 885 499; x_wconf 88' lang='lat' dir='ltr'><strong>enim</strong></span> <span class='ocrx_word' id='word_1_5' title='bbox 931 443 1212 496; x_wconf 88' lang='lat' dir='ltr'><strong>veritatem</strong></span> <span class='ocrx_word' id='word_1_6' title='bbox 1258 440 1375 509; x_wconf 84' lang='lat' dir='ltr'><strong>ejus</strong></span> <span class='ocrx_word' id='word_1_7' title='bbox 1426 438 1692 492; x_wconf 73' lang='lat' dir='ltr'><strong>illustrant</strong></span> <span class='ocrx_word' id='word_1_8' title='bbox 1724 435 1927 491; x_wconf 84' lang='lat' dir='ltr'><strong>Veteris</strong></span> 
     </span>
    </p>
   </div>
   <div class='ocr_carea' id='block_1_3' title="bbox 334 528 1930 606">
    <p class='ocr_par' dir='ltr' id='par_1_3' title="bbox 334 528 1930 606">
     <span class='ocr_line' id='line_1_3' title="bbox 334 528 1930 606; baseline -0.008 -13"><span class='ocrx_word' id='word_1_9' title='bbox 334 537 670 593; x_wconf 89' lang='lat' dir='ltr'><strong>Testamenti</strong></span> <span class='ocrx_word' id='word_1_10' title='bbox 711 535 1092 606; x_wconf 89' lang='lat' dir='ltr'><strong>prophetarum</strong></span> <span class='ocrx_word' id='word_1_11' title='bbox 1136 532 1420 602; x_wconf 60' lang='lat' dir='ltr'><strong>praeconia,</strong></span> <span class='ocrx_word' id='word_1_12' title='bbox 1464 544 1601 599; x_wconf 90' lang='lat' dir='ltr'><strong>quos</strong></span> <span class='ocrx_word' id='word_1_13' title='bbox 1644 528 1731 581; x_wconf 85' lang='lat' dir='ltr'><strong>isti</strong></span> <span class='ocrx_word' id='word_1_14' title='bbox 1778 541 1930 581; x_wconf 87' lang='lat' dir='ltr'><strong>aver-</strong></span> 
     </span>
    </p>
   </div>
   <div class='ocr_carea' id='block_1_4' title="bbox 334 623 1932 697">
    <p class='ocr_par' dir='ltr' id='par_1_4' title="bbox 334 623 1932 697">
     <span class='ocr_line' id='line_1_4' title="bbox 334 623 1932 697; baseline -0.008 -12"><span class='ocrx_word' id='word_1_15' title='bbox 334 630 505 685; x_wconf 85' lang='lat' dir='ltr'><strong>sando</strong></span> <span class='ocrx_word' id='word_1_16' title='bbox 552 644 658 685; x_wconf 92' lang='lat' dir='ltr'><strong>non</strong></span> <span class='ocrx_word' id='word_1_17' title='bbox 708 627 1012 697; x_wconf 87' lang='lat' dir='ltr'><strong>intelligunt</strong></span> <span class='ocrx_word' id='word_1_18' title='bbox 1052 624 1255 694; x_wconf 84' lang='lat' dir='ltr'><strong>majore</strong></span> <span class='ocrx_word' id='word_1_19' title='bbox 1300 623 1572 693; x_wconf 85' lang='lat' dir='ltr'><strong>apostolos</strong></span> <span class='ocrx_word' id='word_1_20' title='bbox 1600 635 1758 690; x_wconf 90' lang='lat' dir='ltr'><strong>quam</strong></span> <span class='ocrx_word' id='word_1_21' title='bbox 1806 633 1932 689; x_wconf 76' lang='lat' dir='ltr'><strong>pro-</strong></span> 
     </span>
    </p>
   </div>
   <div class='ocr_carea' id='block_1_5' title="bbox 332 710 1931 792">
    <p class='ocr_par' dir='ltr' id='par_1_5' title="bbox 332 710 1931 792">
     <span class='ocr_line' id='line_1_5' title="bbox 332 710 1931 792; baseline -0.008 -15"><span class='ocrx_word' id='word_1_22' title='bbox 332 723 525 792; x_wconf 90' lang='lat' dir='ltr'><strong>phetas</strong></span> <span class='ocrx_word' id='word_1_23' title='bbox 564 719 893 780; x_wconf 88' lang='lat' dir='ltr'><strong>contumelia</strong></span> <span class='ocrx_word' id='word_1_24' title='bbox 932 733 992 773; x_wconf 91' lang='lat' dir='ltr'><strong>se</strong></span> <span class='ocrx_word' id='word_1_25' title='bbox 1022 716 1258 772; x_wconf 80' lang='lat' dir='ltr'><strong>afﬁcere.</strong></span> <span class='ocrx_word' id='word_1_26' title='bbox 1290 715 1485 781; x_wconf 85' lang='lat' dir='ltr'><strong>Unam,</strong></span> <span class='ocrx_word' id='word_1_27' title='bbox 1518 714 1751 783; x_wconf 88' lang='lat' dir='ltr'><strong>inquam,</strong></span> <span class='ocrx_word' id='word_1_28' title='bbox 1780 710 1931 766; x_wconf 84' lang='lat' dir='ltr'><strong>Novo</strong></span> 
     </span>
    </p>
   </div>
   <div class='ocr_carea' id='block_1_6' title="bbox 336 802 1928 882">
    <p class='ocr_par' dir='ltr' id='par_1_6' title="bbox 336 802 1928 882">
     <span class='ocr_line' id='line_1_6' title="bbox 336 802 1928 882; baseline -0.008 -13"><span class='ocrx_word' id='word_1_29' title='bbox 336 813 687 869; x_wconf 84' lang='lat' dir='ltr'><strong>Testamento</strong></span> <span class='ocrx_word' id='word_1_30' title='bbox 716 811 965 882; x_wconf 90' lang='lat' dir='ltr'><strong>injuriam</strong></span> <span class='ocrx_word' id='word_1_31' title='bbox 996 810 1195 864; x_wconf 88' lang='lat' dir='ltr'><strong>faciunt</strong></span> <span class='ocrx_word' id='word_1_32' title='bbox 1230 808 1416 872; x_wconf 90' lang='lat' dir='ltr'><strong>istam;</strong></span> <span class='ocrx_word' id='word_1_33' title='bbox 1461 806 1569 860; x_wconf 93' lang='lat' dir='ltr'><strong>alio</strong></span> <span class='ocrx_word' id='word_1_34' title='bbox 1612 819 1742 859; x_wconf 88' lang='lat' dir='ltr'><strong>vero</strong></span> <span class='ocrx_word' id='word_1_35' title='bbox 1768 802 1928 858; x_wconf 92' lang='lat' dir='ltr'><strong>modo</strong></span> 
     </span>
    </p>
   </div>
   <div class='ocr_carea' id='block_1_7' title="bbox 335 899 1926 976">
    <p class='ocr_par' dir='ltr' id='par_1_7' title="bbox 335 899 1926 976">
     <span class='ocr_line' id='line_1_7' title="bbox 335 899 1926 976; baseline -0.008 -16"><span class='ocrx_word' id='word_1_36' title='bbox 335 915 556 970; x_wconf 76' lang='lat' dir='ltr'><strong>iterum,</strong></span> <span class='ocrx_word' id='word_1_37' title='bbox 578 903 722 976; x_wconf 90' lang='lat' dir='ltr'><strong>quod</strong></span> <span class='ocrx_word' id='word_1_38' title='bbox 751 904 947 959; x_wconf 87' lang='lat' dir='ltr'><strong>bonam</strong></span> <span class='ocrx_word' id='word_1_39' title='bbox 969 917 1034 955; x_wconf 84' lang='lat' dir='ltr'><strong>ex</strong></span> <span class='ocrx_word' id='word_1_40' title='bbox 1062 915 1128 956; x_wconf 91' lang='lat' dir='ltr'><strong>eo</strong></span> <span class='ocrx_word' id='word_1_41' title='bbox 1154 908 1358 970; x_wconf 88' lang='lat' dir='ltr'><strong>partem</strong></span> <span class='ocrx_word' id='word_1_42' title='bbox 1388 904 1654 952; x_wconf 87' lang='lat' dir='ltr'><strong>resecant.</strong></span> <span class='ocrx_word' id='word_1_43' title='bbox 1680 899 1926 951; x_wconf 80' lang='lat' dir='ltr'><strong>Attamen</strong></span> 
     </span>
    </p>
   </div>
   <div class='ocr_carea' id='block_1_8' title="bbox 336 986 1929 1063">
    <p class='ocr_par' dir='ltr' id='par_1_8' title="bbox 336 986 1929 1063">
     <span class='ocr_line' id='line_1_8' title="bbox 336 986 1929 1063; baseline -0.008 -12"><span class='ocrx_word' id='word_1_44' title='bbox 336 1008 485 1051; x_wconf 88' lang='lat' dir='ltr'><strong>tanta</strong></span> <span class='ocrx_word' id='word_1_45' title='bbox 514 1006 599 1052; x_wconf 89' lang='lat' dir='ltr'><strong>est</strong></span> <span class='ocrx_word' id='word_1_46' title='bbox 628 1011 836 1060; x_wconf 88' lang='lat' dir='ltr'><strong>eorum,</strong></span> <span class='ocrx_word' id='word_1_47' title='bbox 862 1009 984 1063; x_wconf 67' lang='lat' dir='ltr'><strong>qua!</strong></span> <span class='ocrx_word' id='word_1_48' title='bbox 1010 992 1065 1048; x_wconf 92' lang='lat' dir='ltr'><strong>in</strong></span> <span class='ocrx_word' id='word_1_49' title='bbox 1109 992 1199 1047; x_wconf 93' lang='lat' dir='ltr'><strong>illo</strong></span> <span class='ocrx_word' id='word_1_50' title='bbox 1236 990 1599 1054; x_wconf 85' lang='lat' dir='ltr'><strong>continentur,</strong></span> <span class='ocrx_word' id='word_1_51' title='bbox 1626 988 1728 1053; x_wconf 88' lang='lat' dir='ltr'><strong>vis,</strong></span> <span class='ocrx_word' id='word_1_52' title='bbox 1766 995 1823 1041; x_wconf 93' lang='lat' dir='ltr'><strong>ut</strong></span> <span class='ocrx_word' id='word_1_53' title='bbox 1848 986 1929 1039; x_wconf 91' lang='lat' dir='ltr'><strong>vel</strong></span> 
     </span>
    </p>
   </div>
   <div class='ocr_carea' id='block_1_9' title="bbox 337 1078 1932 1159">
    <p class='ocr_par' dir='ltr' id='par_1_9' title="bbox 337 1078 1932 1159">
     <span class='ocr_line' id='line_1_9' title="bbox 337 1078 1932 1159; baseline -0.007 -16"><span class='ocrx_word' id='word_1_54' title='bbox 337 1105 403 1143; x_wconf 81' lang='lat' dir='ltr'><strong>ex</strong></span> <span class='ocrx_word' id='word_1_55' title='bbox 434 1089 565 1159; x_wconf 86' lang='lat' dir='ltr'><strong>ipsis</strong></span> <span class='ocrx_word' id='word_1_56' title='bbox 593 1087 833 1157; x_wconf 89' lang='lat' dir='ltr'><strong>reliquiis</strong></span> <span class='ocrx_word' id='word_1_57' title='bbox 864 1083 1019 1140; x_wconf 80' lang='lat' dir='ltr'><strong>facile</strong></span> <span class='ocrx_word' id='word_1_58' title='bbox 1042 1083 1364 1139; x_wconf 82' lang='lat' dir='ltr'><strong>maleficium</strong></span> <span class='ocrx_word' id='word_1_59' title='bbox 1388 1084 1607 1136; x_wconf 90' lang='lat' dir='ltr'><strong>istorum</strong></span> <span class='ocrx_word' id='word_1_60' title='bbox 1633 1078 1932 1149; x_wconf 86' lang='lat' dir='ltr'><strong>deprehen-</strong></span> 
     </span>
    </p>
   </div>
   <div class='ocr_carea' id='block_1_10' title="bbox 338 1171 1930 1242">
    <p class='ocr_par' dir='ltr' id='par_1_10' title="bbox 338 1171 1930 1242">
     <span class='ocr_line' id='line_1_10' title="bbox 338 1171 1930 1242; baseline -0.007 -7"><span class='ocrx_word' id='word_1_61' title='bbox 338 1181 500 1235; x_wconf 86' lang='lat' dir='ltr'><strong>datur</strong></span> <span class='ocrx_word' id='word_1_62' title='bbox 530 1197 544 1234; x_wconf 90' lang='lat'><strong>:</strong></span> <span class='ocrx_word' id='word_1_63' title='bbox 589 1188 793 1234; x_wconf 88' lang='lat' dir='ltr'><strong>resecta</strong></span> <span class='ocrx_word' id='word_1_64' title='bbox 821 1176 964 1232; x_wconf 90' lang='lat' dir='ltr'><strong>enim</strong></span> <span class='ocrx_word' id='word_1_65' title='bbox 992 1175 1234 1231; x_wconf 91' lang='lat' dir='ltr'><strong>membra</strong></span> <span class='ocrx_word' id='word_1_66' title='bbox 1272 1174 1524 1239; x_wconf 88' lang='lat' dir='ltr'><strong>clamant,</strong></span> <span class='ocrx_word' id='word_1_67' title='bbox 1556 1181 1609 1227; x_wconf 91' lang='lat' dir='ltr'><strong>et</strong></span> <span class='ocrx_word' id='word_1_68' title='bbox 1649 1171 1930 1242; x_wconf 92' lang='lat' dir='ltr'><strong>pristinum</strong></span> 
     </span>
    </p>
   </div>
   <div class='ocr_carea' id='block_1_11' title="bbox 338 1261 1929 1332">
    <p class='ocr_par' dir='ltr' id='par_1_11' title="bbox 338 1261 1929 1332">
     <span class='ocr_line' id='line_1_11' title="bbox 338 1261 1929 1332; baseline -0.007 -6"><span class='ocrx_word' id='word_1_69' title='bbox 338 1286 466 1326; x_wconf 91' lang='lat' dir='ltr'><strong>cum</strong></span> <span class='ocrx_word' id='word_1_70' title='bbox 515 1270 631 1326; x_wconf 85' lang='lat' dir='ltr'><strong>&#39;suis</strong></span> <span class='ocrx_word' id='word_1_71' title='bbox 671 1267 930 1324; x_wconf 88' lang='lat' dir='ltr'><strong>membris</strong></span> <span class='ocrx_word' id='word_1_72' title='bbox 959 1280 1280 1322; x_wconf 87' lang='lat' dir='ltr'><strong>consensum</strong></span> <span class='ocrx_word' id='word_1_73' title='bbox 1329 1264 1693 1319; x_wconf 89' lang='lat' dir='ltr'><strong>indesinenter</strong></span> <span class='ocrx_word' id='word_1_74' title='bbox 1749 1261 1929 1332; x_wconf 85' lang='lat' dir='ltr'><strong>requi-</strong></span> 
     </span>
    </p>
   </div>
   <div class='ocr_carea' id='block_1_12' title="bbox 340 1372 489 1418">
    <p class='ocr_par' dir='ltr' id='par_1_12' title="bbox 340 1372 489 1418">
     <span class='ocr_line' id='line_1_12' title="bbox 340 1372 489 1418; baseline 0 -1"><span class='ocrx_word' id='word_1_75' title='bbox 340 1372 489 1418; x_wconf 87' lang='lat' dir='ltr'><strong>runt.</strong></span> 
     </span>
    </p>
   </div>
   <div class='ocr_carea' id='block_1_13' title="bbox 411 1445 1931 1523">
    <p class='ocr_par' dir='ltr' id='par_1_13' title="bbox 411 1445 1931 1523">
     <span class='ocr_line' id='line_1_13' title="bbox 411 1445 1931 1523; baseline -0.007 -13"><span class='ocrx_word' id='word_1_76' title='bbox 411 1456 465 1510; x_wconf 83' lang='lat'><strong>5.</strong></span> <span class='ocrx_word' id='word_1_77' title='bbox 509 1452 701 1509; x_wconf 85' lang='lat' dir='ltr'><strong>Probat</strong></span> <span class='ocrx_word' id='word_1_78' title='bbox 735 1470 894 1508; x_wconf 82' lang='lat' dir='ltr'><strong>unum</strong></span> <span class='ocrx_word' id='word_1_79' title='bbox 940 1469 1049 1508; x_wconf 82' lang='lat' dir='ltr'><strong>esse</strong></span> <span class='ocrx_word' id='word_1_80' title='bbox 1093 1452 1429 1523; x_wconf 85' lang='lat' dir='ltr'><strong>legislatorem</strong></span> <span class='ocrx_word' id='word_1_81' title='bbox 1470 1458 1731 1518; x_wconf 80' lang='lat' dir='ltr'><strong>utriusque</strong></span> <span class='ocrx_word' id='word_1_82' title='bbox 1755 1445 1931 1501; x_wconf 85' lang='lat' dir='ltr'><strong>Testa-</strong></span> 
     </span>
    </p>
   </div>
   <div class='ocr_carea' id='block_1_14' title="bbox 339 1539 1932 1615">
    <p class='ocr_par' dir='ltr' id='par_1_14' title="bbox 339 1539 1932 1615">
     <span class='ocr_line' id='line_1_14' title="bbox 339 1539 1932 1615; baseline -0.005 -15"><span class='ocrx_word' id='word_1_83' title='bbox 339 1547 495 1600; x_wconf 68' lang='lat' dir='ltr'><strong>menti</strong></span> <span class='ocrx_word' id='word_1_84' title='bbox 518 1562 582 1600; x_wconf 83' lang='lat' dir='ltr'><strong>ea:</strong></span> <span class='ocrx_word' id='word_1_85' title='bbox 607 1545 899 1615; x_wconf 85' lang='lat' dir='ltr'><strong>apostolicis</strong></span> <span class='ocrx_word' id='word_1_86' title='bbox 925 1545 1104 1611; x_wconf 84' lang='lat' dir='ltr'><strong>verbis,</strong></span> <span class='ocrx_word' id='word_1_87' title='bbox 1133 1553 1178 1599; x_wconf 78' lang='lat' dir='ltr'><strong>et</strong></span> <span class='ocrx_word' id='word_1_88' title='bbox 1201 1560 1265 1598; x_wconf 79' lang='lat' dir='ltr'><strong>ea:</strong></span> <span class='ocrx_word' id='word_1_89' title='bbox 1292 1560 1350 1599; x_wconf 83' lang='lat' dir='ltr'><strong>eo</strong></span> <span class='ocrx_word' id='word_1_90' title='bbox 1377 1544 1511 1612; x_wconf 83' lang='lat' dir='ltr'><strong>quod</strong></span> <span class='ocrx_word' id='word_1_91' title='bbox 1550 1541 1701 1594; x_wconf 75' lang='lat' dir='ltr'><strong>Vetus</strong></span> <span class='ocrx_word' id='word_1_92' title='bbox 1728 1539 1932 1593; x_wconf 84' lang='lat' dir='ltr'><strong>Novum</strong></span> 
     </span>
    </p>
   </div>
   <div class='ocr_carea' id='block_1_15' title="bbox 338 1630 1933 1710">
    <p class='ocr_par' dir='ltr' id='par_1_15' title="bbox 338 1630 1933 1710">
     <span class='ocr_line' id='line_1_15' title="bbox 338 1630 1933 1710; baseline -0.005 -18"><span class='ocrx_word' id='word_1_93' title='bbox 338 1638 764 1710; x_wconf 74' lang='lat' dir='ltr'><strong>prwﬁguraverit.</strong></span> <span class='ocrx_word' id='word_1_94' title='bbox 791 1667 865 1677; x_wconf 92' lang='lat'><strong><em>—</em></strong></span> <span class='ocrx_word' id='word_1_95' title='bbox 898 1635 1180 1705; x_wconf 88' lang='lat' dir='ltr'><strong>Quomodo</strong></span> <span class='ocrx_word' id='word_1_96' title='bbox 1230 1634 1390 1705; x_wconf 82' lang='lat' dir='ltr'><strong>igitur</strong></span> <span class='ocrx_word' id='word_1_97' title='bbox 1448 1630 1933 1688; x_wconf 76' lang='lat' dir='ltr'><strong>demonstrabimus</strong></span> 
     </span>
    </p>
   </div>
   <div class='ocr_carea' id='block_1_16' title="bbox 343 1724 1933 1794">
    <p class='ocr_par' dir='ltr' id='par_1_16' title="bbox 343 1724 1933 1794">
     <span class='ocr_line' id='line_1_16' title="bbox 343 1724 1933 1794; baseline -0.005 -11"><span class='ocrx_word' id='word_1_98' title='bbox 343 1731 552 1787; x_wconf 76' lang='lat' dir='ltr'><strong>Veteris</strong></span> <span class='ocrx_word' id='word_1_99' title='bbox 580 1739 635 1786; x_wconf 90' lang='lat' dir='ltr'><strong>et</strong></span> <span class='ocrx_word' id='word_1_100' title='bbox 658 1729 795 1786; x_wconf 89' lang='lat' dir='ltr'><strong>Novi</strong></span> <span class='ocrx_word' id='word_1_101' title='bbox 817 1729 1149 1785; x_wconf 91' lang='lat' dir='ltr'><strong>Testamenti</strong></span> <span class='ocrx_word' id='word_1_102' title='bbox 1180 1742 1345 1782; x_wconf 92' lang='lat' dir='ltr'><strong>unum</strong></span> <span class='ocrx_word' id='word_1_103' title='bbox 1372 1741 1494 1781; x_wconf 91' lang='lat' dir='ltr'><strong>esse</strong></span> <span class='ocrx_word' id='word_1_104' title='bbox 1532 1724 1933 1794; x_wconf 85' lang='lat' dir='ltr'><strong>legislatorent?</strong></span> 
     </span>
    </p>
   </div>
   <div class='ocr_carea' id='block_1_17' title="bbox 340 1814 1935 1892">
    <p class='ocr_par' dir='ltr' id='par_1_17' title="bbox 340 1814 1935 1892">
     <span class='ocr_line' id='line_1_17' title="bbox 340 1814 1935 1892; baseline -0.005 -17"><span class='ocrx_word' id='word_1_105' title='bbox 340 1821 421 1875; x_wconf 81' lang='lat' dir='ltr'><strong>Ex</strong></span> <span class='ocrx_word' id='word_1_106' title='bbox 442 1820 576 1892; x_wconf 87' lang='lat' dir='ltr'><strong>ipsis</strong></span> <span class='ocrx_word' id='word_1_107' title='bbox 596 1820 905 1890; x_wconf 87' lang='lat' dir='ltr'><strong>apostolicis</strong></span> <span class='ocrx_word' id='word_1_108' title='bbox 933 1819 1132 1883; x_wconf 80' lang='lat' dir='ltr'><strong>verbis,</strong></span> <span class='ocrx_word' id='word_1_109' title='bbox 1159 1832 1281 1889; x_wconf 69' lang='lat' dir='ltr'><strong>quae</strong></span> <span class='ocrx_word' id='word_1_110' title='bbox 1314 1816 1457 1886; x_wconf 90' lang='lat' dir='ltr'><strong>apud</strong></span> <span class='ocrx_word' id='word_1_111' title='bbox 1484 1817 1632 1886; x_wconf 91' lang='lat' dir='ltr'><strong>ipsos</strong></span> <span class='ocrx_word' id='word_1_112' title='bbox 1658 1814 1819 1869; x_wconf 90' lang='lat' dir='ltr'><strong>etiam</strong></span> <span class='ocrx_word' id='word_1_113' title='bbox 1849 1828 1935 1868; x_wconf 90' lang='lat' dir='ltr'><strong>re-</strong></span> 
     </span>
    </p>
   </div>
   <div class='ocr_carea' id='block_1_18' title="bbox 336 1903 1931 1981">
    <p class='ocr_par' dir='ltr' id='par_1_18' title="bbox 336 1903 1931 1981">
     <span class='ocr_line' id='line_1_18' title="bbox 336 1903 1931 1981; baseline -0.005 -15"><span class='ocrx_word' id='word_1_114' title='bbox 336 1913 461 1967; x_wconf 89' lang='lat' dir='ltr'><strong>licta</strong></span> <span class='ocrx_word' id='word_1_115' title='bbox 492 1919 619 1965; x_wconf 92' lang='lat' dir='ltr'><strong>sunt</strong></span> <span class='ocrx_word' id='word_1_116' title='bbox 640 1927 654 1965; x_wconf 88' lang='lat'><strong>:</strong></span> <span class='ocrx_word' id='word_1_117' title='bbox 674 1926 793 1981; x_wconf 58' lang='lat' dir='ltr'><strong>qua;</strong></span> <span class='ocrx_word' id='word_1_118' title='bbox 817 1912 1027 1965; x_wconf 90' lang='lat' dir='ltr'><strong>tametsi</strong></span> <span class='ocrx_word' id='word_1_119' title='bbox 1068 1910 1236 1980; x_wconf 90' lang='lat' dir='ltr'><strong>prima</strong></span> <span class='ocrx_word' id='word_1_120' title='bbox 1265 1908 1441 1962; x_wconf 86' lang='lat' dir='ltr'><strong>fronte</strong></span> <span class='ocrx_word' id='word_1_121' title='bbox 1468 1905 1748 1960; x_wconf 87' lang='lat' dir='ltr'><strong>videantur</strong></span> <span class='ocrx_word' id='word_1_122' title='bbox 1769 1903 1931 1958; x_wconf 81' lang='lat' dir='ltr'><strong>Vetus</strong></span> 
     </span>
    </p>
   </div>
   <div class='ocr_carea' id='block_1_19' title="bbox 342 1996 1934 2066">
    <p class='ocr_par' dir='ltr' id='par_1_19' title="bbox 342 1996 1934 2066">
     <span class='ocr_line' id='line_1_19' title="bbox 342 1996 1934 2066; baseline -0.004 -10"><span class='ocrx_word' id='word_1_123' title='bbox 342 2000 473 2057; x_wconf 89' lang='lat' dir='ltr'><strong>illud</strong></span> <span class='ocrx_word' id='word_1_124' title='bbox 510 2015 790 2066; x_wconf 89' lang='lat' dir='ltr'><strong>accusare,</strong></span> <span class='ocrx_word' id='word_1_125' title='bbox 820 2015 928 2056; x_wconf 93' lang='lat' dir='ltr'><strong>non</strong></span> <span class='ocrx_word' id='word_1_126' title='bbox 972 1999 1317 2056; x_wconf 85' lang='lat' dir='ltr'><strong>mediocriter</strong></span> <span class='ocrx_word' id='word_1_127' title='bbox 1358 2008 1535 2053; x_wconf 86' lang='lat' dir='ltr'><strong>tamen</strong></span> <span class='ocrx_word' id='word_1_128' title='bbox 1578 1996 1630 2051; x_wconf 91' lang='lat' dir='ltr'><strong>id</strong></span> <span class='ocrx_word' id='word_1_129' title='bbox 1659 2011 1934 2051; x_wconf 84' lang='lat' dir='ltr'><strong>commen-</strong></span> 
     </span>
    </p>
   </div>
   <div class='ocr_carea' id='block_1_20' title="bbox 340 2086 1936 2161">
    <p class='ocr_par' dir='ltr' id='par_1_20' title="bbox 340 2086 1936 2161">
     <span class='ocr_line' id='line_1_20' title="bbox 340 2086 1936 2161; baseline -0.004 -14"><span class='ocrx_word' id='word_1_130' title='bbox 340 2094 492 2161; x_wconf 86' lang='lat' dir='ltr'><strong>dant,</strong></span> <span class='ocrx_word' id='word_1_131' title='bbox 522 2103 577 2149; x_wconf 91' lang='lat' dir='ltr'><strong>et</strong></span> <span class='ocrx_word' id='word_1_132' title='bbox 601 2093 796 2149; x_wconf 82' lang='lat' dir='ltr'><strong>divinis</strong></span> <span class='ocrx_word' id='word_1_133' title='bbox 838 2092 1071 2148; x_wconf 88' lang='lat' dir='ltr'><strong>oraculis</strong></span> <span class='ocrx_word' id='word_1_134' title='bbox 1105 2091 1313 2146; x_wconf 66' lang='lat' dir='ltr'><strong>caelitus</strong></span> <span class='ocrx_word' id='word_1_135' title='bbox 1357 2089 1624 2160; x_wconf 91' lang='lat' dir='ltr'><strong>proditum</strong></span> <span class='ocrx_word' id='word_1_136' title='bbox 1651 2102 1771 2142; x_wconf 91' lang='lat' dir='ltr'><strong>esse</strong></span> <span class='ocrx_word' id='word_1_137' title='bbox 1795 2086 1936 2141; x_wconf 91' lang='lat' dir='ltr'><strong>indi-</strong></span> 
     </span>
    </p>
   </div>
   <div class='ocr_carea' id='block_1_21' title="bbox 340 2180 1939 2255">
    <p class='ocr_par' dir='ltr' id='par_1_21' title="bbox 340 2180 1939 2255">
     <span class='ocr_line' id='line_1_21' title="bbox 340 2180 1939 2255; baseline -0.005 -16"><span class='ocrx_word' id='word_1_138' title='bbox 340 2194 486 2240; x_wconf 88' lang='lat' dir='ltr'><strong>cant.</strong></span> <span class='ocrx_word' id='word_1_139' title='bbox 533 2184 605 2240; x_wconf 87' lang='lat' dir='ltr'><strong>Et</strong></span> <span class='ocrx_word' id='word_1_140' title='bbox 630 2184 733 2241; x_wconf 90' lang='lat' dir='ltr'><strong>hoc</strong></span> <span class='ocrx_word' id='word_1_141' title='bbox 759 2185 928 2240; x_wconf 90' lang='lat' dir='ltr'><strong>sancti</strong></span> <span class='ocrx_word' id='word_1_142' title='bbox 973 2184 1204 2255; x_wconf 87' lang='lat' dir='ltr'><strong>Spiritus</strong></span> <span class='ocrx_word' id='word_1_143' title='bbox 1233 2183 1492 2253; x_wconf 88' lang='lat' dir='ltr'><strong>sapientia</strong></span> <span class='ocrx_word' id='word_1_144' title='bbox 1523 2180 1718 2235; x_wconf 85' lang='lat' dir='ltr'><strong>factum</strong></span> <span class='ocrx_word' id='word_1_145' title='bbox 1745 2187 1847 2244; x_wconf 86' lang='lat' dir='ltr'><strong>est,</strong></span> <span class='ocrx_word' id='word_1_146' title='bbox 1880 2187 1939 2232; x_wconf 87' lang='lat' dir='ltr'><strong>ut</strong></span> 
     </span>
    </p>
   </div>
   <div class='ocr_carea' id='block_1_22' title="bbox 339 2273 1939 2348">
    <p class='ocr_par' dir='ltr' id='par_1_22' title="bbox 339 2273 1939 2348">
     <span class='ocr_line' id='line_1_22' title="bbox 339 2273 1939 2348; baseline -0.003 -17"><span class='ocrx_word' id='word_1_147' title='bbox 339 2289 684 2333; x_wconf 85' lang='lat' dir='ltr'><strong>accusatores</strong></span> <span class='ocrx_word' id='word_1_148' title='bbox 712 2277 867 2348; x_wconf 83' lang='lat' dir='ltr'><strong>legis,</strong></span> <span class='ocrx_word' id='word_1_149' title='bbox 894 2276 1073 2333; x_wconf 87' lang='lat' dir='ltr'><strong>allecti</strong></span> <span class='ocrx_word' id='word_1_150' title='bbox 1119 2276 1288 2347; x_wconf 88' lang='lat' dir='ltr'><strong>prima</strong></span> <span class='ocrx_word' id='word_1_151' title='bbox 1339 2274 1475 2329; x_wconf 86' lang='lat' dir='ltr'><strong>facie</strong></span> <span class='ocrx_word' id='word_1_152' title='bbox 1502 2274 1804 2339; x_wconf 83' lang='lat' dir='ltr'><strong>verborum,</strong></span> <span class='ocrx_word' id='word_1_153' title='bbox 1839 2273 1939 2326; x_wconf 91' lang='lat' dir='ltr'><strong>im—</strong></span> 
     </span>
    </p>
   </div>
   <div class='ocr_carea' id='block_1_23' title="bbox 341 2365 1935 2440">
    <p class='ocr_par' dir='ltr' id='par_1_23' title="bbox 341 2365 1935 2440">
     <span class='ocr_line' id='line_1_23' title="bbox 341 2365 1935 2440; baseline -0.003 -18"><span class='ocrx_word' id='word_1_154' title='bbox 341 2369 636 2440; x_wconf 77' lang='lat' dir='ltr'><strong>prudentes</strong></span> <span class='ocrx_word' id='word_1_155' title='bbox 663 2378 718 2425; x_wconf 89' lang='lat' dir='ltr'><strong>et</strong></span> <span class='ocrx_word' id='word_1_156' title='bbox 747 2368 899 2423; x_wconf 82' lang='lat' dir='ltr'><strong>inviti</strong></span> <span class='ocrx_word' id='word_1_157' title='bbox 922 2367 1244 2438; x_wconf 90' lang='lat' dir='ltr'><strong>adscriptam</strong></span> <span class='ocrx_word' id='word_1_158' title='bbox 1262 2365 1379 2436; x_wconf 86' lang='lat' dir='ltr'><strong>ejus</strong></span> <span class='ocrx_word' id='word_1_159' title='bbox 1394 2365 1762 2421; x_wconf 89' lang='lat' dir='ltr'><strong>defensionem</strong></span> <span class='ocrx_word' id='word_1_160' title='bbox 1790 2378 1935 2419; x_wconf 90' lang='lat' dir='ltr'><strong>recc-</strong></span> 
     </span>
    </p>
   </div>
   <div class='ocr_carea' id='block_1_24' title="bbox 343 2457 1940 2541">
    <p class='ocr_par' dir='ltr' id='par_1_24' title="bbox 343 2457 1940 2541">
     <span class='ocr_line' id='line_1_24' title="bbox 343 2457 1940 2541; baseline -0.006 -24"><span class='ocrx_word' id='word_1_161' title='bbox 343 2462 520 2532; x_wconf 87' lang='lat' dir='ltr'><strong>perint</strong></span> <span class='ocrx_word' id='word_1_162' title='bbox 551 2480 563 2516; x_wconf 95' lang='lat'><strong>:</strong></span> <span class='ocrx_word' id='word_1_163' title='bbox 593 2470 653 2516; x_wconf 92' lang='lat' dir='ltr'><strong>ut</strong></span> <span class='ocrx_word' id='word_1_164' title='bbox 699 2461 746 2515; x_wconf 91' lang='lat' dir='ltr'><strong>si</strong></span> <span class='ocrx_word' id='word_1_165' title='bbox 786 2461 985 2516; x_wconf 90' lang='lat' dir='ltr'><strong>vellent</strong></span> <span class='ocrx_word' id='word_1_166' title='bbox 1012 2459 1080 2514; x_wconf 90' lang='lat' dir='ltr'><strong>ad</strong></span> <span class='ocrx_word' id='word_1_167' title='bbox 1119 2474 1307 2514; x_wconf 90' lang='lat' dir='ltr'><strong>verum</strong></span> <span class='ocrx_word' id='word_1_168' title='bbox 1361 2458 1650 2541; x_wconf 79' lang='lat' dir='ltr'><strong>respicere,</strong></span> <span class='ocrx_word' id='word_1_169' title='bbox 1678 2457 1940 2511; x_wconf 86' lang='lat' dir='ltr'><strong>haberent</strong></span> 
     </span>
    </p>
   </div>
   <div class='ocr_carea' id='block_1_25' title="bbox 339 2549 1938 2625">
    <p class='ocr_par' dir='ltr' id='par_1_25' title="bbox 339 2549 1938 2625">
     <span class='ocr_line' id='line_1_25' title="bbox 339 2549 1938 2625; baseline -0.001 -16"><span class='ocrx_word' id='word_1_170' title='bbox 339 2570 645 2612; x_wconf 81' lang='lat' dir='ltr'><strong>sermonem</strong></span> <span class='ocrx_word' id='word_1_171' title='bbox 674 2569 834 2625; x_wconf 87' lang='lat' dir='ltr'><strong>quem</strong></span> <span class='ocrx_word' id='word_1_172' title='bbox 854 2561 1208 2624; x_wconf 88' lang='lat' dir='ltr'><strong>sequerentur</strong></span> <span class='ocrx_word' id='word_1_173' title='bbox 1236 2569 1250 2606; x_wconf 88' lang='lat'><strong>:</strong></span> <span class='ocrx_word' id='word_1_174' title='bbox 1274 2551 1414 2623; x_wconf 90' lang='lat' dir='ltr'><strong>quod</strong></span> <span class='ocrx_word' id='word_1_175' title='bbox 1427 2553 1470 2607; x_wconf 91' lang='lat' dir='ltr'><strong>si</strong></span> <span class='ocrx_word' id='word_1_176' title='bbox 1494 2552 1549 2613; x_wconf 87' lang='lat' dir='ltr'><strong>in</strong></span> <span class='ocrx_word' id='word_1_177' title='bbox 1567 2549 1938 2607; x_wconf 85' lang='lat' dir='ltr'><strong>incredulitate</strong></span> 
     </span>
    </p>
   </div>
   <div class='ocr_carea' id='block_1_26' title="bbox 344 2642 1938 2716">
    <p class='ocr_par' dir='ltr' id='par_1_26' title="bbox 344 2642 1938 2716">
     <span class='ocr_line' id='line_1_26' title="bbox 344 2642 1938 2716; baseline -0.004 -14"><span class='ocrx_word' id='word_1_178' title='bbox 344 2655 738 2716; x_wconf 83' lang='lat' dir='ltr'><strong>permanerent,</strong></span> <span class='ocrx_word' id='word_1_179' title='bbox 773 2646 973 2700; x_wconf 88' lang='lat' dir='ltr'><strong>nullam</strong></span> <span class='ocrx_word' id='word_1_180' title='bbox 1023 2644 1126 2699; x_wconf 91' lang='lat' dir='ltr'><strong>sibi</strong></span> <span class='ocrx_word' id='word_1_181' title='bbox 1170 2646 1224 2698; x_wconf 91' lang='lat' dir='ltr'><strong>in</strong></span> <span class='ocrx_word' id='word_1_182' title='bbox 1272 2652 1546 2713; x_wconf 91' lang='lat' dir='ltr'><strong>posterum</strong></span> <span class='ocrx_word' id='word_1_183' title='bbox 1588 2642 1760 2698; x_wconf 86' lang='lat' dir='ltr'><strong>veniae</strong></span> <span class='ocrx_word' id='word_1_184' title='bbox 1789 2657 1938 2714; x_wconf 88' lang='lat' dir='ltr'><strong>spem</strong></span> 
     </span>
    </p>
   </div>
   <div class='ocr_carea' id='block_1_27' title="bbox 343 2733 1940 2809">
    <p class='ocr_par' dir='ltr' id='par_1_27' title="bbox 343 2733 1940 2809">
     <span class='ocr_line' id='line_1_27' title="bbox 343 2733 1940 2809; baseline -0.004 -18"><span class='ocrx_word' id='word_1_185' title='bbox 343 2738 603 2809; x_wconf 87' lang='lat' dir='ltr'><strong>reliquam</strong></span> <span class='ocrx_word' id='word_1_186' title='bbox 632 2737 866 2792; x_wconf 86' lang='lat' dir='ltr'><strong>facerent</strong></span> <span class='ocrx_word' id='word_1_187' title='bbox 897 2754 910 2791; x_wconf 90' lang='lat'><strong>:</strong></span> <span class='ocrx_word' id='word_1_188' title='bbox 944 2745 1002 2791; x_wconf 89' lang='lat' dir='ltr'><strong>ut</strong></span> <span class='ocrx_word' id='word_1_189' title='bbox 1029 2736 1121 2806; x_wconf 90' lang='lat' dir='ltr'><strong>qui</strong></span> <span class='ocrx_word' id='word_1_190' title='bbox 1148 2735 1311 2789; x_wconf 88' lang='lat' dir='ltr'><strong>etiam</strong></span> <span class='ocrx_word' id='word_1_191' title='bbox 1354 2734 1460 2789; x_wconf 88' lang='lat' dir='ltr'><strong>illis</strong></span> <span class='ocrx_word' id='word_1_192' title='bbox 1498 2749 1617 2805; x_wconf 70' lang='lat' dir='ltr'><strong>quae</strong></span> <span class='ocrx_word' id='word_1_193' title='bbox 1645 2733 1776 2788; x_wconf 89' lang='lat' dir='ltr'><strong>alias</strong></span> <span class='ocrx_word' id='word_1_194' title='bbox 1800 2734 1940 2789; x_wconf 85' lang='lat' dir='ltr'><strong>reci-</strong></span> 
     </span>
    </p>
   </div>
   <div class='ocr_carea' id='block_1_28' title="bbox 342 2824 1941 2899">
    <p class='ocr_par' dir='ltr' id='par_1_28' title="bbox 342 2824 1941 2899">
     <span class='ocr_line' id='line_1_28' title="bbox 342 2824 1941 2899; baseline -0.004 -14"><span class='ocrx_word' id='word_1_195' title='bbox 342 2846 475 2899; x_wconf 85' lang='lat' dir='ltr'><strong>pere</strong></span> <span class='ocrx_word' id='word_1_196' title='bbox 501 2828 771 2896; x_wconf 87' lang='lat' dir='ltr'><strong>videntur,</strong></span> <span class='ocrx_word' id='word_1_197' title='bbox 801 2828 961 2885; x_wconf 83' lang='lat' dir='ltr'><strong>ﬁdem</strong></span> <span class='ocrx_word' id='word_1_198' title='bbox 992 2828 1046 2883; x_wconf 90' lang='lat' dir='ltr'><strong>in</strong></span> <span class='ocrx_word' id='word_1_199' title='bbox 1073 2842 1225 2883; x_wconf 88' lang='lat' dir='ltr'><strong>suam</strong></span> <span class='ocrx_word' id='word_1_200' title='bbox 1255 2827 1493 2897; x_wconf 88' lang='lat' dir='ltr'><strong>ipsorum</strong></span> <span class='ocrx_word' id='word_1_201' title='bbox 1532 2825 1821 2897; x_wconf 88' lang='lat' dir='ltr'><strong>perniciem</strong></span> <span class='ocrx_word' id='word_1_202' title='bbox 1847 2824 1941 2878; x_wconf 86' lang='lat' dir='ltr'><strong>ab-</strong></span> 
     </span>
    </p>
   </div>
   <div class='ocr_carea' id='block_1_29' title="bbox 344 2920 1940 2996">
    <p class='ocr_par' dir='ltr' id='par_1_29' title="bbox 344 2920 1940 2996">
     <span class='ocr_line' id='line_1_29' title="bbox 344 2920 1940 2996; baseline -0.004 -18"><span class='ocrx_word' id='word_1_203' title='bbox 344 2930 620 2996; x_wconf 78' lang='lat' dir='ltr'><strong>rogarent.</strong></span> <span class='ocrx_word' id='word_1_204' title='bbox 659 2922 762 2979; x_wconf 89' lang='lat' dir='ltr'><strong>Ubi</strong></span> <span class='ocrx_word' id='word_1_205' title='bbox 812 2924 973 2994; x_wconf 82' lang='lat' dir='ltr'><strong>igitur</strong></span> <span class='ocrx_word' id='word_1_206' title='bbox 1020 2921 1227 2976; x_wconf 85' lang='lat' dir='ltr'><strong>Novum</strong></span> <span class='ocrx_word' id='word_1_207' title='bbox 1276 2920 1678 2975; x_wconf 86' lang='lat' dir='ltr'><strong>Testamentum</strong></span> <span class='ocrx_word' id='word_1_208' title='bbox 1725 2933 1940 2973; x_wconf 86' lang='lat' dir='ltr'><strong>suarum</strong></span> 
     </span>
    </p>
   </div>
   <div class='ocr_carea' id='block_1_30' title="bbox 344 3008 1943 3086">
    <p class='ocr_par' dir='ltr' id='par_1_30' title="bbox 344 3008 1943 3086">
     <span class='ocr_line' id='line_1_30' title="bbox 344 3008 1943 3086; baseline -0.003 -16"><span class='ocrx_word' id='word_1_209' title='bbox 344 3033 411 3072; x_wconf 89' lang='lat' dir='ltr'><strong>ac</strong></span> <span class='ocrx_word' id='word_1_210' title='bbox 436 3025 679 3071; x_wconf 86' lang='lat' dir='ltr'><strong>veterum</strong></span> <span class='ocrx_word' id='word_1_211' title='bbox 708 3017 882 3086; x_wconf 87' lang='lat' dir='ltr'><strong>legum</strong></span> <span class='ocrx_word' id='word_1_212' title='bbox 912 3008 1160 3070; x_wconf 87' lang='lat' dir='ltr'><strong>eumdem</strong></span> <span class='ocrx_word' id='word_1_213' title='bbox 1201 3021 1479 3069; x_wconf 88' lang='lat' dir='ltr'><strong>auctorem</strong></span> <span class='ocrx_word' id='word_1_214' title='bbox 1526 3027 1648 3067; x_wconf 88' lang='lat' dir='ltr'><strong>esse</strong></span> <span class='ocrx_word' id='word_1_215' title='bbox 1678 3019 1904 3067; x_wconf 89' lang='lat' dir='ltr'><strong>testatur</strong></span> <span class='ocrx_word' id='word_1_216' title='bbox 1921 3010 1943 3065; x_wconf 70' lang='grc' dir='ltr'><strong>’ἒ</strong></span> 
     </span>
    </p>
   </div>
   <div class='ocr_carea' id='block_1_31' title="bbox 344 3103 1941 3178">
    <p class='ocr_par' dir='ltr' id='par_1_31' title="bbox 344 3103 1941 3178">
     <span class='ocr_line' id='line_1_31' title="bbox 344 3103 1941 3178; baseline -0.006 -14"><span class='ocrx_word' id='word_1_217' title='bbox 344 3110 415 3164; x_wconf 78' lang='lat' dir='ltr'><strong>Et</strong></span> <span class='ocrx_word' id='word_1_218' title='bbox 446 3109 571 3163; x_wconf 88' lang='lat' dir='ltr'><strong>alibi</strong></span> <span class='ocrx_word' id='word_1_219' title='bbox 597 3107 812 3178; x_wconf 89' lang='lat' dir='ltr'><strong>quidem</strong></span> <span class='ocrx_word' id='word_1_220' title='bbox 838 3122 945 3162; x_wconf 91' lang='lat' dir='ltr'><strong>non</strong></span> <span class='ocrx_word' id='word_1_221' title='bbox 976 3122 1083 3162; x_wconf 90' lang='lat' dir='ltr'><strong>uno</strong></span> <span class='ocrx_word' id='word_1_222' title='bbox 1105 3106 1227 3162; x_wconf 93' lang='lat' dir='ltr'><strong>loco</strong></span> <span class='ocrx_word' id='word_1_223' title='bbox 1254 3123 1267 3159; x_wconf 89' lang='lat'><strong>:</strong></span> <span class='ocrx_word' id='word_1_224' title='bbox 1300 3120 1401 3160; x_wconf 91' lang='lat' dir='ltr'><strong>nos</strong></span> <span class='ocrx_word' id='word_1_225' title='bbox 1431 3114 1609 3159; x_wconf 89' lang='lat' dir='ltr'><strong>tamen</strong></span> <span class='ocrx_word' id='word_1_226' title='bbox 1634 3103 1758 3158; x_wconf 89' lang='lat' dir='ltr'><strong>data</strong></span> <span class='ocrx_word' id='word_1_227' title='bbox 1780 3117 1941 3173; x_wconf 89' lang='lat' dir='ltr'><strong>opera</strong></span> 
     </span>
    </p>
   </div>
   <div class='ocr_carea' id='block_1_32' title="bbox 344 3193 1943 3269">
    <p class='ocr_par' dir='ltr' id='par_1_32' title="bbox 344 3193 1943 3269">
     <span class='ocr_line' id='line_1_32' title="bbox 344 3193 1943 3269; baseline -0.003 -15"><span class='ocrx_word' id='word_1_228' title='bbox 344 3215 468 3254; x_wconf 76' lang='lat' dir='ltr'><strong>eam</strong></span> <span class='ocrx_word' id='word_1_229' title='bbox 522 3208 702 3254; x_wconf 80' lang='lat' dir='ltr'><strong>textus</strong></span> <span class='ocrx_word' id='word_1_230' title='bbox 748 3208 955 3269; x_wconf 91' lang='lat' dir='ltr'><strong>partem</strong></span> <span class='ocrx_word' id='word_1_231' title='bbox 1003 3196 1355 3263; x_wconf 88' lang='lat' dir='ltr'><strong>adducemus,</strong></span> <span class='ocrx_word' id='word_1_232' title='bbox 1387 3210 1507 3266; x_wconf 65' lang='lat' dir='ltr'><strong>quae</strong></span> <span class='ocrx_word' id='word_1_233' title='bbox 1532 3195 1617 3250; x_wconf 89' lang='lat' dir='ltr'><strong>vel</strong></span> <span class='ocrx_word' id='word_1_234' title='bbox 1670 3194 1723 3249; x_wconf 91' lang='lat' dir='ltr'><strong>in</strong></span> <span class='ocrx_word' id='word_1_235' title='bbox 1775 3193 1943 3249; x_wconf 76' lang='lat' dir='ltr'><strong>Mani-</strong></span> 
     </span>
    </p>
   </div>
   <div class='ocr_carea' id='block_1_33' title="bbox 349 3284 1945 3352">
    <p class='ocr_par' dir='ltr' id='par_1_33' title="bbox 349 3284 1945 3352">
     <span class='ocr_line' id='line_1_33' title="bbox 349 3284 1945 3352; baseline -0.004 -7"><span class='ocrx_word' id='word_1_236' title='bbox 349 3291 624 3345; x_wconf 61' lang='lat' dir='ltr'><strong>chaeorum</strong></span> <span class='ocrx_word' id='word_1_237' title='bbox 656 3288 931 3344; x_wconf 86' lang='lat' dir='ltr'><strong>codicibus</strong></span> <span class='ocrx_word' id='word_1_238' title='bbox 959 3287 1218 3344; x_wconf 90' lang='lat' dir='ltr'><strong>hactenus</strong></span> <span class='ocrx_word' id='word_1_239' title='bbox 1238 3287 1436 3342; x_wconf 89' lang='lat' dir='ltr'><strong>mansit</strong></span> <span class='ocrx_word' id='word_1_240' title='bbox 1462 3285 1764 3340; x_wconf 85' lang='lat' dir='ltr'><strong>incolumis.</strong></span> <span class='ocrx_word' id='word_1_241' title='bbox 1787 3284 1945 3352; x_wconf 70' lang='lat' dir='ltr'><strong>Quaa-</strong></span> 
     </span>
    </p>
   </div>
   <div class='ocr_carea' id='block_1_34' title="bbox 346 3378 1940 3453">
    <p class='ocr_par' dir='ltr' id='par_1_34' title="bbox 346 3378 1940 3453">
     <span class='ocr_line' id='line_1_34' title="bbox 346 3378 1940 3453; baseline -0.004 -15"><span class='ocrx_word' id='word_1_242' title='bbox 346 3399 474 3439; x_wconf 86' lang='lat' dir='ltr'><strong>nam</strong></span> <span class='ocrx_word' id='word_1_243' title='bbox 514 3383 667 3439; x_wconf 68' lang='lat' dir='ltr'><strong>haec?</strong></span> <span class='ocrx_word' id='word_1_244' title='bbox 709 3382 875 3437; x_wconf 81' lang='lat' dir='ltr'><strong>Dicite</strong></span> <span class='ocrx_word' id='word_1_245' title='bbox 896 3383 1039 3448; x_wconf 87' lang='lat' dir='ltr'><strong>mihi,</strong></span> <span class='ocrx_word' id='word_1_246' title='bbox 1072 3382 1263 3453; x_wconf 90' lang='lat' dir='ltr'><strong>inquit.</strong></span> <span class='ocrx_word' id='word_1_247' title='bbox 1285 3381 1370 3451; x_wconf 87' lang='lat' dir='ltr'><strong>qui</strong></span> <span class='ocrx_word' id='word_1_248' title='bbox 1397 3380 1488 3434; x_wconf 80' lang='lat' dir='ltr'><strong>sub</strong></span> <span class='ocrx_word' id='word_1_249' title='bbox 1514 3380 1621 3451; x_wconf 86' lang='lat' dir='ltr'><strong>lege</strong></span> <span class='ocrx_word' id='word_1_250' title='bbox 1640 3378 1791 3433; x_wconf 83' lang='lat' dir='ltr'><strong>vultis</strong></span> <span class='ocrx_word' id='word_1_251' title='bbox 1816 3395 1940 3444; x_wconf 85' lang='lat' dir='ltr'><strong>esse,</strong></span> 
     </span>
    </p>
   </div>
   <div class='ocr_carea' id='block_1_35' title="bbox 350 3471 1941 3548">
    <p class='ocr_par' dir='ltr' id='par_1_35' title="bbox 350 3471 1941 3548">
     <span class='ocr_line' id='line_1_35' title="bbox 350 3471 1941 3548; baseline -0.003 -18"><span class='ocrx_word' id='word_1_252' title='bbox 350 3479 515 3548; x_wconf 85' lang='lat' dir='ltr'><strong>legem</strong></span> <span class='ocrx_word' id='word_1_253' title='bbox 542 3492 642 3530; x_wconf 85' lang='lat' dir='ltr'><strong>non</strong></span> <span class='ocrx_word' id='word_1_254' title='bbox 668 3476 924 3530; x_wconf 77' lang='lat' dir='ltr'><strong>audistis?</strong></span> <span class='ocrx_word' id='word_1_255' title='bbox 966 3474 1101 3545; x_wconf 88' lang='lat' dir='ltr'><strong>quod</strong></span> <span class='ocrx_word' id='word_1_256' title='bbox 1132 3473 1390 3528; x_wconf 80' lang='lat' dir='ltr'><strong>Abraham</strong></span> <span class='ocrx_word' id='word_1_257' title='bbox 1418 3473 1547 3527; x_wconf 87' lang='lat' dir='ltr'><strong>duos</strong></span> <span class='ocrx_word' id='word_1_258' title='bbox 1572 3474 1705 3541; x_wconf 80' lang='lat' dir='ltr'><strong>ﬁlios</strong></span> <span class='ocrx_word' id='word_1_259' title='bbox 1730 3471 1941 3525; x_wconf 82' lang='lat' dir='ltr'><strong>habuit:</strong></span> 
     </span>
    </p>
   </div>
   <div class='ocr_carea' id='block_1_36' title="bbox 352 3565 1941 3637">
    <p class='ocr_par' dir='ltr' id='par_1_36' title="bbox 352 3565 1941 3637">
     <span class='ocr_line' id='line_1_36' title="bbox 352 3565 1941 3637; baseline -0.004 -12"><span class='ocrx_word' id='word_1_260' title='bbox 352 3586 598 3626; x_wconf 77' lang='lat' dir='ltr'><strong>unumea:</strong></span> <span class='ocrx_word' id='word_1_261' title='bbox 624 3570 833 3635; x_wconf 81' lang='lat' dir='ltr'><strong>ancilla,</strong></span> <span class='ocrx_word' id='word_1_262' title='bbox 860 3567 1078 3623; x_wconf 84' lang='lat' dir='ltr'><strong>alterum</strong></span> <span class='ocrx_word' id='word_1_263' title='bbox 1121 3585 1149 3623; x_wconf 89' lang='lat' dir='ltr'><strong>e</strong></span> <span class='ocrx_word' id='word_1_264' title='bbox 1194 3568 1351 3622; x_wconf 88' lang='lat' dir='ltr'><strong>libera</strong></span> <span class='ocrx_word' id='word_1_265' title='bbox 1400 3565 1542 3637; x_wconf 80' lang='lat' dir='ltr'><strong>(Gal.</strong></span> <span class='ocrx_word' id='word_1_266' title='bbox 1588 3567 1641 3621; x_wconf 72' lang='grc'><strong>4.</strong></span> <span class='ocrx_word' id='word_1_267' title='bbox 1685 3565 1775 3619; x_wconf 77' lang='grc'><strong>21.</strong></span> <span class='ocrx_word' id='word_1_268' title='bbox 1806 3565 1941 3635; x_wconf 69' lang='lat'><strong>22)?</strong></span> 
     </span>
    </p>
   </div>
   <div class='ocr_carea' id='block_1_37' title="bbox 348 3660 1945 3722">
    <p class='ocr_par' dir='ltr' id='par_1_37' title="bbox 348 3660 1945 3722">
     <span class='ocr_line' id='line_1_37' title="bbox 348 3660 1945 3722; baseline -0.003 -3"><span class='ocrx_word' id='word_1_269' title='bbox 348 3664 685 3719; x_wconf 83' lang='lat' dir='ltr'><strong>Audiverunt</strong></span> <span class='ocrx_word' id='word_1_270' title='bbox 704 3662 941 3718; x_wconf 84' lang='lat' dir='ltr'><strong>haeretici</strong></span> <span class='ocrx_word' id='word_1_271' title='bbox 964 3677 1127 3717; x_wconf 92' lang='lat' dir='ltr'><strong>unum</strong></span> <span class='ocrx_word' id='word_1_272' title='bbox 1148 3661 1400 3716; x_wconf 86' lang='lat' dir='ltr'><strong>habuisse</strong></span> <span class='ocrx_word' id='word_1_273' title='bbox 1421 3676 1487 3715; x_wconf 80' lang='lat' dir='ltr'><strong>ex</strong></span> <span class='ocrx_word' id='word_1_274' title='bbox 1510 3660 1705 3715; x_wconf 91' lang='lat' dir='ltr'><strong>ancilla</strong></span> <span class='ocrx_word' id='word_1_275' title='bbox 1721 3701 1735 3722; x_wconf 93' lang='lat'><strong>,</strong></span> <span class='ocrx_word' id='word_1_276' title='bbox 1749 3669 1803 3715; x_wconf 92' lang='lat' dir='ltr'><strong>et</strong></span> <span class='ocrx_word' id='word_1_277' title='bbox 1823 3676 1945 3715; x_wconf 89' lang='lat' dir='ltr'><strong>con-</strong></span> 
     </span>
    </p>
   </div>
   <div class='ocr_carea' id='block_1_38' title="bbox 350 3751 1944 3822">
    <p class='ocr_par' dir='ltr' id='par_1_38' title="bbox 350 3751 1944 3822">
     <span class='ocr_line' id='line_1_38' title="bbox 350 3751 1944 3822; baseline -0.003 -12"><span class='ocrx_word' id='word_1_278' title='bbox 350 3755 531 3810; x_wconf 85' lang='lat' dir='ltr'><strong>festim</strong></span> <span class='ocrx_word' id='word_1_279' title='bbox 550 3764 899 3810; x_wconf 90' lang='lat' dir='ltr'><strong>aceurrerunt</strong></span> <span class='ocrx_word' id='word_1_280' title='bbox 925 3772 939 3809; x_wconf 85' lang='lat'><strong>:</strong></span> <span class='ocrx_word' id='word_1_281' title='bbox 971 3754 1071 3809; x_wconf 91' lang='lat' dir='ltr'><strong>rati</strong></span> <span class='ocrx_word' id='word_1_282' title='bbox 1098 3754 1240 3808; x_wconf 90' lang='lat' dir='ltr'><strong>enim</strong></span> <span class='ocrx_word' id='word_1_283' title='bbox 1270 3753 1355 3807; x_wconf 90' lang='lat' dir='ltr'><strong>his</strong></span> <span class='ocrx_word' id='word_1_284' title='bbox 1375 3751 1553 3808; x_wconf 88' lang='lat' dir='ltr'><strong>verbis</strong></span> <span class='ocrx_word' id='word_1_285' title='bbox 1572 3753 1703 3822; x_wconf 82' lang='lat' dir='ltr'><strong>legis</strong></span> <span class='ocrx_word' id='word_1_286' title='bbox 1723 3767 1944 3807; x_wconf 90' lang='lat' dir='ltr'><strong>accusa-</strong></span> 
     </span>
    </p>
   </div>
   <div class='ocr_carea' id='block_1_39' title="bbox 351 3848 1946 3919">
    <p class='ocr_par' dir='ltr' id='par_1_39' title="bbox 351 3848 1946 3919">
     <span class='ocr_line' id='line_1_39' title="bbox 351 3848 1946 3919; baseline -0.001 -18"><span class='ocrx_word' id='word_1_287' title='bbox 351 3850 553 3903; x_wconf 86' lang='lat' dir='ltr'><strong>tionem</strong></span> <span class='ocrx_word' id='word_1_288' title='bbox 577 3849 859 3911; x_wconf 87' lang='lat' dir='ltr'><strong>contineri,</strong></span> <span class='ocrx_word' id='word_1_289' title='bbox 882 3848 1103 3904; x_wconf 87' lang='lat' dir='ltr'><strong>resectis</strong></span> <span class='ocrx_word' id='word_1_290' title='bbox 1121 3848 1596 3919; x_wconf 85' lang='lat' dir='ltr'><strong>consequentibus,</strong></span> <span class='ocrx_word' id='word_1_291' title='bbox 1617 3848 1757 3901; x_wconf 88' lang='lat' dir='ltr'><strong>illam</strong></span> <span class='ocrx_word' id='word_1_292' title='bbox 1789 3862 1946 3902; x_wconf 89' lang='lat' dir='ltr'><strong>accu-</strong></span> 
     </span>
    </p>
   </div>
   <div class='ocr_carea' id='block_1_40' title="bbox 348 3938 1945 4012">
    <p class='ocr_par' dir='ltr' id='par_1_40' title="bbox 348 3938 1945 4012">
     <span class='ocr_line' id='line_1_40' title="bbox 348 3938 1945 4012; baseline 0.001 -18"><span class='ocrx_word' id='word_1_293' title='bbox 348 3942 617 3996; x_wconf 82' lang='lat' dir='ltr'><strong>sationem</strong></span> <span class='ocrx_word' id='word_1_294' title='bbox 634 3941 867 3997; x_wconf 87' lang='lat' dir='ltr'><strong>retinent</strong></span> <span class='ocrx_word' id='word_1_295' title='bbox 881 3941 984 3997; x_wconf 89' lang='lat' dir='ltr'><strong>sibi</strong></span> <span class='ocrx_word' id='word_1_296' title='bbox 1003 3938 1444 4011; x_wconf 77' lang='lat' dir='ltr'><strong>patrocin&#39;antem.</strong></span> <span class='ocrx_word' id='word_1_297' title='bbox 1461 3943 1573 4012; x_wconf 85' lang='lat' dir='ltr'><strong>Age</strong></span> <span class='ocrx_word' id='word_1_298' title='bbox 1589 3941 1747 4011; x_wconf 84' lang='lat' dir='ltr'><strong>igitur</strong></span> <span class='ocrx_word' id='word_1_299' title='bbox 1763 3955 1826 3994; x_wconf 73' lang='lat' dir='ltr'><strong>ex</strong></span> <span class='ocrx_word' id='word_1_300' title='bbox 1848 3941 1945 3995; x_wconf 90' lang='lat' dir='ltr'><strong>hoc</strong></span> 
     </span>
    </p>
   </div>
   <div class='ocr_carea' id='block_1_41' title="bbox 350 4033 1943 4105">
    <p class='ocr_par' dir='ltr' id='par_1_41' title="bbox 350 4033 1943 4105">
     <span class='ocr_line' id='line_1_41' title="bbox 350 4033 1943 4105; baseline -0.002 -16"><span class='ocrx_word' id='word_1_301' title='bbox 350 4036 471 4104; x_wconf 90' lang='lat' dir='ltr'><strong>ipso</strong></span> <span class='ocrx_word' id='word_1_302' title='bbox 524 4034 644 4089; x_wconf 90' lang='lat' dir='ltr'><strong>loco</strong></span> <span class='ocrx_word' id='word_1_303' title='bbox 693 4033 1042 4090; x_wconf 88' lang='lat' dir='ltr'><strong>ostendamus</strong></span> <span class='ocrx_word' id='word_1_304' title='bbox 1094 4035 1344 4089; x_wconf 92' lang='lat' dir='ltr'><strong>eumdem</strong></span> <span class='ocrx_word' id='word_1_305' title='bbox 1396 4050 1516 4090; x_wconf 90' lang='lat' dir='ltr'><strong>esse</strong></span> <span class='ocrx_word' id='word_1_306' title='bbox 1563 4034 1943 4105; x_wconf 88' lang='lat' dir='ltr'><strong>legislatorem.</strong></span> 
     </span>
    </p>
   </div>
   <div class='ocr_carea' id='block_1_42' title="bbox 350 4124 1944 4195">
    <p class='ocr_par' dir='ltr' id='par_1_42' title="bbox 350 4124 1944 4195">
     <span class='ocr_line' id='line_1_42' title="bbox 350 4124 1944 4195; baseline -0.003 -14"><span class='ocrx_word' id='word_1_307' title='bbox 350 4127 612 4181; x_wconf 76' lang='lat' dir='ltr'><strong>Abraham</strong></span> <span class='ocrx_word' id='word_1_308' title='bbox 648 4125 776 4181; x_wconf 87' lang='lat' dir='ltr'><strong>duos</strong></span> <span class='ocrx_word' id='word_1_309' title='bbox 817 4126 954 4195; x_wconf 80' lang='lat' dir='ltr'><strong>ﬁlios</strong></span> <span class='ocrx_word' id='word_1_310' title='bbox 991 4125 1186 4192; x_wconf 83' lang='lat' dir='ltr'><strong>habuit,</strong></span> <span class='ocrx_word' id='word_1_311' title='bbox 1221 4143 1379 4180; x_wconf 87' lang='lat' dir='ltr'><strong>unum</strong></span> <span class='ocrx_word' id='word_1_312' title='bbox 1409 4142 1470 4180; x_wconf 74' lang='lat' dir='ltr'><strong>ex</strong></span> <span class='ocrx_word' id='word_1_313' title='bbox 1496 4124 1705 4190; x_wconf 84' lang='lat' dir='ltr'><strong>ancilla,</strong></span> <span class='ocrx_word' id='word_1_314' title='bbox 1732 4125 1944 4179; x_wconf 86' lang='lat' dir='ltr'><strong>alterum</strong></span> 
     </span>
    </p>
   </div>
   <div class='ocr_carea' id='block_1_43' title="bbox 351 4221 1951 4294">
    <p class='ocr_par' dir='ltr' id='par_1_43' title="bbox 351 4221 1951 4294">
     <span class='ocr_line' id='line_1_43' title="bbox 351 4221 1951 4294; baseline -0.002 -17"><span class='ocrx_word' id='word_1_315' title='bbox 351 4241 421 4278; x_wconf 75' lang='lat' dir='ltr'><strong>ex</strong></span> <span class='ocrx_word' id='word_1_316' title='bbox 443 4225 629 4280; x_wconf 83' lang='lat' dir='ltr'><strong>libera.</strong></span> <span class='ocrx_word' id='word_1_317' title='bbox 682 4224 807 4279; x_wconf 66' lang='lat' dir='ltr'><strong>Illac</strong></span> <span class='ocrx_word' id='word_1_318' title='bbox 844 4234 1021 4279; x_wconf 86' lang='lat' dir='ltr'><strong>autem</strong></span> <span class='ocrx_word' id='word_1_319' title='bbox 1067 4231 1212 4286; x_wconf 85' lang='lat' dir='ltr'><strong>sunt,</strong></span> <span class='ocrx_word' id='word_1_320' title='bbox 1262 4222 1460 4293; x_wconf 87' lang='lat' dir='ltr'><strong>inquit,</strong></span> <span class='ocrx_word' id='word_1_321' title='bbox 1507 4240 1600 4293; x_wconf 86' lang='lat' dir='ltr'><strong>per</strong></span> <span class='ocrx_word' id='word_1_322' title='bbox 1625 4221 1951 4294; x_wconf 84' lang='lat' dir='ltr'><strong>allegoriam</strong></span> 
     </span>
    </p>
   </div>
   <div class='ocr_carea' id='block_1_44' title="bbox 353 4310 1953 4387">
    <p class='ocr_par' dir='ltr' id='par_1_44' title="bbox 353 4310 1953 4387">
     <span class='ocr_line' id='line_1_44' title="bbox 353 4310 1953 4387; baseline 0.001 -24"><span class='ocrx_word' id='word_1_323' title='bbox 353 4312 498 4365; x_wconf 82' lang='lat' dir='ltr'><strong>dicta</strong></span> <span class='ocrx_word' id='word_1_324' title='bbox 526 4311 628 4384; x_wconf 88' lang='lat' dir='ltr'><strong>(Ib.</strong></span> <span class='ocrx_word' id='word_1_325' title='bbox 656 4332 705 4369; x_wconf 85' lang='lat' dir='ltr'><strong>v.</strong></span> <span class='ocrx_word' id='word_1_326' title='bbox 736 4315 848 4387; x_wconf 66' lang='grc' dir='ltr'><strong>Ἡ).</strong></span> <span class='ocrx_word' id='word_1_327' title='bbox 882 4313 1024 4381; x_wconf 84' lang='lat' dir='ltr'><strong>Quid</strong></span> <span class='ocrx_word' id='word_1_328' title='bbox 1044 4324 1149 4379; x_wconf 89' lang='lat' dir='ltr'><strong>est,</strong></span> <span class='ocrx_word' id='word_1_329' title='bbox 1179 4313 1284 4367; x_wconf 90' lang='lat' dir='ltr'><strong>Per</strong></span> <span class='ocrx_word' id='word_1_330' title='bbox 1312 4313 1629 4385; x_wconf 87' lang='lat' dir='ltr'><strong>allegoriam</strong></span> <span class='ocrx_word' id='word_1_331' title='bbox 1651 4313 1837 4366; x_wconf 84' lang='lat' dir='ltr'><strong>dicta?</strong></span> <span class='ocrx_word' id='word_1_332' title='bbox 1864 4310 1953 4365; x_wconf 80' lang='lat' dir='ltr'><strong>Fi-</strong></span> 
     </span>
    </p>
   </div>
   <div class='ocr_carea' id='block_1_45' title="bbox 348 4404 1947 4475">
    <p class='ocr_par' dir='ltr' id='par_1_45' title="bbox 348 4404 1947 4475">
     <span class='ocr_line' id='line_1_45' title="bbox 348 4404 1947 4475; baseline 0.003 -20"><span class='ocrx_word' id='word_1_333' title='bbox 348 4416 499 4471; x_wconf 75' lang='lat' dir='ltr'><strong>gura:</strong></span> <span class='ocrx_word' id='word_1_334' title='bbox 530 4417 738 4466; x_wconf 89' lang='lat' dir='ltr'><strong>eorum,</strong></span> <span class='ocrx_word' id='word_1_335' title='bbox 772 4419 889 4472; x_wconf 80' lang='lat' dir='ltr'><strong>qua:</strong></span> <span class='ocrx_word' id='word_1_336' title='bbox 918 4404 1019 4457; x_wconf 92' lang='lat' dir='ltr'><strong>sub</strong></span> <span class='ocrx_word' id='word_1_337' title='bbox 1058 4405 1225 4474; x_wconf 85' lang='lat' dir='ltr'><strong>gratia</strong></span> <span class='ocrx_word' id='word_1_338' title='bbox 1254 4412 1592 4474; x_wconf 87' lang='lat' dir='ltr'><strong>gererentur,</strong></span> <span class='ocrx_word' id='word_1_339' title='bbox 1625 4414 1778 4459; x_wconf 90' lang='lat' dir='ltr'><strong>erant</strong></span> <span class='ocrx_word' id='word_1_340' title='bbox 1802 4420 1947 4475; x_wconf 77' lang='lat' dir='ltr'><strong>qua:-</strong></span> 
     </span>
    </p>
   </div>
   <div class='ocr_carea' id='block_1_46' title="bbox 347 4495 1945 4566">
    <p class='ocr_par' dir='ltr' id='par_1_46' title="bbox 347 4495 1945 4566">
     <span class='ocr_line' id='line_1_46' title="bbox 347 4495 1945 4566; baseline 0.001 -17"><span class='ocrx_word' id='word_1_341' title='bbox 347 4511 584 4566; x_wconf 88' lang='lat' dir='ltr'><strong>cumque</strong></span> <span class='ocrx_word' id='word_1_342' title='bbox 604 4496 703 4551; x_wconf 92' lang='lat' dir='ltr'><strong>sub</strong></span> <span class='ocrx_word' id='word_1_343' title='bbox 727 4495 869 4565; x_wconf 84' lang='lat' dir='ltr'><strong>Lege</strong></span> <span class='ocrx_word' id='word_1_344' title='bbox 896 4496 1112 4552; x_wconf 84' lang='lat' dir='ltr'><strong>ﬁebant.</strong></span> <span class='ocrx_word' id='word_1_345' title='bbox 1145 4498 1295 4553; x_wconf 91' lang='lat' dir='ltr'><strong>Sicut</strong></span> <span class='ocrx_word' id='word_1_346' title='bbox 1325 4498 1471 4552; x_wconf 90' lang='lat' dir='ltr'><strong>enim</strong></span> <span class='ocrx_word' id='word_1_347' title='bbox 1524 4499 1633 4552; x_wconf 91' lang='lat' dir='ltr'><strong>illic</strong></span> <span class='ocrx_word' id='word_1_348' title='bbox 1674 4497 1794 4552; x_wconf 77' lang='lat' dir='ltr'><strong>duae</strong></span> <span class='ocrx_word' id='word_1_349' title='bbox 1826 4513 1945 4551; x_wconf 87' lang='lat' dir='ltr'><strong>mu-</strong></span> 
     </span>
    </p>
   </div>
   <div class='ocr_carea' id='block_1_47' title="bbox 352 4586 1949 4658">
    <p class='ocr_par' dir='ltr' id='par_1_47' title="bbox 352 4586 1949 4658">
     <span class='ocr_line' id='line_1_47' title="bbox 352 4586 1949 4658; baseline 0.001 -18"><span class='ocrx_word' id='word_1_350' title='bbox 352 4587 536 4655; x_wconf 88' lang='lat' dir='ltr'><strong>lieres,</strong></span> <span class='ocrx_word' id='word_1_351' title='bbox 570 4588 641 4640; x_wconf 88' lang='lat' dir='ltr'><strong>ita</strong></span> <span class='ocrx_word' id='word_1_352' title='bbox 673 4586 760 4642; x_wconf 92' lang='lat' dir='ltr'><strong>hic</strong></span> <span class='ocrx_word' id='word_1_353' title='bbox 787 4587 897 4643; x_wconf 92' lang='lat' dir='ltr'><strong>duo</strong></span> <span class='ocrx_word' id='word_1_354' title='bbox 935 4588 1296 4644; x_wconf 90' lang='lat' dir='ltr'><strong>Testamenta.</strong></span> <span class='ocrx_word' id='word_1_355' title='bbox 1345 4589 1576 4643; x_wconf 87' lang='lat' dir='ltr'><strong>Primum</strong></span> <span class='ocrx_word' id='word_1_356' title='bbox 1624 4589 1676 4642; x_wconf 87' lang='lat' dir='ltr'><strong>itt</strong></span> <span class='ocrx_word' id='word_1_357' title='bbox 1726 4589 1829 4644; x_wconf 93' lang='lat' dir='ltr'><strong>hoc</strong></span> <span class='ocrx_word' id='word_1_358' title='bbox 1855 4604 1949 4658; x_wconf 87' lang='lat' dir='ltr'><strong>ap—</strong></span> 
     </span>
    </p>
   </div>
   <div class='ocr_carea' id='block_1_48' title="bbox 348 4679 1947 4751">
    <p class='ocr_par' dir='ltr' id='par_1_48' title="bbox 348 4679 1947 4751">
     <span class='ocr_line' id='line_1_48' title="bbox 348 4679 1947 4751; baseline 0.003 -21"><span class='ocrx_word' id='word_1_359' title='bbox 348 4686 507 4749; x_wconf 80' lang='lat' dir='ltr'><strong>paret</strong></span> <span class='ocrx_word' id='word_1_360' title='bbox 530 4679 777 4748; x_wconf 86' lang='lat' dir='ltr'><strong>cognatio</strong></span> <span class='ocrx_word' id='word_1_361' title='bbox 824 4680 953 4734; x_wconf 82' lang='lat' dir='ltr'><strong>Novi</strong></span> <span class='ocrx_word' id='word_1_362' title='bbox 1001 4696 1123 4734; x_wconf 90' lang='lat' dir='ltr'><strong>cum</strong></span> <span class='ocrx_word' id='word_1_363' title='bbox 1157 4680 1369 4743; x_wconf 80' lang='lat' dir='ltr'><strong>Veteri.</strong></span> <span class='ocrx_word' id='word_1_364' title='bbox 1425 4680 1567 4751; x_wconf 89' lang='lat' dir='ltr'><strong>quod</strong></span> <span class='ocrx_word' id='word_1_365' title='bbox 1616 4681 1705 4735; x_wconf 89' lang='lat' dir='ltr'><strong>illa</strong></span> <span class='ocrx_word' id='word_1_366' title='bbox 1754 4680 1947 4735; x_wconf 90' lang='lat' dir='ltr'><strong>horum</strong></span> 
     </span>
    </p>
   </div>
   <div class='ocr_carea' id='block_1_49' title="bbox 348 4772 1944 4843">
    <p class='ocr_par' dir='ltr' id='par_1_49' title="bbox 348 4772 1944 4843">
     <span class='ocr_line' id='line_1_49' title="bbox 348 4772 1944 4843; baseline 0.005 -20"><span class='ocrx_word' id='word_1_367' title='bbox 348 4772 539 4839; x_wconf 71' lang='lat' dir='ltr'><strong>tigurze</strong></span> <span class='ocrx_word' id='word_1_368' title='bbox 568 4782 740 4827; x_wconf 90' lang='lat' dir='ltr'><strong>erant.</strong></span> <span class='ocrx_word' id='word_1_369' title='bbox 769 4772 963 4843; x_wconf 82' lang='lat' dir='ltr'><strong>Figura</strong></span> <span class='ocrx_word' id='word_1_370' title='bbox 990 4774 1133 4828; x_wconf 91' lang='lat' dir='ltr'><strong>enim</strong></span> <span class='ocrx_word' id='word_1_371' title='bbox 1163 4775 1373 4829; x_wconf 87' lang='lat' dir='ltr'><strong>veritati</strong></span> <span class='ocrx_word' id='word_1_372' title='bbox 1404 4792 1509 4829; x_wconf 92' lang='lat' dir='ltr'><strong>non</strong></span> <span class='ocrx_word' id='word_1_373' title='bbox 1543 4775 1809 4830; x_wconf 91' lang='lat' dir='ltr'><strong>contraria</strong></span> <span class='ocrx_word' id='word_1_374' title='bbox 1840 4786 1944 4840; x_wconf 86' lang='lat' dir='ltr'><strong>est,</strong></span> 
     </span>
    </p>
   </div>
   <div class='ocr_carea' id='block_1_50' title="bbox 344 4860 1947 4937">
    <p class='ocr_par' dir='ltr' id='par_1_50' title="bbox 344 4860 1947 4937">
     <span class='ocr_line' id='line_1_50' title="bbox 344 4860 1947 4937; baseline 0.004 -22"><span class='ocrx_word' id='word_1_375' title='bbox 344 4860 449 4915; x_wconf 84' lang='lat' dir='ltr'><strong>sed</strong></span> <span class='ocrx_word' id='word_1_376' title='bbox 475 4872 719 4932; x_wconf 90' lang='lat' dir='ltr'><strong>cognata.</strong></span> <span class='ocrx_word' id='word_1_377' title='bbox 748 4863 901 4930; x_wconf 89' lang='lat' dir='ltr'><strong>Quod</strong></span> <span class='ocrx_word' id='word_1_378' title='bbox 927 4865 971 4918; x_wconf 93' lang='lat' dir='ltr'><strong>si</strong></span> <span class='ocrx_word' id='word_1_379' title='bbox 1006 4865 1210 4920; x_wconf 79' lang='lat' dir='ltr'><strong>Veteris</strong></span> <span class='ocrx_word' id='word_1_380' title='bbox 1238 4866 1379 4920; x_wconf 91' lang='lat' dir='ltr'><strong>illius</strong></span> <span class='ocrx_word' id='word_1_381' title='bbox 1423 4866 1560 4921; x_wconf 87' lang='lat' dir='ltr'><strong>Deus</strong></span> <span class='ocrx_word' id='word_1_382' title='bbox 1604 4865 1736 4920; x_wconf 79' lang='lat' dir='ltr'><strong>Novi</strong></span> <span class='ocrx_word' id='word_1_383' title='bbox 1790 4867 1947 4937; x_wconf 83' lang='lat' dir='ltr'><strong>hujus</strong></span> 
     </span>
    </p>
   </div>
   <div class='ocr_carea' id='block_1_51' title="bbox 346 4954 1949 5027">
    <p class='ocr_par' dir='ltr' id='par_1_51' title="bbox 346 4954 1949 5027">
     <span class='ocr_line' id='line_1_51' title="bbox 346 4954 1949 5027; baseline 0.003 -18"><span class='ocrx_word' id='word_1_384' title='bbox 346 4955 466 5009; x_wconf 84' lang='lat' dir='ltr'><strong>Deo</strong></span> <span class='ocrx_word' id='word_1_385' title='bbox 503 4954 807 5009; x_wconf 91' lang='lat' dir='ltr'><strong>contrarius</strong></span> <span class='ocrx_word' id='word_1_386' title='bbox 835 4964 999 5022; x_wconf 82' lang='lat' dir='ltr'><strong>esset,</strong></span> <span class='ocrx_word' id='word_1_387' title='bbox 1032 4956 1440 5027; x_wconf 88' lang='lat' dir='ltr'><strong>haudquaquam</strong></span> <span class='ocrx_word' id='word_1_388' title='bbox 1482 4973 1579 5027; x_wconf 91' lang='lat' dir='ltr'><strong>per</strong></span> <span class='ocrx_word' id='word_1_389' title='bbox 1606 4959 1724 5012; x_wconf 90' lang='lat' dir='ltr'><strong>illas</strong></span> <span class='ocrx_word' id='word_1_390' title='bbox 1759 4960 1949 5014; x_wconf 86' lang='lat' dir='ltr'><strong>mulie-</strong></span> 
     </span>
    </p>
   </div>
   <div class='ocr_carea' id='block_1_52' title="bbox 345 5044 1949 5119">
    <p class='ocr_par' dir='ltr' id='par_1_52' title="bbox 345 5044 1949 5119">
     <span class='ocr_line' id='line_1_52' title="bbox 345 5044 1949 5119; baseline 0.004 -19"><span class='ocrx_word' id='word_1_391' title='bbox 345 5059 442 5100; x_wconf 85' lang='lat' dir='ltr'><strong>res</strong></span> <span class='ocrx_word' id='word_1_392' title='bbox 467 5044 601 5099; x_wconf 87' lang='lat' dir='ltr'><strong>Novi</strong></span> <span class='ocrx_word' id='word_1_393' title='bbox 641 5046 1063 5115; x_wconf 72' lang='lat' dir='ltr'><strong>prtecellentiam</strong></span> <span class='ocrx_word' id='word_1_394' title='bbox 1113 5047 1529 5119; x_wconf 66' lang='lat' dir='ltr'><strong>prmﬁgurasset.</strong></span> <span class='ocrx_word' id='word_1_395' title='bbox 1562 5050 1716 5116; x_wconf 90' lang='lat' dir='ltr'><strong>Quod</strong></span> <span class='ocrx_word' id='word_1_396' title='bbox 1767 5051 1812 5105; x_wconf 94' lang='lat' dir='ltr'><strong>si</strong></span> <span class='ocrx_word' id='word_1_397' title='bbox 1861 5052 1949 5106; x_wconf 88' lang='lat' dir='ltr'><strong>ille</strong></span> 
     </span>
    </p>
   </div>
   <div class='ocr_carea' id='block_1_53' title="bbox 344 5136 1947 5212">
    <p class='ocr_par' dir='ltr' id='par_1_53' title="bbox 344 5136 1947 5212">
     <span class='ocr_line' id='line_1_53' title="bbox 344 5136 1947 5212; baseline 0.004 -21"><span class='ocrx_word' id='word_1_398' title='bbox 344 5136 737 5208; x_wconf 62' lang='lat' dir='ltr'><strong>praeﬁguravit,</strong></span> <span class='ocrx_word' id='word_1_399' title='bbox 770 5154 865 5208; x_wconf 90' lang='lat' dir='ltr'><strong>par</strong></span> <span class='ocrx_word' id='word_1_400' title='bbox 894 5147 1011 5193; x_wconf 91' lang='lat' dir='ltr'><strong>erat</strong></span> <span class='ocrx_word' id='word_1_401' title='bbox 1054 5139 1275 5195; x_wconf 90' lang='lat' dir='ltr'><strong>Paulum</strong></span> <span class='ocrx_word' id='word_1_402' title='bbox 1306 5156 1413 5195; x_wconf 90' lang='lat' dir='ltr'><strong>non</strong></span> <span class='ocrx_word' id='word_1_403' title='bbox 1442 5141 1587 5195; x_wconf 91' lang='lat' dir='ltr'><strong>abuti</strong></span> <span class='ocrx_word' id='word_1_404' title='bbox 1616 5142 1714 5196; x_wconf 89' lang='lat' dir='ltr'><strong>hac</strong></span> <span class='ocrx_word' id='word_1_405' title='bbox 1756 5142 1947 5212; x_wconf 85' lang='lat' dir='ltr'><strong>figura.</strong></span> 
     </span>
    </p>
   </div>
   <div class='ocr_carea' id='block_1_54' title="bbox 344 5229 1948 5302">
    <p class='ocr_par' dir='ltr' id='par_1_54' title="bbox 344 5229 1948 5302">
     <span class='ocr_line' id='line_1_54' title="bbox 344 5229 1948 5302; baseline 0.002 -18"><span class='ocrx_word' id='word_1_406' title='bbox 344 5229 449 5284; x_wconf 89' lang='lat' dir='ltr'><strong>Sin</strong></span> <span class='ocrx_word' id='word_1_407' title='bbox 479 5241 658 5284; x_wconf 87' lang='lat' dir='ltr'><strong>autem</strong></span> <span class='ocrx_word' id='word_1_408' title='bbox 690 5230 891 5297; x_wconf 90' lang='lat' dir='ltr'><strong>dicant,</strong></span> <span class='ocrx_word' id='word_1_409' title='bbox 924 5232 1066 5302; x_wconf 87' lang='lat' dir='ltr'><strong>quod</strong></span> <span class='ocrx_word' id='word_1_410' title='bbox 1096 5231 1165 5287; x_wconf 92' lang='lat' dir='ltr'><strong>ad</strong></span> <span class='ocrx_word' id='word_1_411' title='bbox 1190 5231 1467 5288; x_wconf 89' lang='lat' dir='ltr'><strong>Judaicam</strong></span> <span class='ocrx_word' id='word_1_412' title='bbox 1498 5232 1858 5288; x_wconf 82' lang='lat' dir='ltr'><strong>inﬁrmitatem</strong></span> <span class='ocrx_word' id='word_1_413' title='bbox 1888 5249 1948 5288; x_wconf 90' lang='lat' dir='ltr'><strong>se</strong></span> 
     </span>
    </p>
   </div>
   <div class='ocr_carea' id='block_1_55' title="bbox 345 5320 1949 5395">
    <p class='ocr_par' dir='ltr' id='par_1_55' title="bbox 345 5320 1949 5395">
     <span class='ocr_line' id='line_1_55' title="bbox 345 5320 1949 5395; baseline 0.003 -20"><span class='ocrx_word' id='word_1_414' title='bbox 345 5320 644 5377; x_wconf 88' lang='lat' dir='ltr'><strong>demittens</strong></span> <span class='ocrx_word' id='word_1_415' title='bbox 672 5320 776 5377; x_wconf 92' lang='lat' dir='ltr'><strong>hoc</strong></span> <span class='ocrx_word' id='word_1_416' title='bbox 805 5322 1056 5389; x_wconf 83' lang='lat' dir='ltr'><strong>faciebat,</strong></span> <span class='ocrx_word' id='word_1_417' title='bbox 1089 5324 1372 5395; x_wconf 84' lang='lat' dir='ltr'><strong>oportebat</strong></span> <span class='ocrx_word' id='word_1_418' title='bbox 1403 5340 1524 5380; x_wconf 89' lang='lat' dir='ltr'><strong>eum</strong></span> <span class='ocrx_word' id='word_1_419' title='bbox 1552 5326 1714 5380; x_wconf 90' lang='lat' dir='ltr'><strong>etiam</strong></span> <span class='ocrx_word' id='word_1_420' title='bbox 1746 5325 1949 5381; x_wconf 85' lang='lat' dir='ltr'><strong>Graecis</strong></span> 
     </span>
    </p>
   </div>
   <div class='ocr_carea' id='block_1_56' title="bbox 348 5414 1946 5487">
    <p class='ocr_par' dir='ltr' id='par_1_56' title="bbox 348 5414 1946 5487">
     <span class='ocr_line' id='line_1_56' title="bbox 348 5414 1946 5487; baseline 0.002 -19"><span class='ocrx_word' id='word_1_421' title='bbox 348 5414 737 5485; x_wconf 70' lang='lat' dir='ltr'><strong>praedicantem</strong></span> <span class='ocrx_word' id='word_1_422' title='bbox 787 5416 984 5487; x_wconf 86' lang='lat' dir='ltr'><strong>figuras</strong></span> <span class='ocrx_word' id='word_1_423' title='bbox 1024 5418 1340 5473; x_wconf 69' lang='lat' dir='ltr'><strong>Graecorum</strong></span> <span class='ocrx_word' id='word_1_424' title='bbox 1380 5418 1657 5485; x_wconf 89' lang='lat' dir='ltr'><strong>adhibere,</strong></span> <span class='ocrx_word' id='word_1_425' title='bbox 1685 5428 1738 5472; x_wconf 92' lang='lat' dir='ltr'><strong>et</strong></span> <span class='ocrx_word' id='word_1_426' title='bbox 1766 5434 1946 5473; x_wconf 91' lang='lat' dir='ltr'><strong>rerum</strong></span> 
     </span>
    </p>
   </div>
   <div class='ocr_carea' id='block_1_57' title="bbox 345 5506 1945 5578">
    <p class='ocr_par' dir='ltr' id='par_1_57' title="bbox 345 5506 1945 5578">
     <span class='ocr_line' id='line_1_57' title="bbox 345 5506 1945 5578; baseline 0.002 -18"><span class='ocrx_word' id='word_1_427' title='bbox 345 5506 494 5575; x_wconf 87' lang='lat' dir='ltr'><strong>apud</strong></span> <span class='ocrx_word' id='word_1_428' title='bbox 522 5506 743 5562; x_wconf 75' lang='lat' dir='ltr'><strong>Grzccos</strong></span> <span class='ocrx_word' id='word_1_429' title='bbox 768 5518 1039 5578; x_wconf 87' lang='lat' dir='ltr'><strong>gestarum</strong></span> <span class='ocrx_word' id='word_1_430' title='bbox 1072 5509 1325 5565; x_wconf 85' lang='lat' dir='ltr'><strong>historias</strong></span> <span class='ocrx_word' id='word_1_431' title='bbox 1364 5525 1808 5566; x_wconf 86' lang='lat' dir='ltr'><strong>commemorare.</strong></span> <span class='ocrx_word' id='word_1_432' title='bbox 1841 5509 1945 5566; x_wconf 84' lang='lat' dir='ltr'><strong>Sed</strong></span> 
     </span>
    </p>
   </div>
   <div class='ocr_carea' id='block_1_58' title="bbox 342 5597 1945 5669">
    <p class='ocr_par' dir='ltr' id='par_1_58' title="bbox 342 5597 1945 5669">
     <span class='ocr_line' id='line_1_58' title="bbox 342 5597 1945 5669; baseline 0.003 -16"><span class='ocrx_word' id='word_1_433' title='bbox 342 5597 454 5653; x_wconf 77' lang='lat' dir='ltr'><strong>hoc</strong></span> <span class='ocrx_word' id='word_1_434' title='bbox 493 5614 756 5669; x_wconf 87' lang='lat' dir='ltr'><strong>nusquam</strong></span> <span class='ocrx_word' id='word_1_435' title='bbox 803 5601 944 5667; x_wconf 85' lang='lat' dir='ltr'><strong>fecit,</strong></span> <span class='ocrx_word' id='word_1_436' title='bbox 986 5611 1041 5655; x_wconf 90' lang='lat' dir='ltr'><strong>et</strong></span> <span class='ocrx_word' id='word_1_437' title='bbox 1080 5603 1295 5657; x_wconf 90' lang='lat' dir='ltr'><strong>merito.</strong></span> <span class='ocrx_word' id='word_1_438' title='bbox 1340 5602 1431 5657; x_wconf 90' lang='lat' dir='ltr'><strong>Illa</strong></span> <span class='ocrx_word' id='word_1_439' title='bbox 1474 5604 1617 5658; x_wconf 91' lang='lat' dir='ltr'><strong>enim</strong></span> <span class='ocrx_word' id='word_1_440' title='bbox 1649 5605 1782 5658; x_wconf 83' lang='lat' dir='ltr'><strong>nihil</strong></span> <span class='ocrx_word' id='word_1_441' title='bbox 1823 5618 1945 5658; x_wconf 85' lang='lat' dir='ltr'><strong>Cum</strong></span> 
     </span>
    </p>
   </div>
   <div class='ocr_carea' id='block_1_59' title="bbox 338 5687 1949 5763">
    <p class='ocr_par' dir='ltr' id='par_1_59' title="bbox 338 5687 1949 5763">
     <span class='ocr_line' id='line_1_59' title="bbox 338 5687 1949 5763; baseline 0.006 -22"><span class='ocrx_word' id='word_1_442' title='bbox 338 5689 571 5745; x_wconf 79' lang='lat' dir='ltr'><strong>veritate</strong></span> <span class='ocrx_word' id='word_1_443' title='bbox 611 5706 899 5747; x_wconf 89' lang='lat' dir='ltr'><strong>commune</strong></span> <span class='ocrx_word' id='word_1_444' title='bbox 948 5687 1236 5759; x_wconf 81' lang='lat' dir='ltr'><strong>habebant,</strong></span> <span class='ocrx_word' id='word_1_445' title='bbox 1268 5693 1383 5749; x_wconf 67' lang='lat' dir='ltr'><strong>hinc</strong></span> <span class='ocrx_word' id='word_1_446' title='bbox 1425 5705 1604 5749; x_wconf 88' lang='lat' dir='ltr'><strong>autem</strong></span> <span class='ocrx_word' id='word_1_447' title='bbox 1658 5695 1748 5748; x_wconf 78' lang='lat' dir='ltr'><strong>Dei</strong></span> <span class='ocrx_word' id='word_1_448' title='bbox 1804 5695 1949 5763; x_wconf 78' lang='lat' dir='ltr'><strong>leges</strong></span> 
     </span>
    </p>
   </div>
   <div class='ocr_carea' id='block_1_60' title="bbox 341 5784 1948 5862">
    <p class='ocr_par' dir='ltr' id='par_1_60' title="bbox 341 5784 1948 5862">
     <span class='ocr_line' id='line_1_60' title="bbox 341 5784 1948 5862; baseline 0.005 -26"><span class='ocrx_word' id='word_1_449' title='bbox 341 5793 521 5850; x_wconf 73' lang='lat' dir='ltr'><strong>crant,</strong></span> <span class='ocrx_word' id='word_1_450' title='bbox 546 5792 599 5838; x_wconf 90' lang='lat' dir='ltr'><strong>ct</strong></span> <span class='ocrx_word' id='word_1_451' title='bbox 630 5785 847 5840; x_wconf 84' lang='lat' dir='ltr'><strong>oracula</strong></span> <span class='ocrx_word' id='word_1_452' title='bbox 957 5807 970 5843; x_wconf 87' lang='lat'>:</span> <span class='ocrx_word' id='word_1_453' title='bbox 1037 5798 1372 5859; x_wconf 67' lang='lat' dir='ltr'><strong>quapropter</strong></span> <span class='ocrx_word' id='word_1_454' title='bbox 1438 5808 1629 5862; x_wconf 87' lang='lat' dir='ltr'><strong>magna</strong></span> <span class='ocrx_word' id='word_1_455' title='bbox 1696 5784 1948 5862; x_wconf 75' lang='lat' dir='ltr'><strong>cognatio</strong></span> 
     </span>
    </p>
   </div>
   <div class='ocr_carea' id='block_1_61' title="bbox 980 316 2965 386">
    <p class='ocr_par' dir='ltr' id='par_1_61' title="bbox 980 316 2965 386">
     <span class='ocr_line' id='line_1_61' title="bbox 980 316 2965 386; baseline -0.004 -6"><span class='ocrx_word' id='word_1_456' title='bbox 980 326 1068 380; x_wconf 78' lang='lat' dir='ltr'><strong>DE</strong></span> <span class='ocrx_word' id='word_1_457' title='bbox 1111 322 1355 379; x_wconf 81' lang='lat' dir='ltr'><strong>VERBIS</strong></span> <span class='ocrx_word' id='word_1_458' title='bbox 1395 320 1747 386; x_wconf 77' lang='lat' dir='ltr'><strong>APOSTOLI,</strong></span> <span class='ocrx_word' id='word_1_459' title='bbox 1789 318 2154 377; x_wconf 73' lang='lat' dir='ltr'><strong>ilABENTES</strong></span> <span class='ocrx_word' id='word_1_460' title='bbox 2192 319 2473 377; x_wconf 72' lang='lat' dir='ltr'><strong>EUMDEM</strong></span> <span class='ocrx_word' id='word_1_461' title='bbox 2513 317 2854 373; x_wconf 73' lang='lat' dir='ltr'><strong>SPIRITUM.</strong></span> <span class='ocrx_word' id='word_1_462' title='bbox 2898 316 2965 372; x_wconf 86' lang='lat' dir='ltr'><strong>ll.</strong></span> 
     </span>
    </p>
   </div>
   <div class='ocr_carea' id='block_1_62' title="bbox 2031 428 3602 490">
    <p class='ocr_par' dir='ltr' id='par_1_62' title="bbox 2031 428 3602 490">
     <span class='ocr_line' id='line_1_62' title="bbox 2031 428 3602 490; baseline -0.007 0"><span class='ocrx_word' id='word_1_463' title='bbox 2031 432 2313 490; x_wconf 80' lang='lat' dir='ltr'><strong>veteribus</strong></span> <span class='ocrx_word' id='word_1_464' title='bbox 2361 431 2469 486; x_wconf 87' lang='lat' dir='ltr'><strong>illis</strong></span> <span class='ocrx_word' id='word_1_465' title='bbox 2518 446 2641 485; x_wconf 93' lang='lat' dir='ltr'><strong>cum</strong></span> <span class='ocrx_word' id='word_1_466' title='bbox 2688 429 2843 484; x_wconf 85' lang='lat' dir='ltr'><strong>Novo</strong></span> <span class='ocrx_word' id='word_1_467' title='bbox 2889 430 3241 485; x_wconf 85' lang='lat' dir='ltr'><strong>Testamento</strong></span> <span class='ocrx_word' id='word_1_468' title='bbox 3291 428 3602 482; x_wconf 77' lang='lat' dir='ltr'><strong>intercedit.</strong></span> 
     </span>
    </p>
   </div>
   <div class='ocr_carea' id='block_1_63' title="bbox 3500 316 3604 369">
    <p class='ocr_par' dir='ltr' id='par_1_63' title="bbox 3500 316 3604 369">
     <span class='ocr_line' id='line_1_63' title="bbox 3500 316 3604 369; baseline 0.01 -1"><span class='ocrx_word' id='word_1_469' title='bbox 3500 316 3604 369; x_wconf 67' lang='lat'><strong>285</strong></span> 
     </span>
    </p>
   </div>
   <div class='ocr_carea' id='block_1_64' title="bbox 2104 519 3608 597">
    <p class='ocr_par' dir='ltr' id='par_1_64' title="bbox 2104 519 3608 597">
     <span class='ocr_line' id='line_1_64' title="bbox 2104 519 3608 597; baseline -0.007 -14"><span class='ocrx_word' id='word_1_470' title='bbox 2104 526 2157 583; x_wconf 82' lang='grc'><strong>6.</strong></span> <span class='ocrx_word' id='word_1_471' title='bbox 2178 526 2557 597; x_wconf 83' lang='lat' dir='ltr'><strong>Argumentum</strong></span> <span class='ocrx_word' id='word_1_472' title='bbox 2585 524 2866 578; x_wconf 78' lang='lat' dir='ltr'><strong>secundum</strong></span> <span class='ocrx_word' id='word_1_473' title='bbox 2888 538 2956 579; x_wconf 80' lang='lat' dir='ltr'><strong>ea:</strong></span> <span class='ocrx_word' id='word_1_474' title='bbox 2983 524 3168 579; x_wconf 86' lang='lat' dir='ltr'><strong>eadem</strong></span> <span class='ocrx_word' id='word_1_475' title='bbox 3203 521 3449 575; x_wconf 84' lang='lat' dir='ltr'><strong>historia.</strong></span> <span class='ocrx_word' id='word_1_476' title='bbox 3484 519 3608 574; x_wconf 80' lang='lat' dir='ltr'><strong>Non</strong></span> 
     </span>
    </p>
   </div>
   <div class='ocr_carea' id='block_1_65' title="bbox 2040 617 3626 687">
    <p class='ocr_par' dir='ltr' id='par_1_65' title="bbox 2040 617 3626 687">
     <span class='ocr_line' id='line_1_65' title="bbox 2040 617 3626 687; baseline 0.001 -15"><span class='ocrx_word' id='word_1_477' title='bbox 2040 621 2190 687; x_wconf 76' lang='lat' dir='ltr'><strong>pauci</strong></span> <span class='ocrx_word' id='word_1_478' title='bbox 2216 619 2271 672; x_wconf 87' lang='lat' dir='ltr'><strong>in</strong></span> <span class='ocrx_word' id='word_1_479' title='bbox 2308 618 2472 673; x_wconf 83' lang='lat' dir='ltr'><strong>Veteri</strong></span> <span class='ocrx_word' id='word_1_480' title='bbox 2499 617 2818 673; x_wconf 83' lang='lat' dir='ltr'><strong>Testamento</strong></span> <span class='ocrx_word' id='word_1_481' title='bbox 2843 634 3015 672; x_wconf 88' lang='lat' dir='ltr'><strong>amore</strong></span> <span class='ocrx_word' id='word_1_482' title='bbox 3038 617 3197 682; x_wconf 82' lang='lat' dir='ltr'><strong>ducti,</strong></span> <span class='ocrx_word' id='word_1_483' title='bbox 3230 634 3331 673; x_wconf 81' lang='lat' dir='ltr'><strong>non</strong></span> <span class='ocrx_word' id='word_1_484' title='bbox 3352 619 3626 673; x_wconf 82' lang='lat' dir='ltr'><strong>timore.—</strong></span> 
     </span>
    </p>
   </div>
   <div class='ocr_carea' id='block_1_66' title="bbox 2040 709 3628 782">
    <p class='ocr_par' dir='ltr' id='par_1_66' title="bbox 2040 709 3628 782">
     <span class='ocr_line' id='line_1_66' title="bbox 2040 709 3628 782; baseline 0.001 -16"><span class='ocrx_word' id='word_1_485' title='bbox 2040 712 2277 766; x_wconf 87' lang='lat' dir='ltr'><strong>Primum</strong></span> <span class='ocrx_word' id='word_1_486' title='bbox 2300 711 2459 782; x_wconf 87' lang='lat' dir='ltr'><strong>igitur</strong></span> <span class='ocrx_word' id='word_1_487' title='bbox 2484 720 2854 782; x_wconf 86' lang='lat' dir='ltr'><strong>argumentum</strong></span> <span class='ocrx_word' id='word_1_488' title='bbox 2874 710 2977 766; x_wconf 90' lang='lat' dir='ltr'><strong>hoc</strong></span> <span class='ocrx_word' id='word_1_489' title='bbox 3001 720 3105 778; x_wconf 90' lang='lat' dir='ltr'><strong>est,</strong></span> <span class='ocrx_word' id='word_1_490' title='bbox 3128 711 3294 767; x_wconf 83' lang='lat' dir='ltr'><strong>Vetus</strong></span> <span class='ocrx_word' id='word_1_491' title='bbox 3312 709 3628 768; x_wconf 76' lang='lat' dir='ltr'><strong>Testamen-</strong></span> 
     </span>
    </p>
   </div>
   <div class='ocr_carea' id='block_1_67' title="bbox 2041 802 3630 860">
    <p class='ocr_par' dir='ltr' id='par_1_67' title="bbox 2041 802 3630 860">
     <span class='ocr_line' id='line_1_67' title="bbox 2041 802 3630 860; baseline 0.001 -2"><span class='ocrx_word' id='word_1_492' title='bbox 2041 812 2151 858; x_wconf 88' lang='lat' dir='ltr'><strong>tum</strong></span> <span class='ocrx_word' id='word_1_493' title='bbox 2184 804 2357 859; x_wconf 90' lang='lat' dir='ltr'><strong>modis</strong></span> <span class='ocrx_word' id='word_1_494' title='bbox 2381 803 2628 859; x_wconf 90' lang='lat' dir='ltr'><strong>omnibus</strong></span> <span class='ocrx_word' id='word_1_495' title='bbox 2655 819 2775 858; x_wconf 86' lang='lat' dir='ltr'><strong>cum</strong></span> <span class='ocrx_word' id='word_1_496' title='bbox 2802 802 2950 859; x_wconf 85' lang='lat' dir='ltr'><strong>Novo</strong></span> <span class='ocrx_word' id='word_1_497' title='bbox 2976 817 3304 860; x_wconf 88' lang='lat' dir='ltr'><strong>consonare:</strong></span> <span class='ocrx_word' id='word_1_498' title='bbox 3334 804 3630 860; x_wconf 84' lang='lat' dir='ltr'><strong>secundum</strong></span> 
     </span>
    </p>
   </div>
   <div class='ocr_carea' id='block_1_68' title="bbox 2037 894 3651 965">
    <p class='ocr_par' dir='ltr' id='par_1_68' title="bbox 2037 894 3651 965">
     <span class='ocr_line' id='line_1_68' title="bbox 2037 894 3651 965; baseline 0.001 -17"><span class='ocrx_word' id='word_1_499' title='bbox 2037 903 2217 951; x_wconf 89' lang='lat' dir='ltr'><strong>autem</strong></span> <span class='ocrx_word' id='word_1_500' title='bbox 2269 895 2361 950; x_wconf 92' lang='lat' dir='ltr'><strong>illo</strong></span> <span class='ocrx_word' id='word_1_501' title='bbox 2411 910 2518 949; x_wconf 90' lang='lat' dir='ltr'><strong>non</strong></span> <span class='ocrx_word' id='word_1_502' title='bbox 2570 894 2781 959; x_wconf 89' lang='lat' dir='ltr'><strong>minus,</strong></span> <span class='ocrx_word' id='word_1_503' title='bbox 2833 910 2897 949; x_wconf 81' lang='lat' dir='ltr'><strong>ex</strong></span> <span class='ocrx_word' id='word_1_504' title='bbox 2950 894 3063 965; x_wconf 87' lang='lat' dir='ltr'><strong>ipsa</strong></span> <span class='ocrx_word' id='word_1_505' title='bbox 3106 894 3332 950; x_wconf 88' lang='lat' dir='ltr'><strong>historia</strong></span> <span class='ocrx_word' id='word_1_506' title='bbox 3377 896 3651 950; x_wconf 71' lang='lat' dir='ltr'><strong>sutnitur.‘</strong></span> 
     </span>
    </p>
   </div>
   <div class='ocr_carea' id='block_1_69' title="bbox 2038 984 3630 1053">
    <p class='ocr_par' dir='ltr' id='par_1_69' title="bbox 2038 984 3630 1053">
     <span class='ocr_line' id='line_1_69' title="bbox 2038 984 3630 1053; baseline 0.004 -16"><span class='ocrx_word' id='word_1_507' title='bbox 2038 984 2498 1053; x_wconf 89' lang='lat' dir='ltr'><strong>Quemadmodum</strong></span> <span class='ocrx_word' id='word_1_508' title='bbox 2527 986 2669 1041; x_wconf 90' lang='lat' dir='ltr'><strong>enim</strong></span> <span class='ocrx_word' id='word_1_509' title='bbox 2703 995 2828 1040; x_wconf 93' lang='lat' dir='ltr'><strong>tunc</strong></span> <span class='ocrx_word' id='word_1_510' title='bbox 2855 984 2976 1042; x_wconf 79' lang='lat' dir='ltr'><strong>duae</strong></span> <span class='ocrx_word' id='word_1_511' title='bbox 3006 985 3263 1043; x_wconf 83' lang='lat' dir='ltr'><strong>mulieres</strong></span> <span class='ocrx_word' id='word_1_512' title='bbox 3295 996 3452 1044; x_wconf 88' lang='lat' dir='ltr'><strong>erant</strong></span> <span class='ocrx_word' id='word_1_513' title='bbox 3470 989 3630 1043; x_wconf 89' lang='lat' dir='ltr'><strong>unius</strong></span> 
     </span>
    </p>
   </div>
   <div class='ocr_carea' id='block_1_70' title="bbox 2038 1079 3626 1151">
    <p class='ocr_par' dir='ltr' id='par_1_70' title="bbox 2038 1079 3626 1151">
     <span class='ocr_line' id='line_1_70' title="bbox 2038 1079 3626 1151; baseline 0.003 -19"><span class='ocrx_word' id='word_1_514' title='bbox 2038 1079 2165 1133; x_wconf 88' lang='lat' dir='ltr'><strong>viri:</strong></span> <span class='ocrx_word' id='word_1_515' title='bbox 2198 1080 2270 1133; x_wconf 88' lang='lat' dir='ltr'><strong>ita</strong></span> <span class='ocrx_word' id='word_1_516' title='bbox 2300 1094 2441 1134; x_wconf 92' lang='lat' dir='ltr'><strong>nunc</strong></span> <span class='ocrx_word' id='word_1_517' title='bbox 2482 1079 2588 1133; x_wconf 89' lang='lat' dir='ltr'><strong>duo</strong></span> <span class='ocrx_word' id='word_1_518' title='bbox 2628 1079 2966 1134; x_wconf 89' lang='lat' dir='ltr'><strong>Testamenta</strong></span> <span class='ocrx_word' id='word_1_519' title='bbox 2999 1080 3154 1136; x_wconf 89' lang='lat' dir='ltr'><strong>unius</strong></span> <span class='ocrx_word' id='word_1_520' title='bbox 3199 1080 3552 1151; x_wconf 89' lang='lat' dir='ltr'><strong>legislatoris;</strong></span> <span class='ocrx_word' id='word_1_521' title='bbox 3581 1084 3626 1136; x_wconf 92' lang='lat' dir='ltr'><strong>si</strong></span> 
     </span>
    </p>
   </div>
   <div class='ocr_carea' id='block_1_71' title="bbox 2037 1171 3628 1244">
    <p class='ocr_par' dir='ltr' id='par_1_71' title="bbox 2037 1171 3628 1244">
     <span class='ocr_line' id='line_1_71' title="bbox 2037 1171 3628 1244; baseline 0.002 -17"><span class='ocrx_word' id='word_1_522' title='bbox 2037 1172 2182 1227; x_wconf 91' lang='lat' dir='ltr'><strong>enim</strong></span> <span class='ocrx_word' id='word_1_523' title='bbox 2209 1172 2343 1227; x_wconf 88' lang='lat' dir='ltr'><strong>alius</strong></span> <span class='ocrx_word' id='word_1_524' title='bbox 2372 1181 2516 1227; x_wconf 88' lang='lat' dir='ltr'><strong>esset</strong></span> <span class='ocrx_word' id='word_1_525' title='bbox 2535 1171 2666 1227; x_wconf 87' lang='lat' dir='ltr'><strong>Novi</strong></span> <span class='ocrx_word' id='word_1_526' title='bbox 2689 1212 2704 1237; x_wconf 92' lang='lat'><strong>,</strong></span> <span class='ocrx_word' id='word_1_527' title='bbox 2727 1173 2863 1227; x_wconf 90' lang='lat' dir='ltr'><strong>alius</strong></span> <span class='ocrx_word' id='word_1_528' title='bbox 2890 1172 3097 1228; x_wconf 84' lang='lat' dir='ltr'><strong>Veteris</strong></span> <span class='ocrx_word' id='word_1_529' title='bbox 3126 1214 3143 1241; x_wconf 89' lang='lat'><strong>,</strong></span> <span class='ocrx_word' id='word_1_530' title='bbox 3175 1188 3628 1244; x_wconf 84' lang='lat' dir='ltr'><strong>supervacaneum</strong></span> 
     </span>
    </p>
   </div>
   <div class='ocr_carea' id='block_1_72' title="bbox 2038 1262 3629 1335">
    <p class='ocr_par' dir='ltr' id='par_1_72' title="bbox 2038 1262 3629 1335">
     <span class='ocr_line' id='line_1_72' title="bbox 2038 1262 3629 1335; baseline 0.001 -18"><span class='ocrx_word' id='word_1_531' title='bbox 2038 1272 2154 1318; x_wconf 87' lang='lat' dir='ltr'><strong>erat</strong></span> <span class='ocrx_word' id='word_1_532' title='bbox 2180 1262 2319 1318; x_wconf 91' lang='lat' dir='ltr'><strong>hanc</strong></span> <span class='ocrx_word' id='word_1_533' title='bbox 2349 1263 2624 1319; x_wconf 89' lang='lat' dir='ltr'><strong>historiam</strong></span> <span class='ocrx_word' id='word_1_534' title='bbox 2646 1263 2934 1320; x_wconf 90' lang='lat' dir='ltr'><strong>adducere.</strong></span> <span class='ocrx_word' id='word_1_535' title='bbox 2959 1263 3143 1335; x_wconf 86' lang='lat' dir='ltr'><strong>Neque</strong></span> <span class='ocrx_word' id='word_1_536' title='bbox 3167 1265 3310 1320; x_wconf 90' lang='lat' dir='ltr'><strong>enim</strong></span> <span class='ocrx_word' id='word_1_537' title='bbox 3340 1266 3502 1321; x_wconf 91' lang='lat' dir='ltr'><strong>alium</strong></span> <span class='ocrx_word' id='word_1_538' title='bbox 3534 1267 3629 1320; x_wconf 83' lang='lat' dir='ltr'><strong>ha-</strong></span> 
     </span>
    </p>
   </div>
   <div class='ocr_carea' id='block_1_73' title="bbox 2039 1355 3632 1428">
    <p class='ocr_par' dir='ltr' id='par_1_73' title="bbox 2039 1355 3632 1428">
     <span class='ocr_line' id='line_1_73' title="bbox 2039 1355 3632 1428; baseline 0.003 -19"><span class='ocrx_word' id='word_1_539' title='bbox 2039 1355 2198 1412; x_wconf 91' lang='lat' dir='ltr'><strong>bebat</strong></span> <span class='ocrx_word' id='word_1_540' title='bbox 2218 1355 2350 1411; x_wconf 86' lang='lat' dir='ltr'><strong>Sara</strong></span> <span class='ocrx_word' id='word_1_541' title='bbox 2383 1357 2579 1419; x_wconf 91' lang='lat' dir='ltr'><strong>virum,</strong></span> <span class='ocrx_word' id='word_1_542' title='bbox 2610 1356 2774 1410; x_wconf 91' lang='lat' dir='ltr'><strong>alium</strong></span> <span class='ocrx_word' id='word_1_543' title='bbox 2806 1356 2976 1427; x_wconf 86' lang='lat' dir='ltr'><strong>Agar;</strong></span> <span class='ocrx_word' id='word_1_544' title='bbox 3013 1355 3109 1412; x_wconf 91' lang='lat' dir='ltr'><strong>sed</strong></span> <span class='ocrx_word' id='word_1_545' title='bbox 3138 1364 3362 1428; x_wconf 88' lang='lat' dir='ltr'><strong>utraque</strong></span> <span class='ocrx_word' id='word_1_546' title='bbox 3389 1373 3551 1412; x_wconf 89' lang='lat' dir='ltr'><strong>unum</strong></span> <span class='ocrx_word' id='word_1_547' title='bbox 3574 1369 3632 1414; x_wconf 87' lang='lat' dir='ltr'><strong>et</strong></span> 
     </span>
    </p>
   </div>
   <div class='ocr_carea' id='block_1_74' title="bbox 2037 1447 3631 1520">
    <p class='ocr_par' dir='ltr' id='par_1_74' title="bbox 2037 1447 3631 1520">
     <span class='ocr_line' id='line_1_74' title="bbox 2037 1447 3631 1520; baseline -0.001 -15"><span class='ocrx_word' id='word_1_548' title='bbox 2037 1448 2508 1520; x_wconf 90' lang='lat' dir='ltr'><strong>eumdem.ltaque</strong></span> <span class='ocrx_word' id='word_1_549' title='bbox 2531 1448 2760 1504; x_wconf 91' lang='lat' dir='ltr'><strong>dicendo</strong></span> <span class='ocrx_word' id='word_1_550' title='bbox 2791 1490 2807 1516; x_wconf 95' lang='lat'><strong>,</strong></span> <span class='ocrx_word' id='word_1_551' title='bbox 2848 1447 2975 1503; x_wconf 77' lang='lat' dir='ltr'><strong>Htec</strong></span> <span class='ocrx_word' id='word_1_552' title='bbox 3008 1449 3140 1503; x_wconf 86' lang='lat' dir='ltr'><strong>enim</strong></span> <span class='ocrx_word' id='word_1_553' title='bbox 3174 1459 3293 1503; x_wconf 86' lang='lat' dir='ltr'><strong>sunt</strong></span> <span class='ocrx_word' id='word_1_554' title='bbox 3326 1449 3428 1504; x_wconf 85' lang='lat' dir='ltr'><strong>duo</strong></span> <span class='ocrx_word' id='word_1_555' title='bbox 3451 1449 3631 1505; x_wconf 81' lang='lat' dir='ltr'><strong>Testa-</strong></span> 
     </span>
    </p>
   </div>
   <div class='ocr_carea' id='block_1_75' title="bbox 2038 1540 3632 1615">
    <p class='ocr_par' dir='ltr' id='par_1_75' title="bbox 2038 1540 3632 1615">
     <span class='ocr_line' id='line_1_75' title="bbox 2038 1540 3632 1615; baseline 0.003 -20"><span class='ocrx_word' id='word_1_556' title='bbox 2038 1551 2204 1596; x_wconf 84' lang='lat' dir='ltr'><strong>menta</strong></span> <span class='ocrx_word' id='word_1_557' title='bbox 2256 1540 2423 1613; x_wconf 82' lang='lat' dir='ltr'><strong>(Gal.</strong></span> <span class='ocrx_word' id='word_1_558' title='bbox 2453 1543 2507 1597; x_wconf 74' lang='grc'><strong>4.</strong></span> <span class='ocrx_word' id='word_1_559' title='bbox 2546 1541 2616 1596; x_wconf 68' lang='grc'><strong>24</strong></span> <span class='ocrx_word' id='word_1_560' title='bbox 2642 1541 2660 1613; x_wconf 94' lang='grc'>)</span> <span class='ocrx_word' id='word_1_561' title='bbox 2688 1584 2704 1608; x_wconf 86' lang='grc'><em>,</em></span> <span class='ocrx_word' id='word_1_562' title='bbox 2736 1541 2865 1596; x_wconf 85' lang='lat' dir='ltr'><strong>nihil</strong></span> <span class='ocrx_word' id='word_1_563' title='bbox 2921 1542 3065 1598; x_wconf 85' lang='lat' dir='ltr'><strong>aliud</strong></span> <span class='ocrx_word' id='word_1_564' title='bbox 3111 1541 3242 1599; x_wconf 84' lang='lat' dir='ltr'><strong>dicit</strong></span> <span class='ocrx_word' id='word_1_565' title='bbox 3286 1559 3444 1614; x_wconf 88' lang='lat' dir='ltr'><strong>quam</strong></span> <span class='ocrx_word' id='word_1_566' title='bbox 3489 1545 3632 1615; x_wconf 90' lang='lat' dir='ltr'><strong>quod</strong></span> 
     </span>
    </p>
   </div>
   <div class='ocr_carea' id='block_1_76' title="bbox 2038 1632 3631 1703">
    <p class='ocr_par' dir='ltr' id='par_1_76' title="bbox 2038 1632 3631 1703">
     <span class='ocr_line' id='line_1_76' title="bbox 2038 1632 3631 1703; baseline 0.003 -16"><span class='ocrx_word' id='word_1_567' title='bbox 2038 1632 2286 1688; x_wconf 91' lang='lat' dir='ltr'><strong>eumdem</strong></span> <span class='ocrx_word' id='word_1_568' title='bbox 2317 1633 2547 1687; x_wconf 90' lang='lat' dir='ltr'><strong>habeant</strong></span> <span class='ocrx_word' id='word_1_569' title='bbox 2570 1632 2955 1703; x_wconf 87' lang='lat' dir='ltr'><strong>legislatorem,</strong></span> <span class='ocrx_word' id='word_1_570' title='bbox 2984 1633 3123 1689; x_wconf 88' lang='lat' dir='ltr'><strong>sicut</strong></span> <span class='ocrx_word' id='word_1_571' title='bbox 3147 1634 3248 1689; x_wconf 71' lang='lat' dir='ltr'><strong>illa:</strong></span> <span class='ocrx_word' id='word_1_572' title='bbox 3272 1650 3439 1689; x_wconf 91' lang='lat' dir='ltr'><strong>unum</strong></span> <span class='ocrx_word' id='word_1_573' title='bbox 3459 1635 3631 1692; x_wconf 85' lang='lat' dir='ltr'><strong>virum</strong></span> 
     </span>
    </p>
   </div>
   <div class='ocr_carea' id='block_1_77' title="bbox 2041 1724 3633 1796">
    <p class='ocr_par' dir='ltr' id='par_1_77' title="bbox 2041 1724 3633 1796">
     <span class='ocr_line' id='line_1_77' title="bbox 2041 1724 3633 1796; baseline 0.004 -18"><span class='ocrx_word' id='word_1_574' title='bbox 2041 1724 2335 1779; x_wconf 80' lang='lat' dir='ltr'><strong>Abraham.</strong></span> <span class='ocrx_word' id='word_1_575' title='bbox 2376 1724 2483 1780; x_wconf 89' lang='lat' dir='ltr'><strong>Sed</strong></span> <span class='ocrx_word' id='word_1_576' title='bbox 2513 1726 2682 1780; x_wconf 89' lang='lat' dir='ltr'><strong>altera</strong></span> <span class='ocrx_word' id='word_1_577' title='bbox 2712 1724 2927 1796; x_wconf 90' lang='lat' dir='ltr'><strong>quidem</strong></span> <span class='ocrx_word' id='word_1_578' title='bbox 2954 1735 3070 1780; x_wconf 89' lang='lat' dir='ltr'><strong>erat</strong></span> <span class='ocrx_word' id='word_1_579' title='bbox 3094 1740 3249 1781; x_wconf 85' lang='lat' dir='ltr'><strong>serva</strong></span> <span class='ocrx_word' id='word_1_580' title='bbox 3273 1768 3289 1794; x_wconf 92' lang='lat'><strong>,</strong></span> <span class='ocrx_word' id='word_1_581' title='bbox 3313 1728 3480 1782; x_wconf 91' lang='lat' dir='ltr'><strong>altera</strong></span> <span class='ocrx_word' id='word_1_582' title='bbox 3503 1743 3633 1784; x_wconf 73' lang='lat' dir='ltr'><strong>vero</strong></span> 
     </span>
    </p>
   </div>
   <div class='ocr_carea' id='block_1_78' title="bbox 2042 1817 3634 1888">
    <p class='ocr_par' dir='ltr' id='par_1_78' title="bbox 2042 1817 3634 1888">
     <span class='ocr_line' id='line_1_78' title="bbox 2042 1817 3634 1888; baseline 0.003 -17"><span class='ocrx_word' id='word_1_583' title='bbox 2042 1818 2227 1873; x_wconf 88' lang='lat' dir='ltr'><strong>libera.</strong></span> <span class='ocrx_word' id='word_1_584' title='bbox 2248 1817 2383 1885; x_wconf 91' lang='lat' dir='ltr'><strong>Quid</strong></span> <span class='ocrx_word' id='word_1_585' title='bbox 2404 1819 2552 1873; x_wconf 89' lang='lat' dir='ltr'><strong>tum?</strong></span> <span class='ocrx_word' id='word_1_586' title='bbox 2576 1817 2834 1874; x_wconf 88' lang='lat' dir='ltr'><strong>hactenus</strong></span> <span class='ocrx_word' id='word_1_587' title='bbox 2863 1818 3004 1873; x_wconf 90' lang='lat' dir='ltr'><strong>enim</strong></span> <span class='ocrx_word' id='word_1_588' title='bbox 3027 1819 3384 1888; x_wconf 72' lang='lat' dir='ltr'><strong>qumrebatur,</strong></span> <span class='ocrx_word' id='word_1_589' title='bbox 3407 1836 3475 1876; x_wconf 91' lang='lat' dir='ltr'><strong>an</strong></span> <span class='ocrx_word' id='word_1_590' title='bbox 3497 1836 3634 1876; x_wconf 90' lang='lat' dir='ltr'><strong>unus</strong></span> 
     </span>
    </p>
   </div>
   <div class='ocr_carea' id='block_1_79' title="bbox 2042 1908 3630 1981">
    <p class='ocr_par' dir='ltr' id='par_1_79' title="bbox 2042 1908 3630 1981">
     <span class='ocr_line' id='line_1_79' title="bbox 2042 1908 3630 1981; baseline 0.004 -19"><span class='ocrx_word' id='word_1_591' title='bbox 2042 1910 2316 1979; x_wconf 87' lang='lat' dir='ltr'><strong>utriusque</strong></span> <span class='ocrx_word' id='word_1_592' title='bbox 2356 1909 2426 1964; x_wconf 89' lang='lat' dir='ltr'><strong>sit</strong></span> <span class='ocrx_word' id='word_1_593' title='bbox 2472 1909 2762 1980; x_wconf 85' lang='lat' dir='ltr'><strong>legislator.</strong></span> <span class='ocrx_word' id='word_1_594' title='bbox 2808 1908 3089 1979; x_wconf 81' lang='lat' dir='ltr'><strong>Recipiaut</strong></span> <span class='ocrx_word' id='word_1_595' title='bbox 3132 1909 3293 1980; x_wconf 89' lang='lat' dir='ltr'><strong>igitur</strong></span> <span class='ocrx_word' id='word_1_596' title='bbox 3320 1912 3467 1981; x_wconf 92' lang='lat' dir='ltr'><strong>prius</strong></span> <span class='ocrx_word' id='word_1_597' title='bbox 3494 1912 3630 1981; x_wconf 90' lang='lat' dir='ltr'><strong>hoc,</strong></span> 
     </span>
    </p>
   </div>
   <div class='ocr_carea' id='block_1_80' title="bbox 2041 1999 3638 2073">
    <p class='ocr_par' dir='ltr' id='par_1_80' title="bbox 2041 1999 3638 2073">
     <span class='ocr_line' id='line_1_80' title="bbox 2041 1999 3638 2073; baseline 0.004 -21"><span class='ocrx_word' id='word_1_598' title='bbox 2041 2014 2103 2053; x_wconf 92' lang='lat' dir='ltr'><strong>ac</strong></span> <span class='ocrx_word' id='word_1_599' title='bbox 2159 2008 2268 2055; x_wconf 92' lang='lat' dir='ltr'><strong>tum</strong></span> <span class='ocrx_word' id='word_1_600' title='bbox 2326 1999 2542 2055; x_wconf 88' lang='lat' dir='ltr'><strong>demum</strong></span> <span class='ocrx_word' id='word_1_601' title='bbox 2599 1999 2664 2055; x_wconf 92' lang='lat' dir='ltr'><strong>ad</strong></span> <span class='ocrx_word' id='word_1_602' title='bbox 2728 1999 2856 2054; x_wconf 91' lang='lat' dir='ltr'><strong>illud</strong></span> <span class='ocrx_word' id='word_1_603' title='bbox 2921 2000 3149 2056; x_wconf 89' lang='lat' dir='ltr'><strong>alterum</strong></span> <span class='ocrx_word' id='word_1_604' title='bbox 3199 1999 3281 2055; x_wconf 89' lang='lat' dir='ltr'><strong>eis</strong></span> <span class='ocrx_word' id='word_1_605' title='bbox 3342 2002 3638 2073; x_wconf 84' lang='lat' dir='ltr'><strong>responde-</strong></span> 
     </span>
    </p>
   </div>
   <div class='ocr_carea' id='block_1_81' title="bbox 2043 2094 3633 2164">
    <p class='ocr_par' dir='ltr' id='par_1_81' title="bbox 2043 2094 3633 2164">
     <span class='ocr_line' id='line_1_81' title="bbox 2043 2094 3633 2164; baseline 0.003 -16"><span class='ocrx_word' id='word_1_606' title='bbox 2043 2095 2236 2149; x_wconf 92' lang='lat' dir='ltr'><strong>bimus.</strong></span> <span class='ocrx_word' id='word_1_607' title='bbox 2280 2094 2338 2151; x_wconf 93' lang='lat' dir='ltr'><strong>Si</strong></span> <span class='ocrx_word' id='word_1_608' title='bbox 2392 2095 2536 2152; x_wconf 91' lang='lat' dir='ltr'><strong>enim</strong></span> <span class='ocrx_word' id='word_1_609' title='bbox 2584 2110 2678 2151; x_wconf 89' lang='lat' dir='ltr'><strong>eos</strong></span> <span class='ocrx_word' id='word_1_610' title='bbox 2727 2096 2830 2152; x_wconf 90' lang='lat' dir='ltr'><strong>hoc</strong></span> <span class='ocrx_word' id='word_1_611' title='bbox 2884 2106 2943 2151; x_wconf 87' lang='lat' dir='ltr'><strong>ut</strong></span> <span class='ocrx_word' id='word_1_612' title='bbox 3002 2095 3318 2164; x_wconf 90' lang='lat' dir='ltr'><strong>admittant,</strong></span> <span class='ocrx_word' id='word_1_613' title='bbox 3364 2112 3429 2153; x_wconf 91' lang='lat' dir='ltr'><strong>ac</strong></span> <span class='ocrx_word' id='word_1_614' title='bbox 3476 2099 3633 2154; x_wconf 90' lang='lat' dir='ltr'><strong>nobis</strong></span> 
     </span>
    </p>
   </div>
   <div class='ocr_carea' id='block_1_82' title="bbox 2043 2188 3631 2265">
    <p class='ocr_par' dir='ltr' id='par_1_82' title="bbox 2043 2188 3631 2265">
     <span class='ocr_line' id='line_1_82' title="bbox 2043 2188 3631 2265; baseline 0.004 -24"><span class='ocrx_word' id='word_1_615' title='bbox 2043 2188 2405 2245; x_wconf 89' lang='lat' dir='ltr'><strong>assentiantur</strong></span> <span class='ocrx_word' id='word_1_616' title='bbox 2432 2232 2447 2257; x_wconf 91' lang='lat'><strong>,</strong></span> <span class='ocrx_word' id='word_1_617' title='bbox 2496 2190 2738 2261; x_wconf 89' lang='lat' dir='ltr'><strong>coegeris</strong></span> <span class='ocrx_word' id='word_1_618' title='bbox 2764 2233 2781 2257; x_wconf 94' lang='lat'><strong>,</strong></span> <span class='ocrx_word' id='word_1_619' title='bbox 2824 2190 3135 2246; x_wconf 87' lang='lat' dir='ltr'><strong>universum</strong></span> <span class='ocrx_word' id='word_1_620' title='bbox 3175 2192 3389 2246; x_wconf 90' lang='lat' dir='ltr'><strong>illorum</strong></span> <span class='ocrx_word' id='word_1_621' title='bbox 3435 2192 3631 2265; x_wconf 86' lang='lat' dir='ltr'><strong>dogma</strong></span> 
     </span>
    </p>
   </div>
   <div class='ocr_carea' id='block_1_83' title="bbox 2042 2280 3635 2351">
    <p class='ocr_par' dir='ltr' id='par_1_83' title="bbox 2042 2280 3635 2351">
     <span class='ocr_line' id='line_1_83' title="bbox 2042 2280 3635 2351; baseline 0.004 -17"><span class='ocrx_word' id='word_1_622' title='bbox 2042 2290 2278 2335; x_wconf 88' lang='lat' dir='ltr'><strong>corruet.</strong></span> <span class='ocrx_word' id='word_1_623' title='bbox 2328 2280 2620 2351; x_wconf 86' lang='lat' dir='ltr'><strong>Comperto</strong></span> <span class='ocrx_word' id='word_1_624' title='bbox 2660 2280 2803 2338; x_wconf 88' lang='lat' dir='ltr'><strong>enim</strong></span> <span class='ocrx_word' id='word_1_625' title='bbox 2852 2283 3013 2338; x_wconf 89' lang='lat' dir='ltr'><strong>etiam</strong></span> <span class='ocrx_word' id='word_1_626' title='bbox 3052 2282 3262 2339; x_wconf 86' lang='lat' dir='ltr'><strong>Veteris</strong></span> <span class='ocrx_word' id='word_1_627' title='bbox 3303 2285 3635 2341; x_wconf 85' lang='lat' dir='ltr'><strong>Testamenti</strong></span> 
     </span>
    </p>
   </div>
   <div class='ocr_carea' id='block_1_84' title="bbox 2043 2371 3637 2444">
    <p class='ocr_par' dir='ltr' id='par_1_84' title="bbox 2043 2371 3637 2444">
     <span class='ocr_line' id='line_1_84' title="bbox 2043 2371 3637 2444; baseline 0.005 -19"><span class='ocrx_word' id='word_1_628' title='bbox 2043 2371 2289 2426; x_wconf 87' lang='lat' dir='ltr'><strong>eumdem</strong></span> <span class='ocrx_word' id='word_1_629' title='bbox 2323 2372 2681 2444; x_wconf 89' lang='lat' dir='ltr'><strong>legislatorem</strong></span> <span class='ocrx_word' id='word_1_630' title='bbox 2711 2387 2832 2429; x_wconf 88' lang='lat' dir='ltr'><strong>esse</strong></span> <span class='ocrx_word' id='word_1_631' title='bbox 2864 2415 2880 2440; x_wconf 89' lang='lat'><strong>,</strong></span> <span class='ocrx_word' id='word_1_632' title='bbox 2921 2375 3061 2429; x_wconf 91' lang='lat' dir='ltr'><strong>sicut</strong></span> <span class='ocrx_word' id='word_1_633' title='bbox 3101 2390 3288 2430; x_wconf 89' lang='lat' dir='ltr'><strong>revera</strong></span> <span class='ocrx_word' id='word_1_634' title='bbox 3317 2385 3401 2431; x_wconf 89' lang='lat' dir='ltr'><strong>est</strong></span> <span class='ocrx_word' id='word_1_635' title='bbox 3426 2418 3441 2444; x_wconf 97' lang='lat'><strong>,</strong></span> <span class='ocrx_word' id='word_1_636' title='bbox 3474 2377 3637 2433; x_wconf 77' lang='lat' dir='ltr'><strong>liuent</strong></span> 
     </span>
    </p>
   </div>
   <div class='ocr_carea' id='block_1_85' title="bbox 2043 2462 3634 2523">
    <p class='ocr_par' dir='ltr' id='par_1_85' title="bbox 2043 2462 3634 2523">
     <span class='ocr_line' id='line_1_85' title="bbox 2043 2462 3634 2523; baseline 0.003 -5"><span class='ocrx_word' id='word_1_637' title='bbox 2043 2462 2261 2519; x_wconf 86' lang='lat' dir='ltr'><strong>habebit</strong></span> <span class='ocrx_word' id='word_1_638' title='bbox 2285 2465 2460 2520; x_wconf 91' lang='lat' dir='ltr'><strong>omnis</strong></span> <span class='ocrx_word' id='word_1_639' title='bbox 2491 2465 2704 2521; x_wconf 89' lang='lat' dir='ltr'><strong>illorum</strong></span> <span class='ocrx_word' id='word_1_640' title='bbox 2731 2466 3009 2522; x_wconf 91' lang='lat' dir='ltr'><strong>nobiscum</strong></span> <span class='ocrx_word' id='word_1_641' title='bbox 3050 2470 3436 2523; x_wconf 88' lang='lat' dir='ltr'><strong>controversia.</strong></span> <span class='ocrx_word' id='word_1_642' title='bbox 3481 2470 3634 2523; x_wconf 87' lang='lat' dir='ltr'><strong>Atta-</strong></span> 
     </span>
    </p>
   </div>
   <div class='ocr_carea' id='block_1_86' title="bbox 2045 2557 3639 2632">
    <p class='ocr_par' dir='ltr' id='par_1_86' title="bbox 2045 2557 3639 2632">
     <span class='ocr_line' id='line_1_86' title="bbox 2045 2557 3639 2632; baseline 0.003 -21"><span class='ocrx_word' id='word_1_643' title='bbox 2045 2572 2168 2611; x_wconf 87' lang='lat' dir='ltr'><strong>men</strong></span> <span class='ocrx_word' id='word_1_644' title='bbox 2213 2574 2281 2611; x_wconf 87' lang='lat' dir='ltr'><strong>tte</strong></span> <span class='ocrx_word' id='word_1_645' title='bbox 2324 2558 2407 2613; x_wconf 90' lang='lat' dir='ltr'><strong>vel</strong></span> <span class='ocrx_word' id='word_1_646' title='bbox 2428 2557 2569 2613; x_wconf 78' lang='lat' dir='ltr'><strong>.hinc</strong></span> <span class='ocrx_word' id='word_1_647' title='bbox 2609 2558 2893 2613; x_wconf 89' lang='lat' dir='ltr'><strong>turbemini</strong></span> <span class='ocrx_word' id='word_1_648' title='bbox 2919 2598 2936 2625; x_wconf 90' lang='lat'><strong>,</strong></span> <span class='ocrx_word' id='word_1_649' title='bbox 2978 2557 3318 2615; x_wconf 84' lang='lat' dir='ltr'><strong>advertamus</strong></span> <span class='ocrx_word' id='word_1_650' title='bbox 3358 2559 3639 2632; x_wconf 88' lang='lat' dir='ltr'><strong>diligenter</strong></span> 
     </span>
    </p>
   </div>
   <div class='ocr_carea' id='block_1_87' title="bbox 2047 2648 3635 2719">
    <p class='ocr_par' dir='ltr' id='par_1_87' title="bbox 2047 2648 3635 2719">
     <span class='ocr_line' id='line_1_87' title="bbox 2047 2648 3635 2719; baseline 0.004 -19"><span class='ocrx_word' id='word_1_651' title='bbox 2047 2648 2162 2703; x_wconf 71' lang='lat' dir='ltr'><strong>haec</strong></span> <span class='ocrx_word' id='word_1_652' title='bbox 2188 2648 2370 2703; x_wconf 89' lang='lat' dir='ltr'><strong>verba.</strong></span> <span class='ocrx_word' id='word_1_653' title='bbox 2404 2648 2518 2702; x_wconf 86' lang='lat' dir='ltr'><strong>Non</strong></span> <span class='ocrx_word' id='word_1_654' title='bbox 2547 2649 2688 2702; x_wconf 91' lang='lat' dir='ltr'><strong>enim</strong></span> <span class='ocrx_word' id='word_1_655' title='bbox 2717 2648 2850 2704; x_wconf 78' lang='lat' dir='ltr'><strong>dixit</strong></span> <span class='ocrx_word' id='word_1_656' title='bbox 2875 2689 2891 2715; x_wconf 94' lang='lat'><strong>,</strong></span> <span class='ocrx_word' id='word_1_657' title='bbox 2922 2648 3037 2705; x_wconf 90' lang='lat' dir='ltr'><strong>Una</strong></span> <span class='ocrx_word' id='word_1_658' title='bbox 3062 2650 3279 2719; x_wconf 88' lang='lat' dir='ltr'><strong>quidem</strong></span> <span class='ocrx_word' id='word_1_659' title='bbox 3322 2666 3508 2717; x_wconf 87' lang='lat' dir='ltr'><strong>serva,</strong></span> <span class='ocrx_word' id='word_1_660' title='bbox 3532 2668 3635 2706; x_wconf 87' lang='lat' dir='ltr'><strong>uua</strong></span> 
     </span>
    </p>
   </div>
   <div class='ocr_carea' id='block_1_88' title="bbox 2045 2738 3637 2812">
    <p class='ocr_par' dir='ltr' id='par_1_88' title="bbox 2045 2738 3637 2812">
     <span class='ocr_line' id='line_1_88' title="bbox 2045 2738 3637 2812; baseline 0.003 -20"><span class='ocrx_word' id='word_1_661' title='bbox 2045 2753 2174 2794; x_wconf 89' lang='lat' dir='ltr'><strong>vero</strong></span> <span class='ocrx_word' id='word_1_662' title='bbox 2203 2738 2408 2794; x_wconf 89' lang='lat' dir='ltr'><strong>libera:</strong></span> <span class='ocrx_word' id='word_1_663' title='bbox 2436 2738 2530 2793; x_wconf 89' lang='lat' dir='ltr'><strong>sed</strong></span> <span class='ocrx_word' id='word_1_664' title='bbox 2559 2778 2573 2802; x_wconf 89' lang='lat'><strong>,</strong></span> <span class='ocrx_word' id='word_1_665' title='bbox 2610 2738 2727 2794; x_wconf 86' lang='lat' dir='ltr'><strong>Una</strong></span> <span class='ocrx_word' id='word_1_666' title='bbox 2765 2739 2967 2809; x_wconf 84' lang='lat' dir='ltr'><strong>quidem</strong></span> <span class='ocrx_word' id='word_1_667' title='bbox 2995 2739 3050 2792; x_wconf 85' lang='lat' dir='ltr'><strong>in</strong></span> <span class='ocrx_word' id='word_1_668' title='bbox 3096 2740 3382 2794; x_wconf 82' lang='lat' dir='ltr'><strong>servitutem</strong></span> <span class='ocrx_word' id='word_1_669' title='bbox 3425 2742 3637 2812; x_wconf 80' lang='lat' dir='ltr'><strong>gignens</strong></span> 
     </span>
    </p>
   </div>
   <div class='ocr_carea' id='block_1_89' title="bbox 2046 2828 3634 2904">
    <p class='ocr_par' dir='ltr' id='par_1_89' title="bbox 2046 2828 3634 2904">
     <span class='ocr_line' id='line_1_89' title="bbox 2046 2828 3634 2904; baseline 0.003 -22"><span class='ocrx_word' id='word_1_670' title='bbox 2046 2828 2231 2903; x_wconf 85' lang='lat' dir='ltr'><strong>(lbid.)</strong></span> <span class='ocrx_word' id='word_1_671' title='bbox 2265 2848 2280 2885; x_wconf 91' lang='lat'><strong>:</strong></span> <span class='ocrx_word' id='word_1_672' title='bbox 2312 2845 2411 2885; x_wconf 88' lang='lat' dir='ltr'><strong>nec</strong></span> <span class='ocrx_word' id='word_1_673' title='bbox 2434 2831 2611 2885; x_wconf 88' lang='lat' dir='ltr'><strong>statim</strong></span> <span class='ocrx_word' id='word_1_674' title='bbox 2640 2846 2794 2885; x_wconf 80' lang='lat' dir='ltr'><strong>serva</strong></span> <span class='ocrx_word' id='word_1_675' title='bbox 2816 2838 2899 2886; x_wconf 89' lang='lat' dir='ltr'><strong>est</strong></span> <span class='ocrx_word' id='word_1_676' title='bbox 2924 2871 2939 2895; x_wconf 92' lang='lat'><strong>,</strong></span> <span class='ocrx_word' id='word_1_677' title='bbox 2976 2846 3098 2901; x_wconf 71' lang='lat' dir='ltr'><strong>quae</strong></span> <span class='ocrx_word' id='word_1_678' title='bbox 3128 2831 3179 2886; x_wconf 93' lang='lat' dir='ltr'><strong>in</strong></span> <span class='ocrx_word' id='word_1_679' title='bbox 3206 2833 3519 2888; x_wconf 65' lang='lat' dir='ltr'><strong>servitutem</strong></span> <span class='ocrx_word' id='word_1_680' title='bbox 3549 2836 3634 2904; x_wconf 89' lang='lat' dir='ltr'><strong>gi-</strong></span> 
     </span>
    </p>
   </div>
   <div class='ocr_carea' id='block_1_90' title="bbox 2045 2923 3637 2994">
    <p class='ocr_par' dir='ltr' id='par_1_90' title="bbox 2045 2923 3637 2994">
     <span class='ocr_line' id='line_1_90' title="bbox 2045 2923 3637 2994; baseline 0.001 -17"><span class='ocrx_word' id='word_1_681' title='bbox 2045 2923 2162 2994; x_wconf 90' lang='lat' dir='ltr'><strong>gnit</strong></span> <span class='ocrx_word' id='word_1_682' title='bbox 2184 2941 2197 2977; x_wconf 91' lang='lat'><strong>:</strong></span> <span class='ocrx_word' id='word_1_683' title='bbox 2222 2923 2401 2979; x_wconf 90' lang='lat' dir='ltr'><strong>ethoc</strong></span> <span class='ocrx_word' id='word_1_684' title='bbox 2428 2923 2598 2993; x_wconf 90' lang='lat' dir='ltr'><strong>ipsum</strong></span> <span class='ocrx_word' id='word_1_685' title='bbox 2624 2925 2689 2979; x_wconf 89' lang='lat' dir='ltr'><strong>ad</strong></span> <span class='ocrx_word' id='word_1_686' title='bbox 2711 2925 3023 2980; x_wconf 83' lang='lat' dir='ltr'><strong>servitutem</strong></span> <span class='ocrx_word' id='word_1_687' title='bbox 3038 2934 3218 2980; x_wconf 86' lang='lat' dir='ltr'><strong>natum</strong></span> <span class='ocrx_word' id='word_1_688' title='bbox 3246 2941 3365 2982; x_wconf 88' lang='lat' dir='ltr'><strong>esse</strong></span> <span class='ocrx_word' id='word_1_689' title='bbox 3387 2942 3491 2982; x_wconf 93' lang='lat' dir='ltr'><strong>non</strong></span> <span class='ocrx_word' id='word_1_690' title='bbox 3519 2943 3637 2981; x_wconf 87' lang='lat' dir='ltr'><strong>ma-</strong></span> 
     </span>
    </p>
   </div>
   <div class='ocr_carea' id='block_1_91' title="bbox 2047 3014 3633 3089">
    <p class='ocr_par' dir='ltr' id='par_1_91' title="bbox 2047 3014 3633 3089">
     <span class='ocr_line' id='line_1_91' title="bbox 2047 3014 3633 3089; baseline 0.003 -20"><span class='ocrx_word' id='word_1_691' title='bbox 2047 3014 2143 3070; x_wconf 90' lang='lat' dir='ltr'><strong>tris</strong></span> <span class='ocrx_word' id='word_1_692' title='bbox 2196 3024 2281 3071; x_wconf 86' lang='lat' dir='ltr'><strong>cst</strong></span> <span class='ocrx_word' id='word_1_693' title='bbox 2344 3015 2594 3084; x_wconf 89' lang='lat' dir='ltr'><strong>crimen,</strong></span> <span class='ocrx_word' id='word_1_694' title='bbox 2644 3017 2737 3071; x_wconf 91' lang='lat' dir='ltr'><strong>sed</strong></span> <span class='ocrx_word' id='word_1_695' title='bbox 2786 3017 3126 3087; x_wconf 86' lang='lat' dir='ltr'><strong>parvulorum</strong></span> <span class='ocrx_word' id='word_1_696' title='bbox 3172 3019 3264 3089; x_wconf 91' lang='lat' dir='ltr'><strong>qui</strong></span> <span class='ocrx_word' id='word_1_697' title='bbox 3319 3029 3633 3076; x_wconf 84' lang='lat' dir='ltr'><strong>nascuntur.</strong></span> 
     </span>
    </p>
   </div>
   <div class='ocr_carea' id='block_1_92' title="bbox 2046 3108 3639 3187">
    <p class='ocr_par' dir='ltr' id='par_1_92' title="bbox 2046 3108 3639 3187">
     <span class='ocr_line' id='line_1_92' title="bbox 2046 3108 3639 3187; baseline 0.004 -24"><span class='ocrx_word' id='word_1_698' title='bbox 2046 3108 2311 3175; x_wconf 86' lang='lat' dir='ltr'><strong>Quoniam</strong></span> <span class='ocrx_word' id='word_1_699' title='bbox 2337 3110 2481 3165; x_wconf 89' lang='lat' dir='ltr'><strong>enim</strong></span> <span class='ocrx_word' id='word_1_700' title='bbox 2523 3125 2620 3165; x_wconf 88' lang='lat' dir='ltr'><strong>sua</strong></span> <span class='ocrx_word' id='word_1_701' title='bbox 2655 3110 2855 3165; x_wconf 90' lang='lat' dir='ltr'><strong>malitia</strong></span> <span class='ocrx_word' id='word_1_702' title='bbox 2886 3112 3093 3182; x_wconf 88' lang='lat' dir='ltr'><strong>seipsos</strong></span> <span class='ocrx_word' id='word_1_703' title='bbox 3123 3112 3366 3169; x_wconf 88' lang='lat' dir='ltr'><strong>libertate</strong></span> <span class='ocrx_word' id='word_1_704' title='bbox 3394 3116 3639 3187; x_wconf 85' lang='lat' dir='ltr'><strong>privave-</strong></span> 
     </span>
    </p>
   </div>
   <div class='ocr_carea' id='block_1_93' title="bbox 2046 3203 3636 3274">
    <p class='ocr_par' dir='ltr' id='par_1_93' title="bbox 2046 3203 3636 3274">
     <span class='ocr_line' id='line_1_93' title="bbox 2046 3203 3636 3274; baseline 0.004 -15"><span class='ocrx_word' id='word_1_705' title='bbox 2046 3210 2173 3259; x_wconf 90' lang='lat' dir='ltr'><strong>runt</strong></span> <span class='ocrx_word' id='word_1_706' title='bbox 2203 3245 2218 3270; x_wconf 93' lang='lat'><strong>,</strong></span> <span class='ocrx_word' id='word_1_707' title='bbox 2250 3212 2306 3258; x_wconf 88' lang='lat' dir='ltr'><strong>et</strong></span> <span class='ocrx_word' id='word_1_708' title='bbox 2342 3218 2372 3258; x_wconf 89' lang='lat' dir='ltr'><strong>a</strong></span> <span class='ocrx_word' id='word_1_709' title='bbox 2406 3203 2529 3273; x_wconf 87' lang='lat' dir='ltr'><strong>jure</strong></span> <span class='ocrx_word' id='word_1_710' title='bbox 2570 3203 2912 3274; x_wconf 88' lang='lat' dir='ltr'><strong>ingenuitatis</strong></span> <span class='ocrx_word' id='word_1_711' title='bbox 2941 3204 3255 3261; x_wconf 84' lang='lat' dir='ltr'><strong>exciderunt</strong></span> <span class='ocrx_word' id='word_1_712' title='bbox 3285 3247 3301 3272; x_wconf 93' lang='lat'><strong>,</strong></span> <span class='ocrx_word' id='word_1_713' title='bbox 3344 3223 3450 3261; x_wconf 90' lang='lat' dir='ltr'><strong>non</strong></span> <span class='ocrx_word' id='word_1_714' title='bbox 3479 3223 3636 3265; x_wconf 80' lang='lat' dir='ltr'><strong>secus</strong></span> 
     </span>
    </p>
   </div>
   <div class='ocr_carea' id='block_1_94' title="bbox 2046 3295 3639 3366">
    <p class='ocr_par' dir='ltr' id='par_1_94' title="bbox 2046 3295 3639 3366">
     <span class='ocr_line' id='line_1_94' title="bbox 2046 3295 3639 3366; baseline 0.003 -17"><span class='ocrx_word' id='word_1_715' title='bbox 2046 3310 2207 3366; x_wconf 89' lang='lat' dir='ltr'><strong>quam</strong></span> <span class='ocrx_word' id='word_1_716' title='bbox 2238 3295 2477 3366; x_wconf 86' lang='lat' dir='ltr'><strong>ingratos</strong></span> <span class='ocrx_word' id='word_1_717' title='bbox 2505 3308 2692 3350; x_wconf 87' lang='lat' dir='ltr'><strong>servos</strong></span> <span class='ocrx_word' id='word_1_718' title='bbox 2722 3295 2968 3350; x_wconf 87' lang='lat' dir='ltr'><strong>tractavit</strong></span> <span class='ocrx_word' id='word_1_719' title='bbox 2990 3309 3086 3350; x_wconf 90' lang='lat' dir='ltr'><strong>eos</strong></span> <span class='ocrx_word' id='word_1_720' title='bbox 3122 3297 3262 3353; x_wconf 90' lang='lat' dir='ltr'><strong>Deus</strong></span> <span class='ocrx_word' id='word_1_721' title='bbox 3293 3338 3308 3364; x_wconf 91' lang='lat'><strong>,</strong></span> <span class='ocrx_word' id='word_1_722' title='bbox 3342 3305 3549 3353; x_wconf 89' lang='lat' dir='ltr'><strong>terrore</strong></span> <span class='ocrx_word' id='word_1_723' title='bbox 3575 3315 3639 3354; x_wconf 84' lang='lat' dir='ltr'><strong>ae</strong></span> 
     </span>
    </p>
   </div>
   <div class='ocr_carea' id='block_1_95' title="bbox 2047 3388 3638 3461">
    <p class='ocr_par' dir='ltr' id='par_1_95' title="bbox 2047 3388 3638 3461">
     <span class='ocr_line' id='line_1_95' title="bbox 2047 3388 3638 3461; baseline 0.001 -18"><span class='ocrx_word' id='word_1_724' title='bbox 2047 3388 2208 3443; x_wconf 90' lang='lat' dir='ltr'><strong>minis</strong></span> <span class='ocrx_word' id='word_1_725' title='bbox 2240 3388 2528 3459; x_wconf 89' lang='lat' dir='ltr'><strong>castigans.</strong></span> <span class='ocrx_word' id='word_1_726' title='bbox 2561 3388 2698 3456; x_wconf 93' lang='lat' dir='ltr'><strong>Quin</strong></span> <span class='ocrx_word' id='word_1_727' title='bbox 2740 3397 2797 3444; x_wconf 87' lang='lat' dir='ltr'><strong>et</strong></span> <span class='ocrx_word' id='word_1_728' title='bbox 2830 3388 2990 3444; x_wconf 89' lang='lat' dir='ltr'><strong>hodie</strong></span> <span class='ocrx_word' id='word_1_729' title='bbox 3027 3391 3177 3444; x_wconf 90' lang='lat' dir='ltr'><strong>multi</strong></span> <span class='ocrx_word' id='word_1_730' title='bbox 3222 3400 3399 3461; x_wconf 88' lang='lat' dir='ltr'><strong>patres</strong></span> <span class='ocrx_word' id='word_1_731' title='bbox 3437 3392 3638 3447; x_wconf 85' lang='lat' dir='ltr'><strong>liberos</strong></span> 
     </span>
    </p>
   </div>
   <div class='ocr_carea' id='block_1_96' title="bbox 2047 3478 3638 3553">
    <p class='ocr_par' dir='ltr' id='par_1_96' title="bbox 2047 3478 3638 3553">
     <span class='ocr_line' id='line_1_96' title="bbox 2047 3478 3638 3553; baseline 0.003 -18"><span class='ocrx_word' id='word_1_732' title='bbox 2047 3494 2176 3535; x_wconf 91' lang='lat' dir='ltr'><strong>suos</strong></span> <span class='ocrx_word' id='word_1_733' title='bbox 2199 3494 2303 3535; x_wconf 91' lang='lat' dir='ltr'><strong>non</strong></span> <span class='ocrx_word' id='word_1_734' title='bbox 2336 3488 2391 3534; x_wconf 92' lang='lat' dir='ltr'><strong>ut</strong></span> <span class='ocrx_word' id='word_1_735' title='bbox 2412 3478 2571 3547; x_wconf 85' lang='lat' dir='ltr'><strong>filios,</strong></span> <span class='ocrx_word' id='word_1_736' title='bbox 2603 3479 2698 3536; x_wconf 90' lang='lat' dir='ltr'><strong>sed</strong></span> <span class='ocrx_word' id='word_1_737' title='bbox 2722 3488 2780 3535; x_wconf 90' lang='lat' dir='ltr'><strong>ut</strong></span> <span class='ocrx_word' id='word_1_738' title='bbox 2804 3494 2992 3536; x_wconf 89' lang='lat' dir='ltr'><strong>servos</strong></span> <span class='ocrx_word' id='word_1_739' title='bbox 3028 3491 3174 3537; x_wconf 81' lang='lat' dir='ltr'><strong>metu</strong></span> <span class='ocrx_word' id='word_1_740' title='bbox 3203 3480 3491 3538; x_wconf 85' lang='lat' dir='ltr'><strong>eoercent:</strong></span> <span class='ocrx_word' id='word_1_741' title='bbox 3517 3499 3638 3553; x_wconf 75' lang='lat' dir='ltr'><strong>qua:</strong></span> 
     </span>
    </p>
   </div>
   <div class='ocr_carea' id='block_1_97' title="bbox 2047 3574 3639 3647">
    <p class='ocr_par' dir='ltr' id='par_1_97' title="bbox 2047 3574 3639 3647">
     <span class='ocr_line' id='line_1_97' title="bbox 2047 3574 3639 3647; baseline 0.003 -18"><span class='ocrx_word' id='word_1_742' title='bbox 2047 3576 2203 3645; x_wconf 86' lang='lat' dir='ltr'><strong>culpa</strong></span> <span class='ocrx_word' id='word_1_743' title='bbox 2235 3590 2338 3629; x_wconf 92' lang='lat' dir='ltr'><strong>non</strong></span> <span class='ocrx_word' id='word_1_744' title='bbox 2364 3582 2643 3644; x_wconf 90' lang='lat' dir='ltr'><strong>parentum</strong></span> <span class='ocrx_word' id='word_1_745' title='bbox 2665 3583 2769 3641; x_wconf 90' lang='lat' dir='ltr'><strong>est,</strong></span> <span class='ocrx_word' id='word_1_746' title='bbox 2808 3574 2906 3631; x_wconf 89' lang='lat' dir='ltr'><strong>sed</strong></span> <span class='ocrx_word' id='word_1_747' title='bbox 2930 3576 3180 3640; x_wconf 84' lang='lat' dir='ltr'><strong>filiorum,</strong></span> <span class='ocrx_word' id='word_1_748' title='bbox 3209 3578 3298 3647; x_wconf 93' lang='lat' dir='ltr'><strong>qui</strong></span> <span class='ocrx_word' id='word_1_749' title='bbox 3328 3592 3486 3632; x_wconf 88' lang='lat' dir='ltr'><strong>causa</strong></span> <span class='ocrx_word' id='word_1_750' title='bbox 3525 3578 3639 3635; x_wconf 86' lang='lat' dir='ltr'><strong>fue-</strong></span> 
     </span>
    </p>
   </div>
   <div class='ocr_carea' id='block_1_98' title="bbox 2049 3659 3635 3737">
    <p class='ocr_par' dir='ltr' id='par_1_98' title="bbox 2049 3659 3635 3737">
     <span class='ocr_line' id='line_1_98' title="bbox 2049 3659 3635 3737; baseline 0.002 -15"><span class='ocrx_word' id='word_1_751' title='bbox 2049 3675 2175 3722; x_wconf 90' lang='lat' dir='ltr'><strong>runt</strong></span> <span class='ocrx_word' id='word_1_752' title='bbox 2202 3666 2512 3737; x_wconf 88' lang='lat' dir='ltr'><strong>parentibus</strong></span> <span class='ocrx_word' id='word_1_753' title='bbox 2536 3675 2592 3722; x_wconf 92' lang='lat' dir='ltr'><strong>ut</strong></span> <span class='ocrx_word' id='word_1_754' title='bbox 2612 3659 2862 3724; x_wconf 78' lang='lat' dir='ltr'><strong>servilem</strong></span> <span class='ocrx_word' id='word_1_755' title='bbox 2892 3668 2945 3722; x_wconf 92' lang='lat' dir='ltr'><strong>in</strong></span> <span class='ocrx_word' id='word_1_756' title='bbox 2978 3668 3195 3724; x_wconf 90' lang='lat' dir='ltr'><strong>modum</strong></span> <span class='ocrx_word' id='word_1_757' title='bbox 3232 3669 3302 3725; x_wconf 85' lang='lat' dir='ltr'><strong>ab</strong></span> <span class='ocrx_word' id='word_1_758' title='bbox 3328 3670 3406 3725; x_wconf 90' lang='lat' dir='ltr'><strong>eis</strong></span> <span class='ocrx_word' id='word_1_759' title='bbox 3431 3670 3635 3727; x_wconf 83' lang='lat' dir='ltr'><strong>educa-</strong></span> 
     </span>
    </p>
   </div>
   <div class='ocr_carea' id='block_1_99' title="bbox 2049 3758 3641 3833">
    <p class='ocr_par' dir='ltr' id='par_1_99' title="bbox 2049 3758 3641 3833">
     <span class='ocr_line' id='line_1_99' title="bbox 2049 3758 3641 3833; baseline 0.003 -20"><span class='ocrx_word' id='word_1_760' title='bbox 2049 3768 2252 3814; x_wconf 89' lang='lat' dir='ltr'><strong>rentur.</strong></span> <span class='ocrx_word' id='word_1_761' title='bbox 2280 3758 2544 3815; x_wconf 83' lang='lat' dir='ltr'><strong>Eumdem</strong></span> <span class='ocrx_word' id='word_1_762' title='bbox 2572 3758 2639 3813; x_wconf 89' lang='lat' dir='ltr'><strong>ad</strong></span> <span class='ocrx_word' id='word_1_763' title='bbox 2664 3759 2885 3815; x_wconf 90' lang='lat' dir='ltr'><strong>modum</strong></span> <span class='ocrx_word' id='word_1_764' title='bbox 2920 3760 3084 3815; x_wconf 89' lang='lat' dir='ltr'><strong>etiam</strong></span> <span class='ocrx_word' id='word_1_765' title='bbox 3113 3761 3253 3817; x_wconf 90' lang='lat' dir='ltr'><strong>Deus</strong></span> <span class='ocrx_word' id='word_1_766' title='bbox 3282 3761 3403 3831; x_wconf 88' lang='lat' dir='ltr'><strong>ejus</strong></span> <span class='ocrx_word' id='word_1_767' title='bbox 3428 3772 3641 3833; x_wconf 85' lang='lat' dir='ltr'><strong>tempo-</strong></span> 
     </span>
    </p>
   </div>
   <div class='ocr_carea' id='block_1_100' title="bbox 2049 3851 3637 3923">
    <p class='ocr_par' dir='ltr' id='par_1_100' title="bbox 2049 3851 3637 3923">
     <span class='ocr_line' id='line_1_100' title="bbox 2049 3851 3637 3923; baseline 0.002 -17"><span class='ocrx_word' id='word_1_768' title='bbox 2049 3852 2123 3906; x_wconf 84' lang='lat' dir='ltr'><strong>ris</strong></span> <span class='ocrx_word' id='word_1_769' title='bbox 2144 3851 2400 3923; x_wconf 90' lang='lat' dir='ltr'><strong>populum</strong></span> <span class='ocrx_word' id='word_1_770' title='bbox 2426 3852 2721 3908; x_wconf 88' lang='lat' dir='ltr'><strong>terroribus</strong></span> <span class='ocrx_word' id='word_1_771' title='bbox 2745 3866 2809 3908; x_wconf 90' lang='lat' dir='ltr'><strong>ac</strong></span> <span class='ocrx_word' id='word_1_772' title='bbox 2839 3852 3013 3923; x_wconf 68' lang='lat' dir='ltr'><strong>poenis</strong></span> <span class='ocrx_word' id='word_1_773' title='bbox 3038 3853 3336 3919; x_wconf 87' lang='lat' dir='ltr'><strong>erudiebat,</strong></span> <span class='ocrx_word' id='word_1_774' title='bbox 3354 3870 3461 3910; x_wconf 92' lang='lat' dir='ltr'><strong>non</strong></span> <span class='ocrx_word' id='word_1_775' title='bbox 3478 3855 3637 3911; x_wconf 87' lang='lat' dir='ltr'><strong>aliter</strong></span> 
     </span>
    </p>
   </div>
   <div class='ocr_carea' id='block_1_101' title="bbox 2050 3943 3644 4014">
    <p class='ocr_par' dir='ltr' id='par_1_101' title="bbox 2050 3943 3644 4014">
     <span class='ocr_line' id='line_1_101' title="bbox 2050 3943 3644 4014; baseline 0.003 -18"><span class='ocrx_word' id='word_1_776' title='bbox 2050 3958 2209 4012; x_wconf 89' lang='lat' dir='ltr'><strong>quam</strong></span> <span class='ocrx_word' id='word_1_777' title='bbox 2259 3943 2457 3998; x_wconf 88' lang='lat' dir='ltr'><strong>nullius</strong></span> <span class='ocrx_word' id='word_1_778' title='bbox 2499 3943 2666 4014; x_wconf 86' lang='lat' dir='ltr'><strong>frugis</strong></span> <span class='ocrx_word' id='word_1_779' title='bbox 2705 3958 2961 4008; x_wconf 85' lang='lat' dir='ltr'><strong>servum;</strong></span> <span class='ocrx_word' id='word_1_780' title='bbox 3013 3959 3115 3999; x_wconf 93' lang='lat' dir='ltr'><strong>nec</strong></span> <span class='ocrx_word' id='word_1_781' title='bbox 3164 3952 3342 3999; x_wconf 92' lang='lat' dir='ltr'><strong>tamen</strong></span> <span class='ocrx_word' id='word_1_782' title='bbox 3386 3944 3502 3999; x_wconf 69' lang='lat' dir='ltr'><strong>hinc</strong></span> <span class='ocrx_word' id='word_1_783' title='bbox 3546 3946 3644 4001; x_wconf 84' lang='lat' dir='ltr'><strong>Dei</strong></span> 
     </span>
    </p>
   </div>
   <div class='ocr_carea' id='block_1_102' title="bbox 2050 4034 3644 4105">
    <p class='ocr_par' dir='ltr' id='par_1_102' title="bbox 2050 4034 3644 4105">
     <span class='ocr_line' id='line_1_102' title="bbox 2050 4034 3644 4105; baseline 0.001 -16"><span class='ocrx_word' id='word_1_784' title='bbox 2050 4035 2204 4105; x_wconf 89' lang='lat' dir='ltr'><strong>culpa</strong></span> <span class='ocrx_word' id='word_1_785' title='bbox 2231 4035 2347 4102; x_wconf 89' lang='lat' dir='ltr'><strong>fuit,</strong></span> <span class='ocrx_word' id='word_1_786' title='bbox 2377 4035 2640 4105; x_wconf 87' lang='lat' dir='ltr'><strong>autlegis,</strong></span> <span class='ocrx_word' id='word_1_787' title='bbox 2669 4034 2763 4091; x_wconf 90' lang='lat' dir='ltr'><strong>sed</strong></span> <span class='ocrx_word' id='word_1_788' title='bbox 2784 4034 3091 4090; x_wconf 74' lang='lat' dir='ltr'><strong>Judazorutn</strong></span> <span class='ocrx_word' id='word_1_789' title='bbox 3140 4036 3507 4105; x_wconf 90' lang='lat' dir='ltr'><strong>respuentium</strong></span> <span class='ocrx_word' id='word_1_790' title='bbox 3537 4035 3644 4092; x_wconf 88' lang='lat' dir='ltr'><strong>fre-</strong></span> 
     </span>
    </p>
   </div>
   <div class='ocr_carea' id='block_1_103' title="bbox 2051 4126 3639 4199">
    <p class='ocr_par' dir='ltr' id='par_1_103' title="bbox 2051 4126 3639 4199">
     <span class='ocr_line' id='line_1_103' title="bbox 2051 4126 3639 4199; baseline 0.001 -19"><span class='ocrx_word' id='word_1_791' title='bbox 2051 4142 2209 4191; x_wconf 88' lang='lat' dir='ltr'><strong>num,</strong></span> <span class='ocrx_word' id='word_1_792' title='bbox 2243 4135 2299 4182; x_wconf 93' lang='lat' dir='ltr'><strong>et</strong></span> <span class='ocrx_word' id='word_1_793' title='bbox 2322 4126 2524 4182; x_wconf 88' lang='lat' dir='ltr'><strong>duriori</strong></span> <span class='ocrx_word' id='word_1_794' title='bbox 2553 4127 2709 4183; x_wconf 83' lang='lat' dir='ltr'><strong>freno</strong></span> <span class='ocrx_word' id='word_1_795' title='bbox 2732 4142 2868 4197; x_wconf 90' lang='lat' dir='ltr'><strong>opus</strong></span> <span class='ocrx_word' id='word_1_796' title='bbox 2904 4127 3236 4181; x_wconf 86' lang='lat' dir='ltr'><strong>habentium.</strong></span> <span class='ocrx_word' id='word_1_797' title='bbox 3276 4128 3549 4199; x_wconf 88' lang='lat' dir='ltr'><strong>Siquidem</strong></span> <span class='ocrx_word' id='word_1_798' title='bbox 3586 4131 3639 4185; x_wconf 86' lang='lat' dir='ltr'><strong>in</strong></span> 
     </span>
    </p>
   </div>
   <div class='ocr_carea' id='block_1_104' title="bbox 2051 4216 3641 4291">
    <p class='ocr_par' dir='ltr' id='par_1_104' title="bbox 2051 4216 3641 4291">
     <span class='ocr_line' id='line_1_104' title="bbox 2051 4216 3641 4291; baseline 0.003 -18"><span class='ocrx_word' id='word_1_799' title='bbox 2051 4217 2168 4287; x_wconf 92' lang='lat' dir='ltr'><strong>ipso</strong></span> <span class='ocrx_word' id='word_1_800' title='bbox 2194 4216 2373 4273; x_wconf 86' lang='lat' dir='ltr'><strong>Veteri</strong></span> <span class='ocrx_word' id='word_1_801' title='bbox 2392 4218 2736 4273; x_wconf 89' lang='lat' dir='ltr'><strong>Testamento</strong></span> <span class='ocrx_word' id='word_1_802' title='bbox 2755 4218 2951 4273; x_wconf 89' lang='lat' dir='ltr'><strong>multos</strong></span> <span class='ocrx_word' id='word_1_803' title='bbox 2982 4220 3219 4288; x_wconf 88' lang='lat' dir='ltr'><strong>reperire</strong></span> <span class='ocrx_word' id='word_1_804' title='bbox 3246 4220 3390 4286; x_wconf 89' lang='lat' dir='ltr'><strong>licet,</strong></span> <span class='ocrx_word' id='word_1_805' title='bbox 3412 4221 3501 4291; x_wconf 89' lang='lat' dir='ltr'><strong>qui</strong></span> <span class='ocrx_word' id='word_1_806' title='bbox 3531 4236 3641 4279; x_wconf 88' lang='lat' dir='ltr'><strong>non</strong></span> 
     </span>
    </p>
   </div>
   <div class='ocr_carea' id='block_1_105' title="bbox 2050 4311 3642 4389">
    <p class='ocr_par' dir='ltr' id='par_1_105' title="bbox 2050 4311 3642 4389">
     <span class='ocr_line' id='line_1_105' title="bbox 2050 4311 3642 4389; baseline 0.001 -23"><span class='ocrx_word' id='word_1_807' title='bbox 2050 4311 2118 4366; x_wconf 88' lang='lat' dir='ltr'><strong>ad</strong></span> <span class='ocrx_word' id='word_1_808' title='bbox 2154 4312 2398 4367; x_wconf 90' lang='lat' dir='ltr'><strong>eamdem</strong></span> <span class='ocrx_word' id='word_1_809' title='bbox 2436 4312 2545 4366; x_wconf 89' lang='lat' dir='ltr'><strong>sint</strong></span> <span class='ocrx_word' id='word_1_810' title='bbox 2585 4311 2739 4366; x_wconf 89' lang='lat' dir='ltr'><strong>tracti</strong></span> <span class='ocrx_word' id='word_1_811' title='bbox 2778 4311 3112 4381; x_wconf 88' lang='lat' dir='ltr'><strong>disciplinam</strong></span> <span class='ocrx_word' id='word_1_812' title='bbox 3143 4353 3156 4377; x_wconf 92' lang='lat'><strong>,</strong></span> <span class='ocrx_word' id='word_1_813' title='bbox 3194 4322 3253 4366; x_wconf 93' lang='lat' dir='ltr'><strong>ut</strong></span> <span class='ocrx_word' id='word_1_814' title='bbox 3273 4314 3402 4368; x_wconf 86' lang='lat' dir='ltr'><strong>Abel</strong></span> <span class='ocrx_word' id='word_1_815' title='bbox 3429 4354 3445 4380; x_wconf 94' lang='lat'><strong>,</strong></span> <span class='ocrx_word' id='word_1_816' title='bbox 3479 4313 3591 4368; x_wconf 86' lang='lat' dir='ltr'><strong>Noe</strong></span> <span class='ocrx_word' id='word_1_817' title='bbox 3628 4358 3642 4389; x_wconf 69' lang='lat'><strong>,</strong></span> 
     </span>
    </p>
   </div>
   <div class='ocr_carea' id='block_1_106' title="bbox 2051 4401 3645 4471">
    <p class='ocr_par' dir='ltr' id='par_1_106' title="bbox 2051 4401 3645 4471">
     <span class='ocr_line' id='line_1_106' title="bbox 2051 4401 3645 4471; baseline 0.001 -14"><span class='ocrx_word' id='word_1_818' title='bbox 2051 4401 2320 4457; x_wconf 76' lang='lat' dir='ltr'><strong>Abraham</strong></span> <span class='ocrx_word' id='word_1_819' title='bbox 2349 4444 2366 4469; x_wconf 92' lang='lat'><strong>,</strong></span> <span class='ocrx_word' id='word_1_820' title='bbox 2389 4401 2570 4470; x_wconf 89' lang='lat' dir='ltr'><strong>Isaac,</strong></span> <span class='ocrx_word' id='word_1_821' title='bbox 2598 4401 2797 4466; x_wconf 83' lang='lat' dir='ltr'><strong>Jacob,</strong></span> <span class='ocrx_word' id='word_1_822' title='bbox 2823 4401 3022 4471; x_wconf 81' lang='lat' dir='ltr'><strong>Joseph</strong></span> <span class='ocrx_word' id='word_1_823' title='bbox 3042 4445 3057 4469; x_wconf 94' lang='lat'><strong>,</strong></span> <span class='ocrx_word' id='word_1_824' title='bbox 3078 4401 3284 4467; x_wconf 82' lang='lat' dir='ltr'><strong>Moses,</strong></span> <span class='ocrx_word' id='word_1_825' title='bbox 3312 4404 3458 4458; x_wconf 88' lang='lat' dir='ltr'><strong>Elias</strong></span> <span class='ocrx_word' id='word_1_826' title='bbox 3480 4447 3495 4470; x_wconf 90' lang='lat'><strong>,</strong></span> <span class='ocrx_word' id='word_1_827' title='bbox 3528 4404 3645 4458; x_wconf 78' lang='lat' dir='ltr'><strong>Eli~</strong></span> 
     </span>
    </p>
   </div>
   <div class='ocr_carea' id='block_1_107' title="bbox 2052 4491 3645 4561">
    <p class='ocr_par' dir='ltr' id='par_1_107' title="bbox 2052 4491 3645 4561">
     <span class='ocr_line' id='line_1_107' title="bbox 2052 4491 3645 4561; baseline -0.001 -15"><span class='ocrx_word' id='word_1_828' title='bbox 2052 4509 2192 4546; x_wconf 68' lang='lat' dir='ltr'><strong>sasus</strong></span> <span class='ocrx_word' id='word_1_829' title='bbox 2219 4533 2233 4555; x_wconf 92' lang='lat'><strong>,</strong></span> <span class='ocrx_word' id='word_1_830' title='bbox 2263 4500 2319 4547; x_wconf 89' lang='lat' dir='ltr'><strong>et</strong></span> <span class='ocrx_word' id='word_1_831' title='bbox 2344 4507 2533 4547; x_wconf 88' lang='lat' dir='ltr'><strong>omnes</strong></span> <span class='ocrx_word' id='word_1_832' title='bbox 2560 4492 2652 4561; x_wconf 88' lang='lat' dir='ltr'><strong>qui</strong></span> <span class='ocrx_word' id='word_1_833' title='bbox 2696 4491 2831 4547; x_wconf 83' lang='lat' dir='ltr'><strong>Novi</strong></span> <span class='ocrx_word' id='word_1_834' title='bbox 2876 4492 3205 4548; x_wconf 91' lang='lat' dir='ltr'><strong>Testamenti</strong></span> <span class='ocrx_word' id='word_1_835' title='bbox 3237 4494 3480 4548; x_wconf 85' lang='lat' dir='ltr'><strong>instituta</strong></span> <span class='ocrx_word' id='word_1_836' title='bbox 3518 4505 3645 4548; x_wconf 83' lang='lat' dir='ltr'><strong>sunt</strong></span> 
     </span>
    </p>
   </div>
   <div class='ocr_carea' id='block_1_108' title="bbox 2052 4584 3644 4654">
    <p class='ocr_par' dir='ltr' id='par_1_108' title="bbox 2052 4584 3644 4654">
     <span class='ocr_line' id='line_1_108' title="bbox 2052 4584 3644 4654; baseline 0.002 -18"><span class='ocrx_word' id='word_1_837' title='bbox 2052 4584 2321 4637; x_wconf 70' lang='lat' dir='ltr'><strong>tumulati:</strong></span> <span class='ocrx_word' id='word_1_838' title='bbox 2351 4600 2460 4638; x_wconf 91' lang='lat' dir='ltr'><strong>non</strong></span> <span class='ocrx_word' id='word_1_839' title='bbox 2503 4584 2646 4639; x_wconf 90' lang='lat' dir='ltr'><strong>enim</strong></span> <span class='ocrx_word' id='word_1_840' title='bbox 2685 4592 2894 4639; x_wconf 89' lang='lat' dir='ltr'><strong>terrore</strong></span> <span class='ocrx_word' id='word_1_841' title='bbox 2924 4599 2990 4638; x_wconf 92' lang='lat' dir='ltr'><strong>ac</strong></span> <span class='ocrx_word' id='word_1_842' title='bbox 3026 4584 3220 4654; x_wconf 77' lang='lat' dir='ltr'><strong>pmnis,</strong></span> <span class='ocrx_word' id='word_1_843' title='bbox 3264 4601 3363 4639; x_wconf 92' lang='lat' dir='ltr'><strong>nec</strong></span> <span class='ocrx_word' id='word_1_844' title='bbox 3391 4586 3551 4639; x_wconf 89' lang='lat' dir='ltr'><strong>minis</strong></span> <span class='ocrx_word' id='word_1_845' title='bbox 3581 4604 3644 4639; x_wconf 73' lang='lat' dir='ltr'><strong>at.</strong></span> 
     </span>
    </p>
   </div>
   <div class='ocr_carea' id='block_1_109' title="bbox 2054 4676 3635 4747">
    <p class='ocr_par' dir='ltr' id='par_1_109' title="bbox 2054 4676 3635 4747">
     <span class='ocr_line' id='line_1_109' title="bbox 2054 4676 3635 4747; baseline -0.001 -15"><span class='ocrx_word' id='word_1_846' title='bbox 2054 4678 2285 4746; x_wconf 83' lang='lat' dir='ltr'><strong>mutetis,</strong></span> <span class='ocrx_word' id='word_1_847' title='bbox 2316 4680 2412 4734; x_wconf 90' lang='lat' dir='ltr'><strong>sed</strong></span> <span class='ocrx_word' id='word_1_848' title='bbox 2442 4692 2627 4733; x_wconf 89' lang='lat' dir='ltr'><strong>amore</strong></span> <span class='ocrx_word' id='word_1_849' title='bbox 2653 4678 2744 4733; x_wconf 88' lang='lat' dir='ltr'><strong>Dei</strong></span> <span class='ocrx_word' id='word_1_850' title='bbox 2772 4719 2787 4745; x_wconf 94' lang='lat'><strong>,</strong></span> <span class='ocrx_word' id='word_1_851' title='bbox 2821 4687 2876 4733; x_wconf 92' lang='lat' dir='ltr'><strong>et</strong></span> <span class='ocrx_word' id='word_1_852' title='bbox 2904 4676 3132 4733; x_wconf 88' lang='lat' dir='ltr'><strong>ferventi</strong></span> <span class='ocrx_word' id='word_1_853' title='bbox 3159 4692 3287 4747; x_wconf 87' lang='lat' dir='ltr'><strong>erga</strong></span> <span class='ocrx_word' id='word_1_854' title='bbox 3323 4676 3470 4731; x_wconf 89' lang='lat' dir='ltr'><strong>illum</strong></span> <span class='ocrx_word' id='word_1_855' title='bbox 3512 4678 3635 4731; x_wconf 55' lang='lat' dir='ltr'><strong>alii»</strong></span> 
     </span>
    </p>
   </div>
   <div class='ocr_carea' id='block_1_110' title="bbox 2054 4766 3641 4840">
    <p class='ocr_par' dir='ltr' id='par_1_110' title="bbox 2054 4766 3641 4840">
     <span class='ocr_line' id='line_1_110' title="bbox 2054 4766 3641 4840; baseline 0 -18"><span class='ocrx_word' id='word_1_856' title='bbox 2054 4771 2232 4825; x_wconf 88' lang='lat' dir='ltr'><strong>ctione</strong></span> <span class='ocrx_word' id='word_1_857' title='bbox 2264 4770 2397 4824; x_wconf 91' lang='lat' dir='ltr'><strong>tales</strong></span> <span class='ocrx_word' id='word_1_858' title='bbox 2416 4785 2542 4840; x_wconf 86' lang='lat' dir='ltr'><strong>erga</strong></span> <span class='ocrx_word' id='word_1_859' title='bbox 2571 4770 2736 4824; x_wconf 91' lang='lat' dir='ltr'><strong>Deum</strong></span> <span class='ocrx_word' id='word_1_860' title='bbox 2776 4777 2901 4824; x_wconf 90' lang='lat' dir='ltr'><strong>sunt</strong></span> <span class='ocrx_word' id='word_1_861' title='bbox 2937 4768 3166 4833; x_wconf 85' lang='lat' dir='ltr'><strong>redditi,</strong></span> <span class='ocrx_word' id='word_1_862' title='bbox 3194 4767 3379 4839; x_wconf 90' lang='lat' dir='ltr'><strong>quales</strong></span> <span class='ocrx_word' id='word_1_863' title='bbox 3404 4766 3641 4823; x_wconf 88' lang='lat' dir='ltr'><strong>fuerunt.</strong></span> 
     </span>
    </p>
   </div>
   <div class='ocr_carea' id='block_1_111' title="bbox 2055 4859 3646 4932">
    <p class='ocr_par' dir='ltr' id='par_1_111' title="bbox 2055 4859 3646 4932">
     <span class='ocr_line' id='line_1_111' title="bbox 2055 4859 3646 4932; baseline -0.002 -16"><span class='ocrx_word' id='word_1_864' title='bbox 2055 4862 2169 4916; x_wconf 79' lang='lat' dir='ltr'><strong>Non</strong></span> <span class='ocrx_word' id='word_1_865' title='bbox 2196 4863 2338 4916; x_wconf 89' lang='lat' dir='ltr'><strong>enim</strong></span> <span class='ocrx_word' id='word_1_866' title='bbox 2365 4877 2500 4932; x_wconf 90' lang='lat' dir='ltr'><strong>opus</strong></span> <span class='ocrx_word' id='word_1_867' title='bbox 2525 4861 2791 4917; x_wconf 88' lang='lat' dir='ltr'><strong>habebant</strong></span> <span class='ocrx_word' id='word_1_868' title='bbox 2817 4859 3102 4926; x_wconf 87' lang='lat' dir='ltr'><strong>mandatis,</strong></span> <span class='ocrx_word' id='word_1_869' title='bbox 3123 4874 3297 4928; x_wconf 88' lang='lat' dir='ltr'><strong>neque</strong></span> <span class='ocrx_word' id='word_1_870' title='bbox 3316 4860 3646 4931; x_wconf 66' lang='lat' dir='ltr'><strong>praascriptis</strong></span> 
     </span>
    </p>
   </div>
   <div class='ocr_carea' id='block_1_112' title="bbox 2056 4950 3643 5025">
    <p class='ocr_par' dir='ltr' id='par_1_112' title="bbox 2056 4950 3643 5025">
     <span class='ocr_line' id='line_1_112' title="bbox 2056 4950 3643 5025; baseline -0.003 -15"><span class='ocrx_word' id='word_1_871' title='bbox 2056 4959 2112 5010; x_wconf 88' lang='lat' dir='ltr'><strong>et</strong></span> <span class='ocrx_word' id='word_1_872' title='bbox 2139 4955 2366 5025; x_wconf 86' lang='lat' dir='ltr'><strong>legibus,</strong></span> <span class='ocrx_word' id='word_1_873' title='bbox 2398 4962 2456 5008; x_wconf 89' lang='lat' dir='ltr'><strong>ut</strong></span> <span class='ocrx_word' id='word_1_874' title='bbox 2480 4954 2732 5009; x_wconf 91' lang='lat' dir='ltr'><strong>virtutem</strong></span> <span class='ocrx_word' id='word_1_875' title='bbox 2769 4961 3106 5008; x_wconf 86' lang='lat' dir='ltr'><strong>sectarentur</strong></span> <span class='ocrx_word' id='word_1_876' title='bbox 3128 4965 3193 5006; x_wconf 91' lang='lat' dir='ltr'><strong>ac</strong></span> <span class='ocrx_word' id='word_1_877' title='bbox 3213 4952 3339 5005; x_wconf 88' lang='lat' dir='ltr'><strong>vitia</strong></span> <span class='ocrx_word' id='word_1_878' title='bbox 3371 4950 3643 5022; x_wconf 85' lang='lat' dir='ltr'><strong>fugerent:</strong></span> 
     </span>
    </p>
   </div>
   <div class='ocr_carea' id='block_1_113' title="bbox 2056 5042 3643 5116">
    <p class='ocr_par' dir='ltr' id='par_1_113' title="bbox 2056 5042 3643 5116">
     <span class='ocr_line' id='line_1_113' title="bbox 2056 5042 3643 5116; baseline -0.003 -16"><span class='ocrx_word' id='word_1_879' title='bbox 2056 5047 2152 5102; x_wconf 89' lang='lat' dir='ltr'><strong>sed</strong></span> <span class='ocrx_word' id='word_1_880' title='bbox 2181 5058 2237 5102; x_wconf 92' lang='lat' dir='ltr'><strong>ut</strong></span> <span class='ocrx_word' id='word_1_881' title='bbox 2262 5046 2475 5116; x_wconf 81' lang='lat' dir='ltr'><strong>ingenui</strong></span> <span class='ocrx_word' id='word_1_882' title='bbox 2506 5056 2561 5101; x_wconf 92' lang='lat' dir='ltr'><strong>et</strong></span> <span class='ocrx_word' id='word_1_883' title='bbox 2602 5045 2807 5099; x_wconf 90' lang='lat' dir='ltr'><strong>liberali</strong></span> <span class='ocrx_word' id='word_1_884' title='bbox 2850 5044 3065 5114; x_wconf 90' lang='lat' dir='ltr'><strong>ingenio</strong></span> <span class='ocrx_word' id='word_1_885' title='bbox 3107 5042 3199 5098; x_wconf 81' lang='lat' dir='ltr'><strong>ﬁlii</strong></span> <span class='ocrx_word' id='word_1_886' title='bbox 3226 5085 3240 5109; x_wconf 94' lang='lat'><strong>,</strong></span> <span class='ocrx_word' id='word_1_887' title='bbox 3281 5055 3643 5112; x_wconf 87' lang='lat' dir='ltr'><strong>agnoscentes</strong></span> 
     </span>
    </p>
   </div>
   <div class='ocr_carea' id='block_1_114' title="bbox 2056 5134 3644 5207">
    <p class='ocr_par' dir='ltr' id='par_1_114' title="bbox 2056 5134 3644 5207">
     <span class='ocr_line' id='line_1_114' title="bbox 2056 5134 3644 5207; baseline -0.003 -13"><span class='ocrx_word' id='word_1_888' title='bbox 2056 5154 2206 5194; x_wconf 88' lang='lat' dir='ltr'><strong>suam</strong></span> <span class='ocrx_word' id='word_1_889' title='bbox 2236 5138 2624 5203; x_wconf 89' lang='lat' dir='ltr'><strong>conditionem,</strong></span> <span class='ocrx_word' id='word_1_890' title='bbox 2652 5137 2852 5207; x_wconf 90' lang='lat' dir='ltr'><strong>absque</strong></span> <span class='ocrx_word' id='word_1_891' title='bbox 2878 5144 3024 5190; x_wconf 89' lang='lat' dir='ltr'><strong>metu</strong></span> <span class='ocrx_word' id='word_1_892' title='bbox 3050 5134 3160 5189; x_wconf 90' lang='lat' dir='ltr'><strong>ullo</strong></span> <span class='ocrx_word' id='word_1_893' title='bbox 3177 5143 3270 5189; x_wconf 91' lang='lat' dir='ltr'><strong>aut</strong></span> <span class='ocrx_word' id='word_1_894' title='bbox 3291 5136 3644 5205; x_wconf 87' lang='lat' dir='ltr'><strong>castigatione</strong></span> 
     </span>
    </p>
   </div>
   <div class='ocr_carea' id='block_1_115' title="bbox 2060 5228 3646 5298">
    <p class='ocr_par' dir='ltr' id='par_1_115' title="bbox 2060 5228 3646 5298">
     <span class='ocr_line' id='line_1_115' title="bbox 2060 5228 3646 5298; baseline -0.004 -12"><span class='ocrx_word' id='word_1_895' title='bbox 2060 5235 2109 5287; x_wconf 92' lang='lat' dir='ltr'><strong>in</strong></span> <span class='ocrx_word' id='word_1_896' title='bbox 2134 5234 2347 5288; x_wconf 87' lang='lat' dir='ltr'><strong>virtutis</strong></span> <span class='ocrx_word' id='word_1_897' title='bbox 2372 5242 2545 5287; x_wconf 85' lang='lat' dir='ltr'><strong>eaStra</strong></span> <span class='ocrx_word' id='word_1_898' title='bbox 2577 5247 2636 5287; x_wconf 90' lang='lat' dir='ltr'><strong>se</strong></span> <span class='ocrx_word' id='word_1_899' title='bbox 2665 5229 3045 5285; x_wconf 89' lang='lat' dir='ltr'><strong>contulerunt:</strong></span> <span class='ocrx_word' id='word_1_900' title='bbox 3071 5228 3338 5298; x_wconf 89' lang='lat' dir='ltr'><strong>reliquum</strong></span> <span class='ocrx_word' id='word_1_901' title='bbox 3367 5244 3498 5283; x_wconf 85' lang='lat' dir='ltr'><strong>vero</strong></span> <span class='ocrx_word' id='word_1_902' title='bbox 3524 5232 3646 5281; x_wconf 80' lang='lat' dir='ltr'><strong>vnl-</strong></span> 
     </span>
    </p>
   </div>
   <div class='ocr_carea' id='block_1_116' title="bbox 2057 5318 3646 5395">
    <p class='ocr_par' dir='ltr' id='par_1_116' title="bbox 2057 5318 3646 5395">
     <span class='ocr_line' id='line_1_116' title="bbox 2057 5318 3646 5395; baseline -0.006 -15"><span class='ocrx_word' id='word_1_903' title='bbox 2057 5338 2156 5395; x_wconf 87' lang='lat' dir='ltr'><strong>gus</strong></span> <span class='ocrx_word' id='word_1_904' title='bbox 2195 5324 2502 5380; x_wconf 71' lang='lat' dir='ltr'><strong>Judazorum</strong></span> <span class='ocrx_word' id='word_1_905' title='bbox 2535 5364 2552 5390; x_wconf 92' lang='lat'><strong>,</strong></span> <span class='ocrx_word' id='word_1_906' title='bbox 2588 5322 2839 5393; x_wconf 89' lang='lat' dir='ltr'><strong>quoniam</strong></span> <span class='ocrx_word' id='word_1_907' title='bbox 2887 5321 2954 5375; x_wconf 90' lang='lat' dir='ltr'><strong>ad</strong></span> <span class='ocrx_word' id='word_1_908' title='bbox 3002 5320 3261 5374; x_wconf 89' lang='lat' dir='ltr'><strong>malitiam</strong></span> <span class='ocrx_word' id='word_1_909' title='bbox 3305 5318 3646 5386; x_wconf 82' lang='lat' dir='ltr'><strong>defecerant,</strong></span> 
     </span>
    </p>
   </div>
   <div class='ocr_carea' id='block_1_117' title="bbox 2061 5411 3643 5489">
    <p class='ocr_par' dir='ltr' id='par_1_117' title="bbox 2061 5411 3643 5489">
     <span class='ocr_line' id='line_1_117' title="bbox 2061 5411 3643 5489; baseline -0.004 -17"><span class='ocrx_word' id='word_1_910' title='bbox 2061 5418 2194 5489; x_wconf 88' lang='lat' dir='ltr'><strong>legis</strong></span> <span class='ocrx_word' id='word_1_911' title='bbox 2234 5417 2387 5472; x_wconf 88' lang='lat' dir='ltr'><strong>freno</strong></span> <span class='ocrx_word' id='word_1_912' title='bbox 2434 5416 2742 5472; x_wconf 89' lang='lat' dir='ltr'><strong>necessario</strong></span> <span class='ocrx_word' id='word_1_913' title='bbox 2786 5413 3072 5469; x_wconf 90' lang='lat' dir='ltr'><strong>coercendi</strong></span> <span class='ocrx_word' id='word_1_914' title='bbox 3123 5413 3355 5469; x_wconf 88' lang='lat' dir='ltr'><strong>fuerunt.</strong></span> <span class='ocrx_word' id='word_1_915' title='bbox 3408 5411 3643 5481; x_wconf 86' lang='lat' dir='ltr'><strong>Ideoque</strong></span> 
     </span>
    </p>
   </div>
   <div class='ocr_carea' id='block_1_118' title="bbox 2058 5505 3647 5581">
    <p class='ocr_par' dir='ltr' id='par_1_118' title="bbox 2058 5505 3647 5581">
     <span class='ocr_line' id='line_1_118' title="bbox 2058 5505 3647 5581; baseline -0.007 -16"><span class='ocrx_word' id='word_1_916' title='bbox 2058 5522 2338 5581; x_wconf 87' lang='lat' dir='ltr'><strong>postquam</strong></span> <span class='ocrx_word' id='word_1_917' title='bbox 2375 5510 2598 5565; x_wconf 85' lang='lat' dir='ltr'><strong>vitulum</strong></span> <span class='ocrx_word' id='word_1_918' title='bbox 2645 5512 2914 5563; x_wconf 82' lang='lat' dir='ltr'><strong>finxerunt</strong></span> <span class='ocrx_word' id='word_1_919' title='bbox 2943 5550 2957 5574; x_wconf 96' lang='lat'><strong>,</strong></span> <span class='ocrx_word' id='word_1_920' title='bbox 2988 5515 3043 5563; x_wconf 87' lang='lat' dir='ltr'><strong>et</strong></span> <span class='ocrx_word' id='word_1_921' title='bbox 3089 5506 3336 5577; x_wconf 87' lang='lat' dir='ltr'><strong>sculptile</strong></span> <span class='ocrx_word' id='word_1_922' title='bbox 3384 5505 3647 5559; x_wconf 60' lang='grc' dir='ltr'><strong>πόθι-θνρ-</strong></span> 
     </span>
    </p>
   </div>
   <div class='ocr_carea' id='block_1_119' title="bbox 2060 5593 3647 5670">
    <p class='ocr_par' dir='ltr' id='par_1_119' title="bbox 2060 5593 3647 5670">
     <span class='ocr_line' id='line_1_119' title="bbox 2060 5593 3647 5670; baseline -0.006 -14"><span class='ocrx_word' id='word_1_923' title='bbox 2060 5612 2212 5670; x_wconf 92' lang='lat' dir='ltr'><strong>runt,</strong></span> <span class='ocrx_word' id='word_1_924' title='bbox 2239 5612 2350 5656; x_wconf 93' lang='lat' dir='ltr'><strong>tum</strong></span> <span class='ocrx_word' id='word_1_925' title='bbox 2376 5601 2593 5656; x_wconf 87' lang='lat' dir='ltr'><strong>demum</strong></span> <span class='ocrx_word' id='word_1_926' title='bbox 2622 5598 2926 5664; x_wconf 90' lang='lat' dir='ltr'><strong>audierunt,</strong></span> <span class='ocrx_word' id='word_1_927' title='bbox 2958 5597 3207 5653; x_wconf 83' lang='lat' dir='ltr'><strong>Dominus</strong></span> <span class='ocrx_word' id='word_1_928' title='bbox 3233 5596 3367 5649; x_wconf 79' lang='lat' dir='ltr'><strong>Deus</strong></span> <span class='ocrx_word' id='word_1_929' title='bbox 3397 5606 3512 5648; x_wconf 83' lang='lat' dir='ltr'><strong>tuus</strong></span> <span class='ocrx_word' id='word_1_930' title='bbox 3540 5593 3647 5647; x_wconf 77' lang='lat' dir='ltr'><strong>Do-</strong></span> 
     </span>
    </p>
   </div>
   <div class='ocr_carea' id='block_1_120' title="bbox 2060 5685 3640 5761">
    <p class='ocr_par' dir='ltr' id='par_1_120' title="bbox 2060 5685 3640 5761">
     <span class='ocr_line' id='line_1_120' title="bbox 2060 5685 3640 5761; baseline -0.006 -13"><span class='ocrx_word' id='word_1_931' title='bbox 2060 5695 2227 5748; x_wconf 82' lang='lat' dir='ltr'><strong>minus</strong></span> <span class='ocrx_word' id='word_1_932' title='bbox 2255 5710 2384 5747; x_wconf 83' lang='lat' dir='ltr'><strong>unus</strong></span> <span class='ocrx_word' id='word_1_933' title='bbox 2414 5694 2523 5761; x_wconf 70' lang='grc' dir='ltr'><strong>ρει(</strong></span> <span class='ocrx_word' id='word_1_934' title='bbox 2553 5690 2701 5744; x_wconf 84' lang='lat' dir='ltr'><strong>Deut.</strong></span> <span class='ocrx_word' id='word_1_935' title='bbox 2725 5690 2779 5745; x_wconf 84' lang='lat'><strong>6.</strong></span> <span class='ocrx_word' id='word_1_936' title='bbox 2808 5691 2842 5744; x_wconf 69' lang='grc'>4</span> <span class='ocrx_word' id='word_1_937' title='bbox 2869 5694 2923 5759; x_wconf 84' lang='grc'><strong>);</strong></span> <span class='ocrx_word' id='word_1_938' title='bbox 2957 5698 3300 5760; x_wconf 80' lang='lat' dir='ltr'><strong>posteaquam</strong></span> <span class='ocrx_word' id='word_1_939' title='bbox 3329 5685 3507 5741; x_wconf 68' lang='lat' dir='ltr'><strong>caedes</strong></span> <span class='ocrx_word' id='word_1_940' title='bbox 3548 5701 3640 5753; x_wconf 86' lang='lat' dir='ltr'><strong>pa-</strong></span> 
     </span>
    </p>
   </div>
   <div class='ocr_carea' id='block_1_121' title="bbox 2068 5782 3646 5855">
    <p class='ocr_par' dir='ltr' id='par_1_121' title="bbox 2068 5782 3646 5855">
     <span class='ocr_line' id='line_1_121' title="bbox 2068 5782 3646 5855; baseline -0.004 -14"><span class='ocrx_word' id='word_1_941' title='bbox 2068 5796 2334 5842; x_wconf 75' lang='lat' dir='ltr'><strong>lravct&#39;uut</strong></span> <span class='ocrx_word' id='word_1_942' title='bbox 2404 5797 2452 5839; x_wconf 77' lang='lat' dir='ltr'><strong>t‘l</strong></span> <span class='ocrx_word' id='word_1_943' title='bbox 2513 5798 2706 5841; x_wconf 78' lang='lat' dir='ltr'><strong>uxores</strong></span> <span class='ocrx_word' id='word_1_944' title='bbox 2760 5782 2992 5855; x_wconf 74' lang='lat' dir='ltr'><strong>proximi</strong></span> <span class='ocrx_word' id='word_1_945' title='bbox 3064 5788 3481 5854; x_wconf 78' lang='lat' dir='ltr'><strong>stupravcrunt,</strong></span> <span class='ocrx_word' id='word_1_946' title='bbox 3522 5788 3646 5834; x_wconf 86' lang='lat' dir='ltr'><strong>tunc</strong></span> 
     </span>
    </p>
   </div>
  </div>
