3990 6358
303 335 308 340 ’
327 331 430 384 28⁷

330 439 648 495 audiverunt
675 477 688 498 ,
720 431 840 486 Non
871 427 1065 484 occides
1097 467 1112 495 ,
1145 443 1244 481 non
1271 421 1630 480 maeliaberis:
1659 428 1714 473 et
1747 416 1906 471 simili

331 529 494 588 modo
515 529 716 596 reliqua
743 517 940 578 omnia.

404 623 460 676 7.
491 619 672 689 Itaque
711 630 816 671 non
847 622 930 668 est
969 609 1289 680 vituperium
1334 603 1469 676 legis
1492 600 1636 676 quod
1662 600 1844 671 puniat
1860 606 1915 652 et

332 715 558 770 mulctet
579 751 593 777 ,
623 720 678 766 et
702 722 893 764 servos
913 705 1057 760 velut
1086 701 1359 773 improbos
1387 696 1638 754 emendet
1661 709 1724 750 ac
1747 692 1912 748 casti-

323 805 444 878 get,
474 804 568 859 sed
599 801 923 874 prteconium
951 799 1176 868 insigne,
1209 810 1307 850 nec
1333 789 1568 862 vulgaris
1597 790 1712 844 laus
1731 828 1747 854 ,
1772 783 1914 856 quod

331 913 432 954 eos
459 899 548 970 qui
569 896 633 952 ad
661 901 954 951 extremam
980 890 1238 946 malitiam
1273 885 1504 957 prolapsi
1525 882 1738 938 fuerant
1765 919 1781 945 ,
1816 882 1916 948 po-

320 991 503 1048 uuerit
529 988 819 1044 severitate
863 999 958 1038 sua
996 983 1224 1037 liberare
1252 994 1282 1032 a
1309 978 1451 1032 vitiis
1471 1018 1487 1043 ,
1519 973 1839 1042 mollireque
1865 975 1920 1022 et

322 1087 698 1152 'obsequentes
742 1076 926 1150 gratiae
985 1075 1193 1137 facere,
1233 1081 1392 1140 atque
1441 1067 1507 1122 ad
1546 1077 1737 1121 novam
1784 1061 1920 1116 hanc

345 1175 737 1248 philosophiam
748 1171 998 1228 ceuviam
1023 1165 1305 1238 quamdam
1327 1172 1583 1218 sternere.
1613 1157 1757 1213 Idem
1777 1155 1920 1212 enim

325 1246 574 1342 ‘Spiritus
621 1277 732 1322 tum
775 1265 831 1318 in
868 1261 1048 1316 Veteri
1096 1258 1473 1315 Testamento,
1513 1261 1625 1306 tum
1675 1249 1729 1303 in
1775 1246 1924 1303 Novo

349 1359 696 1434 dispensabat
744 1354 924 1412 omnia
951 1395 966 1419 ,
1014 1352 1140 1406 licet
1175 1349 1387 1404 diverso
1424 1344 1604 1400 modo.
1634 1342 1924 1410 Propterea

349 1430 766 1510 Paulusdicebat
786 1465 800 1504 :
820 1447 1067 1501 Habentes
1083 1451 1248 1495 autem
1267 1438 1494 1494 eumdem
1511 1433 1761 1504 Spiritum
1783 1430 1923 1500 ﬁdei,

343 1545 479 1600 sicut
506 1544 746 1614 scriptum
777 1549 846 1592 est
863 1580 878 1599 .
897 1533 1123 1600 Credidi,
1157 1539 1360 1603 propter
1382 1526 1516 1598 quod
1539 1523 1774 1595 loquutus

429 1611 627 1691 Marum
655 1631 876 1703 probitas
899 1643 1013 1682 cum
1036 1621 1157 1694 ﬁdei
1174 1621 1458 1676 sinceritate
1462 1611 1933 1703 jungendaZ—Ncc

347 1727 526 1781 solum
555 1699 774 1797 propter
800 1720 900 1775 hoc
924 1717 1080 1779 dixit,
1114 1711 1365 1767 Eumdem
1384 1708 1639 1779 spiritum,
1658 1699 1752 1760 sed
1779 1709 1833 1754 et
1859 1700 1932 1754 ob

353 1823 512 1876 aliam
549 1793 667 1872 non?
686 1815 939 1870 leviorem
970 1821 1184 1864 causam
1215 1845 1228 1867 ,
1250 1817 1410 1874 quam
1442 1799 1686 1853 volebam
1715 1793 1932 1865 quidem

358 1925 501 1969 nunc
544 1907 772 1970 afferre;
803 1902 898 1958 sed
945 1899 1148 1955 veritus
1194 1909 1260 1948 ne
1298 1890 1540 1963 pluribus
1581 1883 1782 1956 gravati
1823 1882 1932 1952 jam

356 2007 617 2060 dictorum
643 1990 1048 2052 obliviscamini,
1078 1989 1128 2043 in
1145 1987 1302 2040 aliam
1326 1984 1468 2038 diem
1493 1979 1642 2033 vobis
1671 1992 1799 2034 cum
1821 1989 1935 2028 ser-

359 2109 568 2151 monem
590 2088 816 2146 servabo
839 2126 854 2152 ,
884 2083 1092 2140 interim
1117 2080 1355 2133 hortatus
1374 2115 1390 2141 ,
1423 2081 1480 2128 ut
1505 2078 1823 2142 praesentem
1852 2075 1936 2120 to-

358 2199 472 2242 tum
498 2186 548 2240 in
578 2179 890 2238 memoriam
923 2171 1221 2231 recondatis
1253 2210 1270 2236 ,
1301 2179 1460 2236 atque
1498 2164 1780 2233 diligenter
1807 2159 1934 2214 reti-

362 2275 535 2333 neatis
574 2316 588 2337 ,
620 2282 786 2342 utque
831 2269 1054 2322 virtutes
1104 2260 1430 2317 Christianas
1466 2270 1588 2310 cum
1637 2251 1939 2322 dogmatum

369 2370 595 2440 puritate
631 2338 1000 2432 coniungatis:
1037 2355 1104 2409 Ut
1145 2354 1216 2407 sic
1247 2352 1334 2418 ﬁat
1359 2349 1549 2417 integer
1577 2344 1725 2397 homo
1755 2339 1849 2395 Dei
1877 2338 1944 2392 ad

368 2429 515 2516 bmne
537 2472 663 2528 opus
686 2429 868 2507 bonum
889 2454 1204 2519 praeparatus
1228 2442 1302 2514 ('2.
1326 2439 1455 2494 Tim.
1484 2433 1645 2528 5.17)
1671 2429 1947 2528 :quaudo-

369 2520 582 2622 quidem
622 2543 756 2599 nihil
803 2540 956 2595 nobis
1000 2534 1258 2608 profuerit
1301 2538 1448 2586 recte
1490 2526 1688 2588 sentire
1717 2564 1732 2588 ,
1760 2523 1804 2577 si
1839 2520 1947 2575 vita

370 2613 580 2695 interim
619 2636 778 2692 fuerit
806 2631 960 2688 malis
986 2628 1224 2683 moribus
1254 2623 1433 2677 vitiata
1459 2639 1472 2675 :
1503 2613 1948 2690 quemadmodum

373 2744 556 2791 contra
580 2729 706 2784 nihil
733 2725 951 2797 prodest
976 2723 1082 2775 vita
1111 2720 1414 2785 incorrupta
1435 2755 1451 2781 ,
1491 2711 1590 2766 nisi
1627 2707 1850 2766 accedat
1883 2704 1950 2759 fi-

376 2822 462 2876 det
488 2834 696 2892 quoque
719 2816 1014 2872 sinceritas.
1063 2810 1132 2866 Ut
1158 2808 1313 2879 igitur
1354 2807 1614 2874 integram
1667 2798 1952 2854 utilitatem

373 2889 764 2982 consequamur
789 2947 804 2973 ,
833 2905 1080 2972 utrinque
1108 2899 1260 2955 nobis
1289 2894 1663 2967 provideamus
1695 2932 1710 2958 ,
1751 2889 1954 2944 fructus

373 3004 534 3060 etiam
554 2978 848 3072 generosos
889 2997 941 3050 in
985 2993 1102 3048 aliis
1145 2987 1516 3060 proferentes:
1543 2994 1744 3039 etcum
1771 2978 1957 3050 primis

376 3071 794 3164 eleemosynam,
813 3088 880 3144 de
909 3101 1011 3157 qua
1038 3085 1198 3139 etiam
1226 3095 1396 3151 nuper
1423 3077 1490 3132 ad
1517 3091 1615 3132 vos
1637 3072 1802 3130 verba
1830 3071 1955 3137 feci,

377 3203 565 3258 magna
591 3199 710 3254 cum
736 3181 974 3252 largitate
989 3189 1146 3247 atque
1167 3175 1438 3229 alacritate
1459 3171 1602 3225 illam
1619 3172 1955 3224 exercentes.

382 3279 481 3345 Qui
509 3278 651 3334 enim
689 3288 839 3346 parce
871 3271 1104 3333 seminat,
1129 3268 1202 3321 ait
1225 3264 1520 3335 Scriptura,
1551 3275 1701 3330 parte
1723 3267 1770 3312 et
1793 3263 1959 3310 metet:

378 3381 422 3427 et
446 3369 532 3442 qui
551 3367 760 3422 seminat
795 3363 849 3416 in
881 3357 1304 3415 benedictionibus
1331 3395 1347 3420 ,
1373 3353 1434 3406 de
1453 3347 1878 3406 benedictionibus
1904 3353 1954 3398 et

379 3437 522 3516 molet
545 3459 623 3530 (2.
648 3456 766 3512 Cor.
798 3453 943 3522 9.6).
963 3451 1098 3518 Quid
1125 3456 1224 3514 est,
1243 3446 1308 3501 In
1331 3439 1804 3499 benedictionibus?
1829 3437 1964 3492 Cum

385 3529 574 3624 magna
607 3550 870 3619 largitate.
915 3545 1012 3599 Hic
1055 3540 1271 3613 quidem
1317 3538 1370 3592 in
1420 3535 1580 3593 rebus
1623 3529 1968 3587 saecularibus

382 3621 499 3703 tam
520 3641 710 3698 messis
732 3652 889 3710 quam
920 3634 1174 3692 sementis
1199 3627 1510 3686 earumdem
1539 3632 1622 3680 est
1660 3621 1922 3679 seminum
1951 3635 1966 3672 :

383 3752 508 3794 nam
539 3733 628 3806 qui
659 3731 789 3787 serit
818 3768 836 3796 ,
870 3727 1099 3782 triticum
1141 3731 1233 3777 aut
1273 3719 1533 3776 hordeum
1581 3717 1852 3779 seminat,
1880 3719 1971 3766 aut

383 3825 584 3898 aiiquid
622 3823 794 3880 simile
819 3860 836 3888 ,
873 3830 928 3876 et
957 3817 1045 3888 qui
1085 3815 1267 3881 metit,
1313 3812 1542 3882 idipsum
1571 3809 1762 3874 metit;
1807 3816 1862 3862 at
1909 3805 1963 3874 in

385 3924 732 3988 eleemosyua
765 3929 870 3969 non
915 3910 1056 3966 idem
1085 3923 1186 3963 usu
1209 3906 1378 3961 venit.
1406 3901 1515 3960 Sed
1547 3900 1752 3971 spargis
1780 3912 1974 3968 argen-

387 4021 534 4076 tum,
565 4017 619 4064 et
639 4006 845 4076 colligis
876 4002 1121 4058 ﬁduciam
1147 4013 1274 4068 erga
1304 3996 1508 4051 Deum:
1533 3992 1630 4048 das
1657 3988 1936 4061 pecuniam
1956 4027 1974 4054 ,

388 4113 445 4160 ct
471 4101 669 4172 accipis
717 4095 1088 4153 remissionem
1136 4083 1748 4162 peccatorumzpraebes
1783 4096 1976 4152 panem

392 4193 458 4251 ac
482 4203 709 4255 vestem,
736 4199 791 4244 et
812 4201 910 4258 pro
937 4182 1021 4239 his
1050 4196 1271 4252 regnum
1297 4179 1552 4235 crelorum
1585 4175 1680 4230 tibi
1712 4183 1927 4244 paratur
1959 4212 1976 4238 ,

390 4288 638 4356 bonaque
659 4281 746 4336 illa
776 4276 1000 4338 inﬁnita,
1032 4288 1150 4344 quae
1177 4286 1276 4326 nec
1303 4269 1488 4325 oculus
1513 4266 1680 4332 vidit,
1705 4279 1805 4319 nec
1833 4264 1978 4318 auris

392 4375 616 4440 audivit,
640 4386 738 4426 nec
759 4370 812 4424 in
829 4383 922 4422 cor
948 4364 1178 4419 hominis
1194 4363 1551 4418 ascenderunt
1572 4359 1647 4428 (l.
1672 4357 1792 4411 Cor.
1814 4357 1870 4410 Ξ.
1895 4356 1978 4425 9):

395 4478 450 4523 et
474 4463 617 4537 quod
645 4471 726 4518 est
750 4460 986 4514 omnium
1013 4457 1275 4511 bonorum
1303 4466 1508 4520 summa
1533 4493 1548 4518 ,
1581 4449 1773 4505 similis
1797 4447 1982 4503 efﬁce-

394 4559 471 4623 ris
499 4557 630 4622 Deo,
656 4561 918 4623 quatenus
947 4547 1000 4603 id
1029 4545 1231 4600 homini
1258 4553 1341 4598 est
1366 4542 1642 4613 possibile.
1681 4539 1814 4594 Nam
1854 4553 1976 4592 cum

395 4649 465 4704 de
509 4648 850 4714 eleemosyna
889 4650 943 4694 et
986 4635 1314 4712 benignitate
1360 4634 1700 4688 disseruisset
1746 4630 1987 4685 Christus

397 4737 710 4809 subiunxit;
740 4733 807 4789 Ut
837 4729 1121 4804 eﬁiciumini
1147 4726 1336 4782 similes
1363 4725 1514 4780 Patri
1551 4734 1712 4779 uestro
1751 4723 1936 4777 caelesti
1968 4763 1984 4787 ,

398 4831 484 4900 qui
527 4827 686 4883 solem
723 4841 870 4880 suum
907 4822 1031 4876 oriri
1078 4820 1213 4883 iubet
1243 4833 1393 4888 super
1437 4816 1596 4870 malos
1623 4832 1681 4868 ac
1708 4815 1862 4868 bonos
1889 4855 1905 4879 ,
1940 4822 1988 4868 et

408 4919 541 4992 pluit
570 4934 722 4988 super
746 4917 918 4988 justas
946 4929 1007 4966 ac
1030 4912 1246 4982 injustas
1280 4907 1492 4981 (Matth.
1525 4907 1578 4962 5.
1609 4907 1679 4962 45
1701 4904 1740 4978 ).
1772 4906 1848 4960 Tu
1883 4921 1988 4959 non

401 5022 557 5084 potes
585 5009 714 5065 oriri
747 5008 953 5077 jubere,
976 5004 1144 5060 solem
1179 5043 1194 5069 ,
1229 5015 1402 5071 neque
1432 4998 1631 5054 imbres
1657 4998 1943 5052 immittere
1973 5036 1987 5060 ,

406 5116 580 5171 neque
623 5099 890 5154 beneﬁcus
928 5110 1049 5150 esse
1088 5093 1141 5148 in
1175 5092 1360 5147 orbem
1389 5101 1650 5167 terrarum
1694 5097 1800 5143 tam
1839 5088 1994 5157 longe

408 5196 618 5262 lateque
652 5198 920 5259 patentem
946 5203 960 5244 :
992 5195 1143 5242 utere
1189 5182 1526 5239 facultatibus
1567 5182 1670 5234 tuis
1694 5180 1762 5234 ad
1793 5180 1992 5234 beneﬁ-

409 5289 638 5341 centiam
663 5324 679 5348 ,
722 5290 776 5336 et
805 5281 976 5335 factus
995 5295 1056 5333 es
1079 5278 1268 5333 similis
1297 5275 1348 5330 ei
1370 5275 1458 5346 qui
1489 5275 1657 5349 solem
1683 5289 1839 5327 suum
1863 5272 1994 5327 oriri

406 5379 559 5452 jubet
588 5417 604 5442 ,
631 5375 682 5429 in
705 5371 1257 5445 quantumhominem
1284 5369 1393 5424 Deo
1427 5367 1656 5422 similem
1695 5367 1809 5422 ﬁeri
1848 5365 1994 5420 licet.

490 5471 544 5527 8.
568 5468 904 5537 Eleemosyna
929 5465 1080 5518 etiam
1107 5463 1329 5534 indignis
1359 5461 1530 5515 datur.
1583 5460 1775 5532 Segnes
1801 5469 2000 5516 reuocat

413 5563 480 5615 ab
504 5560 604 5614 otio
643 5557 871 5623 Paulus,
894 5553 990 5628 sed.
1017 5545 1228 5632 multum
1261 5552 1398 5608 abest
1437 5553 1555 5623 quin
1584 5569 1615 5606 α
1645 5553 2000 5624 benefaciendo

419 5643 1148 5705 auertat.-Animadvertite
1176 5644 1460 5714 diligenter
1496 5658 1614 5713 qua:
1642 5643 1800 5698 dico:
1833 5643 2003 5714 Super

421 5741 654 5798 bonosac
675 5743 834 5796 malos
857 5782 874 5807 ,
906 5737 1095 5809 inquit.
1126 5737 1264 5806 Ergo
1294 5746 1346 5792 tu
1372 5751 1582 5809 quoque
1617 5736 1826 5807 quoties
1855 5737 2000 5794 elea-

1033 316 1094 370 S.
1132 310 1411 370 .lOANNlS
1448 302 1927 365 CIIRYSOSTOMI
1966 301 2282 357 AllClllEP.
2322 295 2860 355 CONSTANTINOP.

3489 297 3595 354 288

2015 428 2292 485 mosynam
2321 412 2451 466 facis
2475 451 2489 473 ,
2521 427 2587 466 ne
2626 411 2790 464 vitam
2833 408 3107 463 examines
3135 449 3151 474 ,
3181 421 3356 478 neque
3385 422 3598 465 morum

2015 505 2275 561 rationem
2305 517 2575 574 reposcas.
2603 503 2952 574 Eleemosyna
2979 502 3123 556 enim
3147 541 3164 567 ,
3195 500 3296 556 hoc
3319 508 3406 556 est
3429 501 3596 556 mise-

2018 600 2155 654 ratio
2183 640 2200 665 ,
2232 597 2354 654 ideo
2391 597 2589 653 dicitur
2612 638 2628 664 ,
2676 605 2735 651 ut
2769 597 2930 652 etiam
2975 594 3206 664 indignis
3235 594 3602 664 prmbeamus:

2017 695 2110 766 qui
2137 695 2280 750 enim
2303 694 2608 760 miseratur,
2641 705 2747 746 non
2774 698 2917 746 recte
2938 691 3204 745 viventem
3222 729 3238 756 ,
3268 688 3365 744 sed
3391 704 3607 760 peccan-

2019 797 2126 842 tem
2169 788 2486 842 miseratur:
2515 800 2636 840 nam
2662 784 2750 854 qui
2776 792 2920 838 recte
2944 783 3090 844 vivit,
3120 781 3278 836 laude
3308 791 3393 836 est
3415 781 3608 851 dignus

2021 878 2450 947 etcoronazqui
2488 882 2614 930 vero
2656 880 2842 944 peccat
2874 913 2890 936 ,
2920 873 3074 928 'venia
3116 880 3172 927 et
3213 872 3604 927 misericordia.

2023 971 2358 1042 Quapropter
2402 968 2502 1022 hac
2534 981 2746 1037 quoque
2784 973 2936 1037 parte
2975 963 3142 1019 Deum
3174 963 3533 1027 imitabimur,
3567 963 3612 1015 si

2025 1063 2188 1118 etiam
2217 1060 2370 1114 malis
2399 1058 2787 1128 benignitatem
2811 1065 3046 1110 nostram
3079 1069 3186 1108 non
3227 1054 3604 1108 subducamus.

2025 1151 2313 1208 Considera
2343 1148 2483 1206 enim
2511 1164 2667 1219 quam
2689 1147 2844 1202 multi
2871 1145 3056 1201 orbem
3081 1151 3346 1201 terrarum
3374 1145 3618 1199 habitent

2027 1242 2361 1314 blasphemi,
2407 1240 2688 1306 scelerati,
2717 1238 3134 1310 prmatigiatores
3153 1278 3168 1303 ,
3197 1237 3447 1291 omnibus
3471 1237 3618 1290 vitiis

2029 1336 2244 1401 referti;
2269 1344 2504 1388 attamen
2531 1335 2628 1387 hos
2652 1346 2864 1403 quoque
2885 1345 2982 1400 per
3007 1329 3249 1400 singulos
3270 1329 3385 1383 dies
3414 1329 3620 1382 enutrit

2032 1427 2171 1482 Deus
2197 1467 2214 1493 ,
2246 1425 2445 1480 docens
2473 1437 2570 1479 nos
2589 1433 2648 1478 ut
2673 1423 2954 1478 universos
2990 1421 3239 1477 homines
3257 1405 3617 1476 beneficentia

2031 1518 2473 1588 complectamur.
2506 1515 2615 1572 Nos
2647 1529 2774 1571 vero
2800 1514 2977 1570 omnia
3011 1513 3280 1570 contrario
3308 1512 3470 1568 modo
3494 1510 3626 1566 faci-

2032 1630 2188 1670 mus:
2212 1623 2318 1663 non
2356 1611 2528 1662 solum
2561 1607 2704 1663 enim
2749 1607 2920 1662 malos
2961 1616 3017 1662 et
3061 1605 3336 1676 imprObos
3373 1603 3628 1658 homines

2034 1714 2362 1765 aversamur,
2391 1699 2736 1754 verumetiam
2760 1713 2881 1752 cum
2912 1712 3072 1752 sanus
3088 1687 3350 1766 quispiam
3369 1710 3470 1750 nos
3491 1693 3623 1752 adit,

2036 1803 2129 1850 aut
2156 1805 2375 1864 propter
2399 1791 2738 1863 probitatem,
2764 1800 2857 1845 aut
2881 1794 3100 1860 propter
3123 1788 3426 1842 libertatem
3448 1827 3462 1848 ,
3487 1786 3630 1840 forte

2038 1887 2199 1941 etiam
2231 1893 2447 1956 propter
2475 1883 2782 1954 pigritiam(
2815 1887 2872 1936 ut
2899 1882 3083 1936 ethoc
3103 1879 3377 1951 addam),
3411 1880 3462 1933 in
3494 1889 3632 1950 pau-

2041 1986 2247 2049 pertate
2271 1977 2475 2040 vivens,
2507 1974 2724 2045 probra,
2753 1972 3106 2027 contumelias
3130 2012 3144 2036 ,
3177 1979 3234 2026 et
3258 1971 3536 2024 innumera
3578 1968 3636 2022 iu

2042 2086 2162 2127 eum
2186 2069 2402 2141 jaculati
2427 2067 2651 2122 dicteria
2677 2108 2692 2132 ,
2714 2066 2899 2120 vacuis
2922 2066 3096 2135 ipsum
3135 2063 3381 2117 manibus
3404 2061 3639 2116 remitti-

2045 2177 2186 2229 mus,
2208 2159 2568 2216 valetudinem
2600 2157 2992 2228 exprobrantes
3020 2197 3035 2221 ,
3077 2155 3242 2209 otium
3264 2153 3582 2222 objicientes
3615 2193 3632 2213 ,

2046 2268 2234 2325 ptenas
2259 2260 2628 2322 reposcentes.
2657 2249 2891 2304 lloccine
2916 2249 3093 2318 jussus
3116 2261 3176 2302 es
3199 2287 3215 2312 ,
3246 2260 3282 2300 ο
3314 2246 3473 2298 homo
3497 2284 3514 2310 ,
3539 2243 3610 2298 ob
3627 2274 3642 2281 -

2044 2347 2260 2416 jurgare
2305 2353 2510 2399 tantum
2567 2356 2632 2397 ac
2682 2341 2964 2410 increpare
3007 2338 3250 2410 egenos?
3285 2335 3529 2392 Miserari
3578 2349 3648 2388 ac

2049 2437 2332 2492 sublevare
2356 2443 2724 2506 paupertatem
2750 2447 2935 2488 eorum
2959 2431 3119 2502 jussit
3147 2430 3309 2496 Deus,
3339 2437 3446 2483 non
3476 2427 3649 2482 ratio-

2052 2544 2175 2584 nem
2202 2542 2484 2598 reposcere
2504 2542 2567 2582 ac
2587 2525 2896 2581 conviciari.
2927 2523 3035 2580 Sed
3059 2524 3138 2577 vis
3168 2523 3305 2577 illius
3331 2535 3510 2575 mores
3527 2534 3650 2574 eor-

2055 2621 2247 2691 rigere,
2276 2632 2329 2675 et
2357 2619 2626 2674 hominem
2649 2619 2878 2672 inertem
2901 2631 2932 2670 a
2961 2615 3186 2686 segnitie
3217 2629 3310 2668 sua
3335 2620 3652 2668 revocatum

2055 2713 2122 2767 ad
2163 2725 2298 2782 opus
2327 2710 2541 2781 aliquod
2569 2709 2872 2780 applicare?
2901 2709 2974 2763 Da
3001 2709 3168 2779 prius,
3201 2721 3265 2761 ac
3290 2715 3403 2761 tum
3431 2705 3655 2761 demum

2059 2804 2296 2874 increpa,
2329 2813 2516 2857 utnon
2536 2801 2868 2858 crudelitatis
2904 2808 3183 2871 suspectus
3208 2798 3302 2854 ﬁas
3324 2839 3337 2864 ,
3368 2797 3465 2853 sed
3502 2796 3658 2851 beni-

2059 2895 2281 2965 gnitatis
2325 2893 2538 2950 laudem
2579 2903 2844 2964 reportes.
2871 2893 3006 2947 Eum
3039 2881 3180 2946 enim
3209 2891 3296 2960 qui
3343 2889 3473 2944 nihil
3517 2888 3659 2943 dans

2063 2993 2269 3040 tantum
2294 2985 2602 3055 opprobrat,
2627 2993 2903 3039 aversatur
2926 2997 3129 3053 pauper
3158 3023 3172 3047 ,
3201 2991 3253 3036 et
3295 2981 3475 3050 inique
3507 2979 3610 3033 fert
3638 3020 3656 3042 ,

2063 3092 2126 3133 ac
2151 3094 2219 3133 ne
2268 3079 2508 3149 aspicere
2555 3077 2772 3148 quidem
2827 3076 3057 3130 sustinet
3088 3092 3102 3139 ;
3129 3083 3183 3129 et
3231 3073 3444 3128 merito.
3491 3071 3657 3126 Putat

2064 3170 2208 3226 enim
2233 3183 2338 3225 non
2367 3169 2510 3240 quod
2531 3171 2668 3225 bene
2697 3168 2802 3224 sibi
2827 3168 2991 3233 velit,
3035 3166 3130 3221 sed
3150 3165 3289 3236 quod
3313 3164 3444 3219 dare
3472 3162 3610 3218 nolit
3644 3201 3664 3224 ,

2067 3260 2460 3332 objurgatorem
2488 3276 2612 3315 eum
2653 3274 2777 3316 esse
2809 3275 2825 3325 ;
2855 3259 2926 3314 ita
2955 3267 3011 3313 ut
3036 3273 3224 3313 revera
3255 3258 3357 3312 est.
3388 3255 3491 3324 Qui
3530 3268 3668 3307 vero

2073 3363 2420 3424 posteaquam
2456 3353 2606 3408 dedit
2650 3352 2934 3422 objhrgat,
2975 3351 3100 3406 facit
3141 3359 3198 3404 ut
3243 3347 3430 3405 libenti
3478 3345 3666 3402 animo

2071 3444 2374 3515 obiurgatio
2421 3459 2518 3498 sua
2567 3444 2854 3514 recipiatur
2883 3455 2988 3498 :eo
3025 3441 3167 3512 quod
3198 3455 3303 3495 non
3332 3451 3553 3510 propter
3578 3439 3673 3493 in-

2075 3539 2483 3604 humanitatem,
2514 3537 2609 3593 sed
2640 3546 2858 3608 propter
2882 3535 3311 3592 benevolentiam
3340 3532 3671 3603 increpatio—

2074 3646 2198 3686 nem
2219 3631 2475 3686 adhibere
2497 3629 2759 3684 videatur.
2793 3629 2884 3684 Sic
2907 3630 3068 3683 etiam
3113 3627 3312 3682 Paulus
3349 3625 3475 3680 fecit
3501 3642 3515 3689 ;
3543 3639 3670 3678 cum

2077 3726 2217 3781 enim
2245 3725 2496 3780 dixisset:
2524 3724 2623 3791 Qui
2650 3739 2751 3778 non
2769 3723 2874 3777 vult
2899 3723 3118 3793 aperari,
3151 3738 3214 3775 ne
3232 3721 3348 3776 edat
3376 3721 3465 3790 (2.
3485 3718 3670 3773 Thess.

2080 3817 2299 3886 5.10),
2343 3816 2582 3886 adjungit
2618 3815 3046 3870 exhortationem
3087 3812 3311 3868 dicens:
3352 3811 3454 3866 Vos
3500 3819 3676 3863 autem

2080 3907 2266 3960 bonum
2313 3908 2551 3977 facientes
2591 3923 2654 3960 ne
2691 3906 2938 3974 deﬁciatis
2966 3905 2984 3977 (
3010 3903 3094 3958 Ib.
3119 3919 3168 3957 υ.
3198 3902 3325 3974 15).
3349 3902 3510 3971 Atqui
3553 3899 3676 3954 htec

2083 4009 2345 4071 prmcepta
2387 4000 2656 4054 contraria
2708 4013 2830 4055 esse
2869 3999 3137 4053 videntur.
3195 3995 3251 4052 Si
3295 3996 3438 4050 enim
3469 3993 3679 4048 otiosos

2085 4110 2190 4148 non
2212 4093 2618 4163 oportetcibum
2647 4106 2842 4160 capere
2864 4133 2880 4157 ,
2904 4089 3174 4161 quomodo
3198 4088 3356 4159 jubes
3386 4087 3524 4142 bene
3548 4086 3680 4139 tali-

2085 4185 2186 4240 bus
2218 4185 2423 4240 facere?
2445 4185 2550 4240 Sed
2581 4199 2689 4238 non
2717 4192 2842 4238 sunt
2864 4181 3131 4237 contraria
3153 4197 3166 4234 :
3186 4179 3342 4234 absit.
3373 4176 3499 4232 Ideo
3529 4176 3680 4230 enim

2087 4275 2192 4331 hoc
2215 4276 2353 4344 dixi,
2378 4275 2567 4346 inquit,
2597 4274 2694 4340 Qui
2725 4289 2825 4327 non
2850 4274 2954 4327 uult
2983 4272 3208 4342 operari,
3234 4286 3295 4324 ne
3315 4269 3455 4335 edat,
3482 4281 3590 4323 non
3623 4277 3686 4320 ut

2089 4383 2183 4424 eos
2216 4367 2308 4438 qui
2335 4367 2532 4438 alioqui
2561 4365 2802 4436 largitori
2843 4373 3038 4429 erant,
3079 4372 3378 4416 averterem
3429 4373 3464 4414 a
3505 4357 3684 4412 danda

2089 4459 2450 4529 eleemosyna,
2478 4456 2574 4512 sed
2604 4458 2739 4510 utin
2765 4455 2877 4510 otio
2897 4454 3136 4509 viventes
3157 4467 3187 4506 a
3217 4451 3444 4520 segnitie
3471 4464 3567 4504 sua
3595 4464 3690 4504 re-

2091 4564 2361 4604 vocarem.
2396 4548 2574 4617 Itaque
2591 4562 2714 4602 cum
2745 4546 2894 4613 dicit,
2928 4544 3012 4598 Ne
3041 4545 3193 4606 edat,
3227 4542 3348 4596 illos
3370 4541 3691 4596 exstimulat

2092 4639 2160 4694 ad
2189 4640 2447 4701 laborem,
2474 4635 2887 4693 comminatione
2910 4635 3010 4690 hac
3033 4635 3283 4689 territos:
3306 4647 3427 4686 cum
3454 4645 3585 4685 vero
3606 4629 3693 4684 di-

2095 4730 2192 4796 cit,
2225 4728 2424 4784 Bonum
2446 4728 2684 4798 facientes
2705 4742 2766 4780 ne
2787 4724 3056 4795 deﬁciatis,
3091 4724 3188 4777 hos
3207 4723 3407 4778 excitat
3429 4720 3497 4776 ad
3518 4721 3690 4776 bene-

2097 4821 2364 4876 ﬁcentiam
2383 4861 2397 4883 ,
2436 4818 2554 4873 utili
2580 4817 2954 4872 exhortatione
2979 4814 3261 4882 impulsos.
3282 4811 3360 4867 Ne
3385 4811 3530 4867 enim
3562 4811 3691 4879 φεῖ-

2097 4912 2219 4968 dam
2243 4911 2582 4967 retraherent
2609 4923 2797 4964 manus
2824 4907 3004 4962 audito
3035 4921 3139 4976 qua
3169 4905 3244 4959 illi
3270 4903 3694 4959 comminatione

2102 5003 2381 5065 feriantur,
2406 5001 2472 5056 ad
2501 5000 2909 5056 beneﬁcentiam
2941 4997 3023 5051 his
3046 4996 3224 5050 verbis
3249 4994 3371 5050 illos
3393 5001 3656 5063 provocat
3679 5013 3696 5048 ς

2098 5095 2300 5151 Bonum
2342 5094 2573 5166 faciendo
2612 5110 2674 5147 ne
2717 5091 2984 5162 deﬁciatis.
3028 5090 3207 5160 Itaque
3250 5085 3464 5144 etiamsi
3519 5085 3699 5140 otioso

2101 5191 2221 5256 des,
2246 5189 2441 5244 bonum
2471 5187 2664 5242 fecisti.

2173 5283 2227 5338 9.
2262 5282 2374 5337 Hoc
2413 5291 2466 5336 et
2503 5281 2557 5335 in
2601 5277 2946 5348 sequentibus
2986 5276 3327 5332 manifesmm
3371 5272 3521 5329 fecit.
3565 5271 3702 5328 Cum

2104 5376 2248 5430 enim
2281 5375 2504 5430 dixisset
2534 5389 2548 5428 :
2579 5373 2640 5428 Si
2664 5374 2775 5439 quis
2800 5388 2903 5426 non
2925 5369 3070 5423 audit
3092 5383 3350 5424 sermones
3375 5369 3576 5420 nostros
3614 5379 3705 5434 per

2104 5467 2399 5534 epistolam,
2431 5467 2565 5518 hunc
2592 5464 2840 5526 indicate,
2871 5471 2920 5516 et
2953 5476 3016 5515 ne
3053 5457 3484 5514 rommisceamini
3508 5457 3586 5509 illi
3611 5455 3706 5524 (‘3.

2109 5556 2286 5612 Thess.
2314 5556 2367 5612 5.
2400 5556 2511 5626 ll),
2543 5565 2701 5626 atque
2730 5557 2830 5609 hoc
2867 5553 3028 5608 modo
3058 5551 3330 5606 hominem
3360 5549 3610 5619 eiecisset
3641 5562 3714 5600 ex

2108 5648 2346 5704 Ecclesia
2371 5688 2385 5709 ,
2415 5662 2625 5702 rursum
2667 5647 2772 5701 alio
2810 5642 2970 5701 modo
2997 5659 3122 5701 etun
3161 5641 3473 5697 reconciliat
3496 5681 3512 5706 ,
3546 5638 3711 5693 redu-

2111 5753 2239 5795 cens
2285 5739 2335 5794 in
2379 5739 2600 5808 gratiam
2641 5752 2762 5793 cum
2807 5737 2886 5793 eis
2933 5751 2962 5791 a
3000 5736 3196 5806 quibus
3237 5732 3444 5805 eiectus
3480 5728 3662 5787 fuerat
3696 5747 3712 5783 :
