3990 6358
382 308 490 372 287

387 436 473 488 οὐ
498 433 841 503 φονεύσεις,
863 436 936 489 οὐ
952 436 1316 506 μοιχεύσεις,
1341 437 1435 490 καὶ
1453 437 1522 492 τά
1547 438 1680 494 ἀλλα
1699 438 1756 492 δέ
1785 439 1961 494 πάντα

380 517 611 584 ὁμοίως.

458 602 695 666 ξ.Ὢστε
715 601 815 662 οὐκ
842 600 1095 673 ἔγκλημα
1122 601 1214 656 τοῦ
1238 603 1401 674 νόμου
1421 603 1481 657 τὸ
1498 603 1717 658 κόλασιν
1738 605 1964 674 ἐπάγειν

384 686 480 737 καὶ
508 685 803 755 τιμωρίαν,
836 687 930 740 καὶ
961 686 1210 767 καθάπερ
1238 689 1452 752 οἰκέτας
1475 689 1795 760 ἀγνώμονας
1837 708 1962 743 παι-

379 767 556 820 δεύειν
590 769 684 822 καὶ
708 767 1080 838 σωφρονίζειν,
1105 771 1242 826 ἀλλά
1266 772 1360 825 καὶ
1387 772 1660 842 ἐγκώμιον
1683 773 1959 844 μέγιστον,

379 852 476 903 καὶ
521 852 620 930 οὐχ
671 855 700 906 6
738 852 918 923 τυχὼν
960 853 1198 920 ἔπαινος,
1241 857 1323 925 ὅτι
1365 858 1490 922 τοὺς
1530 857 1666 929 πρὸς
1691 857 1959 928 τοσαύτην

378 929 804 1008 κατενεχθέντας
845 936 1044 989 κακίαν
1069 939 1305 1010 ἠδυνήθη
1333 938 1421 993 διά
1450 943 1549 1011 τῆς
1586 940 1789 1004 οἰκείας
1825 958 1958 1009 σφο-

375 1011 635 1096 δρότητος
679 1021 986 1086 ἀπαλλάξαι
1031 1023 1128 1094 τῆς
1169 1023 1452 1096 πονηρίας,
1483 1025 1715 1096 μαλάξαι
1761 1041 1819 1078 τε
1862 1023 1957 1079 καὶ

379 1089 986 1181 ποιῆσαικαταπειθεῖς
1011 1109 1074 1178 τῇ
1106 1107 1288 1178 χάριτι
1309 1111 1357 1170 ³,
1408 1110 1502 1162 καὶ
1545 1109 1679 1181 πρὸς
1719 1109 1817 1180 τὴν
1855 1111 1956 1181 τῆς

378 1186 592 1259 Καινῆς
636 1177 896 1265 ὣηγῆσαι
931 1177 1263 1262 φιλοσοφίαν.
1307 1194 1379 1248 Τὸ
1411 1193 1521 1263 γὰρ
1552 1177 1683 1248 αὐτὸ
1729 1177 1959 1266 Πνεῦμα

377 1271 472 1322 καὶ
514 1270 582 1324 τά
615 1273 672 1346 ἐν
801 1261 1048 1347 Παλαιᾷ,
1088 1261 1180 1330 καὶ
1225 1277 1294 1330 τὰ
1336 1280 1393 1330 ἐν
1424 1261 1501 1350 -τῇ
1555 1266 1727 1350 Καινῇ
1779 1261 1953 1333 πάντα

375 1354 680 1426 ᾠκονόμει,
730 1360 779 1420 εἰ
814 1360 908 1412 καὶ
943 1360 1233 1431 διαφόρως.
1272 1363 1370 1416 Διά
1398 1363 1554 1415 τοῦτο
1601 1365 1696 1417 καὶ
1741 1363 1953 1428 Παῦλος

375 1435 594 1505 ἔλεγεν·
644 1440 925 1510 Ἔχοντες
984 1443 1052 1498 δέ
1101 1444 1166 1500 τὸ
1213 1444 1361 1499 αὐτὸ
1405 1445 1647 1515 Πνεῦμα
1695 1447 1806 1516 τῆς
1864 1449 1954 1500 πί-

375 1536 568 1587 στεως
609 1525 765 1595 ,κατὰ
806 1525 873 1578 τὸ
928 1527 1354 1598 γεγραμμένον·
1414 1530 1780 1586 Ἐπίστευσα
1801 1572 1817 1597 ,
1859 1531 1950 1588 διὸ

371 1604 676 1674 ἐλάλησα.
939 1603 942 1605 λ
1035 1605 1038 1608 ’

443 1688 520 1762 Οὐ
568 1688 658 1744 διά
697 1689 855 1766 τοῦτο
893 1691 949 1746 δὲ
985 1692 1143 1763 μόνον
1176 1693 1328 1762 ἔλεγε
1353 1733 1367 1757 ,
1419 1693 1494 1763 T6
1510 1698 1659 1752 αὐτὸ
1678 1695 1947 1766 Πνεῦμα,

369 1770 510 1824 ἀλλά
543 1773 638 1824 καὶ
663 1772 728 1826 δι’
765 1773 959 1845 ἑτέραν
983 1777 1158 1829 αἰτίαν
1179 1777 1278 1831 οὐκ
1299 1777 1556 1835 ἐλάττονα
1587 1780 1686 1850 τῆς
1718 1783 1948 1853 εἰρημέ-

367 1870 492 1924 νης,
523 1854 592 1926 ῆν
616 1855 919 1929 ἐϐουλόμην
948 1857 1047 1929 μὲν
1078 1859 1173 1914 νῦν
1201 1862 1392 1928 εἰπεῖν,
1425 1863 1675 1926 δεδοικὼς
1699 1864 1756 1917 δὲ
1782 1866 1856 1936 μὴ
1881 1865 1950 1920 τά

368 1937 637 2020 εἰρημένα
665 1937 987 2010 ἐκϐλύσητε,
1009 1943 1088 2004 εἰς
1119 1943 1310 2014 ἑτέραν
1334 1946 1461 2015 ὑμῖν
1489 1945 1722 2010 διάλεξιν
1747 1950 1948 2020 ταύτην

365 2019 740 2092 ταμιεύσομαι
767 2061 780 2084 ,
811 2023 950 2087 τέως
981 2024 1185 2097 ταύτης
1211 2027 1519 2099 μεμνῆσθαι
1568 2029 1747 2102 πάσης
1778 2049 1950 2100 παρα-

365 2101 606 2166 καλέσας
637 2106 780 2174 ὐμᾶς
801 2147 816 2169 ,
846 2109 939 2161 καὶ
967 2108 1107 2178 μετὰ
1130 2110 1416 2181 ἀκριϐείας
1442 2101 1726 2181 φυλάττειν
1755 2115 1944 2187 αὐτὴν,

366 2187 464 2239 καὶ
488 2186 589 2258 τὴν
621 2189 730 2242 ἀπὸ
765 2189 865 2260 τῆς
904 2191 1178 2256 πολιτείας
1216 2194 1418 2266 ἀρετὴν
1449 2197 1821 2267 προστιθέναι,
1854 2186 1945 2253 καὶ

363 2270 432 2339 τῇ
479 2270 590 2353 τῶν
631 2270 916 2341 δογμάτων
972 2277 1318 2346 συνυφαίνειν
1364 2279 1532 2350 αὐτὴν
1595 2281 1942 2353 καθαρότητι·

366 2351 506 2407 Ἵνα
551 2351 751 2422 ἄρτιος
797 2360 830 2412 ό
876 2357 1187 2428 ἄνθρωπος
1229 2355 1272 2432 ᾖ
1302 2363 1407 2416 τοῦ
1438 2363 1607 2430 Θεοῦ,
1643 2351 1792 2433 πρός
1823 2351 1946 2421 πᾶν

361 2435 544 2520 ἔργον
590 2439 815 2520 ἀγαθὸν
865 2439 1329 2512 ἐξηρτισμένος·
1383 2445 1504 2500 ἐπεὶ
1549 2449 1739 2520 κέρδος
1793 2450 1945 2505 οὐδὲν

363 2519 520 2575 ἔσται
542 2522 674 2606 ἡμῖν
694 2517 804 2578 τῶν
824 2523 1000 2596 ὀρθῶν
1022 2526 1328 2598 δογμάτων,
1352 2531 1478 2584 ὅταν
1499 2534 1526 2585 6
1547 2517 1660 2602 βίος
1688 2533 1944 2606 διεφθαρ-

365 2603 528 2688 μένος
673 2605 865 2679 ὥσπερ
886 2606 980 2664 οῦν
999 2611 1124 2666 οὐδὲ¹
1152 2611 1427 2678 πολιτείας
1459 2600 1687 2688 ἀρίστης
1729 2600 1940 2688 ὄφελος,

363 2686 603 2753 πίστεως
640 2690 742 2744 οὐκ
783 2690 950 2762 οὔσης
982 2693 1187 2763 ὑγιοῦς.
1231 2697 1348 2750 Ἵνα
1394 2686 1507 2752 οῦν.
1531 2686 1944 2773 ἀπηρτισμένην

363 2770 580 2855 έχωμεν
607 2774 708 2845 τὴν
735 2775 1024 2845 ὠφέλειαν,
1060 2775 1402 2852 ἑκατέρωθεν
1438 2770 1664 2850 ἑαυτοὺς
1709 2770 1941 2855 ἀσφαλι-

362 2853 612 2926 ζώμεθα,
647 2857 703 2910 ἓν
740 2875 800 2912 τε
830 2863 943 2924 τοῖς
968 2862 1148 2926 ἄλλοις
1172 2863 1342 2917 ἅπασι
1372 2869 1619 2938 καρποὺς
1645 2853 1944 2922 ἐπιδεικνύ-

365 2957 518 3008 μενοι
541 2941 844 3009 γενναίους,
876 2947 968 2998 καὶ
1005 2948 1142 3016 μετά
1171 2948 1276 3000 τῶν
1308 2949 1481 3003 ἄλλων
1510 2951 1609 3024 τὴν
1641 2953 1942 3024 ἐλεημοσύ-

360 3025 652 3109 νην,ῌπερὶ
687 3021 756 3098 ἦς
787 3029 880 3082 καὶ
910 3031 1099 3102 πρώην
1137 3031 1288 3104 [276]
1318 3035 1444 3105 ὑμῖν
1469 3021 1784 3109 διελέχθην,
1804 3039 1944 3109 μετά

362 3107 567 3178 πολλῆς
585 3110 701 3196 ’μὲν
732 3112 832 3183 τῆς
867 3114 1172 3185 προθυμίας
1198 3156 1213 3180 ,
1253 3119 1390 3188 μετά
1435 3107 1643 3192 πολλῆς
1678 3107 1735 3175 δὲ
1770 3107 1942 3196 αὐτὴν

358 3191 736 3257 ἐπιτελοῦντες
765 3196 864 3266 τῆς
885 3197 1182 3268 δαψιλείας.
1223 3201 1284 3255 '0
1312 3201 1421 3272 γὰρ
1446 3206 1711 3275 σπείρων
1741 3191 1940 3275 φειδο-

351 3275 572 3346 μένως,
606 3279 759 3351 φησί,
793 3281 1154 3352 φειδομένως
1183 3287 1280 3341 καὶ
1319 3288 1564 3356 θερίσει·
1592 3289 1690 3343 καί
1711 3295 1744 3345 ό
1771 3293 1942 3346 σπεί-

349 3376 482 3427 ρων
508 3361 601 3414 ἐπ’
630 3365 935 3434 εὐλογίαις
956 3407 970 3430 ,
997 3367 1090 3420 ἐπ’
1119 3370 1426 3438 εὐλογίαις
1458 3372 1555 3425 καί
1588 3375 1830 3441 θερίσει.
1873 3376 1939 3429 Τί

359 3449 703 3532 ἐστινηἚπ⁹
732 3455 1072 3523 εὐλογίαις;
1099 3459 1250 3513 Μετὰ
1289 3459 1486 3532 πολλῆς
1529 3463 1628 3532 τῆς
1649 3449 1934 3532 ἀφθονίας.

371 3530 637 3586 Ἐνταῦθα
670 3535 766 3604 μὲν
799 3532 892 3589 οὖν
923 3539 1015 3591 ἐπὶ
1045 3541 1155 3593 τῶν
1186 3530 1453 3612 βιωτικῶν
1473 3530 1812 3617 πραγμάτων
1844 3551 1937 3603 καὶ

355 3615 386 3667 6
419 3615 631 3700 ἀμητὸς
657 3619 752 3670 καὶ
781 3620 809 3670 ό
829 3621 1028 3691 σπόρος
1061 3622 1172 3676 τῶν
1218 3625 1395 3679 αὐτῶν
1427 3615 1542 3680 ἐστι
1578 3615 1932 3700 σπερμάτων·

356 3697 454 3750 καὶ
498 3699 608 3770 γάρ
649 3702 679 3754 6
729 3704 989 3789 σπείρων,
1024 3705 1254 3779 πυρδνῆ
1298 3708 1490 3780 κριθὰς
1518 3697 1863 3780 καταϐάλλει,
1899 3716 1932 3789 ἢ

355 3783 452 3846 καὶ
475 3783 604 3848 ἄλλο
625 3802 677 3838 τι
702 3785 809 3840 τῶν
843 3789 1118 3854 τοιούτων,
1149 3792 1247 3858 καὶ
1272 3794 1299 3862 ῥ
1329 3794 1558 3866 θερίζων
1595 3797 1654 3849 16
1685 3799 1816 3852 αὐτὸ
1845 3801 1933 3853 θε-

356 3863 498 3936 ρίζει
528 3869 688 3922 πάλιν
709 3887 721 3900 ·
749 3871 842 3924 ἐπὶ
868 3873 925 3925 δὲ
954 3873 1053 3943 τῆς
1074 3863 1444 3946 ἐλεημοσύνης
1469 3863 1567 3952 οὐχ
1585 3880 1777 3952 οὕτως,
1801 3883 1933 3938 ἀλλά

353 3950 577 4028 ἑτέρως.
604 3953 676 4006 Σὺ
709 3952 808 4023 μὲν
837 3955 945 4026 γὰρ
968 3958 1324 4028 καταϐάλλεις
1351 3950 1630 4034 ἀργύριον,
1655 3965 1932 4034 συλλέγεις

350 4025 417 4087 δὲ’
453 4025 769 4121 παρρησίαν
807 4025 923 4110 τὴν
945 4025 1087 4112 πρὸς
1112 4044 1201 4095 τὸν
1246 4025 1409 4098 Θεόνῖ
1435 4025 1626 4112 -δίδωςῖ
1651 4025 1928 4121 χρήματα,

351 4118 449 4172 καὶ
483 4118 782 4206 λαμϐάνεις
813 4122 1225 4196 ᾁμαρτημάτων
1253 4127 1433 4182 λύσιν·
1469 4118 1930 4206 παρέχεις-ἄρτον

347 4203 447 4270 καὶ
479 4203 724 4271 ἱμάτιον,
759 4207 852 4271 καὶ
899 4208 1021 4264 ἀντὶ
1067 4207 1272 4276 τούτων
1323 4230 1403 4265 σοι
1454 4216 1486 4286 ἡ
1532 4217 1640 4269 τῶν
1685 4203 1930 4289 οὐρανῶν

349 4285 740 4374 εὐτρεπίζεται
763 4289 1009 4359 βασιλεία
1028 4295 1167 4374 ,καὶ
1191 4295 1258 4348 τά
1287 4299 1458 4370 μυρία
1478 4285 1690 4368 νάγαθά,
1721 4285 1769 4355 a'
1793 4305 1929 4374 μήτε

347 4369 626 4439 ὀφθαλμὸς
670 4370 778 4458 εἶδε
797 4413 811 4436 ,
841 4377 978 4446 μήτε
1008 4373 1098 4442 οὖς
1118 4379 1326 4450 ,ἤκουσε
1345 4421 1360 4446 ,
1400 4384 1538 4454 μήτε
1580 4386 1672 4438 ἐπὶ
1702 4369 1927 4458 καρδίαν

348 4455 638 4541 ἀνθρώπου
665 4457 832 4529 ἀνέϐη
857 4476 870 4488 ·
905 4460 966 4513 τὸ
996 4461 1058 4533 δὴ
1093 4466 1309 4519 πάντων
1341 4467 1632 4536 κεφάλαιον
1660 4455 1927 4541 τῶν-ἀγα-

347 4537 477 4600 θῶν,
505 4538 842 4626 ὅμοιοςλγίνῃ
879 4542 958 4614 τῷ
999 4545 1135 4617 Θεῷ,
1167 4549 1310 4602 κατὰ
1339 4549 1568 4621 δύναμιν
1598 4553 1695 4625 τὴν
1717 4537 1927 4626 ἀνθρω-

347 4622 555 4709 πίνην.Δ
585 4622 722 4709 ῌερὶ
776 4627 886 4697 γὰρ
941 4627 1309 4709 ἐλεημοσύνης
1364 4635 1457 4696 καὶ
1517 4622 1926 4709 φιλανθρωπίας

343 4705 648 4791 διαλεχθεὶς
703 4709 732 4760 6
782 4711 1017 4782 Χριστὸς
1074 4705 1375 4787 ἐπήγαγεν·
1420 4719 1610 4786 Ὅπως
1667 4705 1924 4791 γένησθε

338 4789 536 4858 ῥ’μοιοι
570 4792 677 4846 τοῦ
723 4795 957 4864 Πατρός
994 4797 1160 4868 ὑμῶν
1195 4801 1302 4856 τοῦ
1339 4801 1411 4856 ἐν
1452 4804 1578 4870 τοῖς
1606 4789 1878 4877 οὐρανοῖς
1903 4847 1918 4873 ,

343 4871 434 4926 ὅτι
459 4873 568 4926 τὸν
594 4873 774 4944 ἣλιον
802 4881 988 4934 αὐτοῦ
1021 4882 1337 4939 ἀνατέλλει
1365 4885 1462 4939 ἐπὶ
1485 4871 1788 4957 πονηροὺς

342 4957 638 5042 ἀγαθοὺς,
685 4961 785 5014 καὶ
822 4963 1030 5032 βρέχει
1071 4967 1170 5020 ἐπὶ
1209 4968 1478 5038 δικαίους
1510 4972 1608 5026 καί
1648 4973 1917 5042 ἀδίκους.

341 5043 419 5094 Ού
446 5040 672 5096 δύνασαι
705 5046 981 5101 ἀνατεῖλαι
1028 5050 1211 5120 ἥλιον,
1260 5053 1380 5108 οὐδὲ
1427 5055 1662 5128 Βμϐρους
1699 5040 1918 5127 ἀφεῖναι

341 5127 433 5188 σὺ,
460 5127 582 5187 οὐδέ
603 5129 927 5203 οἰκουμένην
951 5135 1309 5207 εὐεργετῆσαι
1330 5127 1598 5204 τοσαύτην
1619 5158 1633 5172 ·
1661 5145 1772 5207 τοῖς
1799 5141 1916 5201 οῦσι

337 5210 618 5296 χρήμασιν
664 5212 976 5284 ἀπόχρησαι
1032 5219 1168 5287 πρὸς
1215 5219 1313 5292 τὴν
1354 5222 1778 5296 φιλοφροσύνην,
1825 5231 1918 5283 καὶ

338 5293 572 5361 γέγονας
597 5294 783 5382 ὅμοιος
818 5297 896 5370 τῷ
921 5299 1190 5373 τδνῇλιον
1220 5293 1576 5376 ἀνατέλλοντι,
1613 5309 1688 5374 ὡς
1705 5293 1920 5382 ἀνθρωο

333 5393 441 5439 ,πον
466 5378 795 5452 ὄμοιονΘεῷ
821 5384 1074 5450 γενέσθαι
1105 5387 1345 5447 δυνατόν.

406 5468 480 5532 η’.
513 5464 819 5536 Προσέχετε
844 5469 983 5541 μετά
1003 5471 1288 5543 ἀκριϐείας
1307 5478 1420 5540 τοῖς
1441 5478 1772 5550 εἰρημένοις.
1791 5482 1916 5536 Ἐπί

396 5680 422 5709 ι
449 5681 718 5763 Umlstss.
747 5687 1038 5759 καταπειθεῖς
1088 5694 1536 5758 προκατασκευάσαι
1570 5703 1625 5758 τῇ
1667 5700 1770 5763 χάρ.
1795 5702 1910 5752 Cod.

337 5744 626 5802 σατιιπιιθείς
644 5748 996 5798 κατασκευάσαι
1021 5756 1075 5812 τῇ
1101 5744 1208 5813 χάρ.

997 335 1080 391 DE
1121 337 1373 393 VERBIS
1410 338 1766 406 APOSTOLI,
1810 337 2177 394 HABENTL‘S
2218 339 2508 395 EUMDEM
2546 335 2895 392 SPIRITUB'I.
2943 335 3030 390 Ill.

3535 325 3646 411 gs:

2070 438 2372 507 πονηροὺς
2404 442 2501 494 καί
2539 441 2831 510 ἀγαθοὺς,
2869 445 3023 516 φησί.
3062 444 3170 498 Καὶ
3213 443 3278 496 σὺ
3321 443 3518 509 τοίνυν,
3549 446 3641 498 ὅτε

2064 519 2434 594 ἐλεημοσύνην
2458 527 2652 586 ποιεῖς,
2697 526 2770 597 μὴ
2800 526 2912 596 βίον
2939 527 3218 600 ὲξετάσῃς,
3253 527 3385 597 μηδὲ
3421 527 3650 597 τρόπων

2063 604 2294 670 εὐθύνας
2325 607 2564 661 ἀπαίτει.
2610 610 2971 683 Ἐλεημοσύνη
3015 611 3122 682 γὰρ
3164 611 3252 664 διὰ
3291 609 3447 664 τοῦτο
3483 610 3639 678 λέγε-

2061 703 2174 750 ται,
2212 687 2300 740 ἴνα
2324 689 2418 741 καὶ
2445 692 2558 753 τοῖς
2585 691 2822 756 ἀναξίοις
2855 695 3184 765 παρέχωμεν
3203 711 3217 724 ·
3249 695 3277 747 6
3303 693 3414 763 γὰρ
3447 693 3636 758 ἐλεῶν,

2061 771 2120 824 οὐ
2148 770 2239 824 τὸν
2269 771 2703 844 κατωρθωκότα,
2733 775 2868 829 ἀλλά
2893 777 2981 829 τὸν
3008 778 3368 849 ἡμαρτηκότα
3400 779 3573 828 ἐλεεῖ·
3603 776 3635 830 ὁ

2064 855 2162 924 μὲν
2210 854 2319 924 γὰρ
2366 855 2667 928 κατορθῶν,
2719 860 2958 913 ἐπαίνων
3007 860 3156 925 ἄξιος
3209 861 3301 913 καὶ
3353 859 3654 928 στεφάνωνι

2059 937 2205 990 ἐστίν
2227 955 2240 968 ο
2273 939 2300 990 6
2325 938 2381 991 δὲ
2409 940 2758 1011 ἁμαρτάνων,
2791 943 2938 996 ἐλέου
2965 945 3057 996 καὶ
3087 943 3434 1014 συγγνώμης.
3467 943 3642 996 Ὥστε.

2058 1022 2151 1072 καὶ
2182 1022 2322 1074 κατά
2345 1022 2503 1076 τοῦτο
2533 1025 2888 1094 μιμησόμεθα
2914 1026 3004 1080 τὸν
3029 1027 3180 1092 Θεὸν,
3215 1027 3309 1080 ἐὰν
3333 1027 3428 1079 καὶ
3461 1043 3632 1097 πονη-

2062 1105 2172 1172 ροῖς
2205 1104 2554 1176 παρέχωμεν.
2594 1108 2873 1177 Ἐννόησον
2901 1108 3010 1182 γὰρ
3044 1110 3156 1162 ὅσοι
3182 1110 3281 1179 τὴν
3307 1107 3635 1178 οἰκουμένην

2056 1185 2263 1238 οἰκοῦσι
2292 1187 2621 1260 βλάσφημοι,
2652 1190 2868 1260 μιαροὶ,
2894 1193 3106 1262 γόητες,
3137 1192 3316 1260 πάσης
3347 1189 3632 1260 ἐμπεπλη-

2056 1267 2242 1338 σμένοι
2285 1269 2483 1334 κακίας
2502 1285 2517 1298 ·
2548 1271 2682 1325 ἀλλά
2712 1275 2803 1326 καὶ
2833 1274 3054 1338 τούτους
3081 1275 3202 1328 καθ’
3233 1274 3468 1342 ἑκάστην
3508 1272 3635 1343 τρέ-

2056 1369 2145 1421 φει
2173 1353 2272 1425 τὴν
2301 1355 2519 1424 ἡμέραν
2549 1357 2578 1408 ὁ
2600 1356 2752 1420 Θεὸς,
2784 1359 2929 1428 ἡμᾶς
2955 1358 3224 1412 παιδεύων
3247 1359 3344 1430 τὴν
3375 1357 3633 1426 φιλοφρο-

2057 1435 2220 1505 σύνην
2258 1436 2351 1488 ἓιπλ⁵
2397 1436 2603 1501 πάντας
2649 1440 2934 1494 ἐκτείνειν.
2991 1442 3181 1512 Ἡμεῖς
3227 1441 3285 1493 δὲ
3325 1440 3470 1493 ἆπαν
3511 1439 3635 1490 τού-

2054 1517 2262 1571 ναντίον
2292 1519 2581 1590 ποιοῦμεν·
2629 1522 2688 1574 ού
2735 1522 2843 1594 γὰρ
2882 1527 3186 1595 πονηροὺς,
3241 1523 3363 1576 οὐδὲ
3397 1522 3634 1592 φαύλους

2052 1599 2372 1670 ἀνθρώπους
2420 1603 2876 1674 ἀποστρεφόμεθα
2925 1607 3084 1676 μόνον
3106 1647 3120 1670 ,
3151 1606 3286 1660 ἀλλά
3316 1605 3418 1661 κᾶν
3455 1603 3635 1674 ὑγιαί-

2053 1699 2157 1736 νων
2181 1699 2265 1747 τις
2295 1687 2429 1754 ἡμῖν
2455 1687 2727 1760 προσέλθῃ
2753 1689 2785 1759 ἦ
2811 1689 2878 1741 δι’
2904 1690 3222 1755 ἐπιείκειαν,
3253 1690 3286 1761 ἢ
3313 1690 3382 1742 δι’
3412 1688 3630 1742 ἐλευθε-

2053 1767 2197 1838 ρίαν,
2244 1768 2277 1839 ἢ
2311 1769 2404 1821 καὶ
2445 1769 2511 1821 δι’
2542 1770 2736 1840 ἀργίαν
2782 1773 2912 1836 ἴσως
2938 1775 2957 1842 (
2981 1776 3074 1826 καὶ
3114 1774 3223 1845 γὰρ
3251 1773 3344 1826 καὶ
3371 1769 3530 1826 τοῦτο
3553 1769 3635 1823 τί·-

2052 1849 2231 1920 θημι),
2276 1852 2438 1922 πενία
2483 1855 2682 1921 συζῶν,
2727 1855 3012 1928 λοιδορίας,
3044 1856 3256 1930 ὕϐρεις,
3307 1855 3476 1928 μυρία
3506 1854 3630 1908 κατ’

2051 1934 2215 1987 αὐτοῦ
2269 1935 2604 2007 συνείροντες
2657 1937 3000 2008 σκώμματα,
3055 1943 3238 2004 κεναῖς
3284 1939 3448 1994 αὐτὸν
3495 1939 3634 1992 ἀπο-

2051 2017 2343 2086 πέμπομεν
2365 2020 2541 2089 χερσὶ,
2562 2021 2661 2091 τὴν
2690 2021 2876 2090 ὑγείαν
2907 2023 3274 2088 ὀνειδίζοντες,
3306 2023 3406 2092 τὴν
3429 2019 3630 2090 ἀργίαν

2049 2101 2472 2172 προσφέροντες.
2510 2105 2739 2168 εὐθύνας
2783 2106 3159 2170 ἀπαιτοῦντες.
3201 2107 3292 2176 Μὴ
3324 2105 3432 2175 γὰρ
3467 2102 3628 2156 τοῦτο

2049 2185 2414 2255 προσετάγης,
2442 2185 2716 2258 ἄνθρωπε,
2746 2191 2995 2259 ἐγκαλεῖν
3029 2191 3121 2244 καὶ
3151 2191 3409 2259 ἐπιτιμᾷν
3439 2183 3626 2247 ἁπλῶς

2046 2268 2160 2329 τοῖς
2202 2267 2509 2338 δεομένοις;
2558 2271 2756 2326 Ἐλεείν
2803 2275 2894 2327 καὶ
2939 2273 3281 2344 διορθοῦσθαι
3308 2271 3406 2342 τὴν
3433 2270 3626 2324 πενίαν

2049 2348 2228 2400 αὐτῶν
2259 2353 2288 2402 6
2324 2351 2457 2412 Θεὸς
2482 2353 2783 2420 ἐκέλευσεν,
2827 2357 2945 2427 οὐχὶ
2982 2357 3210 2418 εὐθύνας
3239 2355 3491 2409 ἀπαιτεῖν
3530 2349 3629 2404 καὶ

2048 2431 2308 2503 ὑϐρίζειν.
2351 2436 2511 2490 Ἀλλά
2566 2437 2743 2506 βούλει
2802 2440 3093 2510 διορθῶσαι
3133 2439 3224 2492 τὸν
3257 2438 3481 2508 τρόπον,
3532 2435 3630 2487 καὶ

2044 2517 2146 2586 τῆς
2173 2517 2371 2588 ἀργίας
2399 2521 2733 2589 ἀπαγαγεῖν,
2779 2525 2888 2576 και
2924 2525 3003 2587 εἰς
3049 2524 3210 2595 ἔργον
3247 2521 3507 2593 ἐμϐαλεῖν
3535 2519 3647 2571 τὸν--

2045 2599 2354 2669 ἀργοῦντα;
2388 2601 2487 2665 Δὸς
2520 2605 2802 2675 πρότερον,
2847 2605 2998 2679 [277]
3024 2648 3037 2672 ,
3071 2610 3164 2660 καὶ
3195 2607 3315 2660 τότε
3364 2603 3625 2672 ἐπιτίμη-

2047 2699 2158 2746 σον,
2182 2683 2268 2735 ἵνα
2301 2684 2372 2755 μὴ
2389 2685 2665 2755 ὠμότητος
2688 2688 2942 2756 ὑποψίαν,
2963 2689 3246 2760 ἐγκληθεὶς
3275 2688 3299 2726 b
3323 2685 3647 2757 βαρύτητα,.

2044 2765 2180 2818 ἀλλά
2210 2766 2535 2836 κηδεμονίας
2564 2769 2718 2834 δόξαν
2741 2770 2932 2843 λάϐῃς.
2950 2773 3052 2825 Τὸν
3077 2772 3174 2842 μὲν
3203 2771 3309 2841 γὰρ
3345 2770 3417 2838 μὴ
3439 2767 3620 2828 δόντα,

2044 2843 2157 2900 ἀλλ’
2205 2849 2540 2917 ἐγκαλοῦντα
2575 2853 2733 2922 μόνον
2771 2855 3208 2926 ἀποστρέφεται,
3244 2853 3340 2906 καὶ
3389 2849 3624 2921 ἀηδὶζει,

2044 2931 2138 2983 καὶ
2169 2931 2289 2984 οὐδέ
2347 2932 2472 2986 ἰδεῖν
2505 2935 2780 3004 ἀνάσχοιτ’
2805 2937 2870 2990 ἂν
2893 2939 2921 2989 6
2951 2937 3151 3008 πένης·
3184 2935 3279 2990 καὶ
3312 2934 3456 3005 μάλα
3479 2931 3623 2984 εἰκό-

2041 3028 2171 3076 τως.
2203 3016 2278 3068 Οὐ
2319 3015 2428 3087 γὰρ
2476 3017 2562 3070 διὰ
2595 3018 2918 3089 κηδεμονίαν
2944 3059 2958 3084 ,
2989 3019 3124 3073 ἀλλὰ
3160 3019 3249 3073 διὰ
3281 3019 3342 3071 τὸ
3378 3018 3452 3088 μὴ
3493 3013 3627 3085 βού-

2042 3096 2228 3150 λεσθαι
2258 3098 2440 3153 δοῦναι
2465 3102 2675 3171 νομίζει
2713 3104 2782 3156 τὰ
2810 3104 3130 3175 ἐγκλήματα
3159 3102 3436 3171 γίνεσθαι·
3478 3101 3620 3168 ὅπερ

2041 3175 2134 3233 οὖν
2161 3181 2254 3234 καί¹
2281 3181 2426 3236 ἔστιν
2456 3183 2674 3256 ἀληθές.
2715 3186 2772 3238 Ὀ
2804 3186 2860 3238 δὲ
2892 3186 3029 3257 μετά
3058 3187 3118 3239 τὸ
3143 3185 3325 3239 δοῦναι
3345 3181 3618 3252 ἐγκαλῶνν

2041 3265 2442 3335 εὐπαράδεκτον
2499 3271 2642 3322 ποιεί
2704 3271 2802 3340 τὴν
2860 3270 3180 3342 παραίνεσιν
3202 3287 3224 3301 ·-
3275 3271 3336 3323 οὐ
3393 3268 3502 3337 γὰρ
3561 3265 3634 3330 ἐξ

2041 3348 2465 3420 ἀπανθρωπίας,
2500 3352 2616 3404 ἀλλ’
2647 3355 2711 3406 ἐκ
2738 3355 3064 3424 κηδεμονίας
3109 3357 3344 3406 ποιεῖται
3376 3352 3472 3421 τὴν
3496 3352 3622 3434 Em:

2038 3430 2280 3501 τίμησιν.
2302 3432 2472 3502 ,οὓτω
2508 3435 2600 3488 καί
2627 3437 2836 3500 Παῦλος
2867 3437 3154 3508 ἐποίησεν·
3186 3436 3352 3490 εἰπὼν
3387 3432 3517 3504 γὰρ.
3548 3430 3622 3486 Et

2039 3532 2125 3580 τις
2157 3518 2228 3568 οὐ
2257 3515 2416 3569 θέλει
2436 3518 2799 3586 ἐργάζεσθαι,
2827 3521 2984 3590 μηδέ
3008 3520 3272 3584 ἐσθιέτω,
3307 3519 3500 3586 ἐπάγει
3529 3514 3616 3566 λέ-

2036 3611 2185 3665 γων·
2221 3598 2406 3667 Ἰζιιεῖς
2446 3599 2517 3652 δὲ
2548 3601 2615 3654 τὸ
2661 3602 2854 3656 καλὸν
2902 3604 3216 3669 ποιοῦντες
3233 3601 3319 3674 μὴ
3359 3595 3613 3663 ἐκκακή·

2035 3696 2201 3746 σητε.
2235 3683 2425 3734 Καίτοι
2464 3683 2612 3737 δοκεῖ
2636 3685 2808 3738 ταῦτα
2837 3687 3052 3739 ἐναντία
3084 3682 3222 3740 εἶναι
3253 3685 3320 3738 τά
3382 3681 3618 3754 προστά-

2035 3779 2241 3833 γματα.
2275 3765 2337 3818 Εἰ
2373 3764 2481 3836 γὰρ
2525 3767 2585 3819 οὐ
2634 3768 2716 3820 δεῖ
2755 3769 2881 3833 τοὺς
2911 3771 3215 3841 ἀργοῦντας
3244 3768 3460 3831 ἐσθίειν,
3491 3765 3609 3828 πῶς

2033 3845 2242 3910 τούτοις
2295 3848 2537 3912 κελεύεις
2583 3851 2642 3904 16
2684 3852 2846 3907 καλὸν
2898 3857 3102 3920 ποιεῖν;
3139 3853 3280 3907 Ἀλλ’
3322 3853 3423 3905 οὐκ
3460 3850 3606 3902 ἔστιν

2033 3931 2305 3986 ἐναντίον·
2348 3932 2424 4004 μὴ
2451 3933 2682 4001 γένοιτο.
2715 3937 2812 3988 Διά
2846 3937 2954 4008 γὰρ
2991 3938 3149 3990 τοῦτο
3170 3979 3186 4004 ,
3221 3937 3403 4007 φησὶν,
3431 3931 3618 3996 εἷπον,.

2032 4014 2114 4066 ὅτι
2143 4015 2215 4066 El
2243 4032 2331 4081 τις
2364 4019 2434 4070 οὐ
2465 4018 2625 4070 θέλει
2650 4018 3012 4086 ἐργάζεσθαι,
3038 4019 3194 4090 μηδέ
3220 4021 3483 4080 ἐσθιέτω,
3507 4014 3609 4084 οὐχ

2033 4097 2120 4150 ἵνα
2149 4098 2277 4161 τοὺς
2311 4097 2601 4166 μέλλοντας
2637 4100 2836 4155 διδόναι
2869 4104 3138 4172 ἀπαγάγω
3167 4103 3265 4173 τῆς
3308 4096 3603 4170 ἐλεημοσύο

2033 4195 2150 4249 νης,
2175 4179 2289 4232 ἀλλ’
2316 4181 2402 4233 ἵνα
2433 4183 2557 4244 τοὺς
2582 4184 2638 4234 ἐν
2669 4183 2834 4256 ἀργίᾳ
2860 4185 3068 4249 ζῶντας
3090 4187 3364 4253 ἀπαγάγω
3387 4183 3487 4252 τῆς
3511 4183 3606 4252 ἀρε

2032 4257 2177 4330 γίας.
2215 4262 2287 4315 T6
2341 4265 2439 4334 μὲν
2480 4261 2572 4317 οῦν
2618 4269 2811 4330 εἰπεῖν,
2853 4268 3021 4336 Μηδὲ
3056 4269 3321 4330 ἐσθιέτω,
3361 4267 3604 4328 ἐκείνους

2030 4347 2331 4417 διανίστησι
2365 4347 2496 4419 πρὸς
2523 4349 2804 4418 ἐργασίαν,
2839 4349 2931 4420 τῷ·
2951 4351 3102 4423 φόϐῳ
3134 4353 3232 4422 τῆς
3262 4351 3488 4420 ἀπειλῆς
3508 4367 3519 4378 ·
3543 4350 3605 4402 16

2029 4428 2087 4480 δὲ
2137 4430 2343 4493 εἰπεῖν,
2403 4429 2473 4482 Τὸ
2529 4433 2723 4484 καλὸν
2771 4434 3084 4501 ποιοῦντες
3123 4437 3208 4504 μή
3258 4433 3601 4494 ἐκκακεῖτε,

2027 4511 2248 4574 τούτους
2274 4513 2529 4585 διεγείρει
2555 4515 2688 4583 πρὸς
2719 4515 3086 4590 ἐλεημοσύνην
3115 4518 3193 4589 τῷ
3223 4517 3478 4588 χρησίμῳ
3504 4515 3604 4586 τῆς

2029 4596 2425 4667 παραινέσεως.
2475 4599 2592 4650 Ἵνα
2638 4599 2747 4670 γὰρ
2795 4603 2909 4671 μὴ,
2962 4602 3290 4666 ἀκούσαντες
3335 4602 3436 4671 τῆς
3481 4603 3602 4652 κατ’

2027 4681 2251 4734 ἐκείνων
2280 4681 2651 4752 γεγενημένης
2677 4683 2926 4753 ἀπειλῆς,
2959 4687 3275 4738 συστείλωσι
3295 4683 3395 4747 τὰς
3415 4682 3604 4754 χεῖράς

2025 4779 2191 4827 τινες,
2216 4763 2528 4816 ἐκκαλεῖται
2557 4765 2691 4834 πρὸς
2724 4765 3124 4839 φιλοφροσύνην
3156 4768 3373 4830 αὐτοὺς,
3405 4766 3598 4835 λέγων·

2030 4846 2101 4900 Τὸ
2140 4844 2333 4900 καλὸν
2360 4847 2672 4912 ποιοῦντες
2699 4849 2786 4917 μὴ
2813 4849 3137 4904 έκκακεῐτε.
3173 4851 3338 4903 Ὥστε
3376 4850 3470 4903 καὶ
3497 4850 3601 4922 ἀρ-

2022 4930 2208 4999 γοῦντι
2235 4928 2331 4982 ἐὰν
2363 4928 2489 4999 δῷς,
2525 4931 2688 4982 καλὸν
2721 4933 3048 5003 πεποίηκας.

2093 5012 2159 5067 θ’.
2193 5011 2362 5064 Τοῦτο
2392 5013 2488 5064 καὶ
2517 5014 2705 5076 ἐντοῖς
2737 5015 2864 5086 ἑξῆς
2896 5015 3055 5089 δῆλον
3074 5016 3345 5087 ἐποίησεν.
3369 5015 3551 5070 Εἰπὼν
3570 5026 3593 5055 ο

2020 5095 2160 5166 γὰρ,
2190 5096 2265 5149 Εῖ
2290 5111 2382 5160 τις
2413 5097 2527 5164 οὐχ
2556 5098 2849 5152 ὑπακούει
2874 5099 2955 5164 τῷ
2989 5101 3148 5170 λόγῳ
3176 5101 3346 5170 ἡμῶν
3366 5099 3465 5154 δια
3487 5099 3598 5168 τῆς

2017 5179 2351 5247 ἐπιστολῆς
2370 5219 2385 5243 ,
2415 5179 2631 5235 τοῦτον
2656 5180 3054 5251 σημειοῦσθε,
3093 5185 3192 5239 καὶ
3213 5185 3300 5256 μὴ
3329 5201 3596 5240 συνανα-

2013 5265 2310 5336 μίγνυσθε
2331 5264 2490 5329 αὐτῷ
2511 5281 2523 5294 ·
2567 5265 2660 5318 καὶ
2693 5267 2932 5337 ἐκκόψας
2964 5269 3126 5324 αὐτὸν
3176 5272 3276 5341 τῆς
3317 5273 3467 5343 ἰερᾶς
3499 5273 3598 5325 αὐ-

2016 5349 2136 5418 λῆς,
2188 5349 2350 5402 πάλιν
2405 5348 2568 5401 αὐτὸν
2600 5349 2770 5425 ἑτέρῳ
2815 5354 3075 5408 συνάπτει
3103 5357 3310 5428 τρόπῳ,
3354 5357 3452 5418 τὰς
3484 5357 3596 5410 τῶν

2018 5433 2359 5504 ἐκτεμόντων
2389 5433 2624 5496 διανοίας
2649 5433 2868 5492 οἰκειῶν
2898 5438 3045 5511 αὐτῷ
3071 5441 3165 5494 καὶ
3192 5439 3458 5508 συνάγων·
3498 5445 3596 5495 ἐπ-

2075 5641 2245 5722 bnyss.
2274 5643 2516 5722 έγλιληθῄς.
2557 5645 2671 5696 Cod.
2713 5647 2899 5722 7:68_'{v1
2924 5653 2986 5712 μὴ
3032 5654 3274 5713 ὠμότητος
3295 5657 3502 5722 ὑποψίαν
3518 5657 3594 5722 δγι

2017 5705 2571 5778 κληθῇςκαίβαρύτητα,
2592 5723 2705 5777 ἠυδε
2726 5711 2873 5778 lcgflip
2897 5705 2992 5763 ηόἡ
3019 5705 3093 5764 ε·σί
3115 5705 3409 5778 ςρέϊηεηὼιί

2081 5768 2103 5797 ⁸
2130 5767 2225 5819 Alii
2252 5768 2351 5824 ἑξῆς
2373 5769 2909 5824 κατεσκεύασενἛίπιὲΝ.
3131 5769 3142 5800 έ
