3990 6358
364 401 469 460 289

363 527 537 593 ήγαγε
567 521 694 589 γοῦν
721 520 912 589 λέγων’
937 519 1034 589 Μὴ
1057 521 1137 586 ὡς
1169 519 1407 588 ἐχθρὸν,
1445 519 1632 590 φησὶν,
1672 518 1935 590 ἡγεῖσθε,

358 606 497 661 ἀλλ’
527 605 605 670 ὠς
631 603 921 674 ἀδελφόν.
942 603 1152 674 ’Ὠσπερ
1178 599 1269 656 οὖν
1300 601 1490 666 εἰπὼν,
1523 603 1596 656 El
1621 619 1712 669 τις
1745 604 1816 657 οὐ
1846 601 1938 658 θέυ

360 693 450 743 ,ἰει
474 687 838 758 ἐργάζεσθαι,
852 686 1008 755 μηδὲ
1029 687 1295 752 ἐσθιέτω,
1317 688 1430 750 τοῖς
1457 687 1666 758 κυρίοις
1683 686 1936 740 ἐκέλευσε

361 774 560 843 πολλὴν
598 771 776 825 αὐτῶν
827 771 1095 824 ποιεῖσθαι
1137 771 1394 841 πρόνοιαν
1426 771 1621 824 πάλινο
1661 769 1805 824 οὕτω
1843 769 1939 823 καὶ

361 854 591 909 ἐνταῦθα
612 854 801 918 εἰπὼν,
836 854 932 922 Μὴ
962 855 1495 923 συναναμίγνυσθε
1515 852 1695 919 αὐτῷ,
1719 854 1818 906 οὐκ
1836 855 1939 906 ἀπ-

364 939 589 1008 έστησεν
613 935 777 990 αὐτοῦ
809 937 908 1008 τῆς
935 937 1253 1007 ἐπιμελείας
1285 939 1413 1000 τοὺς
1445 937 1766 1000 ἀκούοντας,
1803 936 1937 990 ἀλλά

362 1021 456 1074 καὶ
520 1021 724 1092 σφόδρα
782 1021 963 1084 αὐτοῖς
1009 1020 1392 1075 ἀντιλαϐέσθαι
1459 1021 1935 1091 παρεκελεύσατο,

361 1105 616 1175 προσθεὶς
646 1105 740 1158 καὶ
767 1103 956 1167 εἰπὼν,
1001 1103 1112 1158 Καὶ
1157 1103 1243 1173 μὴ
1287 1105 1368 1170 ὡς
1411 1105 1629 1174 ἐχθρὸν
1671 1104 1935 1174 ᾐτεῖσθε,

361 1188 500 1241 ἀλλ’
549 1188 628 1253 ὡς
663 1187 954 1256 ἀδελφόν.
1009 1187 1342 1258 Ἐχωρίσθης
1391 1188 1556 1240 αὐτοῦ
1602 1188 1700 1258 τῆς
1750 1204 1938 1240 συνου-

366 1272 485 1333 σίας
510 1309 525 1334 ,
561 1269 697 1324 ἀλλά
724 1269 799 1341 μὴ
832 1269 1107 1340 χωρισθῇς
1135 1270 1236 1339 τῆς
1261 1269 1587 1341 κηδεμονίας
1606 1288 1620 1302 ο
1653 1270 1939 1340 ἀπέκοψας

361 1353 524 1407 αὑτὸν
554 1353 652 1425 τῆς
679 1354 919 1416 συνόδου,
949 1352 1024 1424 μὴ
1055 1353 1338 1426 ἀποκόψῃς
1369 1352 1532 1407 αὑτὸν
1560 1354 1660 1424 τῆς
1690 1353 1934 1424 ἀγάπης.

362 1437 471 1490 Καὶ
496 1435 603 1507 γὰρ
648 1436 779 1490 αὐτὸ
818 1435 975 1489 τοῦτο
1017 1435 1084 1489 δι’
1117 1436 1337 1506 ἀγάπην
1375 1435 1637 1489 ἐκέλευσα
1667 1436 1935 1504 γίνεσθαι,

365 1519 450 1572 ἵνα
472 1517 549 1589 τῷ
574 1518 836 1589 χωρισμῷ
879 1517 1168 1588 γενόμενος
1193 1517 1440 1588 βελτίων,
1474 1517 1609 1589 πρὸς
1651 1518 1711 1572 τὸ
1749 1517 1936 1573 λοιπὸν

361 1601 633 1675 ἐπανέλθῃ
678 1601 865 1672 σῶμαο
917 1600 1038 1653 ἐπεὶ
1091 1601 1186 1654 καὶ
1240 1603 1286 1653 οἰ
1336 1601 1571 1672 πατέρες
1615 1601 1713 1672 τῆς
1758 1602 1937 1667 οἰκίας

360 1684 462 1755 τῆς
494 1683 700 1738 ἑαυτῶν
725 1682 1042 1737 ἐκϐάλλουσι
1070 1683 1197 1747 τοὺς
1223 1683 1438 1747 παῖδας,
1472 1684 1570 1754 οὐχ
1593 1683 1678 1737 ἵνα
1704 1684 1809 1751 ἔξω
1839 1686 1937 1756 μέ-

361 1785 492 1822 νωσι
529 1767 828 1836 διηνεκῶς,
874 1765 988 1819 ἀλλ’
1045 1765 1134 1819 ἴνα
1179 1765 1257 1837 τῷ
1305 1767 1406 1836 τῆς
1452 1767 1628 1830 οἰκίας
1683 1769 1936 1822 ἐκπεσεῖν

361 1849 642 1922 γενόμενοι
683 1847 1108 1922 σωφρονέστεροι
1131 1890 1148 1916 ,
1177 1851 1316 1921 πρὸς
1356 1849 1454 1919 τὴν
1504 1851 1681 1904 οἰκίαν
1713 1851 1939 1904 ἐπανέλ-

362 1933 496 1986 θωσι
534 1931 716 1988 πάλιν.
755 1933 900 2004 Πρὸς
935 1935 1034 2006 μὲν
1059 1930 1153 1988 οῦν
1192 1934 1318 1995 τοὺς
1343 1933 1539 2004 ἀργίαν
1571 1935 1937 2002 ἐγκαλοῦντας

364 2014 523 2069 ικανά
546 2015 615 2068 τὰ
641 2017 924 2087 εἰρημένα.

445 2101 660 2171 Ἐπειδὴ
681 2101 738 2154 δὲ
762 2101 857 2154 καὶ
885 2100 1073 2173 ἕτερός
1103 2102 1218 2154 ἐστι
1248 2099 1462 2163 πολλοῖς
1500 2099 1936 2172 μεμελετημένος

361 2183 515 2252 λόγος
547 2184 684 2255 πρός
714 2183 1034 2252 ἀπολογίαν,
1081 2181 1478 2252 ἀπανθρωπίας
1519 2183 1613 2235 καὶ
1653 2183 1937 2255 ὠμότητος

361 2267 578 2338 γέμων,
617 2266 831 2338 ἀνάγκη
873 2269 968 2320 καὶ
1007 2265 1195 2320 τοῦτον
1231 2265 1559 2336 διεξελέγξαι
1609 2267 1794 2329 πάλιν,
1839 2267 1938 2338 οὐχ

363 2353 449 2405 ἵνα
470 2351 765 2420 ἀπολογίας
793 2353 991 2415 αὐτοὺς
1021 2351 1506 2423 ἀποστερήσωμεν,
1530 2350 1680 2424 [278]
1705 2353 1818 2406 ἀλλ’
1849 2353 1938 2408 ἵνα

362 2435 640 2504 πείσωμεν
669 2435 767 2506 τὴν
793 2435 893 2489 οὐκ
924 2431 1110 2499 οὖσαν,
1158 2434 1275 2487 οὐδὲ
1298 2433 1614 2502 ὠφελοῦσαν
1641 2435 1938 2504 ἀπολογίαν

361 2517 682 2582 ἀποθέσθαι,
729 2516 828 2589 τὴν
855 2517 912 2570 δὲ
939 2513 1106 2571 οὖσαν
1151 2517 1245 2570 καὶ
1291 2517 1591 2588 προστῆναι
1633 2517 1936 2590 δυναμένην

361 2601 455 2653 ἐπὶ
481 2600 574 2652 τοῦ
613 2599 855 2670 βήματος
883 2598 978 2653 τοῦ
1018 2597 1287 2670 Χριστοῦ,
1323 2598 1527 2671 ταύτην
1571 2599 1659 2653 διὰ
1704 2601 1812 2655 τῶν
1855 2601 1937 2673 ἐρ-

362 2700 474 2751 γων
507 2683 734 2754 μελετᾷν
758 2682 1044 2754 διηνεκῶς.

432 2765 530 2828 Τίς
563 2761 654 2819 οὖν
695 2766 844 2820 ἐστιν
874 2768 906 2838 ή
935 2765 1120 2837 ψυχρά
1157 2766 1250 2820 καὶ
1300 2764 1552 2838 ἀνόνητος
1582 2765 1690 2819 τῶν
1725 2765 1935 2819 πολλῶν

360 2848 654 2916 ἀπολογίας
689 2849 1054 2920 Παιδοτροφίᾳ
1083 2849 1248 2914 συζῶ,
1267 2852 1451 2920 φησὶν,
1470 2850 1647 2913 οἰκίας
1675 2852 1935 2922 προΐστα-

365 2949 484 3002 μαι,
524 2935 756 3000 γυναῖκα
784 2931 990 3003 τρέφω,
1023 2932 1222 2997 πολλὰς
1249 2932 1356 3004 ἐχω
1384 2932 1630 3004 δαπάνης
1665 2933 1931 3002 ἀνάγκας·

359 3015 484 3068 ὅθεν
515 3017 614 3070 οὐκ
652 3015 868 3088 εὐπορῶ
901 3017 1027 3080 τοὺς
1055 3017 1379 3087 προσιόντας
1409 3033 1498 3087 μοι
1525 3016 1715 3070 ἐλεεῖν.
1757 3018 1820 3071 Τί
1845 3018 1934 3070 λέ-

363 3115 482 3166 γεις
505 3116 519 3166 ;
551 3098 742 3152 Παιδία
777 3099 1017 3169 τρέφεις,
1048 3102 1143 3152 καὶ
1168 3100 1256 3154 διά
1283 3099 1442 3152 τοῦτο
1467 3100 1592 3164 τοὺς
1616 3102 1938 3171 προσιόντας

361 3183 464 3237 οὐκ
508 3182 705 3249 ἐλεεῖς;
737 3184 816 3234 Δι’
849 3183 990 3236 αὐτά
1035 3183 1132 3253 μὲν
1160 3179 1253 3237 οὖν
1294 3181 1468 3237 ταῦτα
1498 3184 1623 3246 τοὺς
1653 3182 1937 3253 δεομένους

363 3267 532 3319 ἐλεεῖν
558 3265 657 3328 δεῖ,
685 3265 772 3320 διά
796 3265 864 3320 τά
887 3266 1096 3332 παιδία,
1131 3267 1226 3320 καὶ
1253 3266 1351 3337 τὴν
1374 3265 1554 3320 αὐτῶν
1578 3267 1934 3338 προστασίαν,

366 3349 452 3402 ῐνα
485 3349 592 3402 ἀπὸ
619 3348 814 3416 ὀλίγων
845 3350 1143 3420 χρημάτων
1180 3350 1306 3403 ἵλεω
1338 3350 1429 3404 τὸν
1451 3350 1608 3403 δόντα
1647 3349 1784 3402 αὐτά
1807 3350 1938 3405 Θεὸν

363 3433 632 3503 ποιήσῃς,
680 3432 766 3484 ἵνα
811 3432 1115 3503 καταλίπῃς
1147 3433 1332 3496 αὐτοῖς
1379 3432 1688 3504 προστάτην
1733 3433 1938 3487 ἐκεῖνον

364 3515 459 3568 καὶ
492 3514 629 3584 μετά
658 3515 752 3568 τὸν
777 3515 868 3568 σὺν
896 3515 1142 3580 θάνατον,
1172 3517 1261 3570 ἵνα
1286 3516 1487 3588 πολλὴν
1521 3513 1707 3581 αὐτοῖς
1733 3517 1939 3571 ἀνωθεν

365 3595 578 3649 εὔνοιαν
623 3597 904 3669 ἐπισπάσῃ
943 3598 1052 3650 ἀπὸ
1095 3597 1204 3652 τῶν
1246 3600 1469 3653 ἐκείνων
1515 3600 1812 3670 χρημάτων
1861 3600 1940 3671 τῷ

363 3677 483 3748 Θεῷ
529 3677 801 3732 δαπανῶν.
853 3682 965 3750 Οὐχ
1012 3682 1183 3752 ὁρᾷς,
1241 3682 1324 3734 ὅτι
1375 3681 1558 3734 πολλοὶ
1618 3681 1940 3753 ἀνθρώπους

365 3761 728 3824 πλουτοῦντας
749 3761 842 3815 καὶ
870 3764 927 3815 ἐν
951 3763 1290 3827 δυναστείαις
1320 3763 1501 3832 ὄντας,
1525 3766 1822 3836 οὐδαμόθεν
1844 3767 1937 3821 σύ-

365 3845 478 3908 τοῖς
507 3846 880 3915 προσήκοντας
899 3886 914 3912 ,
944 3848 1024 3909 εἰς
1065 3847 1165 3909 τὰς
1203 3846 1468 3918 διαθήκας
1499 3848 1761 3912 πολλάκις
1824 3851 1936 3902 εἰσ-

363 3929 577 3999 ήγαγον
603 3927 704 3991 τάς
727 3929 954 3996 ἑαυτῶν,
970 3930 1064 3984 καὶ
1090 3933 1199 3994 τοῖς
1218 3931 1425 3986 ἑαυτῶν
1450 3933 1606 3987 παισὶ
1636 3933 1938 4009 συγκληρο-

363 4012 561 4082 νόμους
590 4011 876 4083 ἐποίησαν,
919 4013 986 4066 δι’
1033 4013 1162 4069 ἄλλο
1212 4016 1311 4086 μὲν
1352 4016 1524 4083 οὐδὲν,
1568 4017 1652 4070 ἵνα
1679 4018 1737 4071 δὲ
1763 4018 1940 4086 ἀσφά-

363 4095 514 4148 λειαν
572 4097 684 4158 τοῖς
729 4095 935 4149 ἑαυτῶν
992 4098 1299 4169 κτήσωνται
1343 4102 1530 4154 παισὶν
1580 4100 1694 4155 ἀπὸ
1743 4102 1937 4171 ὀλίγων

364 4177 696 4249 χρημάτων;
724 4179 818 4231 καὶ
845 4179 1038 4245 ταῦτα,
1065 4183 1166 4235 οὐκ
1202 4183 1402 4247 εἰδότες
1431 4184 1547 4248 πῶς
1574 4185 1938 4241 διακείσονται

366 4260 507 4329 μετὰ
542 4260 642 4330 τὴν
671 4261 850 4315 αὐτῶν
877 4263 1129 4335 τελευτὴν
1158 4267 1284 4337 περὶ
1311 4269 1438 4332 τοὺς
1464 4268 1645 4322 αὐτῶν
1671 4271 1866 4336 παῖδας
1887 4274 1937 4326 οἱ

362 4340 457 4394 τοῦ
494 4341 694 4414 κλήρου
717 4346 996 4414 γενόμενοι
1026 4351 1303 4416 κοινωνοί;
1355 4352 1428 4406 Σὺ
1459 4351 1514 4407 δὲ
1556 4352 1713 4417 εἰδὼς
1736 4355 1796 4408 τὸ
1828 4355 1942 4425 φιλ-

365 4425 652 4496 άνθρωπον
685 4429 777 4481 καὶ
814 4430 1047 4501 χρηστὸν
1094 4433 1190 4488 καὶ
1221 4435 1464 4500 ἐπιεικὲς
1490 4436 1583 4492 τοῦ
1613 4437 1706 4492 σοῦ
1740 4440 1940 4493 Δεσπό-

368 4585 426 4593 —-
449 4588 468 4592 --
479 4588 632 4594 __.._-._.

1047 415 1104 473 8.
1145 414 1429 473 JOANMS
1465 413 1965 484 CHRYSQSTOMI'
1994 410 2317 468 ARCHIIEP.
2358 404 2902 466 CONSTANTI‘SOP.

3507 391 3616 449 290

2031 536 2132 572 του
2154 561 2168 585 ,
2201 518 2550 587 οὑ·ποιήσεις
2597 517 2758 571 αὐτὸν
2791 511 3046 570 κοινωνὸν
3075 513 3175 584 τῆς
3209 509 3475 579 διαθήκης
3512 509 3616 577 τῆς

2040 604 2172 673 σῆς;
2211 603 2273 656 οὐ
2304 603 2548 673 ποιήσεις
2584 599 2750 653 αὐτὸν
2780 596 3218 669 συγκληρονόμον
3252 592 3360 646 τῶν
3392 591 3602 644 παίδων

2038 686 2146 738 τῶν
2191 685 2328 750 σῶν;
2375 686 2469 738 καὶ
2503 686 2604 738 ποῦ
2638 685 2811 738 ταῦτα
2842 682 3048 752 πατρὸς
3069 723 3083 745 ,
3120 678 3241 733 εἰπέ
3266 694 3385 748 μοι,
3417 675 3615 738 παῖδας

2040 768 2345 838 φι).οὖντος;
2383 770 2446 822 Εἰ
2471 767 2581 840 γὰρ
2609 769 2746 839 κήδῃ
2778 766 2887 820 τῶν
2914 764 3214 836 τεχθέντων
3247 760 3477 823 παίδων,
3505 775 3609 810 κα-

2037 853 2258 907 τάλειπε
2301 855 2685 922 γραμματεῖον
2737 851 2919 913 αὐτοῖς
2943 889 2956 912 ,
2995 851 3054 902 ἐν
3085 840 3131 914 ᾧ
3165 844 3258 898 τὸν
3299 843 3431 896 Θεὸν
3473 840 3618 910 [χεις

2039 937 2356 990 ὑπεύθυνον.
2379 936 2550 989 Τοῦτο
2571 936 2800 1005 μεγίστη
2819 930 3177 1004 κληρονομία,
3200 926 3357 982 τοῦτο
3387 926 3616 994 κόσμος,

2036 1021 2194 1073 τοῦτο
2221 1019 2506 1086 ἀσφάλεια.
2526 1020 2799 1086 Εἰσάγαγε
2831 1017 2898 1071 αὐ
2911 1016 3000 1069 τὸν
3029 1017 3108 1077 εἰς
3127 1013 3227 1083 τὴν
3251 1007 3618 1080 κληρονομίαν

2038 1106 2138 1176 τὴν
2184 1103 2439 1165 ἐνταῦθα,
2477 1103 2564 1155 ἵνα
2598 1118 2656 1154 σε
2687 1101 2826 1172 μετά
2859 1098 2966 1151 τῶν
3010 1095 3215 1176 παίδων
3263 1095 3344 1176 εἰς
3370 1090 3467 1160 τὴν
3493 1088 3619 1176 πλη-

2041 1172 2298 1259 ρονομίαν
2326 1185 2697 1255 ἀντεισαγάγῃ
2727 1183 2827 1252 τὴν
2860 1183 2994 1236 ἐκεῖ.
3025 1172 3194 1241 Οὗτος
3222 1179 3251 1230 ὀ
3281 1172 3618 1259 κληρονόμος

2041 1254 2307 1339 γενναῖος,
2337 1254 2738 1336 φιλάνθρωπος,
2770 1263 3027 1336 χρηστὸς,
3057 1259 3304 1321 δυνατὸς,
3335 1254 3615 1339 πλούσιος-

2038 1337 2178 1406 ῶστε
2227 1351 2346 1405 κατ’
2394 1351 2546 1403 οὐδὲν
2606 1349 2753 1402 ἔστιν
2805 1344 3142 1400 ὑποπτεῦσαι
3189 1343 3288 1412 τὴν
3333 1337 3619 1393 κοινωνίαν

2037 1437 2222 1490 αὐτοῦ.
2260 1435 2358 1488 Διά
2382 1435 2538 1487 τοῦτο
2561 1432 2658 1486 καὶ
2682 1430 2880 1502 σπόρος
2907 1431 2941 1500 ἡ
2970 1425 3311 1499 ἐλεημοσύνη
3342 1423 3615 1485 καλεῖται,

2037 1522 2224 1593 ἐπειδὴ
2261 1523 2360 1573 οὐκ
2398 1519 2513 1571 ἔστι
2565 1515 2775 1587 δαπάνη
2820 1514 2879 1567 τὸ
2930 1513 3196 1584 πρᾶγμα,
3250 1507 3388 1563 ἀλλά
3439 1506 3614 1593 πρόσ-

2036 1607 2156 1669 οδος
2178 1623 2190 1635 ·
2214 1591 2284 1656 σὺ
2327 1604 2383 1657 δὲ
2405 1644 2418 1666 ,
2457 1603 2584 1654 ὅταν
2621 1601 2720 1670 μὲν
2755 1598 2998 1670 σπείρειν
3038 1597 3168 1665 δέῃ,
3207 1595 3270 1647 οὐ
3302 1591 3616 1664 προσέχεις,

2037 1693 2119 1745 ὅτι
2160 1691 2335 1752 κενοῖς
2381 1689 2450 1740 τὰ
2489 1689 2714 1757 ταμιεῖα
2757 1683 2867 1737 τῶν
2901 1681 3144 1736 παλαιῶν
3183 1675 3538 1748 γεννημάτων
3564 1687 3614 1739 ³,

2037 1773 2174 1828 ἀλλά
2213 1771 2498 1843 προσέχεις
2555 1768 2632 1840 τῷ
2678 1768 2903 1839 μηδέπω
2935 1765 3163 1838 παρόντι
3191 1764 3302 1817 τῶν
3339 1759 3616 1831 γεννημά-

2035 1873 2144 1910 των
2182 1853 2406 1926 ἀμητῷ·
2442 1853 2536 1906 καὶ
2583 1851 2777 1916 ταῦτα,
2825 1851 2927 1903 οὐκ
2959 1847 3138 1913 εἰδὼς,
3171 1847 3254 1900 ὄτι
3286 1846 3500 1906 πάντως
3527 1845 3621 1895 ἐκ-

2037 1938 2283 2008 ϐήσεται.
2354 1936 2461 1990 Καὶ
2503 1935 2613 2006 γὰρ
2664 1935 2758 1988 καὶ
2803 1932 3052 2005 ἐρυσίϐη,
3100 1930 3197 1983 καὶ
3245 1927 3475 2000 χάλαζα,
3523 1927 3619 1978 καὶ

2036 2023 2227 2092 ἀκρίς,
2266 2020 2360 2073 καὶ
2396 2019 2574 2090 ἀέρων
2603 2015 2908 2088 ἀνωμαλία,
2967 2015 3061 2068 καί
3087 2012 3258 2066 πολλὰ
3286 2011 3385 2080 τῆς
3408 2008 3620 2092 ἐλπίδος

2035 2090 2183 2177 ἡμᾶς
2221 2103 2534 2174 ἀντικρούει
2564 2103 2662 2172 τῆς
2693 2099 3024 2171 μελλούσης·
3067 2098 3145 2158 εἰς
3181 2094 3238 2147 δὲ
3263 2093 3353 2146 τὸν
3389 2090 3617 2177 οὐρανὸν

2041 2175 2247 2261 μέλλων
2279 2189 2546 2260 σπείρειν,
2594 2188 2729 2239 ὅπου
2760 2185 2912 2238 πᾶσα
2951 2183 3047 2253 μὲν
3103 2177 3388 2248 ἀνωμαλία
3433 2175 3616 2261 ἀέρων

2036 2259 2383 2344 ἐκϐέϐληται,
2409 2259 2588 2341 πάσης
2618 2270 2674 2322 δὲ
2701 2267 2877 2337 λύπης
2908 2266 3001 2319 καὶ
3031 2261 3320 2332 ἐπιϐουλῆς
3350 2259 3617 2344 ἀνῄρηται

2037 2342 2308 2429 πρόφασις
2333 2397 2347 2418 ,
2393 2356 2572 2418 ὀκνεῖς
2617 2354 2710 2406 καί
2744 2349 2980 2422 ἀναδύῃς
3016 2347 3127 2400 Καὶ⁹
3160 2346 3317 2429 ποίαν
3364 2342 3621 2429 εὑρήσεις

2039 2425 2390 2509 συγγνώμην,
2425 2437 2552 2492 ὅταν
2594 2437 2674 2500 εἰς
2712 2436 2809 2506 μὲν
2840 2435 2938 2504 τὴν
2967 2432 3069 2501 γῆν
3097 2427 3448 2483 καταϐάλλων
3480 2425 3618 2509 θαρ-

2039 2526 2160 2594 βῆς,
2209 2523 2302 2575 καὶ
2329 2508 2487 2591 μετά
2527 2519 2836 2589 προθυμίας
2877 2516 3038 2570 τοῦτο
3069 2517 3250 2584 ποιῇς,
3295 2514 3376 2575 εἰς
3421 2508 3621 2594 δὲτὴν

2036 2593 2191 2678 χεῖρα
2214 2605 2307 2658 τοῦ
2338 2604 2473 2658 Θεοῦ
2514 2603 2722 2674 μέλλων
2746 2600 3130 2662 καταϐάλλειν,
3152 2598 3331 2659 ὀκνεῖς
3369 2594 3468 2678 καί
3489 2593 3623 2663 ἀμε-

2037 2676 2181 2750 λείς;
2231 2687 2296 2741 EE
2345 2687 2453 2756 γάρ
2501 2688 2534 2756 ή
2589 2686 2661 2754 γῆ
2707 2684 2776 2738 τὰ
2820 2681 3234 2752 καταϐληθέντα
3289 2676 3619 2737 ἀποδίδωσι,

2036 2770 2217 2842 πολλῷ
2255 2771 2455 2842 μᾶλλον
2499 2773 2532 2841 ή
2571 2768 2665 2822 τοῦ
2709 2765 2848 2821 Θεοῦ
2889 2768 3040 2837 χεὶρ,
3089 2765 3232 2834 άπερ
3269 2762 3336 2816 ἂν
3375 2760 3620 2830 δέξηται,

2041 2855 2179 2928 μετά
2209 2857 2388 2925 πάσης
2415 2854 2685 2907 ἀποδώσει
2720 2868 2801 2904 σοι
2825 2850 2926 2920 τῆς
2955 2847 3293 2919 περιουσίας.

2111 2938 2156 2991 ι’.
2177 2938 2340 2992 Ταῦτ’
2377 2933 2469 2990 οὖν
2509 2935 2731 2998 εἰδότες,
2781 2935 2857 3006 μὴ
2890 2936 2956 3004 τῇ
2990 2931 3207 3003 δαπάνῃ
3235 2927 3621 2999 προσέχωμεν,

2037 3023 2164 3075 ὅταν
2181 3020 2553 3092 ἐλεημοσύνην
2571 3020 2835 3089 ποιῶμεν,
2851 3017 2986 3070 ἀλλὰ
3005 3019 3068 3086 τῇ
3089 3013 3336 3086 προσόδῳ
3357 3012 3450 3064 καὶ
3467 3007 3621 3080 [279}

2036 3108 2154 3168 ταῖς
2189 3103 2513 3174 μελλούσαις
2550 3102 2766 3166 ἐλπίσι,
2805 3101 2900 3154 καί⁵
2925 3099 3002 3170 τῷ
3032 3098 3262 3168 παρόντι
3286 3094 3345 3146 δὲ
3391 3093 3574 3163 κέρδει
3595 3111 3610 3123 ·

2035 3190 2096 3241 οὐ
2133 3187 2243 3258 γὰρ
2281 3185 2563 3256 βασιλείαν
2590 3182 2833 3254 οὐρανῶν
2864 3179 3203 3251 ἐλεημοσύνη
3241 3176 3492 3248 προξενεῖ
3526 3174 3625 3245 μό·

2036 3289 2146 3336 νον,
2179 3268 2313 3322 ἀλλά
2342 3269 2436 3322 κα)⁸
2463 3269 2560 3339 τὴν
2589 3265 2732 3320 κατά
2761 3265 2854 3318 τὸν
2890 3265 3131 3335 παρόντα
3165 3261 3277 3331 βίον
3320 3260 3624 3329 ἀσφάλειάν

2035 3369 2092 3405 τε
2139 3352 2235 3406 καὶ
2268 3351 2549 3421 ἀφθονίαν.
2587 3351 2684 3413 Τίς
2710 3349 2885 3402 ταῦτά
2933 3365 3098 3419 φησιν
3127 3363 3142 3410 ;
3178 3346 3351 3408 Αὐτὸς
3385 3347 3412 3397 ὀ
3442 3343 3622 3397 ταῦτα

2035 3434 2217 3488 δοῦναι
2266 3435 2473 3506 κύριος.
2510 3435 2569 3487 '0
2598 3434 2707 3505 γὰρ
2734 3433 2803 3484 τά
2840 3430 3006 3484 αὐτοῦ
3039 3427 3444 3506 πένησιηφησὶ,
3473 3426 3621 3488 δοὺς.

2039 3518 2573 3572 ἑκατονταπλασίονα
2611 3517 2840 3588 λήψεται
2893 3515 2952 3568 ὲν
2975 3513 3056 3583 τῷ
3089 3512 3247 3566 αἰῶνι
3289 3511 3485 3579 τούτῳ,
3528 3509 3625 3562 καὶ

2039 3601 2185 3672 ζωὴν
2227 3601 2445 3654 αἰώνιον
2492 3602 2912 3672 κληρονομήσει.
2969 3598 3136 3668 Ὁρᾷς
3171 3598 3229 3648 ἐν
3275 3594 3515 3664 ἑκατέρᾳ
3545 3595 3614 3662 τῇ

2040 3683 2152 3756 ζωῇ
2183 3683 2282 3747 τὰς
2311 3684 2548 3755 ἀμοιϐὰς
2567 3683 2847 3754 διδομένας
2873 3680 3013 3752 μετὰ
3043 3679 3245 3748 πολλῆς
3272 3679 3373 3748 τῆς
3397 3694 3622 3747 περιου-

2040 3767 2194 3833 σίαςς
2227 3765 2320 3838 Μὴ
2345 3769 2527 3820 τοίνυν
2551 3767 2822 3837 ὀκνῶμεν,
2851 3765 2986 3836 μηδὲ
3009 3761 3461 3833 ἀναϐαλλώμεθα,
3487 3760 3628 3814 ἀλλὰ

2037 3847 2161 3903 καθ’
2191 3849 2435 3920 ἐκάστην
2483 3850 2697 3922 ἡμέραν
2739 3847 2831 3900 τὸν
2857 3848 2958 3916 τῆς
2989 3845 3362 3917 ὲλεημοσύνης
3408 3843 3625 3915 καρπὸν

2039 3934 2317 4006 φέρωμεν,
2367 3935 2454 3988 ἵνα
2481 3935 2575 3987 καὶ
2609 3933 2677 3986 τὰ
2704 3933 2947 4003 παρόντα
2980 3933 3113 4001 ἡμῖν
3146 3929 3450 3999 πράγματα
3483 3927 3626 3979 κατά

2041 4017 2166 4088 ῥοῦν
2198 4018 2455 4089 φέρηται,
2484 4018 2578 4070 καὶ
2608 4017 2709 4087 τῆς
2735 4015 3036 4086 μελλούσης
3070 4013 3420 4082 ἐπιτύχωμεν
3439 4009 3623 4079 ζωῆςο

2036 4095 2105 4170 ἦς
2140 4099 2351 4168 γένοιτο
2385 4100 2594 4162 πάντας
2643 4101 2792 4170 ἡμᾶς
2825 4100 3140 4168 μετασχεῖν,
3174 4096 3358 4166 χάριτι
3400 4093 3494 4147 καὶ
3535 4109 3630 4161 φι-

2038 4180 2356 4254 λανθρωπίᾳ
2385 4183 2480 4236 τοῦ
2521 4181 2730 4253 Κυρίου
2776 4180 2934 4250 ήμῶν
2975 4177 3151 4250 Ἰησοῦ
3193 4175 3458 4248 Χριστοῦ,
3502 4173 3628 4246 μεθ’

2039 4260 2099 4320 οὗ
2125 4265 2204 4336 τῷ
2253 4266 2450 4337 Πατρὶ,
2488 4265 2605 4336 ἀμα
2639 4263 2718 4334 τῷ
2759 4262 2899 4333 ἁγίῳ
2946 4261 3244 4333 Πνεύματι,
3275 4259 3434 4325 δόξα,
3460 4256 3625 4328 τιμὴ,

2043 4349 2248 4420 κράτος
2281 4350 2361 4412 εἰς
2386 4349 2511 4412 τοὺς
2541 4347 2745 4410 αἰῶνας
2773 4345 2884 4400 τῶν
2917 4347 3151 4402 αἰώνων.
3203 4345 3400 4415 Ἀμήν.

2105 4454 2133 4483 ⁸
2159 4453 2292 4503 Unus
2317 4467 2406 4501 ms.
2431 4453 2511 4502 hic
2535 4459 2588 4502 et
2609 4465 2721 4502 mox
2741 4451 3033 4514 γενημὰτων.

1143 4703 1493 4790 ΠΑΛΙΝ
1550 4708 1721 4792 ΕΙΣ
1767 4711 1999 4797 ΤΗΝ
2043 4713 2424 4798 ΑΥΤΗΝ
2471 4713 2802 4800 ΡΗΣΙΝ

354 4872 372 4903 ι
400 4853 680 4926 Ἔχοντες
706 4855 775 4910 δὲ
806 4857 871 4912 τὸ
895 4857 1045 4913 αὐτὸ
1073 4861 1315 4932 Πνεῦμα
1343 4863 1452 4932 τῆς
1485 4866 1760 4934 πίστεως,
1809 4870 1959 4925 κατὰ
1985 4871 2053 4924 τὸ
2078 4875 2506 4945 γεγραμμένον
2534 4894 2552 4928 ι
2595 4877 2693 4928 καὶ
2731 4874 2829 4930 διὰ
2874 4876 2932 4929 τί
2981 4871 3156 4942 κοινῇ
3198 4869 3424 4935 πάντες
3471 4866 3624 4922 ἀπο-

1274 4956 1648 5025 λαμϐάνουσι
1674 4961 1747 5015 τὰ
1769 4961 1979 5031 ἀγαθὰ,
2007 4963 2263 5036 καὶπερὶ
2300 4967 2742 5036 ἑλεημοσύνης.

434 5182 507 5234 αι’.
526 5177 608 5249 Τῇ
630 5178 872 5252 προτέρᾳ
894 5180 1112 5246 συνάξει
1131 5182 1226 5236 καὶ
1243 5185 1310 5254 τῇ
1332 5184 1435 5254 πρὸ
1457 5183 1671 5255 ἐκείνης
1693 5184 1822 5254 μίαν
1846 5185 1940 5238 τοῦ

354 5260 674 5316 Ἀποστόλου
700 5261 852 5330 ῥῆσιν
876 5263 1260 5332 ἀπολαϐόντες,
1292 5268 1370 5330 εἰς
1404 5267 1503 5338 τὴν
1527 5267 1789 5339 ἐξήγησιν
1807 5271 1940 5321 ταύ-

363 5362 464 5415 της
505 5343 721 5399 ἅπαντα
754 5345 844 5397 τὸν
882 5345 1038 5415 λόγον
1069 5348 1458 5420 ἀνηλώσαμενο
1497 5352 1591 5404 καὶ
1617 5353 1859 5421 τήμερον
1884 5350 1941 5403 δέ

370 5431 438 5500 τῇ
499 5427 638 5498 αὐτῇ
690 5425 864 5499 ταύτῃ
919 5431 1079 5486 πάλιν
1131 5433 1470 5504 ἐνδιατρίψαι
1527 5434 1940 5504 σπουδάζομενο

367 5509 630 5580 ποιοῦμεν
656 5510 714 5564 δὲ
743 5511 903 5564 τοῦτο
926 5513 1180 5587 ἐπίτηδες
1216 5518 1352 5588 πρὸς
1381 5517 1650 5587 ὠφέλειαν
1674 5517 1775 5588 τῆς
1807 5516 1940 5586 ὑμε-

366 5591 533 5661 τέρας
565 5594 787 5665 ἀγάπης
808 5635 824 5659 .
857 5596 919 5648 οὐ
944 5597 1081 5668 πρὸς
1117 5601 1374 5666 ἐπίδειξιν
1397 5601 1495 5672 τὴν
1532 5599 1824 5672 ἡμετέραν.
1863 5599 1936 5651 Οὐ

368 5673 480 5743 γὰρ
506 5673 595 5727 ἵνα
636 5675 861 5746 γόνιμόν
891 5678 910 5702 ⁸
957 5696 1076 5733 τινα
1105 5684 1200 5735 καὶ
1226 5683 1490 5737 πολύνουν
1522 5683 1758 5753 ἐμαυτὸν
1800 5683 1938 5735 ἀπο-

371 5758 548 5826 φήνω,
583 5757 698 5812 ἀλλ’
734 5761 822 5815 ῖνα
862 5763 956 5815 καὶ
989 5763 1087 5837 τὴν
1119 5766 1333 5822 Παύλου
1372 5767 1563 5838 σοφίαν
1611 5769 1739 5840 ὑμῖν
1778 5770 1940 5822 ἐκκα-

430 5845 447 5868 ⁸
481 5845 612 5898 Unns
631 5862 744 5900 ms.
775 5854 1017 5918 γνώριμον.

2036 5183 2188 5253 λύψω
2209 5222 2223 5245 ,
2255 5183 2348 5235 καλ⁵
2380 5182 2477 5254 τήν
2513 5182 2788 5254 ὑμετέραν
2817 5185 3068 5257 διεγείρω
3100 5181 3440 5256 προθυμίαν,
3469 5181 3616 5238 οὕτω

2041 5263 2406 5337 μεταχειρίςω
2441 5266 2536 5319 τὸν
2563 5265 2757 5334 λόγον.
2790 5268 2861 5321 Τό
2889 5286 2948 5321 τε
2972 5268 3080 5339 γὰρ
3107 5267 3268 5338 βάθος
3285 5267 3388 5335 τῆς
3415 5267 3625 5322 ἐκείνου

2039 5351 2304 5410 συνέσεως
2351 5349 2601 5414 φαίνεται
2631 5349 2926 5417 μειζόνως,
2977 5353 3104 5404 ὅταν
3134 5353 3199 5403 ἐκ
3234 5341 3364 5418 μιᾶς
3412 5351 3627 5419 ῥήσεως

2035 5431 2321 5494 τοσούτους
2365 5433 2499 5502 ήμῖν
2541 5432 2702 5505 τίκτῃ
2753 5435 3033 5504 ποταμοὺς
3083 5432 3374 5502 νοημάτων
3403 5449 3416 5461 ·
3459 5433 3626 5502 ὑμεῖς

2034 5533 2094 5570 τε
2141 5516 2423 5587 μαθόντες,
2451 5517 2533 5570 ὅτι
2560 5518 2656 5571 καὶ
2700 5518 2807 5572 ἀπὸ
2841 5521 2971 5590 μιᾶς
3007 5518 3206 5583 λέξεως
3247 5517 3622 5588 ἀποπολικῆς

2044 5598 2248 5667 ἄφατον
2295 5598 2409 5652 ἐστι
2462 5600 2858 5670 καρπώσασθαι
2906 5602 3223 5671 φιλοσοφίας
3274 5599 3526 5665 πλοῦτον,
3560 5601 3625 5656 οὐ

2047 5681 2494 5753 παραδραμείσθε
2525 5683 2620 5746 τὰς
2658 5685 2968 5752 Ἐπιστολάς
2992 5685 3201 5748 ἅπλῶς,
3233 5683 3370 5737 ἀλλά
3416 5699 3626 5754 προακ-

2047 5766 2298 5835 θήσεσθε,
2325 5769 2444 5830 ταῖς
2473 5766 2652 5819 ἐλπίσι
2680 5767 2905 5832 ταύταις
2933 5768 3276 5841 τρεφόμενοι,
3305 5765 3418 5819 τῶν
3436 5769 3618 5834 ἐγκει-

2051 5849 2225 5920 μένων
2250 5852 2457 5922 ρἠεων
2492 5851 2727 5924 ἑκάστην
2758 5843 2896 5925 μετὰ
2930 5853 3129 5926 πολλῆς
3159 5849 3622 5925 περιεργάζεσθαι
