3990 6358
340 318 448 373 289

343 440 672 501 Quapropter
701 431 818 487 luce
844 430 1006 486 verba
1038 428 1255 495 subdit,
1284 427 1402 481 Non
1444 438 1500 481 ut
1535 428 1794 482 inimicum
1833 429 1944 487 exi-

341 538 563 591 stimate,
581 525 671 579 sed
693 533 751 578 ut
769 525 977 594 fratrem
1004 520 1061 593 (2
1077 519 1256 582 Thess.
1272 517 1452 589 5.15).
1484 518 1942 587 Quemadmodum

342 618 505 686 igitur
529 631 650 672 cum
680 615 921 681 dixisset,
953 614 1015 669 Si
1037 614 1148 684 quis
1182 631 1285 667 non
1322 612 1429 667 vult
1456 613 1708 680 laborare,
1738 630 1802 673 ne
1826 614 1942 668 edat

348 709 366 778 (
390 707 472 762 Ib.
499 726 552 764 υ.
582 708 651 764 10
674 708 693 777 )
719 749 734 773 ,
762 707 883 762 illos
910 714 1057 762 certe
1076 747 1091 773 ,
1119 706 1207 775 qui
1252 713 1511 776 possunt,
1540 720 1725 769 curam.
1753 720 1941 760 eorum

344 799 546 855 habere
579 799 741 868 jussit
782 815 796 851 :
838 799 909 852 ita
953 798 1113 851 etiam
1154 796 1244 852 hic
1279 804 1625 866 posteaquam
1659 797 1824 862 dixit,
1860 797 1943 853 Ne

343 890 771 944 commisceamini
796 889 895 954 illi,
927 905 1033 944 non
1060 889 1310 942 alienavit
1337 886 1405 942 ab
1430 888 1547 958 ejus
1573 904 1701 943 cura
1730 888 1941 943 audito-

342 995 452 1047 rrs,
480 980 577 1037 sed
603 980 755 1050 jubet
782 970 1065 1051 diligenter
1091 994 1212 1035 eum
1244 980 1536 1047 suscipere,
1567 980 1752 1035 dicens
1779 998 1792 1034 :
1823 980 1942 1037 Non

345 1081 400 1124 ut
426 1072 685 1125 inimicum
711 1072 993 1126 existimate
1015 1111 1030 1137 ,
1061 1070 1150 1124 sed
1176 1078 1230 1123 ut
1256 1072 1485 1140 fratrem.
1518 1069 1799 1140 Reliquisti
1826 1071 1942 1141 ejus

345 1161 826 1227 consuetudinem,
859 1160 952 1216 sed
990 1175 1060 1215 ne
1101 1159 1373 1229 relinquas
1410 1159 1479 1215 de
1521 1174 1586 1214 eo
1624 1160 1937 1216 sollicitudi-

346 1270 471 1310 nem
501 1272 517 1309 :
546 1255 818 1309 exclusisti
848 1269 968 1309 eum
995 1268 1026 1308 a
1056 1262 1343 1318 conventu,
1376 1267 1444 1308 ne
1470 1253 1722 1309 excludas
1750 1270 1779 1307 a
1806 1256 1943 1309 cari-

345 1353 475 1400 tate.
504 1344 717 1400 Etenim
744 1345 846 1400 hoc
871 1345 1045 1415 ipsum
1075 1342 1266 1398 affectu
1294 1342 1533 1398 caritatis
1573 1345 1818 1399 mandavi
1840 1388 1854 1411 ,
1886 1356 1944 1400 ut

344 1434 450 1490 hac
494 1435 835 1505 separatione
878 1435 1048 1489 factus
1090 1434 1310 1500 melior,
1342 1433 1410 1489 ad
1450 1434 1713 1504 reliquum
1748 1451 1943 1506 corpus

344 1536 749 1593 reverteretur;
782 1526 1213 1599 quandoquidem
1254 1528 1415 1582 etiam
1454 1536 1633 1597 patres
1661 1528 1819 1584 domo
1847 1546 1941 1584 sua

345 1619 488 1674 filios
516 1619 828 1690 expellunt,
858 1633 963 1673 non
995 1626 1054 1673 ut
1082 1628 1341 1689 perpetuo
1369 1617 1500 1674 foris
1533 1629 1819 1686 maneant,
1847 1620 1942 1675 sed

345 1724 406 1767 ut
432 1712 574 1782 quod
603 1711 766 1767 domo
789 1710 1119 1778 exciderint,
1150 1708 1505 1771 modestiores
1533 1709 1691 1777 facti,
1722 1711 1941 1771 domum

344 1803 676 1873 postliminio
697 1808 1057 1858 revertantur.
1081 1801 1257 1872 Atque
1282 1801 1397 1857 hare
1422 1800 1691 1859 sufficiant
1709 1802 1777 1857 ad
1800 1804 1939 1870 illos,

343 1896 435 1966 qui
464 1894 733 1966 pigritiam
763 1894 885 1948 aliis
911 1891 1146 1962 objicere
1172 1892 1367 1948 solent.

416 1985 616 2041 Verum
655 1985 910 2057 quoniam
947 1982 1099 2041 multi
1136 1982 1254 2038 aliis
1293 1992 1517 2038 utuntur
1544 1985 1723 2040 verbis
1749 1985 1943 2055 quibus

344 2092 406 2133 se
430 2086 727 2143 excusent,
758 2092 877 2148 quae
903 2076 1058 2145 plena
1088 2073 1421 2131 crudelitatis
1449 2090 1513 2131 ac
1538 2076 1943 2134 inhumanitatis

342 2175 471 2246 sunt
491 2209 508 2235 ,
539 2182 765 2223 necesse
792 2175 878 2222 est
914 2176 972 2222 ut
1009 2165 1100 2220 illa
1127 2181 1342 2237 quoque
1367 2166 1679 2237 redarguam
1702 2208 1718 2234 ,
1750 2183 1855 2223 non
1885 2177 1942 2224 ut

341 2258 745 2314 excusationem
785 2256 864 2313 eis
907 2256 1168 2324 adimam,
1214 2255 1308 2311 sed
1350 2271 1456 2327 quo
1499 2256 1845 2325 persuadeam
1886 2268 1944 2314 ut

341 2352 543 2406 omissa
572 2364 703 2404 vana
733 2358 788 2405 et
821 2347 1032 2413 inutili,
1064 2347 1131 2402 ad
1162 2362 1347 2405 veram
1373 2356 1427 2402 et
1452 2347 1591 2418 apud
1619 2345 1814 2403 Christi
1842 2351 1941 2405 tri-

344 2443 509 2500 bunal
538 2440 875 2514 profuturam
898 2438 1265 2499 defensionem
1292 2439 1544 2510 operibus
1566 2439 1695 2510 ipsis
1715 2455 1775 2496 se
1796 2457 1942 2497 exer-

343 2542 525 2590 ceant.

417 2625 785 2681 Excusationes
810 2623 942 2682 alias
967 2639 1238 2678 avarorum
1258 2622 1445 2695 refellit
1466 2638 1487 2688 ;
1511 2621 1777 2679 coheredes
1804 2625 1940 2694 ﬁlio—

342 2739 458 2776 rum
486 2732 604 2778 sunt
639 2735 930 2792 pauperes;
967 2729 1237 2776 sementem
1280 2734 1371 2775 cur
1407 2717 1775 2788 eleemosynam
1804 2730 1941 2776 vacet

343 2814 639 2886 Scriptura.
665 2844 737 2854 ——
755 2814 886 2882 Qua:
909 2821 991 2867 est
1033 2812 1193 2881 igitur
1218 2810 1307 2870 illa
1338 2810 1633 2880 vulgarium
1662 2809 1939 2866 hominum

342 2906 534 2976 frigida
578 2921 642 2961 ae
676 2905 880 2960 inutilis
909 2902 1190 2960 defensio?
1217 2900 1411 2959 Alendi
1450 2910 1573 2956 sunt
1596 2942 1612 2968 ,
1644 2901 1846 2972 inquit,
1877 2902 1942 2957 li-

343 2998 496 3061 beri,
528 2997 608 3052 rei
650 2996 928 3055 familiaris
964 2992 1198 3069 gerenda
1238 3002 1320 3047 est
1359 3006 1486 3047 cura
1511 3032 1527 3059 ,
1560 3007 1781 3051 uxorem
1814 2992 1901 3046 alo
1921 3035 1938 3059 ,

343 3088 682 3143 necessarios
728 3094 975 3156 sumptus
1019 3083 1217 3139 multos
1260 3081 1504 3139 sustineo
1542 3097 1556 3134 :
1594 3082 1938 3151 quamobrem

344 3195 453 3234 non
492 3178 767 3248 suppetit,
814 3176 956 3233 unde
991 3175 1177 3231 obvios
1216 3173 1497 3229 sublevare
1542 3173 1763 3243 possim.
1805 3173 1941 3240 Quid

343 3273 463 3327 ais?
490 3273 657 3327 Filios
682 3272 781 3326 alis
799 3312 814 3339 ,
844 3280 898 3325 et
927 3270 1047 3324 ideo
1078 3284 1185 3327 non
1211 3275 1294 3327 est
1324 3264 1465 3321 unde
1488 3266 1764 3321 venientes
1792 3265 1857 3320 ad
1889 3276 1941 3322 te

346 3365 637 3422 subleves?
674 3365 786 3419 lmo
833 3374 1051 3433 propter
1097 3360 1197 3414 hoc
1244 3360 1418 3428 ipsum
1462 3356 1775 3413 sublevandi
1819 3364 1945 3412 sunt

344 3456 522 3527 egeni,
551 3462 609 3510 ut
635 3456 821 3525 exigua
850 3452 1072 3524 pecunia
1108 3450 1391 3507 Dominum
1417 3448 1506 3517 qui
1536 3462 1631 3502 eos
1656 3448 1746 3504 tibi
1772 3448 1939 3512 dedit,

344 3550 626 3621 propities,
656 3556 713 3603 ut
741 3548 903 3603 etiam
946 3554 1066 3617 post
1093 3552 1321 3600 mortem
1350 3550 1493 3600 tuam
1522 3549 1806 3613 patronum
1838 3541 1943 3597 illis

344 3644 645 3714 relinquas,
674 3648 734 3696 ut
756 3641 834 3697 eis
869 3653 1119 3709 magnum
1158 3636 1396 3694 favorem
1422 3633 1626 3690 caelitus
1655 3633 1939 3700 concilies,

344 3740 476 3795 dum
505 3737 597 3792 illa
634 3737 854 3807 pecunia
892 3740 1139 3802 sumptus
1175 3730 1286 3784 Deo
1323 3737 1506 3798 gratos
1538 3725 1719 3782 facies.
1751 3726 1964 3789 Annon.

344 3831 530 3898 vides,
562 3845 593 3885 a
624 3828 802 3883 multis
844 3826 1089 3882 homines
1131 3829 1490 3893 prtepoteutcs
1527 3834 1591 3873 ac
1628 3819 1940 3889 opulentos,

346 3922 481 3977 nihil
507 3920 705 3990 alioqui
733 3919 798 3974 ad
826 3933 978 3973 suum
1005 3930 1173 3988 genus
1202 3912 1513 3977 attinentes,
1542 3910 1594 3964 in
1624 3918 1945 3965 testamento

347 4028 449 4068 suo
475 4011 707 4067 insertos
734 4009 900 4065 fuisse
925 4050 942 4077 ,
978 4016 1034 4063 et
1061 4004 1243 4060 liberis
1277 4001 1391 4057 suis
1415 4000 1708 4057 coheredes
1737 3998 1906 4055 factos
1926 4040 1942 4065 ,

347 4104 485 4159 nihil
509 4102 579 4158 ob
605 4100 748 4157 aliud
783 4114 942 4170 quam
984 4107 1043 4153 ut
1085 4094 1426 4152 securitatem
1458 4091 1583 4146 ﬁliis
1612 4091 1818 4146 modica
1848 4106 1945 4160 pe-

347 4200 508 4255 cunia
544 4197 837 4268 pararent?
877 4196 1037 4264 idque
1077 4210 1198 4249 cum
1240 4192 1500 4248 incertum
1530 4195 1674 4245 esset
1710 4198 1946 4257 quonam

348 4290 545 4345 affectu
582 4298 703 4359 post
727 4288 930 4343 obitum
958 4287 1196 4358 ipsorum
1222 4284 1361 4339 filios
1388 4283 1508 4337 illos
1533 4280 1830 4335 coheredes
1856 4291 1945 4331 cs-

350 4393 473 4439 scnt
499 4380 909 4453 prosequuturi?
935 4381 1014 4436 Tu
1041 4394 1168 4434 vero
1194 4393 1314 4433 eum
1342 4377 1482 4433 scias
1522 4372 1902 4428 humanitatem
1924 4407 1942 4435 ,

989 314 1077 370 DE
1119 312 1365 370 VERBIS
1404 314 1760 382 APOSTOLI,
1803 315 2166 371 llABENTES
2205 314 2504 376 EUMDEM
2544 315 2889 381 SPlltlTUM.
2929 316 3018 372 ΙΙΙ.

3524 322 3630 377 9.90

2047 426 2339 482 bonitatem
2361 469 2379 495 ,
2401 437 2457 485 et
2484 429 2784 498 aequitatem
2820 430 2895 484 tul
2940 430 3184 495 Domini,
3210 442 3485 501 expertem
3510 451 3633 490 eum

2048 519 2120 574 tui
2150 520 2451 576 testamenti
2485 518 2686 574 facies?
2725 536 2835 578 non
2870 521 3035 581 facies
3071 538 3191 582 eum
3220 524 3540 581 coheredem
3566 529 3635 583 li-

2045 609 2298 675 berorum
2327 613 2574 668 tuorum?
2605 612 2835 669 Hoccine
2859 623 2941 669 est
2964 616 3505 688 amantissimipatris
3528 622 3638 675 offi-

2046 700 2228 761 cium?
2253 701 2383 756 Nam
2409 703 2453 756 si
2491 703 2653 771 prolis
2682 712 2787 758 tua:
2813 720 2996 761 curam
3025 707 3167 777 genis
3192 748 3206 772 ,
3248 709 3491 781 relinque
3530 713 3638 769 illis

2046 791 2340 848 chartulam
2368 794 2652 865 scriptam,
2681 794 2733 849 in
2761 811 2863 865 qua
2894 796 3061 857 Deum
3088 798 3383 860 debitorem
3412 802 3634 861 habeas.

2046 885 2173 941 Hzrc
2197 885 2428 940 maxima
2459 886 2746 952 hereditas,
2775 889 2874 943 hoc
2899 888 3063 944 decus
3082 898 3184 956 est,
3212 890 3328 950 haec
3353 897 3640 953 securitas.

2047 975 2213 1030 Indue
2237 992 2358 1031 eum
2394 976 2446 1031 in
2484 985 2750 1032 terrenam
2780 978 2920 1033 hanc
2945 979 3300 1037 hereditatem
3325 1024 3340 1047 ,
3373 994 3431 1039 ut
3455 994 3505 1041 te
3532 1004 3639 1042 una

2047 1082 2167 1121 cum
2197 1068 2301 1120 tuis
2328 1067 2509 1122 liberis
2534 1069 2585 1122 in
2614 1070 2880 1125 caalestem
2922 1071 3068 1125 illam
3107 1071 3456 1132 hereditatem
3483 1050 3642 1141 indu?

2048 1169 2152 1213 cat.
2183 1159 2282 1223 Hic
2308 1158 2465 1217 heres
2493 1159 2688 1214 nobilis
2712 1169 2821 1227 est,
2851 1161 3147 1230 humanus,
3176 1164 3378 1235 bonus,
3407 1177 3602 1238 potens
3620 1214 3637 1237 ,

2048 1251 2232 1319 dives;
2262 1267 2426 1322 quare
2452 1253 2583 1307 nihil
2610 1261 2692 1307 est
2715 1267 2811 1308 cur
2842 1253 2959 1322 ejus
2985 1256 3298 1310 societatem
3330 1271 3641 1329 suspectam

2048 1342 2265 1398 habeas.
2312 1343 2437 1398 ldeo
2475 1343 2637 1398 etiam
2685 1346 2940 1400 sementis
2984 1356 3203 1401 vocatur
3253 1349 3593 1423 elecmosyna
3621 1396 3637 1419 ,

2047 1439 2168 1509 quia
2199 1454 2286 1493 res
2313 1438 2429 1492 hzec
2458 1453 2563 1492 non
2592 1446 2697 1492 tam
2730 1449 2972 1508 sumptus
2997 1448 3098 1505 est,
3125 1456 3282 1511 quam
3311 1443 3512 1498 reditus
3541 1462 3554 1499 :
3585 1454 3641 1501 tu

2047 1540 2226 1587 autem
2248 1530 2461 1602 quando
2482 1531 2853 1587 seminandum
2880 1542 2981 1599 est,
3011 1549 3117 1587 non
3143 1535 3319 1605 magni
3348 1536 3478 1591 facis
3498 1539 3643 1608 quod

2048 1639 2273 1679 evacues
2302 1622 2566 1679 fructuum
2595 1631 2836 1678 veterum
2865 1625 3248 1695 promptuaria,
3277 1626 3372 1682 sed
3397 1628 3469 1685 ad
3493 1645 3639 1686 mes.

2047 1715 2122 1771 sis
2151 1713 2342 1769 futurae
2373 1712 2601 1769 fructum
2644 1723 2854 1784 spectas
2876 1756 2891 1779 ,
2925 1714 3083 1785 idque
3112 1731 3231 1772 cum
3262 1728 3510 1783 eventum
3541 1737 3640 1777 ne-

2047 1808 2205 1863 scias.
2228 1805 2359 1860 Nam
2382 1814 2435 1861 et
2454 1805 2663 1876 rubigo,
2687 1816 2741 1861 et
2767 1807 3063 1873 calamitas,
3091 1820 3144 1864 et
3171 1810 3395 1877 locusta,
3424 1821 3480 1868 et
3502 1816 3645 1873 aeria

2049 1899 2396 1969 intemperies
2423 1906 2478 1953 et
2505 1899 2667 1957 multa
2695 1913 2791 1954 nos
2818 1916 2848 1952 a
2879 1914 2977 1970 spe
3003 1909 3058 1955 et
3082 1906 3478 1971 exspectatione
3505 1906 3642 1976 deji-

2047 1992 2197 2047 ciunt
2227 2009 2240 2044 :
2271 2006 2392 2046 cum
2422 2005 2549 2045 vero
2577 1991 2630 2044 in
2663 1991 2852 2045 caelum
2877 2001 2959 2046 est
2988 2006 3171 2048 semen
3194 1992 3522 2063 jaciendum,
3548 1999 3638 2053 ubi

2048 2086 2191 2140 nulla
2226 2084 2367 2139 aeris
2407 2083 2773 2152 intemperies,
2804 2084 2983 2138 nullus
3011 2084 3185 2150 dolor,
3219 2086 3378 2140 nullae
3408 2087 3636 2152 insidiae,

2049 2174 2415 2246 tergiversaris
2436 2188 2501 2229 ac
2522 2175 2917 2244 procrastinas?
2932 2174 3001 2228 Et
3019 2190 3176 2245 quam
3200 2190 3384 2246 speras
3405 2179 3637 2243 veniam,

2047 2269 2137 2337 qui
2179 2268 2234 2322 in
2268 2278 2460 2322 terram
2501 2264 2846 2333 seminando,
2878 2266 3207 2324 confidenter
3232 2276 3287 2323 et
3313 2268 3559 2326 alacriter
3586 2271 3646 2329 id

2046 2357 2178 2413 facis
2202 2375 2216 2425 ;
2245 2374 2364 2413 eum
2392 2372 2519 2412 vero
2546 2356 2598 2419 in
2627 2372 2841 2416 manum
2872 2357 2965 2419 Dei
2995 2358 3363 2415 seminandum
3393 2371 3494 2429 est,
3521 2379 3641 2419 ces—

2046 2466 2135 2507 sas
2176 2457 2231 2505 et
2272 2449 2533 2521 negligis?
2562 2447 2693 2507 Nam
2738 2449 2781 2503 si
2827 2457 2966 2511 terra
3012 2450 3199 2506 reddit
3229 2451 3371 2522 quod
3420 2453 3520 2508 sibi
3555 2465 3641 2510 est

2046 2539 2332 2606 creditum,
2362 2540 2529 2593 multo
2553 2537 2720 2607 magis
2747 2538 2840 2591 Dei
2872 2554 3080 2604 manus,
3110 2555 3458 2614 quaecumque
3487 2559 3641 2601 acccc

2046 2633 2204 2704 perit,
2231 2645 2425 2701 magno
2451 2646 2570 2686 cum
2598 2628 2804 2685 foenore
2829 2641 2911 2684 est
2935 2631 3224 2687 redditura.

2121 2724 2209 2780 10.
2238 2723 2364 2780 Haec
2394 2722 2550 2793 igitur
2575 2722 2806 2778 scientes
2833 2738 2936 2778 non
2968 2726 3315 2794 respiciamus
3344 2738 3645 2798 sumptum,

2045 2817 2258 2889 quando
2286 2816 2679 2886 cleemosynam
2708 2813 2951 2881 facimus,
2980 2814 3073 2870 sed
3098 2832 3220 2871 eum
3247 2818 3338 2888 qui
3369 2819 3491 2876 inde
3517 2836 3646 2891 spea

2045 2921 2194 2967 ratur
2227 2916 2575 2978 proventum,
2616 2907 2725 2961 imo
2761 2908 2922 2961 etiam
2965 2922 3204 2977 praisens
3242 2909 3449 2967 lucrum
3480 2928 3497 2968 :
3530 2927 3644 2973 non,

2045 3003 2218 3057 solum
2253 3000 2395 3057 enim
2436 3015 2659 3071 regnum
2690 2999 2944 3055 eat-lorum
2975 3002 3314 3074 eleemosyna
3348 3015 3643 3075 procurat,

2047 3095 2141 3149 sed
2168 3095 2219 3147 in
2252 3094 2501 3162 praasenti
2529 3092 2688 3147 etiam
2721 3092 2825 3146 vita
2853 3093 3190 3148 securitatem
3215 3094 3368 3149 affert
3394 3105 3446 3150 et
3470 3097 3642 3153 abun-

2048 3186 2301 3241 dantiam.
2324 3184 2452 3251 Quis
2474 3185 2587 3239 haec
2604 3183 2920 3254 pollicetur?
2940 3182 2958 3236 Ι
2965 3198 3058 3254 pse
3074 3184 3161 3254 qui
3186 3196 3439 3254 praestare
3463 3197 3644 3258 potest

2048 3279 2322 3335 Dominus.
2359 3278 2493 3332 Dicit
2519 3277 2660 3332 enim
2693 3294 2707 3330 :
2739 3276 2840 3344 Qui
2878 3290 2971 3330 sua
3017 3277 3338 3346 pauperibus
3383 3279 3642 3347 largitur,

2048 3372 2352 3441 centuplum
2377 3370 2600 3439 accipiet
2627 3368 2679 3423 in
2708 3367 2811 3422 hoc
2835 3367 3033 3422 sarculo
3050 3407 3063 3429 ,
3088 3376 3141 3422 et
3166 3367 3288 3422 vitae
3311 3377 3527 3424 aeternae
3552 3368 3643 3424 he-

2048 3463 2327 3519 reditatem
2367 3459 2584 3516 habebit
2609 3458 2839 3529 (Matth.
2867 3458 2955 3514 19.
2984 3455 3110 3529 29).
3138 3457 3300 3513 Vides
3328 3460 3643 3515 retributio.

2051 3570 2173 3611 nem
2200 3555 2254 3608 in
2279 3562 2502 3623 utraque
2526 3551 2633 3605 vita
2654 3564 2775 3605 cum
2802 3564 2994 3620 magno
3016 3548 3219 3604 foenore
3245 3549 3641 3619 recipiendam?
3730 3536 3733 3541 ί

2048 3648 2127 3704 Ne
2154 3646 2315 3717 igitur
2342 3658 2649 3709 cessemus.
2678 3657 2853 3713 ηθψιθ
2897 3641 3383 3711 ΡΥ⁰⁰Γ²⁵⁸ίηθωί¹⁸⁹
3418 3641 3512 3696 sed
3548 3658 3643 3714 per

2050 3742 2286 3812 singulos
2310 3738 2425 3794 dies
2450 3738 2803 3807 eleemosynae
2833 3734 3061 3790 fructum
3101 3734 3473 3805 percipiamus,
3504 3743 3562 3789 ut
3585 3745 3648 3790 et-

2052 3837 2107 3890 in
2146 3832 2395 3904 przesenti
2423 3829 2621 3885 saeculo
2645 3829 2805 3884 rebus
2836 3826 3088 3883 secundis
3112 3826 3385 3893 fruamur,
3413 3836 3469 3883 et
3495 3827 3650 3887 futu-,

2051 3941 2167 3982 ram
2193 3926 2357 3979 vitam
2382 3934 2773 3992 consequamur
2800 3936 2814 3973 :
2838 3934 2958 3988 quae
2986 3917 3138 3973 nobis
3162 3918 3409 3973 omnibus
3431 3917 3643 3973 contine

2050 4028 2160 4091 gat,
2189 4018 2355 4090 gratia
2384 4023 2439 4071 et
2472 4013 2798 4083 benignitate
2824 4010 3035 4066 Domini
3064 4011 3231 4066 nostri
3267 4010 3395 4066 Jesu
3420 4010 3647 4079 Christi,

2051 4126 2173 4167 eum
2200 4124 2306 4179 quo
2332 4106 2474 4163 Patri
2503 4120 2605 4160 una
2633 4118 2754 4160 cum
2781 4102 2984 4172 Spiritu
3012 4111 3199 4159 sancto
3223 4103 3413 4174 gloria,
3444 4101 3652 4177 honor,

2053 4201 2334 4274 imperiunm
2361 4199 2414 4254 in
2440 4196 2635 4274 saecula
2664 4195 3002 4253 saeculorum.
3031 4195 3224 4258 Amen,

2527 4271 2535 4339 l

412 4508 459 4511 Δ
482 4506 645 4513 *ὑί
662 4474 2377 4513 r_______________________________#__-
2390 4474 2447 4477 _

1474 4573 1614 4643 DE
1663 4562 2060 4639 EISDEM
2096 4553 2517 4637 VERBIS,

353 4748 686 4798 HABBNTES
728 4746 947 4792 aurem
991 4743 1264 4787 EUMDEM
1309 4740 1610 4784 summa:
1654 4736 1856 4787 FIDEI,
1902 4731 2081 4775 SICUT
2124 4724 2435 4771 SCRIPTUM
2480 4722 2593 4777 est
2640 4701 2659 4782 (
2702 4701 2762 4761 2.
2794 4702 2949 4769 Cor.
2979 4696 3039 4758 lt.
3069 4696 3187 4776 13)
3282 4714 3357 4756 ετ
3400 4713 3524 4770 QL'A
3560 4711 3649 4767 ne.

802 4845 993 4891 CAUSA
1041 4842 1240 4887 REBUS
1282 4841 1463 4885 BONIS
1508 4836 1716 4883 OMNES
1759 4834 1845 4878 EX
1887 4829 2071 4882 EQUO
2112 4812 2481 4877 ῈὶιυΑΝτυιι,
2526 4822 2607 4865 ΕΤ
2642 4821 2724 4874 ΒΕ.
2769 4816 3182 4875 ΕιΕΕΜοδγΝΔ

432 5066 486 5122 ι.
514 5064 650 5120 Cum
674 5060 855 5131 priore
879 5061 1165 5121 conventu,
1198 5060 1253 5108 et
1281 5050 1371 5122 qui
1406 5048 1553 5105 illum
1582 5053 1951 5118 praecesserat,

358 5171 527 5212 unum
557 5151 781 5222 apostoli
812 5149 1014 5204 dictum
1041 5147 1434 5214 susceperimus
1461 5138 1833 5211 exponendum
1856 5179 1870 5204 ,
1898 5138 1953 5192 in

358 5248 479 5317 ejus
505 5244 845 5301 enarratione
885 5248 1054 5295 totum
1084 5249 1389 5292 sermonem
1412 5231 1872 5301 consumpsimus,
1899 5234 1957 5283 et

363 5336 527 5393 hodie
570 5349 785 5404 quoque
826 5332 881 5386 in
924 5327 1113 5386 eodem
1156 5325 1361 5383 versari
1406 5322 1778 5395 proposuimus
1806 5337 1821 5375 :
1854 5319 1958 5375 hoc

363 5439 543 5483 autem
569 5426 693 5481 data
718 5440 877 5495 Opera
900 5422 1145 5486 facimus,
1173 5418 1239 5474 ad
1263 5426 1495 5474 vestram
1520 5416 1827 5481 utilitatem,
1850 5428 1956 5468 non

2057 5038 2390 5115 profunditas
2419 5037 2587 5107 magis
2616 5032 2865 5098 elucebit,
2896 5030 2940 5085 si
2969 5044 3037 5085 ex
3069 5043 3176 5084 uno
3199 5024 3343 5082 dicto
3372 5034 3515 5081 tanta
3541 5038 3639 5082 no.

2059 5114 2143 5191 bis
2170 5132 2550 5188 sententiarum
2587 5126 2785 5182 ﬂuenta
2819 5122 3087 5195 proferat;
3115 5128 3171 5175 et
3197 5133 3294 5173 vos
3312 5158 3329 5185 ,
3356 5133 3477 5173 cum
3504 5114 3647 5171 didi-

2057 5225 2237 5283 ceritis
2274 5238 2341 5277 ex
2388 5236 2494 5274 uno
2539 5216 2765 5287 apostoli
2816 5214 2981 5268 verbo
3026 5207 3649 5277 ineffabilessapientim

2058 5316 2269 5373 divitias
2289 5310 2529 5383 depromi
2555 5323 2729 5378 posse,
2754 5320 2861 5360 non
2884 5302 3173 5358 oscitantes
3194 5297 3512 5370 percurretis
3533 5295 3651 5366 ejus
3700 5312 3703 5315 ·

2059 5409 2333 5481 epistolas,
2367 5403 2462 5460 sed
2488 5403 2589 5457 hac
2616 5415 2713 5470 spe
2740 5397 2942 5453 inducti
2968 5394 3204 5464 singulas
3232 5406 3414 5448 earum
3441 5397 3652 5442 sentem

364 5480 695 5577 aid—nostram
723 5480 1155 5572 ostentationem.
1178 5512 1292 5566 Non
1316 5511 1457 5567 enim
1478 5518 1537 5564 ut
1564 5506 1851 5564 fecundum
1872 5520 1961 5561 me
2062 5480 2163 5559 tias
2201 5499 2460 5570 exquisita
2498 5510 2625 5551 cura
2666 5506 2729 5548 ae
2766 5490 3037 5561 diligentia
3077 5480 3563 5577 perscrutabimini.
3594 5480 3653 5538 Si

367 5622 423 5668 et
446 5609 767 5666 multiscium
795 5606 1107 5671 ostendam;
1132 5603 1224 5659 sed
1251 5611 1310 5657 ut
1337 5611 1447 5656 tum
1472 5601 1620 5656 Pauli
1646 5596 1958 5669 sapientiam

2063 5595 2204 5650 enim
2230 5607 2391 5647 unum
2417 5588 2616 5644 dictum
2642 5584 2822 5640 triduo
2849 5582 3005 5637 nobis
3040 5575 3351 5635 disserendi.
3371 5572 3650 5629 materiam

368 5702 521 5759 vobis
544 5701 802 5772 aperiam,
831 5708 941 5753 tum
967 5661 1197 5752 vestram
1236 5693 1564 5749 alacritatem
1607 5661 1860 5755 excitem,
1889 5688 1961 5741 ita
2063 5685 2329 5758 praebuit,
2358 5687 2610 5752 quantum
2650 5676 2851 5772 putatis
2874 5674 3193 5772 thesaurum
3232 5666 3389 5724 nobis
3424 5661 3651 5764 profun-

372 5763 620 5855 αιωὰθῶ
645 5763 802 5853 verso
825 5805 1149 5851 sermonem.
1175 5786 1308 5847 Nam
1337 5794 1391 5847 et
1425 5782 1566 5842 illius
1596 5779 1961 5854 intelligentiae
2066 5777 2216 5835 deret
2244 5788 2346 5831 una
2375 5770 2636 5844 qumpiam
2667 5782 2791 5840 pars
2818 5763 3099 5837 diligenter
3126 5765 3355 5818 tractata
3383 5770 3445 5815 ac
3475 5763 3639 5813 consr
