3990 6358
355 324 455 379 39!

354 432 581 493 derata?
609 431 686 489 Ne
716 432 873 502 igitur
905 429 1234 485 delassemur
1274 428 1580 499 priusquam
1611 432 1777 480 totum
1808 421 1949 492 quod

357 534 602 596 superest
650 523 1095 593 decerpserimus.
1146 520 1204 576 Si
1254 521 1396 575 enim
1447 517 1784 574 metallorum
1835 509 1953 569 auri

356 621 589 673 fessores
612 656 629 683 ,
670 615 796 670 licet
833 614 1177 684 quantumvis
1206 612 1506 666 divitiarum
1539 608 1660 665 inde
1684 608 1950 664 exhause-

356 712 497 773 rint,
531 722 639 763 nun
685 706 834 776 prius
878 712 1059 759 tamen
1101 703 1225 758 inde
1267 702 1563 766 absistunt,
1594 715 1752 771 quam
1783 708 1950 753 totum

356 813 542 854 aurum
584 796 873 852 auferant:
902 795 1072 850 multo
1109 793 1367 863 majorem
1404 808 1502 848 nos
1534 792 1859 845 alacritatem
1888 804 1955 845 ac

359 893 687 964 diligentiam
719 892 770 945 in
800 889 1200 963 perserutandis
1228 887 1420 943 divinis
1447 886 1671 956 eloquiis
1696 884 1953 940 adhibere

358 985 627 1042 convenit.
652 983 786 1040 Nam
809 992 864 1039 et
888 998 985 1038 nos
1006 997 1195 1037 aurum
1214 980 1515 1044 eﬁ‘odimus,
1542 993 1645 1033 non
1674 976 1946 1041 sensibile,

360 1076 457 1133 sed
494 1076 773 1147 spirituale
806 1093 817 1127 :
851 1090 958 1130 non
995 1075 1138 1129 enim
1180 1074 1233 1127 in
1271 1070 1498 1127 metallis
1537 1076 1724 1135 terrae,
1764 1067 1859 1124 sed
1898 1068 1951 1122 in

356 1170 585 1242 Spiritus
623 1169 855 1224 metallis
893 1183 1195 1237 operamur.
1245 1164 1479 1219 Paulina:
1524 1163 1665 1218 enim
1707 1161 1948 1233 epistola:

359 1262 575 1318 metalla
599 1270 722 1317 sunt
746 1260 977 1331 Spiritus
1002 1268 1056 1314 et
1084 1258 1255 1312 fontes
1285 1275 1298 1311 :
1326 1257 1536 1312 metalla
1568 1254 1803 1326 quidem,
1826 1256 1951 1325 quia

356 1354 547 1425 quovis
573 1367 709 1407 auro
734 1351 1081 1422 pretiosiores
1108 1348 1261 1404 nobis
1288 1347 1529 1417 praebent
1557 1346 1768 1401 divitias
1795 1362 1809 1401 :
1835 1345 1954 1401 fon-

359 1455 443 1501 tes
473 1460 622 1508 vero,
652 1445 774 1515 quia
804 1458 1093 1513 numquam
1123 1442 1411 1506 deﬁciunt;
1445 1440 1537 1495 sed
1564 1441 1954 1511 quantumlibet

356 1536 644 1592 exhaurias
665 1578 679 1603 ,
710 1534 1038 1591 tantumdem
1078 1548 1142 1589 ac
1180 1535 1348 1588 multo
1382 1533 1609 1603 amplius
1637 1550 1845 1587 rursum
1876 1535 1953 1586 af-

360 1628 497 1683 ﬂuit.
524 1626 594 1683 Et
617 1627 721 1683 hoc
745 1628 1022 1683 evidenter
1047 1625 1324 1681 declarare
1346 1633 1522 1695 potest
1546 1633 1717 1680 totum
1742 1634 1952 1695 tempus

357 1718 501 1789 quod
539 1719 816 1791 praeteriit.
847 1715 1121 1786 Siquidem
1146 1731 1209 1771 ex
1238 1731 1345 1785 quo
1375 1716 1569 1770 Paulus
1602 1717 1765 1781 vixit,
1793 1716 1953 1785 quin-

362 1808 507 1878 genti
530 1808 639 1877 jam
660 1808 825 1877 elapsi
847 1815 971 1861 sunt
994 1806 1142 1871 anni,
1167 1816 1382 1876 totoque
1411 1806 1512 1860 hoc
1541 1813 1778 1876 tempore
1802 1806 1952 1861 multi

361 1909 474 1955 tum
493 1909 964 1966 commentatores,
985 1908 1097 1954 tum
1114 1899 1359 1954 doctores
1374 1913 1437 1954 ac
1458 1899 1769 1966 interpretes
1788 1898 1950 1952 multa

361 2004 506 2059 smpe
533 1988 656 2046 inde
681 1990 1063 2057 exhauserunt,
1095 2005 1196 2045 nec
1224 1998 1402 2044 tamen
1433 1990 1693 2058 repo-itas
1717 1988 1846 2043 Inibi
1873 1990 1954 2044 di-

361 2080 516 2135 vitias
540 2094 798 2135 evacuare
826 2080 1125 2135 valuerunt.
1151 2080 1267 2135 Non
1298 2088 1381 2134 est
1405 2080 1548 2133 enim
1571 2079 1840 2135 sensibilis
1867 2079 1955 2136 hic

362 2173 647 2229 thesaurus
671 2216 685 2242 ,
716 2182 773 2229 et
808 2174 1008 2229 idcirco
1052 2188 1160 2229 non
1194 2174 1524 2228 consumitur
1551 2188 1581 2228 a
1610 2173 1788 2229 multis
1817 2172 1953 2228 eﬁ'o—

360 2262 621 2319 dientium
652 2264 898 2320 manibus
923 2307 937 2333 ,
974 2264 1073 2321 sed
1116 2272 1339 2336 augetur
1368 2273 1423 2321 et
1459 2265 1857 2336 multiplicatur.
1888 2266 1955 2320 Et

361 2356 488 2426 quid
516 2356 637 2413 dico
665 2357 733 2413 de
763 2357 867 2413 illis
894 2357 984 2428 qui
1011 2366 1136 2413 ante
1176 2373 1273 2413 nos
1312 2357 1564 2413 fuerunt?
1594 2358 1762 2425 Quam
1799 2358 1952 2413 multi

364 2457 487 2518 post
509 2463 607 2504 nos
634 2447 825 2503 dicturi
853 2458 994 2514 sunt,
1026 2464 1087 2503 ac
1114 2464 1297 2504 rursus
1322 2458 1442 2519 post
1471 2450 1589 2505 illos
1614 2450 1723 2515 alii,
1748 2464 1847 2505 nec
1876 2458 1956 2503 ta-

365 2553 487 2595 men
515 2538 763 2595 deﬁcient
794 2538 951 2595 fontis
980 2540 1030 2593 in
1059 2539 1271 2594 modum
1302 2549 1566 2595 scatentes
1591 2540 1787 2595 divitia:
1811 2582 1825 2606 ,
1858 2556 1955 2596 ne-

361 2647 467 2702 que
509 2632 848 2687 metallorum
893 2630 995 2686 hoc
1034 2646 1201 2701 genus
1239 2631 1624 2686 exhaurietur?
1662 2632 1953 2702 spiritualia

360 2725 505 2778 enim
528 2731 671 2788 sunt,
695 2731 748 2777 et
772 2730 959 2793 suapte
984 2732 1169 2777 natura
1196 2738 1481 2794 numquam
1506 2725 1723 2779 omnino
1748 2724 1953 2779 absumi

362 2822 604 2885 possunt.
651 2814 802 2883 Quod
840 2822 922 2870 est
961 2815 1119 2885 igitur
1162 2815 1289 2869 illud
1324 2815 1523 2871 dictum
1560 2816 1954 2886 apostolicum?

366 2905 618 2960 Habentes
642 2917 809 2960 autem
838 2907 1069 2961 eumdem
1098 2908 1352 2978 Spiritum
1379 2908 1500 2977 ﬁdei
1518 2948 1534 2976 ,
1563 2908 1689 2963 sicut
1715 2908 1954 2978 scriptum

364 3006 457 3056 est.
486 2996 713 3063 Credidi,
742 3008 1048 3069 quapropter
1073 2998 1306 3069 loquutus
1332 3015 1462 3053 sum.

431 3087 487 3141 2.
520 3086 700 3157 Nuper
726 3087 885 3159 igitur
908 3090 1249 3160 quaesivimus
1272 3105 1501 3161 quanam
1529 3089 1595 3147 de
1620 3105 1778 3146 causa
1806 3091 1955 3146 dixe-

362 3180 465 3243 rit,
500 3178 744 3233 Eumdem
784 3181 1040 3252 Spiritum
1068 3180 1229 3250 ﬁdei;
1260 3191 1313 3237 et
1340 3197 1499 3237 unam
1536 3181 1796 3238 hactenus
1824 3198 1950 3239 cau-

363 3290 475 3329 sam
502 3274 777 3329 attulimus
806 3292 819 3328 :
852 3282 969 3329 erat
992 3282 1170 3330 autem
1213 3276 1327 3329 lucc
1357 3291 1370 3328 :
1404 3284 1462 3328 ut
1486 3274 1793 3330 ostenderet
1822 3290 1951 3330 eon-

364 3367 663 3422 sonaatiam
707 3366 917 3431 Veteris
960 3380 1024 3421 ac
1071 3366 1204 3421 Novi
1248 3366 1595 3421 Testamenti.
1636 3366 1769 3422 Cum
1811 3368 1954 3423 enim

364 3459 631 3513 invenitur
655 3458 795 3513 idem
824 3458 944 3513 ﬁdei
983 3458 1213 3528 Spiritus
1239 3469 1293 3512 et
1328 3458 1542 3515 Davidis
1570 3459 1801 3531 linguam
1836 3475 1953 3515 mo-

366 3552 505 3604 visse
525 3591 539 3613 ,
564 3551 829 3605 dicentem
849 3592 863 3615 ,
896 3548 1135 3615 Credidi,
1175 3559 1379 3621 propter
1411 3553 1547 3622 quod
1583 3552 1821 3622 loquutus
1843 3570 1956 3607 sum

365 3638 541 3708 (hat.
570 3640 694 3695 115.
718 3640 833 3706 10),
860 3648 914 3695 et
940 3640 996 3695 in
1016 3640 1164 3695 Pauli
1187 3642 1361 3695 anima
1378 3650 1635 3711 aperatus
1658 3658 1798 3709 esse,
1827 3644 1956 3699 satis

365 3739 587 3800 apparet
617 3744 861 3800 magnam
892 3743 1010 3785 esse
1032 3730 1415 3802 prophetarum
1441 3746 1561 3787 cum
1585 3734 1840 3803 apostolis
1860 3749 1955 3789 co-

364 3822 693 3890 gnationem,
716 3830 873 3890 atque
894 3823 965 3877 ita
985 3824 1288 3879 necessario
1309 3826 1548 3896 sequitur
1568 3840 1811 3896 magnam
1836 3841 1957 3882 esse

365 3911 575 3969 Veteris
599 3922 653 3969 et
676 3914 805 3968 Novi
827 3914 1155 3970 Testamenti
1180 3917 1604 3970 consonantiam.
1633 3916 1737 3972 Sed
1766 3932 1834 3974 ne
1860 3918 1957 3972 ite-

368 4020 484 4059 rum
527 4004 713 4059 eadem
761 4013 1063 4074 repetentes
1104 4006 1316 4061 molesti
1354 4006 1504 4063 vobis
1543 4008 1738 4073 simus,
1772 4024 1868 4080 age
1903 4018 1955 4065 et

366 4096 585 4151 alteram
610 4111 826 4151 causam
858 4096 1207 4166 proferamus,
1237 4098 1304 4153 ob
1323 4114 1480 4169 quam
1502 4100 1654 4168 dixit,
1679 4100 1949 4156 Eumdem.

366 4185 485 4241 Jam
514 4195 623 4241 tum
663 4188 805 4241 enim
847 4188 1070 4242 alteram
1110 4188 1266 4259 hujus
1293 4189 1419 4243 dicti
1444 4204 1657 4245 causam
1691 4193 1955 4261 promise-

368 4292 567 4333 ramus.
600 4276 707 4332 Sed
738 4293 872 4348 Opus
904 4288 986 4333 est
1015 4287 1073 4333 ut
1101 4280 1402 4334 excitemini
1437 4298 1450 4334 :
1485 4281 1778 4349 profundus
1811 4286 1953 4337 enim

368 4377 454 4424 est
478 4384 666 4424 sensus
689 4385 846 4439 quem
872 4371 1079 4424 caritati
1110 4380 1303 4425 vestra:
1327 4387 1444 4425 sum
1472 4372 1732 4440 dicturus,
1756 4383 1810 4429 et
1836 4391 1954 4444 per-

369 4461 565 4531 spicaci
592 4462 770 4515 animo
798 4477 932 4531 opus
964 4461 1142 4529 habet,
1169 4464 1487 4534 ingenioque
1516 4477 1769 4535 peracuta
1798 4486 1809 4521 :
1835 4484 1956 4538 qua-

368 4560 587 4623 propter
628 4552 863 4606 obtestor
903 4560 961 4606 ut
997 4566 1203 4606 summa
1240 4555 1532 4610 attentione
1572 4572 1691 4627 qua:
1730 4556 1953 4613 dicenda

368 4654 494 4699 sunt
537 4643 866 4699 auscultetis.
910 4643 1160 4699 Vestrum
1205 4654 1288 4700 est
1331 4646 1535 4702 lucrum
1562 4688 1575 4711 ,
1608 4656 1791 4704 noster
1827 4666 1955 4705 vero

368 4733 557 4799 labor;
590 4734 698 4787 imo
731 4734 915 4804 gratiae
939 4734 1168 4804 Spiritus
1194 4735 1359 4789 sancti
1386 4735 1584 4791 donum
1610 4779 1624 4801 ,
1654 4754 1761 4809 quo
1790 4755 1951 4795 reve-

370 4826 513 4882 laute
538 4833 742 4881 secreta
769 4866 785 4891 ,
813 4842 985 4897 neque
1012 4827 1103 4895 qui
1129 4826 1286 4891 dicit,
1314 4842 1486 4896 neque
1513 4829 1600 4899 qui
1629 4830 1775 4884 audit
1801 4832 1953 4887 defa-

371 4916 565 4985 tigatur
593 4934 607 4971 :
636 4917 1016 4973 revelationem
1048 4917 1191 4973 enim
1222 4934 1411 4989 magna
1443 4919 1665 4977 facilitas
1693 4925 1949 4994 sequitur.

371 5007 724 5064 Mtendamus
754 5010 919 5080 igitur
942 5026 1069 5066 cum
1098 5010 1370 5082 diligentia
1404 5030 1416 5065 :
1446 5012 1569 5069 licet
1596 5015 1739 5069 enim
1782 5019 1953 5087 majo-

368 5112 486 5151 rem
528 5107 732 5167 partem
774 5102 991 5156 auribus
1031 5103 1461 5173 persequamini,
1489 5104 1533 5158 si
1564 5105 1650 5160 vel
1675 5106 1951 5161 minimum

370 5186 807 5256 dormitaveritis,
830 5190 1127 5261 interrupto
1149 5193 1317 5248 semel
1340 5202 1591 5249 contextu
1613 5202 1780 5251 totum
1803 5196 1955 5269 igno-

374 5277 580 5333 rabitis.
609 5278 678 5333 Et
703 5281 1145 5347 quemadmodum
1176 5285 1272 5349 iis,
1302 5284 1392 5355 qui
1417 5286 1556 5341 viam
1596 5287 1873 5357 ignorant,
1898 5298 1956 5347 et

375 5364 597 5422 ductore
623 5382 761 5438 opus
797 5369 1024 5437 habent,
1053 5373 1142 5429 diu
1174 5374 1298 5430 licet
1332 5375 1479 5430 illum
1506 5379 1758 5446 sequuti,
1788 5380 1834 5435 si
1860 5395 1955 5450 per

377 5458 749 5530 negligentiam
776 5462 859 5518 vel
889 5465 1155 5532 paululum
1188 5481 1259 5522 ex
1296 5468 1466 5525 oculis
1504 5484 1628 5525 eum
1665 5472 1951 5540 amittant,

380 5547 512 5603 nihil
550 5552 768 5619 prodest
792 5554 1047 5611 hactenus
1073 5567 1327 5627 sequutos
1351 5575 1472 5616 esse
1488 5600 1509 5629 ,
1534 5562 1628 5619 sed
1656 5564 1957 5622 consistunt

380 5636 549 5704 ignari
576 5658 803 5712 quanam
833 5646 904 5702 sit
940 5648 1383 5717 progrediendum
1414 5668 1426 5707 :
1459 5653 1531 5708 ita
1559 5658 1721 5711 etiam
1747 5657 1837 5727 qui
1867 5657 1953 5714 di-

384 5736 589 5785 centem
620 5747 1017 5809 prosequuntur
1044 5738 1222 5796 animo
1244 5779 1261 5809 ,
1291 5742 1497 5800 etiamsi
1526 5754 1726 5805 attente
1752 5748 1953 5809 doctri-

1111 316 1167 373 S.
1208 314 1488 371 JUANNIS
1526 306 2005 367 CHRYSOSTOMI
2050 306 2365 362 ARCHIEP.
2408 305 2951 363 CONSTANTINOP.

3542 320 3644 377 sua

2061 433 2185 473 nam
2225 419 2341 489 ejus
2385 418 2693 485 hauserint,
2734 419 2780 474 si
2814 420 3083 491 paulisper
3125 431 3326 479 tantum
3368 425 3660 484 oscitanter

2058 510 2312 578 audiant,
2344 520 2454 566 tota
2494 511 2636 567 serie
2665 512 2865 566 amissa
2887 553 2901 577 ,
2932 528 3039 567 non
3069 526 3293 584 possunt
3330 518 3558 587 amplius
3588 521 3657 574 ad

2058 602 2447 659 sententiarum
2487 603 2649 659 ﬁnem
2688 606 2987 673 pervenire.
3025 605 3102 661 Ne
3145 608 3302 678 igitur
3334 610 3473 663 idem
3503 612 3660 665 vobis

2057 695 2290 762 accidat,
2324 696 2574 751 omnibus
2609 710 2729 765 quae
2769 696 2960 751 dicturi
2997 713 3180 753 sumus
3218 700 3329 769 pari
3360 710 3544 756 tenore
3574 704 3660 755 in-

2058 787 2282 855 tendite,
2315 788 2489 843 donec
2513 788 2580 842 ad
2613 788 2775 843 ﬁnem
2809 792 3197 859 perveniamus.

2128 880 2183 933 5.
2202 878 2304 933 Cur
2327 880 2460 933 dicat
2476 879 2703 933 eumdem
2728 896 2835 934 esse
2859 880 3112 951 Spiritum
3138 882 3276 949 ﬁdei.
3316 882 3496 956 Imago
3535 902 3662 953 pir-

2056 972 2427 1040 sequutionum.
2460 1001 2529 1011 —
2572 970 2773 1025 Dieturi
2816 972 2973 1042 igitur
3012 989 3114 1042 qua
3150 976 3219 1029 de
3266 991 3425 1030 causa
3474 978 3658 1044 dicat,

2060 1060 2316 1115 Habentes
2344 1072 2511 1116 autem
2541 1063 2771 1117 eumdem
2803 1062 3054 1131 Spiritum
3086 1066 3225 1133 ﬁdei,
3258 1067 3443 1121 volens
3468 1078 3641 1123 osten.

2058 1153 2186 1209 dere
2205 1152 2446 1208 eamdem
2464 1167 2583 1207 esse
2602 1154 2877 1223 utriusque
2896 1153 3218 1211 Testamenti
3241 1156 3399 1211 tidem
3417 1158 3658 1211 omnium

2058 1246 2322 1302 bonorum
2345 1258 2570 1299 matrem
2595 1288 2607 1311 ,
2637 1243 2798 1315 paulo
2818 1245 2979 1300 altius
3003 1261 3305 1303 sermonem
3328 1261 3658 1317 repetamus.

2056 1340 2145 1397 Sic
2184 1342 2329 1397 enim
2374 1341 2530 1396 nobis
2554 1355 2715 1395 causa
2743 1340 3043 1397 evidentius
3069 1343 3363 1412 apparebit.
3400 1344 3659 1410 Quzenam

2058 1433 2219 1504 igitur
2251 1443 2335 1489 est
2365 1436 2478 1489 htec
2502 1433 2704 1489 causa?
2732 1433 2976 1505 Magnum
3002 1437 3197 1491 bellum
3228 1437 3662 1491 circumsteterat

2060 1526 2245 1583 ﬁdeles
2266 1527 2393 1582 dum
2426 1526 2543 1581 haec
2566 1527 2882 1582 dicebantur
2909 1544 2923 1592 ;
2958 1528 3152 1581 bellant
3177 1570 3191 1593 ,
3221 1529 3436 1598 iuquam
3458 1571 3471 1594 ,
3498 1546 3662 1599 grave

2056 1629 2112 1673 et
2156 1620 2357 1691 absque
2403 1620 2529 1675 ullis
2560 1619 2804 1675 induciis.
2838 1620 2970 1675 Nam
2996 1629 3051 1675 et
3076 1622 3319 1677 civitates
3349 1623 3568 1693 integra:
3599 1632 3661 1678 et

2058 1712 2238 1781 populi
2267 1712 2501 1783 undique
2527 1713 2578 1766 in
2602 1728 2697 1767 eos
2720 1714 3141 1781 insurrexerunt,
3165 1725 3218 1769 et
3242 1716 3451 1787 tyranni
3472 1732 3662 1771 omnes

2057 1801 2445 1858 insidiabantur
2469 1846 2484 1870 ,
2528 1814 2582 1858 et
2609 1819 2763 1875 reges
2791 1813 2977 1859 contra
3003 1820 3097 1858 eos
3123 1803 3320 1859 bellum
3351 1807 3611 1875 parabant
3643 1824 3657 1860 :

2056 1910 2204 1949 arma
2237 1897 2611 1963 movebantur,
2638 1897 2797 1967 gladii
2830 1898 3180 1965 acuebantur,
3205 1902 3471 1955 exercitus
3496 1901 3665 1955 ador»-

2057 1986 2342 2050 nabantur,
2375 1995 2429 2042 et
2454 1988 2629 2041 omnia
2656 2003 2851 2057 genera
2876 2004 3153 2058 pmnarum
3182 2004 3245 2043 ac
3275 1992 3664 2061 suppliciorum

2057 2077 2498 2147 excogitabantur
2530 2096 2543 2133 :
2574 2078 2699 2133 inde
2738 2079 3050 2133 facultatum
3082 2082 3281 2150 rapina:
3312 2092 3364 2136 et
3392 2084 3666 2139 conﬁsca—

2059 2166 2229 2221 tiones
2249 2209 2264 2234 ,
2305 2177 2360 2222 et
2388 2182 2634 2222 carceres
2662 2183 2725 2222 ac
2756 2178 2957 2223 mortes
2985 2171 3309 2240 quotidiana:
3333 2213 3347 2236 ,
3374 2181 3664 2240 tormenta,

2056 2258 2301 2324 vincula,
2328 2258 2465 2331 ignis
2487 2300 2501 2325 ,
2533 2257 2755 2324 ferrum,
2789 2259 2997 2323 bestiae,
3026 2261 3281 2330 patibula,
3317 2271 3470 2325 rotae,
3499 2264 3663 2319 bara-

2059 2348 2197 2411 tbra,
2219 2350 2534 2419 praecipitia,
2554 2360 2607 2403 et
2627 2350 2880 2420 quidquid
2909 2351 2959 2404 in
2987 2352 3277 2420 perniciem
3300 2353 3532 2408 ﬁdelium
3551 2372 3654 2409 ex-

2056 2441 2275 2512 cogitari
2308 2450 2517 2511 poterat
2542 2460 2555 2495 :
2588 2458 2649 2497 ac
2680 2458 2747 2498 ne
2767 2443 2902 2497 intra
2933 2444 3029 2498 hos
3050 2444 3262 2514 quidem
3292 2445 3426 2500 ﬁnes
3455 2447 3658 2502 bellum

2058 2549 2116 2589 se
2136 2536 2417 2589 continuit.
2448 2535 2564 2590 Non
2592 2536 2767 2591 solum
2794 2538 2937 2591 enim
2960 2538 3027 2593 ab
3049 2540 3277 2593 inimicis
3301 2542 3660 2609 excitabatur,

2058 2626 2153 2681 sed
2181 2626 2292 2695 ipsa
2317 2627 2477 2680 etiam
2501 2637 2688 2682 natura
2711 2637 2896 2683 contra
2920 2630 3149 2700 seipsam
3196 2632 3523 2688 irritabatur.
3566 2634 3664 2689 Et-

2006 2742 2009 2747 ν
2056 2719 2198 2773 enim
2228 2717 2409 2773 liberis
2446 2720 2833 2785 insidiabantur
2858 2731 3056 2791 patres,
3092 2734 3144 2778 et
3174 2723 3295 2779 ﬁliae
3327 2741 3517 2781 exosas
3545 2744 3665 2781 ma-

2060 2821 2169 2866 tres
2211 2811 2479 2867 habebant
2503 2854 2517 2877 ,
2561 2822 2616 2867 et
2655 2813 2814 2867 amici
2855 2814 3055 2869 amicos
3093 2817 3496 2884 aversabantur,
3525 2830 3578 2873 et
3606 2821 3663 2875 in

2058 2906 2402 2976 cognationes
2427 2920 2489 2959 ac
2513 2904 2740 2959 familias
2767 2905 2965 2960 bellum
2995 2906 3097 2961 hoc
3124 2908 3355 2963 latenter
3385 2925 3507 2965 sese
3533 2912 3665 2966 insi-

2063 2997 2262 3053 nuabat
2284 3040 2298 3064 ,
2329 3012 2660 3069 magnusque
2687 3000 2945 3054 tumultus
2970 3010 3086 3055 erat
3108 3018 3203 3071 per
3229 3003 3537 3059 universum
3566 3021 3663 3059 or-

2059 3092 2178 3147 bem
2214 3091 2580 3147 habitabilem.
2608 3092 2674 3147 Et
2701 3092 2838 3147 sicut
2864 3093 3014 3147 navis
3044 3093 3198 3148 undis
3228 3095 3655 3167 insurgentibus,

2061 3181 2291 3236 nubibus
2330 3184 2773 3238 concurrentibus
2799 3224 2814 3249 ,
2868 3184 3017 3240 elisis
3066 3186 3353 3242 tonitribus
3377 3230 3391 3252 ,
3430 3190 3664 3261 caligine

2061 3274 2295 3344 undique
2321 3275 2574 3345 scapham
2604 3276 2872 3346 cingente,
2907 3279 3042 3332 mari
3075 3278 3305 3343 furente,
3336 3282 3532 3337 belluis
3559 3300 3667 3339 sce-

2058 3368 2346 3432 vientibus,
2374 3369 2563 3438 piratis
2593 3370 3055 3439 oppugnantibus,
3090 3370 3217 3439 ipsis
3244 3375 3551 3428 vectoribus
3580 3376 3666 3429 in-

2062 3469 2142 3513 ter
2186 3474 2245 3514 se
2283 3460 2669 3515 dissidentibus
2690 3503 2703 3525 ,
2747 3461 3153 3532 haudquaquam
3183 3448 3412 3521 evadere
3438 3479 3660 3538 potest,

2060 3551 2160 3605 nisi
2188 3553 2418 3606 cmlestis
2446 3551 2664 3607 dextera
2690 3593 2705 3619 ,
2741 3570 2929 3623 magna
2955 3555 3039 3608 illa
3068 3570 3131 3609 ac
3158 3566 3347 3626 potens
3369 3600 3384 3624 ,
3415 3558 3664 3615 discusso

2060 3642 2300 3712 periculo
2326 3652 2378 3697 et
2408 3642 2591 3698 sedata
2622 3653 2940 3713 tempestate
2965 3686 2978 3710 ,
3013 3646 3065 3699 in
3099 3648 3539 3718 tranquillitatem
3571 3668 3660 3707 re-

2056 3734 2218 3789 ducat
2246 3734 2554 3805 navigantes
2583 3753 2595 3790 :
2628 3738 2699 3790 ita
2725 3737 2887 3791 etiam
2914 3746 3039 3793 tunc
3063 3739 3203 3795 inter
3226 3741 3373 3796 initia
3398 3744 3660 3812 praedica-

2059 3828 2219 3882 tionis
2260 3828 2469 3883 accidit.
2516 3828 2633 3883 Non
2679 3830 2851 3884 solum
2897 3832 3042 3885 enim
3083 3843 3305 3888 externa
3338 3846 3659 3906 tempestate

2060 3918 2435 3991 pulsabantur,
2467 3920 2561 3976 sed
2588 3922 2731 3976 intus
2759 3923 2919 3977 etiam
2948 3924 3264 3994 plerumque
3294 3929 3559 3987 seditione
3586 3934 3663 3987 la-

2062 4013 2347 4069 borabant.
2400 4013 2528 4082 Quis
2560 4014 2660 4069 hoc
2691 4015 2857 4079 dicit?
2886 4018 3079 4073 Paulus
3109 4020 3221 4089 ipse
3266 4020 3345 4075 sic
3370 4024 3609 4079 scribens
3645 4045 3658 4080 :

2061 4103 2214 4159 Foris
2257 4122 2475 4177 pugme,
2521 4108 2656 4159 intus
2701 4108 2903 4161 timores
2944 4110 3022 4181 (2.
3060 4109 3177 4167 Cor.
3224 4113 3275 4167 7.
3307 4114 3388 4185 5).
3424 4115 3491 4169 Et
3520 4120 3660 4187 quod

2062 4195 2163 4251 hoc
2190 4212 2374 4251 verum
2406 4198 2502 4263 sit,
2532 4199 2786 4269 quodque
2813 4200 3063 4256 doctores
3094 4204 3294 4271 pariter
3324 4220 3387 4259 ac
3410 4206 3659 4278 discipuli

2060 4289 2356 4344 innumeris
2384 4292 2519 4359 septi
2553 4292 2750 4346 fuerint
2779 4294 2963 4359 malis,
2994 4303 3047 4348 et
3077 4312 3171 4364 per
3197 4312 3386 4352 omnes
3413 4314 3479 4353 ex
3505 4317 3661 4371 :equo

2058 4380 2259 4436 bellum
2302 4382 2402 4436 hoc
2443 4382 2601 4437 fuerit
2638 4393 2938 4453 grassatum
2970 4426 2983 4447 ,
3028 4387 3277 4442 eumdem
3310 4389 3533 4445 Paulum
3562 4394 3662 4448 ite-

2059 4487 2175 4525 rum
2200 4480 2390 4526 testem
2418 4472 2644 4527 adduco.
2678 4472 2889 4528 Vestraa
2914 4484 3093 4530 autem
3123 4486 3303 4546 partes
3322 4491 3447 4533 sunt
3466 4485 3662 4537 memi-

2058 4563 2202 4619 nisse
2238 4566 2475 4619 omnium
2506 4564 2696 4619 horum
2727 4582 2845 4635 qua:
2870 4566 3028 4635 dico,
3059 4577 3113 4622 ut
3142 4572 3372 4640 cognitis
3400 4576 3656 4643 periculis

2058 4670 2123 4710 ac
2168 4655 2584 4718 tentationibus,
2632 4657 2991 4728 omnibusque
3030 4659 3483 4732 adversitatibus,
3527 4684 3662 4738 quas

2058 4746 2175 4814 ejus
2211 4746 2467 4815 temporis
2496 4746 2682 4801 ﬁdeles
2708 4747 3067 4816 perferebant,
3100 4760 3247 4806 tanto
3275 4756 3512 4824 majores
3540 4775 3661 4828 gra-

2060 4836 2160 4891 tias
2188 4838 2359 4907 agatis
2390 4837 2521 4905 Deo,
2556 4838 2644 4908 qui
2670 4840 2920 4893 omnibus
2951 4842 3057 4897 illis
3078 4843 3474 4904 calamitatibus
3501 4850 3658 4907 ﬁnem

2058 4930 2333 5001 imposuit,
2360 4942 2415 4987 et
2439 4944 2802 4988 averruncato
2830 4934 2973 4990 bello
2995 4977 3011 5001 ,
3041 4939 3540 5008 tranquillissimam
3571 4962 3663 5015 pa-

2057 5035 2175 5078 cem
2204 5024 2359 5079 nobis
2387 5024 2617 5080 confecit
2646 5041 2659 5079 :
2688 5034 2746 5079 ut
2766 5041 2926 5083 nemo
2946 5028 3032 5082 vel
3054 5031 3316 5087 socordiae
3334 5048 3554 5103 pinnam
3578 5038 3659 5093 cf-

2058 5113 2247 5183 iugiat,
2277 5114 2360 5169 vel
2390 5115 2460 5169 ob
2479 5116 2641 5170 vitam
2669 5125 2817 5171 recte
2838 5126 3017 5173 actam
3038 5120 3347 5176 extollatur.

2130 5207 2184 5263 4.
2204 5204 2346 5261 Pace
2371 5206 2613 5261 Ecclesia
2638 5224 2741 5262 non
2765 5209 3352 5283 abutendum.--Neque
3376 5220 3524 5274 enim
3544 5236 3663 5289 per-

2060 5296 2183 5352 inde
2228 5304 2346 5364 est,
2394 5298 2439 5351 si
2485 5298 2823 5368 undiquaque
2871 5299 3212 5372 impugnatus
3259 5314 3314 5359 et
3363 5307 3659 5367 innumeris

2061 5386 2473 5443 adversitatibus
2520 5388 2742 5443 obrutus
2789 5404 3053 5459 generose
3097 5394 3400 5463 subsistas,
3442 5394 3508 5454 ac
3530 5402 3579 5455 si
3608 5403 3659 5457 in

2061 5485 2219 5547 portu
2260 5493 2403 5535 nunc
2442 5478 2656 5544 sedens,
2686 5488 2743 5537 et
2770 5480 2825 5534 in
2854 5494 3061 5536 summa
3094 5484 3387 5542 securitate
3409 5491 3657 5547 euundem

2059 5570 2294 5625 animum
2340 5584 2454 5638 prie
2494 5580 2547 5627 te
2580 5570 2746 5627 feras.
2797 5571 3017 5628 Illorum
3045 5576 3189 5630 enim
3220 5578 3464 5636 conditio
3493 5584 3659 5639 nihilo

2062 5664 2252 5718 melior
2278 5673 2416 5729 erat,
2443 5679 2602 5735 quem
2626 5679 2813 5722 eorum
2834 5667 2925 5738 qui
2956 5669 3329 5727 turbatomart
3351 5672 3656 5743 jactantnr:

2064 5772 2161 5816 nos
2189 5772 2317 5815 vero
2338 5758 2578 5815 securius
2603 5760 2812 5830 agimus
2834 5775 2994 5833 quam
3017 5764 3109 5835 qui
3124 5764 3185 5823 in
3209 5775 3430 5837 portum
3450 5768 3656 5827 devecti
