3990 6358
262 495 365 558 τῆς
391 489 648 577 σπουδῆς.
674 493 738 547 Εἰ
761 494 869 566 γὰρ
893 497 991 567 μία
1015 497 1157 563 λέξις
1177 500 1581 577 τριῶνὴμερῶν
1611 508 1846 575 διάλεξιν

262 578 402 645 ἡμῖν
432 575 607 641 ἔτεκε,
643 577 811 662 πόσον
837 581 970 650 ἡμῖν
991 581 1285 644 ἀναϐλύσει
1321 575 1596 659 θησαυρὸν
1626 591 1848 662 ὁλόκλη-

266 676 363 728 ρος
393 660 671 745 περικοπή
700 662 838 730 μετά
872 664 1160 733 ἀκριϐείας
1195 667 1580 743 θεωρουμένης
1625 675 1717 745 Μὴ
1741 660 1849 733 τοί-

261 760 358 800 νυν
404 744 804 820 ἀποκάμωμεν,
843 746 948 809 ἕως
993 747 1058 800 ἂν
1099 749 1159 816 τὸ
1195 753 1303 804 πᾶν
1348 744 1844 832 ἀποτρυγήσωμεν.

263 828 327 898 Εἰ
374 826 486 898 γάρ
531 831 580 882 οἱ
629 829 866 898 μέταλλα
900 831 1269 903 διορύττοντες
1311 826 1560 907 χρυσίου,
1607 826 1736 894 ὅσον
1777 842 1845 900 ἂν

260 913 474 965 ἐκεῖθεν
507 913 785 966 κενώσωσι
825 913 1074 994 πλοῦτον,
1105 919 1164 968 οὗ
1197 920 1464 992 πρότερον
1492 923 1844 994 ἀφίστανται,

260 993 368 1056 ἕως
413 995 480 1048 ἂν
526 996 585 1047 τὸ
633 998 740 1050 πᾶν
784 989 1082 1058 ἀνέλωνται
1130 989 1383 1072 χρυσίονλ
1419 989 1597 1080 πολλῷ
1645 1009 1844 1078 μᾶλλον

260 1077 412 1178 ήμάς
449 1078 656 1178 μείζονι
702 1081 982 1178 προθυμία
1026 1085 1329 1178 κεχρησθαι
1374 1086 1456 1140 δεῖ
1491 1077 1586 1152 καί
1638 1093 1842 1178 σπουδῇ

260 1163 396 1232 περί
428 1164 528 1234 τὴν
576 1164 682 1250 τῶν
725 1166 887 1250 θείων
935 1166 1136 1236 λογίων
1169 1169 1415 1241 ἔρευναν.
1452 1175 1561 1228 Καὶ
1592 1175 1702 1249 γὰρ
1749 1163 1844 1250 καί

261 1246 426 1315 ἡμεῖς
447 1248 670 1317 χρυσίον
694 1249 990 1319 ὀρύττομεν
1012 1290 1026 1312 ,
1059 1253 1159 1305 οὐκ
1193 1254 1470 1324 αἰσθητὸν,
1511 1257 1648 1312 ἀλλά
1669 1246 1845 1314 *πνευέ

264 1330 530 1396 ματικόν·
575 1331 637 1384 οὐ
684 1332 792 1403 γάρ
841 1333 1080 1402 μέταλλα
1115 1336 1254 1405 γῆς,
1281 1336 1420 1392 ἀλλά
1467 1341 1710 1409 μέταλλα
1747 1342 1842 1397 τοῦ

255 1411 582 1482 Πνεύματος
624 1414 992 1485 ἐργαζόμεθα.
1030 1419 1096 1471 Αἰ
1123 1418 1232 1491 γὰρ
1259 1421 1540 1476 ἐπιστολαὶ
1565 1423 1661 1478 τοῦ
1691 1425 1843 1480 Παύη

259 1493 354 1580 λου
385 1495 479 1549 τοῦ
506 1497 824 1568 Πνεύματός
849 1502 955 1554 εισι
977 1501 1214 1570 μέταλλα
1244 1503 1339 1564 καὶ
1366 1507 1538 1577 πηγαί
1561 1523 1575 1537 ·
1604 1509 1844 1580 μέταλλα

264 1579 386 1647 μὲν,
418 1581 501 1632 ὅτι
532 1583 756 1652 χρυσίου
787 1584 988 1650 παντὸς
1017 1586 1344 1661 τιμιώτερον
1383 1592 1514 1660 ἡμῖν
1539 1594 1842 1666 παρέχουσι

259 1662 493 1726 πλοῦτον
517 1681 530 1693 ·
562 1669 738 1735 πηγαὶ
769 1667 847 1734 δὲ,
877 1669 958 1721 ὅτι
993 1671 1248 1726 οὐδέποτε
1277 1662 1652 1728 ἐπιλείπουσιν
1678 1662 1843 1730 έτάλλ’

254 1747 384 1798 ὅσον
412 1746 479 1799 ἂν
519 1747 765 1821 κενὼσῃς
802 1751 1032 1818 ἐκεῖθεν,
1067 1752 1320 1812 τοσοῦτον
1349 1756 1444 1809 καὶ
1472 1757 1653 1827 πολλῷ
1680 1759 1842 1817 πλέον

255 1830 483 1902 ἐπιρρεῖ
512 1831 690 1886 πάλιν.
722 1831 874 1904 [280]
903 1836 1011 1888 Καὶ
1037 1835 1228 1890 τούτου
1253 1838 1448 1908 γένοιτ’
1471 1839 1537 1893 ἀν
1567 1842 1842 1910 ἀπόδειξις

255 1913 440 1983 σαφὴς
468 1917 496 1967 6
521 1915 712 1985 χρόνος
740 1917 768 1968 6
797 1916 1084 1989 παρελθὼν
1122 1919 1286 1983 ἄπας.
1329 1916 1502 1986 Ἑξοῦ
1531 1924 1660 1991 γοῦν
1691 1925 1841 1977 Παῦ-

257 1995 349 2059 λος
378 1995 632 2065 ἐγένετο,
675 2000 1009 2054 πεντακόσια
1040 2001 1228 2056 λοιπὸν
1279 2003 1376 2075 ἐτη
1417 2007 1700 2078 παρῆλθεν
1747 2011 1842 2064 καὶ

254 2079 447 2134 τοῦτον
493 2083 708 2142 ἅπαντα
753 2083 843 2137 τὸν
885 2085 1074 2155 χρόνον
1111 2087 1296 2140 πολλοὶ
1345 2089 1445 2159 μὲν
1477 2095 1838 2162 συγγραφεῖς,

254 2164 446 2220 πολλοὶ
487 2166 542 2221 δὲ
584 2167 894 2223 διδάσκαλοι
927 2172 1022 2222 καὶ
1065 2171 1329 2243 ἐξηγηταί
1378 2173 1546 2228 πολλὰ
1581 2174 1841 2240 πολλάκις

251 2248 470 2302 ἐκεῖθεν
492 2249 848 2322 ἐξήντλησαν,
889 2254 985 2306 καὶ
1009 2253 1101 2308 τὸν
1123 2255 1486 2325 ἀποκείμενον
1508 2257 1608 2311 οὐκ
1641 2259 1841 2313 ἐκένω-

253 2345 359 2415 σαν
413 2333 661 2387 πλοῦτον.
701 2337 776 2389 Οὐ
831 2334 938 2406 γάρ
997 2338 1259 2410 αἰσθητὸς
1296 2342 1324 2393 6
1377 2341 1696 2415 θησαυρόςσ
1749 2343 1839 2398 διά

252 2413 414 2468 τοῦτο
429 2417 528 2472 οὐκ
545 2417 897 2473 ἀναλίσκεται
921 2422 986 2490 τῇ
1011 2419 1116 2482 τῶν
1140 2417 1472 2492 όρυττόντων
1494 2413 1835 2497 πολυχειρίᾳ,

251 2498 372 2550 ἀλλ’
395 2497 616 2563 αὔξεται
646 2502 738 2555 καὶ
765 2502 1070 2566 πλεονάζει.
1099 2505 1207 2556 Καὶ
1233 2504 1286 2558 τί
1310 2505 1452 2574 λέγω
1473 2511 1598 2578 τοὺς
1629 2509 1839 2580 ἔμπρο-

256 2581 419 2648 σθεν;
445 2584 607 2638 Πόσοι
639 2584 756 2654 μεθ’
788 2586 935 2655 ἡμᾶς
951 2585 1237 2658 ἐροῦσικαί
1263 2590 1378 2659 μετ’
1407 2590 1643 2654 ἐκείνους
1662 2591 1839 2662 ἕτεροι

253 2663 443 2729 πάλιν,
491 2668 584 2728 καὶ
631 2667 692 2718 ού
731 2667 998 2720 παύσεται
1030 2669 1295 2739 πηγάζων
1339 2674 1368 2724 6
1413 2672 1676 2738 πλοῦτος,
1716 2675 1840 2729 ούδέ

253 2747 527 2818 ἐπιλείψει
562 2749 733 2822 ταύτῃ
772 2751 840 2804 τὰ
877 2751 1153 2823 μέταλλα;
1187 2756 1531 2828 πνευματικά
1558 2757 1666 2829 γάρ
1698 2759 1836 2823 ἐστι,

252 2830 350 2913 καὶ
391 2831 453 2884 οὗ
497 2832 708 2902 πέφυκε
757 2833 1100 2888 δαπανᾶσθαί
1147 2853 1298 2892 ποτε.
1343 2839 1442 2901 Τίς
1486 2835 1578 2894 οὖν
1612 2843 1758 2894 ἐστιν
1804 2843 1838 2913 ἠ

255 2912 418 2982 ῥῆσις
451 2915 485 2984 ἡ
522 2916 857 2988 ἀποστολικὴ
885 2956 899 2980 ,
935 2918 1065 2988 περὶ
1105 2914 1174 2991 ἧς
1206 2921 1300 2972 καὶ
1344 2920 1534 2993 πρώην
1564 2923 1699 2995 πρὸς
1737 2912 1840 2994 τὴν

254 2997 534 3068 ὑμετέραν
556 3001 780 3073 ἀγάπην
805 3002 1159 3075 διελέχθημεν
1179 3023 1193 3068 ;
1214 3007 1504 3074 Ἔχοντες
1525 3007 1594 3061 δὲ
1609 3010 1675 3062 τὸ
1689 3008 1837 3064 αὐτὸ

248 3081 501 3150 Πνεῦμα
551 3082 665 3151 τῆς
718 3086 1012 3152 πίστεως,
1070 3088 1220 3144 κατὰ
1273 3089 1342 3143 τὸ
1395 3091 1836 3160 γεγραμμένον

265 3164 662 3232 Ἐπίστευσα,
695 3168 786 3223 διὸ
820 3168 1118 3238 ἐλάλησα.

324 3247 396 3317 β’.
434 3249 568 3303 Τότε
603 3252 702 3321 μὲν
739 3247 832 3306 οὖν
865 3251 1190 3325 ἐζητοῦμεν,
1224 3254 1369 3320 τίνος
1408 3255 1594 3310 ’ένεκεν
1626 3259 1836 3331 εἴρηκε,

249 3331 502 3402 Πνεῦμα
532 3335 794 3403 πίστεως
835 3335 901 3394 τὸ
951 3339 1100 3399 αὑτό
1121 3353 1134 3366 ·
1170 3340 1262 3398 καὶ
1310 3339 1441 3408 μίαν
1480 3342 1662 3395 αἰτίαν
1699 3344 1839 3408 τέως

251 3417 742 3498 εἰρήκαμεν-αὕτη
769 3419 826 3472 δέ
852 3415 938 3490 ἦν,
966 3419 1028 3472 τὸ
1058 3420 1225 3487 δεῖξαι
1257 3419 1547 3492 σύμφωνον
1569 3428 1633 3496 τῇ
1661 3427 1836 3498 Καινῇ

250 3497 352 3568 τὴν
384 3500 630 3554 Παλαιὰν
657 3497 842 3556 οὖσαν.
880 3502 1050 3557 Ὅταν
1092 3504 1201 3576 γὰρ
1231 3505 1489 3576 φαίνηται
1515 3507 1576 3560 τὸ
1616 3497 1840 3578 Πνεῦμα

251 3582 357 3651 τῆς
404 3583 644 3648 πίστεως
683 3585 744 3637 τὸ
792 3585 924 3638 αὐτὸ
971 3587 1069 3640 καὶ
1112 3587 1213 3659 τὴν
1250 3587 1363 3641 τοῦ
1400 3585 1563 3642 Δαυῒδ
1606 3595 1838 3663 κινῆσαν

252 3663 506 3730 γλῶτταν
536 3667 634 3738 τὴν
664 3667 949 3735 λέγουσαν,
997 3669 1383 3735 Ἐπίστευσα,
1407 3671 1497 3724 διὸ
1521 3673 1798 3741 ἐλάλησα
1819 3715 1836 3741 ,

253 3749 352 3800 καὶ
383 3749 465 3813 εἰς
497 3751 593 3821 τὴν
617 3752 712 3804 τοῦ
742 3753 955 3807 Παύλου
977 3753 1156 3825 ψυχὴν
1188 3754 1466 3825 ἐνεργοῦν,
1507 3754 1729 3830 εὔδηλον
1755 3759 1838 3811 ὅτι

251 3837 429 3906 πολλὴ
489 3841 780 3909 συγγένεια
840 3843 1138 3914 προφητῶν
1199 3845 1293 3896 καὶ
1349 3844 1684 3910 ἀποστόλων,
1743 3848 1838 3901 καὶ

250 3928 472 3998 ἀνάγκη
507 3929 706 4001 πολλὴν
741 3931 984 3994 Παλαιᾶς
1015 3932 1108 3985 καὶ
1149 3933 1357 4002 Καινῆς
1384 3929 1528 3986 εἶναι
1559 3933 1658 4004 τὴν
1699 3953 1839 4006 συμ-

252 4017 490 4081 φωνίαν.
529 4018 671 4072 Ἀλλ’
711 4019 805 4073 ἵνα
844 4021 918 4091 μὴ
962 4020 1124 4074 πάλιν
1162 4020 1234 4074 τὰ
1259 4021 1404 4081 αὐτά
1447 4023 1834 4090 ἀνακινοῦντες

249 4103 564 4173 ἐνοχλῶμεν
580 4107 728 4175 ὑμῖν,
741 4107 896 4180 φέρε,
929 4109 1022 4167 καὶ
1043 4108 1144 4178 τὴν
1165 4108 1359 4179 ἑτέραν
1373 4109 1551 4174 αἰτίαν
1567 4110 1834 4184 εἴπωμεν,

247 4191 319 4244 δι’
346 4190 640 4262 ἥνεῐρηκε,
659 4195 727 4247 Τὸ
755 4196 924 4248 αὐτόο
945 4195 1038 4249 καὶ
1051 4195 1159 4268 γᾲρ
1184 4198 1279 4251 καὶ
1297 4197 1418 4250 τότε
1441 4197 1570 4267 ὑμῖν
1595 4199 1833 4270 ὑπεσχό-

251 4279 399 4350 μεθα
431 4280 624 4352 ἑτέραν
651 4280 830 4335 αἰτίαν
861 4285 1006 4354 ἐρεῖν
1037 4283 1138 4354 τῆς
1168 4285 1382 4356 ρήσεως
1400 4285 1626 4359 ταύτης.
1672 4287 1832 4344 Ἀλλά

244 4369 603 4441 beatior-gre-
634 4371 772 4441 βαθὺ
803 4362 912 4445 γάρ
942 4373 1004 4430 τὸ
1022 4373 1200 4444 νόημα
1225 4374 1383 4434 τοῦτό
1414 4377 1582 4442 ἐστιν,
1603 4377 1631 4430 6
1661 4377 1838 4446 μέλλω

245 4457 438 4526 λέγειν
483 4458 622 4530 πρὸς
647 4457 747 4529 τὴν
789 4460 1064 4531 ὑμετέραν
1101 4461 1342 4531 ἀγάπην,
1384 4463 1480 4522 καὶ
1515 4465 1838 4535 -διορατικῆς

243 4547 509 4616 δεόμενον
538 4547 798 4614 διανοίας,
827 4549 921 4608 καί
936 4550 1204 4622 ὀξυτάτης
1219 4551 1416 4621 ψυχῆςο
1432 4552 1513 4606 διὸ
1533 4554 1838 4624 παρακαλῶ

249 4634 397 4705 μετὰ
407 4636 514 4706 ἀκρ
523 4635 693 4699 ιϐείας
705 4637 1134 4708 παρακολουθεῖν
1145 4641 1256 4702 τοῖς
1269 4639 1600 4710 ῥηθήσεσθαι
1622 4641 1840 4712 μέλλου-

247 4742 360 4781 σιν.
388 4725 453 4788 Εἰ
476 4724 584 4796 γὰρ
606 4724 873 4794 ἡμέτερος
889 4726 917 4776 ὁ
937 4724 1116 4790 πόνος,
1135 4725 1248 4780 ἀλλ’
1266 4727 1529 4798 ὑμέτερον
1551 4728 1612 4781 τὺ
1625 4729 1834 4800 κέρδος,

249 4811 532 4882 μᾶλλονδὲ
549 4812 671 4865 οὐδὲ
694 4813 963 4885 ἡμέτερος
991 4816 1020 4868 6
1053 4814 1234 4879 πόνος.
1255 4815 1392 4869 ἀλλὰ
1420 4817 1520 4886 τῆς
1550 4817 1644 4870 τοῦ
1678 4818 1840 4872 Πνεύ-

250 4918 428 4973 ματος
448 4900 717 4978 χάριτοςή
743 4901 941 4972 δωρεά·
968 4904 1093 4964 ὅταν
1113 4903 1170 4957 δὲ
1191 4904 1536 4978 ἀποκαλύψῃ,
1558 4904 1680 4958 οὔτε
1704 4908 1733 4958 6
1751 4906 1839 4961 λέ-

243 5001 392 5058 γων,
417 4973 543 5056 οὔτε
566 4989 614 5041 οἰ
640 4988 930 5052 ἀκούοντες
947 4990 1237 5060 κάμνουσι·
1264 4990 1434 5061 πολλὴ
1453 4973 1563 5063 γάρ
1580 4992 1680 5063 τῆς
1701 4994 1838 5047 ἀπο-

245 5073 544 5143 καλύψεως
568 5077 602 5146 ἡ
632 5075 870 5146 εὐκολία.
913 5077 1245 5149 Πρόσχωμεν
1282 5080 1462 5133 τοίνυν
1499 5081 1639 5151 μετά
1674 5083 1836 5153 ἀκριτ-

242 5161 430 5225 6εέαςο
457 5161 559 5222 κᾶν
574 5163 683 5234 γὰρ
697 5167 811 5226 τοῖς
833 5163 1040 5218 πλείοσι
1057 5165 1598 5238 παρακολουθήσητε,
1629 5185 1695 5221 πε
1705 5169 1756 5239 ρί
1778 5169 1836 5222 δὲ

247 5249 433 5320 βραχὺ
469 5249 634 5322 μέρος
671 5251 1111 5321 ἀπονυστάξητε,
1142 5252 1205 5305 τὸ
1253 5255 1359 5306 πᾶν
1393 5254 1689 5326 ἀγνοήσετε
1740 5256 1836 5309 τοῦ

243 5339 511 5404 κάλλους,
564 5338 921 5412 διακοπείσης
965 5341 1068 5409 τῆς
1113 5341 1436 5405 ἀκολουθίας
1484 5342 1690 5396 λοιπόν.
1729 5343 1834 5398 Καὶ

245 5426 512 5496 καθάπερ
538 5426 588 5478 οί
609 5425 710 5498 τὰς
735 5427 887 5492 ὁδοὺς
911 5427 1232 5497 ἀγνοοῦντες
1253 5429 1348 5481 καὶ
1363 5429 1565 5498 ἐτέρων
1593 5428 1837 5498 δεόμενοι

244 5512 363 5567 τῶν
390 5512 752 5585 ὁδηγούντων,
784 5515 889 5569 κάν
906 5515 1041 5569 πολὺ
1060 5515 1396 5587 προέλθωσιν
1419 5515 1839 5582 ἀκολουθοῦντες

244 5603 466 5666 αὐτοῖς,
505 5602 701 5673 μικρὸν
733 5602 792 5655 δὲ
817 5603 1383 5675 ἀπορῤᾳθυμήσαντες
1412 5603 1719 5658 ἀπολέσωσι
1748 5605 1838 5659 τὸν

243 5686 586 5760 ἡγούμενον,
615 5689 768 5741 οὐδὲν
803 5689 994 5752 ἀὐτοῖς
1023 5688 1214 5758 ὄφελος
1241 5689 1390 5748 ἔσται
1430 5689 1528 5759 τῆς
1566 5694 1837 5762 προτέρας

245 5774 696 5846 ἀκολουθήσεως,
719 5775 833 5829 ἀλλ’
857 5777 1103 5830 ἵστανται
1125 5776 1333 5841 λοιπὸν,
1355 5778 1455 5830 οὐκ
1479 5777 1674 5842 εἰδότες
1702 5780 1837 5834 ὅπου

252 5861 609 5931 προέλθωσιν
626 5879 641 5898 ο
671 5861 815 5920 οὕτω
831 5863 925 5918 καὶ
954 5865 1005 5920 οἱ
1032 5862 1110 5936 τῷ
1132 5863 1342 5934 λέγοντι
1363 5864 1833 5938 παρακολουθοῦν-

858 397 946 453 DE
978 400 1226 459 VERBIS
1265 407 1628 472 APOSTOLL
1675 408 2053 466 HABENTES
2095 411 2387 466 EUMDEM
2428 411 2783 488 SPIRITUM.
2824 409 2918 484 111.

3423 406 3524 463 293

1953 528 2066 575 τες,
2105 511 2201 567 ἐὰν
2239 515 2389 588 παρὰ
2423 518 2605 570 πᾶσαν
2647 517 2746 590 τὴν
2787 517 3136 574 διδασκαλίαν
3169 520 3525 592 προσέχοντες

1953 596 2151 666 μικρὸν
2195 599 2608 672 ῥαθυμήσωσιν,
2664 603 2884 670 ἃπασαν
2929 603 3028 674 τὴν
3074 603 3396 660 ἀκολουθίαν
3440 610 3525 678 ῥί-

1948 677 2170 746 ψαντες,
2203 682 2304 736 οὐκ
2333 682 2414 736 ἐτι
2449 685 2636 738 λοιπὸν
2664 686 2954 758 ἐπιστῆναι
2983 685 3060 756 τῷ
3082 686 3223 754 τέλει
3259 688 3366 741 τῶν
3399 677 3525 760 νοη-

1950 761 2139 831 μάτων
2183 763 2522 837 δυνήσονται.
2558 770 2650 822 ”1ν’
2701 766 2793 822 οὖν
2839 771 2911 840 μὴ
2965 771 3120 823 τοῦτο
3169 772 3397 842 πάθητε,
3440 774 3526 828 διὰ

1949 845 2169 899 πάντων
2193 849 2302 904 τῶν
2327 849 2628 917 μελλόντων
2660 851 2992 922 ῥηθήσεσθαι
3026 854 3124 923 τὴν
3152 856 3272 924 ἴσην
3299 873 3388 924 μοι
3417 873 3524 908 παι

1955 929 2140 998 ρέχετε
2171 933 2429 1004 σπουδὴν,
2465 935 2570 998 ἕως
2597 936 2662 988 ἂν
2697 937 2778 999 εἰς
2812 937 2947 989 αὐτὸ
2972 937 3034 989 τὸ
3064 938 3217 1002 τέλος
3256 939 3520 1009 ἔλθωμεν.

2018 1019 2086 1080 γ’.
2113 1013 2269 1076 Τίνος
2290 1011 2382 1069 οὖν
2402 1017 2591 1074 ¹ἕνεκεν
2615 1018 2858 1089 εἴρηκεν,
2893 1020 3178 1088 Ἔχοντες
3202 1021 3271 1073 δὲ
3291 1021 3355 1074 τὸ
3377 1021 3524 1076 αὐτό

1947 1095 2192 1166 Πνεῦμα
2211 1096 2319 1167 τῆς
2353 1101 2634 1166 πίστεως,
2678 1103 2773 1162 καὶ
2815 1102 3104 1164 σπουδάζει
3135 1103 3303 1168 δεῖξαι
3333 1107 3427 1166 καὶ
3464 1108 3524 1157 ἐν

1944 1180 2012 1246 τῇ
2036 1179 2248 1250 Παλαιᾷ
2282 1183 2373 1238 καὶ
2399 1184 2455 1244 ἐν
2481 1187 2544 1254 τῇ
2568 1186 2743 1255 Καινῇ
2778 1185 2961 1238 πίστιν
2991 1182 3153 1239 οὖσαν
3182 1187 3280 1257 τὴν
3313 1187 3524 1258 μητέρα

1944 1259 2053 1329 τῶν
2077 1262 2320 1334 ἀγαθῶν,
2358 1267 2550 1338 μικρὸν
2577 1268 2782 1322 ἄνωθεν
2824 1271 3122 1339 ἀναγκαῖον
3149 1273 3353 1326 εἰπεῖν·
3384 1272 3525 1328 οὕτω

1945 1341 2055 1414 γὰρ
2088 1344 2239 1404 ἔσται
2286 1350 2585 1418 κατάδηλος
2628 1353 2758 1420 ἡμῖν
2795 1353 2828 1423 ἡ
2873 1353 3022 1410 αἰτία
3053 1353 3274 1426 μᾶλλον.
3308 1354 3404 1423 Τίς
3431 1351 3525 1418 οὖν

1946 1423 2092 1478 ἐστιν
2148 1429 2180 1498 ή
2225 1427 2376 1504 [281]
2415 1433 2596 1498 αἰτία;
2644 1434 2815 1502 Πολὺς
2866 1423 3104 1505 πόλεμος
3152 1437 3524 1506 περιειστήκει

1944 1509 2072 1572 τοὺς
2105 1514 2371 1590 πιστοὺς,
2417 1517 2578 1585 ἡνίκα
2611 1516 2784 1572 ταῦτα
2803 1507 3052 1594 ἐλέγετο,
3090 1518 3326 1588 πόλεμος
3365 1519 3524 1589 χαλε-

1949 1590 2048 1653 πὸς
2102 1593 2197 1647 καὶ
2247 1587 2580 1666 ἀκήρυκτος.
2642 1598 2747 1664 Καὶ
2803 1601 2914 1676 γάρ
2964 1589 3058 1654 καί
3111 1587 3294 1664 πόλεις
3341 1587 3524 1665 αὐτοῖς

1944 1675 2230 1747 ὁλόκληροι
2274 1681 2366 1732 καὶ
2399 1680 2559 1750 δῆμοι
2593 1675 2858 1753 πάντοθεν
2891 1685 3271 1750 ἐπανίσταντο,
3312 1686 3406 1737 καὶ
3429 1684 3508 1737 τύ-

1949 1774 2131 1828 ραννοι
2162 1763 2366 1826 πάντες
2384 1765 2759 1832 ἐπεϐούλευον,
2794 1767 2888 1820 καὶ
2911 1767 3151 1836 βασιλεῖς
3177 1769 3524 1839 παρεσκευά-

1946 1841 2120 1908 ζοντο,
2171 1847 2264 1906 καὶ
2310 1849 2452 1902 ὅπλα
2487 1851 2748 1916 ἐκινεῖτο,
2783 1852 2879 1906 καὶ
2925 1851 3051 1922 ξίφη
3095 1853 3329 1920 ὴκονᾶτο
3357 1892 3371 1916 ,
3419 1851 3523 1904 καὶ

1947 1930 2288 1996 στρατόπεδα
2334 1931 2716 2004 ηὗτρεπίζετο,
2765 1934 2862 1986 καὶ
2908 1935 3017 1997 πᾶν
3049 1929 3188 1998 εἶδος
3240 1933 3520 1997 κολάσεως

1945 2011 2036 2067 καὶ
2072 2014 2341 2084 τιμωρίας
2373 2016 2649 2074 ἐπενοεῖτο
2672 2031 2686 2046 ⁸
2718 2018 2842 2072 ὅθεν
2881 2018 3238 2087 ὑπαρχόντων
3272 2016 3524 2089 ἁρπαγαὶ

1943 2095 2038 2148 καὶ
2065 2095 2381 2169 δημεύσεις.
2409 2101 2505 2154 καὶ
2529 2103 2824 2171 ἀπαγωγαὶ
2852 2105 2946 2164 καὶ
2968 2105 3188 2162 θάνατοι
3213 2103 3522 2172 καθημερι-

1943 2178 2040 2240 vol.
2076 2181 2171 2235 καὶ
2199 2183 2582 2256 στρεϐλώσεις,
2609 2186 2702 2238 καὶ
2731 2187 3102 2258 δεσμωτήρια,
3137 2185 3231 2250 καὶ
3259 2186 3392 2257 πῦρ,
3425 2183 3522 2237 καὶ

1945 2262 2181 2334 σίδηρος,
2230 2266 2324 2318 καί
2359 2266 2544 2338 θηρία,
2580 2269 2674 2321 καὶ
2704 2269 2882 2335 ξύλον,
2922 2271 3015 2340 καί
3043 2271 3259 2342 τροχὸς,
3289 2270 3383 2324 καὶ
3425 2267 3521 2338 βά-

1947 2345 2142 2417 ραθρα,
2174 2348 2268 2402 καὶ
2295 2351 2550 2428 κρημνοὶ,
2585 2355 2680 2406 καὶ
2709 2354 2888 2408 πάντα
2913 2354 2981 2410 τά
3006 2357 3084 2420 εἰς
3109 2355 3351 2418 ἐπίνοιαν
3383 2350 3522 2422 πρὸς

1941 2429 2032 2482 τὸν
2075 2431 2184 2483 τῶν
2235 2429 2443 2489 πιστῶν
2476 2435 2696 2506 ὄλεθρον
2741 2438 3007 2505 ἐκινεῖτο·
3064 2438 3160 2490 καὶ
3188 2437 3310 2490 οὐδὲ
3355 2437 3520 2504 μέχρι

1940 2516 2146 2571 τούτων
2200 2519 2228 2570 6
2282 2521 2516 2591 πόλεμος
2562 2523 2829 2594 εἱστήκει.
2883 2524 3016 2576 Οὐδὲ
3053 2523 3163 2596 γὰρ
3214 2523 3366 2592 παρὰ
3412 2522 3519 2574 τῶν

1941 2605 2154 2676 ἐχθρῶν
2201 2608 2582 2680 ἀνερριπίζετο
2644 2612 2838 2682 μόνον,
2889 2611 3025 2665 ἀλλά
3069 2612 3164 2665 καὶ
3209 2613 3344 2682 αὑτὴ
3398 2610 3518 2662 καθ’

1943 2689 2142 2764 ἐαυτῆς
2167 2698 2199 2767 ἡ
2237 2697 2399 2768 φύσις
2427 2698 2691 2770 ἐσχίζετο.
2721 2700 2831 2752 Καὶ
2861 2700 2970 2770 γάρ
2997 2700 3185 2767 παισὶν
3217 2700 3519 2769 ἐπολέμουν

1941 2784 2196 2856 πατέρες,
2231 2786 2325 2841 καὶ
2354 2781 2651 2860 θυγατέρες
2685 2787 2912 2859 ἐμίσουν
2940 2788 3038 2851 τὰς
3071 2790 3390 2859 κυησάσας,
3424 2788 3520 2840 καὶ

1943 2873 2088 2943 φίλοι
2130 2874 2315 2944 φίλους
2345 2869 2753 2948 ἀπεστρέφοντο
2773 2917 2787 2940 ,
2821 2877 2913 2930 καὶ
2941 2878 3020 2945 εἰς
3048 2877 3146 2940 τὰς
3199 2875 3518 2944 συγγενείας

1943 2961 2035 3013 καὶ
2066 2963 2146 3022 εἰς
2175 2961 2275 3024 τὰς
2295 2962 2472 3026 οἰκίας
2500 2965 2529 3015 6
2556 2964 2790 3034 πόλεμος
2812 2957 2966 3028 οὗτος
2991 2964 3176 3035 ἕρπων
3200 2964 3392 3034 εἰσῄει,
3425 2965 3519 3016 καὶ

1943 3046 2170 3119 θόρυϐος
2212 3044 2280 3119 ἦν
2327 3051 2447 3102 τότε
2495 3051 2662 3114 πολὺς
2703 3051 2846 3104 κατά
2874 3053 2975 3122 τὴν
3016 3051 3364 3122 οἰκουμένην.
3407 3051 3518 3105 Καὶ

1941 3136 2196 3208 καθάπερ
2253 3137 2456 3202 πλοῖον,
2510 3140 2770 3210 κυμάτων
2827 3139 3280 3210 διανισταμένων,
3340 3139 3518 3209 νεφῶν

1943 3225 2435 3298 συρρηγνυμένων,
2477 3226 2720 3298 βροντῶν
2753 3228 3312 3299 καταρῤηγνυμένων,
3349 3227 3518 3297 ζόφου

1941 3312 2208 3368 πάντοθεν
2231 3312 2558 3378 κυκλοῦντος
2579 3313 2648 3367 τὸ
2684 3315 2914 3384 σκάφος,
2945 3318 3046 3387 τῆς
3081 3313 3357 3388 θαλάσσης
3389 3333 3520 3387 μαι-

1940 3400 2194 3471 νομένης,
2239 3401 2447 3473 θηρίων
2485 3403 2959 3473 ἐπανισταμένων,
3013 3404 3290 3474 πειρατῶν
3344 3419 3520 3474 προσ-

1942 3487 2268 3554 ϐαλλόντων,
2317 3489 2497 3544 αὐτῶν
2526 3489 2635 3545 τῶν
2676 3490 2824 3547 ἔνδον
2856 3491 3286 3562 στασιαζόντων,
3318 3493 3418 3544 οὐκ
3452 3491 3520 3545 ἂν

1940 3575 2192 3648 διαφύγοι
2225 3577 2317 3630 τὸν
2344 3576 2606 3643 κίνδυνον,
2639 3579 2688 3632 εἰ
2718 3577 2792 3648 μὴ
2831 3579 2864 3648 ἡ
2904 3577 3015 3632 ἀνω
3044 3579 3184 3650 χεὶρ,
3217 3581 3248 3650 ἡ
3284 3581 3521 3649 κραταιιά

1942 3665 2038 3718 καὶ
2067 3664 2303 3738 μεγάλη,
2339 3665 2742 3735 ἀποκρούσαιτο
2769 3666 2860 3719 τὸν
2888 3665 3148 3736 πόλεμον,
3181 3669 3274 3722 καὶ
3307 3668 3522 3723 λύσασα

1938 3751 2033 3818 τὸν
2059 3751 2302 3822 χειμῶνα
2325 3752 2717 3822 καταστήσειεν
2740 3753 2799 3804 ἐν
2829 3751 3042 3832 γαλήνῃ
3062 3754 3190 3820 τοὺς
3219 3755 3482 3817 πλέοντας
3503 3769 3518 3784 ⁶

1941 3839 2086 3908 οὕτω
2113 3840 2178 3912 δὴ
2212 3839 2307 3894 καὶ
2336 3839 2456 3893 τότε
2479 3842 2544 3910 ἐν
2571 3841 2717 3911 ἀρχῇ
2753 3839 2850 3894 τοῦ
2882 3841 3239 3912 κηρύγματος
3271 3843 3517 3911 γέγονεν.

1939 3929 2013 4000 Οὐ
2041 3928 2150 4000 γὰρ
2197 3927 2394 3995 ἔξωθεν
2439 3928 2805 3999 προσέϐαλλεν
2845 3931 2875 3982 6
2909 3929 3116 4003 χειμὼν
3155 3930 3335 4000 μόνον,
3383 3929 3523 3985 ἀλλὰ

1941 4017 2036 4080 καὶ
2087 4019 2136 4069 οἰ
2183 4016 2330 4075 ἔνδον
2373 4016 2637 4080 πολλάκις
2675 4018 2812 4086 πρὸς
2864 4018 3132 4089 ἀλλήλους
3165 4018 3515 4084 ἐστασίαζον.

1941 4105 2037 4174 Τίς
2061 4103 2220 4158 τοῦτό
2246 4123 2409 4174 φησιν
2432 4122 2446 4174 ;
2477 4105 2648 4170 ᾼύτὸς
2675 4107 2703 4158 ό
2735 4103 2943 4170 Παῦλος
2971 4107 3219 4178 γράφων,
3257 4108 3522 4172 Ἕξωθεν

1935 4183 2165 4263 μάχαι(
2188 4193 2415 4264 ἔσωθεν
2455 4193 2644 4260 φόϐοι.
2684 4193 2796 4245 Καὶ
2823 4194 2903 4246 ὅτι
2943 4193 3096 4246 ταῦτ’
3126 4194 3272 4248 ἐστιν
3309 4195 3518 4265 ἀληθῆ,

1941 4273 2037 4334 καὶ
2064 4278 2416 4342 διδασκάλους
2453 4279 2548 4332 καὶ
2583 4278 2832 4350 μαθητάς
2867 4281 3038 4351 μυρία
3085 4281 3520 4352 περιεστοίχιστο

1941 4367 2106 4432 κακὰ,
2142 4370 2237 4420 καὶ
2265 4365 2474 4428 πάντας
2507 4367 2536 4420 6
2562 4365 2797 4436 πόλεμος
2824 4367 3140 4438 ἐπενέμετο,
3167 4369 3332 4423 αὑτοῦ
3363 4370 3521 4425 πάλιν

1940 4456 2035 4509 τοῦ
2065 4455 2281 4510 Παύλου
2309 4454 2410 4524 τὴν
2442 4453 2745 4524 μαρτυρίαν
2774 4455 3025 4526 παράγω.
3079 4456 3267 4529 Ὑμεῖς
3295 4457 3351 4510 δὲ
3383 4476 3521 4530 μνη.

1946 4542 2200 4610 μονεύετε
2233 4541 2341 4593 τῶν
2386 4540 2693 4611 λεγομένων
2725 4542 3006 4607 ἁπάντων,
3047 4545 3113 4597 ἵν’
3143 4545 3270 4608 ὅταν
3305 4545 3518 4617 μάθητε

1941 4631 2067 4693 τοὺς
2099 4628 2400 4696 κινδύνους,
2433 4631 2561 4691 τοὺς
2605 4631 2974 4699 πειρασμοὺς,
3015 4629 3085 4684 τά
3135 4632 3306 4702 μυρία
3336 4633 3518 4698 κακὰ,

1941 4719 2085 4790 ἀπερ
2131 4718 2182 4770 οἱ
2223 4716 2343 4769 τότε
2379 4715 2730 4780 πιστεύοντες
2780 4717 3074 4788 ὑπέμενον,
3114 4717 3376 4787 μειζόνως
3423 4721 3519 4774 καὶ

1939 4805 2030 4861 διὰ
2055 4806 2214 4860 τοῦτο
2251 4806 2610 4877 εὐχαριστῆτε
2641 4804 2717 4876 τῷ
2763 4806 2912 4878 Θεῷ,
2961 4807 3039 4878 τῷ
3072 4806 3296 4861 λύσαντι
3340 4808 3518 4863 πάντα

1942 4896 2127 4948 ἐκεῖνα
2167 4893 2236 4947 τὰ
2278 4893 2462 4959 δεινὰ,
2494 4893 2588 4946 καὶ
2632 4894 2856 4964 εἰρήνην
2885 4895 3232 4964 εἰσαγαγόντι
3275 4894 3516 4967 βαθεῖαν,

1940 4984 2036 5037 καὶ
2059 4982 2151 5036 τὸν
2181 4981 2416 5049 πόλεμον
2437 4980 2795 5043 ἀπελάσαντι,
2817 4981 2913 5034 καί¹
2945 4982 3144 5053 πολλὴν
3171 4984 3518 5038 καταπευά-
3628 5055 3630 5057 γ

1943 5088 2097 5125 σαντι
2123 5070 2221 5142 τὴν
2241 5069 2484 5140 γαλήνην
2505 5085 2520 5098 ⁶
2548 5069 2635 5122 ἵνα
2661 5069 2852 5140 μηδεὶς
2867 5070 3015 5151 μήτε
3038 5071 3300 5142 ῥᾳθυμῶν
3323 5074 3516 5146 νομίζῃ

1939 5159 2255 5230 διαφεύγειν
2297 5161 2398 5232 τὴν
2430 5157 2682 5223 κόλασιν,
2728 5158 2865 5230 μήτε
2899 5158 3181 5230 κατορθῶν
3220 5161 3518 5234 ἐπαίρηται

1939 5267 2055 5304 νυν.

2008 5337 2071 5391 δ’.
2113 5335 2189 5390 Οὐ
2223 5335 2332 5405 γάρ
2370 5335 2518 5387 ἐστιν
2563 5334 2678 5387 ἴσον
2721 5332 3062 5402 πανταχόθεν
3111 5333 3520 5404 πολεμούμενον

1939 5425 2035 5486 καί
2065 5423 2279 5494 μυρίοις
2303 5421 2625 5493 περιαντλού
2634 5438 2792 5492 μενον
2807 5423 3006 5483 κακοῖς
3021 5420 3314 5491 δυνηθῆναι
3330 5421 3518 5490 στῆναι

1939 5511 2224 5581 γενναίως,
2257 5509 2352 5572 καί
2383 5508 2632 5580 καθάπερ
2659 5511 2717 5562 ἐν
2753 5509 2930 5578 λιμένι
2951 5509 3268 5578 καθήμενον
3298 5506 3395 5564 νῦν
3424 5509 3520 5561 καὶ

1940 5599 2124 5668 πάσης
2173 5594 2519 5662 ἀπολαύοντα
2553 5595 2738 5660 ἀδείας
2783 5597 2884 5666 τὴν
2923 5595 3094 5667 αὐτὴν
3146 5594 3518 5659 ἐπιδείξασθαι

1942 5685 2276 5758 προθυμίαν.
2336 5684 2563 5751 Ἐκεῖνοι
2607 5683 2708 5753 μὲν
2753 5683 2862 5754 γὰρ
2899 5684 3010 5764 ὠν
3054 5685 3121 5738 ἐν
3165 5680 3392 5750 πελάγει
3427 5697 3518 5736 σα·

1941 5773 2206 5830 λευόντων
2234 5771 2355 5824 τότε
2378 5772 2472 5824 καὶ
2497 5769 2973 5840 κλυδωνιζομένων
2993 5770 3145 5824 οὐδὲν
3172 5770 3393 5839 ἄμεινον
3436 5767 3515 5821 δι-

1949 5865 2040 5920 έκε
2050 5879 2158 5921 ιντο
2173 5880 2187 5897 ο
2210 5864 2367 5934 ἡμεῖς
2385 5863 2441 5918 δέ
2461 5864 2565 5920 τῶν
2582 5865 2639 5919 ἐν
2661 5860 2838 5934 λιμένι
2863 5861 3184 5932 καθημένων
3198 5857 3513 5928 ἀδεέστερον
