  <div class='ocr_page' id='page_1' title='image "/cluster/home/n/w/nwhite01/storage/ocr_20150623/51/nnc1.0046978275/292.png"; bbox 0 0 3990 6358; ppageno 0'>
   <div class='ocr_carea' id='block_1_1' title="bbox 164 424 269 481">
    <p class='ocr_par' dir='ltr' id='par_1_1' title="bbox 164 424 269 481">
     <span class='ocr_line' id='line_1_1' title="bbox 164 424 269 481; baseline 0.019 -3"><span class='ocrx_word' id='word_1_1' title='bbox 164 424 269 481; x_wconf 73' lang='lat'><strong>9.93</strong></span> 
     </span>
    </p>
   </div>
   <div class='ocr_carea' id='block_1_2' title="bbox 178 534 1762 611">
    <p class='ocr_par' dir='ltr' id='par_1_2' title="bbox 178 534 1762 611">
     <span class='ocr_line' id='line_1_2' title="bbox 178 534 1762 611; baseline -0.006 -16"><span class='ocrx_word' id='word_1_2' title='bbox 178 541 462 596; x_wconf 65' lang='lat' dir='ltr'><strong>incolumes</strong></span> <span class='ocrx_word' id='word_1_3' title='bbox 500 540 611 611; x_wconf 85' lang='lat' dir='ltr'><strong>jam</strong></span> <span class='ocrx_word' id='word_1_4' title='bbox 659 555 754 610; x_wconf 92' lang='lat' dir='ltr'><strong>per</strong></span> <span class='ocrx_word' id='word_1_5' title='bbox 802 540 970 595; x_wconf 80' lang='lat' dir='ltr'><strong>otium</strong></span> <span class='ocrx_word' id='word_1_6' title='bbox 1019 552 1079 593; x_wconf 90' lang='lat' dir='ltr'><strong>se</strong></span> <span class='ocrx_word' id='word_1_7' title='bbox 1126 535 1395 592; x_wconf 97' lang='lat' dir='ltr'><strong>reﬁciunt.</strong></span> <span class='ocrx_word' id='word_1_8' title='bbox 1423 534 1762 603; x_wconf 79' lang='lat' dir='ltr'><strong>Quapropter</strong></span> 
     </span>
    </p>
   </div>
   <div class='ocr_carea' id='block_1_3' title="bbox 154 626 1767 704">
    <p class='ocr_par' dir='ltr' id='par_1_3' title="bbox 154 626 1767 704">
     <span class='ocr_line' id='line_1_3' title="bbox 154 626 1767 704; baseline -0.008 -15"><span class='ocrx_word' id='word_1_9' title='bbox 154 649 337 704; x_wconf 75' lang='lat' dir='ltr'><strong>neque</strong></span> <span class='ocrx_word' id='word_1_10' title='bbox 379 641 598 704; x_wconf 89' lang='lat' dir='ltr'><strong>propter</strong></span> <span class='ocrx_word' id='word_1_11' title='bbox 640 632 835 687; x_wconf 91' lang='lat' dir='ltr'><strong>bonam</strong></span> <span class='ocrx_word' id='word_1_12' title='bbox 878 629 1091 687; x_wconf 84' lang='lat' dir='ltr'><strong>vivendi</strong></span> <span class='ocrx_word' id='word_1_13' title='bbox 1117 628 1379 685; x_wconf 88' lang='lat' dir='ltr'><strong>rationem</strong></span> <span class='ocrx_word' id='word_1_14' title='bbox 1411 626 1767 691; x_wconf 75' lang='lat' dir='ltr'><strong>extollantur,</strong></span> 
     </span>
    </p>
   </div>
   <div class='ocr_carea' id='block_1_4' title="bbox 159 717 1773 795">
    <p class='ocr_par' dir='ltr' id='par_1_4' title="bbox 159 717 1773 795">
     <span class='ocr_line' id='line_1_4' title="bbox 159 717 1773 795; baseline -0.006 -15"><span class='ocrx_word' id='word_1_15' title='bbox 159 740 336 795; x_wconf 88' lang='lat' dir='ltr'><strong>neque</strong></span> <span class='ocrx_word' id='word_1_16' title='bbox 363 724 750 779; x_wconf 88' lang='lat' dir='ltr'><strong>tentationibus</strong></span> <span class='ocrx_word' id='word_1_17' title='bbox 783 721 1057 787; x_wconf 79' lang='lat' dir='ltr'><strong>cedamus,</strong></span> <span class='ocrx_word' id='word_1_18' title='bbox 1081 736 1254 792; x_wconf 91' lang='lat' dir='ltr'><strong>neque</strong></span> <span class='ocrx_word' id='word_1_19' title='bbox 1280 719 1566 776; x_wconf 73' lang='lat' dir='ltr'><strong>securitate</strong></span> <span class='ocrx_word' id='word_1_20' title='bbox 1590 717 1773 773; x_wconf 74' lang='lat' dir='ltr'><strong>Eccle-</strong></span> 
     </span>
    </p>
   </div>
   <div class='ocr_carea' id='block_1_5' title="bbox 160 811 1766 885">
    <p class='ocr_par' dir='ltr' id='par_1_5' title="bbox 160 811 1766 885">
     <span class='ocr_line' id='line_1_5' title="bbox 160 811 1766 885; baseline -0.004 -15"><span class='ocrx_word' id='word_1_21' title='bbox 160 819 249 870; x_wconf 75' lang='lat' dir='ltr'><strong>sizn</strong></span> <span class='ocrx_word' id='word_1_22' title='bbox 275 825 518 869; x_wconf 89' lang='lat' dir='ltr'><strong>nostram</strong></span> <span class='ocrx_word' id='word_1_23' title='bbox 543 814 610 869; x_wconf 89' lang='lat' dir='ltr'><strong>ad</strong></span> <span class='ocrx_word' id='word_1_24' title='bbox 642 814 921 885; x_wconf 83' lang='lat' dir='ltr'><strong>segnitiem</strong></span> <span class='ocrx_word' id='word_1_25' title='bbox 947 813 1235 867; x_wconf 83' lang='lat' dir='ltr'><strong>abutamur</strong></span> <span class='ocrx_word' id='word_1_26' title='bbox 1264 829 1277 863; x_wconf 92' lang='lat'><strong>:</strong></span> <span class='ocrx_word' id='word_1_27' title='bbox 1312 811 1440 881; x_wconf 90' lang='lat' dir='ltr'><strong>quin</strong></span> <span class='ocrx_word' id='word_1_28' title='bbox 1475 811 1651 880; x_wconf 87' lang='lat' dir='ltr'><strong>potius</strong></span> <span class='ocrx_word' id='word_1_29' title='bbox 1675 824 1766 863; x_wconf 82' lang='lat' dir='ltr'><strong>so-</strong></span> 
     </span>
    </p>
   </div>
   <div class='ocr_carea' id='block_1_6' title="bbox 161 902 1766 974">
    <p class='ocr_par' dir='ltr' id='par_1_6' title="bbox 161 902 1766 974">
     <span class='ocr_line' id='line_1_6' title="bbox 161 902 1766 974; baseline -0.005 -13"><span class='ocrx_word' id='word_1_30' title='bbox 161 907 261 961; x_wconf 89' lang='lat' dir='ltr'><strong>brii</strong></span> <span class='ocrx_word' id='word_1_31' title='bbox 298 907 469 961; x_wconf 90' lang='lat' dir='ltr'><strong>simus</strong></span> <span class='ocrx_word' id='word_1_32' title='bbox 508 921 571 960; x_wconf 91' lang='lat' dir='ltr'><strong>ac</strong></span> <span class='ocrx_word' id='word_1_33' title='bbox 605 906 907 974; x_wconf 82' lang='lat' dir='ltr'><strong>vigilemus.</strong></span> <span class='ocrx_word' id='word_1_34' title='bbox 935 904 1066 958; x_wconf 87' lang='lat' dir='ltr'><strong>Nam</strong></span> <span class='ocrx_word' id='word_1_35' title='bbox 1094 903 1249 958; x_wconf 89' lang='lat' dir='ltr'><strong>nobis</strong></span> <span class='ocrx_word' id='word_1_36' title='bbox 1278 918 1493 974; x_wconf 91' lang='lat' dir='ltr'><strong>quoque</strong></span> <span class='ocrx_word' id='word_1_37' title='bbox 1515 912 1598 957; x_wconf 94' lang='lat' dir='ltr'><strong>est</strong></span> <span class='ocrx_word' id='word_1_38' title='bbox 1624 902 1766 955; x_wconf 88' lang='lat' dir='ltr'><strong>lucta</strong></span> 
     </span>
    </p>
   </div>
   <div class='ocr_carea' id='block_1_7' title="bbox 161 994 1766 1066">
    <p class='ocr_par' dir='ltr' id='par_1_7' title="bbox 161 994 1766 1066">
     <span class='ocr_line' id='line_1_7' title="bbox 161 994 1766 1066; baseline -0.002 -15"><span class='ocrx_word' id='word_1_39' title='bbox 161 997 421 1052; x_wconf 82' lang='lat' dir='ltr'><strong>adversus</strong></span> <span class='ocrx_word' id='word_1_40' title='bbox 445 998 653 1051; x_wconf 89' lang='lat' dir='ltr'><strong>innatas</strong></span> <span class='ocrx_word' id='word_1_41' title='bbox 678 996 1156 1066; x_wconf 91' lang='lat' dir='ltr'><strong>concupiscentias.</strong></span> <span class='ocrx_word' id='word_1_42' title='bbox 1187 994 1303 1049; x_wconf 92' lang='lat' dir='ltr'><strong>Non</strong></span> <span class='ocrx_word' id='word_1_43' title='bbox 1326 994 1609 1064; x_wconf 84' lang='lat' dir='ltr'><strong>insurgunt</strong></span> <span class='ocrx_word' id='word_1_44' title='bbox 1630 1008 1766 1048; x_wconf 91' lang='lat' dir='ltr'><strong>con-</strong></span> 
     </span>
    </p>
   </div>
   <div class='ocr_carea' id='block_1_8' title="bbox 162 1087 1762 1158">
    <p class='ocr_par' dir='ltr' id='par_1_8' title="bbox 162 1087 1762 1158">
     <span class='ocr_line' id='line_1_8' title="bbox 162 1087 1762 1158; baseline -0.001 -17"><span class='ocrx_word' id='word_1_45' title='bbox 162 1099 237 1142; x_wconf 78' lang='lat' dir='ltr'><strong>tra</strong></span> <span class='ocrx_word' id='word_1_46' title='bbox 267 1104 369 1143; x_wconf 89' lang='lat' dir='ltr'><strong>nos</strong></span> <span class='ocrx_word' id='word_1_47' title='bbox 400 1088 647 1143; x_wconf 86' lang='lat' dir='ltr'><strong>homines</strong></span> <span class='ocrx_word' id='word_1_48' title='bbox 672 1129 686 1156; x_wconf 94' lang='lat'><strong>,</strong></span> <span class='ocrx_word' id='word_1_49' title='bbox 714 1088 808 1142; x_wconf 92' lang='lat' dir='ltr'><strong>sed</strong></span> <span class='ocrx_word' id='word_1_50' title='bbox 835 1088 1122 1158; x_wconf 82' lang='lat' dir='ltr'><strong>insurgunt</strong></span> <span class='ocrx_word' id='word_1_51' title='bbox 1150 1087 1394 1142; x_wconf 84' lang='lat' dir='ltr'><strong>carnales</strong></span> <span class='ocrx_word' id='word_1_52' title='bbox 1422 1087 1762 1156; x_wconf 83' lang='lat' dir='ltr'><strong>voluptates;</strong></span> 
     </span>
    </p>
   </div>
   <div class='ocr_carea' id='block_1_9' title="bbox 162 1178 1765 1251">
    <p class='ocr_par' dir='ltr' id='par_1_9' title="bbox 162 1178 1765 1251">
     <span class='ocr_line' id='line_1_9' title="bbox 162 1178 1765 1251; baseline -0.001 -19"><span class='ocrx_word' id='word_1_53' title='bbox 162 1195 267 1233; x_wconf 87' lang='lat' dir='ltr'><strong>non</strong></span> <span class='ocrx_word' id='word_1_54' title='bbox 318 1182 634 1251; x_wconf 87' lang='lat' dir='ltr'><strong>impugnant</strong></span> <span class='ocrx_word' id='word_1_55' title='bbox 674 1195 771 1234; x_wconf 92' lang='lat' dir='ltr'><strong>nos</strong></span> <span class='ocrx_word' id='word_1_56' title='bbox 812 1194 968 1250; x_wconf 89' lang='lat' dir='ltr'><strong>reges</strong></span> <span class='ocrx_word' id='word_1_57' title='bbox 994 1188 1154 1247; x_wconf 89' lang='lat' dir='ltr'><strong>atque</strong></span> <span class='ocrx_word' id='word_1_58' title='bbox 1180 1179 1389 1250; x_wconf 84' lang='lat' dir='ltr'><strong>tyranni</strong></span> <span class='ocrx_word' id='word_1_59' title='bbox 1415 1219 1431 1244; x_wconf 95' lang='lat'><strong>,</strong></span> <span class='ocrx_word' id='word_1_60' title='bbox 1464 1178 1557 1233; x_wconf 90' lang='lat' dir='ltr'><strong>sed</strong></span> <span class='ocrx_word' id='word_1_61' title='bbox 1589 1179 1765 1247; x_wconf 91' lang='lat' dir='ltr'><strong>impu-</strong></span> 
     </span>
    </p>
   </div>
   <div class='ocr_carea' id='block_1_10' title="bbox 160 1270 1763 1342">
    <p class='ocr_par' dir='ltr' id='par_1_10' title="bbox 160 1270 1763 1342">
     <span class='ocr_line' id='line_1_10' title="bbox 160 1270 1763 1342; baseline -0.002 -16"><span class='ocrx_word' id='word_1_62' title='bbox 160 1282 290 1342; x_wconf 82' lang='lat' dir='ltr'><strong>gnat</strong></span> <span class='ocrx_word' id='word_1_63' title='bbox 329 1273 410 1327; x_wconf 89' lang='lat' dir='ltr'><strong>ira</strong></span> <span class='ocrx_word' id='word_1_64' title='bbox 436 1314 451 1336; x_wconf 93' lang='lat'><strong>,</strong></span> <span class='ocrx_word' id='word_1_65' title='bbox 490 1288 641 1326; x_wconf 69' lang='lat' dir='ltr'><strong>vanae</strong></span> <span class='ocrx_word' id='word_1_66' title='bbox 679 1272 863 1342; x_wconf 70' lang='lat' dir='ltr'><strong>gloriae</strong></span> <span class='ocrx_word' id='word_1_67' title='bbox 907 1271 1137 1342; x_wconf 90' lang='lat' dir='ltr'><strong>cupido,</strong></span> <span class='ocrx_word' id='word_1_68' title='bbox 1184 1270 1419 1338; x_wconf 86' lang='lat' dir='ltr'><strong>invidia,</strong></span> <span class='ocrx_word' id='word_1_69' title='bbox 1460 1271 1763 1335; x_wconf 68' lang='lat' dir='ltr'><strong>aemulatio,</strong></span> 
     </span>
    </p>
   </div>
   <div class='ocr_carea' id='block_1_11' title="bbox 161 1361 1767 1433">
    <p class='ocr_par' dir='ltr' id='par_1_11' title="bbox 161 1361 1767 1433">
     <span class='ocr_line' id='line_1_11' title="bbox 161 1361 1767 1433; baseline 0.001 -19"><span class='ocrx_word' id='word_1_70' title='bbox 161 1372 323 1432; x_wconf 86' lang='lat' dir='ltr'><strong>atque</strong></span> <span class='ocrx_word' id='word_1_71' title='bbox 369 1362 423 1416; x_wconf 82' lang='lat' dir='ltr'><strong>td</strong></span> <span class='ocrx_word' id='word_1_72' title='bbox 470 1377 641 1433; x_wconf 88' lang='lat' dir='ltr'><strong>genus</strong></span> <span class='ocrx_word' id='word_1_73' title='bbox 680 1362 769 1417; x_wconf 90' lang='lat' dir='ltr'><strong>alii</strong></span> <span class='ocrx_word' id='word_1_74' title='bbox 801 1361 1022 1417; x_wconf 75' lang='lat' dir='ltr'><strong>affectus</strong></span> <span class='ocrx_word' id='word_1_75' title='bbox 1048 1361 1333 1417; x_wconf 87' lang='lat' dir='ltr'><strong>innumeri.</strong></span> <span class='ocrx_word' id='word_1_76' title='bbox 1361 1361 1584 1428; x_wconf 85' lang='lat' dir='ltr'><strong>Quando</strong></span> <span class='ocrx_word' id='word_1_77' title='bbox 1609 1361 1767 1431; x_wconf 84' lang='lat' dir='ltr'><strong>igitur</strong></span> 
     </span>
    </p>
   </div>
   <div class='ocr_carea' id='block_1_12' title="bbox 163 1453 1765 1523">
    <p class='ocr_par' dir='ltr' id='par_1_12' title="bbox 163 1453 1765 1523">
     <span class='ocr_line' id='line_1_12' title="bbox 163 1453 1765 1523; baseline -0.001 -14"><span class='ocrx_word' id='word_1_78' title='bbox 163 1455 284 1510; x_wconf 88' lang='lat' dir='ltr'><strong>illas</strong></span> <span class='ocrx_word' id='word_1_79' title='bbox 322 1454 652 1509; x_wconf 86' lang='lat' dir='ltr'><strong>tentationes</strong></span> <span class='ocrx_word' id='word_1_80' title='bbox 690 1454 959 1509; x_wconf 82' lang='lat' dir='ltr'><strong>evasimus</strong></span> <span class='ocrx_word' id='word_1_81' title='bbox 979 1495 995 1523; x_wconf 91' lang='lat'><strong>,</strong></span> <span class='ocrx_word' id='word_1_82' title='bbox 1040 1468 1110 1509; x_wconf 92' lang='lat' dir='ltr'><strong>ne</strong></span> <span class='ocrx_word' id='word_1_83' title='bbox 1136 1453 1203 1509; x_wconf 90' lang='lat' dir='ltr'><strong>ab</strong></span> <span class='ocrx_word' id='word_1_84' title='bbox 1229 1454 1312 1508; x_wconf 91' lang='lat' dir='ltr'><strong>his</strong></span> <span class='ocrx_word' id='word_1_85' title='bbox 1331 1454 1608 1507; x_wconf 85' lang='lat' dir='ltr'><strong>vincamur</strong></span> <span class='ocrx_word' id='word_1_86' title='bbox 1633 1468 1765 1522; x_wconf 90' lang='lat' dir='ltr'><strong>ope-</strong></span> 
     </span>
    </p>
   </div>
   <div class='ocr_carea' id='block_1_13' title="bbox 164 1543 1766 1601">
    <p class='ocr_par' dir='ltr' id='par_1_13' title="bbox 164 1543 1766 1601">
     <span class='ocr_line' id='line_1_13' title="bbox 164 1543 1766 1601; baseline -0.001 -1"><span class='ocrx_word' id='word_1_87' title='bbox 164 1563 280 1600; x_wconf 85' lang='lat' dir='ltr'><strong>ram</strong></span> <span class='ocrx_word' id='word_1_88' title='bbox 323 1545 536 1601; x_wconf 92' lang='lat' dir='ltr'><strong>demus.</strong></span> <span class='ocrx_word' id='word_1_89' title='bbox 580 1543 707 1600; x_wconf 84' lang='lat' dir='ltr'><strong>Ideo</strong></span> <span class='ocrx_word' id='word_1_90' title='bbox 745 1546 889 1601; x_wconf 91' lang='lat' dir='ltr'><strong>enim</strong></span> <span class='ocrx_word' id='word_1_91' title='bbox 917 1544 1070 1600; x_wconf 87' lang='lat' dir='ltr'><strong>vobis</strong></span> <span class='ocrx_word' id='word_1_92' title='bbox 1095 1545 1147 1599; x_wconf 91' lang='lat' dir='ltr'><strong>in</strong></span> <span class='ocrx_word' id='word_1_93' title='bbox 1176 1545 1490 1600; x_wconf 89' lang='lat' dir='ltr'><strong>memoriam</strong></span> <span class='ocrx_word' id='word_1_94' title='bbox 1517 1545 1766 1599; x_wconf 83' lang='lat' dir='ltr'><strong>revocavi</strong></span> 
     </span>
    </p>
   </div>
   <div class='ocr_carea' id='block_1_14' title="bbox 164 1634 1764 1707">
    <p class='ocr_par' dir='ltr' id='par_1_14' title="bbox 164 1634 1764 1707">
     <span class='ocr_line' id='line_1_14' title="bbox 164 1634 1764 1707; baseline -0.001 -18"><span class='ocrx_word' id='word_1_95' title='bbox 164 1637 309 1691; x_wconf 91' lang='lat' dir='ltr'><strong>illius</strong></span> <span class='ocrx_word' id='word_1_96' title='bbox 345 1638 604 1706; x_wconf 88' lang='lat' dir='ltr'><strong>temporis</strong></span> <span class='ocrx_word' id='word_1_97' title='bbox 629 1636 964 1692; x_wconf 85' lang='lat' dir='ltr'><strong>calamitates</strong></span> <span class='ocrx_word' id='word_1_98' title='bbox 988 1678 1002 1703; x_wconf 92' lang='lat'><strong>,</strong></span> <span class='ocrx_word' id='word_1_99' title='bbox 1033 1646 1091 1691; x_wconf 91' lang='lat' dir='ltr'><strong>ut</strong></span> <span class='ocrx_word' id='word_1_100' title='bbox 1117 1651 1259 1692; x_wconf 94' lang='lat' dir='ltr'><strong>nunc</strong></span> <span class='ocrx_word' id='word_1_101' title='bbox 1283 1646 1337 1692; x_wconf 91' lang='lat' dir='ltr'><strong>et</strong></span> <span class='ocrx_word' id='word_1_102' title='bbox 1359 1636 1449 1707; x_wconf 91' lang='lat' dir='ltr'><strong>qui</strong></span> <span class='ocrx_word' id='word_1_103' title='bbox 1476 1634 1728 1706; x_wconf 80' lang='lat' dir='ltr'><strong>affligitur</strong></span> <span class='ocrx_word' id='word_1_104' title='bbox 1747 1675 1764 1701; x_wconf 93' lang='lat'><strong>,</strong></span> 
     </span>
    </p>
   </div>
   <div class='ocr_carea' id='block_1_15' title="bbox 163 1727 1764 1799">
    <p class='ocr_par' dir='ltr' id='par_1_15' title="bbox 163 1727 1764 1799">
     <span class='ocr_line' id='line_1_15' title="bbox 163 1727 1764 1799; baseline 0 -18"><span class='ocrx_word' id='word_1_105' title='bbox 163 1728 413 1782; x_wconf 85' lang='lat' dir='ltr'><strong>idoneam</strong></span> <span class='ocrx_word' id='word_1_106' title='bbox 456 1727 583 1783; x_wconf 91' lang='lat' dir='ltr'><strong>inde</strong></span> <span class='ocrx_word' id='word_1_107' title='bbox 620 1738 978 1798; x_wconf 85' lang='lat' dir='ltr'><strong>consequatur</strong></span> <span class='ocrx_word' id='word_1_108' title='bbox 1014 1728 1471 1796; x_wconf 86' lang='lat' dir='ltr'><strong>consolationem,</strong></span> <span class='ocrx_word' id='word_1_109' title='bbox 1514 1737 1569 1784; x_wconf 91' lang='lat' dir='ltr'><strong>et</strong></span> <span class='ocrx_word' id='word_1_110' title='bbox 1594 1730 1683 1799; x_wconf 92' lang='lat' dir='ltr'><strong>qui</strong></span> <span class='ocrx_word' id='word_1_111' title='bbox 1710 1728 1764 1782; x_wconf 94' lang='lat' dir='ltr'><strong>in</strong></span> 
     </span>
    </p>
   </div>
   <div class='ocr_carea' id='block_1_16' title="bbox 162 1819 1765 1891">
    <p class='ocr_par' dir='ltr' id='par_1_16' title="bbox 162 1819 1765 1891">
     <span class='ocr_line' id='line_1_16' title="bbox 162 1819 1765 1891; baseline 0.002 -19"><span class='ocrx_word' id='word_1_112' title='bbox 162 1820 453 1873; x_wconf 85' lang='lat' dir='ltr'><strong>securitate</strong></span> <span class='ocrx_word' id='word_1_113' title='bbox 506 1819 643 1890; x_wconf 87' lang='lat' dir='ltr'><strong>agit,</strong></span> <span class='ocrx_word' id='word_1_114' title='bbox 682 1827 870 1891; x_wconf 85' lang='lat' dir='ltr'><strong>utpote</strong></span> <span class='ocrx_word' id='word_1_115' title='bbox 916 1835 1024 1875; x_wconf 91' lang='lat' dir='ltr'><strong>non</strong></span> <span class='ocrx_word' id='word_1_116' title='bbox 1061 1822 1385 1876; x_wconf 84' lang='lat' dir='ltr'><strong>exercitatus</strong></span> <span class='ocrx_word' id='word_1_117' title='bbox 1428 1836 1554 1877; x_wconf 89' lang='lat' dir='ltr'><strong>acre</strong></span> <span class='ocrx_word' id='word_1_118' title='bbox 1579 1831 1765 1877; x_wconf 86' lang='lat' dir='ltr'><strong>contra</strong></span> 
     </span>
    </p>
   </div>
   <div class='ocr_carea' id='block_1_17' title="bbox 161 1911 1765 1987">
    <p class='ocr_par' dir='ltr' id='par_1_17' title="bbox 161 1911 1765 1987">
     <span class='ocr_line' id='line_1_17' title="bbox 161 1911 1765 1987; baseline 0.004 -23"><span class='ocrx_word' id='word_1_119' title='bbox 161 1911 424 1965; x_wconf 88' lang='lat' dir='ltr'><strong>absurdas</strong></span> <span class='ocrx_word' id='word_1_120' title='bbox 452 1912 802 1983; x_wconf 78' lang='lat' dir='ltr'><strong>cogitationes</strong></span> <span class='ocrx_word' id='word_1_121' title='bbox 826 1923 1096 1969; x_wconf 86' lang='lat' dir='ltr'><strong>certamen</strong></span> <span class='ocrx_word' id='word_1_122' title='bbox 1122 1915 1653 1987; x_wconf 84' lang='lat' dir='ltr'><strong>suscipiat&#39;.Propter</strong></span> <span class='ocrx_word' id='word_1_123' title='bbox 1665 1931 1765 1970; x_wconf 93' lang='lat' dir='ltr'><strong>no-</strong></span> 
     </span>
    </p>
   </div>
   <div class='ocr_carea' id='block_1_18' title="bbox 162 2005 1763 2064">
    <p class='ocr_par' dir='ltr' id='par_1_18' title="bbox 162 2005 1763 2064">
     <span class='ocr_line' id='line_1_18' title="bbox 162 2005 1763 2064; baseline 0.004 -6"><span class='ocrx_word' id='word_1_124' title='bbox 162 2015 331 2059; x_wconf 89' lang='lat' dir='ltr'><strong>stram</strong></span> <span class='ocrx_word' id='word_1_125' title='bbox 372 2006 519 2059; x_wconf 89' lang='lat' dir='ltr'><strong>enim</strong></span> <span class='ocrx_word' id='word_1_126' title='bbox 557 2005 980 2063; x_wconf 87' lang='lat' dir='ltr'><strong>admonitionem</strong></span> <span class='ocrx_word' id='word_1_127' title='bbox 1010 2015 1066 2063; x_wconf 91' lang='lat' dir='ltr'><strong>et</strong></span> <span class='ocrx_word' id='word_1_128' title='bbox 1086 2009 1507 2064; x_wconf 89' lang='lat' dir='ltr'><strong>consolationem</strong></span> <span class='ocrx_word' id='word_1_129' title='bbox 1537 2023 1599 2063; x_wconf 88' lang='lat' dir='ltr'><strong>ac</strong></span> <span class='ocrx_word' id='word_1_130' title='bbox 1624 2009 1763 2064; x_wconf 92' lang='lat' dir='ltr'><strong>tole-</strong></span> 
     </span>
    </p>
   </div>
   <div class='ocr_carea' id='block_1_19' title="bbox 162 2096 1765 2173">
    <p class='ocr_par' dir='ltr' id='par_1_19' title="bbox 162 2096 1765 2173">
     <span class='ocr_line' id='line_1_19' title="bbox 162 2096 1765 2173; baseline 0.006 -25"><span class='ocrx_word' id='word_1_131' title='bbox 162 2096 399 2150; x_wconf 87' lang='lat' dir='ltr'><strong>rantiam</strong></span> <span class='ocrx_word' id='word_1_132' title='bbox 422 2097 512 2151; x_wconf 91' lang='lat' dir='ltr'><strong>illa</strong></span> <span class='ocrx_word' id='word_1_133' title='bbox 540 2099 719 2153; x_wconf 90' lang='lat' dir='ltr'><strong>omnia</strong></span> <span class='ocrx_word' id='word_1_134' title='bbox 746 2109 871 2155; x_wconf 91' lang='lat' dir='ltr'><strong>sunt</strong></span> <span class='ocrx_word' id='word_1_135' title='bbox 891 2101 1092 2171; x_wconf 88' lang='lat' dir='ltr'><strong>scripta</strong></span> <span class='ocrx_word' id='word_1_136' title='bbox 1121 2117 1136 2155; x_wconf 91' lang='lat'><strong>:</strong></span> <span class='ocrx_word' id='word_1_137' title='bbox 1163 2117 1282 2173; x_wconf 89' lang='lat' dir='ltr'><strong>quae</strong></span> <span class='ocrx_word' id='word_1_138' title='bbox 1306 2101 1520 2171; x_wconf 88' lang='lat' dir='ltr'><strong>quidem</strong></span> <span class='ocrx_word' id='word_1_139' title='bbox 1543 2117 1765 2157; x_wconf 86' lang='lat' dir='ltr'><strong>necesse</strong></span> 
     </span>
    </p>
   </div>
   <div class='ocr_carea' id='block_1_20' title="bbox 163 2190 1765 2266">
    <p class='ocr_par' dir='ltr' id='par_1_20' title="bbox 163 2190 1765 2266">
     <span class='ocr_line' id='line_1_20' title="bbox 163 2190 1765 2266; baseline 0.004 -22"><span class='ocrx_word' id='word_1_140' title='bbox 163 2190 429 2246; x_wconf 88' lang='lat' dir='ltr'><strong>habemus</strong></span> <span class='ocrx_word' id='word_1_141' title='bbox 464 2207 606 2247; x_wconf 89' lang='lat' dir='ltr'><strong>nunc</strong></span> <span class='ocrx_word' id='word_1_142' title='bbox 644 2192 786 2263; x_wconf 89' lang='lat' dir='ltr'><strong>apud</strong></span> <span class='ocrx_word' id='word_1_143' title='bbox 823 2209 923 2249; x_wconf 88' lang='lat' dir='ltr'><strong>vos</strong></span> <span class='ocrx_word' id='word_1_144' title='bbox 960 2194 1175 2265; x_wconf 90' lang='lat' dir='ltr'><strong>eloqui,</strong></span> <span class='ocrx_word' id='word_1_145' title='bbox 1217 2203 1273 2250; x_wconf 91' lang='lat' dir='ltr'><strong>et</strong></span> <span class='ocrx_word' id='word_1_146' title='bbox 1313 2194 1509 2250; x_wconf 91' lang='lat' dir='ltr'><strong>docere</strong></span> <span class='ocrx_word' id='word_1_147' title='bbox 1552 2196 1765 2266; x_wconf 90' lang='lat' dir='ltr'><strong>quantis</strong></span> 
     </span>
    </p>
   </div>
   <div class='ocr_carea' id='block_1_21' title="bbox 160 2283 1764 2357">
    <p class='ocr_par' dir='ltr' id='par_1_21' title="bbox 160 2283 1764 2357">
     <span class='ocr_line' id='line_1_21' title="bbox 160 2283 1764 2357; baseline 0.004 -22"><span class='ocrx_word' id='word_1_148' title='bbox 160 2283 580 2340; x_wconf 86' lang='lat' dir='ltr'><strong>adversitatibus</strong></span> <span class='ocrx_word' id='word_1_149' title='bbox 607 2285 722 2355; x_wconf 87' lang='lat' dir='ltr'><strong>ejus</strong></span> <span class='ocrx_word' id='word_1_150' title='bbox 750 2287 1007 2357; x_wconf 91' lang='lat' dir='ltr'><strong>temporis</strong></span> <span class='ocrx_word' id='word_1_151' title='bbox 1026 2287 1210 2343; x_wconf 86' lang='lat' dir='ltr'><strong>fideles</strong></span> <span class='ocrx_word' id='word_1_152' title='bbox 1225 2287 1429 2343; x_wconf 89' lang='lat' dir='ltr'><strong>obsessi</strong></span> <span class='ocrx_word' id='word_1_153' title='bbox 1444 2287 1637 2342; x_wconf 81' lang='lat' dir='ltr'><strong>fuerint</strong></span> <span class='ocrx_word' id='word_1_154' title='bbox 1657 2303 1764 2342; x_wconf 92' lang='lat' dir='ltr'><strong>non</strong></span> 
     </span>
    </p>
   </div>
   <div class='ocr_carea' id='block_1_22' title="bbox 160 2374 1766 2450">
    <p class='ocr_par' dir='ltr' id='par_1_22' title="bbox 160 2374 1766 2450">
     <span class='ocr_line' id='line_1_22' title="bbox 160 2374 1766 2450; baseline 0.004 -21"><span class='ocrx_word' id='word_1_155' title='bbox 160 2374 413 2430; x_wconf 88' lang='lat' dir='ltr'><strong>doctores</strong></span> <span class='ocrx_word' id='word_1_156' title='bbox 457 2377 671 2443; x_wconf 91' lang='lat' dir='ltr'><strong>solum,</strong></span> <span class='ocrx_word' id='word_1_157' title='bbox 714 2380 1064 2434; x_wconf 85' lang='lat' dir='ltr'><strong>verumetiam</strong></span> <span class='ocrx_word' id='word_1_158' title='bbox 1120 2378 1388 2450; x_wconf 89' lang='lat' dir='ltr'><strong>discipuli.</strong></span> <span class='ocrx_word' id='word_1_159' title='bbox 1436 2380 1573 2435; x_wconf 87' lang='lat' dir='ltr'><strong>Audi</strong></span> <span class='ocrx_word' id='word_1_160' title='bbox 1607 2380 1766 2450; x_wconf 85' lang='lat' dir='ltr'><strong>igitur</strong></span> 
     </span>
    </p>
   </div>
   <div class='ocr_carea' id='block_1_23' title="bbox 159 2470 1765 2537">
    <p class='ocr_par' dir='ltr' id='par_1_23' title="bbox 159 2470 1765 2537">
     <span class='ocr_line' id='line_1_23' title="bbox 159 2470 1765 2537; baseline 0.005 -16"><span class='ocrx_word' id='word_1_161' title='bbox 159 2470 292 2537; x_wconf 86' lang='lat' dir='ltr'><strong>quid</strong></span> <span class='ocrx_word' id='word_1_162' title='bbox 339 2470 484 2526; x_wconf 86' lang='lat' dir='ltr'><strong>dicat</strong></span> <span class='ocrx_word' id='word_1_163' title='bbox 528 2471 723 2527; x_wconf 82' lang='lat' dir='ltr'><strong>Paulus</strong></span> <span class='ocrx_word' id='word_1_164' title='bbox 764 2473 833 2527; x_wconf 87' lang='lat' dir='ltr'><strong>ad</strong></span> <span class='ocrx_word' id='word_1_165' title='bbox 876 2473 1128 2529; x_wconf 73' lang='lat' dir='ltr'><strong>Hebraeos</strong></span> <span class='ocrx_word' id='word_1_166' title='bbox 1173 2474 1416 2529; x_wconf 78' lang='lat' dir='ltr'><strong>scribens</strong></span> <span class='ocrx_word' id='word_1_167' title='bbox 1454 2492 1467 2529; x_wconf 92' lang='lat'>:</span> <span class='ocrx_word' id='word_1_168' title='bbox 1515 2473 1765 2529; x_wconf 80' lang='lat' dir='ltr'><strong>Memores</strong></span> 
     </span>
    </p>
   </div>
   <div class='ocr_carea' id='block_1_24' title="bbox 159 2562 1767 2636">
    <p class='ocr_par' dir='ltr' id='par_1_24' title="bbox 159 2562 1767 2636">
     <span class='ocr_line' id='line_1_24' title="bbox 159 2562 1767 2636; baseline 0.004 -22"><span class='ocrx_word' id='word_1_169' title='bbox 159 2572 322 2617; x_wconf 88' lang='lat' dir='ltr'><strong>estote</strong></span> <span class='ocrx_word' id='word_1_170' title='bbox 344 2562 576 2633; x_wconf 88' lang='lat' dir='ltr'><strong>priorum</strong></span> <span class='ocrx_word' id='word_1_171' title='bbox 596 2564 814 2631; x_wconf 77' lang='lat' dir='ltr'><strong>dierum,</strong></span> <span class='ocrx_word' id='word_1_172' title='bbox 841 2567 896 2619; x_wconf 88' lang='lat' dir='ltr'><strong>in</strong></span> <span class='ocrx_word' id='word_1_173' title='bbox 924 2565 1103 2636; x_wconf 91' lang='lat' dir='ltr'><strong>quibus</strong></span> <span class='ocrx_word' id='word_1_174' title='bbox 1127 2566 1404 2620; x_wconf 88' lang='lat' dir='ltr'><strong>illuminati</strong></span> <span class='ocrx_word' id='word_1_175' title='bbox 1427 2566 1638 2621; x_wconf 88' lang='lat' dir='ltr'><strong>multum</strong></span> <span class='ocrx_word' id='word_1_176' title='bbox 1657 2584 1767 2621; x_wconf 89' lang='lat' dir='ltr'><strong>cer-</strong></span> 
     </span>
    </p>
   </div>
   <div class='ocr_carea' id='block_1_25' title="bbox 160 2656 1765 2728">
    <p class='ocr_par' dir='ltr' id='par_1_25' title="bbox 160 2656 1765 2728">
     <span class='ocr_line' id='line_1_25' title="bbox 160 2656 1765 2728; baseline 0.005 -22"><span class='ocrx_word' id='word_1_177' title='bbox 160 2665 333 2708; x_wconf 81' lang='lat' dir='ltr'><strong>tamen</strong></span> <span class='ocrx_word' id='word_1_178' title='bbox 357 2656 695 2727; x_wconf 83' lang='lat' dir='ltr'><strong>afﬂictionum</strong></span> <span class='ocrx_word' id='word_1_179' title='bbox 710 2658 1019 2712; x_wconf 73' lang='lat' dir='ltr'><strong>sustinuistis</strong></span> <span class='ocrx_word' id='word_1_180' title='bbox 1040 2657 1220 2728; x_wconf 87' lang='lat' dir='ltr'><strong>(Hebr.</strong></span> <span class='ocrx_word' id='word_1_181' title='bbox 1245 2658 1329 2714; x_wconf 84' lang='grc'><strong>10.</strong></span> <span class='ocrx_word' id='word_1_182' title='bbox 1353 2658 1468 2727; x_wconf 75' lang='grc'>52).</span> <span class='ocrx_word' id='word_1_183' title='bbox 1491 2658 1605 2714; x_wconf 85' lang='grc' dir='ltr'><strong>Νοη</strong></span> <span class='ocrx_word' id='word_1_184' title='bbox 1624 2660 1765 2716; x_wconf 92' lang='lat' dir='ltr'><strong>enim</strong></span> 
     </span>
    </p>
   </div>
   <div class='ocr_carea' id='block_1_26' title="bbox 162 2747 1767 2825">
    <p class='ocr_par' dir='ltr' id='par_1_26' title="bbox 162 2747 1767 2825">
     <span class='ocr_line' id='line_1_26' title="bbox 162 2747 1767 2825; baseline 0.007 -27"><span class='ocrx_word' id='word_1_185' title='bbox 162 2763 261 2816; x_wconf 86' lang='lat' dir='ltr'><strong>per</strong></span> <span class='ocrx_word' id='word_1_186' title='bbox 283 2747 451 2803; x_wconf 86' lang='lat' dir='ltr'><strong>breve</strong></span> <span class='ocrx_word' id='word_1_187' title='bbox 483 2759 692 2820; x_wconf 89' lang='lat' dir='ltr'><strong>tempus</strong></span> <span class='ocrx_word' id='word_1_188' title='bbox 711 2791 726 2816; x_wconf 94' lang='lat'><strong>,</strong></span> <span class='ocrx_word' id='word_1_189' title='bbox 759 2750 855 2806; x_wconf 90' lang='lat' dir='ltr'><strong>sed</strong></span> <span class='ocrx_word' id='word_1_190' title='bbox 880 2766 1002 2806; x_wconf 83' lang='lat' dir='ltr'><strong>mox</strong></span> <span class='ocrx_word' id='word_1_191' title='bbox 1033 2750 1101 2805; x_wconf 89' lang='lat' dir='ltr'><strong>ab</strong></span> <span class='ocrx_word' id='word_1_192' title='bbox 1123 2752 1238 2823; x_wconf 92' lang='lat' dir='ltr'><strong>ipso</strong></span> <span class='ocrx_word' id='word_1_193' title='bbox 1263 2753 1484 2809; x_wconf 79' lang='lat' dir='ltr'><strong>exordio</strong></span> <span class='ocrx_word' id='word_1_194' title='bbox 1509 2755 1767 2825; x_wconf 68' lang='lat' dir='ltr'><strong>prrcdica-</strong></span> 
     </span>
    </p>
   </div>
   <div class='ocr_carea' id='block_1_27' title="bbox 161 2841 1766 2904">
    <p class='ocr_par' dir='ltr' id='par_1_27' title="bbox 161 2841 1766 2904">
     <span class='ocr_line' id='line_1_27' title="bbox 161 2841 1766 2904; baseline 0.007 -11"><span class='ocrx_word' id='word_1_195' title='bbox 161 2841 330 2896; x_wconf 90' lang='lat' dir='ltr'><strong>tionis</strong></span> <span class='ocrx_word' id='word_1_196' title='bbox 374 2850 430 2897; x_wconf 89' lang='lat' dir='ltr'><strong>et</strong></span> <span class='ocrx_word' id='word_1_197' title='bbox 468 2842 728 2900; x_wconf 73' lang='lat' dir='ltr'><strong>doctrina:</strong></span> <span class='ocrx_word' id='word_1_198' title='bbox 766 2844 1169 2901; x_wconf 83' lang='lat' dir='ltr'><strong>insurrexerunt</strong></span> <span class='ocrx_word' id='word_1_199' title='bbox 1193 2846 1451 2903; x_wconf 86' lang='lat' dir='ltr'><strong>adversus</strong></span> <span class='ocrx_word' id='word_1_200' title='bbox 1473 2863 1566 2904; x_wconf 89' lang='lat' dir='ltr'><strong>eos</strong></span> <span class='ocrx_word' id='word_1_201' title='bbox 1590 2857 1766 2903; x_wconf 79' lang='lat' dir='ltr'><strong>tenta~</strong></span> 
     </span>
    </p>
   </div>
   <div class='ocr_carea' id='block_1_28' title="bbox 164 2933 1768 3010">
    <p class='ocr_par' dir='ltr' id='par_1_28' title="bbox 164 2933 1768 3010">
     <span class='ocr_line' id='line_1_28' title="bbox 164 2933 1768 3010; baseline 0.007 -24"><span class='ocrx_word' id='word_1_202' title='bbox 164 2933 375 2998; x_wconf 88' lang='lat' dir='ltr'><strong>tiones,</strong></span> <span class='ocrx_word' id='word_1_203' title='bbox 420 2943 474 2989; x_wconf 92' lang='lat' dir='ltr'><strong>et</strong></span> <span class='ocrx_word' id='word_1_204' title='bbox 517 2950 639 2989; x_wconf 87' lang='lat' dir='ltr'><strong>mox</strong></span> <span class='ocrx_word' id='word_1_205' title='bbox 687 2951 715 2990; x_wconf 92' lang='lat' dir='ltr'><strong>a</strong></span> <span class='ocrx_word' id='word_1_206' title='bbox 759 2945 1011 3008; x_wconf 91' lang='lat' dir='ltr'><strong>suscepto</strong></span> <span class='ocrx_word' id='word_1_207' title='bbox 1046 2938 1310 3009; x_wconf 90' lang='lat' dir='ltr'><strong>baptismo</strong></span> <span class='ocrx_word' id='word_1_208' title='bbox 1341 2941 1589 3010; x_wconf 88' lang='lat' dir='ltr'><strong>periculis</strong></span> <span class='ocrx_word' id='word_1_209' title='bbox 1614 2951 1768 2997; x_wconf 91' lang='lat' dir='ltr'><strong>erant</strong></span> 
     </span>
    </p>
   </div>
   <div class='ocr_carea' id='block_1_29' title="bbox 160 3024 1769 3102">
    <p class='ocr_par' dir='ltr' id='par_1_29' title="bbox 160 3024 1769 3102">
     <span class='ocr_line' id='line_1_29' title="bbox 160 3024 1769 3102; baseline 0.007 -25"><span class='ocrx_word' id='word_1_210' title='bbox 160 3024 395 3079; x_wconf 81' lang='lat' dir='ltr'><strong>obnoxii</strong></span> <span class='ocrx_word' id='word_1_211' title='bbox 426 3042 439 3078; x_wconf 92' lang='lat'>:</span> <span class='ocrx_word' id='word_1_212' title='bbox 468 3034 523 3080; x_wconf 91' lang='lat' dir='ltr'><strong>at</strong></span> <span class='ocrx_word' id='word_1_213' title='bbox 544 3027 817 3097; x_wconf 92' lang='lat' dir='ltr'><strong>quomodo</strong></span> <span class='ocrx_word' id='word_1_214' title='bbox 840 3029 965 3084; x_wconf 87' lang='lat' dir='ltr'><strong>audi</strong></span> <span class='ocrx_word' id='word_1_215' title='bbox 992 3048 1005 3082; x_wconf 90' lang='lat'><strong>:</strong></span> <span class='ocrx_word' id='word_1_216' title='bbox 1035 3029 1334 3102; x_wconf 87' lang='lat' dir='ltr'><strong>Opprobriis</strong></span> <span class='ocrx_word' id='word_1_217' title='bbox 1362 3042 1408 3086; x_wconf 91' lang='lat' dir='ltr'><strong>et</strong></span> <span class='ocrx_word' id='word_1_218' title='bbox 1430 3033 1769 3088; x_wconf 82' lang='lat' dir='ltr'><strong>tribulationi-</strong></span> 
     </span>
    </p>
   </div>
   <div class='ocr_carea' id='block_1_30' title="bbox 160 3116 1770 3195">
    <p class='ocr_par' dir='ltr' id='par_1_30' title="bbox 160 3116 1770 3195">
     <span class='ocr_line' id='line_1_30' title="bbox 160 3116 1770 3195; baseline 0.008 -27"><span class='ocrx_word' id='word_1_219' title='bbox 160 3116 254 3169; x_wconf 85' lang='lat' dir='ltr'><strong>bus</strong></span> <span class='ocrx_word' id='word_1_220' title='bbox 282 3118 625 3185; x_wconf 87' lang='lat' dir='ltr'><strong>spectaculum</strong></span> <span class='ocrx_word' id='word_1_221' title='bbox 645 3118 767 3189; x_wconf 87' lang='lat' dir='ltr'><strong>facti</strong></span> <span class='ocrx_word' id='word_1_222' title='bbox 798 3119 903 3189; x_wconf 91' lang='lat' dir='ltr'><strong>(Ib.</strong></span> <span class='ocrx_word' id='word_1_223' title='bbox 933 3136 980 3176; x_wconf 82' lang='grc' dir='ltr'><strong>υ.</strong></span> <span class='ocrx_word' id='word_1_224' title='bbox 1010 3121 1125 3194; x_wconf 74' lang='grc'>55).</span> <span class='ocrx_word' id='word_1_225' title='bbox 1147 3122 1347 3178; x_wconf 89' lang='lat' dir='ltr'><strong>Omnes</strong></span> <span class='ocrx_word' id='word_1_226' title='bbox 1374 3126 1516 3179; x_wconf 89' lang='lat' dir='ltr'><strong>enim</strong></span> <span class='ocrx_word' id='word_1_227' title='bbox 1540 3125 1770 3195; x_wconf 78' lang='lat' dir='ltr'><strong>despue-</strong></span> 
     </span>
    </p>
   </div>
   <div class='ocr_carea' id='block_1_31' title="bbox 162 3207 1767 3282">
    <p class='ocr_par' dir='ltr' id='par_1_31' title="bbox 162 3207 1767 3282">
     <span class='ocr_line' id='line_1_31' title="bbox 162 3207 1767 3282; baseline 0.009 -23"><span class='ocrx_word' id='word_1_228' title='bbox 162 3207 295 3261; x_wconf 87' lang='lat' dir='ltr'><strong>bant</strong></span> <span class='ocrx_word' id='word_1_229' title='bbox 322 3223 450 3275; x_wconf 90' lang='lat' dir='ltr'><strong>eos,</strong></span> <span class='ocrx_word' id='word_1_230' title='bbox 484 3212 825 3267; x_wconf 88' lang='lat' dir='ltr'><strong>contumeliis</strong></span> <span class='ocrx_word' id='word_1_231' title='bbox 863 3212 1203 3282; x_wconf 77' lang='lat' dir='ltr'><strong>efﬁciebant,</strong></span> <span class='ocrx_word' id='word_1_232' title='bbox 1250 3215 1593 3281; x_wconf 86' lang='lat' dir='ltr'><strong>deridebant,</strong></span> <span class='ocrx_word' id='word_1_233' title='bbox 1626 3218 1767 3272; x_wconf 89' lang='lat' dir='ltr'><strong>vitu-</strong></span> 
     </span>
    </p>
   </div>
   <div class='ocr_carea' id='block_1_32' title="bbox 162 3299 1767 3379">
    <p class='ocr_par' dir='ltr' id='par_1_32' title="bbox 162 3299 1767 3379">
     <span class='ocr_line' id='line_1_32' title="bbox 162 3299 1767 3379; baseline 0.007 -26"><span class='ocrx_word' id='word_1_234' title='bbox 162 3299 464 3368; x_wconf 83' lang='lat' dir='ltr'><strong>perabant,</strong></span> <span class='ocrx_word' id='word_1_235' title='bbox 512 3301 685 3357; x_wconf 88' lang='lat' dir='ltr'><strong>fatuos</strong></span> <span class='ocrx_word' id='word_1_236' title='bbox 722 3305 989 3359; x_wconf 88' lang='lat' dir='ltr'><strong>vocabant</strong></span> <span class='ocrx_word' id='word_1_237' title='bbox 1035 3320 1098 3360; x_wconf 89' lang='lat' dir='ltr'><strong>ac</strong></span> <span class='ocrx_word' id='word_1_238' title='bbox 1127 3306 1433 3363; x_wconf 86' lang='lat' dir='ltr'><strong>insensatos</strong></span> <span class='ocrx_word' id='word_1_239' title='bbox 1456 3350 1470 3373; x_wconf 96' lang='lat'><strong>,</strong></span> <span class='ocrx_word' id='word_1_240' title='bbox 1503 3309 1643 3379; x_wconf 85' lang='lat' dir='ltr'><strong>quod</strong></span> <span class='ocrx_word' id='word_1_241' title='bbox 1670 3309 1767 3365; x_wconf 88' lang='lat' dir='ltr'><strong>de-</strong></span> 
     </span>
    </p>
   </div>
   <div class='ocr_carea' id='block_1_33' title="bbox 159 3393 1769 3472">
    <p class='ocr_par' dir='ltr' id='par_1_33' title="bbox 159 3393 1769 3472">
     <span class='ocr_line' id='line_1_33' title="bbox 159 3393 1769 3472; baseline 0.007 -28"><span class='ocrx_word' id='word_1_242' title='bbox 159 3402 311 3445; x_wconf 87' lang='lat' dir='ltr'><strong>serta</strong></span> <span class='ocrx_word' id='word_1_243' title='bbox 356 3393 528 3461; x_wconf 84' lang='lat' dir='ltr'><strong>patria</strong></span> <span class='ocrx_word' id='word_1_244' title='bbox 566 3394 775 3449; x_wconf 84' lang='lat' dir='ltr'><strong>vivendi</strong></span> <span class='ocrx_word' id='word_1_245' title='bbox 817 3396 1072 3463; x_wconf 81' lang='lat' dir='ltr'><strong>formula,</strong></span> <span class='ocrx_word' id='word_1_246' title='bbox 1106 3414 1240 3453; x_wconf 89' lang='lat' dir='ltr'><strong>nova</strong></span> <span class='ocrx_word' id='word_1_247' title='bbox 1266 3401 1457 3469; x_wconf 78' lang='lat' dir='ltr'><strong>placita</strong></span> <span class='ocrx_word' id='word_1_248' title='bbox 1497 3405 1769 3472; x_wconf 86' lang='lat' dir='ltr'><strong>suscepis-</strong></span> 
     </span>
    </p>
   </div>
   <div class='ocr_carea' id='block_1_34' title="bbox 162 3484 1771 3558">
    <p class='ocr_par' dir='ltr' id='par_1_34' title="bbox 162 3484 1771 3558">
     <span class='ocr_line' id='line_1_34' title="bbox 162 3484 1771 3558; baseline 0.007 -22"><span class='ocrx_word' id='word_1_249' title='bbox 162 3494 311 3539; x_wconf 88' lang='lat' dir='ltr'><strong>sent.</strong></span> <span class='ocrx_word' id='word_1_250' title='bbox 354 3484 488 3551; x_wconf 75' lang='lat' dir='ltr'><strong>Qurc</strong></span> <span class='ocrx_word' id='word_1_251' title='bbox 526 3486 742 3556; x_wconf 84' lang='lat' dir='ltr'><strong>quidem</strong></span> <span class='ocrx_word' id='word_1_252' title='bbox 775 3504 880 3542; x_wconf 91' lang='lat' dir='ltr'><strong>non</strong></span> <span class='ocrx_word' id='word_1_253' title='bbox 912 3504 1098 3558; x_wconf 89' lang='lat' dir='ltr'><strong>parum</strong></span> <span class='ocrx_word' id='word_1_254' title='bbox 1127 3491 1309 3545; x_wconf 89' lang='lat' dir='ltr'><strong>valent</strong></span> <span class='ocrx_word' id='word_1_255' title='bbox 1334 3492 1401 3545; x_wconf 93' lang='lat' dir='ltr'><strong>ad</strong></span> <span class='ocrx_word' id='word_1_256' title='bbox 1426 3508 1771 3548; x_wconf 80' lang='lat' dir='ltr'><strong>commoven-</strong></span> 
     </span>
    </p>
   </div>
   <div class='ocr_carea' id='block_1_35' title="bbox 160 3578 1770 3650">
    <p class='ocr_par' dir='ltr' id='par_1_35' title="bbox 160 3578 1770 3650">
     <span class='ocr_line' id='line_1_35' title="bbox 160 3578 1770 3650; baseline 0.008 -22"><span class='ocrx_word' id='word_1_257' title='bbox 160 3578 294 3629; x_wconf 84' lang='lat' dir='ltr'><strong>dam</strong></span> <span class='ocrx_word' id='word_1_258' title='bbox 334 3579 605 3644; x_wconf 87' lang='lat' dir='ltr'><strong>animam,</strong></span> <span class='ocrx_word' id='word_1_259' title='bbox 649 3579 702 3632; x_wconf 93' lang='lat' dir='ltr'><strong>ni</strong></span> <span class='ocrx_word' id='word_1_260' title='bbox 744 3578 880 3634; x_wconf 82' lang='lat' dir='ltr'><strong>fides</strong></span> <span class='ocrx_word' id='word_1_261' title='bbox 924 3580 1186 3650; x_wconf 88' lang='lat' dir='ltr'><strong>profunde</strong></span> <span class='ocrx_word' id='word_1_262' title='bbox 1226 3583 1295 3637; x_wconf 89' lang='lat' dir='ltr'><strong>sit</strong></span> <span class='ocrx_word' id='word_1_263' title='bbox 1337 3585 1591 3639; x_wconf 80' lang='lat' dir='ltr'><strong>radieata.</strong></span> <span class='ocrx_word' id='word_1_264' title='bbox 1628 3585 1770 3641; x_wconf 84' lang='lat' dir='ltr'><strong>Nihil</strong></span> 
     </span>
    </p>
   </div>
   <div class='ocr_carea' id='block_1_36' title="bbox 160 3670 1770 3747">
    <p class='ocr_par' dir='ltr' id='par_1_36' title="bbox 160 3670 1770 3747">
     <span class='ocr_line' id='line_1_36' title="bbox 160 3670 1770 3747; baseline 0.006 -24"><span class='ocrx_word' id='word_1_265' title='bbox 160 3670 314 3723; x_wconf 81' lang='lat' dir='ltr'><strong>enim</strong></span> <span class='ocrx_word' id='word_1_266' title='bbox 354 3686 509 3741; x_wconf 66' lang='lat' dir='ltr'><strong>teque</strong></span> <span class='ocrx_word' id='word_1_267' title='bbox 546 3671 780 3725; x_wconf 85' lang='lat' dir='ltr'><strong>animam</strong></span> <span class='ocrx_word' id='word_1_268' title='bbox 812 3672 1055 3737; x_wconf 88' lang='lat' dir='ltr'><strong>mordet,</strong></span> <span class='ocrx_word' id='word_1_269' title='bbox 1086 3689 1149 3728; x_wconf 89' lang='lat' dir='ltr'><strong>ac</strong></span> <span class='ocrx_word' id='word_1_270' title='bbox 1179 3674 1562 3747; x_wconf 89' lang='lat' dir='ltr'><strong>improperium</strong></span> <span class='ocrx_word' id='word_1_271' title='bbox 1588 3692 1603 3744; x_wconf 88' lang='lat'>;</span> <span class='ocrx_word' id='word_1_272' title='bbox 1637 3677 1770 3733; x_wconf 93' lang='lat' dir='ltr'><strong>nihil</strong></span> 
     </span>
    </p>
   </div>
   <div class='ocr_carea' id='block_1_37' title="bbox 159 3760 1769 3830">
    <p class='ocr_par' dir='ltr' id='par_1_37' title="bbox 159 3760 1769 3830">
     <span class='ocr_line' id='line_1_37' title="bbox 159 3760 1769 3830; baseline 0.006 -17"><span class='ocrx_word' id='word_1_273' title='bbox 159 3775 323 3830; x_wconf 73' lang='lat' dir='ltr'><strong>teque</strong></span> <span class='ocrx_word' id='word_1_274' title='bbox 351 3760 600 3816; x_wconf 85' lang='lat' dir='ltr'><strong>tabefacit</strong></span> <span class='ocrx_word' id='word_1_275' title='bbox 624 3770 860 3817; x_wconf 91' lang='lat' dir='ltr'><strong>mentem</strong></span> <span class='ocrx_word' id='word_1_276' title='bbox 883 3804 897 3828; x_wconf 94' lang='lat'><strong>,</strong></span> <span class='ocrx_word' id='word_1_277' title='bbox 927 3778 990 3818; x_wconf 85' lang='lat' dir='ltr'><strong>ac</strong></span> <span class='ocrx_word' id='word_1_278' title='bbox 1014 3763 1233 3819; x_wconf 90' lang='lat' dir='ltr'><strong>dicteria</strong></span> <span class='ocrx_word' id='word_1_279' title='bbox 1260 3774 1315 3820; x_wconf 86' lang='lat' dir='ltr'><strong>et</strong></span> <span class='ocrx_word' id='word_1_280' title='bbox 1340 3766 1580 3822; x_wconf 86' lang='lat' dir='ltr'><strong>convicia</strong></span> <span class='ocrx_word' id='word_1_281' title='bbox 1609 3784 1622 3820; x_wconf 91' lang='lat'><strong>:</strong></span> <span class='ocrx_word' id='word_1_282' title='bbox 1647 3784 1769 3823; x_wconf 88' lang='lat' dir='ltr'><strong>nam</strong></span> 
     </span>
    </p>
   </div>
   <div class='ocr_carea' id='block_1_38' title="bbox 164 3852 1772 3926">
    <p class='ocr_par' dir='ltr' id='par_1_38' title="bbox 164 3852 1772 3926">
     <span class='ocr_line' id='line_1_38' title="bbox 164 3852 1772 3926; baseline 0.006 -21"><span class='ocrx_word' id='word_1_283' title='bbox 164 3852 327 3907; x_wconf 92' lang='lat' dir='ltr'><strong>multi</strong></span> <span class='ocrx_word' id='word_1_284' title='bbox 364 3854 465 3906; x_wconf 88' lang='lat' dir='ltr'><strong>viri</strong></span> <span class='ocrx_word' id='word_1_285' title='bbox 506 3868 603 3923; x_wconf 90' lang='lat' dir='ltr'><strong>per</strong></span> <span class='ocrx_word' id='word_1_286' title='bbox 645 3856 885 3909; x_wconf 89' lang='lat' dir='ltr'><strong>convicia</strong></span> <span class='ocrx_word' id='word_1_287' title='bbox 912 3865 1038 3910; x_wconf 90' lang='lat' dir='ltr'><strong>sunt</strong></span> <span class='ocrx_word' id='word_1_288' title='bbox 1064 3872 1207 3926; x_wconf 82' lang='lat' dir='ltr'><strong>saepe</strong></span> <span class='ocrx_word' id='word_1_289' title='bbox 1231 3858 1495 3913; x_wconf 90' lang='lat' dir='ltr'><strong>subversi.</strong></span> <span class='ocrx_word' id='word_1_290' title='bbox 1526 3859 1652 3914; x_wconf 84' lang='lat' dir='ltr'><strong>llaec</strong></span> <span class='ocrx_word' id='word_1_291' title='bbox 1672 3874 1772 3914; x_wconf 92' lang='lat' dir='ltr'><strong>au-</strong></span> 
     </span>
    </p>
   </div>
   <div class='ocr_carea' id='block_1_39' title="bbox 162 3946 1770 4015">
    <p class='ocr_par' dir='ltr' id='par_1_39' title="bbox 162 3946 1770 4015">
     <span class='ocr_line' id='line_1_39' title="bbox 162 3946 1770 4015; baseline 0.007 -16"><span class='ocrx_word' id='word_1_292' title='bbox 162 3956 279 3999; x_wconf 87' lang='lat' dir='ltr'><strong>tem</strong></span> <span class='ocrx_word' id='word_1_293' title='bbox 319 3946 512 4015; x_wconf 87' lang='lat' dir='ltr'><strong>loquor</strong></span> <span class='ocrx_word' id='word_1_294' title='bbox 538 3962 678 4001; x_wconf 89' lang='lat' dir='ltr'><strong>nunc</strong></span> <span class='ocrx_word' id='word_1_295' title='bbox 696 3990 711 4012; x_wconf 94' lang='lat'><strong>,</strong></span> <span class='ocrx_word' id='word_1_296' title='bbox 746 3957 801 4002; x_wconf 93' lang='lat' dir='ltr'><strong>ut</strong></span> <span class='ocrx_word' id='word_1_297' title='bbox 832 3964 953 4002; x_wconf 93' lang='lat' dir='ltr'><strong>cum</strong></span> <span class='ocrx_word' id='word_1_298' title='bbox 978 3949 1169 4004; x_wconf 90' lang='lat' dir='ltr'><strong>ﬁducia</strong></span> <span class='ocrx_word' id='word_1_299' title='bbox 1197 3950 1355 4006; x_wconf 90' lang='lat' dir='ltr'><strong>ﬁdem</strong></span> <span class='ocrx_word' id='word_1_300' title='bbox 1384 3961 1685 4008; x_wconf 89' lang='lat' dir='ltr'><strong>teneamus.</strong></span> <span class='ocrx_word' id='word_1_301' title='bbox 1713 3955 1770 4010; x_wconf 90' lang='lat' dir='ltr'><strong>Si</strong></span> 
     </span>
    </p>
   </div>
   <div class='ocr_carea' id='block_1_40' title="bbox 159 4038 1772 4113">
    <p class='ocr_par' dir='ltr' id='par_1_40' title="bbox 159 4038 1772 4113">
     <span class='ocr_line' id='line_1_40' title="bbox 159 4038 1772 4113; baseline 0.004 -20"><span class='ocrx_word' id='word_1_302' title='bbox 159 4040 316 4093; x_wconf 88' lang='lat' dir='ltr'><strong>enim</strong></span> <span class='ocrx_word' id='word_1_303' title='bbox 368 4038 443 4092; x_wconf 92' lang='lat' dir='ltr'><strong>illi</strong></span> <span class='ocrx_word' id='word_1_304' title='bbox 495 4041 658 4093; x_wconf 90' lang='lat' dir='ltr'><strong>totius</strong></span> <span class='ocrx_word' id='word_1_305' title='bbox 697 4040 845 4095; x_wconf 88' lang='lat' dir='ltr'><strong>orbis</strong></span> <span class='ocrx_word' id='word_1_306' title='bbox 882 4041 1125 4097; x_wconf 83' lang='lat' dir='ltr'><strong>convicio</strong></span> <span class='ocrx_word' id='word_1_307' title='bbox 1164 4056 1271 4097; x_wconf 91' lang='lat' dir='ltr'><strong>non</strong></span> <span class='ocrx_word' id='word_1_308' title='bbox 1316 4051 1442 4098; x_wconf 91' lang='lat' dir='ltr'><strong>sunt</strong></span> <span class='ocrx_word' id='word_1_309' title='bbox 1489 4045 1772 4113; x_wconf 85' lang='lat' dir='ltr'><strong>subversi,</strong></span> 
     </span>
    </p>
   </div>
   <div class='ocr_carea' id='block_1_41' title="bbox 160 4134 1775 4208">
    <p class='ocr_par' dir='ltr' id='par_1_41' title="bbox 160 4134 1775 4208">
     <span class='ocr_line' id='line_1_41' title="bbox 160 4134 1775 4208; baseline 0.005 -21"><span class='ocrx_word' id='word_1_310' title='bbox 160 4134 344 4188; x_wconf 86' lang='lat' dir='ltr'><strong>multo</strong></span> <span class='ocrx_word' id='word_1_311' title='bbox 367 4134 539 4203; x_wconf 89' lang='lat' dir='ltr'><strong>magis</strong></span> <span class='ocrx_word' id='word_1_312' title='bbox 564 4143 746 4189; x_wconf 89' lang='lat' dir='ltr'><strong>nostra</strong></span> <span class='ocrx_word' id='word_1_313' title='bbox 774 4144 929 4191; x_wconf 67' lang='lat' dir='ltr'><strong>astate</strong></span> <span class='ocrx_word' id='word_1_314' title='bbox 959 4136 1091 4191; x_wconf 87' lang='lat' dir='ltr'><strong>ﬁdes</strong></span> <span class='ocrx_word' id='word_1_315' title='bbox 1118 4152 1311 4208; x_wconf 85' lang='lat' dir='ltr'><strong>magna</strong></span> <span class='ocrx_word' id='word_1_316' title='bbox 1340 4137 1662 4194; x_wconf 82' lang='lat' dir='ltr'><strong>conﬁdentia</strong></span> <span class='ocrx_word' id='word_1_317' title='bbox 1688 4156 1775 4196; x_wconf 84' lang='lat' dir='ltr'><strong>re-</strong></span> 
     </span>
    </p>
   </div>
   <div class='ocr_carea' id='block_1_42' title="bbox 160 4227 1776 4303">
    <p class='ocr_par' dir='ltr' id='par_1_42' title="bbox 160 4227 1776 4303">
     <span class='ocr_line' id='line_1_42' title="bbox 160 4227 1776 4303; baseline 0.006 -23"><span class='ocrx_word' id='word_1_318' title='bbox 160 4227 395 4281; x_wconf 88' lang='lat' dir='ltr'><strong>tinenda</strong></span> <span class='ocrx_word' id='word_1_319' title='bbox 424 4237 509 4281; x_wconf 90' lang='lat' dir='ltr'><strong>est</strong></span> <span class='ocrx_word' id='word_1_320' title='bbox 527 4270 542 4293; x_wconf 93' lang='lat'><strong>,</strong></span> <span class='ocrx_word' id='word_1_321' title='bbox 566 4227 781 4299; x_wconf 87' lang='lat' dir='ltr'><strong>quando</strong></span> <span class='ocrx_word' id='word_1_322' title='bbox 814 4237 955 4284; x_wconf 90' lang='lat' dir='ltr'><strong>totus</strong></span> <span class='ocrx_word' id='word_1_323' title='bbox 982 4229 1127 4285; x_wconf 90' lang='lat' dir='ltr'><strong>orbis</strong></span> <span class='ocrx_word' id='word_1_324' title='bbox 1152 4230 1218 4285; x_wconf 92' lang='lat' dir='ltr'><strong>ad</strong></span> <span class='ocrx_word' id='word_1_325' title='bbox 1242 4240 1453 4286; x_wconf 83' lang='lat' dir='ltr'><strong>nostras</strong></span> <span class='ocrx_word' id='word_1_326' title='bbox 1479 4241 1661 4303; x_wconf 88' lang='lat' dir='ltr'><strong>partes</strong></span> <span class='ocrx_word' id='word_1_327' title='bbox 1686 4248 1776 4289; x_wconf 92' lang='lat' dir='ltr'><strong>ac-</strong></span> 
     </span>
    </p>
   </div>
   <div class='ocr_carea' id='block_1_43' title="bbox 161 4318 1777 4385">
    <p class='ocr_par' dir='ltr' id='par_1_43' title="bbox 161 4318 1777 4385">
     <span class='ocr_line' id='line_1_43' title="bbox 161 4318 1777 4385; baseline 0.006 -13"><span class='ocrx_word' id='word_1_328' title='bbox 161 4319 357 4373; x_wconf 90' lang='lat' dir='ltr'><strong>cessit.</strong></span> <span class='ocrx_word' id='word_1_329' title='bbox 388 4318 541 4385; x_wconf 86' lang='lat' dir='ltr'><strong>Quod</strong></span> <span class='ocrx_word' id='word_1_330' title='bbox 567 4330 746 4377; x_wconf 89' lang='lat' dir='ltr'><strong>autem</strong></span> <span class='ocrx_word' id='word_1_331' title='bbox 776 4321 852 4376; x_wconf 93' lang='lat' dir='ltr'><strong>illi</strong></span> <span class='ocrx_word' id='word_1_332' title='bbox 882 4337 987 4376; x_wconf 93' lang='lat' dir='ltr'><strong>non</strong></span> <span class='ocrx_word' id='word_1_333' title='bbox 1018 4322 1156 4377; x_wconf 89' lang='lat' dir='ltr'><strong>intra</strong></span> <span class='ocrx_word' id='word_1_334' title='bbox 1188 4323 1482 4379; x_wconf 87' lang='lat' dir='ltr'><strong>calumnias</strong></span> <span class='ocrx_word' id='word_1_335' title='bbox 1501 4332 1703 4380; x_wconf 91' lang='lat' dir='ltr'><strong>tantum</strong></span> <span class='ocrx_word' id='word_1_336' title='bbox 1722 4334 1777 4381; x_wconf 90' lang='lat' dir='ltr'><strong>et</strong></span> 
     </span>
    </p>
   </div>
   <div class='ocr_carea' id='block_1_44' title="bbox 160 4409 1774 4484">
    <p class='ocr_par' dir='ltr' id='par_1_44' title="bbox 160 4409 1774 4484">
     <span class='ocr_line' id='line_1_44' title="bbox 160 4409 1774 4484; baseline 0.007 -23"><span class='ocrx_word' id='word_1_337' title='bbox 160 4409 464 4480; x_wconf 85' lang='lat' dir='ltr'><strong>opprobria</strong></span> <span class='ocrx_word' id='word_1_338' title='bbox 493 4412 842 4484; x_wconf 88' lang='lat' dir='ltr'><strong>conviciaque</strong></span> <span class='ocrx_word' id='word_1_339' title='bbox 861 4414 1173 4483; x_wconf 89' lang='lat' dir='ltr'><strong>patientiam</strong></span> <span class='ocrx_word' id='word_1_340' title='bbox 1194 4416 1511 4471; x_wconf 89' lang='lat' dir='ltr'><strong>retinuerint</strong></span> <span class='ocrx_word' id='word_1_341' title='bbox 1530 4457 1544 4481; x_wconf 89' lang='lat'><strong>,</strong></span> <span class='ocrx_word' id='word_1_342' title='bbox 1568 4416 1664 4471; x_wconf 91' lang='lat' dir='ltr'><strong>sed</strong></span> <span class='ocrx_word' id='word_1_343' title='bbox 1687 4417 1774 4472; x_wconf 90' lang='lat' dir='ltr'><strong>illa</strong></span> 
     </span>
    </p>
   </div>
   <div class='ocr_carea' id='block_1_45' title="bbox 160 4502 1776 4577">
    <p class='ocr_par' dir='ltr' id='par_1_45' title="bbox 160 4502 1776 4577">
     <span class='ocr_line' id='line_1_45' title="bbox 160 4502 1776 4577; baseline 0.005 -22"><span class='ocrx_word' id='word_1_344' title='bbox 160 4517 297 4556; x_wconf 87' lang='lat' dir='ltr'><strong>cum</strong></span> <span class='ocrx_word' id='word_1_345' title='bbox 326 4502 521 4571; x_wconf 89' lang='lat' dir='ltr'><strong>gaudio</strong></span> <span class='ocrx_word' id='word_1_346' title='bbox 545 4504 909 4571; x_wconf 87' lang='lat' dir='ltr'><strong>toleraverint,</strong></span> <span class='ocrx_word' id='word_1_347' title='bbox 943 4504 1065 4560; x_wconf 91' lang='lat' dir='ltr'><strong>audi</strong></span> <span class='ocrx_word' id='word_1_348' title='bbox 1088 4521 1206 4577; x_wconf 61' lang='lat' dir='ltr'><strong>quae</strong></span> <span class='ocrx_word' id='word_1_349' title='bbox 1226 4515 1543 4577; x_wconf 90' lang='lat' dir='ltr'><strong>sequuntur.</strong></span> <span class='ocrx_word' id='word_1_350' title='bbox 1570 4507 1708 4562; x_wconf 89' lang='lat' dir='ltr'><strong>Nam</strong></span> <span class='ocrx_word' id='word_1_351' title='bbox 1729 4520 1776 4563; x_wconf 90' lang='lat' dir='ltr'><strong>et</strong></span> 
     </span>
    </p>
   </div>
   <div class='ocr_carea' id='block_1_46' title="bbox 158 4595 1776 4671">
    <p class='ocr_par' dir='ltr' id='par_1_46' title="bbox 158 4595 1776 4671">
     <span class='ocr_line' id='line_1_46' title="bbox 158 4595 1776 4671; baseline 0.003 -22"><span class='ocrx_word' id='word_1_352' title='bbox 158 4595 541 4665; x_wconf 81' lang='lat' dir='ltr'><strong>direptionem,</strong></span> <span class='ocrx_word' id='word_1_353' title='bbox 584 4595 789 4666; x_wconf 90' lang='lat' dir='ltr'><strong>inquit,</strong></span> <span class='ocrx_word' id='word_1_354' title='bbox 821 4597 1121 4667; x_wconf 82' lang='lat' dir='ltr'><strong>facultatum</strong></span> <span class='ocrx_word' id='word_1_355' title='bbox 1148 4606 1424 4653; x_wconf 81' lang='lat' dir='ltr'><strong>vestrarum</strong></span> <span class='ocrx_word' id='word_1_356' title='bbox 1447 4615 1561 4653; x_wconf 88' lang='lat' dir='ltr'><strong>cum</strong></span> <span class='ocrx_word' id='word_1_357' title='bbox 1588 4601 1776 4671; x_wconf 86' lang='lat' dir='ltr'><strong>gaudio</strong></span> 
     </span>
    </p>
   </div>
   <div class='ocr_carea' id='block_1_47' title="bbox 161 4687 1774 4762">
    <p class='ocr_par' dir='ltr' id='par_1_47' title="bbox 161 4687 1774 4762">
     <span class='ocr_line' id='line_1_47' title="bbox 161 4687 1774 4762; baseline 0.002 -19"><span class='ocrx_word' id='word_1_358' title='bbox 161 4688 457 4760; x_wconf 83' lang='lat' dir='ltr'><strong>pertulistis</strong></span> <span class='ocrx_word' id='word_1_359' title='bbox 485 4687 590 4762; x_wconf 89' lang='lat' dir='ltr'><strong>(Ib.</strong></span> <span class='ocrx_word' id='word_1_360' title='bbox 618 4705 667 4742; x_wconf 87' lang='grc' dir='ltr'><strong>υ.</strong></span> <span class='ocrx_word' id='word_1_361' title='bbox 698 4688 813 4761; x_wconf 80' lang='grc'><strong>51).</strong></span> <span class='ocrx_word' id='word_1_362' title='bbox 840 4688 1178 4760; x_wconf 59' lang='grc' dir='ltr'><strong>νωωηυυα</strong></span> <span class='ocrx_word' id='word_1_363' title='bbox 1198 4700 1251 4746; x_wconf 92' lang='lat' dir='ltr'><strong>et</strong></span> <span class='ocrx_word' id='word_1_364' title='bbox 1278 4691 1416 4747; x_wconf 90' lang='lat' dir='ltr'><strong>bona</strong></span> <span class='ocrx_word' id='word_1_365' title='bbox 1436 4707 1622 4746; x_wconf 92' lang='lat' dir='ltr'><strong>eorum</strong></span> <span class='ocrx_word' id='word_1_366' title='bbox 1641 4708 1774 4747; x_wconf 87' lang='lat' dir='ltr'><strong>con-</strong></span> 
     </span>
    </p>
   </div>
   <div class='ocr_carea' id='block_1_48' title="bbox 162 4781 1775 4855">
    <p class='ocr_par' dir='ltr' id='par_1_48' title="bbox 162 4781 1775 4855">
     <span class='ocr_line' id='line_1_48' title="bbox 162 4781 1775 4855; baseline 0.002 -19"><span class='ocrx_word' id='word_1_367' title='bbox 162 4781 508 4836; x_wconf 81' lang='lat' dir='ltr'><strong>fiscabantur</strong></span> <span class='ocrx_word' id='word_1_368' title='bbox 548 4782 675 4836; x_wconf 91' lang='lat' dir='ltr'><strong>olim</strong></span> <span class='ocrx_word' id='word_1_369' title='bbox 702 4823 717 4847; x_wconf 92' lang='lat'><strong>,</strong></span> <span class='ocrx_word' id='word_1_370' title='bbox 759 4792 815 4837; x_wconf 91' lang='lat' dir='ltr'><strong>et</strong></span> <span class='ocrx_word' id='word_1_371' title='bbox 846 4784 1098 4838; x_wconf 90' lang='lat' dir='ltr'><strong>omnibus</strong></span> <span class='ocrx_word' id='word_1_372' title='bbox 1128 4783 1180 4837; x_wconf 93' lang='lat' dir='ltr'><strong>in</strong></span> <span class='ocrx_word' id='word_1_373' title='bbox 1209 4784 1445 4854; x_wconf 71' lang='lat' dir='ltr'><strong>prmdam</strong></span> <span class='ocrx_word' id='word_1_374' title='bbox 1472 4794 1655 4851; x_wconf 87' lang='lat' dir='ltr'><strong>erant,</strong></span> <span class='ocrx_word' id='word_1_375' title='bbox 1685 4787 1775 4855; x_wconf 91' lang='lat' dir='ltr'><strong>qui</strong></span> 
     </span>
    </p>
   </div>
   <div class='ocr_carea' id='block_1_49' title="bbox 160 4871 1777 4945">
    <p class='ocr_par' dir='ltr' id='par_1_49' title="bbox 160 4871 1777 4945">
     <span class='ocr_line' id='line_1_49' title="bbox 160 4871 1777 4945; baseline 0.002 -17"><span class='ocrx_word' id='word_1_376' title='bbox 160 4890 269 4928; x_wconf 88' lang='lat' dir='ltr'><strong>eos</strong></span> <span class='ocrx_word' id='word_1_377' title='bbox 297 4871 495 4927; x_wconf 80' lang='lat' dir='ltr'><strong>laedere</strong></span> <span class='ocrx_word' id='word_1_378' title='bbox 516 4883 796 4943; x_wconf 88' lang='lat' dir='ltr'><strong>cuperent.</strong></span> <span class='ocrx_word' id='word_1_379' title='bbox 829 4876 1004 4944; x_wconf 88' lang='lat' dir='ltr'><strong>Atque</strong></span> <span class='ocrx_word' id='word_1_380' title='bbox 1036 4876 1151 4929; x_wconf 65' lang='lat' dir='ltr'><strong>haec</strong></span> <span class='ocrx_word' id='word_1_381' title='bbox 1178 4875 1392 4945; x_wconf 91' lang='lat' dir='ltr'><strong>quidem</strong></span> <span class='ocrx_word' id='word_1_382' title='bbox 1426 4877 1491 4931; x_wconf 89' lang='lat' dir='ltr'><strong>ad</strong></span> <span class='ocrx_word' id='word_1_383' title='bbox 1524 4877 1777 4932; x_wconf 81' lang='lat' dir='ltr'><strong>Hebraeus</strong></span> 
     </span>
    </p>
   </div>
   <div class='ocr_carea' id='block_1_50' title="bbox 160 4963 387 5020">
    <p class='ocr_par' dir='ltr' id='par_1_50' title="bbox 160 4963 387 5020">
     <span class='ocr_line' id='line_1_50' title="bbox 160 4963 387 5020; baseline 0.009 -2"><span class='ocrx_word' id='word_1_384' title='bbox 160 4963 387 5020; x_wconf 84' lang='lat' dir='ltr'><strong>scribit.</strong></span> 
     </span>
    </p>
   </div>
   <div class='ocr_carea' id='block_1_51' title="bbox 243 5056 1777 5114">
    <p class='ocr_par' dir='ltr' id='par_1_51' title="bbox 243 5056 1777 5114">
     <span class='ocr_line' id='line_1_51' title="bbox 243 5056 1777 5114; baseline 0.001 -2"><span class='ocrx_word' id='word_1_385' title='bbox 243 5058 306 5112; x_wconf 80' lang='lat'><strong>5.</strong></span> <span class='ocrx_word' id='word_1_386' title='bbox 370 5056 447 5113; x_wconf 91' lang='lat' dir='ltr'><strong>De</strong></span> <span class='ocrx_word' id='word_1_387' title='bbox 509 5056 1077 5113; x_wconf 88' lang='lat' dir='ltr'><strong>Thessalonicensibus</strong></span> <span class='ocrx_word' id='word_1_388' title='bbox 1144 5072 1274 5113; x_wconf 91' lang='lat' dir='ltr'><strong>vero</strong></span> <span class='ocrx_word' id='word_1_389' title='bbox 1343 5074 1556 5113; x_wconf 90' lang='lat' dir='ltr'><strong>rursum</strong></span> <span class='ocrx_word' id='word_1_390' title='bbox 1625 5057 1777 5114; x_wconf 83' lang='lat' dir='ltr'><strong>aliud</strong></span> 
     </span>
    </p>
   </div>
   <div class='ocr_carea' id='block_1_52' title="bbox 156 5147 1777 5222">
    <p class='ocr_par' dir='ltr' id='par_1_52' title="bbox 156 5147 1777 5222">
     <span class='ocr_line' id='line_1_52' title="bbox 156 5147 1777 5222; baseline -0.002 -17"><span class='ocrx_word' id='word_1_391' title='bbox 156 5148 434 5222; x_wconf 86' lang='lat' dir='ltr'><strong>quiddam</strong></span> <span class='ocrx_word' id='word_1_392' title='bbox 495 5149 599 5205; x_wconf 88' lang='lat' dir='ltr'><strong>tale</strong></span> <span class='ocrx_word' id='word_1_393' title='bbox 660 5157 947 5204; x_wconf 85' lang='lat' dir='ltr'><strong>testatur:</strong></span> <span class='ocrx_word' id='word_1_394' title='bbox 1007 5147 1110 5203; x_wconf 89' lang='lat' dir='ltr'><strong>Vos</strong></span> <span class='ocrx_word' id='word_1_395' title='bbox 1158 5152 1329 5214; x_wconf 87' lang='lat' dir='ltr'><strong>enim,</strong></span> <span class='ocrx_word' id='word_1_396' title='bbox 1394 5150 1599 5219; x_wconf 89' lang='lat' dir='ltr'><strong>inquit,</strong></span> <span class='ocrx_word' id='word_1_397' title='bbox 1656 5150 1777 5203; x_wconf 85' lang='lat' dir='ltr'><strong>imi-</strong></span> 
     </span>
    </p>
   </div>
   <div class='ocr_carea' id='block_1_53' title="bbox 160 5239 1779 5311">
    <p class='ocr_par' dir='ltr' id='par_1_53' title="bbox 160 5239 1779 5311">
     <span class='ocr_line' id='line_1_53' title="bbox 160 5239 1779 5311; baseline -0.001 -15"><span class='ocrx_word' id='word_1_398' title='bbox 160 5252 368 5296; x_wconf 83' lang='lat' dir='ltr'><strong>tatores</strong></span> <span class='ocrx_word' id='word_1_399' title='bbox 421 5239 547 5309; x_wconf 87' lang='lat' dir='ltr'><strong>facti</strong></span> <span class='ocrx_word' id='word_1_400' title='bbox 589 5241 707 5294; x_wconf 82' lang='lat' dir='ltr'><strong>estis</strong></span> <span class='ocrx_word' id='word_1_401' title='bbox 762 5240 971 5294; x_wconf 84' lang='lat' dir='ltr'><strong>Domini</strong></span> <span class='ocrx_word' id='word_1_402' title='bbox 1017 5256 1077 5293; x_wconf 92' lang='lat' dir='ltr'><strong>ac</strong></span> <span class='ocrx_word' id='word_1_403' title='bbox 1124 5241 1306 5306; x_wconf 70' lang='lat' dir='ltr'><strong>nostri,</strong></span> <span class='ocrx_word' id='word_1_404' title='bbox 1359 5243 1448 5309; x_wconf 89' lang='lat' dir='ltr'><strong>qui</strong></span> <span class='ocrx_word' id='word_1_405' title='bbox 1492 5242 1779 5311; x_wconf 84' lang='lat' dir='ltr'><strong>suscepistis</strong></span> 
     </span>
    </p>
   </div>
   <div class='ocr_carea' id='block_1_54' title="bbox 156 5330 1773 5403">
    <p class='ocr_par' dir='ltr' id='par_1_54' title="bbox 156 5330 1773 5403">
     <span class='ocr_line' id='line_1_54' title="bbox 156 5330 1773 5403; baseline -0.001 -15"><span class='ocrx_word' id='word_1_406' title='bbox 156 5345 462 5389; x_wconf 81' lang='lat' dir='ltr'><strong>sermonem</strong></span> <span class='ocrx_word' id='word_1_407' title='bbox 490 5331 623 5385; x_wconf 87' lang='lat' dir='ltr'><strong>hunc</strong></span> <span class='ocrx_word' id='word_1_408' title='bbox 650 5334 703 5385; x_wconf 87' lang='lat' dir='ltr'><strong>in</strong></span> <span class='ocrx_word' id='word_1_409' title='bbox 724 5331 1045 5386; x_wconf 83' lang='lat' dir='ltr'><strong>tribulatione</strong></span> <span class='ocrx_word' id='word_1_410' title='bbox 1069 5348 1255 5402; x_wconf 87' lang='lat' dir='ltr'><strong>magna</strong></span> <span class='ocrx_word' id='word_1_411' title='bbox 1295 5330 1371 5403; x_wconf 86' lang='grc'><strong>(1.</strong></span> <span class='ocrx_word' id='word_1_412' title='bbox 1404 5330 1578 5387; x_wconf 80' lang='lat' dir='ltr'><strong>Thess.</strong></span> <span class='ocrx_word' id='word_1_413' title='bbox 1610 5334 1661 5389; x_wconf 82' lang='lat' dir='ltr'><strong>l.</strong></span> <span class='ocrx_word' id='word_1_414' title='bbox 1695 5333 1773 5402; x_wconf 88' lang='lat'><strong>6).</strong></span> 
     </span>
    </p>
   </div>
   <div class='ocr_carea' id='block_1_55' title="bbox 160 5422 1778 5494">
    <p class='ocr_par' dir='ltr' id='par_1_55' title="bbox 160 5422 1778 5494">
     <span class='ocr_line' id='line_1_55' title="bbox 160 5422 1778 5494; baseline 0.001 -16"><span class='ocrx_word' id='word_1_415' title='bbox 160 5425 314 5481; x_wconf 76' lang='lat' dir='ltr'><strong>Vide</strong></span> <span class='ocrx_word' id='word_1_416' title='bbox 350 5422 516 5479; x_wconf 70' lang='lat' dir='ltr'><strong>etiam</strong></span> <span class='ocrx_word' id='word_1_417' title='bbox 565 5423 667 5478; x_wconf 91' lang='lat' dir='ltr'><strong>hos</strong></span> <span class='ocrx_word' id='word_1_418' title='bbox 718 5422 918 5493; x_wconf 80' lang='lat' dir='ltr'><strong>afﬂigi,</strong></span> <span class='ocrx_word' id='word_1_419' title='bbox 968 5439 1141 5494; x_wconf 89' lang='lat' dir='ltr'><strong>neque</strong></span> <span class='ocrx_word' id='word_1_420' title='bbox 1183 5422 1237 5477; x_wconf 88' lang='lat' dir='ltr'><strong>id</strong></span> <span class='ocrx_word' id='word_1_421' title='bbox 1283 5424 1629 5492; x_wconf 85' lang='lat' dir='ltr'><strong>simpliciter,</strong></span> <span class='ocrx_word' id='word_1_422' title='bbox 1683 5425 1778 5480; x_wconf 89' lang='lat' dir='ltr'><strong>sed</strong></span> 
     </span>
    </p>
   </div>
   <div class='ocr_carea' id='block_1_56' title="bbox 156 5515 1779 5586">
    <p class='ocr_par' dir='ltr' id='par_1_56' title="bbox 156 5515 1779 5586">
     <span class='ocr_line' id='line_1_56' title="bbox 156 5515 1779 5586; baseline 0.001 -13"><span class='ocrx_word' id='word_1_423' title='bbox 156 5515 481 5573; x_wconf 79' lang='lat' dir='ltr'><strong>afﬂictione</strong></span> <span class='ocrx_word' id='word_1_424' title='bbox 526 5530 739 5586; x_wconf 85' lang='lat' dir='ltr'><strong>magna.</strong></span> <span class='ocrx_word' id='word_1_425' title='bbox 795 5515 1104 5571; x_wconf 78' lang='lat' dir='ltr'><strong>Vehemens</strong></span> <span class='ocrx_word' id='word_1_426' title='bbox 1151 5518 1407 5581; x_wconf 87' lang='lat' dir='ltr'><strong>tentatio,</strong></span> <span class='ocrx_word' id='word_1_427' title='bbox 1467 5518 1779 5574; x_wconf 91' lang='lat' dir='ltr'><strong>continuum</strong></span> 
     </span>
    </p>
   </div>
   <div class='ocr_carea' id='block_1_57' title="bbox 161 5608 1779 5683">
    <p class='ocr_par' dir='ltr' id='par_1_57' title="bbox 161 5608 1779 5683">
     <span class='ocr_line' id='line_1_57' title="bbox 161 5608 1779 5683; baseline -0.001 -18"><span class='ocrx_word' id='word_1_428' title='bbox 161 5608 485 5683; x_wconf 85' lang='lat' dir='ltr'><strong>periculum</strong></span> <span class='ocrx_word' id='word_1_429' title='bbox 528 5623 631 5664; x_wconf 88' lang='lat' dir='ltr'><strong>nec</strong></span> <span class='ocrx_word' id='word_1_430' title='bbox 676 5608 953 5667; x_wconf 85' lang='lat' dir='ltr'><strong>minimam</strong></span> <span class='ocrx_word' id='word_1_431' title='bbox 1000 5609 1217 5679; x_wconf 91' lang='lat' dir='ltr'><strong>quidem</strong></span> <span class='ocrx_word' id='word_1_432' title='bbox 1266 5610 1568 5679; x_wconf 82' lang='lat' dir='ltr'><strong>reSpirandi</strong></span> <span class='ocrx_word' id='word_1_433' title='bbox 1606 5609 1779 5664; x_wconf 85' lang='lat' dir='ltr'><strong>facul-</strong></span> 
     </span>
    </p>
   </div>
   <div class='ocr_carea' id='block_1_58' title="bbox 162 5700 1780 5773">
    <p class='ocr_par' dir='ltr' id='par_1_58' title="bbox 162 5700 1780 5773">
     <span class='ocr_line' id='line_1_58' title="bbox 162 5700 1780 5773; baseline -0.002 -13"><span class='ocrx_word' id='word_1_434' title='bbox 162 5714 349 5760; x_wconf 83' lang='lat' dir='ltr'><strong>tatem</strong></span> <span class='ocrx_word' id='word_1_435' title='bbox 399 5700 728 5757; x_wconf 87' lang='lat' dir='ltr'><strong>concedebat</strong></span> <span class='ocrx_word' id='word_1_436' title='bbox 769 5701 881 5768; x_wconf 90' lang='lat' dir='ltr'><strong>eis,</strong></span> <span class='ocrx_word' id='word_1_437' title='bbox 938 5702 1027 5773; x_wconf 92' lang='lat' dir='ltr'><strong>qui</strong></span> <span class='ocrx_word' id='word_1_438' title='bbox 1084 5708 1211 5756; x_wconf 92' lang='lat' dir='ltr'><strong>tunc</strong></span> <span class='ocrx_word' id='word_1_439' title='bbox 1254 5701 1509 5770; x_wconf 88' lang='lat' dir='ltr'><strong>temporis</strong></span> <span class='ocrx_word' id='word_1_440' title='bbox 1560 5700 1614 5756; x_wconf 91' lang='lat' dir='ltr'><strong>in</strong></span> <span class='ocrx_word' id='word_1_441' title='bbox 1661 5716 1780 5757; x_wconf 86' lang='lat' dir='ltr'><strong>cer—</strong></span> 
     </span>
    </p>
   </div>
   <div class='ocr_carea' id='block_1_59' title="bbox 164 5792 1779 5860">
    <p class='ocr_par' dir='ltr' id='par_1_59' title="bbox 164 5792 1779 5860">
     <span class='ocr_line' id='line_1_59' title="bbox 164 5792 1779 5860; baseline -0.002 -9"><span class='ocrx_word' id='word_1_442' title='bbox 164 5796 392 5852; x_wconf 78' lang='lat' dir='ltr'><strong>tamine</strong></span> <span class='ocrx_word' id='word_1_443' title='bbox 444 5802 617 5849; x_wconf 86' lang='lat' dir='ltr'><strong>erant.</strong></span> <span class='ocrx_word' id='word_1_444' title='bbox 659 5795 908 5849; x_wconf 87' lang='lat' dir='ltr'><strong>Attamen</strong></span> <span class='ocrx_word' id='word_1_445' title='bbox 961 5807 1082 5848; x_wconf 93' lang='lat' dir='ltr'><strong>cum</strong></span> <span class='ocrx_word' id='word_1_446' title='bbox 1135 5792 1253 5849; x_wconf 67' lang='lat' dir='ltr'><strong>base</strong></span> <span class='ocrx_word' id='word_1_447' title='bbox 1298 5793 1622 5860; x_wconf 85' lang='lat' dir='ltr'><strong>tolerarent,</strong></span> <span class='ocrx_word' id='word_1_448' title='bbox 1672 5807 1779 5848; x_wconf 90' lang='lat' dir='ltr'><strong>non</strong></span> 
     </span>
    </p>
   </div>
   <div class='ocr_carea' id='block_1_60' title="bbox 174 5884 1781 5959">
    <p class='ocr_par' dir='ltr' id='par_1_60' title="bbox 174 5884 1781 5959">
     <span class='ocr_line' id='line_1_60' title="bbox 174 5884 1781 5959; baseline -0.002 -13"><span class='ocrx_word' id='word_1_449' title='bbox 174 5890 378 5959; x_wconf 84' lang='lat' dir='ltr'><strong>inique</strong></span> <span class='ocrx_word' id='word_1_450' title='bbox 414 5886 678 5954; x_wconf 80' lang='lat' dir='ltr'><strong>ferebant,</strong></span> <span class='ocrx_word' id='word_1_451' title='bbox 729 5904 902 5958; x_wconf 89' lang='lat' dir='ltr'><strong>neque</strong></span> <span class='ocrx_word' id='word_1_452' title='bbox 945 5902 1181 5943; x_wconf 79' lang='lat' dir='ltr'><strong>animum</strong></span> <span class='ocrx_word' id='word_1_453' title='bbox 1219 5884 1641 5957; x_wconf 85' lang='lat' dir='ltr'><strong>despondebant,</strong></span> <span class='ocrx_word' id='word_1_454' title='bbox 1673 5886 1781 5942; x_wconf 90' lang='lat' dir='ltr'><strong>imo</strong></span> 
     </span>
    </p>
   </div>
   <div class='ocr_carea' id='block_1_61' title="bbox 697 374 2711 486">
    <p class='ocr_par' dir='ltr' id='par_1_61' title="bbox 697 374 2711 486">
     <span class='ocr_line' id='line_1_61' title="bbox 697 374 2711 486; baseline -0.008 -3"><span class='ocrx_word' id='word_1_455' title='bbox 697 428 789 483; x_wconf 86' lang='lat' dir='ltr'><strong>DE</strong></span> <span class='ocrx_word' id='word_1_456' title='bbox 818 424 1068 482; x_wconf 79' lang='lat' dir='ltr'><strong>VERBIS</strong></span> <span class='ocrx_word' id='word_1_457' title='bbox 1108 420 1460 486; x_wconf 75' lang='lat' dir='ltr'><strong>APOSTOLI,</strong></span> <span class='ocrx_word' id='word_1_458' title='bbox 1503 416 1863 473; x_wconf 71' lang='lat' dir='ltr'><strong>llABENTES</strong></span> <span class='ocrx_word' id='word_1_459' title='bbox 1903 411 2197 470; x_wconf 72' lang='lat' dir='ltr'>EUMDEM</span> <span class='ocrx_word' id='word_1_460' title='bbox 2236 413 2579 470; x_wconf 76' lang='lat' dir='ltr'><strong>srtntrun.</strong></span> <span class='ocrx_word' id='word_1_461' title='bbox 2628 407 2711 467; x_wconf 88' lang='lat' dir='ltr'><strong>Ill.</strong></span> 
     </span>
    </p>
   </div>
   <div class='ocr_carea' id='block_1_62' title="bbox 3359 417 3469 472">
    <p class='ocr_par' dir='ltr' id='par_1_62' title="bbox 3359 417 3469 472">
     <span class='ocr_line' id='line_1_62' title="bbox 3359 417 3469 472; baseline 0 -1"><span class='ocrx_word' id='word_1_462' title='bbox 3359 417 3469 472; x_wconf 67' lang='lat'><strong>9.94</strong></span> 
     </span>
    </p>
   </div>
   <div class='ocr_carea' id='block_1_63' title="bbox 1875 525 3465 598">
    <p class='ocr_par' dir='ltr' id='par_1_63' title="bbox 1875 525 3465 598">
     <span class='ocr_line' id='line_1_63' title="bbox 1875 525 3465 598; baseline 0.002 -16"><span class='ocrx_word' id='word_1_463' title='bbox 1875 527 2179 598; x_wconf 86' lang='lat' dir='ltr'><strong>gaudebant</strong></span> <span class='ocrx_word' id='word_1_464' title='bbox 2230 530 2410 584; x_wconf 88' lang='lat' dir='ltr'><strong>etiam.</strong></span> <span class='ocrx_word' id='word_1_465' title='bbox 2480 526 2634 583; x_wconf 89' lang='lat' dir='ltr'><strong>Unde</strong></span> <span class='ocrx_word' id='word_1_466' title='bbox 2679 527 2782 582; x_wconf 91' lang='lat' dir='ltr'><strong>hoc</strong></span> <span class='ocrx_word' id='word_1_467' title='bbox 2838 525 3106 598; x_wconf 84' lang='lat' dir='ltr'><strong>apparet?</strong></span> <span class='ocrx_word' id='word_1_468' title='bbox 3161 526 3240 582; x_wconf 77' lang='lat' dir='ltr'><strong>Ex</strong></span> <span class='ocrx_word' id='word_1_469' title='bbox 3289 541 3465 585; x_wconf 79' lang='lat' dir='ltr'><strong>verbis</strong></span> 
     </span>
    </p>
   </div>
   <div class='ocr_carea' id='block_1_64' title="bbox 1877 617 3574 693">
    <p class='ocr_par' dir='ltr' id='par_1_64' title="bbox 1877 617 3574 693">
     <span class='ocr_line' id='line_1_64' title="bbox 1877 617 3574 693; baseline -0.001 -18"><span class='ocrx_word' id='word_1_470' title='bbox 1877 621 2046 691; x_wconf 87' lang='lat' dir='ltr'><strong>ipsius</strong></span> <span class='ocrx_word' id='word_1_471' title='bbox 2086 621 2255 675; x_wconf 88' lang='lat' dir='ltr'><strong>Pauli.</strong></span> <span class='ocrx_word' id='word_1_472' title='bbox 2291 620 2390 675; x_wconf 90' lang='lat' dir='ltr'><strong>Ubi</strong></span> <span class='ocrx_word' id='word_1_473' title='bbox 2425 621 2567 674; x_wconf 91' lang='lat' dir='ltr'><strong>enim</strong></span> <span class='ocrx_word' id='word_1_474' title='bbox 2598 619 2737 674; x_wconf 76' lang='lat' dir='ltr'><strong>dixit</strong></span> <span class='ocrx_word' id='word_1_475' title='bbox 2768 636 2781 671; x_wconf 89' lang='lat'><strong>:</strong></span> <span class='ocrx_word' id='word_1_476' title='bbox 2812 617 2878 672; x_wconf 88' lang='lat' dir='ltr'><strong>In</strong></span> <span class='ocrx_word' id='word_1_477' title='bbox 2913 619 3233 673; x_wconf 83' lang='lat' dir='ltr'><strong>tribulatione</strong></span> <span class='ocrx_word' id='word_1_478' title='bbox 3261 637 3468 693; x_wconf 78' lang='lat' dir='ltr'><strong>magna,</strong></span> <span class='ocrx_word' id='word_1_479' title='bbox 3556 627 3574 640; x_wconf 81' lang='grc'><em>⁴</em></span> 
     </span>
    </p>
   </div>
   <div class='ocr_carea' id='block_1_65' title="bbox 1875 710 3469 785">
    <p class='ocr_par' dir='ltr' id='par_1_65' title="bbox 1875 710 3469 785">
     <span class='ocr_line' id='line_1_65' title="bbox 1875 710 3469 785; baseline -0.003 -16"><span class='ocrx_word' id='word_1_480' title='bbox 1875 714 2097 779; x_wconf 89' lang='lat' dir='ltr'><strong>addidit,</strong></span> <span class='ocrx_word' id='word_1_481' title='bbox 2116 713 2241 768; x_wconf 86' lang='lat' dir='ltr'><strong>Cum</strong></span> <span class='ocrx_word' id='word_1_482' title='bbox 2261 714 2447 785; x_wconf 86' lang='lat' dir='ltr'><strong>gaudio</strong></span> <span class='ocrx_word' id='word_1_483' title='bbox 2469 713 2694 783; x_wconf 84' lang='lat' dir='ltr'><strong>Spiritus</strong></span> <span class='ocrx_word' id='word_1_484' title='bbox 2714 715 2871 766; x_wconf 85' lang='lat' dir='ltr'><strong>sancti</strong></span> <span class='ocrx_word' id='word_1_485' title='bbox 2890 713 2966 783; x_wconf 90' lang='grc'><strong>(1.</strong></span> <span class='ocrx_word' id='word_1_486' title='bbox 2989 710 3169 766; x_wconf 84' lang='lat' dir='ltr'><strong>Thess.</strong></span> <span class='ocrx_word' id='word_1_487' title='bbox 3188 712 3243 766; x_wconf 87' lang='grc'><strong>1.</strong></span> <span class='ocrx_word' id='word_1_488' title='bbox 3261 712 3348 785; x_wconf 88' lang='grc'><strong>6),</strong></span> <span class='ocrx_word' id='word_1_489' title='bbox 3364 715 3469 766; x_wconf 81' lang='lat' dir='ltr'><strong>sci-</strong></span> 
     </span>
    </p>
   </div>
   <div class='ocr_carea' id='block_1_66' title="bbox 1875 802 3468 874">
    <p class='ocr_par' dir='ltr' id='par_1_66' title="bbox 1875 802 3468 874">
     <span class='ocr_line' id='line_1_66' title="bbox 1875 802 3468 874; baseline -0.002 -14"><span class='ocrx_word' id='word_1_490' title='bbox 1875 806 1997 860; x_wconf 89' lang='lat' dir='ltr'><strong>licet</strong></span> <span class='ocrx_word' id='word_1_491' title='bbox 2023 807 2246 860; x_wconf 90' lang='lat' dir='ltr'><strong>tentatio</strong></span> <span class='ocrx_word' id='word_1_492' title='bbox 2270 805 2505 874; x_wconf 85' lang='lat' dir='ltr'><strong>pariebat</strong></span> <span class='ocrx_word' id='word_1_493' title='bbox 2548 804 2913 869; x_wconf 88' lang='lat' dir='ltr'><strong>afﬁictionem,</strong></span> <span class='ocrx_word' id='word_1_494' title='bbox 2950 802 3253 873; x_wconf 86' lang='lat' dir='ltr'><strong>gaudebant</strong></span> <span class='ocrx_word' id='word_1_495' title='bbox 3290 811 3468 857; x_wconf 89' lang='lat' dir='ltr'><strong>tamen</strong></span> 
     </span>
    </p>
   </div>
   <div class='ocr_carea' id='block_1_67' title="bbox 1874 896 3467 971">
    <p class='ocr_par' dir='ltr' id='par_1_67' title="bbox 1874 896 3467 971">
     <span class='ocr_line' id='line_1_67' title="bbox 1874 896 3467 971; baseline -0.004 -16"><span class='ocrx_word' id='word_1_496' title='bbox 1874 909 2184 971; x_wconf 89' lang='lat' dir='ltr'><strong>reputantes</strong></span> <span class='ocrx_word' id='word_1_497' title='bbox 2211 915 2377 969; x_wconf 89' lang='lat' dir='ltr'><strong>quare</strong></span> <span class='ocrx_word' id='word_1_498' title='bbox 2407 907 2759 953; x_wconf 88' lang='lat' dir='ltr'><strong>tentarentur.</strong></span> <span class='ocrx_word' id='word_1_499' title='bbox 2789 896 2983 951; x_wconf 87' lang='lat' dir='ltr'><strong>Idonea</strong></span> <span class='ocrx_word' id='word_1_500' title='bbox 3012 898 3155 951; x_wconf 92' lang='lat' dir='ltr'><strong>enim</strong></span> <span class='ocrx_word' id='word_1_501' title='bbox 3193 906 3308 951; x_wconf 87' lang='lat' dir='ltr'><strong>erat</strong></span> <span class='ocrx_word' id='word_1_502' title='bbox 3336 912 3467 950; x_wconf 83' lang='lat' dir='ltr'><strong>con-</strong></span> 
     </span>
    </p>
   </div>
   <div class='ocr_carea' id='block_1_68' title="bbox 1872 991 3471 1065">
    <p class='ocr_par' dir='ltr' id='par_1_68' title="bbox 1872 991 3471 1065">
     <span class='ocr_line' id='line_1_68' title="bbox 1872 991 3471 1065; baseline -0.002 -16"><span class='ocrx_word' id='word_1_503' title='bbox 1872 995 2094 1060; x_wconf 84' lang='lat' dir='ltr'><strong>solatio,</strong></span> <span class='ocrx_word' id='word_1_504' title='bbox 2126 994 2267 1065; x_wconf 93' lang='lat' dir='ltr'><strong>quod</strong></span> <span class='ocrx_word' id='word_1_505' title='bbox 2288 993 2487 1047; x_wconf 90' lang='lat' dir='ltr'><strong>conscii</strong></span> <span class='ocrx_word' id='word_1_506' title='bbox 2513 1001 2694 1047; x_wconf 90' lang='lat' dir='ltr'><strong>essent</strong></span> <span class='ocrx_word' id='word_1_507' title='bbox 2715 1002 2931 1062; x_wconf 89' lang='lat' dir='ltr'><strong>propter</strong></span> <span class='ocrx_word' id='word_1_508' title='bbox 2962 991 3232 1046; x_wconf 86' lang='lat' dir='ltr'><strong>Christum</strong></span> <span class='ocrx_word' id='word_1_509' title='bbox 3270 1008 3327 1046; x_wconf 90' lang='lat' dir='ltr'><strong>se</strong></span> <span class='ocrx_word' id='word_1_510' title='bbox 3355 993 3471 1046; x_wconf 72' lang='lat' dir='ltr'><strong>[nec</strong></span> 
     </span>
    </p>
   </div>
   <div class='ocr_carea' id='block_1_69' title="bbox 1873 1085 3470 1157">
    <p class='ocr_par' dir='ltr' id='par_1_69' title="bbox 1873 1085 3470 1157">
     <span class='ocr_line' id='line_1_69' title="bbox 1873 1085 3470 1157; baseline -0.001 -16"><span class='ocrx_word' id='word_1_511' title='bbox 1873 1087 2003 1156; x_wconf 82' lang='lat' dir='ltr'><strong>pati,</strong></span> <span class='ocrx_word' id='word_1_512' title='bbox 2028 1096 2351 1157; x_wconf 86' lang='lat' dir='ltr'><strong>quapropter</strong></span> <span class='ocrx_word' id='word_1_513' title='bbox 2388 1102 2495 1142; x_wconf 87' lang='lat' dir='ltr'><strong>non</strong></span> <span class='ocrx_word' id='word_1_514' title='bbox 2540 1098 2645 1140; x_wconf 91' lang='lat' dir='ltr'><strong>tam</strong></span> <span class='ocrx_word' id='word_1_515' title='bbox 2685 1085 2919 1141; x_wconf 89' lang='lat' dir='ltr'><strong>demiror</strong></span> <span class='ocrx_word' id='word_1_516' title='bbox 2946 1085 3087 1156; x_wconf 92' lang='lat' dir='ltr'><strong>quod</strong></span> <span class='ocrx_word' id='word_1_517' title='bbox 3116 1086 3204 1140; x_wconf 91' lang='lat' dir='ltr'><strong>illo</strong></span> <span class='ocrx_word' id='word_1_518' title='bbox 3232 1096 3470 1156; x_wconf 88' lang='lat' dir='ltr'><strong>tempore</strong></span> 
     </span>
    </p>
   </div>
   <div class='ocr_carea' id='block_1_70' title="bbox 1872 1178 3466 1250">
    <p class='ocr_par' dir='ltr' id='par_1_70' title="bbox 1872 1178 3466 1250">
     <span class='ocr_line' id='line_1_70' title="bbox 1872 1178 3466 1250; baseline 0 -17"><span class='ocrx_word' id='word_1_519' title='bbox 1872 1179 2273 1248; x_wconf 83' lang='lat' dir='ltr'><strong>afﬂigerentur,</strong></span> <span class='ocrx_word' id='word_1_520' title='bbox 2322 1196 2483 1250; x_wconf 89' lang='lat' dir='ltr'><strong>quam</strong></span> <span class='ocrx_word' id='word_1_521' title='bbox 2540 1178 2684 1250; x_wconf 91' lang='lat' dir='ltr'><strong>quod</strong></span> <span class='ocrx_word' id='word_1_522' title='bbox 2730 1179 2893 1250; x_wconf 85' lang='lat' dir='ltr'><strong>affligi</strong></span> <span class='ocrx_word' id='word_1_523' title='bbox 2933 1194 2992 1234; x_wconf 90' lang='lat' dir='ltr'><strong>se</strong></span> <span class='ocrx_word' id='word_1_524' title='bbox 3036 1189 3254 1250; x_wconf 89' lang='lat' dir='ltr'><strong>propter</strong></span> <span class='ocrx_word' id='word_1_525' title='bbox 3300 1181 3466 1235; x_wconf 89' lang='lat' dir='ltr'><strong>Deum</strong></span> 
     </span>
    </p>
   </div>
   <div class='ocr_carea' id='block_1_71' title="bbox 1872 1269 3466 1342">
    <p class='ocr_par' dir='ltr' id='par_1_71' title="bbox 1872 1269 3466 1342">
     <span class='ocr_line' id='line_1_71' title="bbox 1872 1269 3466 1342; baseline 0.003 -18"><span class='ocrx_word' id='word_1_526' title='bbox 1872 1269 2198 1325; x_wconf 53' lang='lat' dir='ltr'><strong>laetarentur.</strong></span> <span class='ocrx_word' id='word_1_527' title='bbox 2253 1273 2365 1327; x_wconf 84' lang='lat' dir='ltr'><strong>Hoc</strong></span> <span class='ocrx_word' id='word_1_528' title='bbox 2406 1273 2548 1327; x_wconf 88' lang='lat' dir='ltr'><strong>enim</strong></span> <span class='ocrx_word' id='word_1_529' title='bbox 2596 1288 2875 1342; x_wconf 64' lang='lat' dir='ltr'><strong>generosae</strong></span> <span class='ocrx_word' id='word_1_530' title='bbox 2916 1287 2979 1326; x_wconf 87' lang='lat' dir='ltr'><strong>ac</strong></span> <span class='ocrx_word' id='word_1_531' title='bbox 3030 1272 3199 1327; x_wconf 88' lang='lat' dir='ltr'><strong>Deum</strong></span> <span class='ocrx_word' id='word_1_532' title='bbox 3237 1274 3466 1328; x_wconf 89' lang='lat' dir='ltr'><strong>amantis</strong></span> 
     </span>
    </p>
   </div>
   <div class='ocr_carea' id='block_1_72' title="bbox 1872 1362 3467 1433">
    <p class='ocr_par' dir='ltr' id='par_1_72' title="bbox 1872 1362 3467 1433">
     <span class='ocr_line' id='line_1_72' title="bbox 1872 1362 3467 1433; baseline 0.002 -17"><span class='ocrx_word' id='word_1_533' title='bbox 1872 1362 2067 1418; x_wconf 70' lang='lat' dir='ltr'><strong>anima:</strong></span> <span class='ocrx_word' id='word_1_534' title='bbox 2108 1364 2343 1419; x_wconf 90' lang='lat' dir='ltr'><strong>ofﬁcium</strong></span> <span class='ocrx_word' id='word_1_535' title='bbox 2398 1375 2500 1433; x_wconf 91' lang='lat' dir='ltr'><strong>est,</strong></span> <span class='ocrx_word' id='word_1_536' title='bbox 2547 1366 2798 1419; x_wconf 89' lang='lat' dir='ltr'><strong>nimirum</strong></span> <span class='ocrx_word' id='word_1_537' title='bbox 2847 1365 3166 1420; x_wconf 85' lang='lat' dir='ltr'><strong>alﬁictiones</strong></span> <span class='ocrx_word' id='word_1_538' title='bbox 3192 1374 3247 1419; x_wconf 92' lang='lat' dir='ltr'><strong>et</strong></span> <span class='ocrx_word' id='word_1_539' title='bbox 3273 1366 3467 1421; x_wconf 66' lang='lat' dir='ltr'><strong>advero</strong></span> 
     </span>
    </p>
   </div>
   <div class='ocr_carea' id='block_1_73' title="bbox 1872 1455 3465 1528">
    <p class='ocr_par' dir='ltr' id='par_1_73' title="bbox 1872 1455 3465 1528">
     <span class='ocr_line' id='line_1_73' title="bbox 1872 1455 3465 1528; baseline 0.004 -21"><span class='ocrx_word' id='word_1_540' title='bbox 1872 1455 2057 1510; x_wconf 89' lang='lat' dir='ltr'><strong>sitates</strong></span> <span class='ocrx_word' id='word_1_541' title='bbox 2085 1455 2240 1512; x_wconf 90' lang='lat' dir='ltr'><strong>ferre.</strong></span> <span class='ocrx_word' id='word_1_542' title='bbox 2262 1457 2524 1511; x_wconf 84' lang='lat' dir='ltr'><strong>Caeterum</strong></span> <span class='ocrx_word' id='word_1_543' title='bbox 2550 1472 2811 1528; x_wconf 87' lang='lat' dir='ltr'><strong>generose</strong></span> <span class='ocrx_word' id='word_1_544' title='bbox 2841 1458 3069 1514; x_wconf 89' lang='lat' dir='ltr'><strong>tolerare</strong></span> <span class='ocrx_word' id='word_1_545' title='bbox 3096 1458 3465 1524; x_wconf 89' lang='lat' dir='ltr'><strong>tentatiouem,</strong></span> 
     </span>
    </p>
   </div>
   <div class='ocr_carea' id='block_1_74' title="bbox 1871 1551 3468 1621">
    <p class='ocr_par' dir='ltr' id='par_1_74' title="bbox 1871 1551 3468 1621">
     <span class='ocr_line' id='line_1_74' title="bbox 1871 1551 3468 1621; baseline 0.003 -20"><span class='ocrx_word' id='word_1_546' title='bbox 1871 1556 2033 1619; x_wconf 90' lang='lat' dir='ltr'><strong>atque</strong></span> <span class='ocrx_word' id='word_1_547' title='bbox 2085 1551 2305 1621; x_wconf 89' lang='lat' dir='ltr'><strong>insuper</strong></span> <span class='ocrx_word' id='word_1_548' title='bbox 2337 1552 2539 1621; x_wconf 90' lang='lat' dir='ltr'><strong>gratias</strong></span> <span class='ocrx_word' id='word_1_549' title='bbox 2583 1566 2744 1621; x_wconf 89' lang='lat' dir='ltr'><strong>agere</strong></span> <span class='ocrx_word' id='word_1_550' title='bbox 2793 1551 2865 1617; x_wconf 91' lang='lat' dir='ltr'><strong>ei,</strong></span> <span class='ocrx_word' id='word_1_551' title='bbox 2915 1551 3005 1621; x_wconf 90' lang='lat' dir='ltr'><strong>qui</strong></span> <span class='ocrx_word' id='word_1_552' title='bbox 3036 1566 3095 1606; x_wconf 92' lang='lat' dir='ltr'><strong>se</strong></span> <span class='ocrx_word' id='word_1_553' title='bbox 3123 1551 3314 1605; x_wconf 89' lang='lat' dir='ltr'><strong>tentari</strong></span> <span class='ocrx_word' id='word_1_554' title='bbox 3343 1567 3468 1621; x_wconf 87' lang='lat' dir='ltr'><strong>per-</strong></span> 
     </span>
    </p>
   </div>
   <div class='ocr_carea' id='block_1_75' title="bbox 1872 1640 3468 1705">
    <p class='ocr_par' dir='ltr' id='par_1_75' title="bbox 1872 1640 3468 1705">
     <span class='ocr_line' id='line_1_75' title="bbox 1872 1640 3468 1705; baseline 0.002 -12"><span class='ocrx_word' id='word_1_555' title='bbox 1872 1640 2055 1705; x_wconf 89' lang='lat' dir='ltr'><strong>mittit,</strong></span> <span class='ocrx_word' id='word_1_556' title='bbox 2106 1641 2158 1695; x_wconf 90' lang='lat' dir='ltr'><strong>id</strong></span> <span class='ocrx_word' id='word_1_557' title='bbox 2212 1642 2427 1697; x_wconf 89' lang='lat' dir='ltr'><strong>demum</strong></span> <span class='ocrx_word' id='word_1_558' title='bbox 2475 1657 2701 1697; x_wconf 68' lang='lat' dir='ltr'><strong>summa:</strong></span> <span class='ocrx_word' id='word_1_559' title='bbox 2750 1640 3077 1696; x_wconf 91' lang='lat' dir='ltr'><strong>fortitudinis</strong></span> <span class='ocrx_word' id='word_1_560' title='bbox 3113 1651 3215 1704; x_wconf 88' lang='lat' dir='ltr'><strong>est,</strong></span> <span class='ocrx_word' id='word_1_561' title='bbox 3245 1642 3468 1696; x_wconf 73' lang='lat' dir='ltr'><strong>anima:-</strong></span> 
     </span>
    </p>
   </div>
   <div class='ocr_carea' id='block_1_76' title="bbox 1870 1733 3469 1806">
    <p class='ocr_par' dir='ltr' id='par_1_76' title="bbox 1870 1733 3469 1806">
     <span class='ocr_line' id='line_1_76' title="bbox 1870 1733 3469 1806; baseline 0.002 -19"><span class='ocrx_word' id='word_1_562' title='bbox 1870 1747 1975 1803; x_wconf 92' lang='lat' dir='ltr'><strong>que</strong></span> <span class='ocrx_word' id='word_1_563' title='bbox 2004 1733 2288 1804; x_wconf 86' lang='lat' dir='ltr'><strong>vigilantis,</strong></span> <span class='ocrx_word' id='word_1_564' title='bbox 2334 1744 2391 1791; x_wconf 91' lang='lat' dir='ltr'><strong>et</strong></span> <span class='ocrx_word' id='word_1_565' title='bbox 2435 1750 2555 1806; x_wconf 60' lang='lat' dir='ltr'><strong>qua</strong></span> <span class='ocrx_word' id='word_1_566' title='bbox 2600 1734 2852 1791; x_wconf 88' lang='lat' dir='ltr'><strong>omnibus</strong></span> <span class='ocrx_word' id='word_1_567' title='bbox 2890 1733 3141 1789; x_wconf 87' lang='lat' dir='ltr'><strong>humanis</strong></span> <span class='ocrx_word' id='word_1_568' title='bbox 3186 1733 3469 1790; x_wconf 88' lang='lat' dir='ltr'><strong>affectibus</strong></span> 
     </span>
    </p>
   </div>
   <div class='ocr_carea' id='block_1_77' title="bbox 1869 1827 2339 1898">
    <p class='ocr_par' dir='ltr' id='par_1_77' title="bbox 1869 1827 2339 1898">
     <span class='ocr_line' id='line_1_77' title="bbox 1869 1827 2339 1898; baseline 0.004 -17"><span class='ocrx_word' id='word_1_569' title='bbox 1869 1827 1940 1881; x_wconf 91' lang='lat' dir='ltr'><strong>sit</strong></span> <span class='ocrx_word' id='word_1_570' title='bbox 1980 1828 2243 1898; x_wconf 91' lang='lat' dir='ltr'><strong>superior.</strong></span> <span class='ocrx_word' id='word_1_571' title='bbox 2338 1838 2339 1843; x_wconf 82' lang='lat'>‘</span> 
     </span>
    </p>
   </div>
   <div class='ocr_carea' id='block_1_78' title="bbox 1940 1918 3457 1991">
    <p class='ocr_par' dir='ltr' id='par_1_78' title="bbox 1940 1918 3457 1991">
     <span class='ocr_line' id='line_1_78' title="bbox 1940 1918 3457 1991; baseline 0.001 -19"><span class='ocrx_word' id='word_1_572' title='bbox 1940 1918 1987 1972; x_wconf 85' lang='grc' dir='ltr'><em>Α</em></span> <span class='ocrx_word' id='word_1_573' title='bbox 2050 1918 2390 1991; x_wconf 80' lang='lat' dir='ltr'><strong>familiaribus</strong></span> <span class='ocrx_word' id='word_1_574' title='bbox 2443 1928 2491 1974; x_wconf 87' lang='lat' dir='ltr'><strong>et</strong></span> <span class='ocrx_word' id='word_1_575' title='bbox 2552 1919 2847 1991; x_wconf 87' lang='lat' dir='ltr'><strong>propinquis</strong></span> <span class='ocrx_word' id='word_1_576' title='bbox 2922 1919 3092 1974; x_wconf 76' lang='lat' dir='ltr'><strong>uexati</strong></span> <span class='ocrx_word' id='word_1_577' title='bbox 3160 1918 3457 1974; x_wconf 84' lang='lat' dir='ltr'><strong>Christiani.</strong></span> 
     </span>
    </p>
   </div>
   <div class='ocr_carea' id='block_1_79' title="bbox 1868 2008 3469 2082">
    <p class='ocr_par' dir='ltr' id='par_1_79' title="bbox 1868 2008 3469 2082">
     <span class='ocr_line' id='line_1_79' title="bbox 1868 2008 3469 2082; baseline 0.002 -18"><span class='ocrx_word' id='word_1_578' title='bbox 1868 2008 2075 2065; x_wconf 90' lang='lat' dir='ltr'><strong>-—Nec</strong></span> <span class='ocrx_word' id='word_1_579' title='bbox 2113 2010 2199 2065; x_wconf 89' lang='lat' dir='ltr'><strong>hic</strong></span> <span class='ocrx_word' id='word_1_580' title='bbox 2254 2020 2503 2077; x_wconf 86' lang='lat' dir='ltr'><strong>tantum,</strong></span> <span class='ocrx_word' id='word_1_581' title='bbox 2574 2011 2671 2066; x_wconf 88' lang='lat' dir='ltr'><strong>sed</strong></span> <span class='ocrx_word' id='word_1_582' title='bbox 2723 2020 2776 2066; x_wconf 93' lang='lat' dir='ltr'><strong>et</strong></span> <span class='ocrx_word' id='word_1_583' title='bbox 2824 2010 2948 2064; x_wconf 92' lang='lat' dir='ltr'><strong>alibi</strong></span> <span class='ocrx_word' id='word_1_584' title='bbox 3012 2009 3214 2066; x_wconf 89' lang='lat' dir='ltr'><strong>docens</strong></span> <span class='ocrx_word' id='word_1_585' title='bbox 3272 2020 3469 2082; x_wconf 88' lang='lat' dir='ltr'><strong>quanta</strong></span> 
     </span>
    </p>
   </div>
   <div class='ocr_carea' id='block_1_80' title="bbox 1869 2102 3469 2175">
    <p class='ocr_par' dir='ltr' id='par_1_80' title="bbox 1869 2102 3469 2175">
     <span class='ocr_line' id='line_1_80' title="bbox 1869 2102 3469 2175; baseline 0.004 -20"><span class='ocrx_word' id='word_1_586' title='bbox 1869 2102 2010 2155; x_wconf 88' lang='lat' dir='ltr'><strong>mala</strong></span> <span class='ocrx_word' id='word_1_587' title='bbox 2043 2112 2352 2172; x_wconf 87' lang='lat' dir='ltr'><strong>paterentur</strong></span> <span class='ocrx_word' id='word_1_588' title='bbox 2379 2103 2497 2174; x_wconf 87' lang='lat' dir='ltr'><strong>ejus</strong></span> <span class='ocrx_word' id='word_1_589' title='bbox 2527 2105 2782 2175; x_wconf 91' lang='lat' dir='ltr'><strong>temporis</strong></span> <span class='ocrx_word' id='word_1_590' title='bbox 2811 2103 3000 2159; x_wconf 87' lang='lat' dir='ltr'><strong>ﬁdeles</strong></span> <span class='ocrx_word' id='word_1_591' title='bbox 3037 2118 3069 2158; x_wconf 89' lang='lat' dir='ltr'><strong>a</strong></span> <span class='ocrx_word' id='word_1_592' title='bbox 3118 2102 3469 2161; x_wconf 84' lang='lat' dir='ltr'><strong>familiaribus</strong></span> 
     </span>
    </p>
   </div>
   <div class='ocr_carea' id='block_1_81' title="bbox 1869 2195 3466 2268">
    <p class='ocr_par' dir='ltr' id='par_1_81' title="bbox 1869 2195 3466 2268">
     <span class='ocr_line' id='line_1_81' title="bbox 1869 2195 3466 2268; baseline 0.004 -21"><span class='ocrx_word' id='word_1_593' title='bbox 1869 2207 1932 2247; x_wconf 91' lang='lat' dir='ltr'><strong>ac</strong></span> <span class='ocrx_word' id='word_1_594' title='bbox 1973 2195 2284 2265; x_wconf 82' lang='lat' dir='ltr'><strong>prapinquis</strong></span> <span class='ocrx_word' id='word_1_595' title='bbox 2321 2197 2447 2267; x_wconf 90' lang='lat' dir='ltr'><strong>(hoc</strong></span> <span class='ocrx_word' id='word_1_596' title='bbox 2475 2197 2618 2251; x_wconf 89' lang='lat' dir='ltr'><strong>enim</strong></span> <span class='ocrx_word' id='word_1_597' title='bbox 2645 2206 2760 2252; x_wconf 89' lang='lat' dir='ltr'><strong>erat</strong></span> <span class='ocrx_word' id='word_1_598' title='bbox 2788 2196 3206 2268; x_wconf 87' lang='lat' dir='ltr'><strong>gravissimum),</strong></span> <span class='ocrx_word' id='word_1_599' title='bbox 3239 2198 3291 2252; x_wconf 89' lang='lat' dir='ltr'><strong>in</strong></span> <span class='ocrx_word' id='word_1_600' title='bbox 3324 2198 3466 2253; x_wconf 91' lang='lat' dir='ltr'><strong>hunc</strong></span> 
     </span>
    </p>
   </div>
   <div class='ocr_carea' id='block_1_82' title="bbox 1869 2284 3467 2361">
    <p class='ocr_par' dir='ltr' id='par_1_82' title="bbox 1869 2284 3467 2361">
     <span class='ocr_line' id='line_1_82' title="bbox 1869 2284 3467 2361; baseline 0.003 -24"><span class='ocrx_word' id='word_1_601' title='bbox 1869 2284 2090 2339; x_wconf 91' lang='lat' dir='ltr'><strong>modum</strong></span> <span class='ocrx_word' id='word_1_602' title='bbox 2119 2284 2356 2355; x_wconf 89' lang='lat' dir='ltr'><strong>loquitur</strong></span> <span class='ocrx_word' id='word_1_603' title='bbox 2388 2305 2406 2342; x_wconf 86' lang='lat'><strong><em>:</em></strong></span> <span class='ocrx_word' id='word_1_604' title='bbox 2444 2285 2546 2343; x_wconf 87' lang='lat' dir='ltr'><strong>Vos</strong></span> <span class='ocrx_word' id='word_1_605' title='bbox 2587 2288 2865 2343; x_wconf 88' lang='lat' dir='ltr'><strong>imitatores</strong></span> <span class='ocrx_word' id='word_1_606' title='bbox 2912 2288 3082 2361; x_wconf 84' lang='lat' dir='ltr'><strong>fuistis</strong></span> <span class='ocrx_word' id='word_1_607' title='bbox 3122 2287 3467 2344; x_wconf 85' lang='lat' dir='ltr'><strong>Ecclesiarum</strong></span> 
     </span>
    </p>
   </div>
   <div class='ocr_carea' id='block_1_83' title="bbox 1869 2372 3468 2446">
    <p class='ocr_par' dir='ltr' id='par_1_83' title="bbox 1869 2372 3468 2446">
     <span class='ocr_line' id='line_1_83' title="bbox 1869 2372 3468 2446; baseline 0.006 -20"><span class='ocrx_word' id='word_1_608' title='bbox 1869 2372 1998 2442; x_wconf 87' lang='lat' dir='ltr'><strong>Dei,</strong></span> <span class='ocrx_word' id='word_1_609' title='bbox 2065 2392 2179 2445; x_wconf 80' lang='lat' dir='ltr'><strong>qute</strong></span> <span class='ocrx_word' id='word_1_610' title='bbox 2223 2388 2339 2430; x_wconf 89' lang='lat' dir='ltr'><strong>sunt</strong></span> <span class='ocrx_word' id='word_1_611' title='bbox 2389 2379 2443 2431; x_wconf 90' lang='lat' dir='ltr'><strong>in</strong></span> <span class='ocrx_word' id='word_1_612' title='bbox 2486 2377 2692 2433; x_wconf 82' lang='lat' dir='ltr'><strong>Judtea.</strong></span> <span class='ocrx_word' id='word_1_613' title='bbox 2762 2378 2878 2446; x_wconf 87' lang='lat' dir='ltr'><strong>Qua</strong></span> <span class='ocrx_word' id='word_1_614' title='bbox 2926 2380 2979 2435; x_wconf 91' lang='lat' dir='ltr'><strong>in</strong></span> <span class='ocrx_word' id='word_1_615' title='bbox 3025 2395 3087 2435; x_wconf 88' lang='lat' dir='ltr'><strong>re</strong></span> <span class='ocrx_word' id='word_1_616' title='bbox 3137 2380 3468 2436; x_wconf 87' lang='lat' dir='ltr'><strong>imitatores?</strong></span> 
     </span>
    </p>
   </div>
   <div class='ocr_carea' id='block_1_84' title="bbox 1872 2466 3469 2545">
    <p class='ocr_par' dir='ltr' id='par_1_84' title="bbox 1872 2466 3469 2545">
     <span class='ocr_line' id='line_1_84' title="bbox 1872 2466 3469 2545; baseline 0.003 -25"><span class='ocrx_word' id='word_1_617' title='bbox 1872 2466 2125 2532; x_wconf 84' lang='lat' dir='ltr'><strong>Quoniam</strong></span> <span class='ocrx_word' id='word_1_618' title='bbox 2168 2478 2215 2523; x_wconf 92' lang='lat' dir='ltr'><strong>et</strong></span> <span class='ocrx_word' id='word_1_619' title='bbox 2262 2486 2347 2524; x_wconf 84' lang='lat' dir='ltr'><strong>vos</strong></span> <span class='ocrx_word' id='word_1_620' title='bbox 2388 2470 2564 2524; x_wconf 89' lang='lat' dir='ltr'><strong>eadem</strong></span> <span class='ocrx_word' id='word_1_621' title='bbox 2612 2472 2729 2525; x_wconf 87' lang='lat' dir='ltr'><strong>estis</strong></span> <span class='ocrx_word' id='word_1_622' title='bbox 2756 2472 2979 2542; x_wconf 86' lang='lat' dir='ltr'><strong>perpessi</strong></span> <span class='ocrx_word' id='word_1_623' title='bbox 3026 2489 3058 2526; x_wconf 92' lang='lat' dir='ltr'><strong>a</strong></span> <span class='ocrx_word' id='word_1_624' title='bbox 3102 2475 3321 2545; x_wconf 86' lang='lat' dir='ltr'><strong>prapriis</strong></span> <span class='ocrx_word' id='word_1_625' title='bbox 3344 2489 3469 2526; x_wconf 88' lang='lat' dir='ltr'><strong>con-</strong></span> 
     </span>
    </p>
   </div>
   <div class='ocr_carea' id='block_1_85' title="bbox 1870 2560 3466 2640">
    <p class='ocr_par' dir='ltr' id='par_1_85' title="bbox 1870 2560 3466 2640">
     <span class='ocr_line' id='line_1_85' title="bbox 1870 2560 3466 2640; baseline 0.008 -27"><span class='ocrx_word' id='word_1_626' title='bbox 1870 2560 2178 2628; x_wconf 88' lang='lat' dir='ltr'><strong>tribulibus,</strong></span> <span class='ocrx_word' id='word_1_627' title='bbox 2238 2563 2368 2617; x_wconf 83' lang='lat' dir='ltr'><strong>sicut</strong></span> <span class='ocrx_word' id='word_1_628' title='bbox 2418 2573 2465 2617; x_wconf 89' lang='lat' dir='ltr'><strong>et</strong></span> <span class='ocrx_word' id='word_1_629' title='bbox 2506 2564 2587 2618; x_wconf 89' lang='lat' dir='ltr'><strong>illi</strong></span> <span class='ocrx_word' id='word_1_630' title='bbox 2627 2580 2661 2617; x_wconf 91' lang='lat' dir='ltr'><strong>a</strong></span> <span class='ocrx_word' id='word_1_631' title='bbox 2712 2562 2912 2619; x_wconf 80' lang='lat' dir='ltr'><strong>Judteis</strong></span> <span class='ocrx_word' id='word_1_632' title='bbox 2976 2564 3159 2638; x_wconf 85' lang='lat' dir='ltr'><strong>(Ibid.</strong></span> <span class='ocrx_word' id='word_1_633' title='bbox 3210 2568 3266 2623; x_wconf 73' lang='grc'><strong>2.</strong></span> <span class='ocrx_word' id='word_1_634' title='bbox 3332 2570 3400 2624; x_wconf 80' lang='grc'><strong>14</strong></span> <span class='ocrx_word' id='word_1_635' title='bbox 3424 2571 3466 2640; x_wconf 93' lang='grc'><strong>).</strong></span> 
     </span>
    </p>
   </div>
   <div class='ocr_carea' id='block_1_86' title="bbox 1872 2654 3469 2731">
    <p class='ocr_par' dir='ltr' id='par_1_86' title="bbox 1872 2654 3469 2731">
     <span class='ocr_line' id='line_1_86' title="bbox 1872 2654 3469 2731; baseline 0.005 -22"><span class='ocrx_word' id='word_1_636' title='bbox 1872 2654 2016 2710; x_wconf 88' lang='lat' dir='ltr'><strong>Ecce</strong></span> <span class='ocrx_word' id='word_1_637' title='bbox 2067 2655 2300 2722; x_wconf 91' lang='lat' dir='ltr'><strong>bellum,</strong></span> <span class='ocrx_word' id='word_1_638' title='bbox 2354 2656 2450 2711; x_wconf 91' lang='lat' dir='ltr'><strong>sed</strong></span> <span class='ocrx_word' id='word_1_639' title='bbox 2503 2655 2702 2712; x_wconf 91' lang='lat' dir='ltr'><strong>bellum</strong></span> <span class='ocrx_word' id='word_1_640' title='bbox 2759 2658 2949 2725; x_wconf 88' lang='lat' dir='ltr'><strong>civile,</strong></span> <span class='ocrx_word' id='word_1_641' title='bbox 3006 2659 3150 2729; x_wconf 91' lang='lat' dir='ltr'><strong>quod</strong></span> <span class='ocrx_word' id='word_1_642' title='bbox 3210 2660 3469 2731; x_wconf 89' lang='lat' dir='ltr'><strong>majorem</strong></span> 
     </span>
    </p>
   </div>
   <div class='ocr_carea' id='block_1_87' title="bbox 1872 2746 3470 2822">
    <p class='ocr_par' dir='ltr' id='par_1_87' title="bbox 1872 2746 3470 2822">
     <span class='ocr_line' id='line_1_87' title="bbox 1872 2746 3470 2822; baseline 0.004 -22"><span class='ocrx_word' id='word_1_643' title='bbox 1872 2746 1998 2803; x_wconf 89' lang='lat' dir='ltr'><strong>facit</strong></span> <span class='ocrx_word' id='word_1_644' title='bbox 2034 2748 2479 2818; x_wconf 90' lang='lat' dir='ltr'><strong>indignationem.</strong></span> <span class='ocrx_word' id='word_1_645' title='bbox 2539 2748 2602 2803; x_wconf 88' lang='lat' dir='ltr'><strong>Si</strong></span> <span class='ocrx_word' id='word_1_646' title='bbox 2647 2755 2781 2802; x_wconf 75' lang='lat' dir='ltr'><strong>enim</strong></span> <span class='ocrx_word' id='word_1_647' title='bbox 2832 2750 3070 2805; x_wconf 89' lang='lat' dir='ltr'><strong>inimicus</strong></span> <span class='ocrx_word' id='word_1_648' title='bbox 3118 2754 3470 2822; x_wconf 78' lang='lat' dir='ltr'><strong>exprobrasset</strong></span> 
     </span>
    </p>
   </div>
   <div class='ocr_carea' id='block_1_88' title="bbox 1870 2841 3467 2913">
    <p class='ocr_par' dir='ltr' id='par_1_88' title="bbox 1870 2841 3467 2913">
     <span class='ocr_line' id='line_1_88' title="bbox 1870 2841 3467 2913; baseline 0.004 -19"><span class='ocrx_word' id='word_1_649' title='bbox 1870 2841 2016 2908; x_wconf 90' lang='lat' dir='ltr'><strong>mihi,</strong></span> <span class='ocrx_word' id='word_1_650' title='bbox 2039 2842 2228 2913; x_wconf 91' lang='lat' dir='ltr'><strong>inquit,</strong></span> <span class='ocrx_word' id='word_1_651' title='bbox 2261 2842 2609 2897; x_wconf 83' lang='lat' dir='ltr'><strong>sustinuissent</strong></span> <span class='ocrx_word' id='word_1_652' title='bbox 2639 2844 2828 2912; x_wconf 86' lang='lat' dir='ltr'><strong>utique.</strong></span> <span class='ocrx_word' id='word_1_653' title='bbox 2861 2842 2938 2897; x_wconf 90' lang='lat' dir='ltr'><strong>Tu</strong></span> <span class='ocrx_word' id='word_1_654' title='bbox 2974 2861 3110 2910; x_wconf 83' lang='lat' dir='ltr'><strong>vero,</strong></span> <span class='ocrx_word' id='word_1_655' title='bbox 3158 2847 3308 2899; x_wconf 90' lang='lat' dir='ltr'><strong>homo</strong></span> <span class='ocrx_word' id='word_1_656' title='bbox 3339 2864 3467 2901; x_wconf 86' lang='lat' dir='ltr'><strong>una—</strong></span> 
     </span>
    </p>
   </div>
   <div class='ocr_carea' id='block_1_89' title="bbox 1871 2934 3466 3013">
    <p class='ocr_par' dir='ltr' id='par_1_89' title="bbox 1871 2934 3466 3013">
     <span class='ocr_line' id='line_1_89' title="bbox 1871 2934 3466 3013; baseline 0.006 -26"><span class='ocrx_word' id='word_1_657' title='bbox 1871 2934 2044 3003; x_wconf 85' lang='lat' dir='ltr'><strong>nimis,</strong></span> <span class='ocrx_word' id='word_1_658' title='bbox 2100 2934 2207 2989; x_wconf 79' lang='lat' dir='ltr'><strong>dua:</strong></span> <span class='ocrx_word' id='word_1_659' title='bbox 2234 2952 2373 2990; x_wconf 88' lang='lat' dir='ltr'><strong>meus</strong></span> <span class='ocrx_word' id='word_1_660' title='bbox 2414 2945 2462 2990; x_wconf 86' lang='lat' dir='ltr'><strong>et</strong></span> <span class='ocrx_word' id='word_1_661' title='bbox 2505 2946 2657 2989; x_wconf 86' lang='lat' dir='ltr'><strong>notus</strong></span> <span class='ocrx_word' id='word_1_662' title='bbox 2692 2952 2832 2989; x_wconf 87' lang='lat' dir='ltr'><strong>meus</strong></span> <span class='ocrx_word' id='word_1_663' title='bbox 2856 2934 3077 3007; x_wconf 89' lang='lat' dir='ltr'><strong>(Psalm.</strong></span> <span class='ocrx_word' id='word_1_664' title='bbox 3117 2939 3206 2993; x_wconf 78' lang='grc'><strong>54.</strong></span> <span class='ocrx_word' id='word_1_665' title='bbox 3237 2939 3466 3013; x_wconf 67' lang='lat'><strong>15.14);</strong></span> 
     </span>
    </p>
   </div>
   <div class='ocr_carea' id='block_1_90' title="bbox 1872 3024 3471 3101">
    <p class='ocr_par' dir='ltr' id='par_1_90' title="bbox 1872 3024 3471 3101">
     <span class='ocr_line' id='line_1_90' title="bbox 1872 3024 3471 3101; baseline 0.005 -22"><span class='ocrx_word' id='word_1_666' title='bbox 1872 3024 1925 3079; x_wconf 88' lang='lat' dir='ltr'><strong>id</strong></span> <span class='ocrx_word' id='word_1_667' title='bbox 1992 3024 2135 3095; x_wconf 90' lang='lat' dir='ltr'><strong>quod</strong></span> <span class='ocrx_word' id='word_1_668' title='bbox 2202 3034 2310 3080; x_wconf 93' lang='lat' dir='ltr'><strong>tum</strong></span> <span class='ocrx_word' id='word_1_669' title='bbox 2378 3026 2431 3081; x_wconf 93' lang='lat' dir='ltr'><strong>in</strong></span> <span class='ocrx_word' id='word_1_670' title='bbox 2502 3026 2670 3097; x_wconf 87' lang='lat' dir='ltr'><strong>figura</strong></span> <span class='ocrx_word' id='word_1_671' title='bbox 2728 3028 3089 3097; x_wconf 82' lang='lat' dir='ltr'><strong>contingebat.</strong></span> <span class='ocrx_word' id='word_1_672' title='bbox 3135 3030 3471 3101; x_wconf 86' lang='lat' dir='ltr'><strong>Quapropter</strong></span> 
     </span>
    </p>
   </div>
   <div class='ocr_carea' id='block_1_91' title="bbox 1872 3116 3467 3193">
    <p class='ocr_par' dir='ltr' id='par_1_91' title="bbox 1872 3116 3467 3193">
     <span class='ocr_line' id='line_1_91' title="bbox 1872 3116 3467 3193; baseline 0.004 -21"><span class='ocrx_word' id='word_1_673' title='bbox 1872 3117 2039 3172; x_wconf 90' lang='lat' dir='ltr'><strong>multa</strong></span> <span class='ocrx_word' id='word_1_674' title='bbox 2088 3133 2222 3187; x_wconf 91' lang='lat' dir='ltr'><strong>opus</strong></span> <span class='ocrx_word' id='word_1_675' title='bbox 2279 3116 2547 3173; x_wconf 87' lang='lat' dir='ltr'><strong>habebant</strong></span> <span class='ocrx_word' id='word_1_676' title='bbox 2610 3119 2995 3175; x_wconf 85' lang='lat' dir='ltr'><strong>consolatione.</strong></span> <span class='ocrx_word' id='word_1_677' title='bbox 3048 3121 3199 3189; x_wconf 92' lang='lat' dir='ltr'><strong>Quod</strong></span> <span class='ocrx_word' id='word_1_678' title='bbox 3254 3124 3467 3193; x_wconf 84' lang='lat' dir='ltr'><strong>quidem</strong></span> 
     </span>
    </p>
   </div>
   <div class='ocr_carea' id='block_1_92' title="bbox 1876 3210 3467 3283">
    <p class='ocr_par' dir='ltr' id='par_1_92' title="bbox 1876 3210 3467 3283">
     <span class='ocr_line' id='line_1_92' title="bbox 1876 3210 3467 3283; baseline 0.004 -18"><span class='ocrx_word' id='word_1_679' title='bbox 1876 3210 2070 3266; x_wconf 89' lang='lat' dir='ltr'><strong>Paulus</strong></span> <span class='ocrx_word' id='word_1_680' title='bbox 2122 3226 2246 3266; x_wconf 91' lang='lat' dir='ltr'><strong>cum</strong></span> <span class='ocrx_word' id='word_1_681' title='bbox 2289 3211 2525 3278; x_wconf 85' lang='lat' dir='ltr'><strong>videret,</strong></span> <span class='ocrx_word' id='word_1_682' title='bbox 2576 3227 2778 3283; x_wconf 87' lang='lat' dir='ltr'><strong>eosque</strong></span> <span class='ocrx_word' id='word_1_683' title='bbox 2823 3213 2913 3283; x_wconf 93' lang='lat' dir='ltr'><strong>qui</strong></span> <span class='ocrx_word' id='word_1_684' title='bbox 2964 3214 3028 3266; x_wconf 92' lang='lat' dir='ltr'><strong>ad</strong></span> <span class='ocrx_word' id='word_1_685' title='bbox 3077 3230 3227 3269; x_wconf 87' lang='lat' dir='ltr'><strong>suam</strong></span> <span class='ocrx_word' id='word_1_686' title='bbox 3281 3232 3467 3271; x_wconf 90' lang='lat' dir='ltr'><strong>curam</strong></span> 
     </span>
    </p>
   </div>
   <div class='ocr_carea' id='block_1_93' title="bbox 1873 3302 3468 3374">
    <p class='ocr_par' dir='ltr' id='par_1_93' title="bbox 1873 3302 3468 3374">
     <span class='ocr_line' id='line_1_93' title="bbox 1873 3302 3468 3374; baseline 0.002 -15"><span class='ocrx_word' id='word_1_687' title='bbox 1873 3302 2215 3374; x_wconf 86' lang='lat' dir='ltr'><strong>pertinebant</strong></span> <span class='ocrx_word' id='word_1_688' title='bbox 2285 3303 2533 3359; x_wconf 86' lang='lat' dir='ltr'><strong>laborare</strong></span> <span class='ocrx_word' id='word_1_689' title='bbox 2599 3319 2662 3360; x_wconf 88' lang='lat' dir='ltr'><strong>ac</strong></span> <span class='ocrx_word' id='word_1_690' title='bbox 2725 3304 2919 3359; x_wconf 89' lang='lat' dir='ltr'><strong>sudare</strong></span> <span class='ocrx_word' id='word_1_691' title='bbox 2982 3306 3468 3372; x_wconf 81' lang='lat' dir='ltr'><strong>animadverteret,</strong></span> 
     </span>
    </p>
   </div>
   <div class='ocr_carea' id='block_1_94' title="bbox 1873 3394 3472 3467">
    <p class='ocr_par' dir='ltr' id='par_1_94' title="bbox 1873 3394 3472 3467">
     <span class='ocr_line' id='line_1_94' title="bbox 1873 3394 3472 3467; baseline 0.005 -19"><span class='ocrx_word' id='word_1_692' title='bbox 1873 3394 2016 3465; x_wconf 90' lang='lat' dir='ltr'><strong>quod</strong></span> <span class='ocrx_word' id='word_1_693' title='bbox 2076 3396 2284 3465; x_wconf 85' lang='lat' dir='ltr'><strong>magnis</strong></span> <span class='ocrx_word' id='word_1_694' title='bbox 2339 3396 2732 3451; x_wconf 89' lang='lat' dir='ltr'><strong>calamitatibus</strong></span> <span class='ocrx_word' id='word_1_695' title='bbox 2785 3409 3157 3467; x_wconf 86' lang='lat' dir='ltr'><strong>gravarentur,</strong></span> <span class='ocrx_word' id='word_1_696' title='bbox 3226 3410 3282 3455; x_wconf 89' lang='lat' dir='ltr'><strong>et</strong></span> <span class='ocrx_word' id='word_1_697' title='bbox 3338 3402 3472 3456; x_wconf 87' lang='lat' dir='ltr'><strong>alias</strong></span> 
     </span>
    </p>
   </div>
   <div class='ocr_carea' id='block_1_95' title="bbox 1873 3479 3551 3564">
    <p class='ocr_par' dir='ltr' id='par_1_95' title="bbox 1873 3479 3551 3564">
     <span class='ocr_line' id='line_1_95' title="bbox 1873 3479 3551 3564; baseline 0.004 -21"><span class='ocrx_word' id='word_1_698' title='bbox 1873 3503 2035 3558; x_wconf 89' lang='lat' dir='ltr'><strong>super</strong></span> <span class='ocrx_word' id='word_1_699' title='bbox 2076 3489 2208 3542; x_wconf 86' lang='lat' dir='ltr'><strong>alias</strong></span> <span class='ocrx_word' id='word_1_700' title='bbox 2262 3487 2444 3558; x_wconf 88' lang='lat' dir='ltr'><strong>plagas</strong></span> <span class='ocrx_word' id='word_1_701' title='bbox 2500 3505 2643 3560; x_wconf 63' lang='lat' dir='ltr'><strong>aegre</strong></span> <span class='ocrx_word' id='word_1_702' title='bbox 2685 3490 3049 3558; x_wconf 88' lang='lat' dir='ltr'><strong>sustinerent,</strong></span> <span class='ocrx_word' id='word_1_703' title='bbox 3118 3492 3239 3548; x_wconf 87' lang='lat' dir='ltr'><strong>vide</strong></span> <span class='ocrx_word' id='word_1_704' title='bbox 3308 3509 3501 3564; x_wconf 64' lang='lat' dir='ltr'><strong>quam‘</strong></span> <span class='ocrx_word' id='word_1_705' title='bbox 3544 3479 3551 3485; x_wconf 58' lang='grc'><em>’</em></span> 
     </span>
    </p>
   </div>
   <div class='ocr_carea' id='block_1_96' title="bbox 1874 3579 3468 3655">
    <p class='ocr_par' dir='ltr' id='par_1_96' title="bbox 1874 3579 3468 3655">
     <span class='ocr_line' id='line_1_96' title="bbox 1874 3579 3468 3655; baseline 0.004 -23"><span class='ocrx_word' id='word_1_706' title='bbox 1874 3580 2038 3634; x_wconf 80' lang='lat' dir='ltr'><strong>variis</strong></span> <span class='ocrx_word' id='word_1_707' title='bbox 2085 3579 2258 3635; x_wconf 92' lang='lat' dir='ltr'><strong>modis</strong></span> <span class='ocrx_word' id='word_1_708' title='bbox 2300 3581 2511 3635; x_wconf 90' lang='lat' dir='ltr'><strong>animos</strong></span> <span class='ocrx_word' id='word_1_709' title='bbox 2557 3596 2745 3636; x_wconf 90' lang='lat' dir='ltr'><strong>eorum</strong></span> <span class='ocrx_word' id='word_1_710' title='bbox 2794 3584 3024 3647; x_wconf 76' lang='lat' dir='ltr'><strong>excitet,</strong></span> <span class='ocrx_word' id='word_1_711' title='bbox 3070 3600 3210 3639; x_wconf 91' lang='lat' dir='ltr'><strong>nunc</strong></span> <span class='ocrx_word' id='word_1_712' title='bbox 3254 3586 3468 3655; x_wconf 91' lang='lat' dir='ltr'><strong>quidem</strong></span> 
     </span>
    </p>
   </div>
   <div class='ocr_carea' id='block_1_97' title="bbox 1877 3670 3471 3746">
    <p class='ocr_par' dir='ltr' id='par_1_97' title="bbox 1877 3670 3471 3746">
     <span class='ocr_line' id='line_1_97' title="bbox 1877 3670 3471 3746; baseline 0.004 -21"><span class='ocrx_word' id='word_1_713' title='bbox 1877 3670 1962 3726; x_wconf 86' lang='lat' dir='ltr'><strong>his</strong></span> <span class='ocrx_word' id='word_1_714' title='bbox 1998 3672 2176 3727; x_wconf 76' lang='lat' dir='ltr'><strong>verbis</strong></span> <span class='ocrx_word' id='word_1_715' title='bbox 2229 3690 2242 3727; x_wconf 90' lang='lat'><strong>:</strong></span> <span class='ocrx_word' id='word_1_716' title='bbox 2300 3673 2364 3728; x_wconf 87' lang='lat' dir='ltr'><strong>Si</strong></span> <span class='ocrx_word' id='word_1_717' title='bbox 2411 3673 2614 3743; x_wconf 85' lang='lat' dir='ltr'><strong>quidem</strong></span> <span class='ocrx_word' id='word_1_718' title='bbox 2656 3675 2849 3742; x_wconf 78' lang='lat' dir='ltr'><strong>iustum</strong></span> <span class='ocrx_word' id='word_1_719' title='bbox 2887 3685 2960 3728; x_wconf 90' lang='lat' dir='ltr'><strong>est</strong></span> <span class='ocrx_word' id='word_1_720' title='bbox 3003 3676 3144 3746; x_wconf 88' lang='lat' dir='ltr'><strong>apud</strong></span> <span class='ocrx_word' id='word_1_721' title='bbox 3191 3676 3353 3731; x_wconf 79' lang='lat' dir='ltr'><strong>Deum</strong></span> <span class='ocrx_word' id='word_1_722' title='bbox 3399 3695 3471 3732; x_wconf 86' lang='lat' dir='ltr'><strong>re-</strong></span> 
     </span>
    </p>
   </div>
   <div class='ocr_carea' id='block_1_98' title="bbox 1876 3762 3472 3840">
    <p class='ocr_par' dir='ltr' id='par_1_98' title="bbox 1876 3762 3472 3840">
     <span class='ocr_line' id='line_1_98' title="bbox 1876 3762 3472 3840; baseline 0.004 -24"><span class='ocrx_word' id='word_1_723' title='bbox 1876 3762 2093 3817; x_wconf 88' lang='lat' dir='ltr'><strong>tribuere</strong></span> <span class='ocrx_word' id='word_1_724' title='bbox 2134 3763 2489 3819; x_wconf 88' lang='lat' dir='ltr'><strong>tribulantibus</strong></span> <span class='ocrx_word' id='word_1_725' title='bbox 2535 3779 2623 3818; x_wconf 83' lang='lat' dir='ltr'><strong>vos</strong></span> <span class='ocrx_word' id='word_1_726' title='bbox 2663 3765 3059 3831; x_wconf 87' lang='lat' dir='ltr'><strong>tribulationem,</strong></span> <span class='ocrx_word' id='word_1_727' title='bbox 3106 3776 3153 3820; x_wconf 85' lang='lat' dir='ltr'><strong>et</strong></span> <span class='ocrx_word' id='word_1_728' title='bbox 3197 3768 3333 3823; x_wconf 83' lang='lat' dir='ltr'><strong>vobis</strong></span> <span class='ocrx_word' id='word_1_729' title='bbox 3384 3772 3472 3840; x_wconf 89' lang='lat' dir='ltr'><strong>qui</strong></span> 
     </span>
    </p>
   </div>
   <div class='ocr_carea' id='block_1_99' title="bbox 1877 3852 3467 3932">
    <p class='ocr_par' dir='ltr' id='par_1_99' title="bbox 1877 3852 3467 3932">
     <span class='ocr_line' id='line_1_99' title="bbox 1877 3852 3467 3932; baseline 0.005 -26"><span class='ocrx_word' id='word_1_730' title='bbox 1877 3852 2207 3920; x_wconf 87' lang='lat' dir='ltr'><strong>tribulamini,</strong></span> <span class='ocrx_word' id='word_1_731' title='bbox 2268 3855 2491 3925; x_wconf 87' lang='lat' dir='ltr'><strong>requiem</strong></span> <span class='ocrx_word' id='word_1_732' title='bbox 2562 3856 2823 3909; x_wconf 91' lang='lat' dir='ltr'><strong>nobiscum</strong></span> <span class='ocrx_word' id='word_1_733' title='bbox 2877 3855 2951 3928; x_wconf 69' lang='grc'>(2.</span> <span class='ocrx_word' id='word_1_734' title='bbox 2996 3856 3173 3911; x_wconf 86' lang='lat' dir='ltr'><strong>Thess.</strong></span> <span class='ocrx_word' id='word_1_735' title='bbox 3206 3859 3257 3913; x_wconf 92' lang='grc'><strong>1.</strong></span> <span class='ocrx_word' id='word_1_736' title='bbox 3291 3859 3344 3913; x_wconf 90' lang='grc'><strong>6.</strong></span> <span class='ocrx_word' id='word_1_737' title='bbox 3376 3860 3467 3932; x_wconf 87' lang='lat'><strong>7):</strong></span> 
     </span>
    </p>
   </div>
   <div class='ocr_carea' id='block_1_100' title="bbox 1876 3945 3469 4018">
    <p class='ocr_par' dir='ltr' id='par_1_100' title="bbox 1876 3945 3469 4018">
     <span class='ocr_line' id='line_1_100' title="bbox 1876 3945 3469 4018; baseline 0.003 -18"><span class='ocrx_word' id='word_1_738' title='bbox 1876 3961 2019 4002; x_wconf 87' lang='lat' dir='ltr'><strong>nunc</strong></span> <span class='ocrx_word' id='word_1_739' title='bbox 2067 3962 2195 4001; x_wconf 81' lang='lat' dir='ltr'><strong>vero</strong></span> <span class='ocrx_word' id='word_1_740' title='bbox 2240 3946 2323 4001; x_wconf 89' lang='lat' dir='ltr'><strong>his</strong></span> <span class='ocrx_word' id='word_1_741' title='bbox 2367 3965 2380 4002; x_wconf 88' lang='lat'><strong>:</strong></span> <span class='ocrx_word' id='word_1_742' title='bbox 2420 3945 2672 4001; x_wconf 87' lang='lat' dir='ltr'><strong>Dominus</strong></span> <span class='ocrx_word' id='word_1_743' title='bbox 2711 3965 2869 4018; x_wconf 85' lang='lat' dir='ltr'><strong>prope</strong></span> <span class='ocrx_word' id='word_1_744' title='bbox 2912 3958 3027 4014; x_wconf 88' lang='lat' dir='ltr'><strong>est,</strong></span> <span class='ocrx_word' id='word_1_745' title='bbox 3076 3951 3203 4003; x_wconf 87' lang='lat' dir='ltr'><strong>nihil</strong></span> <span class='ocrx_word' id='word_1_746' title='bbox 3260 3952 3469 4006; x_wconf 86' lang='lat' dir='ltr'><strong>solliciti</strong></span> 
     </span>
    </p>
   </div>
   <div class='ocr_carea' id='block_1_101' title="bbox 1877 4038 3473 4110">
    <p class='ocr_par' dir='ltr' id='par_1_101' title="bbox 1877 4038 3473 4110">
     <span class='ocr_line' id='line_1_101' title="bbox 1877 4038 3473 4110; baseline 0.004 -17"><span class='ocrx_word' id='word_1_747' title='bbox 1877 4040 1987 4094; x_wconf 88' lang='lat' dir='ltr'><strong>sitis</strong></span> <span class='ocrx_word' id='word_1_748' title='bbox 2037 4038 2292 4110; x_wconf 85' lang='lat' dir='ltr'><strong>(Philipp.</strong></span> <span class='ocrx_word' id='word_1_749' title='bbox 2324 4040 2378 4094; x_wconf 76' lang='grc'><strong>4.</strong></span> <span class='ocrx_word' id='word_1_750' title='bbox 2423 4040 2477 4096; x_wconf 83' lang='grc'><strong>5.</strong></span> <span class='ocrx_word' id='word_1_751' title='bbox 2519 4040 2594 4109; x_wconf 86' lang='grc'>6).</span> <span class='ocrx_word' id='word_1_752' title='bbox 2625 4042 2703 4094; x_wconf 83' lang='lat' dir='ltr'><strong>Ac</strong></span> <span class='ocrx_word' id='word_1_753' title='bbox 2740 4056 2974 4106; x_wconf 90' lang='lat' dir='ltr'><strong>rursum,</strong></span> <span class='ocrx_word' id='word_1_754' title='bbox 3025 4041 3202 4097; x_wconf 88' lang='lat' dir='ltr'><strong>Nolite</strong></span> <span class='ocrx_word' id='word_1_755' title='bbox 3244 4045 3473 4101; x_wconf 87' lang='lat' dir='ltr'><strong>amittere</strong></span> 
     </span>
    </p>
   </div>
   <div class='ocr_carea' id='block_1_102' title="bbox 1878 4131 3473 4206">
    <p class='ocr_par' dir='ltr' id='par_1_102' title="bbox 1878 4131 3473 4206">
     <span class='ocr_line' id='line_1_102' title="bbox 1878 4131 3473 4206; baseline 0.006 -23"><span class='ocrx_word' id='word_1_756' title='bbox 1878 4131 2234 4201; x_wconf 82' lang='lat' dir='ltr'><strong>conﬁdentiam</strong></span> <span class='ocrx_word' id='word_1_757' title='bbox 2285 4142 2547 4187; x_wconf 84' lang='lat' dir='ltr'><strong>vestram:</strong></span> <span class='ocrx_word' id='word_1_758' title='bbox 2581 4150 2700 4187; x_wconf 89' lang='lat' dir='ltr'><strong>nam</strong></span> <span class='ocrx_word' id='word_1_759' title='bbox 2734 4135 2979 4205; x_wconf 87' lang='lat' dir='ltr'><strong>patientia</strong></span> <span class='ocrx_word' id='word_1_760' title='bbox 3007 4152 3135 4205; x_wconf 90' lang='lat' dir='ltr'><strong>opus</strong></span> <span class='ocrx_word' id='word_1_761' title='bbox 3163 4136 3373 4206; x_wconf 90' lang='lat' dir='ltr'><strong>habetis,</strong></span> <span class='ocrx_word' id='word_1_762' title='bbox 3418 4149 3473 4194; x_wconf 91' lang='lat' dir='ltr'><strong>ut</strong></span> 
     </span>
    </p>
   </div>
   <div class='ocr_carea' id='block_1_103' title="bbox 1879 4224 3471 4299">
    <p class='ocr_par' dir='ltr' id='par_1_103' title="bbox 1879 4224 3471 4299">
     <span class='ocr_line' id='line_1_103' title="bbox 1879 4224 3471 4299; baseline 0.008 -22"><span class='ocrx_word' id='word_1_763' title='bbox 1879 4224 1977 4277; x_wconf 91' lang='lat' dir='ltr'><strong>Dei</strong></span> <span class='ocrx_word' id='word_1_764' title='bbox 2044 4226 2350 4278; x_wconf 81' lang='lat' dir='ltr'><strong>voluntatem</strong></span> <span class='ocrx_word' id='word_1_765' title='bbox 2421 4226 2692 4296; x_wconf 86' lang='lat' dir='ltr'><strong>facientes,</strong></span> <span class='ocrx_word' id='word_1_766' title='bbox 2764 4229 3029 4299; x_wconf 87' lang='lat' dir='ltr'><strong>reportetis</strong></span> <span class='ocrx_word' id='word_1_767' title='bbox 3090 4233 3471 4299; x_wconf 87' lang='lat' dir='ltr'><strong>promissionem</strong></span> 
     </span>
    </p>
   </div>
   <div class='ocr_carea' id='block_1_104' title="bbox 1878 4316 3473 4391">
    <p class='ocr_par' dir='ltr' id='par_1_104' title="bbox 1878 4316 3473 4391">
     <span class='ocr_line' id='line_1_104' title="bbox 1878 4316 3473 4391; baseline 0.008 -22"><span class='ocrx_word' id='word_1_768' title='bbox 1878 4316 2067 4387; x_wconf 84' lang='lat' dir='ltr'><strong>(Hebr.</strong></span> <span class='ocrx_word' id='word_1_769' title='bbox 2122 4318 2209 4373; x_wconf 85' lang='lat' dir='ltr'><strong>l0.</strong></span> <span class='ocrx_word' id='word_1_770' title='bbox 2251 4319 2340 4373; x_wconf 79' lang='grc'><strong>55.</strong></span> <span class='ocrx_word' id='word_1_771' title='bbox 2392 4317 2505 4391; x_wconf 79' lang='lat'><strong>56).</strong></span> <span class='ocrx_word' id='word_1_772' title='bbox 2538 4318 2738 4374; x_wconf 89' lang='lat' dir='ltr'><strong>Deinde</strong></span> <span class='ocrx_word' id='word_1_773' title='bbox 2776 4320 2842 4374; x_wconf 90' lang='lat' dir='ltr'><strong>ad</strong></span> <span class='ocrx_word' id='word_1_774' title='bbox 2880 4321 3187 4390; x_wconf 89' lang='lat' dir='ltr'><strong>patientiam</strong></span> <span class='ocrx_word' id='word_1_775' title='bbox 3220 4339 3312 4379; x_wconf 92' lang='lat' dir='ltr'><strong>eos</strong></span> <span class='ocrx_word' id='word_1_776' title='bbox 3335 4340 3473 4381; x_wconf 80' lang='lat' dir='ltr'><strong>con-</strong></span> 
     </span>
    </p>
   </div>
   <div class='ocr_carea' id='block_1_105' title="bbox 1880 4406 3472 4480">
    <p class='ocr_par' dir='ltr' id='par_1_105' title="bbox 1880 4406 3472 4480">
     <span class='ocr_line' id='line_1_105' title="bbox 1880 4406 3472 4480; baseline 0.006 -20"><span class='ocrx_word' id='word_1_777' title='bbox 1880 4406 2101 4461; x_wconf 87' lang='lat' dir='ltr'><strong>firmans</strong></span> <span class='ocrx_word' id='word_1_778' title='bbox 2126 4407 2389 4462; x_wconf 88' lang='lat' dir='ltr'><strong>subinfert</strong></span> <span class='ocrx_word' id='word_1_779' title='bbox 2420 4425 2434 4461; x_wconf 88' lang='lat'><strong>:</strong></span> <span class='ocrx_word' id='word_1_780' title='bbox 2462 4408 2643 4462; x_wconf 82' lang='lat' dir='ltr'><strong>Adhuc</strong></span> <span class='ocrx_word' id='word_1_781' title='bbox 2671 4410 2805 4462; x_wconf 88' lang='lat' dir='ltr'><strong>enint</strong></span> <span class='ocrx_word' id='word_1_782' title='bbox 2834 4412 3086 4464; x_wconf 88' lang='lat' dir='ltr'><strong>modicum</strong></span> <span class='ocrx_word' id='word_1_783' title='bbox 3103 4413 3472 4480; x_wconf 85' lang='lat' dir='ltr'><strong>aliquantulum</strong></span> 
     </span>
    </p>
   </div>
   <div class='ocr_carea' id='block_1_106' title="bbox 1879 4502 3469 4579">
    <p class='ocr_par' dir='ltr' id='par_1_106' title="bbox 1879 4502 3469 4579">
     <span class='ocr_line' id='line_1_106' title="bbox 1879 4502 3469 4579; baseline 0.007 -26"><span class='ocrx_word' id='word_1_784' title='bbox 1879 4502 1965 4570; x_wconf 90' lang='lat' dir='ltr'><strong>qui</strong></span> <span class='ocrx_word' id='word_1_785' title='bbox 2012 4511 2249 4555; x_wconf 78' lang='lat' dir='ltr'><strong>uenturus</strong></span> <span class='ocrx_word' id='word_1_786' title='bbox 2295 4511 2364 4555; x_wconf 88' lang='lat' dir='ltr'><strong>est</strong></span> <span class='ocrx_word' id='word_1_787' title='bbox 2417 4503 2597 4567; x_wconf 83' lang='lat' dir='ltr'><strong>veniet,</strong></span> <span class='ocrx_word' id='word_1_788' title='bbox 2623 4512 2668 4555; x_wconf 90' lang='lat' dir='ltr'><strong>et</strong></span> <span class='ocrx_word' id='word_1_789' title='bbox 2697 4518 2799 4556; x_wconf 89' lang='lat' dir='ltr'><strong>non</strong></span> <span class='ocrx_word' id='word_1_790' title='bbox 2831 4503 3051 4558; x_wconf 82' lang='lat' dir='ltr'><strong>tardabit</strong></span> <span class='ocrx_word' id='word_1_791' title='bbox 3092 4504 3250 4576; x_wconf 86' lang='lat' dir='ltr'><strong>(Ibid.</strong></span> <span class='ocrx_word' id='word_1_792' title='bbox 3276 4524 3323 4561; x_wconf 85' lang='grc' dir='ltr'><strong>υ.</strong></span> <span class='ocrx_word' id='word_1_793' title='bbox 3352 4508 3469 4579; x_wconf 81' lang='grc'>57).</span> 
     </span>
    </p>
   </div>
   <div class='ocr_carea' id='block_1_107' title="bbox 1879 4592 3470 4665">
    <p class='ocr_par' dir='ltr' id='par_1_107' title="bbox 1879 4592 3470 4665">
     <span class='ocr_line' id='line_1_107' title="bbox 1879 4592 3470 4665; baseline 0.004 -17"><span class='ocrx_word' id='word_1_794' title='bbox 1879 4592 2030 4649; x_wconf 88' lang='lat' dir='ltr'><strong>Sicut</strong></span> <span class='ocrx_word' id='word_1_795' title='bbox 2095 4593 2377 4663; x_wconf 88' lang='lat' dir='ltr'><strong>puerulum</strong></span> <span class='ocrx_word' id='word_1_796' title='bbox 2450 4593 2787 4664; x_wconf 92' lang='lat' dir='ltr'><strong>plorantem,</strong></span> <span class='ocrx_word' id='word_1_797' title='bbox 2871 4597 3098 4651; x_wconf 90' lang='lat' dir='ltr'><strong>moleste</strong></span> <span class='ocrx_word' id='word_1_798' title='bbox 3175 4601 3470 4665; x_wconf 84' lang='lat' dir='ltr'><strong>ferentem,</strong></span> 
     </span>
    </p>
   </div>
   <div class='ocr_carea' id='block_1_108' title="bbox 1882 4686 3475 4761">
    <p class='ocr_par' dir='ltr' id='par_1_108' title="bbox 1882 4686 3475 4761">
     <span class='ocr_line' id='line_1_108' title="bbox 1882 4686 3475 4761; baseline 0.006 -22"><span class='ocrx_word' id='word_1_799' title='bbox 1882 4695 2213 4755; x_wconf 88' lang='lat' dir='ltr'><strong>matremque</strong></span> <span class='ocrx_word' id='word_1_800' title='bbox 2260 4700 2409 4739; x_wconf 91' lang='lat' dir='ltr'><strong>suam</strong></span> <span class='ocrx_word' id='word_1_801' title='bbox 2461 4686 2843 4756; x_wconf 89' lang='lat' dir='ltr'><strong>requirentem,</strong></span> <span class='ocrx_word' id='word_1_802' title='bbox 2888 4689 3131 4745; x_wconf 78' lang='lat' dir='ltr'><strong>assidens</strong></span> <span class='ocrx_word' id='word_1_803' title='bbox 3168 4691 3359 4761; x_wconf 86' lang='lat' dir='ltr'><strong>aliquis</strong></span> <span class='ocrx_word' id='word_1_804' title='bbox 3394 4694 3475 4750; x_wconf 73' lang='lat' dir='ltr'><strong>sic</strong></span> 
     </span>
    </p>
   </div>
   <div class='ocr_carea' id='block_1_109' title="bbox 1881 4775 3473 4848">
    <p class='ocr_par' dir='ltr' id='par_1_109' title="bbox 1881 4775 3473 4848">
     <span class='ocr_line' id='line_1_109' title="bbox 1881 4775 3473 4848; baseline 0.004 -19"><span class='ocrx_word' id='word_1_805' title='bbox 1881 4775 2188 4830; x_wconf 89' lang='lat' dir='ltr'><strong>consolatur</strong></span> <span class='ocrx_word' id='word_1_806' title='bbox 2232 4793 2245 4829; x_wconf 89' lang='lat'><strong>:</strong></span> <span class='ocrx_word' id='word_1_807' title='bbox 2291 4775 2569 4846; x_wconf 85' lang='lat' dir='ltr'><strong>Paulisper</strong></span> <span class='ocrx_word' id='word_1_808' title='bbox 2616 4777 2795 4832; x_wconf 90' lang='lat' dir='ltr'><strong>adhuc</strong></span> <span class='ocrx_word' id='word_1_809' title='bbox 2835 4789 3110 4848; x_wconf 79' lang='lat' dir='ltr'><strong>exspecta,</strong></span> <span class='ocrx_word' id='word_1_810' title='bbox 3158 4791 3214 4835; x_wconf 92' lang='lat' dir='ltr'><strong>et</strong></span> <span class='ocrx_word' id='word_1_811' title='bbox 3253 4782 3473 4836; x_wconf 84' lang='lat' dir='ltr'><strong>omnino</strong></span> 
     </span>
    </p>
   </div>
   <div class='ocr_carea' id='block_1_110' title="bbox 1884 4866 3475 4943">
    <p class='ocr_par' dir='ltr' id='par_1_110' title="bbox 1884 4866 3475 4943">
     <span class='ocr_line' id='line_1_110' title="bbox 1884 4866 3475 4943; baseline 0.004 -23"><span class='ocrx_word' id='word_1_812' title='bbox 1884 4877 1971 4920; x_wconf 91' lang='lat' dir='ltr'><strong>tua</strong></span> <span class='ocrx_word' id='word_1_813' title='bbox 2023 4876 2193 4922; x_wconf 88' lang='lat' dir='ltr'><strong>mater</strong></span> <span class='ocrx_word' id='word_1_814' title='bbox 2245 4866 2418 4921; x_wconf 87' lang='lat' dir='ltr'><strong>aderit</strong></span> <span class='ocrx_word' id='word_1_815' title='bbox 2468 4886 2481 4921; x_wconf 90' lang='lat'><strong>:</strong></span> <span class='ocrx_word' id='word_1_816' title='bbox 2532 4868 2604 4922; x_wconf 90' lang='lat' dir='ltr'><strong>ita</strong></span> <span class='ocrx_word' id='word_1_817' title='bbox 2641 4869 2801 4924; x_wconf 92' lang='lat' dir='ltr'><strong>etiam</strong></span> <span class='ocrx_word' id='word_1_818' title='bbox 2848 4869 3063 4934; x_wconf 88' lang='lat' dir='ltr'><strong>Paulus,</strong></span> <span class='ocrx_word' id='word_1_819' title='bbox 3110 4871 3297 4927; x_wconf 88' lang='lat' dir='ltr'><strong>videns</strong></span> <span class='ocrx_word' id='word_1_820' title='bbox 3333 4888 3475 4943; x_wconf 62' lang='lat' dir='ltr'><strong>aegre</strong></span> 
     </span>
    </p>
   </div>
   <div class='ocr_carea' id='block_1_111' title="bbox 1884 4958 3472 5032">
    <p class='ocr_par' dir='ltr' id='par_1_111' title="bbox 1884 4958 3472 5032">
     <span class='ocr_line' id='line_1_111' title="bbox 1884 4958 3472 5032; baseline 0.003 -19"><span class='ocrx_word' id='word_1_821' title='bbox 1884 4958 2139 5026; x_wconf 88' lang='lat' dir='ltr'><strong>ferentes,</strong></span> <span class='ocrx_word' id='word_1_822' title='bbox 2195 4967 2626 5027; x_wconf 86' lang='lat' dir='ltr'><strong>conquerentes,</strong></span> <span class='ocrx_word' id='word_1_823' title='bbox 2682 4960 2969 5016; x_wconf 87' lang='lat' dir='ltr'><strong>adventum</strong></span> <span class='ocrx_word' id='word_1_824' title='bbox 3028 4961 3226 5018; x_wconf 86' lang='lat' dir='ltr'><strong>Christi</strong></span> <span class='ocrx_word' id='word_1_825' title='bbox 3287 4974 3472 5032; x_wconf 80' lang='lat' dir='ltr'><strong>requi-</strong></span> 
     </span>
    </p>
   </div>
   <div class='ocr_carea' id='block_1_112' title="bbox 1882 5052 3469 5125">
    <p class='ocr_par' dir='ltr' id='par_1_112' title="bbox 1882 5052 3469 5125">
     <span class='ocr_line' id='line_1_112' title="bbox 1882 5052 3469 5125; baseline 0.001 -18"><span class='ocrx_word' id='word_1_826' title='bbox 1882 5062 2064 5125; x_wconf 88' lang='lat' dir='ltr'><strong>rentes</strong></span> <span class='ocrx_word' id='word_1_827' title='bbox 2113 5052 2228 5122; x_wconf 89' lang='lat' dir='ltr'><strong>ejus</strong></span> <span class='ocrx_word' id='word_1_828' title='bbox 2283 5054 2538 5122; x_wconf 89' lang='lat' dir='ltr'><strong>temporis</strong></span> <span class='ocrx_word' id='word_1_829' title='bbox 2587 5053 2774 5109; x_wconf 90' lang='lat' dir='ltr'><strong>ﬁdeles</strong></span> <span class='ocrx_word' id='word_1_830' title='bbox 2820 5064 3038 5125; x_wconf 92' lang='lat' dir='ltr'><strong>propter</strong></span> <span class='ocrx_word' id='word_1_831' title='bbox 3081 5055 3469 5113; x_wconf 89' lang='lat' dir='ltr'><strong>intolerabilem</strong></span> 
     </span>
    </p>
   </div>
   <div class='ocr_carea' id='block_1_113' title="bbox 1884 5145 3474 5209">
    <p class='ocr_par' dir='ltr' id='par_1_113' title="bbox 1884 5145 3474 5209">
     <span class='ocr_line' id='line_1_113' title="bbox 1884 5145 3474 5209; baseline 0.003 -11"><span class='ocrx_word' id='word_1_832' title='bbox 1884 5145 2145 5198; x_wconf 89' lang='lat' dir='ltr'><strong>malorum</strong></span> <span class='ocrx_word' id='word_1_833' title='bbox 2192 5146 2322 5209; x_wconf 89' lang='lat' dir='ltr'><strong>vim,</strong></span> <span class='ocrx_word' id='word_1_834' title='bbox 2369 5145 2741 5200; x_wconf 89' lang='lat' dir='ltr'><strong>consolaturus</strong></span> <span class='ocrx_word' id='word_1_835' title='bbox 2796 5145 2917 5200; x_wconf 89' lang='lat' dir='ltr'><strong>illos</strong></span> <span class='ocrx_word' id='word_1_836' title='bbox 2963 5146 3093 5201; x_wconf 92' lang='lat' dir='ltr'><strong>dicit</strong></span> <span class='ocrx_word' id='word_1_837' title='bbox 3121 5166 3134 5202; x_wconf 89' lang='lat'>:</span> <span class='ocrx_word' id='word_1_838' title='bbox 3162 5148 3342 5204; x_wconf 82' lang='lat' dir='ltr'><strong>Adhuc</strong></span> <span class='ocrx_word' id='word_1_839' title='bbox 3366 5165 3474 5202; x_wconf 87' lang='lat' dir='ltr'><strong>mo-</strong></span> 
     </span>
    </p>
   </div>
   <div class='ocr_carea' id='block_1_114' title="bbox 1885 5237 3480 5309">
    <p class='ocr_par' dir='ltr' id='par_1_114' title="bbox 1885 5237 3480 5309">
     <span class='ocr_line' id='line_1_114' title="bbox 1885 5237 3480 5309; baseline 0.006 -21"><span class='ocrx_word' id='word_1_840' title='bbox 1885 5237 2054 5289; x_wconf 88' lang='lat' dir='ltr'><strong>dicum</strong></span> <span class='ocrx_word' id='word_1_841' title='bbox 2080 5237 2453 5307; x_wconf 86' lang='lat' dir='ltr'><strong>aliquantulum</strong></span> <span class='ocrx_word' id='word_1_842' title='bbox 2478 5238 2564 5308; x_wconf 87' lang='lat' dir='ltr'><strong>qui</strong></span> <span class='ocrx_word' id='word_1_843' title='bbox 2590 5248 2827 5292; x_wconf 80' lang='lat' dir='ltr'><strong>venturus</strong></span> <span class='ocrx_word' id='word_1_844' title='bbox 2851 5248 2924 5293; x_wconf 87' lang='lat' dir='ltr'><strong>est</strong></span> <span class='ocrx_word' id='word_1_845' title='bbox 2949 5241 3129 5309; x_wconf 86' lang='lat' dir='ltr'><strong>veniet,</strong></span> <span class='ocrx_word' id='word_1_846' title='bbox 3170 5250 3216 5295; x_wconf 84' lang='lat' dir='ltr'><strong>et</strong></span> <span class='ocrx_word' id='word_1_847' title='bbox 3244 5259 3346 5296; x_wconf 89' lang='lat' dir='ltr'><strong>non</strong></span> <span class='ocrx_word' id='word_1_848' title='bbox 3376 5251 3480 5298; x_wconf 85' lang='lat' dir='ltr'><strong>tar-</strong></span> 
     </span>
    </p>
   </div>
   <div class='ocr_carea' id='block_1_115' title="bbox 1883 5328 2042 5383">
    <p class='ocr_par' dir='ltr' id='par_1_115' title="bbox 1883 5328 2042 5383">
     <span class='ocr_line' id='line_1_115' title="bbox 1883 5328 2042 5383; baseline 0 -1"><span class='ocrx_word' id='word_1_849' title='bbox 1883 5328 2042 5383; x_wconf 88' lang='lat' dir='ltr'><strong>dabit.</strong></span> 
     </span>
    </p>
   </div>
   <div class='ocr_carea' id='block_1_116' title="bbox 1960 5423 3478 5496">
    <p class='ocr_par' dir='ltr' id='par_1_116' title="bbox 1960 5423 3478 5496">
     <span class='ocr_line' id='line_1_116' title="bbox 1960 5423 3478 5496; baseline 0 -17"><span class='ocrx_word' id='word_1_850' title='bbox 1960 5424 2015 5479; x_wconf 86' lang='lat'><strong>6.</strong></span> <span class='ocrx_word' id='word_1_851' title='bbox 2058 5423 2303 5479; x_wconf 87' lang='lat' dir='ltr'><strong>Doctores</strong></span> <span class='ocrx_word' id='word_1_852' title='bbox 2351 5424 2455 5494; x_wconf 87' lang='lat' dir='ltr'><strong>ipsi</strong></span> <span class='ocrx_word' id='word_1_853' title='bbox 2507 5424 2709 5495; x_wconf 80' lang='lat' dir='ltr'><strong>gravius</strong></span> <span class='ocrx_word' id='word_1_854' title='bbox 2754 5425 2954 5496; x_wconf 82' lang='lat' dir='ltr'><strong>afﬂicti.</strong></span> <span class='ocrx_word' id='word_1_855' title='bbox 2996 5454 3066 5465; x_wconf 91' lang='lat'><strong>-—</strong></span> <span class='ocrx_word' id='word_1_856' title='bbox 3107 5424 3289 5496; x_wconf 85' lang='lat' dir='ltr'><strong>Itaque</strong></span> <span class='ocrx_word' id='word_1_857' title='bbox 3337 5426 3478 5495; x_wconf 86' lang='lat' dir='ltr'><strong>quod</strong></span> 
     </span>
    </p>
   </div>
   <div class='ocr_carea' id='block_1_117' title="bbox 1886 5517 3473 5588">
    <p class='ocr_par' dir='ltr' id='par_1_117' title="bbox 1886 5517 3473 5588">
     <span class='ocr_line' id='line_1_117' title="bbox 1886 5517 3473 5588; baseline -0.002 -15"><span class='ocrx_word' id='word_1_858' title='bbox 1886 5517 2132 5588; x_wconf 89' lang='lat' dir='ltr'><strong>discipuli</strong></span> <span class='ocrx_word' id='word_1_859' title='bbox 2174 5517 2557 5588; x_wconf 81' lang='lat' dir='ltr'><strong>affligerentur,</strong></span> <span class='ocrx_word' id='word_1_860' title='bbox 2600 5528 2655 5572; x_wconf 88' lang='lat' dir='ltr'><strong>et</strong></span> <span class='ocrx_word' id='word_1_861' title='bbox 2699 5517 2926 5586; x_wconf 92' lang='lat' dir='ltr'><strong>plurima</strong></span> <span class='ocrx_word' id='word_1_862' title='bbox 2970 5518 3109 5572; x_wconf 89' lang='lat' dir='ltr'><strong>mala</strong></span> <span class='ocrx_word' id='word_1_863' title='bbox 3150 5525 3473 5585; x_wconf 85' lang='lat' dir='ltr'><strong>paterentur,</strong></span> 
     </span>
    </p>
   </div>
   <div class='ocr_carea' id='block_1_118' title="bbox 1895 5608 3477 5679">
    <p class='ocr_par' dir='ltr' id='par_1_118' title="bbox 1895 5608 3477 5679">
     <span class='ocr_line' id='line_1_118' title="bbox 1895 5608 3477 5679; baseline -0.001 -15"><span class='ocrx_word' id='word_1_864' title='bbox 1895 5617 1950 5664; x_wconf 91' lang='lat' dir='ltr'><strong>et</strong></span> <span class='ocrx_word' id='word_1_865' title='bbox 2001 5609 2139 5665; x_wconf 90' lang='lat' dir='ltr'><strong>sicut</strong></span> <span class='ocrx_word' id='word_1_866' title='bbox 2192 5610 2314 5679; x_wconf 87' lang='lat' dir='ltr'><strong>agni</strong></span> <span class='ocrx_word' id='word_1_867' title='bbox 2370 5609 2425 5664; x_wconf 90' lang='lat' dir='ltr'><strong>in</strong></span> <span class='ocrx_word' id='word_1_868' title='bbox 2484 5608 2665 5664; x_wconf 90' lang='lat' dir='ltr'><strong>medio</strong></span> <span class='ocrx_word' id='word_1_869' title='bbox 2716 5610 2962 5679; x_wconf 83' lang='lat' dir='ltr'><strong>luporum</strong></span> <span class='ocrx_word' id='word_1_870' title='bbox 3012 5609 3248 5679; x_wconf 89' lang='lat' dir='ltr'><strong>undique</strong></span> <span class='ocrx_word' id='word_1_871' title='bbox 3296 5622 3477 5677; x_wconf 84' lang='lat' dir='ltr'><strong>perse-</strong></span> 
     </span>
    </p>
   </div>
   <div class='ocr_carea' id='block_1_119' title="bbox 1894 5695 3493 5772">
    <p class='ocr_par' dir='ltr' id='par_1_119' title="bbox 1894 5695 3493 5772">
     <span class='ocr_line' id='line_1_119' title="bbox 1894 5695 3493 5772; baseline 0.003 -17"><span class='ocrx_word' id='word_1_872' title='bbox 1894 5702 2206 5772; x_wconf 89' lang='lat' dir='ltr'><strong>quutionem</strong></span> <span class='ocrx_word' id='word_1_873' title='bbox 2251 5695 2597 5767; x_wconf 89' lang='lat' dir='ltr'><strong>sustinerent,</strong></span> <span class='ocrx_word' id='word_1_874' title='bbox 2645 5716 2743 5771; x_wconf 90' lang='lat' dir='ltr'><strong>per</strong></span> <span class='ocrx_word' id='word_1_875' title='bbox 2791 5700 2905 5756; x_wconf 77' lang='lat' dir='ltr'><strong>haec</strong></span> <span class='ocrx_word' id='word_1_876' title='bbox 2945 5701 3076 5756; x_wconf 84' lang='lat' dir='ltr'><strong>satis</strong></span> <span class='ocrx_word' id='word_1_877' title='bbox 3117 5708 3369 5770; x_wconf 89' lang='lat' dir='ltr'><strong>apparet;</strong></span> <span class='ocrx_word' id='word_1_878' title='bbox 3421 5720 3493 5762; x_wconf 86' lang='lat' dir='ltr'><strong>ut</strong></span> 
     </span>
    </p>
   </div>
   <div class='ocr_carea' id='block_1_120' title="bbox 1895 5789 3493 5859">
    <p class='ocr_par' dir='ltr' id='par_1_120' title="bbox 1895 5789 3493 5859">
     <span class='ocr_line' id='line_1_120' title="bbox 1895 5789 3493 5859; baseline -0.002 -12"><span class='ocrx_word' id='word_1_879' title='bbox 1895 5803 2072 5848; x_wconf 89' lang='lat' dir='ltr'><strong>autem</strong></span> <span class='ocrx_word' id='word_1_880' title='bbox 2134 5793 2349 5859; x_wconf 86' lang='lat' dir='ltr'><strong>sciatis,</strong></span> <span class='ocrx_word' id='word_1_881' title='bbox 2395 5795 2556 5850; x_wconf 90' lang='lat' dir='ltr'><strong>etiam</strong></span> <span class='ocrx_word' id='word_1_882' title='bbox 2607 5792 2855 5849; x_wconf 90' lang='lat' dir='ltr'><strong>doctores</strong></span> <span class='ocrx_word' id='word_1_883' title='bbox 2912 5808 3019 5848; x_wconf 92' lang='lat' dir='ltr'><strong>non</strong></span> <span class='ocrx_word' id='word_1_884' title='bbox 3078 5792 3317 5856; x_wconf 90' lang='lat' dir='ltr'><strong>minora,</strong></span> <span class='ocrx_word' id='word_1_885' title='bbox 3377 5789 3493 5845; x_wconf 68' lang='lat' dir='ltr'><strong>imi</strong></span> 
     </span>
    </p>
   </div>
   <div class='ocr_carea' id='block_1_121' title="bbox 1899 5872 3490 5958">
    <p class='ocr_par' dir='ltr' id='par_1_121' title="bbox 1899 5872 3490 5958">
     <span class='ocr_line' id='line_1_121' title="bbox 1899 5872 3490 5958; baseline -0.005 -19"><span class='ocrx_word' id='word_1_886' title='bbox 1899 5901 2031 5942; x_wconf 89' lang='lat' dir='ltr'><strong>vero</strong></span> <span class='ocrx_word' id='word_1_887' title='bbox 2079 5886 2248 5943; x_wconf 88' lang='lat' dir='ltr'><strong>multo</strong></span> <span class='ocrx_word' id='word_1_888' title='bbox 2293 5886 2540 5958; x_wconf 82' lang='lat' dir='ltr'><strong>graviora</strong></span> <span class='ocrx_word' id='word_1_889' title='bbox 2596 5872 2914 5943; x_wconf 82' lang='lat' dir='ltr'><strong>sustinuisse</strong></span> <span class='ocrx_word' id='word_1_890' title='bbox 2958 5885 3119 5957; x_wconf 86' lang='lat' dir='ltr'><strong>(nam</strong></span> <span class='ocrx_word' id='word_1_891' title='bbox 3166 5899 3271 5955; x_wconf 93' lang='lat' dir='ltr'><strong>quo</strong></span> <span class='ocrx_word' id='word_1_892' title='bbox 3314 5880 3490 5955; x_wconf 75' lang='lat' dir='ltr'><strong>magis</strong></span> 
     </span>
    </p>
   </div>
   <div class='ocr_carea' id='block_1_122' title="bbox 267 6042 2401 6115">
    <p class='ocr_par' dir='ltr' id='par_1_122' title="bbox 267 6042 2401 6115">
     <span class='ocr_line' id='line_1_122' title="bbox 267 6042 2401 6115; baseline 0 -21"><span class='ocrx_word' id='word_1_893' title='bbox 267 6052 293 6080; x_wconf 78' lang='grc' dir='ltr'>ι</span> <span class='ocrx_word' id='word_1_894' title='bbox 323 6042 450 6095; x_wconf 71' lang='lat' dir='ltr'><strong>Vide</strong></span> <span class='ocrx_word' id='word_1_895' title='bbox 476 6043 609 6096; x_wconf 88' lang='lat' dir='ltr'><strong>hunc</strong></span> <span class='ocrx_word' id='word_1_896' title='bbox 635 6045 794 6095; x_wconf 87' lang='lat' dir='ltr'><strong>locum</strong></span> <span class='ocrx_word' id='word_1_897' title='bbox 820 6042 1047 6097; x_wconf 86' lang='lat' dir='ltr'><strong>secundis</strong></span> <span class='ocrx_word' id='word_1_898' title='bbox 1076 6045 1207 6106; x_wconf 82' lang='lat' dir='ltr'><strong>curis</strong></span> <span class='ocrx_word' id='word_1_899' title='bbox 1230 6053 1546 6100; x_wconf 71' lang='lat' dir='ltr'><strong>retractatum</strong></span> <span class='ocrx_word' id='word_1_900' title='bbox 1573 6044 1621 6097; x_wconf 85' lang='lat' dir='ltr'><strong>in</strong></span> <span class='ocrx_word' id='word_1_901' title='bbox 1650 6047 1843 6099; x_wconf 70' lang='lat' dir='ltr'><strong>Fuerat.</strong></span> <span class='ocrx_word' id='word_1_902' title='bbox 1873 6045 2019 6115; x_wconf 84' lang='lat' dir='ltr'><strong>hujus</strong></span> <span class='ocrx_word' id='word_1_903' title='bbox 2047 6046 2181 6108; x_wconf 77' lang='lat' dir='ltr'><strong>torni,</strong></span> <span class='ocrx_word' id='word_1_904' title='bbox 2206 6046 2298 6096; x_wconf 84' lang='lat' dir='ltr'><strong>col.</strong></span> <span class='ocrx_word' id='word_1_905' title='bbox 2328 6044 2401 6096; x_wconf 67' lang='lat' dir='ltr'><strong>tt.</strong></span> 
     </span>
    </p>
   </div>
  </div>
