3990 6358
515 352 621 407 2‘35

516 465 763 521 inimicos
786 462 1029 519 veritatis
1058 458 1465 524 contristabant,
1495 474 1561 515 eo
1590 458 1757 529 magis
1786 464 1841 513 et
1872 472 1901 511 a
1932 455 2101 527 pluri-

430 596 445 607 .
516 564 617 613 bus
675 551 1141 624 infestabantur).
1208 553 1308 607 hoc
1351 565 1562 621 quoque
1620 548 1690 604 ab
1734 547 1960 614 eodem,
2016 546 2108 619 qui

516 649 800 717 superiora
849 660 948 701 nos
1005 644 1217 709 docuit,
1267 643 1566 697 audiemus.
1614 641 1904 697 Corinthiis
1966 641 2107 696 enim

515 742 779 807 scribens,
821 740 898 795 sic
945 738 1177 807 loquitur
1208 753 1220 788 :
1256 734 1466 790 Nemini
1494 735 1671 789 dantes
1693 732 1853 787 ullam
1880 732 2109 786 occasio-

520 850 657 907 nem,
704 843 760 889 ut
808 850 911 887 non
953 832 1263 900 vituperetur
1302 827 1635 881 ministerium
1685 835 1909 880 nostrum
1955 840 1974 879 :
2021 824 2109 877 sed

518 926 570 978 in
605 923 835 979 omnibus
884 923 1167 989 exhibentes
1216 918 1577 989 nosmetipsos,
1631 917 1759 970 sicut
1796 914 1896 969 Dei
1956 915 2109 968 mini-

517 1028 685 1085 stros,
709 1018 760 1069 in
793 1017 949 1069 multa
978 1013 1238 1085 patientia,
1270 1014 1323 1065 in
1354 1010 1734 1081 afﬂictionibus,
1767 1011 1818 1062 in
1841 1009 2111 1061 necessita-

522 1109 681 1173 tibus,
712 1109 763 1177 in
789 1107 1056 1181 angustiis,
1084 1105 1137 1161 in
1168 1103 1352 1179 magis,
1374 1103 1426 1155 in
1451 1100 1753 1167 carceribus,
1777 1102 1829 1153 in
1854 1100 2113 1153 seditioni-

519 1199 631 1264 bus,
655 1200 704 1252 in
727 1198 1002 1262 laboribus,
1030 1197 1081 1249 in
1107 1194 1308 1268 vigiliis,
1338 1193 1389 1247 in
1406 1192 1622 1263 jejuniis
1650 1191 1727 1261 (2.
1749 1190 1865 1245 Cor.
1888 1190 1938 1244 ϐ.
1959 1190 2105 1259 5-5).

525 1290 769 1345 Vidistin’
818 1300 946 1360 quot
994 1286 1285 1353 certamina
1330 1284 1741 1344 enmncravcrit,
1784 1296 1941 1353 quam
1988 1295 2109 1334 cre-

522 1380 646 1436 hras
674 1370 1031 1451 mutationes?
1077 1378 1307 1449 Rursum
1337 1373 1540 1430 eisdem
1566 1373 1830 1437 scribens,
1887 1370 2112 1425 Ministri

521 1474 709 1531 Christi
745 1482 883 1538 sunt,
929 1471 1117 1542 inquit,
1162 1477 1212 1529 ut
1255 1469 1419 1522 minus
1456 1467 1659 1537 sapiens
1690 1466 1824 1533 dico,
1872 1462 1986 1534 plus
2020 1479 2111 1535 ego

527 1552 602 1647 (2.
630 1568 749 1623 Cor.
780 1567 867 1622 11.
898 1566 1011 1637 25).
1063 1562 1264 1627 Deinde
1317 1562 1501 1615 volens
1549 1560 1704 1614 nobis
1750 1558 2107 1630 persuadere,

530 1662 692 1720 multo
719 1658 1054 1729 praestantius
1083 1670 1202 1711 esse
1229 1661 1446 1726 propter
1466 1652 1737 1705 Christum
1763 1648 1924 1718 afﬂigi
1953 1664 2111 1718 quam

523 1752 761 1825 prodigia
793 1748 987 1814 facere,
1017 1758 1069 1803 et
1093 1747 1461 1819 probationem
1488 1745 1733 1799 adferens
1760 1740 2109 1812 apostolatus,

520 1846 915 1921 ostendensque
964 1857 1023 1913 se
1071 1838 1460 1917 printerendum
1513 1852 1633 1893 esse
1678 1836 1817 1905 aliis,
1851 1852 1954 1889 non
1984 1850 2114 1921 apo-

522 1938 697 2015 stolis,
742 1926 838 1989 sed
889 1931 1404 2012 pseudo—apostolis,
1456 1946 1559 1985 non
1598 1945 1627 1984 a
1687 1928 1957 1995 miraculis
2016 1942 2115 1998 per

522 2044 582 2084 se
623 2028 781 2085 editis
831 2020 1270 2101 argutiientatur,
1340 2021 1433 2077 sed
1477 2032 1506 2075 a
1552 2021 1821 2076 continuis
1864 2018 2113 2090 periculis

523 2122 576 2195 in
619 2123 812 2194 quibus
865 2120 1197 2193 versabatur,
1242 2119 1294 2193 in
1343 2117 1487 2195 hunc
1538 2116 1754 2172 modum
1808 2116 2049 2171 scribens
2093 2129 2111 2169 :

522 2216 589 2291 la
645 2213 897 2269 laboribus
938 2212 1212 2281 copiosius,
1256 2213 1308 2266 in
1347 2210 1627 2269 verberibus
1676 2227 1833 2278 supra
1884 2209 2108 2277 modum,

519 2307 576 2365 in
627 2306 913 2361 carceribus
958 2305 1323 2373 abundantius,
1375 2304 1430 2359 in
1480 2304 1725 2377 mortibus
1779 2306 2111 2375 frequenter:

518 2416 553 2453 α
601 2398 800 2453 ludatis
850 2397 1111 2468 quinquies
1157 2396 1509 2468 quadragenas
1558 2412 1661 2448 una
1707 2395 1873 2447 minus
1916 2393 2107 2463 accepi,

519 2502 597 2545 ter
638 2491 791 2562 virgis
844 2506 1001 2544 cwsus
1047 2505 1178 2553 sum,
1229 2487 1381 2553 semel
1408 2487 1667 2556 lapidatus
1692 2502 1827 2553 sum,
1872 2496 1947 2540 ter
1976 2503 2107 2547 nau-

520 2585 742 2658 fragium
792 2583 907 2653 feci,
954 2592 1097 2636 nocte
1149 2597 1210 2637 ac
1261 2581 1341 2634 die
1383 2581 1436 2637 in
1490 2580 1743 2653 profundo
1781 2581 1861 2652 egi
1888 2581 1986 2633 :in
2028 2581 2110 2633 iti-

520 2678 721 2733 neribus
765 2692 919 2747 swpe,
962 2675 1015 2728 in
1065 2674 1300 2745 periculis
1336 2674 1628 2743 ﬂuminum,
1677 2673 1911 2743 periculis
1952 2673 2113 2727 latro-

518 2785 685 2834 num,
758 2767 995 2837 periculis
1051 2782 1113 2825 ea:
1162 2781 1371 2837 genere,
1440 2764 1680 2836 periculis
1732 2781 1795 2819 ex
1838 2763 2108 2834 gentibus,

518 2860 753 2933 periculis
800 2860 854 2913 in
887 2858 1127 2922 civitate,
1184 2854 1422 2935 periculis
1467 2856 1520 2908 in
1572 2855 1768 2909 deserto
1795 2897 1810 2921 ,
1873 2856 2111 2927 periculis

516 2954 570 3007 in
617 2952 784 3019 mari,
827 2952 1063 3021 periculis
1105 2950 1160 3003 in
1219 2950 1363 3020 falsis
1406 2948 1649 3021 fratribus
1696 2963 1716 3001 :
1760 2950 1812 3001 in
1854 2946 2025 3002 labore
2062 2956 2111 3013 et

519 3044 773 3109 molestia,
829 3044 883 3097 in
936 3043 1123 3112 vigiliis
1172 3058 1347 3111 sirpe,
1404 3043 1455 3094 in
1509 3043 1644 3114 fame
1693 3050 1739 3107 et
1779 3040 1882 3102 siti,
1912 3041 1966 3093 in
2010 3040 2107 3111 fri-

515 3152 637 3208 gore
678 3144 725 3188 et
789 3134 1049 3200 nuditate,
1103 3143 1285 3202 prater
1330 3131 1423 3185 illa
1471 3147 1583 3199 quia
1634 3131 1942 3184 extrinsecus
1988 3139 2109 3185 sunt

516 3223 648 3296 (Ib.
685 3225 753 3277 ad
798 3241 845 3279 υ.
886 3224 959 3278 28
981 3232 1023 3296 f.
1072 3222 1135 3276 lli
1193 3231 1316 3275 sunt
1362 3221 1474 3275 veri
1534 3222 1861 3290 apostolatus
1915 3222 2109 3276 chara—

513 3323 707 3370 eteres.
742 3313 985 3384 Prodigia
1009 3312 1269 3383 siquidem
1306 3322 1360 3365 et
1385 3312 1475 3365 alii
1517 3326 1661 3380 smpe
1686 3311 1964 3378 fecerunt,
2008 3327 2107 3367 nec

516 3409 596 3463 eis
634 3405 825 3461 fecisse
866 3404 1084 3474 profuit,
1134 3404 1231 3458 sed
1273 3412 1393 3473 post
1435 3404 1615 3457 omnia
1650 3404 1737 3459 illa
1764 3403 2105 3469 audiverunt,

516 3496 787 3560 Recedite,
859 3513 961 3549 non
1003 3496 1118 3549 novi
1167 3511 1253 3549 vos
1310 3496 1395 3565 qui
1448 3494 1732 3564 operamini
1792 3495 2107 3565 iniquitatem

516 3588 733 3662 (Matth.
784 3589 839 3643 7.
882 3586 979 3657 23)
1010 3604 1024 3640 :
1056 3602 1217 3641 nemo
1242 3602 1370 3641 vero
1401 3584 1587 3641 eorum
1630 3586 1722 3657 qui
1757 3586 1945 3642 eadem
1987 3603 2107 3662 quae

516 3679 713 3735 Paulus
736 3694 1160 3734 commemorare
1188 3688 1433 3748 possunt,
1463 3694 1648 3733 vocem
1680 3679 1824 3734 illam
1853 3658 2105 3750 umquam

512 3780 600 3826 est
644 3770 923 3825 auditurus
969 3788 984 3825 :
1033 3786 1216 3825 verum
1269 3786 1391 3824 cum
1436 3784 1628 3839 magna
1676 3770 1867 3825 ﬁducia
1912 3771 2104 3826 caelum

510 3862 874 3929 conscendet,
943 3861 1204 3933 bonisque
1255 3861 1556 3916 ea-lestibus
1617 3840 1925 3931 pei'lruetur
1979 3864 2103 3918 uni-

512 3971 701 4010 \‘chlS.

585 4046 638 4099 τ.
679 4045 931 4100 Fortasse
974 4043 1234 4112 prolixior
1278 4043 1419 4097 visus
1467 4051 1551 4098 est
1592 4043 1746 4098 vobis
1784 4058 1963 4100 sermo
2006 4060 2104 4100 no-

508 4146 625 4193 ster
669 4154 683 4192 :
730 4136 823 4191 sed
864 4150 931 4188 ne
972 4135 1089 4190 sitis
1131 4133 1380 4199 solliciti;
1422 4149 1529 4188 non
1568 4150 1685 4189 sum
1730 4135 1930 4190 oblitus
1976 4152 2103 4207 pro-

509 4228 800 4295 missionis,
842 4226 934 4281 sed
977 4226 1154 4280 statim
1190 4226 1257 4279 ad
1302 4226 1445 4279 illam
1483 4234 1743 4281 revertar.
1773 4225 1899 4282 llaec
1922 4238 2101 4283 autem

511 4339 618 4377 non
681 4330 883 4376 temere
935 4318 1159 4389 longiori
1208 4318 1451 4375 oratione
1511 4322 1819 4390 prosequuti
1879 4336 2097 4390 sumus,

508 4413 607 4468 sed
643 4422 702 4467 ut
730 4412 1001 4483 prolixiori
1030 4412 1311 4465 verborum
1358 4420 1615 4481 apparatu
1648 4412 1843 4467 certius
1884 4428 1947 4468 ac
1985 4414 2100 4467 cla-

508 4505 622 4559 rius
673 4502 971 4557 doctrinam
1024 4512 1261 4555 nostram
1313 4502 1764 4570 approbaremus,
1835 4505 2099 4576 simulque

506 4594 825 4650 alllictorum
889 4593 1096 4647 animas
1155 4592 1585 4659 consolarentur,
1638 4603 1699 4647 ut
1746 4605 2006 4666 quotquot
2043 4597 2098 4652 in

506 4690 755 4762 periculis
802 4697 1081 4742 versantur
1120 4694 1176 4741 et
1225 4686 1627 4753 teutationibus,
1666 4687 1911 4743 idoneam
1957 4691 2096 4745 nacti

504 4785 928 4840 conisolationem
976 4779 1274 4845 discedant,
1328 4780 1558 4835 scientes
1601 4781 1741 4850 quod
1781 4782 1910 4836 socii
1947 4781 2095 4837 Pauli

505 4895 602 4951 per
635 4878 730 4933 has
759 4877 1075 4931 afﬁictiones
1102 4872 1422 4937 efﬁciantur,
1466 4874 1574 4927 imo
1600 4888 1725 4927 vero
1752 4874 1917 4941 ipsius
1941 4873 2097 4929 Chri-

504 4982 572 5025 sti
624 4970 930 5040 angelorum
973 4965 1182 5021 Domini
1220 4980 1234 5017 :
1276 4966 1364 5035 qui
1392 4975 1569 5019 autem
1601 4963 1947 5020 afﬁictionum
1976 4967 2094 5035 ejus

506 5061 773 5131 particeps
824 5069 908 5115 est
942 5060 995 5112 in
1048 5057 1151 5111 hoc
1196 5055 1416 5120 saeculo,
1460 5056 1512 5109 in
1548 5056 1639 5110 illo
1678 5055 1945 5127 particeps
1989 5058 2096 5113 erit

504 5165 665 5205 etiam
715 5151 929 5220 gloriae;
1003 5150 1079 5204 ait
1128 5148 1269 5203 enim
1314 5165 1328 5202 :
1371 5146 1431 5202 Si
1473 5148 1673 5218 quidem
1723 5151 2087 5221 compatimur,

506 5252 559 5294 ut
612 5250 659 5295 et
706 5242 1145 5312 congloriﬁcemur
1194 5238 1372 5309 (Rom.
1401 5240 1455 5294 8.
1488 5241 1607 5310 l7);
1654 5255 1716 5293 ac
1743 5256 1951 5293 rursum
1986 5257 1998 5293 :
2030 5241 2091 5296 Si

503 5332 830 5399 sustinemus,
870 5342 926 5387 ut
968 5334 1123 5399 simul
1149 5334 1302 5388 etiam
1327 5349 1588 5403 regnemus
1623 5332 1697 5403 (2.
1726 5332 1860 5387 Tim.
1888 5334 1943 5386 2.
1972 5335 2085 5403 12).

502 5424 738 5481 Omnino
786 5426 929 5480 enim
975 5442 1195 5483 necesse
1248 5436 1364 5493 est,
1416 5436 1472 5481 ut
1520 5427 1754 5482 fidelium
1802 5444 1969 5497 genus
2005 5428 2087 5482 af-

503 5519 825 5574 ﬂictionibus
863 5528 1136 5587 prematur
1170 5537 1184 5572 :
1215 5518 1402 5574 Omnes
1443 5521 1574 5573 enim
1602 5521 1690 5591 qui
1721 5522 1892 5574 volunt
1922 5522 2006 5590 pie
2033 5523 2087 5575 in

503 5610 703 5663 Christo
748 5609 928 5675 vivere,
980 5612 1413 5681 persequutionem
1452 5613 1707 5681 patientur
1765 5613 1841 5679 (2.
1872 5613 2003 5667 Tim.
2029 5616 2083 5668 5.

504 5701 633 5765 l2);
680 5716 742 5756 ac
786 5716 998 5756 rursum
1028 5719 1044 5758 :
1074 5701 1216 5770 Fili,
1261 5703 1385 5757 dum
1426 5705 1622 5759 accedis
1663 5704 1731 5758 ad
1770 5708 2085 5761 serviendum

506 5787 758 5863 Domino,
810 5810 1045 5867 prwpara
1103 5799 1324 5850 annnam
1386 5806 1523 5851 tuam
1580 5799 1647 5853 ad
1715 5809 2078 5865 tentattoncm;

1260 343 1320 403 8.
1360 341 1639 402 JOANNIS
1676 338 2156 400 CHRYSOSTOMI
2196 340 2512 402 ARClllEP.
2557 343 3090 404 CONSTANTINOP.

3688 358 3791 417 296

2219 465 2353 511 recte
2398 462 2502 530 fac,
2553 470 2599 514 et
2636 476 2895 530 persevera
2948 460 3133 530 (Eccli.
3166 460 3220 516 2.
3252 458 3325 531 l).
3364 459 3526 517 Bella:
3578 463 3803 532 promis-

2217 540 2421 616 sio'nes,
2470 552 2647 605 statim
2691 553 2758 605 ab
2805 551 3027 607 exordio
3072 552 3126 606 in
3170 552 3493 629 tentatioucs
3524 552 3804 606 incidere?

2218 640 2426 710 egregia
2474 658 2600 696 vero
2643 643 2953 698 exhortatio
2986 653 3040 697 et
3079 643 3301 712 insignis
3347 643 3643 698 consolatio
3687 646 3802 713 ejus

2218 733 2537 797 servitutis,
2594 735 2826 803 pericula
2886 732 3167 789 confestim
3224 734 3549 805 degustare?
3623 733 3801 789 Plana:

2219 827 2431 896 egregia
2485 827 2640 881 simul
2693 837 2748 881 et
2800 827 3131 894 admiranda,
3173 835 3229 881 et
3278 826 3567 882 maximum
3599 828 3801 882 lucrmu

2216 914 2485 972 adferens.
2543 918 2821 986 Quodnam
2879 918 3048 975 illud?
3094 918 3229 973 Audi
3281 934 3402 989 qua:
3452 930 3799 989 sequuntur:

2220 1007 2364 1062 Sicut
2409 1010 2540 1063 enim
2599 1010 2654 1064 in
2705 1012 2820 1082 igne
2868 1011 3111 1081 probatur
3152 1027 3373 1077 aurum,
3437 1011 3511 1065 sic
3577 1012 3803 1065 homines

2215 1106 2409 1173 accepti
2437 1104 2488 1157 in
2515 1106 2721 1176 fornace
2749 1090 3037 1159 tentationis
3067 1102 3254 1175 (Eccli.
3297 1103 3355 1161 2.
3384 1104 3463 1176 5).
3507 1103 3659 1172 Quod
3702 1120 3800 1159 au-

2219 1204 2323 1250 tem
2352 1197 2479 1251 dicit
2506 1200 2582 1251 sic
2608 1197 2792 1267 accipe
2831 1214 2845 1252 :
2878 1197 3016 1263 sicut
3052 1211 3241 1252 aurum
3283 1195 3406 1268 igne
3442 1195 3800 1252 examinatum

2220 1292 2405 1360 purius
2462 1290 2723 1353 redditur,
2793 1290 2904 1360 pari
2974 1288 3135 1346 modo
3190 1290 3352 1344 etiam
3399 1289 3609 1354 anima,
3682 1305 3803 1360 qua:

2220 1384 2361 1437 inter
2403 1382 2718 1437 amictioncs
2759 1392 3003 1437 versatur
3052 1397 3115 1436 ac
3168 1381 3434 1453 pericula,
3484 1381 3701 1437 hilarior
3742 1398 3803 1438 ac

2217 1475 2545 1548 Splendidior
2593 1493 2687 1551 per
2726 1478 2813 1531 illa
2855 1478 3053 1543 evadit,
3105 1491 3428 1546 omnemque
3468 1487 3801 1545 peccatorum

2218 1572 2478 1625 maculam
2506 1571 2779 1643 abstergit.
2825 1571 2960 1626 Hinc
3005 1579 3087 1626 est
3134 1568 3276 1640 quod
3304 1570 3369 1622 ad
3410 1568 3627 1627 divitem
3657 1568 3803 1622 illum

2216 1661 2427 1718 diccbat
2474 1663 2741 1718 Abraham
2796 1680 2810 1718 :
2858 1661 3089 1717 Lazarus
3130 1662 3316 1731 recepit
3358 1660 3490 1714 mala
3540 1678 3632 1714 sua
3676 1676 3695 1714 :
3724 1661 3805 1713 hic

2216 1764 2384 1831 autem
2422 1754 2810 1809 consolationem
2839 1754 3016 1824 recipit
3054 1752 3207 1824 (Luc.
3240 1752 3330 1808 16.
3355 1751 3469 1820 25).
3504 1752 3582 1805 Ac
3610 1749 3804 1804 Paulus

2217 1847 2506 1903 Corinthiis
2535 1849 2777 1903 scribens
2821 1848 2947 1902 dicit
2980 1865 2993 1903 :
3032 1845 3249 1927 PrOpter
3271 1845 3364 1899 hoc
3389 1844 3518 1898 inter
3543 1860 3631 1897 eos
3661 1844 3806 1895 inulti

2216 1940 2487 1997 imbecilles
2533 1950 2580 1993 et
2624 1939 2852 2001 invalidi,
2904 1948 2950 2015 et
2998 1938 3255 1992 dormiunt
3295 1935 3463 1989 multi.
3519 1934 3719 1988 Etenim
3761 1934 3807 1987 si

2218 2050 2309 2111 nos
2350 2034 2489 2107 ipsos
2550 2033 2976 2106 dijudicaremus,
3038 2048 3140 2085 non
3190 2031 3362 2100 utique
3397 2028 3750 2101 iudicaremur
3786 2041 3807 2079 :

2216 2134 2269 2177 at
2310 2141 2424 2178 cum
2467 2122 2767 2194 judicamur
2821 2139 2852 2174 a
2892 2119 3112 2189 Domino
3168 2108 3506 2192 corripimur,
3568 2134 3633 2171 ne
3696 2133 3805 2170 cum

2218 2219 2405 2271 mundo
2450 2219 2751 2279 damnemur
2776 2216 2853 2284 (l.
2885 2216 3001 2269 Cor.
3038 2216 3121 2270 ll.
3164 2212 3388 2283 30-52).
3439 2212 3578 2279 Quin
3614 2221 3668 2265 et
3704 2211 3807 2263 for-

2218 2313 2507 2367 uicatorcm
2556 2310 2704 2364 illum
2754 2308 2852 2364 huc
2892 2308 2957 2363 de
3001 2323 3159 2363 causa
3192 2305 3409 2360 tradidit
3447 2304 3501 2358 in
3536 2303 3805 2357 interitum

2216 2404 2412 2468 carnis,
2446 2411 2504 2459 ut
2529 2404 2746 2472 spiritus
2776 2401 2956 2455 salvus
2982 2399 3137 2455 ﬁeret
3180 2400 3260 2468 (1.
3289 2396 3409 2453 Cor.
3445 2397 3499 2453 5.
3530 2397 3607 2463 5),
3632 2406 3806 2451 osten-

2215 2495 2349 2549 dens
2378 2492 2627 2563 pra-senti
2657 2493 2947 2545 teutatioue
2982 2490 3209 2544 salutem
3254 2486 3455 2556 perﬁci,
3490 2495 3544 2539 et
3575 2485 3806 2555 pericula

2216 2589 2301 2651 iis,
2342 2587 2431 2656 qui
2469 2601 2590 2643 cum
2626 2587 2915 2656 gratiarum
2956 2585 3165 2637 actione
3204 2582 3433 2636 subeunt
3473 2579 3584 2642 illa,
3618 2579 3809 2631 anima:

2218 2678 2585 2748 purgationem
2615 2693 2735 2731 esse
2776 2677 3085 2730 maximam.
3116 2672 3299 2743 Itaque
3319 2670 3458 2742 quod
3488 2669 3809 2724 afﬁictiones

2215 2768 2533 2839 pertulerint
2563 2767 2769 2834 ﬁdeles,
2801 2774 2854 2821 et
2882 2767 3188 2820 innumeras
3210 2762 3541 2818 calamitates
3584 2770 3695 2813 tam
3726 2761 3809 2815 di-

2214 2861 2403 2930 scipuli
2466 2875 2623 2929 quam
2676 2858 2967 2924 doctores,
3026 2872 3088 2912 ac
3140 2870 3207 2909 ne
3252 2854 3531 2908 minimum
3593 2851 3807 2922 quidem

2217 2952 2634 3022 respiraverint,
2692 2951 2852 3006 variis
2898 2949 3133 3005 omnium
3165 2961 3417 3017 generum
3461 2943 3619 2999 bellis
3648 2942 3807 2997 undi-

2214 3060 2318 3114 que
2377 3043 2724 3109 circumdati,
2767 3042 2897 3097 satis
2943 3040 3027 3094 hic
3067 3049 3247 3093 noster
3292 3050 3471 3092 sermo
3496 3034 3806 3095 declaravit,

2213 3148 2268 3191 et
2309 3136 2460 3207 plura
2511 3134 2671 3190 etiam
2727 3133 2794 3188 de
2851 3131 2953 3187 hoc
3005 3139 3061 3186 et
3113 3128 3280 3185 sacris
3334 3126 3536 3183 Literis
3584 3125 3808 3181 studiosi

2211 3229 2462 3299 colligere
2504 3236 2748 3296 possunt.

2284 3319 2337 3373 8.
2378 3318 2638 3387 Superest
2680 3325 2739 3370 ut
2776 3314 2891 3368 hazc
2930 3313 2997 3367 ad
3044 3308 3377 3381 pr0positum
3424 3318 3678 3362 nostrum
3726 3307 3807 3361 ad-

2210 3412 2489 3467 ducamus.
2532 3409 2671 3478 Quid
2706 3416 2884 3463 autem
2932 3418 3385 3476 proposueramus
3428 3402 3658 3457 dicere?
3697 3400 3806 3467 Qua

2211 3505 2279 3560 de
2325 3519 2485 3559 causa
2528 3500 2724 3558 Paulus
2793 3499 3013 3561 dixerit,
3062 3495 3315 3550 Habentes
3366 3494 3600 3548 eumdem
3645 3493 3807 3562 Spiri-

2210 3607 2315 3651 tum
2368 3596 2507 3667 ﬁdei.
2570 3596 2677 3652 Cur
2728 3595 2888 3664 igitur
2954 3592 3123 3646 dixit?
3176 3588 3451 3645 Turbabat
3502 3589 3609 3643 hoc
3653 3588 3808 3642 disci-

2212 3692 2385 3763 pulos,
2433 3688 2576 3761 quod
2615 3688 2797 3759 gravia
2848 3685 3062 3758 quidem
3113 3684 3166 3737 in
3220 3696 3281 3737 re
3322 3682 3577 3753 praesenti
3615 3696 3807 3753 exper—

2212 3784 2488 3846 iebantur,
2551 3781 2690 3835 bona
2744 3793 2874 3833 vero
2918 3792 3013 3847 spe
3057 3774 3231 3831 solum
3276 3772 3687 3843 concipiebant,
3754 3782 3805 3825 et

2211 3874 2296 3928 illa
2347 3873 2562 3944 quidem
2602 3872 2713 3939 jam
2763 3870 3025 3931 aderant,
3100 3867 3213 3921 huic
3286 3864 3442 3934 longe
3492 3863 3802 3927 distabant;

2210 3967 2297 4020 illa
2343 3964 2450 4034 jam
2514 3960 2930 4032 contingebant,
2996 3959 3117 4013 hrec
3182 3955 3356 4011 adhuc
3420 3955 3801 4025 sperabantur.

2207 4056 2342 4123 Quid
2393 4053 2583 4108 mirum
2625 4051 2669 4106 si
2714 4052 2864 4106 initio
2907 4047 3299 4120 prmdicationis
3340 4044 3663 4116 quibusdam
3707 4043 3801 4098 hoe

2209 4163 2306 4201 usu
2346 4144 2611 4210 veniebat,
2651 4140 3081 4214 quandoquidem
3115 4153 3257 4193 nunc
3284 4145 3405 4207 post
3434 4145 3645 4190 tantum
3676 4146 3802 4190 tem-

2208 4239 2351 4311 poris
2398 4236 2649 4307 spatium,
2710 4218 2832 4313 post
2860 4232 3293 4304 praedicationem
3335 4239 3451 4285 toto
3498 4230 3639 4284 orbe
3692 4244 3800 4300 pro-

2208 4339 2471 4402 pagatum,
2515 4338 2638 4401 post
2672 4337 2750 4382 tot
2799 4336 2947 4381 certa
2998 4324 3412 4396 promissionum
3458 4331 3795 4393 argumenta,

2204 4426 2345 4479 idem
2387 4423 2566 4477 multis
2597 4421 2774 4477 adhuc
2815 4435 2917 4474 usu
2961 4419 3145 4473 venire
3197 4415 3372 4470 solet?

2273 4515 2341 4571 In
2396 4514 2555 4569 Veteri
2584 4512 2903 4567 Testamento
2945 4510 3155 4580 prazmia
3185 4508 3266 4560 hic
3296 4506 3709 4575 accipiebantur.
3727 4533 3795 4545 —

2202 4607 2314 4663 Nec
2341 4606 2442 4660 hoc
2470 4606 2645 4659 solum
2673 4603 2792 4657 illos
2818 4600 3193 4671 perterrebat,
3223 4598 3319 4653 sed
3365 4606 3419 4653 et
3447 4598 3598 4651 aliud
3644 4595 3795 4666 quid-

2198 4699 2321 4752 dum
2347 4739 2361 4762 ,
2406 4696 2561 4766 idque
2601 4711 2705 4749 non
2746 4693 2940 4747 minus.
2983 4691 3262 4758 Quodnam
3296 4689 3446 4744 hoc?
3485 4688 3799 4760 Cogitabam

2194 4791 2337 4861 apud
2368 4806 2446 4855 se,
2477 4792 2527 4843 in
2552 4790 2718 4845 veteri
2740 4788 3082 4842 Testamento
3101 4801 3213 4840 non
3235 4784 3302 4839 ad
3323 4800 3447 4839 eum
3470 4786 3693 4839 modum
3715 4800 3797 4839 res

2201 4884 2473 4937 hominum
2499 4880 2832 4951 dispensatas
2854 4878 3036 4943 fuisse,
3068 4877 3161 4932 sed
3190 4878 3403 4932 virtutis
3423 4879 3648 4945 prreuiia
3669 4892 3799 4932 ωηο

2199 4973 2374 5047 festim
2392 4971 2662 5040 accepisse
2689 4970 3009 5040 quicumque
3024 4968 3222 5039 justam
3248 4983 3312 5023 ac
3336 4978 3694 5038 temperatam
3723 4969 3798 5021 vi-

2197 5068 2350 5121 vendi
2380 5067 2636 5120 rationem
2664 5063 3037 5132 praetulissent.
3065 5061 3183 5117 Non
3203 5061 3347 5118 enim
3371 5050 3797 5132 poStcorpomm

2196 5158 2663 5220 resurrectionem,
2696 5171 2870 5227 neque
2898 5156 2950 5210 in
2980 5156 3153 5231 futura
3182 5153 3307 5220 vita,
3340 5154 3435 5209 sed
3462 5154 3551 5209 hic
3575 5156 3632 5209 in
3661 5169 3796 5226 prte—

2196 5251 2331 5303 senti
2379 5250 2481 5302 vita
2509 5264 2694 5303 oumes
2735 5248 2815 5302 eis
2846 5247 3227 5317 promissiones
3272 5245 3659 5315 implebantur.
3707 5245 3795 5298 Ait

2194 5341 2370 5394 enim:
2399 5339 2459 5394 Si
2484 5339 2719 5393 dilexeris
2745 5336 3024 5392 Dominum
3044 5336 3207 5391 Deum
3239 5346 3401 5400 tuum,
3424 5338 3551 5390 bene
3568 5336 3657 5390 tibi
3676 5337 3791 5396 σία.

2192 5442 2242 5487 et
2284 5431 2634 5501 multiplicabit
2660 5430 2796 5486 Deus
2824 5440 3054 5486 armenta
3084 5431 3232 5485 boum
3267 5439 3474 5483 tuorum
3495 5471 3512 5498 ,
3544 5440 3593 5483 et
3620 5444 3793 5501 greges

2194 5542 2432 5596 pecorum
2458 5534 2659 5577 tuorum
2694 5539 2714 5577 :
2734 5540 2838 5577 non
2880 5524 2970 5577 erit
2999 5522 3137 5592 apud
3158 5532 3205 5575 te
3231 5522 3563 5590 infecundum
3590 5564 3606 5585 ,
3635 5536 3794 5587 neque

2190 5616 2359 5671 sterile
2373 5633 2392 5669 :
2422 5632 2523 5669 non
2543 5616 2636 5669 erit
2660 5615 2798 5686 apud
2818 5624 2865 5669 te
2885 5614 3099 5685 languor
3139 5629 3298 5682 neque
3313 5614 3567 5685 (egritudo
3595 5612 3785 5684 (Deut.

2191 5709 2242 5762 7.
2274 5709 2358 5763 15.
2389 5710 2454 5765 15
2474 5707 2514 5776 ).
2544 5706 2752 5763 Emittet
2782 5706 2919 5762 Deus
2949 5707 3340 5762 benedictionem
3364 5708 3417 5761 in
3441 5706 3794 5775 promptuaria

2194 5801 2432 5885 cellarum
2464 5802 2700 5874 tuarum(
2722 5799 2874 5858 Deut.
2900 5801 2991 5858 28.
3018 5801 3069 5857 8.
3108 5800 3168 5859 l2
3190 5800 3246 5870 );
3270 5802 3461 5873 aperiet
3489 5804 3692 5871 mlum,
3748 5803 3791 5844 fl
