  <div class='ocr_page' id='page_1' title='image "/cluster/home/n/w/nwhite01/storage/ocr_20150623/51/nnc1.0046978275/294.png"; bbox 0 0 3990 6358; ppageno 0'>
   <div class='ocr_carea' id='block_1_1' title="bbox 216 288 342 346">
    <p class='ocr_par' dir='ltr' id='par_1_1' title="bbox 216 288 342 346">
     <span class='ocr_line' id='line_1_1' title="bbox 216 288 342 346; baseline 0.032 -3"><span class='ocrx_word' id='word_1_1' title='bbox 216 288 342 346; x_wconf 68' lang='lat'>995</span> 
     </span>
    </p>
   </div>
   <div class='ocr_carea' id='block_1_2' title="bbox 222 407 1817 488">
    <p class='ocr_par' dir='ltr' id='par_1_2' title="bbox 222 407 1817 488">
     <span class='ocr_line' id='line_1_2' title="bbox 222 407 1817 488; baseline -0.004 -15"><span class='ocrx_word' id='word_1_2' title='bbox 222 407 336 478; x_wconf 71' lang='grc' dir='ltr'>τῆζ</span> <span class='ocrx_word' id='word_1_3' title='bbox 389 407 674 481; x_wconf 72' lang='grc' dir='ltr'>ἀληθείας,</span> <span class='ocrx_word' id='word_1_4' title='bbox 721 415 958 486; x_wconf 85' lang='grc' dir='ltr'>τοσούτῳ</span> <span class='ocrx_word' id='word_1_5' title='bbox 1007 417 1102 470; x_wconf 74' lang='grc' dir='ltr'>καὶ</span> <span class='ocrx_word' id='word_1_6' title='bbox 1145 416 1297 488; x_wconf 68' lang='grc' dir='ltr'>παρίι</span> <span class='ocrx_word' id='word_1_7' title='bbox 1345 415 1607 470; x_wconf 88' lang='grc' dir='ltr'>πλειόνων</span> <span class='ocrx_word' id='word_1_8' title='bbox 1653 414 1817 467; x_wconf 78' lang='grc' dir='ltr'>ἐϐάλ-</span> 
     </span>
    </p>
   </div>
   <div class='ocr_carea' id='block_1_3' title="bbox 223 497 1819 580">
    <p class='ocr_par' dir='ltr' id='par_1_3' title="bbox 223 497 1819 580">
     <span class='ocr_line' id='line_1_3' title="bbox 223 497 1819 580; baseline 0.003 -26"><span class='ocrx_word' id='word_1_9' title='bbox 223 497 456 570; x_wconf 83' lang='grc' dir='ltr'>λοντο),</span> <span class='ocrx_word' id='word_1_10' title='bbox 501 504 594 556; x_wconf 70' lang='grc' dir='ltr'>καὶ</span> <span class='ocrx_word' id='word_1_11' title='bbox 631 504 806 559; x_wconf 87' lang='grc' dir='ltr'>ταῦτα</span> <span class='ocrx_word' id='word_1_12' title='bbox 852 508 1002 578; x_wconf 87' lang='grc' dir='ltr'>παρά</span> <span class='ocrx_word' id='word_1_13' title='bbox 1041 507 1134 562; x_wconf 92' lang='grc' dir='ltr'>τοῦ</span> <span class='ocrx_word' id='word_1_14' title='bbox 1164 509 1233 562; x_wconf 81' lang='grc' dir='ltr'>τὰ</span> <span class='ocrx_word' id='word_1_15' title='bbox 1269 511 1508 580; x_wconf 84' lang='grc' dir='ltr'>πρότερα</span> <span class='ocrx_word' id='word_1_16' title='bbox 1537 507 1819 579; x_wconf 81' lang='grc' dir='ltr'>εἰρηκότος</span> 
     </span>
    </p>
   </div>
   <div class='ocr_carea' id='block_1_4' title="bbox 224 589 1815 669">
    <p class='ocr_par' dir='ltr' id='par_1_4' title="bbox 224 589 1815 669">
     <span class='ocr_line' id='line_1_4' title="bbox 224 589 1815 669; baseline 0.014 -28"><span class='ocrx_word' id='word_1_17' title='bbox 224 589 580 662; x_wconf 84' lang='grc' dir='ltr'>ἀκούσωμεν.</span> <span class='ocrx_word' id='word_1_18' title='bbox 640 595 948 666; x_wconf 80' lang='grc' dir='ltr'>Κορινθίοις</span> <span class='ocrx_word' id='word_1_19' title='bbox 985 599 1094 669; x_wconf 80' lang='grc' dir='ltr'>γὰρ</span> <span class='ocrx_word' id='word_1_20' title='bbox 1123 599 1380 667; x_wconf 78' lang='grc' dir='ltr'>γράφων,</span> <span class='ocrx_word' id='word_1_21' title='bbox 1412 597 1584 660; x_wconf 77' lang='grc' dir='ltr'>οὕτως</span> <span class='ocrx_word' id='word_1_22' title='bbox 1628 597 1815 664; x_wconf 73' lang='grc' dir='ltr'>ἐλεγεο</span> 
     </span>
    </p>
   </div>
   <div class='ocr_carea' id='block_1_5' title="bbox 219 683 1822 760">
    <p class='ocr_par' dir='ltr' id='par_1_5' title="bbox 219 683 1822 760">
     <span class='ocr_line' id='line_1_5' title="bbox 219 683 1822 760; baseline 0.005 -26"><span class='ocrx_word' id='word_1_23' title='bbox 219 683 546 752; x_wconf 77' lang='grc' dir='ltr'>Μηδεμίαν</span> <span class='ocrx_word' id='word_1_24' title='bbox 580 685 651 738; x_wconf 86' lang='grc' dir='ltr'>ἐν</span> <span class='ocrx_word' id='word_1_25' title='bbox 683 688 898 756; x_wconf 78' lang='grc' dir='ltr'>μηδενὶ</span> <span class='ocrx_word' id='word_1_26' title='bbox 948 688 1218 757; x_wconf 86' lang='grc' dir='ltr'>διδόντες</span> <span class='ocrx_word' id='word_1_27' title='bbox 1269 691 1664 760; x_wconf 71' lang='grc' dir='ltr'>προσκοπῖιν,</span> <span class='ocrx_word' id='word_1_28' title='bbox 1719 691 1822 744; x_wconf 84' lang='grc' dir='ltr'>ἵνα</span> 
     </span>
    </p>
   </div>
   <div class='ocr_carea' id='block_1_6' title="bbox 216 773 1818 850">
    <p class='ocr_par' dir='ltr' id='par_1_6' title="bbox 216 773 1818 850">
     <span class='ocr_line' id='line_1_6' title="bbox 216 773 1818 850; baseline 0.003 -21"><span class='ocrx_word' id='word_1_29' title='bbox 216 773 316 842; x_wconf 79' lang='grc' dir='ltr'>μὴ</span> <span class='ocrx_word' id='word_1_30' title='bbox 352 777 646 845; x_wconf 76' lang='grc' dir='ltr'>μωμασθῇ</span> <span class='ocrx_word' id='word_1_31' title='bbox 691 775 729 845; x_wconf 76' lang='grc' dir='ltr'>ἡ</span> <span class='ocrx_word' id='word_1_32' title='bbox 779 779 1054 834; x_wconf 82' lang='grc' dir='ltr'>διακονία</span> <span class='ocrx_word' id='word_1_33' title='bbox 1101 781 1302 850; x_wconf 85' lang='grc' dir='ltr'><em>ὑμῶν,</em></span> <span class='ocrx_word' id='word_1_34' title='bbox 1357 782 1495 836; x_wconf 85' lang='grc' dir='ltr'>ἀλλ’</span> <span class='ocrx_word' id='word_1_35' title='bbox 1526 783 1596 836; x_wconf 84' lang='grc' dir='ltr'>ἐν</span> <span class='ocrx_word' id='word_1_36' title='bbox 1639 781 1818 836; x_wconf 73' lang='grc' dir='ltr'><em>παντὶ</em></span> 
     </span>
    </p>
   </div>
   <div class='ocr_carea' id='block_1_7' title="bbox 222 865 1822 936">
    <p class='ocr_par' dir='ltr' id='par_1_7' title="bbox 222 865 1822 936">
     <span class='ocr_line' id='line_1_7' title="bbox 222 865 1822 936; baseline 0.005 -20"><span class='ocrx_word' id='word_1_37' title='bbox 222 865 643 934; x_wconf 84' lang='grc' dir='ltr'>συνιστῶντες</span> <span class='ocrx_word' id='word_1_38' title='bbox 671 869 946 936; x_wconf 81' lang='grc' dir='ltr'>ἑαυτοὺς,</span> <span class='ocrx_word' id='word_1_39' title='bbox 980 870 1062 934; x_wconf 88' lang='grc' dir='ltr'>ὡς</span> <span class='ocrx_word' id='word_1_40' title='bbox 1095 872 1243 925; x_wconf 83' lang='grc' dir='ltr'>Θεοῦ</span> <span class='ocrx_word' id='word_1_41' title='bbox 1271 871 1558 933; x_wconf 85' lang='grc' dir='ltr'>διάκονοι,</span> <span class='ocrx_word' id='word_1_42' title='bbox 1588 871 1657 924; x_wconf 82' lang='grc' dir='ltr'>ἐν</span> <span class='ocrx_word' id='word_1_43' title='bbox 1679 873 1822 926; x_wconf 86' lang='grc' dir='ltr'>ὑπο-</span> 
     </span>
    </p>
   </div>
   <div class='ocr_carea' id='block_1_8' title="bbox 215 956 1822 1032">
    <p class='ocr_par' dir='ltr' id='par_1_8' title="bbox 215 956 1822 1032">
     <span class='ocr_line' id='line_1_8' title="bbox 215 956 1822 1032; baseline 0.004 -24"><span class='ocrx_word' id='word_1_44' title='bbox 215 956 392 1025; x_wconf 77' lang='grc' dir='ltr'>μονῇ</span> <span class='ocrx_word' id='word_1_45' title='bbox 417 959 623 1028; x_wconf 82' lang='grc' dir='ltr'><em>πολλῇ</em></span> <span class='ocrx_word' id='word_1_46' title='bbox 643 999 657 1022; x_wconf 84' lang='grc'>,</span> <span class='ocrx_word' id='word_1_47' title='bbox 689 961 759 1014; x_wconf 86' lang='grc' dir='ltr'>ὲν</span> <span class='ocrx_word' id='word_1_48' title='bbox 793 963 1080 1030; x_wconf 69' lang='grc' dir='ltr'>θλίψεσιν</span> <span class='ocrx_word' id='word_1_49' title='bbox 1098 1001 1111 1025; x_wconf 93' lang='grc'>,</span> <span class='ocrx_word' id='word_1_50' title='bbox 1137 963 1206 1016; x_wconf 79' lang='grc' dir='ltr'>ἐν</span> <span class='ocrx_word' id='word_1_51' title='bbox 1234 962 1547 1032; x_wconf 76' lang='grc' dir='ltr'>ἀνάγκαις,</span> <span class='ocrx_word' id='word_1_52' title='bbox 1583 965 1652 1026; x_wconf 79' lang='grc' dir='ltr'>ἐν</span> <span class='ocrx_word' id='word_1_53' title='bbox 1679 978 1822 1016; x_wconf 89' lang='grc' dir='ltr'>στε-</span> 
     </span>
    </p>
   </div>
   <div class='ocr_carea' id='block_1_9' title="bbox 222 1050 1824 1124">
    <p class='ocr_par' dir='ltr' id='par_1_9' title="bbox 222 1050 1824 1124">
     <span class='ocr_line' id='line_1_9' title="bbox 222 1050 1824 1124; baseline 0.004 -23"><span class='ocrx_word' id='word_1_54' title='bbox 222 1066 304 1102; x_wconf 84' lang='grc' dir='ltr'>νο</span> <span class='ocrx_word' id='word_1_55' title='bbox 309 1050 555 1117; x_wconf 76' lang='grc' dir='ltr'>χωρίοις</span> <span class='ocrx_word' id='word_1_56' title='bbox 573 1093 587 1114; x_wconf 95' lang='grc'><em>,</em></span> <span class='ocrx_word' id='word_1_57' title='bbox 615 1053 686 1104; x_wconf 86' lang='grc' dir='ltr'>ἐν</span> <span class='ocrx_word' id='word_1_58' title='bbox 712 1053 976 1121; x_wconf 74' lang='grc' dir='ltr'>πληγαῖς</span> <span class='ocrx_word' id='word_1_59' title='bbox 997 1095 1010 1117; x_wconf 92' lang='grc'>,</span> <span class='ocrx_word' id='word_1_60' title='bbox 1049 1056 1117 1110; x_wconf 85' lang='grc' dir='ltr'>ἐν</span> <span class='ocrx_word' id='word_1_61' title='bbox 1144 1055 1479 1124; x_wconf 72' lang='grc' dir='ltr'><em>φυλακαῖς,</em></span> <span class='ocrx_word' id='word_1_62' title='bbox 1502 1055 1572 1107; x_wconf 82' lang='grc' dir='ltr'>ἐν</span> <span class='ocrx_word' id='word_1_63' title='bbox 1603 1054 1824 1109; x_wconf 86' lang='grc' dir='ltr'>ἀκατα-</span> 
     </span>
    </p>
   </div>
   <div class='ocr_carea' id='block_1_10' title="bbox 226 1141 1821 1214">
    <p class='ocr_par' dir='ltr' id='par_1_10' title="bbox 226 1141 1821 1214">
     <span class='ocr_line' id='line_1_10' title="bbox 226 1141 1821 1214; baseline 0.006 -23"><span class='ocrx_word' id='word_1_64' title='bbox 226 1141 548 1208; x_wconf 79' lang='grc' dir='ltr'>στασίαις,</span> <span class='ocrx_word' id='word_1_65' title='bbox 568 1141 636 1195; x_wconf 82' lang='grc' dir='ltr'><em>ἐν</em></span> <span class='ocrx_word' id='word_1_66' title='bbox 663 1145 892 1208; x_wconf 82' lang='grc' dir='ltr'>κόποις,</span> <span class='ocrx_word' id='word_1_67' title='bbox 911 1146 979 1197; x_wconf 86' lang='grc' dir='ltr'><em>ἐν</em></span> <span class='ocrx_word' id='word_1_68' title='bbox 1001 1147 1379 1214; x_wconf 60' lang='grc' dir='ltr'>ἀγρυπνίαις,</span> <span class='ocrx_word' id='word_1_69' title='bbox 1405 1147 1473 1199; x_wconf 78' lang='grc' dir='ltr'>ἑν</span> <span class='ocrx_word' id='word_1_70' title='bbox 1495 1147 1821 1213; x_wconf 74' lang='grc' dir='ltr'>νηστείαις.</span> 
     </span>
    </p>
   </div>
   <div class='ocr_carea' id='block_1_11' title="bbox 231 1225 1824 1306">
    <p class='ocr_par' dir='ltr' id='par_1_11' title="bbox 231 1225 1824 1306">
     <span class='ocr_line' id='line_1_11' title="bbox 231 1225 1824 1306; baseline 0.005 -26"><span class='ocrx_word' id='word_1_71' title='bbox 231 1225 394 1293; x_wconf 81' lang='grc' dir='ltr'>Εἶδες</span> <span class='ocrx_word' id='word_1_72' title='bbox 441 1231 644 1295; x_wconf 87' lang='grc' dir='ltr'>πόσους</span> <span class='ocrx_word' id='word_1_73' title='bbox 692 1233 887 1297; x_wconf 78' lang='grc' dir='ltr'>ἄθλους</span> <span class='ocrx_word' id='word_1_74' title='bbox 927 1235 1235 1305; x_wconf 78' lang='grc' dir='ltr'>ἠρίθμησε,</span> <span class='ocrx_word' id='word_1_75' title='bbox 1286 1235 1457 1298; x_wconf 88' lang='grc' dir='ltr'>πόσας</span> <span class='ocrx_word' id='word_1_76' title='bbox 1501 1235 1824 1306; x_wconf 82' lang='grc' dir='ltr'>πειρασμῶν</span> 
     </span>
    </p>
   </div>
   <div class='ocr_carea' id='block_1_12' title="bbox 225 1322 1826 1400">
    <p class='ocr_par' dir='ltr' id='par_1_12' title="bbox 225 1322 1826 1400">
     <span class='ocr_line' id='line_1_12' title="bbox 225 1322 1826 1400; baseline 0.006 -28"><span class='ocrx_word' id='word_1_77' title='bbox 225 1322 497 1390; x_wconf 67' lang='grc' dir='ltr'>νιφάδας;</span> <span class='ocrx_word' id='word_1_78' title='bbox 532 1324 699 1377; x_wconf 81' lang='grc' dir='ltr'>Πάλιν</span> <span class='ocrx_word' id='word_1_79' title='bbox 732 1327 845 1388; x_wconf 85' lang='grc' dir='ltr'>τοῖς</span> <span class='ocrx_word' id='word_1_80' title='bbox 891 1327 1074 1390; x_wconf 85' lang='grc' dir='ltr'>αὑτοῖς</span> <span class='ocrx_word' id='word_1_81' title='bbox 1106 1326 1256 1400; x_wconf 62' lang='grc'>[284]</span> <span class='ocrx_word' id='word_1_82' title='bbox 1301 1328 1659 1392; x_wconf 74' lang='grc' dir='ltr'>ἐπιστέλλων,</span> <span class='ocrx_word' id='word_1_83' title='bbox 1696 1327 1826 1381; x_wconf 86' lang='grc' dir='ltr'>Διά-</span> 
     </span>
    </p>
   </div>
   <div class='ocr_carea' id='block_1_13' title="bbox 224 1403 1822 1491">
    <p class='ocr_par' dir='ltr' id='par_1_13' title="bbox 224 1403 1822 1491">
     <span class='ocr_line' id='line_1_13' title="bbox 224 1403 1822 1491; baseline 0.006 -26"><span class='ocrx_word' id='word_1_84' title='bbox 224 1428 402 1468; x_wconf 70' lang='grc' dir='ltr'>ενονοι</span> <span class='ocrx_word' id='word_1_85' title='bbox 455 1403 714 1483; x_wconf 77' lang='grc' dir='ltr'>Χριστοῦ</span> <span class='ocrx_word' id='word_1_86' title='bbox 762 1419 910 1481; x_wconf 83' lang='grc' dir='ltr'>εὶσι,</span> <span class='ocrx_word' id='word_1_87' title='bbox 965 1420 1126 1488; x_wconf 84' lang='grc' dir='ltr'>φησί,</span> <span class='ocrx_word' id='word_1_88' title='bbox 1180 1422 1579 1491; x_wconf 64' lang='grc' dir='ltr'><em>παραφρονῶν</em></span> <span class='ocrx_word' id='word_1_89' title='bbox 1625 1421 1822 1485; x_wconf 84' lang='grc' dir='ltr'><em>λαλῶ,</em></span> 
     </span>
    </p>
   </div>
   <div class='ocr_carea' id='block_1_14' title="bbox 221 1504 1823 1584">
    <p class='ocr_par' dir='ltr' id='par_1_14' title="bbox 221 1504 1823 1584">
     <span class='ocr_line' id='line_1_14' title="bbox 221 1504 1823 1584; baseline 0.006 -26"><span class='ocrx_word' id='word_1_90' title='bbox 221 1504 386 1573; x_wconf 74' lang='grc' dir='ltr'>ὑπὲρ</span> <span class='ocrx_word' id='word_1_91' title='bbox 435 1505 570 1576; x_wconf 78' lang='grc' dir='ltr'>ἐγώ.</span> <span class='ocrx_word' id='word_1_92' title='bbox 619 1504 755 1561; x_wconf 84' lang='grc' dir='ltr'>Εἶτα</span> <span class='ocrx_word' id='word_1_93' title='bbox 795 1508 1118 1580; x_wconf 85' lang='grc' dir='ltr'>βουλόμενος</span> <span class='ocrx_word' id='word_1_94' title='bbox 1167 1514 1314 1584; x_wconf 74' lang='grc' dir='ltr'>ἡμᾶς</span> <span class='ocrx_word' id='word_1_95' title='bbox 1362 1516 1582 1577; x_wconf 82' lang='grc' dir='ltr'>πεῖσαι,</span> <span class='ocrx_word' id='word_1_96' title='bbox 1615 1516 1696 1568; x_wconf 85' lang='grc' dir='ltr'>ὅτι</span> <span class='ocrx_word' id='word_1_97' title='bbox 1728 1515 1823 1567; x_wconf 86' lang='grc' dir='ltr'>τοῦ</span> 
     </span>
    </p>
   </div>
   <div class='ocr_carea' id='block_1_15' title="bbox 223 1600 1821 1678">
    <p class='ocr_par' dir='ltr' id='par_1_15' title="bbox 223 1600 1821 1678">
     <span class='ocr_line' id='line_1_15' title="bbox 223 1600 1821 1678; baseline 0.006 -30"><span class='ocrx_word' id='word_1_98' title='bbox 223 1601 443 1668; x_wconf 75' lang='grc' dir='ltr'>σημεῖα</span> <span class='ocrx_word' id='word_1_99' title='bbox 484 1602 657 1654; x_wconf 80' lang='grc' dir='ltr'>ποιεῖν</span> <span class='ocrx_word' id='word_1_100' title='bbox 697 1600 876 1673; x_wconf 81' lang='grc' dir='ltr'>πολλῷ</span> <span class='ocrx_word' id='word_1_101' title='bbox 909 1601 1288 1676; x_wconf 87' lang='grc' dir='ltr'>λαμπρότερον</span> <span class='ocrx_word' id='word_1_102' title='bbox 1338 1607 1399 1659; x_wconf 88' lang='grc' dir='ltr'>τὸ</span> <span class='ocrx_word' id='word_1_103' title='bbox 1437 1606 1524 1661; x_wconf 73' lang='grc' dir='ltr'>διὰ</span> <span class='ocrx_word' id='word_1_104' title='bbox 1559 1607 1648 1659; x_wconf 79' lang='grc' dir='ltr'>τὸν</span> <span class='ocrx_word' id='word_1_105' title='bbox 1684 1608 1821 1678; x_wconf 88' lang='grc' dir='ltr'>Χρι-</span> 
     </span>
    </p>
   </div>
   <div class='ocr_carea' id='block_1_16' title="bbox 229 1691 1824 1770">
    <p class='ocr_par' dir='ltr' id='par_1_16' title="bbox 229 1691 1824 1770">
     <span class='ocr_line' id='line_1_16' title="bbox 229 1691 1824 1770; baseline 0.006 -28"><span class='ocrx_word' id='word_1_106' title='bbox 229 1691 364 1742; x_wconf 80' lang='grc' dir='ltr'>στὸν</span> <span class='ocrx_word' id='word_1_107' title='bbox 388 1691 692 1752; x_wconf 88' lang='grc' dir='ltr'>θλίϐεσθαι,</span> <span class='ocrx_word' id='word_1_108' title='bbox 723 1696 818 1746; x_wconf 74' lang='grc' dir='ltr'>καὶ</span> <span class='ocrx_word' id='word_1_109' title='bbox 848 1695 1170 1766; x_wconf 85' lang='grc' dir='ltr'>ποιούμενος</span> <span class='ocrx_word' id='word_1_110' title='bbox 1194 1698 1465 1763; x_wconf 82' lang='grc' dir='ltr'>ἀπόδειξιν</span> <span class='ocrx_word' id='word_1_111' title='bbox 1495 1699 1824 1770; x_wconf 75' lang='grc' dir='ltr'>ἀποστολῆς,</span> 
     </span>
    </p>
   </div>
   <div class='ocr_carea' id='block_1_17' title="bbox 230 1775 1824 1861">
    <p class='ocr_par' dir='ltr' id='par_1_17' title="bbox 230 1775 1824 1861">
     <span class='ocr_line' id='line_1_17' title="bbox 230 1775 1824 1861; baseline 0.006 -25"><span class='ocrx_word' id='word_1_112' title='bbox 230 1785 334 1836; x_wconf 72' lang='grc' dir='ltr'>καὶ</span> <span class='ocrx_word' id='word_1_113' title='bbox 362 1785 580 1848; x_wconf 76' lang='grc' dir='ltr'>δεικνὺς</span> <span class='ocrx_word' id='word_1_114' title='bbox 606 1786 686 1839; x_wconf 84' lang='grc' dir='ltr'>ὅτι</span> <span class='ocrx_word' id='word_1_115' title='bbox 723 1786 954 1856; x_wconf 79' lang='grc' dir='ltr'>βελτίων</span> <span class='ocrx_word' id='word_1_116' title='bbox 981 1775 1160 1842; x_wconf 82' lang='grc' dir='ltr'>αὑτῶν</span> <span class='ocrx_word' id='word_1_117' title='bbox 1188 1793 1334 1844; x_wconf 76' lang='grc' dir='ltr'>ἐστιν</span> <span class='ocrx_word' id='word_1_118' title='bbox 1353 1833 1366 1852; x_wconf 90' lang='grc'><em>,</em></span> <span class='ocrx_word' id='word_1_119' title='bbox 1401 1791 1523 1861; x_wconf 69' lang='grc' dir='ltr'>οὐχὶ</span> <span class='ocrx_word' id='word_1_120' title='bbox 1555 1793 1663 1844; x_wconf 83' lang='grc' dir='ltr'>τῶν</span> <span class='ocrx_word' id='word_1_121' title='bbox 1686 1793 1824 1845; x_wconf 78' lang='grc' dir='ltr'>ἀποο</span> 
     </span>
    </p>
   </div>
   <div class='ocr_carea' id='block_1_18' title="bbox 227 1876 1827 1950">
    <p class='ocr_par' dir='ltr' id='par_1_18' title="bbox 227 1876 1827 1950">
     <span class='ocr_line' id='line_1_18' title="bbox 227 1876 1827 1950; baseline 0.007 -23"><span class='ocrx_word' id='word_1_122' title='bbox 227 1876 442 1929; x_wconf 86' lang='grc' dir='ltr'>στόλων</span> <span class='ocrx_word' id='word_1_123' title='bbox 479 1877 657 1946; x_wconf 91' lang='grc' dir='ltr'>λέγω,</span> <span class='ocrx_word' id='word_1_124' title='bbox 706 1877 842 1930; x_wconf 86' lang='grc' dir='ltr'>ἀλλά</span> <span class='ocrx_word' id='word_1_125' title='bbox 896 1879 1005 1933; x_wconf 88' lang='grc' dir='ltr'>τῶν</span> <span class='ocrx_word' id='word_1_126' title='bbox 1041 1881 1522 1950; x_wconf 68' lang='grc' dir='ltr'>ψευδαποστόλων,</span> <span class='ocrx_word' id='word_1_127' title='bbox 1570 1884 1671 1937; x_wconf 86' lang='grc' dir='ltr'>οὑκ</span> <span class='ocrx_word' id='word_1_128' title='bbox 1719 1884 1827 1938; x_wconf 85' lang='grc' dir='ltr'>ἀπὸ</span> 
     </span>
    </p>
   </div>
   <div class='ocr_carea' id='block_1_19' title="bbox 226 1966 1828 2040">
    <p class='ocr_par' dir='ltr' id='par_1_19' title="bbox 226 1966 1828 2040">
     <span class='ocr_line' id='line_1_19' title="bbox 226 1966 1828 2040; baseline 0.005 -20"><span class='ocrx_word' id='word_1_129' title='bbox 226 1966 530 2036; x_wconf 74' lang='grc' dir='ltr'>θαυμάτων</span> <span class='ocrx_word' id='word_1_130' title='bbox 567 1968 662 2021; x_wconf 78' lang='grc' dir='ltr'>καὶ</span> <span class='ocrx_word' id='word_1_131' title='bbox 706 1970 983 2040; x_wconf 84' lang='grc' dir='ltr'>σημείων,</span> <span class='ocrx_word' id='word_1_132' title='bbox 1036 1972 1153 2025; x_wconf 90' lang='grc' dir='ltr'>ἀλλ’</span> <span class='ocrx_word' id='word_1_133' title='bbox 1185 1974 1292 2026; x_wconf 80' lang='grc' dir='ltr'>ἀπὸ</span> <span class='ocrx_word' id='word_1_134' title='bbox 1353 1975 1610 2027; x_wconf 80' lang='grc' dir='ltr'>κινδύνων</span> <span class='ocrx_word' id='word_1_135' title='bbox 1657 1976 1828 2028; x_wconf 77' lang='grc' dir='ltr'>ἐπαλ-</span> 
     </span>
    </p>
   </div>
   <div class='ocr_carea' id='block_1_20' title="bbox 225 2058 1828 2135">
    <p class='ocr_par' dir='ltr' id='par_1_20' title="bbox 225 2058 1828 2135">
     <span class='ocr_line' id='line_1_20' title="bbox 225 2058 1828 2135; baseline 0.006 -24"><span class='ocrx_word' id='word_1_136' title='bbox 225 2058 411 2129; x_wconf 84' lang='grc' dir='ltr'>λήλων</span> <span class='ocrx_word' id='word_1_137' title='bbox 445 2063 678 2114; x_wconf 84' lang='grc' dir='ltr'>ποιεῖται</span> <span class='ocrx_word' id='word_1_138' title='bbox 719 2061 810 2113; x_wconf 87' lang='grc' dir='ltr'>τὸν</span> <span class='ocrx_word' id='word_1_139' title='bbox 855 2063 954 2133; x_wconf 89' lang='grc' dir='ltr'>τῆς</span> <span class='ocrx_word' id='word_1_140' title='bbox 988 2063 1262 2134; x_wconf 83' lang='grc' dir='ltr'>ὑπεροχῆς</span> <span class='ocrx_word' id='word_1_141' title='bbox 1312 2065 1566 2135; x_wconf 74' lang='grc' dir='ltr'>ἔλεγχον,</span> <span class='ocrx_word' id='word_1_142' title='bbox 1623 2067 1828 2120; x_wconf 77' lang='grc' dir='ltr'>οὑτωσὶ</span> 
     </span>
    </p>
   </div>
   <div class='ocr_carea' id='block_1_21' title="bbox 227 2150 1828 2228">
    <p class='ocr_par' dir='ltr' id='par_1_21' title="bbox 227 2150 1828 2228">
     <span class='ocr_line' id='line_1_21' title="bbox 227 2150 1828 2228; baseline 0.007 -26"><span class='ocrx_word' id='word_1_143' title='bbox 227 2150 445 2217; x_wconf 80' lang='grc' dir='ltr'>λέγων·</span> <span class='ocrx_word' id='word_1_144' title='bbox 514 2153 610 2205; x_wconf 83' lang='grc' dir='ltr'><em>Ἐν</em></span> <span class='ocrx_word' id='word_1_145' title='bbox 655 2153 866 2221; x_wconf 83' lang='grc' dir='ltr'>κόποις</span> <span class='ocrx_word' id='word_1_146' title='bbox 917 2156 1388 2224; x_wconf 81' lang='grc' dir='ltr'>περισσοτέρως,</span> <span class='ocrx_word' id='word_1_147' title='bbox 1443 2158 1509 2211; x_wconf 83' lang='grc' dir='ltr'><em>ὲν</em></span> <span class='ocrx_word' id='word_1_148' title='bbox 1567 2159 1828 2228; x_wconf 79' lang='grc' dir='ltr'>πληγαῖς</span> 
     </span>
    </p>
   </div>
   <div class='ocr_carea' id='block_1_22' title="bbox 227 2245 1830 2317">
    <p class='ocr_par' dir='ltr' id='par_1_22' title="bbox 227 2245 1830 2317">
     <span class='ocr_line' id='line_1_22' title="bbox 227 2245 1830 2317; baseline 0.004 -21"><span class='ocrx_word' id='word_1_149' title='bbox 227 2245 739 2312; x_wconf 73' lang='grc' dir='ltr'>ὑπερϐαλλόντως</span> <span class='ocrx_word' id='word_1_150' title='bbox 759 2286 774 2308; x_wconf 91' lang='grc'><em>,</em></span> <span class='ocrx_word' id='word_1_151' title='bbox 813 2247 882 2300; x_wconf 83' lang='grc' dir='ltr'><em>ἐν</em></span> <span class='ocrx_word' id='word_1_152' title='bbox 922 2247 1224 2315; x_wconf 72' lang='grc' dir='ltr'><em>φυλακαῖς</em></span> <span class='ocrx_word' id='word_1_153' title='bbox 1252 2248 1727 2317; x_wconf 85' lang='grc' dir='ltr'>περισσοτέρως,</span> <span class='ocrx_word' id='word_1_154' title='bbox 1760 2251 1830 2303; x_wconf 88' lang='grc' dir='ltr'>ἐν</span> 
     </span>
    </p>
   </div>
   <div class='ocr_carea' id='block_1_23' title="bbox 227 2334 1830 2410">
    <p class='ocr_par' dir='ltr' id='par_1_23' title="bbox 227 2334 1830 2410">
     <span class='ocr_line' id='line_1_23' title="bbox 227 2334 1830 2410; baseline 0.005 -24"><span class='ocrx_word' id='word_1_155' title='bbox 227 2334 514 2400; x_wconf 77' lang='grc' dir='ltr'>θανάτοις</span> <span class='ocrx_word' id='word_1_156' title='bbox 536 2337 838 2403; x_wconf 81' lang='grc' dir='ltr'>πολλάκις</span> <span class='ocrx_word' id='word_1_157' title='bbox 855 2354 869 2368; x_wconf 76' lang='grc' dir='ltr'><strong>ο</strong></span> <span class='ocrx_word' id='word_1_158' title='bbox 889 2336 1177 2404; x_wconf 84' lang='grc' dir='ltr'>πεντάκις</span> <span class='ocrx_word' id='word_1_159' title='bbox 1199 2339 1654 2406; x_wconf 86' lang='grc' dir='ltr'>τεσσαράκοντα</span> <span class='ocrx_word' id='word_1_160' title='bbox 1669 2341 1830 2410; x_wconf 87' lang='grc' dir='ltr'>παρά</span> 
     </span>
    </p>
   </div>
   <div class='ocr_carea' id='block_1_24' title="bbox 220 2425 1828 2499">
    <p class='ocr_par' dir='ltr' id='par_1_24' title="bbox 220 2425 1828 2499">
     <span class='ocr_line' id='line_1_24' title="bbox 220 2425 1828 2499; baseline 0.006 -23"><span class='ocrx_word' id='word_1_161' title='bbox 220 2426 380 2496; x_wconf 64' lang='grc' dir='ltr'>μίαν</span> <span class='ocrx_word' id='word_1_162' title='bbox 417 2425 534 2480; x_wconf 84' lang='grc' dir='ltr'>ὑπὸ</span> <span class='ocrx_word' id='word_1_163' title='bbox 575 2428 881 2481; x_wconf 84' lang='grc' dir='ltr'>Ἰουδαίων</span> <span class='ocrx_word' id='word_1_164' title='bbox 919 2428 1178 2492; x_wconf 75' lang='grc' dir='ltr'>ἔλαϐον,</span> <span class='ocrx_word' id='word_1_165' title='bbox 1220 2430 1349 2498; x_wconf 85' lang='grc' dir='ltr'>τρὶς</span> <span class='ocrx_word' id='word_1_166' title='bbox 1390 2431 1828 2499; x_wconf 67' lang='grc' dir='ltr'>ὲῤῥαϐδίσθην,</span> 
     </span>
    </p>
   </div>
   <div class='ocr_carea' id='block_1_25' title="bbox 228 2517 1830 2593">
    <p class='ocr_par' dir='ltr' id='par_1_25' title="bbox 228 2517 1830 2593">
     <span class='ocr_line' id='line_1_25' title="bbox 228 2517 1830 2593; baseline 0.005 -24"><span class='ocrx_word' id='word_1_167' title='bbox 228 2517 400 2583; x_wconf 76' lang='grc' dir='ltr'>ἅπαξ</span> <span class='ocrx_word' id='word_1_168' title='bbox 451 2519 818 2587; x_wconf 80' lang='grc' dir='ltr'>ἐλιθάσθην,</span> <span class='ocrx_word' id='word_1_169' title='bbox 849 2522 975 2590; x_wconf 74' lang='grc' dir='ltr'>τρὶς</span> <span class='ocrx_word' id='word_1_170' title='bbox 1023 2521 1413 2592; x_wconf 72' lang='grc' dir='ltr'>ἐναυάγησα,</span> <span class='ocrx_word' id='word_1_171' title='bbox 1449 2523 1830 2593; x_wconf 75' lang='grc' dir='ltr'>νυχθήμερον</span> 
     </span>
    </p>
   </div>
   <div class='ocr_carea' id='block_1_26' title="bbox 224 2611 1828 2684">
    <p class='ocr_par' dir='ltr' id='par_1_26' title="bbox 224 2611 1828 2684">
     <span class='ocr_line' id='line_1_26' title="bbox 224 2611 1828 2684; baseline 0.005 -22"><span class='ocrx_word' id='word_1_172' title='bbox 224 2611 304 2662; x_wconf 79' lang='grc' dir='ltr'>ἐν</span> <span class='ocrx_word' id='word_1_173' title='bbox 346 2611 428 2675; x_wconf 79' lang='grc' dir='ltr'>τῷ</span> <span class='ocrx_word' id='word_1_174' title='bbox 466 2611 638 2678; x_wconf 77' lang='grc' dir='ltr'>,ϐυθῷ</span> <span class='ocrx_word' id='word_1_175' title='bbox 685 2615 1017 2684; x_wconf 87' lang='grc' dir='ltr'>πεποίηκα·</span> <span class='ocrx_word' id='word_1_176' title='bbox 1069 2615 1439 2684; x_wconf 78' lang='grc' dir='ltr'>ὁδοιπορίαις</span> <span class='ocrx_word' id='word_1_177' title='bbox 1489 2616 1828 2681; x_wconf 81' lang='grc' dir='ltr'>πολλάκις,</span> 
     </span>
    </p>
   </div>
   <div class='ocr_carea' id='block_1_27' title="bbox 227 2699 1831 2776">
    <p class='ocr_par' dir='ltr' id='par_1_27' title="bbox 227 2699 1831 2776">
     <span class='ocr_line' id='line_1_27' title="bbox 227 2699 1831 2776; baseline 0.006 -25"><span class='ocrx_word' id='word_1_178' title='bbox 227 2699 544 2767; x_wconf 78' lang='grc' dir='ltr'>κινδύνοις</span> <span class='ocrx_word' id='word_1_179' title='bbox 593 2703 906 2772; x_wconf 81' lang='grc' dir='ltr'><em>ποταμῶν,</em></span> <span class='ocrx_word' id='word_1_180' title='bbox 944 2705 1249 2771; x_wconf 84' lang='grc' dir='ltr'>κινδύνοις</span> <span class='ocrx_word' id='word_1_181' title='bbox 1292 2704 1577 2776; x_wconf 75' lang='grc' dir='ltr'><em>λῃστῶν,</em></span> <span class='ocrx_word' id='word_1_182' title='bbox 1627 2708 1831 2761; x_wconf 82' lang='grc' dir='ltr'>κινδύ-</span> 
     </span>
    </p>
   </div>
   <div class='ocr_carea' id='block_1_28' title="bbox 225 2789 1832 2862">
    <p class='ocr_par' dir='ltr' id='par_1_28' title="bbox 225 2789 1832 2862">
     <span class='ocr_line' id='line_1_28' title="bbox 225 2789 1832 2862; baseline 0.006 -23"><span class='ocrx_word' id='word_1_183' title='bbox 225 2804 366 2853; x_wconf 81' lang='grc' dir='ltr'>νοις</span> <span class='ocrx_word' id='word_1_184' title='bbox 389 2789 456 2843; x_wconf 87' lang='grc' dir='ltr'>ἐκ</span> <span class='ocrx_word' id='word_1_185' title='bbox 483 2789 717 2861; x_wconf 78' lang='grc' dir='ltr'><em>γένους,</em></span> <span class='ocrx_word' id='word_1_186' title='bbox 752 2792 1064 2861; x_wconf 81' lang='grc' dir='ltr'>κινδύνοις</span> <span class='ocrx_word' id='word_1_187' title='bbox 1093 2794 1163 2859; x_wconf 82' lang='grc' dir='ltr'>ἐξ</span> <span class='ocrx_word' id='word_1_188' title='bbox 1183 2795 1396 2860; x_wconf 84' lang='grc' dir='ltr'><em>ἐθνῶν,</em></span> <span class='ocrx_word' id='word_1_189' title='bbox 1430 2795 1738 2862; x_wconf 84' lang='grc' dir='ltr'>κινδύνοις</span> <span class='ocrx_word' id='word_1_190' title='bbox 1763 2797 1832 2849; x_wconf 84' lang='grc' dir='ltr'>ἐν</span> 
     </span>
    </p>
   </div>
   <div class='ocr_carea' id='block_1_29' title="bbox 227 2880 1832 2954">
    <p class='ocr_par' dir='ltr' id='par_1_29' title="bbox 227 2880 1832 2954">
     <span class='ocr_line' id='line_1_29' title="bbox 227 2880 1832 2954; baseline 0.006 -23"><span class='ocrx_word' id='word_1_191' title='bbox 227 2880 444 2944; x_wconf 81' lang='grc' dir='ltr'>πόλει,</span> <span class='ocrx_word' id='word_1_192' title='bbox 493 2882 800 2950; x_wconf 83' lang='grc' dir='ltr'>κινδύνοις</span> <span class='ocrx_word' id='word_1_193' title='bbox 842 2886 914 2938; x_wconf 87' lang='grc' dir='ltr'>ἐν</span> <span class='ocrx_word' id='word_1_194' title='bbox 959 2885 1202 2954; x_wconf 83' lang='grc' dir='ltr'>ἐρημίᾳ,</span> <span class='ocrx_word' id='word_1_195' title='bbox 1267 2883 1574 2952; x_wconf 83' lang='grc' dir='ltr'>κινδύνοις</span> <span class='ocrx_word' id='word_1_196' title='bbox 1613 2885 1684 2940; x_wconf 79' lang='grc' dir='ltr'>ἐν</span> <span class='ocrx_word' id='word_1_197' title='bbox 1730 2890 1832 2940; x_wconf 87' lang='grc' dir='ltr'>θα-</span> 
     </span>
    </p>
   </div>
   <div class='ocr_carea' id='block_1_30' title="bbox 224 2970 1835 3045">
    <p class='ocr_par' dir='ltr' id='par_1_30' title="bbox 224 2970 1835 3045">
     <span class='ocr_line' id='line_1_30' title="bbox 224 2970 1835 3045; baseline 0.004 -21"><span class='ocrx_word' id='word_1_198' title='bbox 224 2970 480 3041; x_wconf 79' lang='grc' dir='ltr'>λάσσῃ,</span> <span class='ocrx_word' id='word_1_199' title='bbox 527 2975 833 3042; x_wconf 84' lang='grc' dir='ltr'>κινδύνοις</span> <span class='ocrx_word' id='word_1_200' title='bbox 869 2977 939 3030; x_wconf 83' lang='grc' dir='ltr'>ὲν</span> <span class='ocrx_word' id='word_1_201' title='bbox 996 2975 1486 3045; x_wconf 73' lang='grc' dir='ltr'>ψευδαδέλφοις·</span> <span class='ocrx_word' id='word_1_202' title='bbox 1533 2977 1609 3029; x_wconf 75' lang='grc' dir='ltr'>’ἐν</span> <span class='ocrx_word' id='word_1_203' title='bbox 1666 2978 1835 3044; x_wconf 86' lang='grc' dir='ltr'>κόπῳ</span> 
     </span>
    </p>
   </div>
   <div class='ocr_carea' id='block_1_31' title="bbox 229 3062 1833 3138">
    <p class='ocr_par' dir='ltr' id='par_1_31' title="bbox 229 3062 1833 3138">
     <span class='ocr_line' id='line_1_31' title="bbox 229 3062 1833 3138; baseline 0.006 -25"><span class='ocrx_word' id='word_1_204' title='bbox 229 3062 337 3114; x_wconf 80' lang='grc' dir='ltr'>καὶ</span> <span class='ocrx_word' id='word_1_205' title='bbox 359 3062 584 3131; x_wconf 84' lang='grc' dir='ltr'>μόχθῳ,</span> <span class='ocrx_word' id='word_1_206' title='bbox 617 3064 686 3117; x_wconf 81' lang='grc' dir='ltr'>ἐν</span> <span class='ocrx_word' id='word_1_207' title='bbox 720 3066 1080 3136; x_wconf 76' lang='grc' dir='ltr'>ἀγρυπνίαις</span> <span class='ocrx_word' id='word_1_208' title='bbox 1109 3065 1429 3133; x_wconf 83' lang='grc' dir='ltr'>πολλάκις,</span> <span class='ocrx_word' id='word_1_209' title='bbox 1469 3067 1540 3122; x_wconf 87' lang='grc' dir='ltr'>ἐν</span> <span class='ocrx_word' id='word_1_210' title='bbox 1560 3067 1713 3138; x_wconf 83' lang='grc' dir='ltr'>λιμῷ</span> <span class='ocrx_word' id='word_1_211' title='bbox 1735 3070 1833 3122; x_wconf 77' lang='grc' dir='ltr'>καὶ</span> 
     </span>
    </p>
   </div>
   <div class='ocr_carea' id='block_1_32' title="bbox 226 3151 1832 3230">
    <p class='ocr_par' dir='ltr' id='par_1_32' title="bbox 226 3151 1832 3230">
     <span class='ocr_line' id='line_1_32' title="bbox 226 3151 1832 3230; baseline 0.006 -25"><span class='ocrx_word' id='word_1_212' title='bbox 226 3153 420 3222; x_wconf 72' lang='grc' dir='ltr'>δίψει,</span> <span class='ocrx_word' id='word_1_213' title='bbox 453 3157 524 3208; x_wconf 87' lang='grc' dir='ltr'>ἐν</span> <span class='ocrx_word' id='word_1_214' title='bbox 556 3159 741 3225; x_wconf 66' lang='grc' dir='ltr'>ψύχει</span> <span class='ocrx_word' id='word_1_215' title='bbox 782 3159 877 3212; x_wconf 71' lang='grc' dir='ltr'>καὶ</span> <span class='ocrx_word' id='word_1_216' title='bbox 917 3159 1268 3227; x_wconf 80' lang='grc' dir='ltr'>γυμνότητι,</span> <span class='ocrx_word' id='word_1_217' title='bbox 1295 3159 1479 3227; x_wconf 71' lang='grc' dir='ltr'>χωρὶς</span> <span class='ocrx_word' id='word_1_218' title='bbox 1525 3151 1644 3214; x_wconf 86' lang='grc' dir='ltr'>τῶν</span> <span class='ocrx_word' id='word_1_219' title='bbox 1690 3176 1832 3230; x_wconf 69' lang='grc' dir='ltr'>παρα</span> 
     </span>
    </p>
   </div>
   <div class='ocr_carea' id='block_1_33' title="bbox 226 3243 1827 3324">
    <p class='ocr_par' dir='ltr' id='par_1_33' title="bbox 226 3243 1827 3324">
     <span class='ocr_line' id='line_1_33' title="bbox 226 3243 1827 3324; baseline 0.005 -26"><span class='ocrx_word' id='word_1_220' title='bbox 226 3249 439 3313; x_wconf 80' lang='grc' dir='ltr'>εκτός.</span> <span class='ocrx_word' id='word_1_221' title='bbox 469 3244 628 3303; x_wconf 70' lang='grc' dir='ltr'>Οὗτοι</span> <span class='ocrx_word' id='word_1_222' title='bbox 655 3251 754 3319; x_wconf 79' lang='grc' dir='ltr'>τῆς</span> <span class='ocrx_word' id='word_1_223' title='bbox 771 3251 1032 3321; x_wconf 87' lang='grc' dir='ltr'>ἀκριϐοῦς</span> <span class='ocrx_word' id='word_1_224' title='bbox 1061 3243 1365 3323; x_wconf 81' lang='grc' dir='ltr'>ἀποστολῆς</span> <span class='ocrx_word' id='word_1_225' title='bbox 1382 3252 1429 3304; x_wconf 78' lang='grc' dir='ltr'>οἱ</span> <span class='ocrx_word' id='word_1_226' title='bbox 1459 3243 1827 3324; x_wconf 82' lang='grc' dir='ltr'>χαρακτῆρες.</span> 
     </span>
    </p>
   </div>
   <div class='ocr_carea' id='block_1_34' title="bbox 229 3341 1833 3416">
    <p class='ocr_par' dir='ltr' id='par_1_34' title="bbox 229 3341 1833 3416">
     <span class='ocr_line' id='line_1_34' title="bbox 229 3341 1833 3416; baseline 0.002 -23"><span class='ocrx_word' id='word_1_227' title='bbox 229 3341 450 3411; x_wconf 85' lang='grc' dir='ltr'>Σημεῖα</span> <span class='ocrx_word' id='word_1_228' title='bbox 482 3343 578 3412; x_wconf 76' lang='grc' dir='ltr'>μὲν</span> <span class='ocrx_word' id='word_1_229' title='bbox 607 3343 715 3416; x_wconf 83' lang='grc' dir='ltr'>γὰρ</span> <span class='ocrx_word' id='word_1_230' title='bbox 751 3345 846 3398; x_wconf 79' lang='grc' dir='ltr'>καὶ</span> <span class='ocrx_word' id='word_1_231' title='bbox 892 3345 1072 3416; x_wconf 75' lang='grc' dir='ltr'>ἕτεροι</span> <span class='ocrx_word' id='word_1_232' title='bbox 1112 3344 1298 3398; x_wconf 57' lang='grc' dir='ltr'>πολλοὶ⁵</span> <span class='ocrx_word' id='word_1_233' title='bbox 1340 3341 1600 3410; x_wconf 70' lang='grc' dir='ltr'>πολλάκις</span> <span class='ocrx_word' id='word_1_234' title='bbox 1646 3346 1833 3416; x_wconf 81' lang='grc' dir='ltr'>ἐποίη-</span> 
     </span>
    </p>
   </div>
   <div class='ocr_carea' id='block_1_35' title="bbox 232 3433 1836 3506">
    <p class='ocr_par' dir='ltr' id='par_1_35' title="bbox 232 3433 1836 3506">
     <span class='ocr_line' id='line_1_35' title="bbox 232 3433 1836 3506; baseline 0.005 -22"><span class='ocrx_word' id='word_1_235' title='bbox 232 3449 368 3494; x_wconf 90' lang='grc' dir='ltr'>σαν,</span> <span class='ocrx_word' id='word_1_236' title='bbox 400 3433 494 3486; x_wconf 75' lang='grc' dir='ltr'>καὶ</span> <span class='ocrx_word' id='word_1_237' title='bbox 523 3435 675 3487; x_wconf 82' lang='grc' dir='ltr'>οὐδὲν</span> <span class='ocrx_word' id='word_1_238' title='bbox 700 3434 990 3489; x_wconf 84' lang='grc' dir='ltr'>ἀπώναντο</span> <span class='ocrx_word' id='word_1_239' title='bbox 1017 3435 1123 3488; x_wconf 85' lang='grc' dir='ltr'>τῶν</span> <span class='ocrx_word' id='word_1_240' title='bbox 1156 3435 1476 3506; x_wconf 85' lang='grc' dir='ltr'>θαυμάτων,</span> <span class='ocrx_word' id='word_1_241' title='bbox 1515 3435 1651 3490; x_wconf 85' lang='grc' dir='ltr'>ἀλλά</span> <span class='ocrx_word' id='word_1_242' title='bbox 1697 3438 1836 3506; x_wconf 87' lang='grc' dir='ltr'>μετά</span> 
     </span>
    </p>
   </div>
   <div class='ocr_carea' id='block_1_36' title="bbox 229 3524 1830 3598">
    <p class='ocr_par' dir='ltr' id='par_1_36' title="bbox 229 3524 1830 3598">
     <span class='ocr_line' id='line_1_36' title="bbox 229 3524 1830 3598; baseline 0.005 -24"><span class='ocrx_word' id='word_1_243' title='bbox 229 3524 416 3577; x_wconf 76' lang='grc' dir='ltr'>πάντα</span> <span class='ocrx_word' id='word_1_244' title='bbox 449 3527 632 3578; x_wconf 76' lang='grc' dir='ltr'>ἐκεῖνα</span> <span class='ocrx_word' id='word_1_245' title='bbox 664 3527 902 3598; x_wconf 68' lang='grc' dir='ltr'>ἥκουσαν</span> <span class='ocrx_word' id='word_1_246' title='bbox 922 3543 936 3556; x_wconf 84' lang='grc'>⁶</span> <span class='ocrx_word' id='word_1_247' title='bbox 981 3526 1305 3596; x_wconf 77' lang='grc' dir='ltr'>Ὑπάγετε,</span> <span class='ocrx_word' id='word_1_248' title='bbox 1341 3529 1453 3581; x_wconf 81' lang='grc' dir='ltr'>οὐκ</span> <span class='ocrx_word' id='word_1_249' title='bbox 1487 3524 1628 3582; x_wconf 81' lang='grc' dir='ltr'>οἶδα</span> <span class='ocrx_word' id='word_1_250' title='bbox 1650 3525 1830 3596; x_wconf 80' lang='grc' dir='ltr'>ὑμᾶς,</span> 
     </span>
    </p>
   </div>
   <div class='ocr_carea' id='block_1_37' title="bbox 229 3613 1836 3686">
    <p class='ocr_par' dir='ltr' id='par_1_37' title="bbox 229 3613 1836 3686">
     <span class='ocr_line' id='line_1_37' title="bbox 229 3613 1836 3686; baseline 0.003 -18"><span class='ocrx_word' id='word_1_251' title='bbox 229 3619 288 3669; x_wconf 83' lang='grc' dir='ltr'>οἱ</span> <span class='ocrx_word' id='word_1_252' title='bbox 329 3613 710 3686; x_wconf 74' lang='grc' dir='ltr'>ἐρταξόμενοι</span> <span class='ocrx_word' id='word_1_253' title='bbox 744 3613 861 3686; x_wconf 76' lang='grc' dir='ltr'>τὴν</span> <span class='ocrx_word' id='word_1_254' title='bbox 904 3618 1196 3686; x_wconf 82' lang='grc' dir='ltr'>ἀνομίαν·</span> <span class='ocrx_word' id='word_1_255' title='bbox 1233 3618 1342 3672; x_wconf 80' lang='grc' dir='ltr'>τῶν</span> <span class='ocrx_word' id='word_1_256' title='bbox 1379 3619 1438 3672; x_wconf 81' lang='grc' dir='ltr'>δὲ</span> <span class='ocrx_word' id='word_1_257' title='bbox 1469 3620 1639 3673; x_wconf 81' lang='grc' dir='ltr'>ταῦτα</span> <span class='ocrx_word' id='word_1_258' title='bbox 1676 3619 1836 3673; x_wconf 81' lang='grc' dir='ltr'>δυνα-</span> 
     </span>
    </p>
   </div>
   <div class='ocr_carea' id='block_1_38' title="bbox 235 3709 1831 3783">
    <p class='ocr_par' dir='ltr' id='par_1_38' title="bbox 235 3709 1831 3783">
     <span class='ocr_line' id='line_1_38' title="bbox 235 3709 1831 3783; baseline 0.003 -23"><span class='ocrx_word' id='word_1_259' title='bbox 235 3709 422 3779; x_wconf 84' lang='grc' dir='ltr'>μένων</span> <span class='ocrx_word' id='word_1_260' title='bbox 466 3712 668 3774; x_wconf 86' lang='grc' dir='ltr'>εἰπεῖν,</span> <span class='ocrx_word' id='word_1_261' title='bbox 722 3711 867 3781; x_wconf 85' lang='grc' dir='ltr'>ἆπερ</span> <span class='ocrx_word' id='word_1_262' title='bbox 916 3713 945 3764; x_wconf 82' lang='grc' dir='ltr'>ὁ</span> <span class='ocrx_word' id='word_1_263' title='bbox 979 3711 1191 3776; x_wconf 78' lang='grc' dir='ltr'>Παῦλος</span> <span class='ocrx_word' id='word_1_264' title='bbox 1236 3711 1663 3783; x_wconf 78' lang='grc' dir='ltr'>ἀπηριθμήσατο</span> <span class='ocrx_word' id='word_1_265' title='bbox 1708 3712 1831 3778; x_wconf 91' lang='grc' dir='ltr'>νῦν,</span> 
     </span>
    </p>
   </div>
   <div class='ocr_carea' id='block_1_39' title="bbox 230 3801 1834 3874">
    <p class='ocr_par' dir='ltr' id='par_1_39' title="bbox 230 3801 1834 3874">
     <span class='ocr_line' id='line_1_39' title="bbox 230 3801 1834 3874; baseline 0.002 -20"><span class='ocrx_word' id='word_1_266' title='bbox 230 3801 416 3864; x_wconf 71' lang='grc' dir='ltr'>οὐδεὶς</span> <span class='ocrx_word' id='word_1_267' title='bbox 469 3802 685 3874; x_wconf 70' lang='grc' dir='ltr'>ἐκείνης</span> <span class='ocrx_word' id='word_1_268' title='bbox 739 3801 1032 3856; x_wconf 85' lang='grc' dir='ltr'>ἀκούσεται</span> <span class='ocrx_word' id='word_1_269' title='bbox 1087 3803 1184 3874; x_wconf 83' lang='grc' dir='ltr'>τῆς</span> <span class='ocrx_word' id='word_1_270' title='bbox 1233 3805 1450 3873; x_wconf 86' lang='grc' dir='ltr'>φωνῆς·</span> <span class='ocrx_word' id='word_1_271' title='bbox 1510 3804 1644 3856; x_wconf 73' lang='grc' dir='ltr'>ἀλλὰ</span> <span class='ocrx_word' id='word_1_272' title='bbox 1695 3805 1834 3874; x_wconf 74' lang='grc' dir='ltr'>μετὰ</span> 
     </span>
    </p>
   </div>
   <div class='ocr_carea' id='block_1_40' title="bbox 159 3893 1833 3968">
    <p class='ocr_par' dir='ltr' id='par_1_40' title="bbox 159 3893 1833 3968">
     <span class='ocr_line' id='line_1_40' title="bbox 159 3893 1833 3968; baseline 0.001 -21"><span class='ocrx_word' id='word_1_273' title='bbox 159 3959 164 3964; x_wconf 26' lang='grc' dir='ltr'><strong>Ι</strong></span> <span class='ocrx_word' id='word_1_274' title='bbox 233 3894 444 3966; x_wconf 85' lang='grc' dir='ltr'>πολλῆς</span> <span class='ocrx_word' id='word_1_275' title='bbox 505 3894 607 3965; x_wconf 87' lang='grc' dir='ltr'>τῆς</span> <span class='ocrx_word' id='word_1_276' title='bbox 670 3895 984 3968; x_wconf 72' lang='grc' dir='ltr'>παρρησίας</span> <span class='ocrx_word' id='word_1_277' title='bbox 1021 3893 1130 3947; x_wconf 88' lang='grc' dir='ltr'>τῶν</span> <span class='ocrx_word' id='word_1_278' title='bbox 1191 3895 1438 3966; x_wconf 79' lang='grc' dir='ltr'>οὐρανῶν</span> <span class='ocrx_word' id='word_1_279' title='bbox 1510 3895 1833 3968; x_wconf 79' lang='grc' dir='ltr'>ἐπιϐήσεται</span> 
     </span>
    </p>
   </div>
   <div class='ocr_carea' id='block_1_41' title="bbox 233 3985 1832 4060">
    <p class='ocr_par' dir='ltr' id='par_1_41' title="bbox 233 3985 1832 4060">
     <span class='ocr_line' id='line_1_41' title="bbox 233 3985 1832 4060; baseline 0 -19"><span class='ocrx_word' id='word_1_280' title='bbox 233 3987 335 4041; x_wconf 75' lang='grc' dir='ltr'>καὶ</span> <span class='ocrx_word' id='word_1_281' title='bbox 361 3985 472 4040; x_wconf 83' lang='grc' dir='ltr'>τῶν</span> <span class='ocrx_word' id='word_1_282' title='bbox 503 3988 562 4041; x_wconf 80' lang='grc' dir='ltr'>ὲν</span> <span class='ocrx_word' id='word_1_283' title='bbox 589 3990 700 4053; x_wconf 86' lang='grc' dir='ltr'>τοῖς</span> <span class='ocrx_word' id='word_1_284' title='bbox 729 3989 977 4060; x_wconf 75' lang='grc' dir='ltr'>οὐρανοῖς</span> <span class='ocrx_word' id='word_1_285' title='bbox 1001 3985 1222 4056; x_wconf 80' lang='grc' dir='ltr'>ἀγαθῶν</span> <span class='ocrx_word' id='word_1_286' title='bbox 1273 3987 1640 4041; x_wconf 80' lang='grc' dir='ltr'>ἀπολαύσεται</span> <span class='ocrx_word' id='word_1_287' title='bbox 1692 3987 1832 4042; x_wconf 80' lang='grc' dir='ltr'>πάν-</span> 
     </span>
    </p>
   </div>
   <div class='ocr_carea' id='block_1_42' title="bbox 233 4096 372 4134">
    <p class='ocr_par' dir='ltr' id='par_1_42' title="bbox 233 4096 372 4134">
     <span class='ocr_line' id='line_1_42' title="bbox 233 4096 372 4134; baseline 0.007 -1"><span class='ocrx_word' id='word_1_288' title='bbox 233 4096 350 4133; x_wconf 81' lang='grc' dir='ltr'>των</span> <span class='ocrx_word' id='word_1_289' title='bbox 356 4119 372 4134; x_wconf 80' lang='grc' dir='ltr'><strong>ο</strong></span> 
     </span>
    </p>
   </div>
   <div class='ocr_carea' id='block_1_43' title="bbox 315 4171 1836 4257">
    <p class='ocr_par' dir='ltr' id='par_1_43' title="bbox 315 4171 1836 4257">
     <span class='ocr_line' id='line_1_43' title="bbox 315 4171 1836 4257; baseline 0 -19"><span class='ocrx_word' id='word_1_290' title='bbox 315 4185 384 4251; x_wconf 83' lang='grc' dir='ltr'>ζ’.</span> <span class='ocrx_word' id='word_1_291' title='bbox 421 4184 575 4256; x_wconf 86' lang='grc' dir='ltr'>Τάχα</span> <span class='ocrx_word' id='word_1_292' title='bbox 608 4185 944 4257; x_wconf 67' lang='grc' dir='ltr'>μακρότερος</span> <span class='ocrx_word' id='word_1_293' title='bbox 975 4187 1108 4256; x_wconf 78' lang='grc' dir='ltr'>ἡμῖν</span> <span class='ocrx_word' id='word_1_294' title='bbox 1135 4171 1169 4238; x_wconf 81' lang='grc' dir='ltr'>¹ὁ</span> <span class='ocrx_word' id='word_1_295' title='bbox 1201 4186 1358 4254; x_wconf 90' lang='grc' dir='ltr'>λόγος</span> <span class='ocrx_word' id='word_1_296' title='bbox 1401 4184 1649 4253; x_wconf 80' lang='grc' dir='ltr'>ἐγένετο·</span> <span class='ocrx_word' id='word_1_297' title='bbox 1695 4183 1836 4238; x_wconf 81' lang='grc' dir='ltr'>ἀλλά</span> 
     </span>
    </p>
   </div>
   <div class='ocr_carea' id='block_1_44' title="bbox 237 4275 1832 4350">
    <p class='ocr_par' dir='ltr' id='par_1_44' title="bbox 237 4275 1832 4350">
     <span class='ocr_line' id='line_1_44' title="bbox 237 4275 1832 4350; baseline -0.001 -21"><span class='ocrx_word' id='word_1_298' title='bbox 237 4277 318 4350; x_wconf 83' lang='grc' dir='ltr'>μὴ</span> <span class='ocrx_word' id='word_1_299' title='bbox 344 4277 582 4347; x_wconf 75' lang='grc' dir='ltr'>δείσητεο</span> <span class='ocrx_word' id='word_1_300' title='bbox 625 4277 726 4330; x_wconf 87' lang='grc' dir='ltr'>οὑκ</span> <span class='ocrx_word' id='word_1_301' title='bbox 750 4276 1158 4346; x_wconf 74' lang='grc' dir='ltr'>ἐπιλελήσμεθα</span> <span class='ocrx_word' id='word_1_302' title='bbox 1185 4277 1284 4348; x_wconf 82' lang='grc' dir='ltr'>τῆς</span> <span class='ocrx_word' id='word_1_303' title='bbox 1316 4275 1684 4346; x_wconf 80' lang='grc' dir='ltr'>ὑποσχέσεως,</span> <span class='ocrx_word' id='word_1_304' title='bbox 1715 4275 1832 4330; x_wconf 83' lang='grc' dir='ltr'>ἀλλ’</span> 
     </span>
    </p>
   </div>
   <div class='ocr_carea' id='block_1_45' title="bbox 232 4368 1834 4440">
    <p class='ocr_par' dir='ltr' id='par_1_45' title="bbox 232 4368 1834 4440">
     <span class='ocr_line' id='line_1_45' title="bbox 232 4368 1834 4440; baseline -0.001 -17"><span class='ocrx_word' id='word_1_305' title='bbox 232 4371 439 4423; x_wconf 75' lang='grc' dir='ltr'>αὐτίκα</span> <span class='ocrx_word' id='word_1_306' title='bbox 475 4370 540 4440; x_wconf 78' lang='grc' dir='ltr'>δὴ</span> <span class='ocrx_word' id='word_1_307' title='bbox 571 4369 708 4440; x_wconf 82' lang='grc' dir='ltr'>πρὸς</span> <span class='ocrx_word' id='word_1_308' title='bbox 736 4369 901 4438; x_wconf 75' lang='grc' dir='ltr'>αὐτὴν</span> <span class='ocrx_word' id='word_1_309' title='bbox 935 4369 1097 4421; x_wconf 86' lang='grc' dir='ltr'>πάλιν</span> <span class='ocrx_word' id='word_1_310' title='bbox 1126 4368 1489 4438; x_wconf 79' lang='grc' dir='ltr'>ὲπανήξομεν.</span> <span class='ocrx_word' id='word_1_311' title='bbox 1520 4369 1629 4422; x_wconf 79' lang='grc' dir='ltr'>Καὶ</span> <span class='ocrx_word' id='word_1_312' title='bbox 1659 4369 1834 4422; x_wconf 87' lang='grc' dir='ltr'>ταῦτα</span> 
     </span>
    </p>
   </div>
   <div class='ocr_carea' id='block_1_46' title="bbox 231 4457 1836 4529">
    <p class='ocr_par' dir='ltr' id='par_1_46' title="bbox 231 4457 1836 4529">
     <span class='ocr_line' id='line_1_46' title="bbox 231 4457 1836 4529; baseline -0.001 -17"><span class='ocrx_word' id='word_1_313' title='bbox 231 4460 296 4512; x_wconf 76' lang='grc' dir='ltr'>δὲ</span> <span class='ocrx_word' id='word_1_314' title='bbox 325 4460 390 4512; x_wconf 88' lang='grc' dir='ltr'>οὑ</span> <span class='ocrx_word' id='word_1_315' title='bbox 425 4459 603 4529; x_wconf 84' lang='grc' dir='ltr'>μάτην</span> <span class='ocrx_word' id='word_1_316' title='bbox 647 4458 1000 4529; x_wconf 80' lang='grc' dir='ltr'>ὲμηκύναμεν</span> <span class='ocrx_word' id='word_1_317' title='bbox 1023 4501 1039 4526; x_wconf 93' lang='grc'>,</span> <span class='ocrx_word' id='word_1_318' title='bbox 1084 4457 1218 4511; x_wconf 83' lang='grc' dir='ltr'>ἀλλὰ</span> <span class='ocrx_word' id='word_1_319' title='bbox 1258 4458 1346 4510; x_wconf 75' lang='grc' dir='ltr'>διὰ</span> <span class='ocrx_word' id='word_1_320' title='bbox 1376 4457 1623 4519; x_wconf 88' lang='grc' dir='ltr'>πλείονος</span> <span class='ocrx_word' id='word_1_321' title='bbox 1662 4474 1836 4510; x_wconf 86' lang='grc' dir='ltr'>κατα-</span> 
     </span>
    </p>
   </div>
   <div class='ocr_carea' id='block_1_47' title="bbox 236 4549 1834 4622">
    <p class='ocr_par' dir='ltr' id='par_1_47' title="bbox 236 4549 1834 4622">
     <span class='ocr_line' id='line_1_47' title="bbox 236 4549 1834 4622; baseline 0.001 -18"><span class='ocrx_word' id='word_1_322' title='bbox 236 4553 446 4621; x_wconf 80' lang='grc' dir='ltr'>σκευῆς</span> <span class='ocrx_word' id='word_1_323' title='bbox 498 4551 984 4622; x_wconf 78' lang='grc' dir='ltr'>ἀναμφισϐήτητον</span> <span class='ocrx_word' id='word_1_324' title='bbox 1032 4551 1128 4604; x_wconf 73' lang='grc' dir='ltr'>καὶ</span> <span class='ocrx_word' id='word_1_325' title='bbox 1159 4550 1492 4622; x_wconf 83' lang='grc' dir='ltr'>σαφέστερον</span> <span class='ocrx_word' id='word_1_326' title='bbox 1521 4549 1834 4620; x_wconf 83' lang='grc' dir='ltr'>βουλόμενοι</span> 
     </span>
    </p>
   </div>
   <div class='ocr_carea' id='block_1_48' title="bbox 237 4635 1837 4712">
    <p class='ocr_par' dir='ltr' id='par_1_48' title="bbox 237 4635 1837 4712">
     <span class='ocr_line' id='line_1_48' title="bbox 237 4635 1837 4712; baseline -0.001 -18"><span class='ocrx_word' id='word_1_327' title='bbox 237 4640 577 4712; x_wconf 83' lang='grc' dir='ltr'>ποιήσασθαι</span> <span class='ocrx_word' id='word_1_328' title='bbox 615 4640 712 4712; x_wconf 81' lang='grc' dir='ltr'>τὴν</span> <span class='ocrx_word' id='word_1_329' title='bbox 746 4642 1055 4707; x_wconf 76' lang='grc' dir='ltr'>ἀπόδειξιν,</span> <span class='ocrx_word' id='word_1_330' title='bbox 1095 4640 1232 4711; x_wconf 85' lang='grc' dir='ltr'>ὁμοῦ</span> <span class='ocrx_word' id='word_1_331' title='bbox 1281 4639 1337 4692; x_wconf 82' lang='grc' dir='ltr'>δὲ</span> <span class='ocrx_word' id='word_1_332' title='bbox 1368 4640 1468 4704; x_wconf 71' lang='grc' dir='ltr'>τὰς</span> <span class='ocrx_word' id='word_1_333' title='bbox 1499 4635 1837 4711; x_wconf 71' lang='grc' dir='ltr'>’θλιϐομένας</span> 
     </span>
    </p>
   </div>
   <div class='ocr_carea' id='block_1_49' title="bbox 237 4731 1836 4805">
    <p class='ocr_par' dir='ltr' id='par_1_49' title="bbox 237 4731 1836 4805">
     <span class='ocr_line' id='line_1_49' title="bbox 237 4731 1836 4805; baseline -0.001 -19"><span class='ocrx_word' id='word_1_334' title='bbox 237 4731 628 4804; x_wconf 78' lang='grc' dir='ltr'>παρακαλέσαι</span> <span class='ocrx_word' id='word_1_335' title='bbox 669 4731 846 4803; x_wconf 75' lang='grc' dir='ltr'>ψυχάς</span> <span class='ocrx_word' id='word_1_336' title='bbox 869 4773 884 4798; x_wconf 94' lang='grc'>,</span> <span class='ocrx_word' id='word_1_337' title='bbox 937 4733 1004 4786; x_wconf 85' lang='grc' dir='ltr'>ἵν’</span> <span class='ocrx_word' id='word_1_338' title='bbox 1033 4733 1260 4797; x_wconf 78' lang='grc' dir='ltr'>ἕκαστος</span> <span class='ocrx_word' id='word_1_339' title='bbox 1285 4731 1393 4785; x_wconf 81' lang='grc' dir='ltr'>τῶν</span> <span class='ocrx_word' id='word_1_340' title='bbox 1424 4735 1481 4785; x_wconf 82' lang='grc' dir='ltr'>ὲν</span> <span class='ocrx_word' id='word_1_341' title='bbox 1514 4735 1836 4805; x_wconf 84' lang='grc' dir='ltr'>πειρασμοῖς</span> 
     </span>
    </p>
   </div>
   <div class='ocr_carea' id='block_1_50' title="bbox 236 4821 1832 4893">
    <p class='ocr_par' dir='ltr' id='par_1_50' title="bbox 236 4821 1832 4893">
     <span class='ocr_line' id='line_1_50' title="bbox 236 4821 1832 4893; baseline -0.001 -16"><span class='ocrx_word' id='word_1_342' title='bbox 236 4823 412 4877; x_wconf 72' lang='grc' dir='ltr'>ὅντων</span> <span class='ocrx_word' id='word_1_343' title='bbox 429 4823 521 4876; x_wconf 75' lang='grc' dir='ltr'>καὶ</span> <span class='ocrx_word' id='word_1_344' title='bbox 535 4822 797 4886; x_wconf 80' lang='grc' dir='ltr'>κινδύνοις</span> <span class='ocrx_word' id='word_1_345' title='bbox 817 4823 1006 4893; x_wconf 81' lang='grc' dir='ltr'>ἱκανὴν</span> <span class='ocrx_word' id='word_1_346' title='bbox 1021 4822 1202 4876; x_wconf 81' lang='grc' dir='ltr'>λαϐὼν</span> <span class='ocrx_word' id='word_1_347' title='bbox 1221 4821 1575 4893; x_wconf 70' lang='grc' dir='ltr'>παραμυθίαν</span> <span class='ocrx_word' id='word_1_348' title='bbox 1595 4822 1805 4893; x_wconf 78' lang='grc' dir='ltr'>ἀπέλθῃ</span> <span class='ocrx_word' id='word_1_349' title='bbox 1817 4862 1832 4887; x_wconf 91' lang='grc'>,</span> 
     </span>
    </p>
   </div>
   <div class='ocr_carea' id='block_1_51' title="bbox 241 4914 1833 4987">
    <p class='ocr_par' dir='ltr' id='par_1_51' title="bbox 241 4914 1833 4987">
     <span class='ocr_line' id='line_1_51' title="bbox 241 4914 1833 4987; baseline -0.002 -18"><span class='ocrx_word' id='word_1_350' title='bbox 241 4914 438 4986; x_wconf 83' lang='grc' dir='ltr'>μαθὼν</span> <span class='ocrx_word' id='word_1_351' title='bbox 475 4917 556 4968; x_wconf 85' lang='grc' dir='ltr'>ὅτι</span> <span class='ocrx_word' id='word_1_352' title='bbox 587 4915 800 4968; x_wconf 80' lang='grc' dir='ltr'>Παύλου</span> <span class='ocrx_word' id='word_1_353' title='bbox 831 4915 1086 4980; x_wconf 83' lang='grc' dir='ltr'>κοινωνὸς</span> <span class='ocrx_word' id='word_1_354' title='bbox 1109 4916 1197 4969; x_wconf 77' lang='grc' dir='ltr'>διὰ</span> <span class='ocrx_word' id='word_1_355' title='bbox 1222 4914 1332 4968; x_wconf 85' lang='grc' dir='ltr'>τῶν</span> <span class='ocrx_word' id='word_1_356' title='bbox 1376 4914 1720 4987; x_wconf 78' lang='grc' dir='ltr'>παθημάτων</span> <span class='ocrx_word' id='word_1_357' title='bbox 1746 4914 1833 4981; x_wconf 87' lang='grc' dir='ltr'>γί-</span> 
     </span>
    </p>
   </div>
   <div class='ocr_carea' id='block_1_52' title="bbox 237 5010 1835 5083">
    <p class='ocr_par' dir='ltr' id='par_1_52' title="bbox 237 5010 1835 5083">
     <span class='ocr_line' id='line_1_52' title="bbox 237 5010 1835 5083; baseline 0.001 -19"><span class='ocrx_word' id='word_1_358' title='bbox 237 5027 428 5074; x_wconf 81' lang='grc' dir='ltr'>νεται,</span> <span class='ocrx_word' id='word_1_359' title='bbox 479 5010 682 5080; x_wconf 80' lang='grc' dir='ltr'>μᾶλλον</span> <span class='ocrx_word' id='word_1_360' title='bbox 733 5010 790 5064; x_wconf 89' lang='grc' dir='ltr'>δὲ</span> <span class='ocrx_word' id='word_1_361' title='bbox 821 5011 917 5065; x_wconf 84' lang='grc' dir='ltr'>τοῦ</span> <span class='ocrx_word' id='word_1_362' title='bbox 947 5011 1057 5065; x_wconf 89' lang='grc' dir='ltr'>τῶν</span> <span class='ocrx_word' id='word_1_363' title='bbox 1100 5011 1350 5081; x_wconf 86' lang='grc' dir='ltr'>ἀγγέλων</span> <span class='ocrx_word' id='word_1_364' title='bbox 1382 5012 1653 5065; x_wconf 83' lang='grc' dir='ltr'>Δεσπότου</span> <span class='ocrx_word' id='word_1_365' title='bbox 1698 5013 1835 5083; x_wconf 86' lang='grc' dir='ltr'>Χρι-</span> 
     </span>
    </p>
   </div>
   <div class='ocr_carea' id='block_1_53' title="bbox 241 5101 1833 5175">
    <p class='ocr_par' dir='ltr' id='par_1_53' title="bbox 241 5101 1833 5175">
     <span class='ocr_line' id='line_1_53' title="bbox 241 5101 1833 5175; baseline 0 -20"><span class='ocrx_word' id='word_1_366' title='bbox 241 5101 404 5155; x_wconf 83' lang='grc' dir='ltr'>στοῦ’</span> <span class='ocrx_word' id='word_1_367' title='bbox 436 5101 709 5155; x_wconf 79' lang='grc' dir='ltr'>κοινωνῶν</span> <span class='ocrx_word' id='word_1_368' title='bbox 731 5101 787 5155; x_wconf 81' lang='grc' dir='ltr'>δὲ</span> <span class='ocrx_word' id='word_1_369' title='bbox 831 5101 998 5156; x_wconf 86' lang='grc' dir='ltr'>αὑτοῦ</span> <span class='ocrx_word' id='word_1_370' title='bbox 1041 5102 1150 5155; x_wconf 85' lang='grc' dir='ltr'>τῶν</span> <span class='ocrx_word' id='word_1_371' title='bbox 1203 5103 1546 5175; x_wconf 82' lang='grc' dir='ltr'>παθημάτων</span> <span class='ocrx_word' id='word_1_372' title='bbox 1573 5102 1833 5169; x_wconf 76' lang='grc' dir='ltr'>ἐνταῦθα,</span> 
     </span>
    </p>
   </div>
   <div class='ocr_carea' id='block_1_54' title="bbox 237 5194 1837 5267">
    <p class='ocr_par' dir='ltr' id='par_1_54' title="bbox 237 5194 1837 5267">
     <span class='ocr_line' id='line_1_54' title="bbox 237 5194 1837 5267; baseline 0.003 -21"><span class='ocrx_word' id='word_1_373' title='bbox 237 5194 572 5265; x_wconf 71' lang='grc' dir='ltr'>κοινωνήσει</span> <span class='ocrx_word' id='word_1_374' title='bbox 599 5194 700 5264; x_wconf 85' lang='grc' dir='ltr'>τῆς</span> <span class='ocrx_word' id='word_1_375' title='bbox 739 5194 900 5267; x_wconf 81' lang='grc' dir='ltr'>δόξης</span> <span class='ocrx_word' id='word_1_376' title='bbox 927 5198 1042 5250; x_wconf 77' lang='grc' dir='ltr'>ἐκεῖ</span> <span class='ocrx_word' id='word_1_377' title='bbox 1063 5211 1076 5224; x_wconf 89' lang='grc'><strong>·</strong></span> <span class='ocrx_word' id='word_1_378' title='bbox 1115 5196 1300 5264; x_wconf 76' lang='grc' dir='ltr'>Εἴπερ</span> <span class='ocrx_word' id='word_1_379' title='bbox 1327 5195 1460 5265; x_wconf 79' lang='grc' dir='ltr'>γὰρ,</span> <span class='ocrx_word' id='word_1_380' title='bbox 1493 5196 1655 5266; x_wconf 74' lang='grc' dir='ltr'>φησὶ,</span> <span class='ocrx_word' id='word_1_381' title='bbox 1689 5211 1837 5266; x_wconf 88' lang='grc' dir='ltr'>συμ-</span> 
     </span>
    </p>
   </div>
   <div class='ocr_carea' id='block_1_55' title="bbox 241 5281 1836 5356">
    <p class='ocr_par' dir='ltr' id='par_1_55' title="bbox 241 5281 1836 5356">
     <span class='ocr_line' id='line_1_55' title="bbox 241 5281 1836 5356; baseline 0.001 -16"><span class='ocrx_word' id='word_1_382' title='bbox 241 5281 587 5356; x_wconf 74' lang='grc' dir='ltr'>πάσχομεν,</span> <span class='ocrx_word' id='word_1_383' title='bbox 606 5287 708 5340; x_wconf 78' lang='grc' dir='ltr'>ἵνα</span> <span class='ocrx_word' id='word_1_384' title='bbox 731 5286 1370 5356; x_wconf 74' lang='grc' dir='ltr'>καὶσυνδοξασθῶμεν</span> <span class='ocrx_word' id='word_1_385' title='bbox 1387 5303 1402 5318; x_wconf 75' lang='grc' dir='ltr'><strong>ο</strong></span> <span class='ocrx_word' id='word_1_386' title='bbox 1425 5288 1521 5341; x_wconf 73' lang='grc' dir='ltr'>καὶ</span> <span class='ocrx_word' id='word_1_387' title='bbox 1541 5287 1704 5342; x_wconf 83' lang='grc' dir='ltr'>πάλιν</span> <span class='ocrx_word' id='word_1_388' title='bbox 1729 5303 1744 5318; x_wconf 85' lang='grc'>·</span> <span class='ocrx_word' id='word_1_389' title='bbox 1764 5289 1836 5341; x_wconf 78' lang='lat' dir='ltr'><em>El</em></span> 
     </span>
    </p>
   </div>
   <div class='ocr_carea' id='block_1_56' title="bbox 245 5376 1833 5450">
    <p class='ocr_par' dir='ltr' id='par_1_56' title="bbox 245 5376 1833 5450">
     <span class='ocr_line' id='line_1_56' title="bbox 245 5376 1833 5450; baseline 0 -18"><span class='ocrx_word' id='word_1_390' title='bbox 245 5376 662 5446; x_wconf 77' lang='grc' dir='ltr'>ὑπομένομεν,</span> <span class='ocrx_word' id='word_1_391' title='bbox 697 5378 799 5432; x_wconf 79' lang='grc' dir='ltr'>ἵνα</span> <span class='ocrx_word' id='word_1_392' title='bbox 828 5379 927 5431; x_wconf 74' lang='grc' dir='ltr'>καὶ</span> <span class='ocrx_word' id='word_1_393' title='bbox 957 5379 1559 5448; x_wconf 86' lang='grc' dir='ltr'>συμϐασιλεύσωμεν.</span> <span class='ocrx_word' id='word_1_394' title='bbox 1603 5377 1833 5450; x_wconf 82' lang='grc' dir='ltr'>Ἀνάγκη</span> 
     </span>
    </p>
   </div>
   <div class='ocr_carea' id='block_1_57' title="bbox 243 5469 1836 5542">
    <p class='ocr_par' dir='ltr' id='par_1_57' title="bbox 243 5469 1836 5542">
     <span class='ocr_line' id='line_1_57' title="bbox 243 5469 1836 5542; baseline 0.001 -19"><span class='ocrx_word' id='word_1_395' title='bbox 243 5469 360 5542; x_wconf 80' lang='grc' dir='ltr'>γὰρ</span> <span class='ocrx_word' id='word_1_396' title='bbox 420 5471 515 5524; x_wconf 84' lang='grc' dir='ltr'>τὸν</span> <span class='ocrx_word' id='word_1_397' title='bbox 561 5470 748 5525; x_wconf 74' lang='grc' dir='ltr'>πιστὸν</span> <span class='ocrx_word' id='word_1_398' title='bbox 807 5471 1088 5526; x_wconf 88' lang='grc' dir='ltr'>θλίϐεσθαι</span> <span class='ocrx_word' id='word_1_399' title='bbox 1138 5471 1388 5535; x_wconf 85' lang='grc' dir='ltr'>πάντως.</span> <span class='ocrx_word' id='word_1_400' title='bbox 1445 5471 1677 5538; x_wconf 83' lang='grc' dir='ltr'>Πάντες</span> <span class='ocrx_word' id='word_1_401' title='bbox 1727 5472 1836 5541; x_wconf 68' lang='grc' dir='ltr'>γὰρ</span> 
     </span>
    </p>
   </div>
   <div class='ocr_carea' id='block_1_58' title="bbox 209 5547 1837 5632">
    <p class='ocr_par' dir='ltr' id='par_1_58' title="bbox 209 5547 1837 5632">
     <span class='ocr_line' id='line_1_58' title="bbox 209 5547 1837 5632; baseline 0 -16"><span class='ocrx_word' id='word_1_402' title='bbox 209 5547 304 5616; x_wconf 84' lang='grc' dir='ltr'>ὀι</span> <span class='ocrx_word' id='word_1_403' title='bbox 352 5561 636 5628; x_wconf 77' lang='grc' dir='ltr'>θέλοντες</span> <span class='ocrx_word' id='word_1_404' title='bbox 681 5560 786 5631; x_wconf 72' lang='grc' dir='ltr'>ζῆν</span> <span class='ocrx_word' id='word_1_405' title='bbox 832 5563 1099 5630; x_wconf 78' lang='grc' dir='ltr'>εὐσεϐῶς</span> <span class='ocrx_word' id='word_1_406' title='bbox 1144 5563 1215 5617; x_wconf 85' lang='grc' dir='ltr'>ἐν</span> <span class='ocrx_word' id='word_1_407' title='bbox 1260 5560 1528 5630; x_wconf 82' lang='grc' dir='ltr'>Χριστῷ,</span> <span class='ocrx_word' id='word_1_408' title='bbox 1581 5562 1837 5632; x_wconf 82' lang='grc' dir='ltr'>διωχθή-</span> 
     </span>
    </p>
   </div>
   <div class='ocr_carea' id='block_1_59' title="bbox 243 5653 1837 5724">
    <p class='ocr_par' dir='ltr' id='par_1_59' title="bbox 243 5653 1837 5724">
     <span class='ocr_line' id='line_1_59' title="bbox 243 5653 1837 5724; baseline 0.003 -20"><span class='ocrx_word' id='word_1_409' title='bbox 243 5665 498 5707; x_wconf 80' lang='grc' dir='ltr'>σονται·</span> <span class='ocrx_word' id='word_1_410' title='bbox 553 5654 650 5708; x_wconf 78' lang='grc' dir='ltr'>καὶ</span> <span class='ocrx_word' id='word_1_411' title='bbox 695 5654 858 5710; x_wconf 86' lang='grc' dir='ltr'>πάλιν</span> <span class='ocrx_word' id='word_1_412' title='bbox 883 5673 897 5687; x_wconf 93' lang='grc'><strong>·</strong></span> <span class='ocrx_word' id='word_1_413' title='bbox 961 5655 1202 5721; x_wconf 85' lang='grc' dir='ltr'>Τέκνον,</span> <span class='ocrx_word' id='word_1_414' title='bbox 1251 5656 1305 5708; x_wconf 81' lang='grc' dir='ltr'>εί</span> <span class='ocrx_word' id='word_1_415' title='bbox 1346 5653 1652 5724; x_wconf 78' lang='grc' dir='ltr'>προσέρχῃ</span> <span class='ocrx_word' id='word_1_416' title='bbox 1699 5653 1837 5708; x_wconf 84' lang='grc' dir='ltr'>δου-</span> 
     </span>
    </p>
   </div>
   <div class='ocr_carea' id='block_1_60' title="bbox 245 5744 1837 5819">
    <p class='ocr_par' dir='ltr' id='par_1_60' title="bbox 245 5744 1837 5819">
     <span class='ocr_line' id='line_1_60' title="bbox 245 5744 1837 5819; baseline 0.002 -20"><span class='ocrx_word' id='word_1_417' title='bbox 245 5744 455 5816; x_wconf 81' lang='grc' dir='ltr'>λεύειν</span> <span class='ocrx_word' id='word_1_418' title='bbox 483 5746 680 5814; x_wconf 82' lang='grc' dir='ltr'>Κυρίῳ</span> <span class='ocrx_word' id='word_1_419' title='bbox 694 5789 710 5815; x_wconf 94' lang='grc'>,</span> <span class='ocrx_word' id='word_1_420' title='bbox 750 5746 1074 5819; x_wconf 75' lang='grc' dir='ltr'>ἑτοίμασον</span> <span class='ocrx_word' id='word_1_421' title='bbox 1096 5746 1212 5819; x_wconf 70' lang='grc' dir='ltr'>τὴν</span> <span class='ocrx_word' id='word_1_422' title='bbox 1233 5748 1449 5818; x_wconf 70' lang='grc' dir='ltr'><em>ψυχήν</em></span> <span class='ocrx_word' id='word_1_423' title='bbox 1473 5761 1589 5802; x_wconf 91' lang='grc' dir='ltr'>σου</span> <span class='ocrx_word' id='word_1_424' title='bbox 1611 5749 1698 5816; x_wconf 82' lang='grc' dir='ltr'>εὶς</span> <span class='ocrx_word' id='word_1_425' title='bbox 1718 5762 1837 5802; x_wconf 82' lang='grc' dir='ltr'>πει-</span> 
     </span>
    </p>
   </div>
   <div class='ocr_carea' id='block_1_61' title="bbox 842 299 1829 374">
    <p class='ocr_par' dir='ltr' id='par_1_61' title="bbox 842 305 1829 374">
     <span class='ocr_line' id='line_1_61' title="bbox 842 305 1829 374; baseline -0.002 -12"><span class='ocrx_word' id='word_1_426' title='bbox 842 307 929 362; x_wconf 84' lang='lat' dir='ltr'><strong>DE</strong></span> <span class='ocrx_word' id='word_1_427' title='bbox 974 306 1220 363; x_wconf 63' lang='lat' dir='ltr'>VEIWIS</span> <span class='ocrx_word' id='word_1_428' title='bbox 1257 307 1619 374; x_wconf 79' lang='lat' dir='ltr'>APOSTOLI,</span> <span class='ocrx_word' id='word_1_429' title='bbox 1661 305 1829 362; x_wconf 78' lang='lat' dir='ltr'>&quot;ABE</span> 
     </span>
    </p>
   </div>
   <div class='ocr_carea' id='block_1_62' title="bbox 1933 299 2882 374">
    <p class='ocr_par' dir='ltr' id='par_1_62' title="bbox 1933 299 2882 370">
     <span class='ocr_line' id='line_1_62' title="bbox 1933 299 2882 370; baseline 0.009 -11"><span class='ocrx_word' id='word_1_430' title='bbox 1933 305 2029 363; x_wconf 83' lang='lat' dir='ltr'>’ES</span> <span class='ocrx_word' id='word_1_431' title='bbox 2069 299 2358 365; x_wconf 66' lang='lat' dir='ltr'>EUMDEM</span> <span class='ocrx_word' id='word_1_432' title='bbox 2401 313 2748 369; x_wconf 76' lang='lat' dir='ltr'>SPIRITUM.</span> <span class='ocrx_word' id='word_1_433' title='bbox 2791 311 2882 370; x_wconf 82' lang='grc' dir='ltr'><strong>ΙΙΙ.</strong></span> 
     </span>
    </p>
   </div>
   <div class='ocr_carea' id='block_1_63' title="bbox 3379 291 3504 347">
    <p class='ocr_par' dir='ltr' id='par_1_63' title="bbox 3379 291 3504 347">
     <span class='ocr_line' id='line_1_63' title="bbox 3379 291 3504 347; baseline -0.008 0"><span class='ocrx_word' id='word_1_434' title='bbox 3379 291 3381 294; x_wconf 72' lang='grc'><em>’</em></span> <span class='ocrx_word' id='word_1_435' title='bbox 3396 291 3504 347; x_wconf 76' lang='grc'>296</span> 
     </span>
    </p>
   </div>
   <div class='ocr_carea' id='block_1_64' title="bbox 1912 393 3506 483">
    <p class='ocr_par' dir='ltr' id='par_1_64' title="bbox 1912 393 3506 483">
     <span class='ocr_line' id='line_1_64' title="bbox 1912 393 3506 483; baseline -0.005 -14"><span class='ocrx_word' id='word_1_436' title='bbox 1912 414 2176 483; x_wconf 81' lang='grc' dir='ltr'>ρασμὸν,</span> <span class='ocrx_word' id='word_1_437' title='bbox 2203 413 2464 468; x_wconf 81' lang='grc' dir='ltr'>εὔθυνον</span> <span class='ocrx_word' id='word_1_438' title='bbox 2486 412 2585 466; x_wconf 76' lang='grc' dir='ltr'>καὶ</span> <span class='ocrx_word' id='word_1_439' title='bbox 2624 409 3012 482; x_wconf 83' lang='grc' dir='ltr'>καρτέρησον.</span> <span class='ocrx_word' id='word_1_440' title='bbox 3047 408 3224 463; x_wconf 77' lang='grc' dir='ltr'>Καλαὶ</span> <span class='ocrx_word' id='word_1_441' title='bbox 3253 409 3307 462; x_wconf 85' lang='grc' dir='ltr'>αί</span> <span class='ocrx_word' id='word_1_442' title='bbox 3336 393 3506 480; x_wconf 78' lang='grc' dir='ltr'>ἐπαγ-</span> 
     </span>
    </p>
   </div>
   <div class='ocr_carea' id='block_1_65' title="bbox 1921 501 3508 575">
    <p class='ocr_par' dir='ltr' id='par_1_65' title="bbox 1921 501 3508 575">
     <span class='ocr_line' id='line_1_65' title="bbox 1921 501 3508 575; baseline -0.001 -20"><span class='ocrx_word' id='word_1_443' title='bbox 1921 504 2098 570; x_wconf 88' lang='grc' dir='ltr'>γελίαι</span> <span class='ocrx_word' id='word_1_444' title='bbox 2128 504 2192 556; x_wconf 82' lang='grc' dir='ltr'>ὲκ</span> <span class='ocrx_word' id='word_1_445' title='bbox 2242 504 2545 575; x_wconf 84' lang='grc' dir='ltr'>προοιμίων</span> <span class='ocrx_word' id='word_1_446' title='bbox 2591 504 2670 567; x_wconf 80' lang='grc' dir='ltr'>είς</span> <span class='ocrx_word' id='word_1_447' title='bbox 2703 502 3042 572; x_wconf 82' lang='grc' dir='ltr'>πειρασμοὺς</span> <span class='ocrx_word' id='word_1_448' title='bbox 3085 501 3378 570; x_wconf 72' lang='grc' dir='ltr'>ἐμπεσεῖν·</span> <span class='ocrx_word' id='word_1_449' title='bbox 3416 518 3508 570; x_wconf 88' lang='grc' dir='ltr'>με-</span> 
     </span>
    </p>
   </div>
   <div class='ocr_carea' id='block_1_66' title="bbox 1921 591 3506 667">
    <p class='ocr_par' dir='ltr' id='par_1_66' title="bbox 1921 591 3506 667">
     <span class='ocr_line' id='line_1_66' title="bbox 1921 591 3506 667; baseline -0.003 -19"><span class='ocrx_word' id='word_1_450' title='bbox 1921 595 2062 666; x_wconf 84' lang='grc' dir='ltr'>γάλη</span> <span class='ocrx_word' id='word_1_451' title='bbox 2085 595 2370 667; x_wconf 84' lang='grc' dir='ltr'>προτροπὴ</span> <span class='ocrx_word' id='word_1_452' title='bbox 2392 595 2485 648; x_wconf 55' lang='grc' dir='ltr'>καὶ⁵</span> <span class='ocrx_word' id='word_1_453' title='bbox 2505 595 2850 666; x_wconf 85' lang='grc' dir='ltr'>παράκλησις</span> <span class='ocrx_word' id='word_1_454' title='bbox 2878 591 3114 664; x_wconf 78' lang='grc' dir='ltr'>ἐναργὴς</span> <span class='ocrx_word' id='word_1_455' title='bbox 3136 592 3235 662; x_wconf 85' lang='grc' dir='ltr'>τῆς</span> <span class='ocrx_word' id='word_1_456' title='bbox 3258 591 3506 655; x_wconf 84' lang='grc' dir='ltr'>δουλείας</span> 
     </span>
    </p>
   </div>
   <div class='ocr_carea' id='block_1_67' title="bbox 1923 678 3508 755">
    <p class='ocr_par' dir='ltr' id='par_1_67' title="bbox 1923 678 3508 755">
     <span class='ocr_line' id='line_1_67' title="bbox 1923 678 3508 755; baseline -0.001 -15"><span class='ocrx_word' id='word_1_457' title='bbox 1923 687 2184 741; x_wconf 87' lang='grc' dir='ltr'>κινδύνων</span> <span class='ocrx_word' id='word_1_458' title='bbox 2225 687 2436 750; x_wconf 77' lang='grc' dir='ltr'>εὐθέως</span> <span class='ocrx_word' id='word_1_459' title='bbox 2485 684 2913 754; x_wconf 84' lang='grc' dir='ltr'>ἀπογεύσασθαι.</span> <span class='ocrx_word' id='word_1_460' title='bbox 2966 683 3213 755; x_wconf 82' lang='grc' dir='ltr'>Μεγίστη</span> <span class='ocrx_word' id='word_1_461' title='bbox 3267 678 3358 736; x_wconf 83' lang='grc' dir='ltr'>οῦν</span> <span class='ocrx_word' id='word_1_462' title='bbox 3411 685 3508 738; x_wconf 76' lang='grc' dir='ltr'>καὶ</span> 
     </span>
    </p>
   </div>
   <div class='ocr_carea' id='block_1_68' title="bbox 1924 761 3508 850">
    <p class='ocr_par' dir='ltr' id='par_1_68' title="bbox 1924 761 3508 850">
     <span class='ocr_line' id='line_1_68' title="bbox 1924 761 3508 850; baseline -0.003 -18"><span class='ocrx_word' id='word_1_463' title='bbox 1924 778 2242 850; x_wconf 82' lang='grc' dir='ltr'>θαυμασία,</span> <span class='ocrx_word' id='word_1_464' title='bbox 2293 777 2386 830; x_wconf 76' lang='grc' dir='ltr'>καὶ</span> <span class='ocrx_word' id='word_1_465' title='bbox 2445 776 2636 849; x_wconf 79' lang='grc' dir='ltr'>κέρδος</span> <span class='ocrx_word' id='word_1_466' title='bbox 2682 775 2883 846; x_wconf 76' lang='grc' dir='ltr'>ἔχουσα</span> <span class='ocrx_word' id='word_1_467' title='bbox 2937 774 3212 845; x_wconf 78' lang='grc' dir='ltr'>μέγιστον.</span> <span class='ocrx_word' id='word_1_468' title='bbox 3259 761 3418 830; x_wconf 87' lang='grc' dir='ltr'>Ποῖον</span> <span class='ocrx_word' id='word_1_469' title='bbox 3444 775 3508 828; x_wconf 74' lang='grc' dir='ltr'>’δὲ</span> 
     </span>
    </p>
   </div>
   <div class='ocr_carea' id='block_1_69' title="bbox 1922 863 3510 936">
    <p class='ocr_par' dir='ltr' id='par_1_69' title="bbox 1922 863 3510 936">
     <span class='ocr_line' id='line_1_69' title="bbox 1922 863 3510 936; baseline -0.003 -14"><span class='ocrx_word' id='word_1_470' title='bbox 1922 869 2109 932; x_wconf 86' lang='grc' dir='ltr'>τοῦτο;</span> <span class='ocrx_word' id='word_1_471' title='bbox 2163 870 2431 923; x_wconf 77' lang='grc' dir='ltr'>’Ἄκουσον</span> <span class='ocrx_word' id='word_1_472' title='bbox 2477 869 2586 920; x_wconf 87' lang='grc' dir='ltr'>τῶν</span> <span class='ocrx_word' id='word_1_473' title='bbox 2635 865 2796 936; x_wconf 75' lang='grc' dir='ltr'>ἐξῆςο</span> <span class='ocrx_word' id='word_1_474' title='bbox 2846 867 3072 932; x_wconf 87' lang='grc' dir='ltr'>Ὥσπερ</span> <span class='ocrx_word' id='word_1_475' title='bbox 3112 863 3223 933; x_wconf 81' lang='grc' dir='ltr'>γὰρ</span> <span class='ocrx_word' id='word_1_476' title='bbox 3255 864 3323 916; x_wconf 78' lang='grc' dir='ltr'>ἐν</span> <span class='ocrx_word' id='word_1_477' title='bbox 3364 863 3510 932; x_wconf 69' lang='grc' dir='ltr'>πυρὶ</span> 
     </span>
    </p>
   </div>
   <div class='ocr_carea' id='block_1_70' title="bbox 1924 955 3512 1030">
    <p class='ocr_par' dir='ltr' id='par_1_70' title="bbox 1924 955 3512 1030">
     <span class='ocr_line' id='line_1_70' title="bbox 1924 955 3512 1030; baseline -0.003 -16"><span class='ocrx_word' id='word_1_478' title='bbox 1924 960 2294 1030; x_wconf 80' lang='grc' dir='ltr'>δοκιμάζεται</span> <span class='ocrx_word' id='word_1_479' title='bbox 2336 957 2595 1030; x_wconf 84' lang='grc' dir='ltr'>χρυσὸς,</span> <span class='ocrx_word' id='word_1_480' title='bbox 2647 957 2835 1023; x_wconf 85' lang='grc' dir='ltr'>οὕτως</span> <span class='ocrx_word' id='word_1_481' title='bbox 2876 956 3172 1024; x_wconf 79' lang='grc' dir='ltr'>ἅνθρωποι</span> <span class='ocrx_word' id='word_1_482' title='bbox 3208 955 3406 1010; x_wconf 74' lang='grc' dir='ltr'>δεκτοὶ</span> <span class='ocrx_word' id='word_1_483' title='bbox 3439 956 3512 1009; x_wconf 81' lang='grc' dir='ltr'>ἐν</span> 
     </span>
    </p>
   </div>
   <div class='ocr_carea' id='block_1_71' title="bbox 1925 1048 3510 1126">
    <p class='ocr_par' dir='ltr' id='par_1_71' title="bbox 1925 1048 3510 1126">
     <span class='ocr_line' id='line_1_71' title="bbox 1925 1048 3510 1126; baseline -0.005 -19"><span class='ocrx_word' id='word_1_484' title='bbox 1925 1054 2154 1122; x_wconf 82' lang='grc' dir='ltr'>καμίνῳ</span> <span class='ocrx_word' id='word_1_485' title='bbox 2193 1051 2627 1117; x_wconf 85' lang='grc' dir='ltr'>ταπεινώσεως.</span> <span class='ocrx_word' id='word_1_486' title='bbox 2686 1053 2751 1126; x_wconf 72' lang='grc' dir='ltr'>’ξο</span> <span class='ocrx_word' id='word_1_487' title='bbox 2783 1050 2840 1102; x_wconf 82' lang='grc' dir='ltr'>δὲ</span> <span class='ocrx_word' id='word_1_488' title='bbox 2881 1048 3030 1117; x_wconf 88' lang='grc' dir='ltr'>λέγει</span> <span class='ocrx_word' id='word_1_489' title='bbox 3062 1048 3302 1102; x_wconf 88' lang='grc' dir='ltr'>τοιοῦτόν</span> <span class='ocrx_word' id='word_1_490' title='bbox 3329 1050 3510 1100; x_wconf 78' lang='grc' dir='ltr'>ἐστιν·</span> 
     </span>
    </p>
   </div>
   <div class='ocr_carea' id='block_1_72' title="bbox 1931 1139 3512 1214">
    <p class='ocr_par' dir='ltr' id='par_1_72' title="bbox 1931 1139 3512 1214">
     <span class='ocr_line' id='line_1_72' title="bbox 1931 1139 3512 1214; baseline -0.003 -18"><span class='ocrx_word' id='word_1_491' title='bbox 1931 1144 2142 1213; x_wconf 83' lang='grc' dir='ltr'>Ὠσπερ</span> <span class='ocrx_word' id='word_1_492' title='bbox 2158 1142 2218 1195; x_wconf 86' lang='grc' dir='ltr'>τὸ</span> <span class='ocrx_word' id='word_1_493' title='bbox 2247 1143 2468 1214; x_wconf 89' lang='grc' dir='ltr'>χρυσίον</span> <span class='ocrx_word' id='word_1_494' title='bbox 2511 1141 2589 1214; x_wconf 80' lang='grc' dir='ltr'>τῷ</span> <span class='ocrx_word' id='word_1_495' title='bbox 2631 1142 2766 1213; x_wconf 75' lang='grc' dir='ltr'>πυρὶ</span> <span class='ocrx_word' id='word_1_496' title='bbox 2807 1139 3226 1211; x_wconf 75' lang='grc' dir='ltr'>βασανιζόμενον</span> <span class='ocrx_word' id='word_1_497' title='bbox 3262 1139 3512 1212; x_wconf 83' lang='grc' dir='ltr'>καθαρώ-</span> 
     </span>
    </p>
   </div>
   <div class='ocr_carea' id='block_1_73' title="bbox 1925 1233 3514 1310">
    <p class='ocr_par' dir='ltr' id='par_1_73' title="bbox 1925 1233 3514 1310">
     <span class='ocr_line' id='line_1_73' title="bbox 1925 1233 3514 1310; baseline -0.004 -18"><span class='ocrx_word' id='word_1_498' title='bbox 1925 1243 2084 1310; x_wconf 82' lang='grc' dir='ltr'>τερον</span> <span class='ocrx_word' id='word_1_499' title='bbox 2111 1239 2354 1306; x_wconf 88' lang='grc' dir='ltr'>γίνεται,</span> <span class='ocrx_word' id='word_1_500' title='bbox 2403 1236 2546 1291; x_wconf 77' lang='grc' dir='ltr'>οὕτω</span> <span class='ocrx_word' id='word_1_501' title='bbox 2577 1236 2671 1290; x_wconf 71' lang='grc' dir='ltr'>καὶ</span> <span class='ocrx_word' id='word_1_502' title='bbox 2701 1238 2735 1307; x_wconf 82' lang='grc' dir='ltr'><strong>ἡ</strong></span> <span class='ocrx_word' id='word_1_503' title='bbox 2766 1235 2942 1307; x_wconf 77' lang='grc' dir='ltr'>ψυχὴ,</span> <span class='ocrx_word' id='word_1_504' title='bbox 2977 1234 3218 1304; x_wconf 76' lang='grc' dir='ltr'>θλίψεσιν</span> <span class='ocrx_word' id='word_1_505' title='bbox 3248 1233 3514 1304; x_wconf 77' lang='grc' dir='ltr'>ὁμιλοῦσα</span> 
     </span>
    </p>
   </div>
   <div class='ocr_carea' id='block_1_74' title="bbox 1927 1325 3514 1400">
    <p class='ocr_par' dir='ltr' id='par_1_74' title="bbox 1927 1325 3514 1400">
     <span class='ocr_line' id='line_1_74' title="bbox 1927 1325 3514 1400; baseline -0.004 -17"><span class='ocrx_word' id='word_1_506' title='bbox 1927 1331 2023 1383; x_wconf 75' lang='grc' dir='ltr'>καὶ</span> <span class='ocrx_word' id='word_1_507' title='bbox 2065 1329 2363 1391; x_wconf 87' lang='grc' dir='ltr'>κινδύνοις,</span> <span class='ocrx_word' id='word_1_508' title='bbox 2424 1328 2754 1400; x_wconf 80' lang='grc' dir='ltr'>φαιδροτέρα</span> <span class='ocrx_word' id='word_1_509' title='bbox 2811 1329 2904 1380; x_wconf 72' lang='grc' dir='ltr'>καὶ</span> <span class='ocrx_word' id='word_1_510' title='bbox 2949 1325 3104 1398; x_wconf 75' lang='grc'>[285]</span> <span class='ocrx_word' id='word_1_511' title='bbox 3155 1325 3514 1396; x_wconf 81' lang='grc' dir='ltr'>λαμπροτέρα</span> 
     </span>
    </p>
   </div>
   <div class='ocr_carea' id='block_1_75' title="bbox 1926 1418 3516 1492">
    <p class='ocr_par' dir='ltr' id='par_1_75' title="bbox 1926 1418 3516 1492">
     <span class='ocr_line' id='line_1_75' title="bbox 1926 1418 3516 1492; baseline -0.002 -20"><span class='ocrx_word' id='word_1_512' title='bbox 1926 1419 2134 1483; x_wconf 78' lang='grc' dir='ltr'>ἄνεισι,</span> <span class='ocrx_word' id='word_1_513' title='bbox 2185 1419 2277 1472; x_wconf 72' lang='grc' dir='ltr'>καὶ</span> <span class='ocrx_word' id='word_1_514' title='bbox 2311 1421 2492 1474; x_wconf 76' lang='grc' dir='ltr'>πᾶσαν</span> <span class='ocrx_word' id='word_1_515' title='bbox 2545 1420 2962 1492; x_wconf 79' lang='grc' dir='ltr'>ἁμαρτημάτων</span> <span class='ocrx_word' id='word_1_516' title='bbox 3009 1418 3373 1490; x_wconf 75' lang='grc' dir='ltr'>ἀπορῤίψεται</span> <span class='ocrx_word' id='word_1_517' title='bbox 3422 1434 3516 1487; x_wconf 76' lang='grc' dir='ltr'>κηο</span> 
     </span>
    </p>
   </div>
   <div class='ocr_carea' id='block_1_76' title="bbox 1925 1505 3512 1583">
    <p class='ocr_par' dir='ltr' id='par_1_76' title="bbox 1925 1505 3512 1583">
     <span class='ocr_line' id='line_1_76' title="bbox 1925 1505 3512 1583; baseline -0.003 -19"><span class='ocrx_word' id='word_1_518' title='bbox 1925 1511 2062 1565; x_wconf 86' lang='grc' dir='ltr'>λῐδα.</span> <span class='ocrx_word' id='word_1_519' title='bbox 2100 1505 2264 1565; x_wconf 84' lang='grc' dir='ltr'>’Όθεν</span> <span class='ocrx_word' id='word_1_520' title='bbox 2294 1513 2387 1565; x_wconf 82' lang='grc' dir='ltr'>καὶ</span> <span class='ocrx_word' id='word_1_521' title='bbox 2418 1512 2553 1583; x_wconf 75' lang='grc' dir='ltr'>πρὸς</span> <span class='ocrx_word' id='word_1_522' title='bbox 2578 1512 2670 1566; x_wconf 85' lang='grc' dir='ltr'>τὸν</span> <span class='ocrx_word' id='word_1_523' title='bbox 2696 1511 2951 1565; x_wconf 87' lang='grc' dir='ltr'>πλούσιον</span> <span class='ocrx_word' id='word_1_524' title='bbox 2978 1510 3130 1578; x_wconf 74' lang='grc' dir='ltr'>ἔλεγε</span> <span class='ocrx_word' id='word_1_525' title='bbox 3159 1512 3188 1563; x_wconf 85' lang='grc' dir='ltr'>ὁ</span> <span class='ocrx_word' id='word_1_526' title='bbox 3239 1508 3512 1580; x_wconf 78' lang='grc' dir='ltr'>Ἀϐραὰμ,</span> 
     </span>
    </p>
   </div>
   <div class='ocr_carea' id='block_1_77' title="bbox 1927 1601 3515 1671">
    <p class='ocr_par' dir='ltr' id='par_1_77' title="bbox 1927 1601 3515 1671">
     <span class='ocr_line' id='line_1_77' title="bbox 1927 1601 3515 1671; baseline 0 -15"><span class='ocrx_word' id='word_1_527' title='bbox 1927 1604 2009 1656; x_wconf 81' lang='grc' dir='ltr'>ὅτι</span> <span class='ocrx_word' id='word_1_528' title='bbox 2039 1602 2301 1671; x_wconf 85' lang='grc' dir='ltr'>Λάζαρος</span> <span class='ocrx_word' id='word_1_529' title='bbox 2342 1603 2606 1658; x_wconf 79' lang='grc' dir='ltr'>ἀπέλαϐε</span> <span class='ocrx_word' id='word_1_530' title='bbox 2639 1604 2712 1658; x_wconf 86' lang='grc' dir='ltr'>τὰ</span> <span class='ocrx_word' id='word_1_531' title='bbox 2739 1602 2918 1668; x_wconf 87' lang='grc' dir='ltr'>κακὰ,</span> <span class='ocrx_word' id='word_1_532' title='bbox 2959 1603 3059 1656; x_wconf 75' lang='grc' dir='ltr'>καὶ</span> <span class='ocrx_word' id='word_1_533' title='bbox 3107 1601 3367 1656; x_wconf 80' lang='grc' dir='ltr'>ἐνταῦθα</span> <span class='ocrx_word' id='word_1_534' title='bbox 3411 1615 3515 1656; x_wconf 85' lang='grc' dir='ltr'>πα·</span> 
     </span>
    </p>
   </div>
   <div class='ocr_carea' id='block_1_78' title="bbox 1920 1679 3516 1768">
    <p class='ocr_par' dir='ltr' id='par_1_78' title="bbox 1920 1679 3516 1768">
     <span class='ocr_line' id='line_1_78' title="bbox 1920 1679 3516 1768; baseline -0.001 -20"><span class='ocrx_word' id='word_1_535' title='bbox 1920 1698 2292 1765; x_wconf 75' lang='grc' dir='ltr'>ρίικιιλεῖτιιι.</span> <span class='ocrx_word' id='word_1_536' title='bbox 2368 1698 2479 1751; x_wconf 74' lang='grc' dir='ltr'>Καὶ</span> <span class='ocrx_word' id='word_1_537' title='bbox 2530 1696 2741 1760; x_wconf 85' lang='grc' dir='ltr'>Παῦλος</span> <span class='ocrx_word' id='word_1_538' title='bbox 2802 1695 3112 1768; x_wconf 84' lang='grc' dir='ltr'>Κορινθίοις</span> <span class='ocrx_word' id='word_1_539' title='bbox 3181 1679 3516 1746; x_wconf 70' lang='grc' dir='ltr'>ἐπιστέλλων</span> 
     </span>
    </p>
   </div>
   <div class='ocr_carea' id='block_1_79' title="bbox 1929 1783 3516 1856">
    <p class='ocr_par' dir='ltr' id='par_1_79' title="bbox 1929 1783 3516 1856">
     <span class='ocr_line' id='line_1_79' title="bbox 1929 1783 3516 1856; baseline 0 -20"><span class='ocrx_word' id='word_1_540' title='bbox 1929 1784 2136 1856; x_wconf 78' lang='grc' dir='ltr'>ἔγραφε</span> <span class='ocrx_word' id='word_1_541' title='bbox 2158 1802 2170 1814; x_wconf 86' lang='grc'><strong>·</strong></span> <span class='ocrx_word' id='word_1_542' title='bbox 2202 1785 2306 1838; x_wconf 86' lang='grc' dir='ltr'>Διὰ</span> <span class='ocrx_word' id='word_1_543' title='bbox 2337 1786 2514 1839; x_wconf 83' lang='grc' dir='ltr'>τοῦτο</span> <span class='ocrx_word' id='word_1_544' title='bbox 2544 1783 2613 1838; x_wconf 79' lang='grc' dir='ltr'>ἐν</span> <span class='ocrx_word' id='word_1_545' title='bbox 2645 1785 2788 1854; x_wconf 79' lang='grc' dir='ltr'>ὑμῖν</span> <span class='ocrx_word' id='word_1_546' title='bbox 2820 1783 3040 1838; x_wconf 75' lang='grc' dir='ltr'>πολλοὶ</span> <span class='ocrx_word' id='word_1_547' title='bbox 3085 1783 3363 1849; x_wconf 82' lang='grc' dir='ltr'>ἀσθενεῖς</span> <span class='ocrx_word' id='word_1_548' title='bbox 3415 1783 3516 1836; x_wconf 76' lang='grc' dir='ltr'>καὶ</span> 
     </span>
    </p>
   </div>
   <div class='ocr_carea' id='block_1_80' title="bbox 1928 1865 3520 1947">
    <p class='ocr_par' dir='ltr' id='par_1_80' title="bbox 1928 1865 3520 1947">
     <span class='ocr_line' id='line_1_80' title="bbox 1928 1865 3520 1947; baseline 0 -21"><span class='ocrx_word' id='word_1_549' title='bbox 1928 1875 2236 1942; x_wconf 71' lang='grc' dir='ltr'>ἄρρωστοι.</span> <span class='ocrx_word' id='word_1_550' title='bbox 2288 1879 2360 1930; x_wconf 83' lang='lat' dir='ltr'>El</span> <span class='ocrx_word' id='word_1_551' title='bbox 2415 1877 2524 1947; x_wconf 78' lang='grc' dir='ltr'>γὰρ</span> <span class='ocrx_word' id='word_1_552' title='bbox 2579 1876 2836 1942; x_wconf 84' lang='grc' dir='ltr'>ἑαυτοὺς</span> <span class='ocrx_word' id='word_1_553' title='bbox 2890 1876 3229 1944; x_wconf 86' lang='grc' dir='ltr'>ἑκρίνομεν,</span> <span class='ocrx_word' id='word_1_554' title='bbox 3282 1875 3392 1927; x_wconf 81' lang='grc' dir='ltr'>οὐκ</span> <span class='ocrx_word' id='word_1_555' title='bbox 3437 1865 3520 1926; x_wconf 71' lang='grc' dir='ltr'>’ἂν</span> 
     </span>
    </p>
   </div>
   <div class='ocr_carea' id='block_1_81' title="bbox 1927 1959 3518 2036">
    <p class='ocr_par' dir='ltr' id='par_1_81' title="bbox 1927 1959 3518 2036">
     <span class='ocr_line' id='line_1_81' title="bbox 1927 1959 3518 2036; baseline 0.001 -19"><span class='ocrx_word' id='word_1_556' title='bbox 1927 1965 2304 2036; x_wconf 79' lang='grc' dir='ltr'>ἐκρινόμεθα·</span> <span class='ocrx_word' id='word_1_557' title='bbox 2335 1970 2673 2036; x_wconf 85' lang='grc' dir='ltr'>κρινόμενοι</span> <span class='ocrx_word' id='word_1_558' title='bbox 2715 1967 2782 2019; x_wconf 85' lang='grc' dir='ltr'>δὲ</span> <span class='ocrx_word' id='word_1_559' title='bbox 2815 1967 2931 2021; x_wconf 83' lang='grc' dir='ltr'>ὑπὸ</span> <span class='ocrx_word' id='word_1_560' title='bbox 2977 1967 3200 2035; x_wconf 83' lang='grc' dir='ltr'>Κυρίου</span> <span class='ocrx_word' id='word_1_561' title='bbox 3239 1959 3518 2019; x_wconf 82' lang='grc' dir='ltr'>παιδευό-</span> 
     </span>
    </p>
   </div>
   <div class='ocr_carea' id='block_1_82' title="bbox 1921 2056 3518 2130">
    <p class='ocr_par' dir='ltr' id='par_1_82' title="bbox 1921 2056 3518 2130">
     <span class='ocr_line' id='line_1_82' title="bbox 1921 2056 3518 2130; baseline -0.003 -18"><span class='ocrx_word' id='word_1_562' title='bbox 1921 2063 2108 2126; x_wconf 85' lang='grc' dir='ltr'>μεθα,</span> <span class='ocrx_word' id='word_1_563' title='bbox 2155 2061 2361 2129; x_wconf 75' lang='grc' dir='ltr'><em>ἵναμὴ</em></span> <span class='ocrx_word' id='word_1_564' title='bbox 2396 2060 2519 2114; x_wconf 89' lang='grc' dir='ltr'>σὺν</span> <span class='ocrx_word' id='word_1_565' title='bbox 2558 2059 2636 2126; x_wconf 86' lang='grc' dir='ltr'>τῷ</span> <span class='ocrx_word' id='word_1_566' title='bbox 2663 2061 2870 2130; x_wconf 80' lang='grc' dir='ltr'>κόσμῳ</span> <span class='ocrx_word' id='word_1_567' title='bbox 2905 2058 3371 2128; x_wconf 81' lang='grc' dir='ltr'>κατακριθῶμεν.</span> <span class='ocrx_word' id='word_1_568' title='bbox 3404 2056 3518 2108; x_wconf 70' lang='grc' dir='ltr'>Καὶ</span> 
     </span>
    </p>
   </div>
   <div class='ocr_carea' id='block_1_83' title="bbox 1926 2149 3517 2224">
    <p class='ocr_par' dir='ltr' id='par_1_83' title="bbox 1926 2149 3517 2224">
     <span class='ocr_line' id='line_1_83' title="bbox 1926 2149 3517 2224; baseline -0.003 -19"><span class='ocrx_word' id='word_1_569' title='bbox 1926 2153 2018 2205; x_wconf 68' lang='grc' dir='ltr'>τὸν</span> <span class='ocrx_word' id='word_1_570' title='bbox 2052 2149 2464 2224; x_wconf 82' lang='grc' dir='ltr'>πεπορνευκότα</span> <span class='ocrx_word' id='word_1_571' title='bbox 2509 2153 2565 2206; x_wconf 83' lang='grc' dir='ltr'>δὲ</span> <span class='ocrx_word' id='word_1_572' title='bbox 2614 2153 2683 2206; x_wconf 89' lang='grc' dir='ltr'>δι’</span> <span class='ocrx_word' id='word_1_573' title='bbox 2710 2153 2842 2206; x_wconf 80' lang='grc' dir='ltr'>αὐτὸ</span> <span class='ocrx_word' id='word_1_574' title='bbox 2873 2153 3032 2206; x_wconf 84' lang='grc' dir='ltr'>τοῦτο</span> <span class='ocrx_word' id='word_1_575' title='bbox 3080 2149 3398 2224; x_wconf 74' lang='grc' dir='ltr'>παρέδωκεν</span> <span class='ocrx_word' id='word_1_576' title='bbox 3435 2150 3517 2212; x_wconf 83' lang='grc' dir='ltr'>είς</span> 
     </span>
    </p>
   </div>
   <div class='ocr_carea' id='block_1_84' title="bbox 1932 2240 3518 2316">
    <p class='ocr_par' dir='ltr' id='par_1_84' title="bbox 1932 2240 3518 2316">
     <span class='ocr_line' id='line_1_84' title="bbox 1932 2240 3518 2316; baseline -0.002 -21"><span class='ocrx_word' id='word_1_577' title='bbox 1932 2242 2146 2314; x_wconf 72' lang='grc' dir='ltr'>ὄλεθρον</span> <span class='ocrx_word' id='word_1_578' title='bbox 2193 2245 2290 2315; x_wconf 84' lang='grc' dir='ltr'>τῆς</span> <span class='ocrx_word' id='word_1_579' title='bbox 2334 2244 2564 2316; x_wconf 74' lang='grc' dir='ltr'>σαρκὸς,</span> <span class='ocrx_word' id='word_1_580' title='bbox 2619 2245 2706 2298; x_wconf 81' lang='grc' dir='ltr'>ἵνα</span> <span class='ocrx_word' id='word_1_581' title='bbox 2732 2246 2794 2298; x_wconf 85' lang='grc' dir='ltr'>τὸ</span> <span class='ocrx_word' id='word_1_582' title='bbox 2835 2244 3054 2316; x_wconf 89' lang='grc' dir='ltr'>πνεῦμα</span> <span class='ocrx_word' id='word_1_583' title='bbox 3089 2242 3271 2314; x_wconf 76' lang='grc' dir='ltr'>σωθῇο</span> <span class='ocrx_word' id='word_1_584' title='bbox 3303 2240 3518 2303; x_wconf 71' lang='grc' dir='ltr'>δεικνὺς</span> 
     </span>
    </p>
   </div>
   <div class='ocr_carea' id='block_1_85' title="bbox 1929 2331 3517 2406">
    <p class='ocr_par' dir='ltr' id='par_1_85' title="bbox 1929 2331 3517 2406">
     <span class='ocr_line' id='line_1_85' title="bbox 1929 2331 3517 2406; baseline -0.001 -22"><span class='ocrx_word' id='word_1_585' title='bbox 1929 2333 2010 2384; x_wconf 78' lang='grc' dir='ltr'>ὅτι</span> <span class='ocrx_word' id='word_1_586' title='bbox 2041 2337 2318 2406; x_wconf 83' lang='grc' dir='ltr'>σωτηρίαν</span> <span class='ocrx_word' id='word_1_587' title='bbox 2349 2336 2378 2387; x_wconf 84' lang='grc' dir='ltr'>ὁ</span> <span class='ocrx_word' id='word_1_588' title='bbox 2407 2335 2598 2406; x_wconf 85' lang='grc' dir='ltr'>παρὼν</span> <span class='ocrx_word' id='word_1_589' title='bbox 2643 2333 2940 2406; x_wconf 80' lang='grc' dir='ltr'>ἐργάζεται</span> <span class='ocrx_word' id='word_1_590' title='bbox 2989 2332 3316 2405; x_wconf 75' lang='grc' dir='ltr'>πειρασμδς,</span> <span class='ocrx_word' id='word_1_591' title='bbox 3345 2332 3440 2385; x_wconf 74' lang='grc' dir='ltr'>καὶ</span> <span class='ocrx_word' id='word_1_592' title='bbox 3468 2331 3517 2383; x_wconf 84' lang='grc' dir='ltr'>οί</span> 
     </span>
    </p>
   </div>
   <div class='ocr_carea' id='block_1_86' title="bbox 1930 2424 3522 2500">
    <p class='ocr_par' dir='ltr' id='par_1_86' title="bbox 1930 2424 3522 2500">
     <span class='ocr_line' id='line_1_86' title="bbox 1930 2424 3522 2500; baseline 0.006 -22"><span class='ocrx_word' id='word_1_593' title='bbox 1930 2427 2162 2480; x_wconf 83' lang='grc' dir='ltr'>κίνδυνοι</span> <span class='ocrx_word' id='word_1_594' title='bbox 2199 2432 2312 2492; x_wconf 86' lang='grc' dir='ltr'>τοῖς</span> <span class='ocrx_word' id='word_1_595' title='bbox 2349 2431 2467 2500; x_wconf 80' lang='grc' dir='ltr'>μετ’</span> <span class='ocrx_word' id='word_1_596' title='bbox 2501 2428 2852 2500; x_wconf 80' lang='grc' dir='ltr'>εὐχαριστίας</span> <span class='ocrx_word' id='word_1_597' title='bbox 2899 2427 3096 2489; x_wconf 79' lang='grc' dir='ltr'>αὑτοὺς</span> <span class='ocrx_word' id='word_1_598' title='bbox 3137 2424 3394 2496; x_wconf 69' lang='grc' dir='ltr'>φέρουσιν</span> <span class='ocrx_word' id='word_1_599' title='bbox 3430 2435 3522 2476; x_wconf 76' lang='grc' dir='ltr'>καο</span> 
     </span>
    </p>
   </div>
   <div class='ocr_carea' id='block_1_87' title="bbox 1931 2514 3521 2590">
    <p class='ocr_par' dir='ltr' id='par_1_87' title="bbox 1931 2514 3521 2590">
     <span class='ocr_line' id='line_1_87' title="bbox 1931 2514 3521 2590; baseline -0.001 -20"><span class='ocrx_word' id='word_1_600' title='bbox 1931 2516 2153 2589; x_wconf 79' lang='grc' dir='ltr'>θάρσιον</span> <span class='ocrx_word' id='word_1_601' title='bbox 2180 2520 2357 2590; x_wconf 77' lang='grc' dir='ltr'>ψυχῆς</span> <span class='ocrx_word' id='word_1_602' title='bbox 2383 2522 2488 2572; x_wconf 83' lang='grc' dir='ltr'>εἰσι</span> <span class='ocrx_word' id='word_1_603' title='bbox 2524 2521 2798 2590; x_wconf 79' lang='grc' dir='ltr'>μέγιστον.</span> <span class='ocrx_word' id='word_1_604' title='bbox 2834 2519 2956 2572; x_wconf 87' lang='grc' dir='ltr'>’Ότι</span> <span class='ocrx_word' id='word_1_605' title='bbox 2993 2519 3092 2588; x_wconf 80' lang='grc' dir='ltr'>μὲν</span> <span class='ocrx_word' id='word_1_606' title='bbox 3123 2514 3218 2570; x_wconf 81' lang='grc' dir='ltr'>οὖν</span> <span class='ocrx_word' id='word_1_607' title='bbox 3244 2515 3521 2569; x_wconf 75' lang='grc' dir='ltr'>ἐθλίϐοντο</span> 
     </span>
    </p>
   </div>
   <div class='ocr_carea' id='block_1_88' title="bbox 1929 2607 3516 2682">
    <p class='ocr_par' dir='ltr' id='par_1_88' title="bbox 1929 2607 3516 2682">
     <span class='ocr_line' id='line_1_88' title="bbox 1929 2607 3516 2682; baseline -0.003 -19"><span class='ocrx_word' id='word_1_608' title='bbox 1929 2611 1979 2663; x_wconf 79' lang='grc' dir='ltr'>οἱ</span> <span class='ocrx_word' id='word_1_609' title='bbox 2011 2612 2220 2673; x_wconf 77' lang='grc' dir='ltr'>πιστοὶ,</span> <span class='ocrx_word' id='word_1_610' title='bbox 2249 2613 2342 2664; x_wconf 76' lang='grc' dir='ltr'>καὶ</span> <span class='ocrx_word' id='word_1_611' title='bbox 2368 2611 2535 2682; x_wconf 79' lang='grc' dir='ltr'>μυρία</span> <span class='ocrx_word' id='word_1_612' title='bbox 2569 2611 2806 2681; x_wconf 73' lang='grc' dir='ltr'>ἔπασχον</span> <span class='ocrx_word' id='word_1_613' title='bbox 2839 2609 2986 2664; x_wconf 86' lang='grc' dir='ltr'>δεινά</span> <span class='ocrx_word' id='word_1_614' title='bbox 3013 2609 3107 2662; x_wconf 73' lang='grc' dir='ltr'>καὶ</span> <span class='ocrx_word' id='word_1_615' title='bbox 3144 2607 3388 2679; x_wconf 71' lang='grc' dir='ltr'>μαθηταὶ</span> <span class='ocrx_word' id='word_1_616' title='bbox 3419 2607 3516 2660; x_wconf 74' lang='grc' dir='ltr'>καὶ</span> 
     </span>
    </p>
   </div>
   <div class='ocr_carea' id='block_1_89' title="bbox 1930 2699 3516 2774">
    <p class='ocr_par' dir='ltr' id='par_1_89' title="bbox 1930 2699 3516 2774">
     <span class='ocr_line' id='line_1_89' title="bbox 1930 2699 3516 2774; baseline -0.003 -20"><span class='ocrx_word' id='word_1_617' title='bbox 1930 2701 2236 2755; x_wconf 83' lang='grc' dir='ltr'>διδάσκαλοι</span> <span class='ocrx_word' id='word_1_618' title='bbox 2283 2706 2377 2756; x_wconf 75' lang='grc' dir='ltr'>καὶ</span> <span class='ocrx_word' id='word_1_619' title='bbox 2410 2703 2529 2756; x_wconf 85' lang='grc' dir='ltr'>οὑδὲ</span> <span class='ocrx_word' id='word_1_620' title='bbox 2571 2703 2767 2774; x_wconf 86' lang='grc' dir='ltr'>μικρὸν</span> <span class='ocrx_word' id='word_1_621' title='bbox 2793 2700 3073 2763; x_wconf 84' lang='grc' dir='ltr'>ἀνέπνεον,</span> <span class='ocrx_word' id='word_1_622' title='bbox 3111 2699 3380 2760; x_wconf 88' lang='grc' dir='ltr'>ποικίλοις</span> <span class='ocrx_word' id='word_1_623' title='bbox 3401 2700 3516 2750; x_wconf 81' lang='grc' dir='ltr'>τισὶ</span> 
     </span>
    </p>
   </div>
   <div class='ocr_carea' id='block_1_90' title="bbox 1932 2789 3522 2863">
    <p class='ocr_par' dir='ltr' id='par_1_90' title="bbox 1932 2789 3522 2863">
     <span class='ocr_line' id='line_1_90' title="bbox 1932 2789 3522 2863; baseline -0.003 -16"><span class='ocrx_word' id='word_1_624' title='bbox 1932 2795 2028 2847; x_wconf 78' lang='grc' dir='ltr'>καὶ</span> <span class='ocrx_word' id='word_1_625' title='bbox 2067 2795 2431 2858; x_wconf 84' lang='grc' dir='ltr'>παντοδαποῖς</span> <span class='ocrx_word' id='word_1_626' title='bbox 2489 2794 2751 2848; x_wconf 82' lang='grc' dir='ltr'>πάντοθεν</span> <span class='ocrx_word' id='word_1_627' title='bbox 2800 2789 3327 2863; x_wconf 83' lang='grc' dir='ltr'>περιεστοιχισμένοι</span> <span class='ocrx_word' id='word_1_628' title='bbox 3373 2790 3522 2842; x_wconf 84' lang='grc' dir='ltr'>πολέ-</span> 
     </span>
    </p>
   </div>
   <div class='ocr_carea' id='block_1_91' title="bbox 1937 2871 3523 2958">
    <p class='ocr_par' dir='ltr' id='par_1_91' title="bbox 1937 2871 3523 2958">
     <span class='ocr_line' id='line_1_91' title="bbox 1937 2871 3523 2958; baseline -0.005 -18"><span class='ocrx_word' id='word_1_629' title='bbox 1937 2903 2078 2958; x_wconf 89' lang='grc' dir='ltr'>μοις,</span> <span class='ocrx_word' id='word_1_630' title='bbox 2101 2884 2298 2948; x_wconf 83' lang='grc' dir='ltr'>ἱκανῶς</span> <span class='ocrx_word' id='word_1_631' title='bbox 2317 2889 2343 2940; x_wconf 74' lang='grc' dir='ltr'>ὁ</span> <span class='ocrx_word' id='word_1_632' title='bbox 2362 2885 2515 2952; x_wconf 80' lang='grc' dir='ltr'>λόγος</span> <span class='ocrx_word' id='word_1_633' title='bbox 2535 2871 2903 2947; x_wconf 60' lang='grc' dir='ltr'>απέδειξεριαὶ⁷</span> <span class='ocrx_word' id='word_1_634' title='bbox 2921 2883 3092 2936; x_wconf 89' lang='grc' dir='ltr'>πλείω</span> <span class='ocrx_word' id='word_1_635' title='bbox 3109 2881 3166 2933; x_wconf 84' lang='grc' dir='ltr'>δὲ</span> <span class='ocrx_word' id='word_1_636' title='bbox 3184 2881 3291 2934; x_wconf 87' lang='grc' dir='ltr'>τῶν</span> <span class='ocrx_word' id='word_1_637' title='bbox 3309 2881 3523 2950; x_wconf 80' lang='grc' dir='ltr'>εἰρημέ-</span> 
     </span>
    </p>
   </div>
   <div class='ocr_carea' id='block_1_92' title="bbox 1935 2972 3524 3048">
    <p class='ocr_par' dir='ltr' id='par_1_92' title="bbox 1935 2972 3524 3048">
     <span class='ocr_line' id='line_1_92' title="bbox 1935 2972 3524 3048; baseline -0.006 -15"><span class='ocrx_word' id='word_1_638' title='bbox 1935 2997 2040 3033; x_wconf 91' lang='grc' dir='ltr'>νων</span> <span class='ocrx_word' id='word_1_639' title='bbox 2070 2981 2180 3040; x_wconf 84' lang='grc' dir='ltr'>τοῖς</span> <span class='ocrx_word' id='word_1_640' title='bbox 2203 2979 2507 3048; x_wconf 82' lang='grc' dir='ltr'>φιλοπόνοις</span> <span class='ocrx_word' id='word_1_641' title='bbox 2530 2976 2737 3043; x_wconf 76' lang='grc' dir='ltr'>ἔξεστιν</span> <span class='ocrx_word' id='word_1_642' title='bbox 2756 2974 3117 3042; x_wconf 76' lang='grc' dir='ltr'>ἀναλέξασθαι</span> <span class='ocrx_word' id='word_1_643' title='bbox 3147 2975 3212 3027; x_wconf 83' lang='grc' dir='ltr'>ὲκ</span> <span class='ocrx_word' id='word_1_644' title='bbox 3232 2972 3342 3026; x_wconf 85' lang='grc' dir='ltr'>τῶν</span> <span class='ocrx_word' id='word_1_645' title='bbox 3364 2972 3524 3026; x_wconf 88' lang='grc' dir='ltr'>θείων</span> 
     </span>
    </p>
   </div>
   <div class='ocr_carea' id='block_1_93' title="bbox 1938 3072 2192 3143">
    <p class='ocr_par' dir='ltr' id='par_1_93' title="bbox 1938 3072 2192 3143">
     <span class='ocr_line' id='line_1_93' title="bbox 1938 3072 2192 3143; baseline -0.012 -19"><span class='ocrx_word' id='word_1_646' title='bbox 1938 3072 2192 3143; x_wconf 78' lang='grc' dir='ltr'>Γραφῶν.</span> 
     </span>
    </p>
   </div>
   <div class='ocr_carea' id='block_1_94' title="bbox 2002 3157 3521 3233">
    <p class='ocr_par' dir='ltr' id='par_1_94' title="bbox 2002 3157 3521 3233">
     <span class='ocr_line' id='line_1_94' title="bbox 2002 3157 3521 3233; baseline -0.005 -17"><span class='ocrx_word' id='word_1_647' title='bbox 2002 3169 2074 3233; x_wconf 83' lang='grc' dir='ltr'>η’.</span> <span class='ocrx_word' id='word_1_648' title='bbox 2100 3162 2300 3214; x_wconf 79' lang='grc' dir='ltr'>Λοιπὸν</span> <span class='ocrx_word' id='word_1_649' title='bbox 2328 3159 2384 3214; x_wconf 81' lang='grc' dir='ltr'>δὲ</span> <span class='ocrx_word' id='word_1_650' title='bbox 2411 3159 2504 3213; x_wconf 71' lang='grc' dir='ltr'>ἐπὶ</span> <span class='ocrx_word' id='word_1_651' title='bbox 2534 3159 2593 3212; x_wconf 82' lang='grc' dir='ltr'>τὺ</span> <span class='ocrx_word' id='word_1_652' title='bbox 2615 3159 2976 3231; x_wconf 88' lang='grc' dir='ltr'>προκείμενον</span> <span class='ocrx_word' id='word_1_653' title='bbox 3002 3157 3093 3211; x_wconf 77' lang='grc' dir='ltr'>τὸν</span> <span class='ocrx_word' id='word_1_654' title='bbox 3116 3157 3276 3223; x_wconf 88' lang='grc' dir='ltr'>λόγον</span> <span class='ocrx_word' id='word_1_655' title='bbox 3310 3157 3521 3225; x_wconf 78' lang='grc' dir='ltr'>ἀγάγω-</span> 
     </span>
    </p>
   </div>
   <div class='ocr_carea' id='block_1_95' title="bbox 1938 3247 3524 3325">
    <p class='ocr_par' dir='ltr' id='par_1_95' title="bbox 1938 3247 3524 3325">
     <span class='ocr_line' id='line_1_95' title="bbox 1938 3247 3524 3325; baseline -0.003 -21"><span class='ocrx_word' id='word_1_656' title='bbox 1938 3270 2037 3322; x_wconf 89' lang='grc' dir='ltr'>μεν</span> <span class='ocrx_word' id='word_1_657' title='bbox 2057 3293 2070 3308; x_wconf 93' lang='grc'>.</span> <span class='ocrx_word' id='word_1_658' title='bbox 2116 3253 2181 3306; x_wconf 90' lang='grc' dir='ltr'>Τί</span> <span class='ocrx_word' id='word_1_659' title='bbox 2225 3253 2281 3305; x_wconf 83' lang='grc' dir='ltr'>δὲ</span> <span class='ocrx_word' id='word_1_660' title='bbox 2314 3253 2376 3305; x_wconf 85' lang='grc' dir='ltr'>τὸ</span> <span class='ocrx_word' id='word_1_661' title='bbox 2416 3251 2774 3325; x_wconf 88' lang='grc' dir='ltr'>προκείμενον</span> <span class='ocrx_word' id='word_1_662' title='bbox 2820 3247 2888 3324; x_wconf 80' lang='grc' dir='ltr'>ἦν</span> <span class='ocrx_word' id='word_1_663' title='bbox 2919 3251 3122 3315; x_wconf 85' lang='grc' dir='ltr'>εἰπεῖν;</span> <span class='ocrx_word' id='word_1_664' title='bbox 3155 3249 3311 3312; x_wconf 88' lang='grc' dir='ltr'>Τίνος</span> <span class='ocrx_word' id='word_1_665' title='bbox 3338 3248 3524 3301; x_wconf 75' lang='grc' dir='ltr'>ἕνεκεν</span> 
     </span>
    </p>
   </div>
   <div class='ocr_carea' id='block_1_96' title="bbox 1935 3327 3524 3415">
    <p class='ocr_par' dir='ltr' id='par_1_96' title="bbox 1935 3340 3524 3415">
     <span class='ocr_line' id='line_1_96' title="bbox 1935 3340 3524 3415; baseline -0.003 -17"><span class='ocrx_word' id='word_1_666' title='bbox 1935 3340 2088 3398; x_wconf 87' lang='grc' dir='ltr'>εἶπεν</span> <span class='ocrx_word' id='word_1_667' title='bbox 2103 3347 2132 3398; x_wconf 82' lang='grc' dir='ltr'>ὁ</span> <span class='ocrx_word' id='word_1_668' title='bbox 2152 3345 2386 3409; x_wconf 81' lang='grc' dir='ltr'>Παῦλος,</span> <span class='ocrx_word' id='word_1_669' title='bbox 2418 3347 2703 3415; x_wconf 82' lang='grc' dir='ltr'>Ἔχοντες</span> <span class='ocrx_word' id='word_1_670' title='bbox 2728 3343 2966 3412; x_wconf 85' lang='grc' dir='ltr'>Πνεῦμα</span> <span class='ocrx_word' id='word_1_671' title='bbox 2988 3343 3251 3405; x_wconf 88' lang='grc' dir='ltr'>πίστεως</span> <span class='ocrx_word' id='word_1_672' title='bbox 3263 3342 3330 3394; x_wconf 89' lang='grc' dir='ltr'>τὸ</span> <span class='ocrx_word' id='word_1_673' title='bbox 3352 3341 3524 3393; x_wconf 84' lang='grc' dir='ltr'>αὐτό.</span> 
     </span>
    </p>
   </div>
   <div class='ocr_carea' id='block_1_97' title="bbox 1934 3433 3526 3507">
    <p class='ocr_par' dir='ltr' id='par_1_97' title="bbox 1934 3433 3526 3507">
     <span class='ocr_line' id='line_1_97' title="bbox 1934 3433 3526 3507; baseline -0.003 -18"><span class='ocrx_word' id='word_1_674' title='bbox 1934 3437 2090 3500; x_wconf 88' lang='grc' dir='ltr'>Τίνος</span> <span class='ocrx_word' id='word_1_675' title='bbox 2119 3433 2212 3490; x_wconf 76' lang='grc' dir='ltr'>οὖν</span> <span class='ocrx_word' id='word_1_676' title='bbox 2243 3437 2429 3490; x_wconf 77' lang='grc' dir='ltr'>ἕνεκεν</span> <span class='ocrx_word' id='word_1_677' title='bbox 2455 3435 2642 3502; x_wconf 84' lang='grc' dir='ltr'>εἷπεν;</span> <span class='ocrx_word' id='word_1_678' title='bbox 2685 3434 2965 3507; x_wconf 83' lang='grc' dir='ltr'>Ἐθορύϐει</span> <span class='ocrx_word' id='word_1_679' title='bbox 2990 3434 3148 3487; x_wconf 85' lang='grc' dir='ltr'>τοῦτο</span> <span class='ocrx_word' id='word_1_680' title='bbox 3187 3435 3313 3498; x_wconf 74' lang='grc' dir='ltr'>τοὺς</span> <span class='ocrx_word' id='word_1_681' title='bbox 3359 3433 3526 3503; x_wconf 82' lang='grc' dir='ltr'>μαθη·</span> 
     </span>
    </p>
   </div>
   <div class='ocr_carea' id='block_1_98' title="bbox 1933 3517 3523 3599">
    <p class='ocr_par' dir='ltr' id='par_1_98' title="bbox 1933 3517 3523 3599">
     <span class='ocr_line' id='line_1_98' title="bbox 1933 3517 3523 3599; baseline -0.004 -17"><span class='ocrx_word' id='word_1_682' title='bbox 1933 3527 2060 3593; x_wconf 75' lang='grc' dir='ltr'>τὰς,</span> <span class='ocrx_word' id='word_1_683' title='bbox 2089 3529 2172 3581; x_wconf 81' lang='grc' dir='ltr'>ὅτι</span> <span class='ocrx_word' id='word_1_684' title='bbox 2219 3517 2287 3582; x_wconf 81' lang='grc' dir='ltr'>τὰ</span> <span class='ocrx_word' id='word_1_685' title='bbox 2331 3529 2432 3599; x_wconf 86' lang='grc' dir='ltr'>μὲν</span> <span class='ocrx_word' id='word_1_686' title='bbox 2478 3529 2624 3583; x_wconf 90' lang='grc' dir='ltr'>δεινά</span> <span class='ocrx_word' id='word_1_687' title='bbox 2673 3531 2732 3582; x_wconf 82' lang='grc' dir='ltr'>ὲν</span> <span class='ocrx_word' id='word_1_688' title='bbox 2783 3528 2986 3598; x_wconf 82' lang='grc' dir='ltr'>πείρᾳ,</span> <span class='ocrx_word' id='word_1_689' title='bbox 3035 3526 3106 3579; x_wconf 89' lang='grc' dir='ltr'>τά</span> <span class='ocrx_word' id='word_1_690' title='bbox 3133 3526 3187 3578; x_wconf 85' lang='grc' dir='ltr'>δὲ</span> <span class='ocrx_word' id='word_1_691' title='bbox 3222 3524 3435 3596; x_wconf 70' lang='grc' dir='ltr'>χρηστὰ</span> <span class='ocrx_word' id='word_1_692' title='bbox 3466 3525 3523 3576; x_wconf 70' lang='grc' dir='ltr'>έν</span> 
     </span>
    </p>
   </div>
   <div class='ocr_carea' id='block_1_99' title="bbox 1933 3616 3525 3693">
    <p class='ocr_par' dir='ltr' id='par_1_99' title="bbox 1933 3616 3525 3693">
     <span class='ocr_line' id='line_1_99' title="bbox 1933 3616 3525 3693; baseline -0.002 -20"><span class='ocrx_word' id='word_1_693' title='bbox 1933 3621 2148 3675; x_wconf 75' lang='grc' dir='ltr'>ἐλπίσιο</span> <span class='ocrx_word' id='word_1_694' title='bbox 2185 3622 2278 3674; x_wconf 76' lang='grc' dir='ltr'>καὶ</span> <span class='ocrx_word' id='word_1_695' title='bbox 2309 3621 2380 3675; x_wconf 83' lang='grc' dir='ltr'>τὰ</span> <span class='ocrx_word' id='word_1_696' title='bbox 2424 3621 2524 3693; x_wconf 84' lang='grc' dir='ltr'>μὲν</span> <span class='ocrx_word' id='word_1_697' title='bbox 2566 3623 2783 3693; x_wconf 82' lang='grc' dir='ltr'>παρῆν,</span> <span class='ocrx_word' id='word_1_698' title='bbox 2829 3618 2900 3672; x_wconf 84' lang='grc' dir='ltr'>τὰ</span> <span class='ocrx_word' id='word_1_699' title='bbox 2927 3619 2983 3672; x_wconf 82' lang='grc' dir='ltr'>δὲ</span> <span class='ocrx_word' id='word_1_700' title='bbox 3033 3618 3390 3689; x_wconf 77' lang='grc' dir='ltr'>ἀφειστήκει·</span> <span class='ocrx_word' id='word_1_701' title='bbox 3429 3616 3525 3670; x_wconf 74' lang='grc' dir='ltr'>καὶ</span> 
     </span>
    </p>
   </div>
   <div class='ocr_carea' id='block_1_100' title="bbox 1933 3708 3522 3785">
    <p class='ocr_par' dir='ltr' id='par_1_100' title="bbox 1933 3708 3522 3785">
     <span class='ocr_line' id='line_1_100' title="bbox 1933 3708 3522 3785; baseline -0.005 -17"><span class='ocrx_word' id='word_1_702' title='bbox 1933 3714 2003 3768; x_wconf 83' lang='grc' dir='ltr'>τὰ</span> <span class='ocrx_word' id='word_1_703' title='bbox 2033 3714 2131 3785; x_wconf 84' lang='grc' dir='ltr'>μὲν</span> <span class='ocrx_word' id='word_1_704' title='bbox 2166 3713 2408 3781; x_wconf 75' lang='grc' dir='ltr'>ἐγίνετο,</span> <span class='ocrx_word' id='word_1_705' title='bbox 2442 3713 2512 3766; x_wconf 78' lang='grc' dir='ltr'>τὰ</span> <span class='ocrx_word' id='word_1_706' title='bbox 2543 3713 2600 3766; x_wconf 81' lang='grc' dir='ltr'>δὲ</span> <span class='ocrx_word' id='word_1_707' title='bbox 2633 3711 2914 3783; x_wconf 72' lang='grc' dir='ltr'>ἠλπίζετο.</span> <span class='ocrx_word' id='word_1_708' title='bbox 2959 3710 3071 3763; x_wconf 77' lang='grc' dir='ltr'>Καὶ</span> <span class='ocrx_word' id='word_1_709' title='bbox 3103 3709 3156 3762; x_wconf 94' lang='grc' dir='ltr'>τί</span> <span class='ocrx_word' id='word_1_710' title='bbox 3188 3708 3522 3779; x_wconf 82' lang='grc' dir='ltr'>θαυμαστὸν,</span> 
     </span>
    </p>
   </div>
   <div class='ocr_carea' id='block_1_101' title="bbox 1934 3800 3517 3878">
    <p class='ocr_par' dir='ltr' id='par_1_101' title="bbox 1934 3800 3517 3878">
     <span class='ocr_line' id='line_1_101' title="bbox 1934 3800 3517 3878; baseline -0.006 -17"><span class='ocrx_word' id='word_1_711' title='bbox 1934 3810 1982 3861; x_wconf 76' lang='grc' dir='ltr'>εἰ</span> <span class='ocrx_word' id='word_1_712' title='bbox 2004 3808 2125 3860; x_wconf 89' lang='grc' dir='ltr'>τότε</span> <span class='ocrx_word' id='word_1_713' title='bbox 2148 3809 2206 3860; x_wconf 83' lang='grc' dir='ltr'>ἐν</span> <span class='ocrx_word' id='word_1_714' title='bbox 2231 3807 2374 3878; x_wconf 82' lang='grc' dir='ltr'>ἀρχῇ</span> <span class='ocrx_word' id='word_1_715' title='bbox 2405 3805 2497 3860; x_wconf 84' lang='grc' dir='ltr'>τοῦ</span> <span class='ocrx_word' id='word_1_716' title='bbox 2526 3804 2881 3876; x_wconf 87' lang='grc' dir='ltr'>κηρύγματος</span> <span class='ocrx_word' id='word_1_717' title='bbox 2901 3801 3060 3854; x_wconf 87' lang='grc' dir='ltr'>τοῦτο</span> <span class='ocrx_word' id='word_1_718' title='bbox 3085 3800 3320 3870; x_wconf 74' lang='grc' dir='ltr'>ἔπασχόν</span> <span class='ocrx_word' id='word_1_719' title='bbox 3349 3817 3517 3864; x_wconf 83' lang='grc' dir='ltr'>τινες,</span> 
     </span>
    </p>
   </div>
   <div class='ocr_carea' id='block_1_102' title="bbox 1933 3889 3524 3966">
    <p class='ocr_par' dir='ltr' id='par_1_102' title="bbox 1933 3889 3524 3966">
     <span class='ocr_line' id='line_1_102' title="bbox 1933 3889 3524 3966; baseline -0.006 -14"><span class='ocrx_word' id='word_1_720' title='bbox 1933 3899 2067 3952; x_wconf 83' lang='grc' dir='ltr'>ὅπου</span> <span class='ocrx_word' id='word_1_721' title='bbox 2114 3915 2179 3966; x_wconf 87' lang='grc' dir='ltr'>γε</span> <span class='ocrx_word' id='word_1_722' title='bbox 2235 3897 2332 3950; x_wconf 80' lang='grc' dir='ltr'>καὶ</span> <span class='ocrx_word' id='word_1_723' title='bbox 2372 3894 2468 3948; x_wconf 92' lang='grc' dir='ltr'>νῦν</span> <span class='ocrx_word' id='word_1_724' title='bbox 2531 3895 2674 3966; x_wconf 88' lang='grc' dir='ltr'>μετά</span> <span class='ocrx_word' id='word_1_725' title='bbox 2721 3893 2977 3947; x_wconf 89' lang='grc' dir='ltr'>τοσοῦτον</span> <span class='ocrx_word' id='word_1_726' title='bbox 3029 3892 3254 3963; x_wconf 91' lang='grc' dir='ltr'>χρόνον,</span> <span class='ocrx_word' id='word_1_727' title='bbox 3293 3891 3430 3962; x_wconf 85' lang='grc' dir='ltr'>μετὰ</span> <span class='ocrx_word' id='word_1_728' title='bbox 3463 3889 3524 3944; x_wconf 81' lang='grc' dir='ltr'>τὸ</span> 
     </span>
    </p>
   </div>
   <div class='ocr_carea' id='block_1_103' title="bbox 1937 3983 3522 4060">
    <p class='ocr_par' dir='ltr' id='par_1_103' title="bbox 1937 3983 3522 4060">
     <span class='ocr_line' id='line_1_103' title="bbox 1937 3983 3522 4060; baseline -0.006 -16"><span class='ocrx_word' id='word_1_729' title='bbox 1937 3988 2223 4060; x_wconf 86' lang='grc' dir='ltr'>πανταχοῦ</span> <span class='ocrx_word' id='word_1_730' title='bbox 2261 3990 2360 4057; x_wconf 86' lang='grc' dir='ltr'>τῆς</span> <span class='ocrx_word' id='word_1_731' title='bbox 2409 3986 2735 4059; x_wconf 85' lang='grc' dir='ltr'>οίκουμένης</span> <span class='ocrx_word' id='word_1_732' title='bbox 2783 3983 3074 4055; x_wconf 78' lang='grc' dir='ltr'>ἐκταθῆναι</span> <span class='ocrx_word' id='word_1_733' title='bbox 3117 3983 3178 4036; x_wconf 83' lang='grc' dir='ltr'>τὸ</span> <span class='ocrx_word' id='word_1_734' title='bbox 3227 3985 3522 4054; x_wconf 56' lang='grc' dir='ltr'>κήρυγμα,</span> 
     </span>
    </p>
   </div>
   <div class='ocr_carea' id='block_1_104' title="bbox 1937 4073 3521 4153">
    <p class='ocr_par' dir='ltr' id='par_1_104' title="bbox 1937 4073 3521 4153">
     <span class='ocr_line' id='line_1_104' title="bbox 1937 4073 3521 4153; baseline -0.006 -17"><span class='ocrx_word' id='word_1_735' title='bbox 1937 4081 2079 4153; x_wconf 87' lang='grc' dir='ltr'>μετά</span> <span class='ocrx_word' id='word_1_736' title='bbox 2098 4082 2159 4134; x_wconf 84' lang='grc' dir='ltr'>τὺ</span> <span class='ocrx_word' id='word_1_737' title='bbox 2179 4079 2364 4134; x_wconf 84' lang='grc' dir='ltr'>λαϐεῖν</span> <span class='ocrx_word' id='word_1_738' title='bbox 2389 4077 2694 4146; x_wconf 80' lang='grc' dir='ltr'>ἀποδείξεις</span> <span class='ocrx_word' id='word_1_739' title='bbox 2715 4075 2984 4139; x_wconf 89' lang='grc' dir='ltr'>τοσαύτας</span> <span class='ocrx_word' id='word_1_740' title='bbox 3013 4075 3122 4128; x_wconf 86' lang='grc' dir='ltr'>τῶν</span> <span class='ocrx_word' id='word_1_741' title='bbox 3153 4073 3521 4145; x_wconf 85' lang='grc' dir='ltr'>ὑποσχέσεων,</span> 
     </span>
    </p>
   </div>
   <div class='ocr_carea' id='block_1_105' title="bbox 1935 4168 2928 4238">
    <p class='ocr_par' dir='ltr' id='par_1_105' title="bbox 1935 4168 2928 4238">
     <span class='ocr_line' id='line_1_105' title="bbox 1935 4168 2928 4238; baseline -0.008 -11"><span class='ocrx_word' id='word_1_742' title='bbox 1935 4172 2122 4227; x_wconf 74' lang='grc' dir='ltr'>πολλοὶ</span> <span class='ocrx_word' id='word_1_743' title='bbox 2154 4174 2202 4226; x_wconf 88' lang='grc' dir='ltr'>οἱ</span> <span class='ocrx_word' id='word_1_744' title='bbox 2230 4171 2391 4224; x_wconf 89' lang='grc' dir='ltr'>τοῦτο</span> <span class='ocrx_word' id='word_1_745' title='bbox 2419 4168 2723 4238; x_wconf 81' lang='grc' dir='ltr'>πάσχοντές</span> <span class='ocrx_word' id='word_1_746' title='bbox 2754 4170 2928 4232; x_wconf 75' lang='grc' dir='ltr'>εἰσινς</span> 
     </span>
    </p>
   </div>
   <div class='ocr_carea' id='block_1_106' title="bbox 2005 4254 3524 4330">
    <p class='ocr_par' dir='ltr' id='par_1_106' title="bbox 2005 4254 3524 4330">
     <span class='ocr_line' id='line_1_106' title="bbox 2005 4254 3524 4330; baseline -0.004 -14"><span class='ocrx_word' id='word_1_747' title='bbox 2005 4263 2081 4316; x_wconf 87' lang='grc' dir='ltr'>Οὐ</span> <span class='ocrx_word' id='word_1_748' title='bbox 2121 4261 2280 4315; x_wconf 80' lang='grc' dir='ltr'>τοῦτο</span> <span class='ocrx_word' id='word_1_749' title='bbox 2311 4261 2367 4314; x_wconf 87' lang='grc' dir='ltr'>δὲ</span> <span class='ocrx_word' id='word_1_750' title='bbox 2394 4260 2552 4330; x_wconf 84' lang='grc' dir='ltr'>μόνον</span> <span class='ocrx_word' id='word_1_751' title='bbox 2581 4258 2776 4320; x_wconf 78' lang='grc' dir='ltr'>αὑτοὺς</span> <span class='ocrx_word' id='word_1_752' title='bbox 2809 4255 3159 4328; x_wconf 82' lang='grc' dir='ltr'>διετάραττεν</span> <span class='ocrx_word' id='word_1_753' title='bbox 3183 4295 3198 4317; x_wconf 90' lang='grc'>,</span> <span class='ocrx_word' id='word_1_754' title='bbox 3252 4254 3387 4310; x_wconf 87' lang='grc' dir='ltr'>ἀλλά</span> <span class='ocrx_word' id='word_1_755' title='bbox 3429 4257 3524 4310; x_wconf 64' lang='grc' dir='ltr'>καλ⁸</span> 
     </span>
    </p>
   </div>
   <div class='ocr_carea' id='block_1_107' title="bbox 1934 4345 3524 4424">
    <p class='ocr_par' dir='ltr' id='par_1_107' title="bbox 1934 4345 3524 4424">
     <span class='ocr_line' id='line_1_107' title="bbox 1934 4345 3524 4424; baseline -0.005 -18"><span class='ocrx_word' id='word_1_756' title='bbox 1934 4353 2120 4424; x_wconf 75' lang='grc' dir='ltr'>ἕτερον</span> <span class='ocrx_word' id='word_1_757' title='bbox 2145 4353 2247 4406; x_wconf 89' lang='grc' dir='ltr'>οὑκ</span> <span class='ocrx_word' id='word_1_758' title='bbox 2269 4351 2491 4404; x_wconf 74' lang='grc' dir='ltr'>ἔλαττον</span> <span class='ocrx_word' id='word_1_759' title='bbox 2516 4348 2728 4403; x_wconf 90' lang='grc' dir='ltr'>τούτου.</span> <span class='ocrx_word' id='word_1_760' title='bbox 2755 4349 2914 4401; x_wconf 78' lang='grc' dir='ltr'>Ποῖον</span> <span class='ocrx_word' id='word_1_761' title='bbox 2939 4346 3004 4418; x_wconf 84' lang='grc' dir='ltr'>δὴ</span> <span class='ocrx_word' id='word_1_762' title='bbox 3027 4345 3213 4411; x_wconf 87' lang='grc' dir='ltr'>τοῦτο;</span> <span class='ocrx_word' id='word_1_763' title='bbox 3248 4346 3524 4401; x_wconf 79' lang='grc' dir='ltr'>Ἐνενόουν</span> 
     </span>
    </p>
   </div>
   <div class='ocr_carea' id='block_1_108' title="bbox 1935 4436 3518 4516">
    <p class='ocr_par' dir='ltr' id='par_1_108' title="bbox 1935 4436 3518 4516">
     <span class='ocr_line' id='line_1_108' title="bbox 1935 4436 3518 4516; baseline -0.004 -19"><span class='ocrx_word' id='word_1_764' title='bbox 1935 4445 2073 4516; x_wconf 83' lang='grc' dir='ltr'>πρὸς</span> <span class='ocrx_word' id='word_1_765' title='bbox 2107 4442 2332 4506; x_wconf 76' lang='grc' dir='ltr'>ἑαυτοὺς</span> <span class='ocrx_word' id='word_1_766' title='bbox 2352 4481 2368 4506; x_wconf 94' lang='grc'>,</span> <span class='ocrx_word' id='word_1_767' title='bbox 2397 4441 2477 4494; x_wconf 84' lang='grc' dir='ltr'>ὃτι</span> <span class='ocrx_word' id='word_1_768' title='bbox 2507 4442 2566 4493; x_wconf 81' lang='grc' dir='ltr'>ὲν</span> <span class='ocrx_word' id='word_1_769' title='bbox 2592 4442 2658 4512; x_wconf 78' lang='grc' dir='ltr'>τῇ</span> <span class='ocrx_word' id='word_1_770' title='bbox 2707 4439 2924 4510; x_wconf 77' lang='grc' dir='ltr'>Παλαιᾷ</span> <span class='ocrx_word' id='word_1_771' title='bbox 2955 4438 3202 4510; x_wconf 85' lang='grc' dir='ltr'>Διαθήκῃ</span> <span class='ocrx_word' id='word_1_772' title='bbox 3235 4439 3334 4509; x_wconf 89' lang='grc' dir='ltr'>οὑχ</span> <span class='ocrx_word' id='word_1_773' title='bbox 3373 4436 3518 4490; x_wconf 79' lang='grc' dir='ltr'>οὕτω</span> 
     </span>
    </p>
   </div>
   <div class='ocr_carea' id='block_1_109' title="bbox 1934 4530 3525 4607">
    <p class='ocr_par' dir='ltr' id='par_1_109' title="bbox 1934 4530 3525 4607">
     <span class='ocr_line' id='line_1_109' title="bbox 1934 4530 3525 4607; baseline -0.006 -17"><span class='ocrx_word' id='word_1_774' title='bbox 1934 4536 2006 4590; x_wconf 78' lang='grc' dir='ltr'>τὰ</span> <span class='ocrx_word' id='word_1_775' title='bbox 2053 4536 2354 4607; x_wconf 87' lang='grc' dir='ltr'>πράγματα</span> <span class='ocrx_word' id='word_1_776' title='bbox 2404 4532 2770 4604; x_wconf 81' lang='grc' dir='ltr'>ᾠκονομήθη,</span> <span class='ocrx_word' id='word_1_777' title='bbox 2813 4531 2948 4585; x_wconf 88' lang='grc' dir='ltr'>ἀλλά</span> <span class='ocrx_word' id='word_1_778' title='bbox 2997 4533 3094 4602; x_wconf 81' lang='grc' dir='ltr'>τῆς</span> <span class='ocrx_word' id='word_1_779' title='bbox 3141 4531 3344 4602; x_wconf 85' lang='grc' dir='ltr'>ἀρετῆς</span> <span class='ocrx_word' id='word_1_780' title='bbox 3397 4530 3525 4594; x_wconf 86' lang='grc' dir='ltr'>τοὺς</span> 
     </span>
    </p>
   </div>
   <div class='ocr_carea' id='block_1_110' title="bbox 1935 4631 3525 4706">
    <p class='ocr_par' dir='ltr' id='par_1_110' title="bbox 1935 4631 3525 4706">
     <span class='ocr_line' id='line_1_110' title="bbox 1935 4631 3525 4706; baseline -0.006 -15"><span class='ocrx_word' id='word_1_781' title='bbox 1935 4637 2133 4700; x_wconf 84' lang='grc' dir='ltr'>ἄθλους</span> <span class='ocrx_word' id='word_1_782' title='bbox 2153 4637 2248 4690; x_wconf 54' lang='grc' dir='ltr'>καὶ¹</span> <span class='ocrx_word' id='word_1_783' title='bbox 2275 4635 2403 4698; x_wconf 80' lang='grc' dir='ltr'>τοὺς</span> <span class='ocrx_word' id='word_1_784' title='bbox 2433 4632 2661 4706; x_wconf 86' lang='grc' dir='ltr'>μισθοὺς</span> <span class='ocrx_word' id='word_1_785' title='bbox 2687 4632 2890 4697; x_wconf 74' lang='grc' dir='ltr'>εὐθέως</span> <span class='ocrx_word' id='word_1_786' title='bbox 2915 4631 3302 4702; x_wconf 86' lang='grc' dir='ltr'>ἀπελάμϐανον</span> <span class='ocrx_word' id='word_1_787' title='bbox 3331 4631 3381 4683; x_wconf 86' lang='grc' dir='ltr'>οἱ</span> <span class='ocrx_word' id='word_1_788' title='bbox 3406 4631 3525 4700; x_wconf 83' lang='grc' dir='ltr'>μετ’</span> 
     </span>
    </p>
   </div>
   <div class='ocr_carea' id='block_1_111' title="bbox 1936 4730 3526 4809">
    <p class='ocr_par' dir='ltr' id='par_1_111' title="bbox 1936 4730 3526 4809">
     <span class='ocr_line' id='line_1_111' title="bbox 1936 4730 3526 4809; baseline -0.006 -17"><span class='ocrx_word' id='word_1_789' title='bbox 1936 4738 2240 4802; x_wconf 73' lang='grc' dir='ltr'>ἐπιεικείας</span> <span class='ocrx_word' id='word_1_790' title='bbox 2263 4739 2358 4792; x_wconf 79' lang='grc' dir='ltr'>καὶ</span> <span class='ocrx_word' id='word_1_791' title='bbox 2379 4736 2736 4809; x_wconf 86' lang='grc' dir='ltr'>σωφροσύνης</span> <span class='ocrx_word' id='word_1_792' title='bbox 2766 4733 3142 4808; x_wconf 77' lang='grc' dir='ltr'>προῃρημένοι</span> <span class='ocrx_word' id='word_1_793' title='bbox 3171 4731 3290 4803; x_wconf 80' lang='grc' dir='ltr'>ζῇν.</span> <span class='ocrx_word' id='word_1_794' title='bbox 3316 4731 3390 4785; x_wconf 82' lang='grc' dir='ltr'>Οὐ</span> <span class='ocrx_word' id='word_1_795' title='bbox 3415 4730 3526 4802; x_wconf 79' lang='grc' dir='ltr'>γὰρ</span> 
     </span>
    </p>
   </div>
   <div class='ocr_carea' id='block_1_112' title="bbox 1939 4831 3525 4908">
    <p class='ocr_par' dir='ltr' id='par_1_112' title="bbox 1939 4831 3525 4908">
     <span class='ocr_line' id='line_1_112' title="bbox 1939 4831 3525 4908; baseline -0.006 -17"><span class='ocrx_word' id='word_1_796' title='bbox 1939 4837 2080 4907; x_wconf 81' lang='grc' dir='ltr'>μετὰ</span> <span class='ocrx_word' id='word_1_797' title='bbox 2111 4836 2210 4908; x_wconf 86' lang='grc' dir='ltr'>τὴν</span> <span class='ocrx_word' id='word_1_798' title='bbox 2244 4835 2355 4890; x_wconf 87' lang='grc' dir='ltr'>τῶν</span> <span class='ocrx_word' id='word_1_799' title='bbox 2387 4835 2655 4906; x_wconf 84' lang='grc' dir='ltr'>σωμάτων</span> <span class='ocrx_word' id='word_1_800' title='bbox 2681 4834 2979 4888; x_wconf 85' lang='grc' dir='ltr'>ἀνάστασιν</span> <span class='ocrx_word' id='word_1_801' title='bbox 3000 4874 3016 4900; x_wconf 91' lang='grc'><em>,</em></span> <span class='ocrx_word' id='word_1_802' title='bbox 3050 4833 3172 4887; x_wconf 82' lang='grc' dir='ltr'>οὑδὲ</span> <span class='ocrx_word' id='word_1_803' title='bbox 3199 4833 3258 4886; x_wconf 85' lang='grc' dir='ltr'>ὲν</span> <span class='ocrx_word' id='word_1_804' title='bbox 3286 4831 3354 4903; x_wconf 80' lang='grc' dir='ltr'>τῇ</span> <span class='ocrx_word' id='word_1_805' title='bbox 3392 4831 3525 4902; x_wconf 89' lang='grc' dir='ltr'>μελ-</span> 
     </span>
    </p>
   </div>
   <div class='ocr_carea' id='block_1_113' title="bbox 1936 4929 3525 5010">
    <p class='ocr_par' dir='ltr' id='par_1_113' title="bbox 1936 4929 3525 5010">
     <span class='ocr_line' id='line_1_113' title="bbox 1936 4929 3525 5010; baseline -0.003 -22"><span class='ocrx_word' id='word_1_806' title='bbox 1936 4935 2103 5010; x_wconf 87' lang='grc' dir='ltr'>λούσῃ</span> <span class='ocrx_word' id='word_1_807' title='bbox 2138 4936 2250 5008; x_wconf 78' lang='grc' dir='ltr'>ξωῇ</span> <span class='ocrx_word' id='word_1_808' title='bbox 2272 4975 2286 5000; x_wconf 94' lang='grc'>,</span> <span class='ocrx_word' id='word_1_809' title='bbox 2320 4935 2435 4988; x_wconf 86' lang='grc' dir='ltr'>ἀλλ’</span> <span class='ocrx_word' id='word_1_810' title='bbox 2484 4933 2747 4996; x_wconf 80' lang='grc' dir='ltr'>ἐνταῦθα,</span> <span class='ocrx_word' id='word_1_811' title='bbox 2806 4933 2902 4986; x_wconf 71' lang='grc' dir='ltr'>καὶ</span> <span class='ocrx_word' id='word_1_812' title='bbox 2939 4932 3084 4986; x_wconf 84' lang='grc' dir='ltr'>κατὰ</span> <span class='ocrx_word' id='word_1_813' title='bbox 3131 4931 3224 4984; x_wconf 86' lang='grc' dir='ltr'>τὸν</span> <span class='ocrx_word' id='word_1_814' title='bbox 3277 4929 3525 5002; x_wconf 88' lang='grc' dir='ltr'>παρόντα</span> 
     </span>
    </p>
   </div>
   <div class='ocr_carea' id='block_1_114' title="bbox 1939 5031 3528 5108">
    <p class='ocr_par' dir='ltr' id='par_1_114' title="bbox 1939 5031 3528 5108">
     <span class='ocr_line' id='line_1_114' title="bbox 1939 5031 3528 5108; baseline -0.003 -18"><span class='ocrx_word' id='word_1_815' title='bbox 1939 5037 2052 5108; x_wconf 87' lang='grc' dir='ltr'>βίον</span> <span class='ocrx_word' id='word_1_816' title='bbox 2081 5039 2252 5091; x_wconf 78' lang='grc' dir='ltr'>πᾶσαι</span> <span class='ocrx_word' id='word_1_817' title='bbox 2303 5037 2487 5100; x_wconf 79' lang='grc' dir='ltr'>αὐτοῖς</span> <span class='ocrx_word' id='word_1_818' title='bbox 2531 5035 2865 5106; x_wconf 75' lang='grc' dir='ltr'>ἐπληροῦντο</span> <span class='ocrx_word' id='word_1_819' title='bbox 2907 5035 2966 5089; x_wconf 84' lang='grc' dir='ltr'>αἱ</span> <span class='ocrx_word' id='word_1_820' title='bbox 3002 5033 3347 5104; x_wconf 81' lang='grc' dir='ltr'>ὑποσχέσεις.</span> <span class='ocrx_word' id='word_1_821' title='bbox 3385 5031 3528 5086; x_wconf 79' lang='grc' dir='ltr'>Ἐὰν</span> 
     </span>
    </p>
   </div>
   <div class='ocr_carea' id='block_1_115' title="bbox 1936 5129 3524 5214">
    <p class='ocr_par' dir='ltr' id='par_1_115' title="bbox 1936 5129 3524 5214">
     <span class='ocr_line' id='line_1_115' title="bbox 1936 5129 3524 5214; baseline -0.002 -20"><span class='ocrx_word' id='word_1_822' title='bbox 1936 5141 2046 5214; x_wconf 84' lang='grc' dir='ltr'>γὰρ</span> <span class='ocrx_word' id='word_1_823' title='bbox 2078 5141 2403 5213; x_wconf 65' lang='grc' dir='ltr'>ἀγαπήσῃς</span> <span class='ocrx_word' id='word_1_824' title='bbox 2424 5181 2439 5206; x_wconf 88' lang='grc'>,</span> <span class='ocrx_word' id='word_1_825' title='bbox 2475 5140 2610 5214; x_wconf 73' lang='grc' dir='ltr'>φησὶ</span> <span class='ocrx_word' id='word_1_826' title='bbox 2633 5182 2648 5207; x_wconf 94' lang='grc'><em>,</em></span> <span class='ocrx_word' id='word_1_827' title='bbox 2679 5141 2898 5210; x_wconf 85' lang='grc' dir='ltr'>Κύριον</span> <span class='ocrx_word' id='word_1_828' title='bbox 2937 5129 3049 5193; x_wconf 83' lang='grc' dir='ltr'>τόν</span> <span class='ocrx_word' id='word_1_829' title='bbox 3096 5137 3246 5192; x_wconf 83' lang='grc' dir='ltr'>Θεόν</span> <span class='ocrx_word' id='word_1_830' title='bbox 3275 5152 3422 5202; x_wconf 89' lang='grc' dir='ltr'>σου,</span> <span class='ocrx_word' id='word_1_831' title='bbox 3452 5131 3524 5191; x_wconf 83' lang='grc' dir='ltr'>εὗ</span> 
     </span>
    </p>
   </div>
   <div class='ocr_carea' id='block_1_116' title="bbox 1937 5235 3527 5309">
    <p class='ocr_par' dir='ltr' id='par_1_116' title="bbox 1937 5235 3527 5309">
     <span class='ocr_line' id='line_1_116' title="bbox 1937 5235 3527 5309; baseline -0.005 -12"><span class='ocrx_word' id='word_1_832' title='bbox 1937 5259 2038 5296; x_wconf 89' lang='grc' dir='ltr'>σοι</span> <span class='ocrx_word' id='word_1_833' title='bbox 2061 5243 2254 5309; x_wconf 79' lang='grc' dir='ltr'>ἔσται,</span> <span class='ocrx_word' id='word_1_834' title='bbox 2281 5240 2380 5295; x_wconf 75' lang='grc' dir='ltr'>καὶ</span> <span class='ocrx_word' id='word_1_835' title='bbox 2411 5239 2715 5309; x_wconf 84' lang='grc' dir='ltr'>πληθυνεῖ</span> <span class='ocrx_word' id='word_1_836' title='bbox 2740 5243 2771 5294; x_wconf 85' lang='grc' dir='ltr'><em>ὀ</em></span> <span class='ocrx_word' id='word_1_837' title='bbox 2812 5237 2956 5305; x_wconf 83' lang='grc' dir='ltr'>Θεὸς</span> <span class='ocrx_word' id='word_1_838' title='bbox 2986 5238 3060 5294; x_wconf 84' lang='grc' dir='ltr'><em>τὰ</em></span> <span class='ocrx_word' id='word_1_839' title='bbox 3078 5239 3384 5303; x_wconf 79' lang='grc' dir='ltr'>,βουκόλια</span> <span class='ocrx_word' id='word_1_840' title='bbox 3405 5235 3527 5290; x_wconf 82' lang='grc' dir='ltr'><em>τῶν</em></span> 
     </span>
    </p>
   </div>
   <div class='ocr_carea' id='block_1_117' title="bbox 1931 5331 3518 5411">
    <p class='ocr_par' dir='ltr' id='par_1_117' title="bbox 1931 5331 3518 5411">
     <span class='ocr_line' id='line_1_117' title="bbox 1931 5331 3518 5411; baseline -0.006 -12"><span class='ocrx_word' id='word_1_841' title='bbox 1931 5345 2100 5410; x_wconf 84' lang='grc' dir='ltr'><em>,ϐοῶν</em></span> <span class='ocrx_word' id='word_1_842' title='bbox 2134 5360 2287 5406; x_wconf 89' lang='grc' dir='ltr'>σου,</span> <span class='ocrx_word' id='word_1_843' title='bbox 2317 5342 2414 5396; x_wconf 81' lang='grc' dir='ltr'>καὶ</span> <span class='ocrx_word' id='word_1_844' title='bbox 2452 5341 2526 5396; x_wconf 86' lang='grc' dir='ltr'>τὰ</span> <span class='ocrx_word' id='word_1_845' title='bbox 2567 5341 2812 5411; x_wconf 88' lang='grc' dir='ltr'>ποίμνια</span> <span class='ocrx_word' id='word_1_846' title='bbox 2859 5331 2980 5393; x_wconf 83' lang='grc' dir='ltr'><em>τῶν</em></span> <span class='ocrx_word' id='word_1_847' title='bbox 3011 5336 3323 5408; x_wconf 84' lang='grc' dir='ltr'>προϐάτων</span> <span class='ocrx_word' id='word_1_848' title='bbox 3367 5352 3518 5391; x_wconf 77' lang='grc' dir='ltr'>σουο</span> 
     </span>
    </p>
   </div>
   <div class='ocr_carea' id='block_1_118' title="bbox 1938 5436 3523 5511">
    <p class='ocr_par' dir='ltr' id='par_1_118' title="bbox 1938 5436 3523 5511">
     <span class='ocr_line' id='line_1_118' title="bbox 1938 5436 3523 5511; baseline -0.008 -11"><span class='ocrx_word' id='word_1_849' title='bbox 1938 5447 2050 5500; x_wconf 76' lang='grc' dir='ltr'>οὐκ</span> <span class='ocrx_word' id='word_1_850' title='bbox 2077 5445 2248 5498; x_wconf 86' lang='grc' dir='ltr'><em>ἕσται</em></span> <span class='ocrx_word' id='word_1_851' title='bbox 2270 5443 2339 5496; x_wconf 85' lang='grc' dir='ltr'>ἐν</span> <span class='ocrx_word' id='word_1_852' title='bbox 2359 5440 2458 5496; x_wconf 80' lang='grc' dir='ltr'>σοί</span> <span class='ocrx_word' id='word_1_853' title='bbox 2481 5440 2722 5511; x_wconf 74' lang='grc' dir='ltr'>ἄγονον,</span> <span class='ocrx_word' id='word_1_854' title='bbox 2747 5438 2891 5494; x_wconf 86' lang='grc' dir='ltr'>οὐδὲ</span> <span class='ocrx_word' id='word_1_855' title='bbox 2917 5438 3159 5507; x_wconf 73' lang='grc' dir='ltr'>στεζρον</span> <span class='ocrx_word' id='word_1_856' title='bbox 3177 5453 3191 5467; x_wconf 88' lang='grc'><strong>·</strong></span> <span class='ocrx_word' id='word_1_857' title='bbox 3224 5438 3334 5491; x_wconf 86' lang='grc' dir='ltr'>οὐκ</span> <span class='ocrx_word' id='word_1_858' title='bbox 3350 5436 3523 5489; x_wconf 73' lang='grc' dir='ltr'>ἔσται</span> 
     </span>
    </p>
   </div>
   <div class='ocr_carea' id='block_1_119' title="bbox 1937 5529 3527 5615">
    <p class='ocr_par' dir='ltr' id='par_1_119' title="bbox 1937 5529 3527 5615">
     <span class='ocr_line' id='line_1_119' title="bbox 1937 5529 3527 5615; baseline -0.009 -15"><span class='ocrx_word' id='word_1_859' title='bbox 1937 5546 2006 5599; x_wconf 82' lang='grc' dir='ltr'>ἑν</span> <span class='ocrx_word' id='word_1_860' title='bbox 2035 5544 2137 5599; x_wconf 76' lang='grc' dir='ltr'>σοι</span> <span class='ocrx_word' id='word_1_861' title='bbox 2160 5543 2447 5615; x_wconf 85' lang='grc' dir='ltr'>μαλακία,</span> <span class='ocrx_word' id='word_1_862' title='bbox 2474 5542 2660 5614; x_wconf 73' lang='grc' dir='ltr'>φησὶν,</span> <span class='ocrx_word' id='word_1_863' title='bbox 2687 5539 2829 5594; x_wconf 81' lang='grc' dir='ltr'>οὐδὲ</span> <span class='ocrx_word' id='word_1_864' title='bbox 2857 5541 3066 5605; x_wconf 88' lang='grc' dir='ltr'>νόσος.</span> <span class='ocrx_word' id='word_1_865' title='bbox 3096 5529 3527 5602; x_wconf 82' lang='grc' dir='ltr'>Ἐεαποστελεῖ</span> 
     </span>
    </p>
   </div>
   <div class='ocr_carea' id='block_1_120' title="bbox 1939 5632 3521 5714">
    <p class='ocr_par' dir='ltr' id='par_1_120' title="bbox 1939 5632 3521 5714">
     <span class='ocr_line' id='line_1_120' title="bbox 1939 5632 3521 5714; baseline -0.01 -12"><span class='ocrx_word' id='word_1_866' title='bbox 1939 5651 1972 5702; x_wconf 83' lang='grc' dir='ltr'>ό</span> <span class='ocrx_word' id='word_1_867' title='bbox 2003 5645 2147 5712; x_wconf 81' lang='grc' dir='ltr'>Θεὸς</span> <span class='ocrx_word' id='word_1_868' title='bbox 2179 5644 2294 5714; x_wconf 82' lang='grc' dir='ltr'>τὴν</span> <span class='ocrx_word' id='word_1_869' title='bbox 2325 5643 2612 5714; x_wconf 79' lang='grc' dir='ltr'>εὐλογίαν</span> <span class='ocrx_word' id='word_1_870' title='bbox 2657 5641 2846 5697; x_wconf 82' lang='grc' dir='ltr'>αὑτοῦ</span> <span class='ocrx_word' id='word_1_871' title='bbox 2883 5643 2971 5708; x_wconf 80' lang='grc' dir='ltr'>είς</span> <span class='ocrx_word' id='word_1_872' title='bbox 3007 5639 3081 5695; x_wconf 83' lang='grc' dir='ltr'><em>τὰ</em></span> <span class='ocrx_word' id='word_1_873' title='bbox 3128 5635 3357 5707; x_wconf 82' lang='grc' dir='ltr'>ταμιεῖα</span> <span class='ocrx_word' id='word_1_874' title='bbox 3399 5632 3521 5687; x_wconf 82' lang='grc' dir='ltr'><em>τῶν</em></span> 
     </span>
    </p>
   </div>
   <div class='ocr_carea' id='block_1_121' title="bbox 1947 5731 3523 5814">
    <p class='ocr_par' dir='ltr' id='par_1_121' title="bbox 1947 5731 3523 5814">
     <span class='ocr_line' id='line_1_121' title="bbox 1947 5731 3523 5814; baseline -0.008 -13"><span class='ocrx_word' id='word_1_875' title='bbox 1947 5742 2268 5814; x_wconf 81' lang='grc' dir='ltr'>ὰποθηκῶν</span> <span class='ocrx_word' id='word_1_876' title='bbox 2299 5759 2416 5798; x_wconf 89' lang='grc' dir='ltr'>σου</span> <span class='ocrx_word' id='word_1_877' title='bbox 2441 5762 2455 5774; x_wconf 76' lang='grc' dir='ltr'><strong><em>ο</em></strong></span> <span class='ocrx_word' id='word_1_878' title='bbox 2486 5740 2715 5808; x_wconf 80' lang='grc' dir='ltr'>ἀνοίξει</span> <span class='ocrx_word' id='word_1_879' title='bbox 2737 5740 2857 5798; x_wconf 76' lang='grc' dir='ltr'>τὸν</span> <span class='ocrx_word' id='word_1_880' title='bbox 2884 5737 3172 5810; x_wconf 79' lang='grc' dir='ltr'>οὐρανὸν,</span> <span class='ocrx_word' id='word_1_881' title='bbox 3208 5733 3307 5790; x_wconf 77' lang='grc' dir='ltr'>καὶ</span> <span class='ocrx_word' id='word_1_882' title='bbox 3343 5731 3523 5788; x_wconf 79' lang='grc' dir='ltr'>δώσει</span> 
     </span>
    </p>
   </div>
  </div>
