4020 6370
572 262 679 320 297

573 393 673 430 σοι
720 373 901 428 ὑετὸν
952 372 1213 442 πρώτμον
1261 375 1358 427 καί
1387 375 1628 445 ὄψιμον.
1661 376 2086 446 Καταλήψεται
2117 379 2150 429 ό

571 465 837 532 άλοητὸς
858 465 963 518 τὸν
978 464 1271 534 τρυγητὸν
1292 466 1389 518 καὶ
1421 469 1454 519 ό
1477 468 1764 538 τρυγητὸς
1780 468 1883 520 τὸν
1894 469 2145 535 σπόρον.

571 557 681 609 Καὶ
709 555 880 610 πολλά
909 557 1072 629 ἕτερα
1104 556 1327 610 τοιαῦτα
1356 558 1536 621 αὐτοῖς
1581 559 1970 629 ἐπηγγείλατο,
2006 558 2150 629 ἅπερ

572 649 786 702 ἅπαντα
822 649 962 702 κατά
1009 650 1106 719 τὴν
1139 649 1418 720 παροῦσαν
1447 649 1589 721 ζωὴν
1621 651 1806 714 αὐτοῖς
1849 650 2146 703 ἀπεδίδοτο.

570 741 638 797 EE
659 759 743 806 τις
767 741 1049 813 ὀξύτερος,
1080 741 1181 812 ήδη
1211 742 1506 814 προϐλέπει
1529 742 1626 813 τὴν
1656 741 1828 794 λύσιν.
1878 741 2029 794 Ἐπεὶ
2055 735 2149 793 οὖν

573 831 823 902 σώματος
849 828 1027 902 ὑγίεια
1052 873 1065 895 ,
1101 833 1195 886 καὶ
1220 832 1325 902 γῆς
1368 833 1628 902 εὐκληρία
1651 872 1664 896 ,
1691 834 1785 885 καὶ
1823 831 2149 886 πολυπαιδία

573 924 669 979 καὶ
695 925 947 978 εὐπαιδία
970 967 985 990 ,
1022 925 1113 977 καὶ
1139 925 1366 997 λιπαρὸν
1397 923 1572 994 γῆρας
1600 965 1613 986 ,
1646 925 1739 976 καὶ
1768 922 1926 993 ὡρῶν
1954 925 2149 994 κρᾶσις

572 1017 766 1088 ἀρίστη
789 1057 802 1079 ,
860 1018 952 1070 καὶ
1007 1017 1261 1088 εὐετηρία
1288 1056 1302 1078 ,
1338 1017 1432 1069 καὶ
1483 1015 1704 1086 όμϐρων
1730 1014 1982 1085 εὐκαιρία
2005 1053 2020 1075 ,
2055 1013 2150 1067 καὶ

572 1110 742 1162 πολλά
771 1109 994 1179 ποίμνια
1027 1121 1052 1149 ι
1088 1109 1181 1162 καὶ
1220 1107 1490 1177 βουκόλια.
1521 1107 1612 1160 καὶ
1649 1105 1826 1159 πάντα
1861 1105 2044 1169 ἁπλῶς
2079 1104 2149 1159 τὰ

572 1200 752 1268 ἀγαθὰ
791 1201 930 1254 κατά
969 1200 1066 1271 τὴν
1102 1199 1381 1272 παροῦσαν
1429 1200 1609 1260 αὐτοῖς
1647 1197 1947 1268 ἐπληροῦτο
1979 1197 2145 1266 ζωὴν,

572 1293 723 1366 [286]
753 1295 847 1348 καὶ
874 1294 1021 1346 οὐδὲν
1041 1295 1098 1345 ὲν
1122 1292 1333 1346 ἐλπίσιν
1361 1286 1448 1362 ἦν,
1472 1290 1590 1343 οὐδέ
1617 1289 1754 1358 μετὰ
1780 1290 1878 1358 τὴν
1900 1287 2148 1341 ἐντεῦθεν

571 1385 908 1456 ἀποδημίαν·
937 1381 1379 1452 ἀναλογιζόμενοι
1411 1377 1506 1435 οὖν
1531 1380 1702 1433 ταῦτα
1739 1379 1789 1432 οἱ
1822 1380 2039 1444 πιστοὶ,
2065 1379 2145 1430 ὅτι

571 1478 685 1539 τοῖς
713 1475 996 1546 προγόνοις
1028 1475 1139 1537 τοῖς
1189 1473 1396 1527 ἐαυτῶν
1445 1471 1593 1542 παρά
1625 1470 1790 1533 πόδας
1819 1471 2036 1524 ἅπαντα
2078 1467 2148 1522 τὰ

573 1566 754 1636 ἀγαθά
779 1569 1013 1639 ἀπήντα,
1049 1565 1229 1629 αὐτοῖς
1258 1565 1314 1619 δὲ
1339 1566 1417 1628 είς
1445 1564 1542 1635 τὴν
1575 1563 1870 1634 μέλλουσαν
1904 1561 2049 1632 ζωὴν
2079 1561 2148 1614 τά

574 1656 782 1710 ἔπαθλα
810 1656 905 1708 καῖ⁷
952 1657 1000 1708 οί
1044 1655 1296 1723 στέφανοι
1327 1656 1526 1718 πάντες
1553 1654 1662 1706 εἰσὶ
1710 1651 2144 1723 τεταμιευμένοι,

573 1751 668 1802 καλ⁵
692 1750 748 1802 ἐν
775 1748 952 1801 πίστει
977 1747 1046 1801 τὰ
1064 1746 1174 1799 τῶν
1195 1745 1556 1814 ἐπαγγελιῶν,
1579 1741 2144 1814 ἕκαμνον,ἐξελύοντο,

570 1842 671 1912 τὴν
704 1839 984 1912 παροῦσαν
1039 1838 1183 1908 ζωὴν
1237 1839 1454 1892 ἃπασαν
1485 1835 1573 1889 διά
1622 1834 1943 1904 πειρασμῶν
1970 1834 2148 1886 ἕλκειν

569 1929 1019 1999 ἀναγκαζόμενοι.
1053 1927 1240 1980 Ταῦτα
1287 1922 1378 1980 οὖν
1413 1924 1608 1978 ἐννοῶν
1639 1925 1666 1976 6
1711 1924 1922 1988 Παῦλος
1959 1924 2054 1977 καὶ
2087 1922 2150 1978 τὸ

572 2019 800 2091 μέγεθος
821 2017 931 2072 τῶν
955 2017 1349 2088 ἐπηρτημένων
1375 2015 1558 2079 αὐτοῖς
1585 2013 1793 2074 δεινῶν,
1814 2015 1908 2067 καὶ
1933 2011 2151 2066 61:106-

567 2128 682 2174 τοις
714 2110 810 2180 μὲν
848 2109 938 2161 τὸν
990 2107 1180 2178 μισθὸν
1212 2106 1320 2158 τῶν
1354 2104 1530 2158 πόνων
1581 2102 1717 2174 μετά
1755 2101 1854 2172 τὴν
1899 2100 2148 2154 ἐντεῦθεν

567 2203 751 2266 αὐτοῖς
785 2200 1093 2270 ἀποδημίαν
1125 2201 1153 2252 6
1182 2197 1313 2260 Θεὸς
1353 2195 1737 2266 ἐπηγγείλατο,
1767 2195 1893 2257 τοὺς
1923 2193 1980 2247 δέ
2010 2211 2146 2265 προ-

567 2295 759 2363 γόνους
784 2291 961 2346 αὐτῶν
987 2289 1237 2343 ἐντεῦθεν
1259 2289 1531 2359 ἠμείψατο
1549 2329 1562 2352 ,
1597 2289 1692 2340 καὶ
1737 2285 1976 2356 συνορῶν
2020 2287 2147 2338 πολ-

566 2385 666 2455 λὴν
695 2386 760 2438 ἐκ
808 2383 915 2436 τῶν
948 2381 1224 2451 λογισμῶν
1274 2379 1477 2433 τούτων
1520 2379 1750 2450 ἀκηδίαν
1790 2379 2146 2449 ἐγγινομένην

567 2481 752 2542 αὐτοῖς
777 2519 792 2543 ,
835 2477 1156 2548 βουλόμενος
1189 2477 1387 2538 αὐτοὺς
1430 2475 1732 2546 ἀναστῆσαι
1778 2476 1871 2528 καὶ
1915 2473 2142 2540 διδάξαι,

567 2571 648 2626 ὃτι
685 2570 779 2622 καὶ
808 2569 899 2620 ἐπὶ
926 2566 1034 2620 τῶν
1063 2567 1315 2636 πατέρων
1343 2565 1453 2619 τῶν
1503 2564 1682 2618 αὐτῶν
1711 2563 1855 2617 οὕτω
1891 2564 1960 2618 τά
2015 2564 2148 2635 πρά-

566 2679 751 2734 γματα
775 2659 1122 2732 ᾠκονόμητο,
1156 2659 1249 2710 καὶ
1283 2658 1338 2709 ἐν
1381 2656 1561 2709 πίστει
1590 2654 1772 2708 πολλοὶ
1814 2655 1906 2707 τὸν
1957 2653 2145 2724 μισθὸν

565 2751 778 2814 ἔλαϐον,
809 2749 911 2802 οὐκ
937 2750 994 2800 ἐν
1024 2749 1088 2817 τῇ
1127 2746 1314 2816 πείρᾳ,
1346 2745 1650 2815 ἀνέμνησεν
1679 2745 1874 2806 αὐτοὺς
1899 2744 1997 2814 τῆς
2022 2761 2147 2814 προ-

567 2839 804 2911 φητικῆς
833 2840 1059 2910 ρήσεως,
1091 2836 1258 2890 εἰπών
1281 2852 1292 2864 ·
1326 2837 1613 2903 Ἔχοντες
1642 2833 1708 2887 τὸ
1731 2833 1878 2888 αὐτὸ
1904 2833 2146 2903 Πνεῦμα

564 2931 676 3000 τῆς
709 2933 966 2996 πίστεως
985 2971 998 2993 ,
1024 2931 1172 2985 κατὰ
1194 2929 1260 2982 τὸ
1281 2927 1687 2997 γεγραμμένον
1709 2943 1722 2955 ·
1755 2927 2142 2989 Ἐπίστευσα,

565 3022 660 3077 διὸ
693 3022 967 3089 ἐλάλησα
993 3038 1007 3051 ο
1063 3020 1343 3090 μονονουχὶ
1377 3019 1582 3086 λέγων,
1633 3018 1714 3070 ὅτι
1767 3019 1863 3071 καὶ
1908 3020 1936 3070 6
1972 3018 2144 3087 μέγας

565 3115 730 3170 Δαϐὶδ
753 3155 768 3178 ,
793 3117 822 3167 6
854 3111 1165 3182 θαυμαστὸς
1215 3111 1309 3164 καὶ
1335 3110 1578 3178 γενναῖος
1608 3108 1892 3179 προφήτης
1919 3110 2142 3172 ἐκεῖνος,

567 3207 746 3260 πίστει
771 3205 869 3275 τὴν
895 3203 1126 3272 ἀμοιϐὴν
1156 3199 1467 3270 ἐκομίσατο.
1495 3199 1614 3268 οὐχὶ
1635 3200 1698 3268 τῇ
1726 3198 1919 3268 πείρᾳ·
1947 3199 2006 3251 οὐ
2035 3199 2144 3270 γὰρ

567 3297 635 3350 ἂν
656 3335 670 3359 ,
705 3296 753 3347 εί
803 3295 876 3366 μὴ
911 3292 1068 3346 τοῦτο
1093 3287 1190 3361 ἦν,
1238 3287 1425 3352 εἶπεν,
1465 3289 1838 3342 Ἐπίστευσα
1860 3328 1875 3352 ,
1924 3287 2016 3342 διὸ
2044 3289 2140 3342 καί

563 3387 863 3453 ἐλάλησα.
898 3385 964 3436 Ἥ
995 3383 1104 3453 γὰρ
1130 3383 1311 3444 πίστις
1344 3379 1710 3450 ἐλπιζομένων
1740 3379 1888 3432 ἐστὶν
1915 3379 2146 3432 ὑπόστα-

535 3475 652 3541 ’σις
683 3475 1041 3548 πραγμάτων,
1070 3473 1131 3525 οὐ
1168 3471 1540 3542 βλεπομένων*
1571 3470 1600 3523 6
1628 3471 1683 3523 δέ
1719 3469 1904 3540 βλέπει
1935 3487 2017 3534 τις
2038 3511 2053 3534 ,
2077 3472 2138 3524 οὐ

566 3569 783 3630 πάντως
814 3567 906 3620 καὶ
929 3563 1156 3626 ἐλπίζει.
1194 3565 1256 3616 Εἰ
1284 3563 1464 3616 τοίνυν
1491 3561 1803 3624 ἐπίστευσε,
1839 3563 1952 3624 τοῖς
1983 3561 2138 3614 ἐλπιος

567 3657 813 3729 ζομένοις
860 3654 1198 3707 ἐπίστευσεν.
1233 3651 1295 3704 EE
1343 3652 1400 3704 δέ
1453 3653 1564 3714 τοῖς
1613 3649 1987 3720 ἐλπιζομένοις
2022 3650 2142 3704 ἐπί-

568 3767 782 3813 στευσε,
815 3746 883 3800 τὰ
909 3746 966 3798 δέ
987 3743 1312 3814 ἐλπιζόμενα
1339 3743 1549 3796 οὐδέπω
1580 3741 1855 3811 βλέπεται,
1887 3741 2040 3794 οὐπω
2070 3737 2140 3812 ἦν

565 3839 880 3910 ἀπειληφὼς
920 3837 1128 3899 ταῦτα,
1167 3837 1248 3898 εἰς
1296 3834 1440 3905 ἀπερ
1479 3834 1764 3888 ἐπίστευσε
1788 3849 1802 3864 ο
1846 3833 1936 3886 διὰ
1981 3833 2138 3886 τοῦτό

565 3951 730 4004 φησιν
753 3973 768 3998 ,
797 3933 1083 3998 Ἔχοντες
1129 3926 1197 3979 τὸ
1229 3924 1374 3979 αὐτὸ
1407 3924 1650 3993 Πνεῦμα
1697 3922 1810 3992 τῆς
1855 3925 2134 3991 πίστεως,

562 4024 708 4077 τοῦτ’
731 4023 866 4086 ἐστι,
900 4019 997 4091 τήν
1023 4017 1190 4087 αὐτὴν
1219 4015 1420 4078 πίστιν,
1448 4016 1548 4086 τὴν
1589 4018 1646 4068 ἐν
1676 4019 1742 4086 τῇ
1771 4015 1984 4088 Παλαιᾷ
2005 4055 2020 4080 ,
2045 4019 2138 4071 καὶ

562 4119 723 4189 ἡμεῖς
754 4114 967 4184 ἔχομεν.
992 4111 1091 4163 Διά
1121 4109 1279 4162 τοῦτο
1297 4107 1391 4160 καὶ
1418 4106 1652 4177 ἀλλαχοῦ
1689 4124 1844 4177 φησι,
1872 4111 2002 4179 περὶ
2028 4109 2139 4163 τῶν

563 4207 684 4258 τότε
713 4205 883 4272 ἁγίων
903 4201 1074 4268 λέγων
1099 4215 1112 4230 ·
1140 4197 1474 4266 Περιῆλθον
1491 4198 1562 4250 ἐν
1579 4198 1885 4267 μηλωταῖς
1903 4241 1918 4263 ,
1945 4200 2014 4252 ἐν
2046 4201 2135 4252 αἰ·-

562 4298 745 4368 τείοις
785 4293 1072 4362 δέρμασιν
1094 4331 1110 4355 ,
1141 4290 1598 4357 ὑστερούμενοι,
1633 4290 1965 4358 θλιϐόμενοι
1988 4330 2001 4350 ,
2030 4306 2134 4343 κα-

562 4386 956 4454 κουχούμενοι
976 4420 990 4445 ,
1025 4375 1113 4435 ὧν
1131 4382 1242 4434 οὐκ
1265 4376 1344 4450 ἦν
1372 4379 1539 4446 ἄξιος
1572 4382 1606 4433 ό
1625 4381 1854 4449 κόσμος
1876 4397 1892 4410 ο
1913 4377 2032 4434 εἶτα
2054 4381 2134 4434 δι-

560 4477 794 4534 δάσκων,
821 4474 902 4526 ὅτι
925 4471 993 4524 τὰ
1018 4469 1167 4524 δεινὰ
1201 4470 1300 4540 μὲν
1322 4470 1638 4540 ὑπέμειναν,
1673 4472 1799 4534 τοὺς
1825 4471 1880 4524 δὲ
1911 4471 2134 4542 μισθοὺς

559 4567 769 4620 οὐδέπω
797 4565 891 4616 καὶ
933 4561 1027 4615 νῦν
1078 4561 1348 4614 ἀπέλαϐον
1373 4601 1388 4625 ,
1429 4562 1676 4632 ἐπήγαγε
1726 4562 1898 4631 λέγων
1925 4579 1938 4595 ο
1973 4564 2134 4617 Κατὰ

558 4655 674 4723 τὴν
697 4655 906 4707 πίστιν
934 4651 1238 4706 ἀπέθανον
1272 4649 1435 4708 οὗτοι
1468 4651 1690 4717 πάντες
1716 4692 1731 4715 ,
1769 4656 1856 4720 μὴ
1889 4655 2134 4722 κομισά-

553 4763 724 4816 μενοι
768 4745 876 4808 τὰς
925 4745 1321 4812 ἐπαγγελίας,
1385 4744 1547 4796 ἀλλὰ
1591 4743 1893 4812 πόρῤωθεν
1944 4746 2126 4812 αὐτὰς

559 4837 786 4902 ἰδόντες
808 4835 906 4888 καὶ
929 4833 1369 4902 ἀσπασάμενοι.
1395 4835 1503 4887 Καὶ
1527 4835 1642 4897 πῶς
1674 4833 1834 4898 εἶδον,
1864 4837 1982 4888 εἱπέ
2017 4855 2127 4907 μοι,

556 4927 652 4990 τὰς
713 4926 938 4997 μηδέπω
997 4923 1317 4994 παρούσας;
1357 4924 1481 4987 Τοῖς
1519 4924 1620 4994 τῆς
1658 4924 1891 4988 πίστεως
1929 4925 2128 4994 ὀφθαλ-

559 5023 676 5090 μοῖς
697 5061 712 5084 ,
746 5020 859 5080 τοῖς
913 5014 1297 5086 ὑπερϐαίνουσι
1345 5014 1436 5068 τὸν
1469 5015 1696 5087 οὐρανὸν
1720 5054 1735 5080 ,
1770 5016 1866 5069 καὶ
1909 5017 1980 5070 τὰ
2014 5018 2132 5071 ἐκεῖ

556 5107 989 5162 κατασκοποῦσιν
1025 5107 1260 5162 ἅπαντα.

625 5200 688 5253 θ’.
723 5201 794 5252 Σὺ
819 5200 876 5252 δέ
910 5217 997 5270 μοι
1029 5198 1221 5252 σκόπει
1247 5197 1380 5250 Θεοῦ
1409 5197 1620 5266 σοφίαν,
1662 5197 1779 5261 πῶς
1807 5197 1899 5250 καὶ
1925 5197 2127 5260 ἔδειξεν

550 5293 731 5354 αὐτοῖς
756 5290 824 5342 τὰ
846 5290 1074 5361 βραϐεἶα
1112 5287 1395 5359 πόρρωθεν
1419 5330 1433 5353 ,
1471 5287 1566 5340 καὶ
1598 5287 1697 5338 οὐκ
1725 5286 1891 5340 ἔδωκε
1918 5287 2015 5357 μὲν
2037 5286 2127 5339 εὐ-

552 5381 687 5444 θέως
707 5418 720 5443 ,
757 5381 843 5434 ἵνα
877 5379 1097 5450 μείζονα
1119 5379 1295 5434 αὐτῶν
1330 5378 1632 5450 ἐργάσηται
1667 5377 1766 5448 τὴν
1797 5377 2074 5448 ὑπομονήν
2106 5393 2121 5407 ⁸

551 5470 718 5536 ἔδειξε
743 5469 800 5521 δὲ
828 5469 1129 5540 πόρρωθεν,
1152 5468 1239 5522 ἵνα
1263 5470 1382 5530 ταῖς
1415 5467 1594 5520 ἐλπίσι
1621 5465 1846 5527 ταύταις
1865 5466 2126 5536 τρεφόμε-

552 5581 653 5624 νοι.
683 5561 818 5634 μηδέ
847 5561 1096 5632 αἴσθησιν
1122 5559 1232 5615 τῶν
1260 5559 1542 5631 παρόντων
1575 5557 1780 5612 λάϐωσι
1814 5555 2012 5610 πόνων.

609 5745 638 5811 9
661 5744 766 5811 Alii,
781 5752 830 5794 et
851 5745 965 5811 Cod.
992 5745 1084 5795 748
1106 5747 1436 5811 πολυποίμνια.
1464 5746 1613 5798 Savil.
1638 5747 1686 5794 in
1709 5759 1844 5810 marg
1886 5748 2116 5795 πολυποι-

547 5809 675 5862 min.
695 5810 773 5857 καὶ
795 5809 1035 5871 βουκολίαι.

1264 281 1323 337 S.
1363 281 1652 337 JOANNIS
1685 279 2177 339 CHRYSOSTOMI
2219 279 2542 337 ARCHIEP.
2582 276 3130 335 CONSTANTINOP.

3710 276 3811 331 298

2343 379 2502 434 Ἀλλά
2527 381 2666 452 τάχα
2695 399 2780 446 τις
2805 384 2913 437 τῶν
2948 383 3199 455 ὀξύτερον
3239 382 3608 454 προσεχόντων
3647 385 3821 455 ἐαυτῷ

2261 472 2735 539 περιπεπτωκέναι
2771 475 2862 527 τὸν
2893 472 3048 541 λόγον
3081 474 3365 544 ἡγήσεται.
3396 475 3458 526 Εἰ
3497 472 3606 544 γάρ
3634 475 3751 528 ούδέ
3775 475 3828 528 οἱ

2257 561 2532 634 πρότεροι,
2562 567 2746 635 φησὶν,
2783 566 3164 638 ἀπελάμϐανον
3195 566 3344 637 παρά
3373 565 3539 628 πόδας
3558 567 3624 618 τὰ
3650 566 3830 635 ἀγαθά

2257 652 2352 706 καὶ
2388 655 2486 718 τὰς
2509 657 2761 726 ἀμοιϐὰς,
2791 658 2906 722 πῶς
2939 660 3067 729 ἡμῖν
3099 658 3307 729 μακρὸν
3333 657 3621 720 ἀπέτεινας
3649 658 3828 725 λόγον,

2256 743 2732 818 ἀπαριθμούμενος
2767 749 2925 820 ὡρῶν
2955 749 3249 820 εὐκρασίαν
3270 791 3284 814 ,
3315 747 3564 819 σώματος
3595 749 3828 817 ὑγίειαν,

2257 837 2539 892 εὐπαιδίαν
2558 881 2572 906 ,
2625 840 2978 893 πολυπαιδίαν
2997 884 3012 906 ,
3054 841 3336 912 εὐετηρίαν
3355 882 3370 905 ,
3410 841 3637 911 καρπῶν
3665 840 3830 909 ἀφθο-

2257 927 2396 992 νίαν,
2420 928 2693 1000 βουκόλια,
2720 933 3206 1002 ποίμνια,-ἀπασαν
3229 932 3330 1002 τὴν
3357 931 3608 1002 βιωτικὴν
3632 932 3833 1000 εὐπρακ-

2255 1021 2411 1089 γίαν;
2442 1023 2592 1096 [287]
2633 1024 2697 1076 Τί
2733 1021 2826 1078 οὖν
2879 1024 2944 1078 ἂν
2992 1023 3239 1094 εἴποιμεν
3291 1025 3427 1095 πρὸς
3467 1023 3652 1089 τοῦτο;
3705 1024 3832 1080 Ὅτι

2257 1113 2458 1184 ἑτέρως
2500 1115 2600 1186 μὲν
2644 1116 2704 1169 τδ
2744 1115 2943 1186 πλῆθος
2973 1117 3068 1169 καὶ
3103 1117 3194 1169 τὸν
3223 1115 3607 1186 ἀσθενέστερον
3638 1114 3829 1184 δῆμον,

2255 1202 2529 1273 ἑτέρωςδέ
2562 1207 2687 1270 τοὺς
2723 1205 3002 1274 γενναίους
3033 1205 3124 1259 καὶ
3158 1204 3253 1276 τὴν
3288 1206 3346 1259 ἐν
3370 1207 3435 1275 τῇ
3477 1205 3653 1274 Καινῇ
3680 1202 3829 1271 φιλο-

2257 1294 2448 1361 σοφίαν
2473 1295 2571 1366 ήδη
2608 1297 2888 1366 μετιόντας
2916 1292 3048 1367 ἦγεν
3079 1299 3106 1350 6
3123 1297 3255 1359 Θεὸς
3283 1296 3422 1349 τότε.
3447 1296 3570 1358 Τοῖς
3598 1296 3696 1365 μὲν
3720 1293 3834 1364 γὰρ

2256 1385 2468 1449 πολλοῖς
2496 1388 2589 1440 καὶ
2613 1390 2787 1458 χαμαὶ
2824 1390 3144 1459 ἐρπομένοις
3189 1390 3283 1442 καὶ
3306 1389 3458 1442 οὐδὲν
3491 1388 3634 1459 μέγα
3668 1387 3830 1440 δυνα-

2259 1480 2439 1546 μένοις
2465 1479 2611 1541 ίδεῖν,
2629 1480 2749 1532 οὐδέ
2776 1482 3009 1532 ἐκτεῖναι
3035 1481 3132 1551 τὴν
3159 1481 3256 1550 τῆς
3281 1480 3460 1550 ψυχῆς
3484 1479 3673 1532 ἐλπίδα
3695 1476 3832 1550 πρὸς

2257 1565 2352 1637 τὴν
2372 1567 2479 1620 τῶν
2497 1567 2794 1639 μελλόντων
2819 1567 3111 1621 ἀπόλαυσιν
3129 1569 3370 1636 ἀγαθῶν,
3394 1566 3568 1621 ταῦτα
3593 1566 3662 1618 τὰ
3689 1582 3831 1637 παρ-

2254 1658 2381 1710 όντα
2418 1661 2675 1729 παρεῖχεν
2707 1657 2905 1727 ἀγαθὰ,
2957 1659 3055 1729 τὴν
3099 1658 3381 1711 ἀσθένειαν
3413 1659 3512 1723 τῆς
3536 1657 3714 1726 ψυχῆς
3734 1657 3836 1708 αὐ-

2255 1747 2363 1801 τῶν
2392 1749 2907 1820 παραμυθούμενος,
2935 1750 3028 1803 καὶ
3051 1749 3139 1803 διά
3161 1750 3365 1804 τούτων
3394 1750 3588 1812 αὐτοὺς
3622 1748 3832 1817 ὁδηγῶν

2257 1837 2348 1889 ἐπὶ
2372 1836 2469 1907 τὴν
2493 1839 2591 1909 τῆς
2615 1839 2815 1909 ἀρετῆς
2844 1841 3104 1911 ἐργασίαν
3127 1879 3140 1903 ,
3173 1840 3265 1893 καὶ
3293 1842 3374 1903 εἰς
3397 1839 3494 1908 τὴν
3513 1838 3621 1890 τῶν
3647 1837 3836 1890 καλῶν

2255 1923 2547 1994 ἐπιθυμίαν
2579 1925 2864 1996 ἐμϐάλλων
2893 1941 2906 1957 ⁸
2960 1928 3053 1980 τὸν
3079 1928 3137 1981 δὲ
3173 1926 3357 1979 Ἠλίαν
3393 1925 3491 1978 καὶ
3520 1926 3610 1978 τὸν
3654 1924 3832 1976 Ἐλισ-

2257 2012 2432 2074 σαῖον,
2477 2012 2570 2066 τὸν
2624 2014 2925 2084 Ἱερεμίαν,
2961 2016 3050 2068 τὸν
3097 2015 3324 2067 Ἡσαΐαν
3347 2055 3362 2075 ,
3394 2015 3487 2066 καὶ
3525 2014 3736 2074 πάντας
3764 2011 3834 2082 δὴ

2254 2099 2442 2163 ἁπλῶς
2471 2101 2600 2166 τοὺς
2643 2105 2953 2174 προφήτας,
2991 2103 3083 2156 καὶ
3115 2103 3228 2156 ὅσοι
3260 2103 3354 2156 τοῦ
3379 2102 3541 2173 χοροῦ
3570 2103 3833 2169 γεγένην-

2254 2204 2343 2239 ται
2371 2188 2480 2241 τῶν
2509 2189 2677 2258 ἀγίων
2706 2192 2800 2244 καὶ
2832 2191 3082 2261 μεγάλων
3120 2193 3359 2264 ἀνδρῶν,
3388 2193 3480 2244 ἐπὶ
3502 2192 3631 2254 τούς
3670 2192 3730 2242 οὐ
3738 2209 3834 2259 ραν

2256 2275 2380 2340 νοὺς
2427 2277 2612 2331 ἐκάλει
2650 2281 2744 2332 καὶ
2775 2279 2842 2333 τὰ
2875 2281 2990 2332 ἐκεῖ
3019 2279 3504 2350 παρεσκευασμένα
3533 2282 3650 2341 τοῖς
3687 2279 3835 2331 εὐδο-

2255 2365 2546 2435 κιμηκόσιν
2578 2366 2777 2436 ἀγαθά.
2805 2367 2894 2420 Διδ
2925 2368 3020 2420 καὶ
3056 2370 3084 2422 ό
3115 2368 3324 2431 Παῦλος
3351 2368 3451 2438 οὐχ
3481 2368 3671 2429 ἁπλῶς
3698 2367 3838 2420 πάν-

2253 2467 2352 2512 τας
2379 2450 2803 2522 ἀπηριθμήσατο
2826 2491 2841 2514 ,
2883 2451 3020 2506 ἀλλά
3052 2454 3177 2515 τοὺς
3211 2453 3269 2504 ἐν
3312 2452 3589 2522 μηλωταῖς
3609 2490 3626 2516 ,
3657 2454 3714 2504 ἐν
3749 2452 3837 2504 αἰο

2254 2538 2422 2606 γείοις
2450 2537 2703 2608 δέρμασι,
2733 2538 2859 2600 τοὺς
2879 2540 2936 2590 ἐν
2957 2539 3192 2608 καμίνῳ,
3215 2539 3338 2602 τοὺς
3365 2540 3424 2591 ἐν
3445 2538 3834 2609 δεσμωτηρίῳ,

2252 2624 2378 2686 τοὺς
2406 2624 3006 2694 ἀποτυμπανισθέντας,
3035 2627 3158 2689 τοὺς
3188 2625 3674 2688 καταλευσθέντας,
3705 2629 3837 2690 τοὺς

2254 2712 2310 2764 ἐν
2348 2711 2521 2781 λιμῷ,
2551 2713 2679 2774 τοὺς
2709 2714 2766 2765 ἐν
2793 2713 2956 2784 πενίᾳ
2978 2755 2991 2775 ,
3037 2715 3163 2777 τούς
3201 2715 3256 2766 ἐν
3290 2713 3548 2784 ἐρημίαις
3573 2754 3588 2776 ,
3622 2715 3752 2776 τούς
3780 2715 3842 2765 ἐν

2255 2798 2542 2868 σπηλαίοις
2563 2840 2576 2862 ,
2613 2801 2739 2863 τούς
2773 2802 2829 2852 ἐν
2852 2803 2970 2864 ταῖς
3001 2800 3160 2863 ὀπαῖς
3183 2801 3282 2870 τῆς
3313 2801 3450 2869 γῆς,
3477 2801 3605 2863 τοὺς
3633 2801 3700 2853 τὰ
3738 2819 3839 2869 p.0-

2257 2881 2346 2953 ρία
2381 2881 2652 2945 παθόντας
2675 2881 2842 2937 δεινά.
2873 2885 2984 2937 Καὶ
3005 2885 3125 2936 τότε
3149 2879 3268 2935 εἶπε
3305 2882 3445 2936 κατά
3483 2883 3668 2935 πίστιν
3696 2883 3838 2936 πάν-

2252 2983 2352 3028 τας
2388 2963 2869 3035 τετελευτηκέναι,
2933 2965 3026 3018 καὶ
3082 2966 3307 3035 μηδέπω
3357 2964 3688 3035 κεκομίσθαι
3738 2966 3838 3028 τὰς

2253 3046 2586 3116 ἐπαγγελίας
2604 3061 2620 3078 ⁶
2646 3047 2767 3118 οὐχὶ
2797 3048 2857 3102 τὸ
2888 3047 3091 3116 πλῆθος
3116 3048 3178 3101 16
3214 3047 3520 3110 Ἰουδαϊκὸν,
3544 3048 3685 3100 ἀλλά
3712 3049 3840 3112 τούς

2252 3130 2394 3185 κατὰ
2414 3130 2505 3184 τὸν
2540 3129 2728 3184 Ἠλίαν
2755 3133 2887 3202 ἡμῖν
2910 3132 3296 3200 αἰνιττόμενος.
3339 3132 3400 3183 Εἰ
3441 3130 3498 3182 δέ
3523 3131 3676 3198 λέγοι
3711 3149 3796 3194 τις
3817 3150 3832 3163 ·

2250 3217 2415 3270 Αὐτοὶ
2437 3217 2493 3271 δέ
2519 3213 2664 3272 οὗτοι
2681 3217 2826 3280 τίνος
2855 3215 3039 3269 ἕνεκεν
3068 3215 3279 3268 οὐδέπω
3299 3215 3393 3267 καὶ
3431 3214 3530 3267 νῦν
3557 3215 3835 3268 ἀπέλαϐον

2249 3302 2375 3364 τοὺς
2405 3301 2784 3371 ὀφειλομένους
2825 3300 3009 3361 αὐτοῖς
3040 3298 3364 3366 στεφάνους;
3394 3297 3719 3367 μανθανέτω
3745 3298 3837 3350 καὶ

2247 3385 2452 3456 ταύτην
2481 3384 2632 3456 παρά
2662 3383 2873 3437 Παύλου
2906 3382 3006 3452 τὴν
3035 3381 3233 3434 αἰτίαν.
3263 3381 3447 3434 Εἰπὼν
3487 3381 3598 3450 γαρ
3622 3421 3639 3445 ,
3676 3384 3836 3434 Κατὰ

2248 3470 2459 3524 πίστιν
2482 3469 2786 3524 ἀπέθανον
2814 3464 2982 3524 οὗτοι
3015 3466 3237 3532 πάντες
3264 3505 3278 3529 ,
3313 3465 3394 3534 μὴ
3436 3465 3833 3534 κομισάμενοι

2249 3555 2354 3621 τὰς
2389 3555 2748 3624 ἐπαγγελίας
2770 3593 2784 3618 ,
2820 3553 3087 3623 ἐπήγαγε,
3122 3550 3237 3604 Τοῦ
3283 3551 3431 3603 Θεοῦ
3461 3550 3740 3617 κρεῖττόν
3777 3567 3832 3602 τι

2247 3636 2747 3708 προϐλεψαμένου
2784 3639 2918 3706 περὶ
2947 3637 3116 3707 ἡμῶν
3138 3677 3154 3702 ,
3185 3636 3286 3689 ἵνα
3325 3635 3411 3703 μὴ
3443 3633 3626 3702 χωρὶς
3664 3633 3835 3702 ἡμῶν

2246 3722 2617 3777 τελειωθῶσι.
2656 3725 2823 3793 Κοινὴ
2860 3721 2968 3792 γάρ
3007 3723 3164 3785 ἐστι,
3196 3719 3358 3788 φησὶν
3379 3757 3397 3784 ,
3432 3721 3466 3788 ἡ
3497 3720 3831 3789 πανήγυρις,

2247 3807 2432 3878 ἐπειδὴ
2460 3807 2554 3861 καὶ
2587 3807 2788 3876 μείζων
2826 3804 2986 3877 ἡδονὴ
3010 3846 3023 3870 ,
3078 3805 3204 3857 ὅταν
3238 3805 3386 3873 κοινῇ
3433 3801 3833 3870 στεφανὼμεθα

2247 3891 2466 3952 πάντες.
2494 3888 2666 3942 Τοῦτο
2714 3890 2804 3942 καὶ
2838 3890 2896 3941 ἐν
2944 3889 3053 3951 τοῖς
3101 3886 3488 3956 Ὀλυμπιακοῖς
3534 3883 3716 3951 ἀγῶσι
3746 3884 3832 3952 γί-

2245 3990 2395 4026 νεται
2415 3989 2428 4002 ·
2455 3973 2483 4025 6
2517 3971 2788 4035 παλαίσας
2806 4009 2821 4033 ,
2849 3971 2877 4022 6
2899 3969 3240 4034 πυκτεύσας,
3269 3971 3297 4021 ό
3321 3967 3747 4037 παγκρατιάσας
3773 3968 3834 4020 ἐν

2243 4053 2519 4125 διαφόροις
2548 4054 2645 4123 μὲν
2679 4055 2890 4124 καιροῖς
2919 4053 3045 4115 τούς
3076 4051 3292 4120 ἀγῶνας
3331 4050 3696 4119 ὑπομένουσιν
3719 4089 3736 4106 ,
3771 4051 3828 4100 ἐν

2247 4138 2348 4209 μιᾷ
2381 4137 2438 4190 δέ
2488 4135 2682 4207 καιροῦ
2719 4138 2858 4206 ῥοπῇ
2912 4135 3112 4197 πάντες
3142 4131 3634 4204 ἀνακηρύττονται.
3671 4131 3830 4185 Οὕτω

2243 4222 2337 4276 καὶ
2365 4223 2421 4274 ἐν
2441 4223 2553 4282 τοῖς
2578 4222 2820 4291 ἀρίστοις
2847 4219 3076 4288 γίνεται.
3112 4220 3281 4272 Ὅταν
3308 4217 3417 4288 γάρ
3439 4217 3550 4270 τῶν
3571 4216 3831 4287 δαιτυμό-

2243 4323 2348 4360 νων
2381 4307 2431 4358 οἱ
2466 4305 2566 4374 μὲν
2591 4303 2836 4372 φθάσωσι
2866 4303 3407 4374 προαπαντήσαντες,
3430 4301 3480 4353 οἱ
3505 4300 3562 4352 δέ
3589 4301 3671 4352 ἔτι
3701 4300 3830 4371 μέλ-

2241 4389 2376 4442 λωσι
2399 4429 2414 4448 .
2446 4386 2713 4456 τιμῶντες
2764 4387 2891 4449 τοὺς
2925 4385 3349 4453 ἀπολειφθέντας
3391 4387 3442 4437 οἱ
3486 4385 3824 4456 ἑστιάτορες,

2239 4474 2366 4535 τοὺς
2394 4471 2705 4539 φθάσαντας
2735 4470 2835 4540 ήδη
2865 4471 2962 4524 καὶ
3000 4471 3478 4542 παραγενομένους
3512 4468 3826 4522 κελεύουσιν

2239 4554 2533 4625 ἀναμένειν
2560 4553 2687 4615 τοὺς
2716 4553 3138 4623 ὑστερήσαντας.
3182 4552 3352 4604 Τοῦτο
3380 4554 3474 4606 καὶ
3500 4551 3528 4605 ὁ
3559 4551 3694 4614 Θεὸς
3728 4568 3826 4602 πε-

2240 4637 2493 4707 ποίηκεν’
2530 4635 2716 4706 ἐπειδὴ
2754 4636 2862 4707 γὰρ
2891 4637 3014 4697 τοὺς
3042 4637 3107 4688 ἐκ
3133 4636 3231 4704 τῆς
3258 4635 3584 4705 οἰκουμένης
3605 4635 3825 4702 ἀπάσης

2240 4722 2380 4775 κατὰ
2408 4720 2696 4791 διαφόρους
2722 4721 2947 4790 καιροὺς
2979 4719 3404 4790 εὐδοκιμηκότας
3431 4719 3523 4772 ἐπὶ
3551 4718 3733 4788 κοινήν
3757 4732 3820 4768 τε

2238 4805 2332 4857 καὶ
2357 4802 2730 4874 πνευματικὴν
2759 4802 2990 4872 εὐωχίαν
3015 4802 3264 4866 ἐκάλεσε,
3299 4803 3423 4864 τοὺς
3451 4801 3555 4870 ἤδη
3593 4801 3819 4870 φθάσαν-

2236 4905 2336 4949 τας
2377 4887 2473 4939 καὶ
2531 4885 2969 4957 προαπελθόντας
3016 4885 3228 4938 κελεύει
3277 4886 3402 4948 τοὺς
3462 4883 3604 4954 μετά
3649 4881 3818 4936 ταῦτα

2237 4970 2454 5023 ἀπιέναι
2487 4969 2778 5039 μέλλοντας
2813 4968 3136 5038 ἀναμένειν,
3178 4969 3246 5021 ἵν’
3281 4967 3426 5021 οῦτω
3452 4970 3608 5037 κοινῇ
3639 4984 3821 5036 παρα-

2235 5053 2542 5123 γενομένων
2569 5052 2862 5117 ἁπάντων,
2897 5052 3050 5123 καὶὴ
3095 5052 3230 5123 τιμὴ
3283 5053 3376 5106 καὶ
3428 5053 3464 5122 ὴ
3511 5051 3672 5121 ἡδονή
3717 5049 3826 5119 μία

2237 5139 2407 5192 ἅπασι
2442 5137 2687 5207 γένηται.

2309 5229 2357 5274 ι’.
2394 5221 2673 5291 Ἐννόησον
2691 5220 2798 5290 γὰρ
2814 5219 3000 5291 ήλίκον
3018 5221 3165 5274 ἐστὶν
3187 5222 3264 5284 εἰς
3285 5220 3454 5290 τιμῆς
3473 5219 3646 5286 λόγον,
3673 5217 3827 5270 Παῦ-

2232 5305 2322 5358 λον
2353 5306 2448 5358 καὶ
2473 5307 2598 5367 τούς
2626 5305 2747 5358 κατ’
2773 5307 2980 5358 ἐκεῖνον
3004 5305 3270 5367 ἅπαντας,
3292 5304 3384 5356 τὸν
3423 5303 3692 5373 Ἀϐραὰμ,
3717 5302 3826 5355 καὶ

2231 5390 2358 5452 τούς
2389 5388 2508 5442 κατ’
2543 5389 2781 5449 ἐκεῖνον,
2814 5388 2907 5440 καὶ
2942 5388 3069 5450 τοὺς
3107 5389 3212 5456 πρὸ
3269 5385 3481 5438 ἐκείνου
3510 5386 3666 5438 πάλιν
3703 5385 3826 5454 πρὸ

2229 5471 2498 5525 τοσούτων
2527 5471 2663 5524 ἐτῶν
2695 5470 3036 5541 ἁθλήσαντας
3065 5471 3159 5523 καὶ
3183 5471 3509 5538 νικήσαντας
3547 5468 3825 5537 καθῆσθαι

2231 5555 2326 5609 νῦν
2350 5556 2447 5626 τὴν
2477 5555 2751 5626 ἡμετέραν
2781 5554 3145 5622 ἀναμένοντας
3170 5553 3536 5621 εὐδοκίμησιν.
3559 5552 3677 5603 Ὀτι
3699 5550 3825 5620 γὰρ

2229 5637 2438 5690 οὐδέπω
2468 5639 2559 5691 τὸν
2591 5638 2851 5706 στέφανον
2883 5635 3096 5698 Παῦλος
3125 5635 3455 5702 ἀπείληφεν,
3486 5633 3606 5685 οὐδὲ
3649 5631 3825 5692 ἄλλος

2229 5721 2402 5784 οὐδεὶς
2434 5723 2544 5773 τῶν
2577 5721 2634 5784 ἐξ
2672 5719 2846 5791 ἀρχῆς
2882 5718 3347 5790 εὐηρεστηκότων,
3376 5716 3489 5769 ἀλλ’
3524 5714 3641 5767 οὐδὲ
3669 5714 3825 5765 ἀπο-

2229 5805 2527 5876 λήψονται,
2565 5805 2669 5869 ἕως
2718 5803 2784 5858 ἂν
2826 5805 3062 5867 ἅπαντες
3120 5803 3168 5855 οἱ
3196 5800 3356 5872 μέχρι
3394 5800 3584 5861 τέλους
3613 5813 3821 5865 πεφ²’
