4020 6370
278 328 389 386 297

275 455 421 509 dabit
436 455 524 509 tibi
543 455 768 527 pluviam
787 454 1083 508 matutinum
1104 461 1150 505 et
1169 450 1442 504 serotinum
1464 445 1528 521 (Ι
1532 448 1633 501 bid.
1662 444 1748 500 Η.
1776 444 1886 514 id).

276 542 517 612 Excipiet
543 561 663 600 area
687 546 1015 607 vindemiam,
1044 552 1088 598 et
1114 540 1363 596 vindemia
1391 547 1657 593 sementem
1687 539 1704 607 (
1730 535 1885 589 Leuit.

273 638 372 690 26.
407 638 458 690 4.
494 637 527 691 5
552 639 593 705 ξ.
626 637 854 706 Aliaque
897 636 1065 689 multa
1108 633 1268 688 simili
1299 630 1459 686 modo
1499 630 1577 685 eis
1607 629 1888 699 promisit,

274 743 399 797 quas
445 727 661 797 quidem
692 728 873 782 omnia
918 727 969 781 in
1002 724 1252 795 przcsenti
1279 723 1385 777 vita
1412 721 1492 777 eis
1539 718 1789 775 reddidit.
1832 718 1891 773 Si

275 818 401 886 quis
428 827 512 871 est
540 817 775 881 acutior,
820 815 929 886 jam
958 814 1214 885 praevidet
1255 812 1597 868 solutionem.
1631 809 1889 879 Quando-

275 909 501 977 quidem
532 909 693 979 igitur
715 908 957 978 corporis
980 907 1183 962 sanitas
1201 946 1216 971 ,
1249 920 1501 976 agrorum
1528 902 1752 958 felicitas
1776 942 1790 966 ,
1819 902 1887 955 li-

277 1000 533 1054 berorum
562 1000 773 1053 bonitas
796 1008 954 1074 atque
981 998 1131 1069 copia
1158 1037 1174 1064 ,
1222 996 1394 1051 fausta
1435 1006 1685 1050 senectus
1708 1035 1722 1059 ,
1762 993 1889 1048 anni

280 1092 515 1161 partium
550 1091 836 1161 temperies
860 1090 1081 1160 optima,
1110 1105 1339 1144 annonae
1368 1088 1610 1154 bonitas,
1640 1086 1889 1140 imbrium

277 1183 692 1253 Opportunitas,
736 1192 1102 1237 armentorum
1148 1190 1201 1237 et
1246 1195 1469 1251 gregum
1522 1178 1887 1245 abundantia,

280 1275 465 1329 omnia
488 1274 719 1344 denique
759 1274 897 1328 bona
926 1274 1031 1328 illis
1059 1273 1113 1327 in
1144 1272 1245 1327 hac
1284 1272 1391 1325 vita
1419 1269 1888 1340 repraesentabun-

279 1376 369 1421 tur
392 1408 409 1435 ,
440 1367 679 1437 nihilque
704 1377 830 1436 post
852 1366 991 1421 hanc
1017 1367 1179 1420 vitam
1208 1364 1339 1420 etin
1366 1363 1604 1419 futurum
1637 1363 1891 1417 saeculum

278 1460 608 1530 sperandum
660 1460 1056 1531 proponebatur
1097 1459 1257 1515 τι)ωο
1301 1467 1615 1529 reputantes
1661 1456 1844 1510 ﬁdeles
1872 1496 1889 1522 ,

278 1552 575 1623 majoribus
593 1551 805 1623 quidem
831 1553 941 1607 suis
966 1551 1146 1607 omnia
1170 1551 1309 1607 bona
1338 1565 1448 1621 pra:
1477 1548 1701 1619 pedibus
1721 1545 1891 1603 fuisse

279 1645 385 1699 sita
412 1686 428 1710 ,
459 1645 561 1700 sibi
586 1660 716 1701 vero
761 1644 817 1700 in
849 1645 1083 1700 futuram
1114 1649 1277 1700 vitam
1323 1642 1543 1714 praemia
1571 1649 1625 1695 et
1662 1652 1891 1695 coronas

284 1740 522 1810 reposita
554 1752 709 1807 esse,
740 1747 795 1794 et
820 1754 886 1794 ex
916 1738 1021 1793 ﬁde
1065 1739 1301 1808 ipsorum
1340 1735 1726 1807 promissiones
1757 1750 1890 1804 pcn-

279 1832 414 1888 dere
440 1849 455 1887 :
481 1832 887 1889 delassabantur
904 1847 966 1887 ac
986 1831 1326 1897 deﬁciebant,
1356 1840 1411 1886 ut
1431 1831 1623 1902 quibus
1647 1831 1891 1885 universa

279 1924 389 1978 vita
422 1924 562 1978 inter
585 1924 907 1979 teutationes
936 1924 1241 1979 necessario
1267 1932 1410 1978 esset
1438 1922 1716 1993 exigenda.
1759 1922 1886 1978 Haec

283 2017 448 2087 igitur
475 2018 823 2073 considerans
848 2018 1078 2084 Paulus,
1125 2025 1179 2071 et
1226 2017 1489 2071 malorum
1520 2030 1640 2087 qua:
1680 2014 1758 2070 eis
1788 2015 1892 2068 im-

282 2110 594 2180 pendebant
640 2109 1063 2181 magnitudinem
1087 2153 1102 2176 ,
1133 2118 1189 2165 et
1212 2109 1354 2180 quod
1384 2107 1469 2163 his
1512 2107 1728 2177 quidem
1775 2115 1895 2177 post

279 2201 490 2254 obitum
516 2200 757 2255 laborum
784 2200 1090 2256 mercedem
1116 2200 1259 2255 Deus
1286 2208 1431 2255 esset
1458 2199 1729 2269 pollicitus
1751 2239 1766 2264 ,
1799 2212 1892 2267 pa-

283 2294 456 2347 tribus
481 2302 660 2348 autem
702 2302 1023 2365 prmsentem
1069 2293 1476 2349 retributionem
1518 2292 1891 2363 praestitisset;

281 2386 718 2457 perspiciensque
761 2403 1009 2459 magnam
1058 2389 1110 2442 in
1165 2388 1273 2443 illis
1319 2387 1601 2458 segnitiem
1630 2402 1661 2442 e
1688 2387 1882 2442 talibus

282 2482 699 2552 cogitationibus
727 2482 990 2552 suboriri,
1021 2492 1076 2539 et
1104 2484 1293 2539 volens
1322 2497 1417 2539 eos
1442 2484 1677 2538 excitare
1702 2498 1765 2538 ac
1793 2482 1889 2537 do-

281 2589 434 2641 cere,
460 2582 670 2642 patrum
690 2590 902 2646 quoque
922 2575 1253 2645 temporibus
1268 2574 1510 2630 eamdem
1532 2572 1697 2630 fuisse
1714 2590 1893 2629 rerum

281 2671 767 2742 dispensationem,
789 2668 1094 2738 multosque
1120 2666 1225 2722 ﬁde
1248 2666 1549 2722 mercedem
1571 2666 1893 2736 percepisse,

284 2779 392 2818 non
420 2779 500 2829 re,
530 2762 895 2834 propheticum
918 2761 1022 2814 illis
1042 2759 1239 2814 dictum
1266 2760 1318 2813 in
1340 2759 1653 2815 memoriam
1682 2768 1897 2814 revocat

280 2856 513 2912 dicens:
547 2856 805 2910 Habentes
852 2854 1082 2908 eumdem
1113 2851 1368 2923 Spiritum
1410 2851 1552 2920 ﬁdei,
1592 2852 1720 2906 sicut
1763 2855 1892 2905 scri-

281 2958 429 3020 ptum
453 2957 547 3015 est,
577 2947 801 3010 Credidi,
837 2952 1042 3016 propter
1061 2942 1198 3016 quod
1226 2943 1464 3012 loquutus
1492 2959 1604 2997 sum
1636 2958 1655 2997 :
1687 2951 1888 2997 tantum

282 3054 393 3094 non
423 3037 608 3092 dicens
628 3036 771 3108 quod
801 3050 1023 3106 magnus
1050 3034 1213 3089 etiam
1241 3033 1331 3088 ille
1359 3033 1543 3097 David,
1572 3034 1816 3103 egregius
1843 3037 1896 3087 et

280 3128 631 3184 admirandus
654 3126 914 3200 propheta
935 3166 950 3191 ,
981 3125 1087 3181 ﬁde
1113 3124 1524 3180 retributionem
1556 3124 1892 3193 perceperit,

283 3236 394 3276 non
431 3221 806 3289 experimento
835 3237 849 3273 :
880 3217 1081 3288 alioqui
1106 3258 1121 3282 ,
1167 3216 1269 3271 nisi
1326 3231 1417 3271 res
1446 3216 1516 3269 ita
1549 3230 1607 3270 se
1634 3216 1892 3284 haberet,

283 3328 392 3369 non
415 3313 638 3369 dixisset
663 3312 834 3383 (Psal.
860 3313 985 3367 H5.
1014 3310 1104 3381 10)
1133 3329 1147 3365 :
1177 3310 1401 3377 Credidi,
1429 3320 1634 3381 propter
1656 3311 1791 3381 quod
1814 3312 1894 3364 l0-

281 3416 477 3478 quutus
502 3422 633 3460 sum.
654 3404 813 3460 Fides
841 3405 985 3460 enim
1014 3403 1081 3459 ad
1108 3419 1168 3459 ea
1192 3420 1311 3474 qua:
1332 3413 1616 3473 sperantur
1644 3403 1892 3467 refertur,

282 3514 393 3554 non
419 3498 483 3553 ad
512 3513 573 3554 ea
600 3514 720 3569 quae
745 3497 997 3553 videntur
1021 3514 1034 3550 :
1059 3496 1199 3567 quod
1221 3496 1364 3552 enim
1392 3495 1537 3550 videt
1565 3497 1706 3567 quis,
1737 3496 1896 3565 plane

281 3607 393 3647 non
426 3598 605 3661 sperat
633 3590 816 3662 (Hebr.
849 3591 938 3647 li.
966 3588 1067 3662 1.).
1100 3588 1156 3645 Si
1196 3589 1355 3659 igitur
1377 3588 1641 3655 credidit,
1677 3589 1777 3643 illis
1815 3589 1896 3643 ni-

280 3686 484 3739 mirum
527 3683 757 3739 credidit
787 3698 908 3754 qute
937 3682 1205 3753 sperabat.
1235 3680 1388 3749 Quod
1428 3681 1473 3736 si
1520 3682 1598 3735 eis
1627 3697 1746 3751 quae
1772 3696 1894 3750 spe-

282 3776 441 3830 rabat
487 3775 735 3841 credidit,
764 3790 883 3845 qua;
931 3789 1058 3829 vero
1104 3782 1425 3844 sperantur,
1470 3788 1575 3827 non
1624 3773 1890 3837 videntur,

282 3866 638 3937 consequitur
676 3881 799 3922 cum
844 3880 952 3919 non
1000 3865 1271 3934 recepisse
1298 3880 1360 3919 ea
1386 3880 1505 3934 quae
1550 3865 1892 3929 crediderat;

282 3970 573 4032 propterea
602 3958 1019 4026 dicit,Habentes
1047 3957 1276 4012 eumdem
1308 3955 1559 4027 Spiritum
1596 3957 1718 4025 ﬁdei
1748 3974 1767 4011 :
1796 3956 1894 4011 hoc

283 4062 372 4108 est
395 4094 413 4120 ,
442 4052 689 4107 eamdem
719 4051 876 4106 ﬁdem
897 4091 911 4116 ,
942 4066 1063 4121 qua:
1089 4050 1186 4103 fuit
1214 4050 1267 4103 in
1297 4048 1475 4102 Veteri
1504 4048 1845 4102 Testamento
1874 4091 1889 4116 ,

283 4145 452 4199 etiam
478 4160 580 4199 nos
604 4143 887 4198 habemus.
918 4143 1256 4211 Quapropter
1286 4147 1341 4195 et
1364 4139 1489 4194 alibi
1516 4139 1583 4193 de
1607 4140 1725 4208 ejus
1755 4147 1891 4194 tem-

284 4236 440 4307 poris
466 4235 668 4290 sanctis
682 4235 749 4290 ad
769 4234 914 4290 hunc
939 4234 1156 4289 modum
1186 4232 1423 4303 loquitur
1453 4248 1466 4286 :
1499 4231 1814 4286 Circuierunt
1839 4233 1892 4286 in

285 4326 510 4391 metatis,
539 4325 593 4379 in
614 4324 831 4394 pellibus
857 4324 1099 4396 caprinis,
1130 4332 1350 4392 egentes,
1373 4322 1561 4392 afflicti,
1588 4323 1883 4392 angustiati,

286 4417 469 4485 quibus
513 4417 697 4486 dignus
735 4432 838 4469 non
877 4425 983 4470 erat
1009 4414 1226 4467 mundus
1255 4413 1274 4485 (
1302 4412 1459 4466 Hebr.
1491 4414 1577 4467 Η.
1606 4414 1695 4466 '57.
1732 4413 1842 4484 58)
1875 4431 1890 4466 :

288 4509 489 4566 deinde
536 4510 738 4565 docens
788 4524 884 4564 eos
925 4508 1253 4563 calamitates
1296 4506 1508 4576 quidem
1562 4507 1886 4575 pertulisse,

287 4599 596 4656 mercedem
621 4614 749 4655 vero
771 4597 1006 4653 nondum
1032 4598 1321 4666 recepisse,
1349 4595 1529 4650 subdit
1551 4596 1713 4650 verba
1741 4596 1855 4651 hac
1875 4638 1891 4663 ,

289 4691 358 4745 In
386 4691 491 4760 fide
517 4691 703 4744 mortui
740 4699 856 4744 sunt
895 4705 1068 4743 omnes
1114 4688 1206 4751 hi,
1238 4703 1329 4741 nec
1368 4687 1721 4757 promissiones
1754 4705 1895 4742 recc.

290 4791 496 4853 perunt,
527 4781 616 4836 sed
643 4798 676 4835 a
718 4783 867 4853 longe
894 4790 1087 4833 tantum
1113 4791 1342 4848 aspectas
1387 4777 1735 4832 salutauerunt
1766 4779 1784 4852 (
1808 4777 1890 4833 Ib.
1934 4819 1941 4827 .

290 4893 341 4931 v.
374 4875 466 4932 '59.
497 4886 594 4929 etc.
617 4885 667 4930 et
713 4876 784 4931 15
806 4874 848 4944 ).
882 4874 950 4928 Et
978 4872 1246 4944 quomodo
1267 4871 1516 4926 viderunt
1543 4888 1656 4938 eas,
1688 4889 1890 4943 quaeso,

290 4982 416 5037 quae
442 4965 680 5020 nondum
710 4972 864 5020 erant
892 4962 1221 5034 praesentes?
1248 4961 1399 5017 Fidei
1430 4961 1676 5016 nimirum
1704 4963 1891 5031 oculis,

291 5059 384 5127 qui
412 5056 603 5111 caelum
631 5063 935 5127 penetrant,
959 5064 1014 5110 et
1040 5069 1160 5125 quae
1185 5054 1236 5109 in
1261 5069 1327 5110 eo
1344 5060 1470 5109 sunt
1496 5055 1741 5110 universa
1763 5068 1896 5109 con-

246 5170 249 5171 '
292 5146 641 5218 templantur.

367 5240 424 5295 9.
452 5238 534 5294 Tu
553 5254 685 5295 vero
704 5238 984 5294 considam
1005 5237 1138 5292 mihi
1155 5237 1248 5292 Dei
1270 5236 1606 5308 sapientiam,
1628 5236 1897 5307 quomodo

298 5332 405 5386 illis
432 5331 651 5401 praemia
676 5345 708 5385 e
729 5330 1018 5401 longinquo
1035 5328 1351 5394 ostenderit,
1369 5344 1487 5397 qua:
1515 5328 1635 5382 ideo
1654 5328 1766 5381 suis
1793 5343 1899 5382 non

296 5425 478 5481 statim
502 5423 670 5492 dedit,
701 5439 807 5495 quo
834 5422 1005 5494 major
1027 5429 1171 5478 esset
1196 5436 1380 5477 eorum
1405 5420 1655 5491 patientia
1681 5440 1694 5475 :
1722 5429 1902 5475 osten-

297 5517 379 5572 dit
421 5524 601 5571 autem
630 5530 665 5571 e
691 5515 980 5586 longinquo
1021 5514 1143 5569 ideo
1188 5522 1273 5581 ut,
1302 5512 1402 5568 hac
1438 5527 1535 5583 Spe
1573 5512 1757 5567 refecti
1787 5554 1803 5579 ,
1835 5527 1902 5567 ne

297 5624 520 5665 sensum
547 5607 760 5679 quidem
793 5607 1132 5678 prtesentium
1158 5606 1401 5660 laborum
1428 5604 1744 5674 percipiant.

374 5702 537 5755 Aliter
560 5718 674 5755 cum
700 5701 849 5773 uulgo
871 5710 919 5754 et
938 5700 1087 5754 aliter
1115 5715 1229 5752 cum
1244 5698 1401 5769 iustis
1428 5707 1472 5749 et
1501 5698 1689 5751 sanctis
1715 5712 1767 5749 se
1787 5712 1901 5767 ges-

304 5794 371 5851 sit
402 5793 557 5849 Deus.
590 5794 788 5849 —Sed
826 5793 1005 5849 forsan
1044 5792 1235 5863 aliquis
1260 5806 1322 5847 ex
1370 5790 1452 5847 his
1482 5789 1571 5861 qui
1610 5790 1787 5845 acrius
1816 5800 1895 5845 at-

919 325 1007 383 DE
1051 323 1295 382 VERBIS
1334 322 1684 389 APOSTOIJ,
1730 321 2092 380 llABENTES
2132 325 2421 385 EUMDEM
2461 328 2807 389 SPIRITUM.
2850 334 2935 391 lli.

3475 354 3582 409 298

2003 444 2247 513 tendunt,
2281 446 2422 504 inter
2448 465 2507 506 se
2537 454 2823 524 pugnantia
2851 470 2949 510 nos
2976 452 3157 513 dicere
3184 462 3405 529 putabit.
3442 465 3591 523 Dicet

1999 539 2141 593 enim
2173 556 2187 593 :
2216 540 2271 595 Si
2303 558 2477 612 neque
2514 546 2706 614 priscis
2745 547 2848 602 illis
2873 550 3049 603 statim
3078 551 3256 608 oblata
3282 566 3404 611 sunt
3449 556 3590 615 bona

1999 641 2053 685 et
2082 634 2317 701 praemia,
2349 635 2474 705 quid
2502 636 2573 691 ita
2594 638 2807 709 longum
2837 640 3065 698 habuisti
3096 659 3425 715 sermonem,
3456 667 3588 705 enu-

1999 724 2256 780 merando
2272 728 2395 781 anni
2418 729 2644 797 partium
2673 733 3004 801 temperiem,
3025 736 3265 805 corporis
3282 739 3587 805 sanitatem,

1999 815 2287 872 liberorum
2316 820 2609 876 bonitatem
2639 838 2702 877 ac
2729 825 2960 894 copiam,
2992 841 3220 882 annona:
3246 828 3553 887 facilitatem
3575 879 3588 897 ,

2001 906 2267 963 fructuum
2294 910 2670 966 abundantiam
2692 952 2710 982 ,
2750 926 3013 982 armenta,
3043 932 3263 989 greges,
3296 930 3352 977 et
3380 940 3593 978 omnem

2002 998 2212 1055 vivendi
2252 1001 2604 1058 felicitatem?
2633 1005 2769 1072 Quid
2815 1009 2973 1079 igitur
3002 1010 3067 1063 ad
3098 1010 3199 1066 hoc
3236 1022 3319 1069 est
3365 1031 3591 1087 respou-

2001 1091 2233 1148 dendum
2257 1094 2282 1148 ‘i
2304 1096 2474 1151 Aliter
2512 1113 2631 1152 cum
2682 1099 2838 1170 vulgo
2887 1110 2941 1156 et
2970 1102 3319 1162 imbecilliore
3347 1111 3543 1180 populo
3573 1153 3591 1177 ,

1999 1185 2153 1239 aliter
2171 1202 2291 1241 cum
2312 1193 2587 1258 generosis
2610 1190 2936 1261 hominibus,
2968 1204 3021 1249 et
3042 1212 3184 1262 eam,
3212 1215 3329 1268 qua)
3357 1214 3437 1257 est
3461 1203 3594 1259 Novi

2000 1276 2325 1335 Testamenti
2350 1322 2366 1349 ,
2402 1281 2792 1353 philosophiam
2813 1285 2924 1356 jam
2951 1296 3060 1341 tum
3090 1290 3469 1351 meditantibus
3489 1339 3504 1362 ,
3537 1314 3598 1353 ss

1998 1372 2230 1439 gessisse
2278 1372 2444 1428 Deum
2483 1374 2577 1430 illo
2627 1386 2889 1446 tempore.
2921 1379 3243 1437 Multitudini
3288 1387 3428 1442 enim
3476 1405 3597 1459 quae

1999 1459 2146 1515 humi
2188 1464 2408 1532 repebat
2430 1507 2445 1531 ,
2474 1480 2575 1521 nec
2601 1483 2849 1538 magnum
2880 1470 3077 1541 aliquid
3122 1474 3303 1531 videre
3343 1490 3549 1547 poterat
3577 1526 3593 1551 ,

1999 1567 2174 1623 neque
2203 1569 2351 1623 spem
2390 1571 2540 1612 suam
2576 1559 2643 1613 ad
2670 1560 2967 1619 futurorum
2997 1565 3261 1623 bonorum
3290 1570 3596 1632 fruitiouem

1999 1646 2325 1713 extendere,
2370 1655 2652 1719 praesentia
2684 1655 2823 1711 bona
2866 1658 3141 1728 exhibuit,
3184 1663 3601 1725 imbecillitatem

1999 1738 2193 1793 anima:
2236 1754 2422 1795 eorum
2471 1745 2837 1814 consolando,
2891 1758 2945 1803 et
2971 1766 3069 1822 per
3092 1751 3194 1808 hoc
3236 1755 3302 1810 ad
3348 1757 3599 1815 virtutem

2000 1833 2355 1887 exercendam
2386 1834 2532 1904 ipsos
2560 1836 2907 1909 deducendo,
2939 1853 3099 1913 atque
3124 1846 3190 1900 ad
3220 1863 3397 1905 rerum
3429 1851 3601 1910 hone-

1999 1934 2201 1979 starum
2225 1925 2547 1985 desiderium
2579 1946 2594 1993 ;
2624 1930 2792 1985 Ellam
2821 1945 2999 1989 autem
3027 1948 3081 1990 et
3105 1939 3352 1996 Eliszeum
3375 1955 3427 1998 et
3447 1944 3601 2002 Jere-

2000 2016 2164 2071 miam
2190 2028 2243 2072 et
2271 2018 2517 2074 Hesaiam
2546 2030 2601 2076 et
2631 2023 2683 2076 iu
2715 2038 2929 2080 summa
2960 2029 3239 2086 universos
3269 2035 3559 2105 prophetas
3579 2081 3596 2107 ,

2001 2115 2055 2162 et
2097 2118 2360 2179 quotquot
2407 2111 2474 2165 ad
2517 2128 2831 2183 magnorum
2873 2126 2927 2173 et
2969 2129 3275 2178 sanctorum
3326 2125 3598 2185 hominum

2006 2199 2229 2254 chorum
2254 2202 2609 2270 pertinebant,
2639 2206 2706 2260 ad
2734 2207 2895 2263 caelos
2915 2211 3160 2280 vocabat,
3188 2214 3253 2269 ad
3275 2231 3443 2287 eaque
3465 2220 3599 2277 bona

2001 2306 2120 2359 qua:
2159 2292 2347 2348 electis
2377 2304 2503 2349 sunt
2544 2296 2654 2352 illic
2681 2312 2999 2369 przeparata.
3034 2302 3393 2372 Quamobrem
3438 2314 3599 2368 etiam

2000 2381 2196 2440 Paulus
2242 2402 2347 2441 non
2380 2404 2569 2444 omnes
2615 2392 2774 2447 simul
2821 2398 3191 2465 enumeravit,
3243 2402 3338 2458 sed
3377 2407 3602 2464 amictos

2000 2476 2173 2529 ovillis
2197 2491 2259 2531 ac
2282 2478 2513 2548 caprinis
2541 2480 2765 2549 pellibus
2788 2525 2805 2551 ,
2867 2485 2919 2539 iu
2952 2485 3223 2546 fornacem
3273 2495 3549 2565 conjectos
3573 2541 3589 2563 ,

2001 2567 2226 2622 vinculis
2254 2570 2572 2625 constrictos
2592 2614 2608 2637 ,
2641 2572 2902 2632 distentos
2924 2619 2937 2641 ,
2965 2580 3107 2634 saxis
3137 2582 3394 2653 lapidatos
3417 2629 3431 2652 ,
3467 2587 3605 2644 tame

2000 2666 2057 2713 et
2098 2659 2275 2731 inopia
2307 2661 2611 2721 laborantes
2635 2707 2651 2730 ,
2694 2665 2749 2720 in
2798 2669 3175 2728 solitudinibus
3197 2716 3212 2739 ,
3254 2678 3523 2746 speluncis
3551 2690 3606 2736 et

2000 2753 2243 2807 cavernis
2261 2762 2415 2809 terra:
2438 2756 2714 2828 degentes,
2738 2762 3122 2834 innumeraque
3164 2768 3302 2822 mala
3331 2772 3603 2827 sustinen-

2001 2848 2103 2895 tes.
2132 2843 2203 2897 At
2231 2852 2342 2899 tum
2373 2847 2587 2903 demum
2617 2851 2754 2906 dixit
2782 2870 2971 2910 omnes
3000 2854 3100 2911 hos
3122 2857 3172 2911 in
3201 2873 3296 2929 spe
3328 2874 3602 2932 mortuos,

2002 2950 2102 2989 nec
2132 2936 2306 2993 adhuc
2338 2943 2748 3009 promissionem
2792 2949 3060 3017 recepisse
3087 2968 3099 3004 :
3130 2951 3472 3011 subindicaus
3502 2973 3598 3012 no-

2000 3025 2083 3080 bis
2111 3044 2216 3083 non
2242 3029 2431 3102 vulgus
2456 3033 2756 3101 Judaicum,
2785 3038 2879 3093 sed
2910 3039 3154 3095 homines
3178 3043 3245 3097 ad
3278 3044 3409 3101 Elite
3449 3049 3601 3104 simt-

2001 3116 2276 3174 litudinem
2322 3124 2658 3180 accedentes.
2692 3127 2842 3196 Quod
2887 3130 2931 3185 si
2960 3133 3079 3202 quis
3107 3133 3251 3189 dicat
3280 3153 3293 3188 :
3326 3136 3389 3191 Hi
3420 3149 3600 3196 autem

2001 3209 2100 3280 ipsi
2124 3215 2469 3282 quamobrem
2504 3233 2569 3272 ne
2597 3234 2739 3274 nunc
2767 3221 2981 3290 quidem
3012 3223 3216 3280 debitas
3242 3227 3342 3281 sibi
3374 3244 3604 3288 coronas

2000 3308 2406 3373 perceperunt?
2446 3322 2661 3364 causam
2691 3310 2847 3380 hujus
2876 3313 2955 3368 rei
2986 3315 3156 3371 discat
3181 3333 3207 3370 a
3242 3318 3425 3376 Paulo.
3456 3323 3593 3379 Cum

2000 3387 2397 3453 euim'dixisset
2426 3417 2439 3453 :
2472 3398 2603 3455 Fide
2629 3414 2749 3457 sunt
2775 3407 2960 3458 mortui
2980 3423 3152 3461 omnes
3177 3410 3231 3463 hi
3256 3426 3357 3465 non
3383 3416 3601 3484 acceptis

2002 3488 2431 3557 promissionibus,
2461 3492 2751 3562 subjunxit,
2780 3492 2891 3549 Deo
2915 3513 3009 3566 pro
3038 3499 3181 3553 nobis
3202 3502 3383 3557 melius
3409 3504 3604 3578 aliquid

2001 3579 2311 3649 providente,
2330 3592 2385 3635 ut
2411 3599 2513 3637 non
2533 3584 2641 3638 sine
2660 3586 2802 3640 nobis
2818 3592 3484 3664 consummarenturUlebr.
3512 3598 3599 3653 Η.

2001 3671 2092 3725 15.
2124 3671 2195 3726 40
2218 3671 2257 3744 ).
2290 3673 2601 3731 Communis
2630 3679 2774 3732 enim
2801 3690 2884 3735 est
2905 3682 3189 3739 celebritas
3220 3684 3336 3742 hace
3358 3729 3374 3753 ,
3408 3688 3600 3760 inquit,

2000 3764 2429 3835 quandoquidem
2456 3767 2628 3839 major
2656 3772 2821 3827 etiam
2850 3782 2934 3827 est
2961 3775 3231 3845 voluptas,
3262 3778 3387 3834 dum
3416 3798 3603 3838 omnes

2002 3854 2187 3910 eadem
2231 3872 2394 3927 Opera
2436 3874 2778 3917 coronamur.
2826 3864 2970 3919 idem
3001 3866 3060 3922 ﬁt
3104 3882 3157 3923 et
3200 3869 3250 3924 in
3277 3870 3603 3944 Olympiacis

2000 3950 2381 4007 certaminibus
2408 3971 2420 4006 :
2453 3953 2716 4023 luctator,
2747 3958 2888 4028 pugil
2911 4000 2923 4019 ,
2957 3961 3345 4031 paneratiasta,
3377 3964 3601 4023 diversis

1999 4042 2213 4111 quidem
2245 4045 2575 4113 temporibus
2603 4056 2873 4103 certamen
2903 4050 3134 4106 subeunt
3161 4093 3175 4117 ,
3205 4054 3297 4107 sed
3329 4070 3437 4111 uno
3463 4067 3599 4113 tem-

2000 4133 2147 4202 poris
2194 4143 2469 4190 momento
2496 4152 2685 4193 omnes
2723 4154 2753 4193 a
2799 4156 3043 4208 praecone
3089 4145 3319 4200 victores
3360 4163 3601 4218 pronun-

2002 4223 2221 4278 tiantur.
2251 4224 2395 4280 Idem
2427 4227 2483 4280 ﬁt
2511 4228 2641 4282 etin
2672 4230 2951 4285 conviviis.
2991 4231 3210 4298 Quoties
3237 4236 3379 4290 enim
3406 4241 3593 4295 convi-

1999 4328 2186 4368 varum
2214 4314 2302 4369 alii
2330 4328 2593 4371 venerunt
2620 4319 2879 4374 maturius
2898 4362 2911 4383 ,
2941 4321 3029 4375 alii
3057 4322 3231 4379 adhuc
3253 4336 3590 4397 cunctantur,

2000 4405 2371 4462 convivatores
2400 4408 2452 4461 in
2480 4408 2736 4464 honorem
2765 4413 3061 4467 absentium
3083 4415 3272 4483 jubent
3301 4432 3595 4487 prmsentes

1999 4500 2275 4571 qaulisper
2317 4517 2537 4557 manere
2564 4543 2579 4567 ,
2620 4502 2794 4559 donec
2823 4506 2896 4559 illi
2926 4522 3139 4576 quoque
3178 4510 3413 4566 veniant.
3446 4512 3591 4569 Idem

2001 4592 2161 4645 etiam
2188 4592 2325 4646 Deus
2354 4592 2475 4647 fecit
2509 4609 2522 4645 :
2550 4595 2799 4663 quoniam
2829 4596 2969 4649 enim
2993 4613 3058 4651 ex
3089 4608 3199 4652 toto
3221 4599 3351 4656 orbe
3369 4602 3597 4659 diversis

2003 4682 2331 4751 temporibus
2368 4682 2571 4737 electos
2600 4683 2665 4737 ad
2696 4698 2982 4740 commune
3021 4696 3076 4741 et
3104 4686 3379 4757 spirituale
3405 4693 3594 4747 convi-

2003 4774 2144 4826 vium
2162 4773 2417 4837 invitavit,
2438 4775 2588 4844 jubet
2604 4790 2699 4829 eos
2714 4776 2800 4845 qui
2820 4777 3023 4845 priores
3044 4780 3266 4845 iverunt,
3282 4794 3593 4852 exspectare

2005 4879 2100 4919 eos
2124 4866 2213 4934 qui
2245 4867 2569 4934 posteriores
2593 4874 2718 4921 sunt
2745 4869 2983 4934 venturi,
3016 4878 3075 4923 ut
3116 4870 3218 4924 hoc
3246 4882 3398 4940 pacto
3423 4876 3598 4929 omni-

2004 4956 2105 5011 bus
2130 4973 2233 5011 una
2273 4959 2648 5028 praesentibus,
2684 4975 2823 5017 unus
2850 4963 3098 5017 omnibus
3126 4965 3398 5037 contingat
3425 4969 3600 5024 honor

2005 5058 2059 5103 et
2088 5062 2191 5103 una
2218 5049 2480 5119 voluptas.

2080 5141 2166 5197 10.
2190 5139 2376 5212 Cogita
2396 5142 2538 5198 enim
2559 5154 2756 5213 quanta
2775 5144 2844 5199 sit
2864 5143 3083 5201 honoris
3101 5148 3358 5215 accessio,
3378 5149 3601 5207 Paulum

2007 5242 2062 5289 et
2090 5233 2171 5287 sui
2202 5234 2456 5303 temporis
2476 5234 2740 5304 homines,
2764 5236 3126 5293 Abrahamum
3152 5239 3278 5295 item
3301 5253 3460 5311 atque
3484 5244 3602 5313 ejus

2009 5323 2181 5378 artatis
2209 5325 2394 5393 viros,
2439 5339 2504 5379 ac
2539 5341 2752 5380 rursum
2782 5326 2917 5382 alios
2960 5328 3052 5397 qui
3095 5337 3171 5384 tot
3217 5333 3430 5387 sareulis
3475 5343 3601 5388 ante

2010 5418 2156 5472 illum
2184 5426 2520 5473 certaverunt
2545 5426 2597 5473 et
2621 5420 2879 5487 vicerunt,
2910 5421 3099 5476 sedere
3120 5438 3260 5477 nunc
3285 5434 3601 5492 exspectan-

2013 5519 2092 5564 tes
2112 5510 2282 5566 donec
2299 5525 2399 5565 nos
2416 5526 2626 5582 quoque
2646 5511 2854 5581 probati
2874 5513 3060 5571 simul.
3083 5513 3234 5581 Quod
3255 5516 3393 5570 enim
3409 5515 3605 5569 Paulus

2014 5602 2248 5656 nondum
2275 5617 2528 5657 coronam
2572 5604 2835 5673 receperit
2859 5646 2873 5667 ,
2907 5620 3082 5674 neque
3109 5621 3292 5660 eorum
3322 5606 3602 5677 quisquam

2013 5695 2101 5764 qui
2134 5709 2364 5765 unquam
2395 5694 2462 5749 ab
2495 5694 2647 5749 initio
2676 5695 2785 5757 Deo
2815 5695 3158 5765 placuerunt,
3202 5697 3309 5750 imo
3340 5713 3407 5751 ne
3448 5712 3605 5751 rece-

2014 5789 2155 5857 pturi
2185 5788 2398 5859 quidem
2432 5789 2540 5844 sint
2580 5788 2752 5844 donec
2782 5803 2971 5845 omnes
3011 5789 3099 5859 qui
3151 5790 3442 5845 coronandi
3482 5789 3613 5839 sunt
