4020 6370
467 325 578 380 ‘29!)

467 435 868 504 convenerint,
913 432 1039 490 audi
1071 431 1244 503 ipsum
1281 429 1507 485 Paulum
1533 426 1802 482 dicentem
1833 441 1848 480 :
1877 421 2076 479 Bonum

473 540 730 586 certamen
771 529 956 584 certavi
979 569 998 596 ,
1028 541 1230 581 cursant
1254 521 1597 578 consummavi
1613 562 1628 582 ,
1657 519 1809 591 [idem
1832 520 2022 573 servavi
2055 533 2078 574 :

473 624 529 678 in
559 623 756 691 reliquo
786 619 1010 690 reposita
1035 626 1108 673 est
1141 616 1268 670 mihi
1291 630 1478 669 corona
1495 613 1744 684 justitite,
1786 628 1942 684 quam
1962 611 2052 666 red
2062 641 2080 652 -

473 717 559 766 det
587 713 710 766 mihi
733 713 905 784 justus
921 710 1091 782 judex
1119 707 1212 783 (2.
1253 706 1390 763 Tim.
1421 709 1474 763 4.
1507 706 1561 761 7.
1592 701 1690 778 8
1717 704 1985 770 Quando?
2013 701 2080 758 1η

475 804 566 858 illa
595 802 696 868 die,
728 819 830 856 non
861 803 1028 856 solum
1051 811 1218 854 autem
1245 799 1390 865 mihi,
1421 797 1511 852 sed
1531 807 1580 851 et
1606 795 1836 850 omnibus
1878 795 1966 865 qui
1993 794 2078 848 di-

475 901 644 972 ligunt
666 895 939 949 adventum
975 895 1104 964 ejus.
1133 893 1200 947 Et
1243 906 1455 946 rursum
1486 888 1612 944 alibi
1657 887 1898 942 indicans
1937 885 2078 940 bona

478 987 566 1043 illa
605 987 876 1044 universis
920 987 1080 1042 simul
1122 985 1190 1040 ad
1233 981 1518 1040 fruendum
1551 980 1894 1038 concedenda
1922 995 2078 1047 esse,

477 1078 1044 1135 Thessalonicensibus
1078 1078 1157 1133 sic
1194 1077 1381 1132 scribit
1411 1094 1422 1129 :
1453 1075 1717 1143 Siquidem
1755 1074 1951 1144 justum
2008 1080 2082 1127 est

476 1170 616 1241 apud
638 1167 803 1224 Deum
829 1180 884 1224 ut
914 1170 1156 1223 reddatur
1187 1165 1516 1239 aﬂiigentibus
1555 1181 1642 1220 vos
1680 1165 1880 1235 afﬂictio
1905 1206 1919 1230 ,
1943 1163 2080 1218 vobis

478 1271 646 1315 autent
663 1261 751 1331 qui
791 1261 1070 1332 aﬂligimini
1103 1259 1349 1312 relaxatio
1376 1275 1476 1311 una
1497 1256 1752 1310 nobiscum
1781 1255 1852 1327 (Ξ).
1906 1254 2078 1308 Thess.

488 1354 534 1408 Ι.
564 1355 616 1408 6.
648 1354 738 1422 7).
774 1355 849 1408 Ac
880 1367 1092 1407 rursum
1129 1369 1140 1404 :
1173 1350 1426 1418 Quoniam
1468 1367 1560 1404 uos
1585 1348 1670 1418 qui
1715 1349 1956 1412 vivimus,
1990 1346 2078 1418 qui

481 1446 811 1516 relinquimur
835 1446 887 1498 in
907 1446 1178 1497 adventum
1201 1442 1426 1505 Domini,
1456 1458 1557 1495 non
1595 1441 1956 1511 prtcveniemus
1997 1455 2084 1493 eos

479 1537 565 1607 qui
610 1537 921 1590 dormierunt
967 1534 1059 1607 (l.
1109 1532 1288 1586 Thess.
1325 1534 1380 1586 4.
1429 1531 1532 1601 li)
1562 1548 1576 1586 :
1611 1547 1706 1601 per
1749 1530 1864 1585 [nec
1903 1531 2082 1584 omnia

479 1630 679 1684 docens
709 1637 959 1698 oportere
984 1641 1081 1682 nos
1105 1626 1264 1680 simul
1292 1639 1482 1681 omnes
1509 1632 1560 1679 et
1586 1625 1640 1677 in
1669 1638 1953 1677 commune
1981 1637 2085 1676 cce-

481 1721 628 1776 lestis
659 1719 874 1774 honoris
901 1719 1299 1789 possessionem
1327 1732 1392 1770 ac
1422 1716 1652 1770 fructum
1674 1717 1940 1785 accipere.
1975 1715 2085 1769 lloc

484 1812 659 1882 ipsum
681 1813 839 1866 etiam
873 1811 977 1864 illis
1008 1810 1096 1879 qui
1123 1824 1220 1863 nos
1246 1816 1640 1879 pra-:cesserunt
1664 1822 1907 1877 magnam
1931 1805 2088 1860 affert

489 1903 836 1973 voluptatem,
867 1901 1008 1972 quod
1035 1918 1136 1956 ttna
1153 1916 1272 1955 cum
1294 1901 1528 1972 propriis
1549 1899 1803 1954 membris
1824 1899 1930 1953 sint
1956 1897 2088 1951 incf-

488 1995 738 2052 fabilibus
769 1997 870 2050 illis
897 1995 1053 2049 bonis
1071 1993 1399 2066 pcrfruituri.
1429 1992 1637 2046 Etenim
1667 1999 1819 2060 pater
1847 2005 2088 2045 mensam

481 2087 684 2144 habens
711 2086 1042 2156 Splendidam
1068 2102 1131 2139 ac
1156 2086 1432 2154 Opiparam
1454 2125 1470 2150 ,
1501 2093 1611 2137 tum
1641 2082 1854 2137 demum
1886 2082 2090 2152 majore

480 2197 601 2236 cum
633 2181 903 2250 voluptate
933 2195 995 2234 ea
1027 2178 1254 2244 fruetur,
1282 2177 1495 2247 quando
1524 2177 1677 2232 liberi
1701 2189 1828 2232 sunt
1849 2177 1964 2247 ejus
1991 2193 2090 2231 vo-

484 2274 704 2346 luptatis
748 2289 812 2327 ac
860 2273 1145 2327 hilaritatis
1196 2272 1504 2342 participes.
1555 2271 1646 2326 Sic
1688 2270 1847 2326 etiam
1895 2271 2092 2326 Paulus

485 2368 710 2439 ejusque
735 2367 938 2422 similes
968 2366 1038 2420 ita
1062 2365 1279 2421 demum
1310 2366 1631 2435 ampliorem
1664 2365 1899 2420 sentient
1921 2365 2088 2419 animi

485 2462 818 2530 voluptatem
846 2503 862 2528 ,
894 2459 1109 2530 quando
1139 2475 1241 2513 una
1281 2474 1403 2514 cum
1443 2459 1672 2530 propriis
1703 2448 1961 2514 membris
2003 2459 2092 2512 illa

483 2555 841 2626 perfruentur.
873 2552 1055 2624 Neque
1083 2554 1225 2608 enim
1259 2553 1495 2622 patribus
1532 2561 1710 2607 tantus
1751 2560 1835 2607 est
1860 2568 1985 2619 erga
2014 2553 2092 2606 li-

487 2649 648 2703 beros
676 2645 898 2701 affectus
918 2688 932 2711 ,
964 2656 1216 2716 quautam
1255 2645 1330 2700 illi
1376 2645 1788 2699 sollicitudinem
1813 2654 2005 2715 gerunt
2029 2645 2096 2700 de

485 2739 563 2794 eis
597 2738 688 2810 qui
725 2737 967 2793 eamdem
1015 2737 1224 2790 virtutis
1249 2738 1388 2790 viam
1415 2743 1540 2790 sunt
1569 2737 1813 2806 ingressi.
1847 2734 1918 2791 Ut
1939 2737 2097 2806 igitur

487 2832 648 2886 etiam
683 2844 781 2884 nos
810 2829 864 2883 in
906 2843 1096 2883 eorum
1127 2828 1216 2897 qui
1262 2837 1388 2882 tunc
1427 2827 1832 2882 honorabuntur
1870 2842 2115 2890 numero

486 2922 688 2988 simus,
719 2919 909 2975 demus
952 2935 1168 2989 operam
1207 2927 1264 2973 ut
1308 2929 1524 2974 sanctos
1562 2918 1682 2974 illos
1727 2933 2093 2989 assequamur.

487 3017 558 3072 Et
584 3017 853 3088 quomodo
893 3017 1106 3088 assequi
1133 3017 1431 3088 poterimus
1454 3058 1470 3084 ,
1502 3016 1751 3086 inquies?
1776 3017 1898 3086 quis
1942 3015 2098 3070 nobis

486 3113 628 3167 viam
649 3154 664 3176 ,
693 3128 811 3184 quin
851 3110 917 3166 ad
949 3111 1071 3166 illos
1101 3110 1280 3174 ducit,
1311 3109 1607 3165 indicabit?
1638 3109 1756 3180 Ipse
1787 3118 2094 3164 sanctorum

488 3204 702 3259 illorum
732 3204 1008 3266 Dominus,
1043 3202 1134 3271 qui
1157 3217 1263 3255 non
1291 3201 1464 3255 solum
1497 3201 1768 3271 quomodo
1795 3201 1915 3254 illos
1939 3210 2094 3254 asse-

489 3312 715 3369 quamur
741 3295 915 3360 docet,
948 3294 1300 3347 verumetiam
1328 3292 1598 3361 quomodo
1625 3292 1836 3348 illorum
1859 3292 2097 3346 omnium

489 3388 899 3444 contubernales
938 3402 1002 3441 ac
1043 3385 1257 3440 sodales
1301 3385 1413 3438 fieri
1462 3386 1730 3454 possimus
1761 3402 1774 3438 :
1805 3385 1880 3439 ait
1907 3384 2048 3438 enim
2084 3402 2097 3439 :

495 3477 676 3534 Facite
710 3479 850 3533 vobis
880 3478 1068 3531 amicos
1111 3478 1174 3530 de
1216 3493 1507 3530 mammona
1528 3477 1806 3548 iniquitatis
1835 3519 1851 3544 ,
1889 3486 1945 3529 ut
1983 3493 2100 3530 cum

494 3571 796 3644 defeceritis,
819 3571 1065 3641 recipiant
1089 3584 1176 3623 vos
1201 3570 1255 3623 in
1281 3579 1470 3623 (eterna
1488 3586 1582 3623 sua
1599 3569 1924 3623 tabernacula
1947 3569 2098 3637 (Luc.

498 3656 586 3710 16.
607 3655 684 3723 9).
706 3654 869 3708 Recte
888 3653 1040 3714 dixit,
1063 3651 1300 3706 zEterna.
1320 3651 1450 3706 Nam
1481 3653 1534 3706 in
1557 3653 1659 3708 hoc
1675 3653 1872 3708 saeculo
1889 3653 2102 3709 etiamsi

499 3746 833 3818 splendidam
863 3744 1079 3800 domum
1112 3744 1328 3808 habeas,
1362 3745 1586 3799 omnino
1613 3753 1878 3800 vetustate
1903 3754 1985 3800 est
2013 3761 2104 3814 pe-

495 3842 664 3898 ritura
695 3858 708 3893 :
738 3840 844 3894 imo
891 3838 1043 3908 prius
1097 3852 1256 3908 quam
1305 3837 1396 3892 illa
1441 3847 1668 3907 pereat,
1701 3853 1848 3892 mors
1891 3837 2104 3892 irruens

498 3935 683 4003 ejiciet
711 3941 762 3988 te
793 3949 859 3986 ex
889 3930 1171 4001 magnifico
1214 3930 1320 3985 isto
1346 3930 1616 3986 domicilio
1648 3948 1662 3985 :
1693 3947 1798 3986 non
1829 3947 1952 3986 raro
1987 3934 2105 4000 qui-

499 4028 624 4082 dem
646 4026 727 4079 vel
759 4035 882 4080 ante
908 4024 1110 4079 obitum
1135 4021 1361 4078 infausta
1390 4025 1596 4094 negotia
1618 4065 1632 4088 ,
1659 4025 2104 4080 calumniatorum

504 4123 736 4192 impetus
761 4136 824 4175 ac
855 4120 1059 4175 insidia:
1083 4119 1328 4186 faciunt,
1359 4129 1418 4174 ut
1441 4119 1564 4174 inde
1593 4118 1844 4189 ejiciaris.
1873 4120 1985 4175 Illic
2013 4137 2109 4174 au-

504 4222 612 4268 tem
644 4227 750 4268 non
773 4221 858 4266 est
885 4212 1027 4282 quod
1073 4212 1180 4267 tale
1223 4211 1510 4282 quidquam
1537 4213 1772 4267 verearis
1806 4230 1820 4266 :
1852 4229 1959 4267 non
1987 4228 2108 4268 cor-

504 4306 811 4376 ruptionem
839 4347 854 4370 ,
882 4321 987 4360 non
1015 4315 1265 4371 mortem,
1299 4321 1406 4360 non
1437 4306 1646 4360 ruinam
1666 4346 1682 4372 ,
1716 4321 1821 4360 non
1850 4305 2105 4361 damnum

499 4415 530 4452 a
547 4398 1040 4464 calumniatoribus,
1064 4415 1172 4454 non
1183 4399 1325 4454 aliud
1341 4399 1649 4469 quidquam;
1669 4398 1762 4454 sed
1781 4398 2111 4454 immmobile

504 4501 558 4545 et
599 4492 899 4546 immortale
949 4501 1032 4546 est
1068 4491 1421 4548 domicilium.
1464 4492 1804 4563 Quapmpter
1845 4500 2109 4547 aeternum

502 4581 631 4638 illud
661 4582 962 4652 appellavit.
997 4581 1173 4637 Facite
1199 4583 1336 4638 vobis
1355 4584 1547 4637 amicos
1577 4625 1592 4651 ,
1622 4583 1833 4654 inquit,
1869 4584 1932 4638 de
1951 4601 2114 4637 mam-

503 4690 655 4728 mona
679 4673 981 4745 iniquitatis.

583 4768 673 4821 il.
706 4765 1040 4837 Eleemosyna
1065 4783 1128 4822 at:
1151 4767 1333 4834 rapina
1361 4767 1503 4832 data,
1527 4779 1630 4822 nan
1655 4776 1730 4822 est
1773 4769 2108 4841 eleemosyna.

515 4859 868 4932 Eleemosynw
892 4858 1091 4913 (audes.
1133 4858 1237 4915 Cur
1265 4874 1358 4930 pro
1378 4860 1570 4929 foribus
1597 4859 1899 4930 templorum
1921 4879 2114 4932 paupe-

514 4969 594 5008 res
619 4969 638 5018 ;
665 4956 831 5022 fontes
875 4959 992 5004 ante
1032 4951 1276 5006 oratoria.
1310 4981 1380 4993 -——
1408 4951 1542 5006 Vide
1566 4960 1763 5021 quanta
1807 4954 1876 5006 sit
1903 4953 2112 5008 Domini

519 5044 842 5114 benignitas,
876 5051 1078 5114 quanta
1120 5044 1328 5098 bonitas
1372 5058 1435 5098 ac
1465 5045 1726 5114 aequitas;
1760 5059 1934 5116 neque
1969 5045 2112 5101 enim

516 5142 722 5190 tem-era
745 5133 850 5190 hoc
875 5135 1116 5205 adiunxit
1141 5135 1275 5190 :‘sed
1301 5134 1550 5205 quoniam
1574 5135 1814 5206 plerique
1840 5136 2032 5191 divites
2047 5153 2112 5192 ex

519 5225 726 5295 rapinis
751 5241 815 5279 ac
843 5225 1031 5281 fraude
1071 5227 1284 5281 divitias
1311 5226 1412 5281 sibi
1443 5236 1906 5296 Comparaverunt,
1933 5228 2110 5296 .Male,

515 5317 711 5386 inquit,
740 5316 960 5383 factum,
987 5331 1089 5372 nec
1114 5317 1397 5387 oportebat
1436 5328 1488 5370 te
1513 5317 1583 5371 ita
1609 5318 1864 5387 pecunias
1891 5318 2110 5389 collige-

516 5426 611 5475 re;
636 5418 1008 5464 verumtamen
1033 5409 1460 5480 quandoquidem
1480 5409 1590 5478 jom
1612 5409 1893 5479 collegisti,
1915 5409 2114 5465 desiste

518 5517 546 5554 a
576 5501 764 5570 rapina
807 5511 862 5556 et
889 5500 1106 5562 fraude.
1139 5512 1193 5556 et
1234 5511 1390 5558 utere
1434 5503 1657 5571 pecunia
1695 5502 1762 5556 ad
1808 5517 1892 5566 ea,
1922 5502 2117 5573 quibus

517 5607 654 5660 opus
695 5592 880 5648 habes.
911 5591 1026 5648 Non
1055 5594 1218 5663 jubeo
1267 5604 1316 5647 te
1359 5610 1477 5648 esse
1518 5610 1583 5648 ex
1622 5595 2119 5666 raptomisericor-

522 5682 669 5749 detn,
714 5684 807 5739 sed
836 5700 864 5739 a
894 5683 1078 5738 fraude
1110 5695 1517 5754 temperantem,
1551 5686 1747 5739 divitiis
1777 5685 2116 5757 rid-benigni-

519 5780 684 5827 tatem
701 5780 754 5826 et
769 5771 1172 5848 elecmosynam
1192 5777 1290 5833 uti.
1317 5776 1424 5834 Nisi
1453 5778 1594 5834 enim
1613 5793 1644 5833 a
1662 5779 1846 5850 rapina
1867 5777 2114 5850 desistas,

1151 313 1209 372 S.
1248 309 1530 370 JOANNIS
1567 303 2045 365 CHRYSOSTOMI
2084 302 2404 361 ARCIIIEP.
2445 299 2984 360 CONSTANTINOP.

3669 319 3774 377 500

2186 440 2256 481 ne
2283 425 2628 498 eleemosyna
2658 425 2875 496 quidem
2903 425 3008 481 erit
3039 443 3053 481 :
3085 425 3180 483 sed
3223 428 3428 486 etiamsi
3473 433 3782 490 innumeras

2183 519 2436 590 pecunias
2465 518 2563 575 des
2592 519 2644 574 in
2673 535 2860 574 manus
2885 535 3199 591 egenorum,
3227 539 3258 579 a
3304 523 3492 581 fraude
3515 537 3573 582 et
3596 533 3783 598 rapina

2186 612 2398 667 interim
2426 627 2531 666 non
2557 611 2854 678 abstinens,
2881 613 2932 667 in
2958 612 3344 670 homicidarum
3365 632 3591 673 numero
3618 634 3651 674 ι
3673 620 3784 675 Deo

2181 703 2603 774 computaberis.
2625 704 2962 775 Quapropter
2986 715 3200 775 Oportet
3221 723 3252 761 a
3287 705 3474 764 fraude
3499 711 3782 774 absistere,

2185 810 2250 850 ac
2276 805 2388 850 tum
2418 795 2635 851 demum
2681 797 2734 851 in
2763 811 2965 867 egenos
2993 797 3391 854 misericordem
3422 816 3562 856 esse.
3594 802 3784 872 Magna

2187 889 2330 943 enim
2358 897 2441 944 est
2465 888 2823 960 eieemosyna:
2842 891 2942 955 vis,
2965 890 3033 946 de
3061 907 3166 962 qua
3194 893 3354 947 etiam
3385 895 3437 949 in
3460 895 3636 965 priore
3657 913 3790 952 con-

2188 989 2352 1034 ventu
2377 979 2522 1050 apud
2564 996 2658 1035 vos
2704 980 3076 1047 disseruimus,
3108 999 3172 1039 ac
3201 1001 3344 1039 nunc
3372 1001 3583 1059 quoque
3607 989 3788 1044 disse-

2187 1085 2390 1125 remus.
2437 1069 2542 1126 Sed
2588 1087 2747 1126 nemo
2794 1084 3026 1128 vestrum
3072 1075 3144 1129 ita
3187 1077 3404 1146 cogitet,
3438 1078 3574 1134 hanc
3599 1081 3792 1134 admo-

2192 1163 2352 1216 nendi
2379 1162 2744 1218 assiduitatem
2774 1165 2840 1220 ad
2880 1165 3181 1220 auditorum
3227 1168 3447 1225 tendere
3487 1174 3790 1227 accusatio-

2191 1271 2336 1310 nem.
2387 1254 2520 1310 Nam
2585 1265 2640 1310 et
2691 1258 2746 1312 in
2798 1258 3182 1314 certaminibus
3229 1261 3303 1314 illi
3373 1264 3709 1332 potissimum
3757 1282 3793 1322 δ

2190 1350 2584 1419 spectatoribus
2629 1350 2949 1414 excitantur,
2978 1351 3067 1419 qui
3097 1351 3165 1407 ad
3195 1364 3391 1408 metam
3441 1356 3662 1424 propius
3702 1373 3793 1411 ac-

2145 1495 2148 1498 .
2187 1442 2410 1506 cedunt,
2441 1452 2497 1496 ct
2519 1443 2805 1498 certiorem
2839 1443 3074 1498 victoriae
3102 1455 3252 1514 Spem
3292 1444 3492 1502 habere
3521 1449 3788 1504 videntur.

2192 1533 2336 1602 Ergo
2363 1533 2487 1602 quia
2517 1548 2708 1604 magna
2737 1534 3012 1590 alacritate
3033 1535 3189 1591 video
3214 1552 3312 1592 vos
3339 1537 3407 1593 de
3448 1540 3794 1612 eleemosyna

2192 1639 2497 1679 sermonem
2529 1625 2807 1694 excipere,
2836 1641 2904 1681 eo
2931 1627 3100 1698 magis
3125 1627 3259 1683 libet
3285 1630 3437 1685 ist-am
3462 1632 3798 1688 exhortatio-

2193 1733 2315 1772 nem
2361 1718 2696 1774 continuare.
2745 1718 2932 1773 Medici
2974 1721 3272 1776 animarum
3321 1733 3624 1778 nostrarum
3667 1735 3798 1780 sunt

2195 1826 2477 1880 pauperes,
2523 1809 2895 1867 benefactores
2933 1823 2987 1867 et
3023 1823 3359 1884 protectores
3391 1833 3403 1869 :
3437 1827 3610 1888 neque
3651 1821 3796 1872 enim

2194 1912 2400 1958 tantum
2443 1905 2559 1972 das,
2583 1915 2842 1976 quantum
2885 1903 3122 1976 accipis;
3153 1907 3251 1962 das
3280 1910 3580 1978 pecuniam,
3609 1922 3664 1965 et
3701 1927 3800 1965 ac-

2193 1995 2331 2065 cipis
2377 2010 2601 2066 regnum
2642 1997 2895 2050 czelorum
2925 2012 2940 2062 ;
2972 1997 3221 2053 sublevas
3264 2009 3576 2069 egestatem,
3615 2013 3671 2056 et
3715 2019 3804 2056 rc—

2195 2085 2455 2140 concilias
2487 2085 2581 2141 tibi
2627 2086 2934 2141 Dominum.
2963 2087 3126 2142 Vides
3168 2091 3424 2158 imparem
3469 2105 3591 2146 esse
3637 2095 3798 2147 retri-

2195 2179 2516 2234 butionem?
2562 2178 2688 2234 Haec
2737 2188 2864 2234 sunt
2911 2190 3164 2245 terrena,
3210 2183 3298 2238 illa
3351 2184 3628 2250 caelestia;
3683 2183 3806 2239 hac

2199 2272 2459 2341 peritura,
2507 2271 2598 2325 illa
2647 2273 3048 2341 permanentia;
3082 2273 3194 2328 haec
3235 2286 3675 2345 corrumpuntur,
3710 2278 3806 2332 illa

2198 2373 2325 2419 sunt
2354 2374 2505 2419 extra
2531 2365 2893 2435 corruptionis
2923 2365 3236 2433 periculum.
3254 2366 3374 2422 Hac
3400 2367 3469 2424 de
3493 2383 3655 2423 causa
3685 2385 3809 2424 ma-

2193 2455 2342 2524 jores
2370 2456 2540 2510 nostri
2571 2470 2669 2526 pro
2698 2455 2904 2511 foribus
2931 2457 3279 2512 ecclesiarum
3309 2474 3570 2530 pauperes
3593 2464 3810 2516 consti-

2201 2558 2418 2605 tuerunt
2446 2591 2462 2616 ,
2518 2559 2576 2605 ut
2619 2549 2703 2604 vel
2750 2549 3254 2606 inhumanissimum
3311 2563 3370 2607 et
3421 2555 3809 2624 segnissimum

2200 2656 2470 2711 quemque
2516 2652 2768 2712 aspectus
2800 2642 2914 2712 ipse
2953 2657 3247 2712 egenorum
3291 2644 3360 2699 ad
3399 2645 3811 2720 eleemosynam

2201 2735 2418 2790 excitet.
2452 2733 2551 2790 Ubi
2597 2736 2742 2790 enim
2791 2745 2897 2790 stat
2944 2735 3145 2791 chorus
3187 2753 3374 2791 senum
3417 2740 3765 2796 incurvorum
3793 2784 3809 2808 ,

2203 2842 2600 2897 pannosorum,
2648 2828 3053 2898 squalidorum,
3103 2829 3536 2895 sordidatorum,
3587 2832 3813 2887 baculos

2203 2924 2524 2989 tenentium,
2571 2931 2733 2991 atque
2777 2921 2858 2974 his
2898 2938 3042 2992 ξρετε
3085 2937 3145 2978 se
3190 2925 3632 2991 sustentautium,
3684 2943 3814 2981 non-

2205 3030 2494 3086 numquam
2541 3015 2711 3070 oculis
2757 3015 3092 3082 orbatorum,
3148 3027 3363 3086 totoque
3397 3032 3629 3088 corpore
3673 3021 3815 3074 male

2206 3107 2610 3174 mulctatorum,
2638 3109 2756 3177 quis
2791 3117 2897 3162 tam
2922 3122 3115 3162 saxeus
3137 3116 3238 3175 est,
3266 3109 3387 3179 quis
3412 3119 3521 3163 tam
3551 3111 3832 3166 adamzm-.

2209 3201 2373 3267 tinus,
2405 3200 2498 3270 qui
2539 3201 2604 3254 ad
2639 3215 2824 3254 eorum
2855 3199 3328 3270 -gra‘nd:evitatem,
3360 3200 3812 3268 imbecillitatem,

2204 3295 2522 3356 carcitatem,
2555 3303 2874 3362 egestatem,
2927 3291 3140 3348 habitus
3184 3292 3464 3357 vilitatem,
3495 3301 3689 3363 totque
3709 3293 3812 3347 alia

2205 3385 2271 3437 ad
2304 3385 2698 3440 condolendum
2741 3384 3030 3448 moventia,
3063 3383 3331 3439 obdurare
3369 3400 3432 3440 se
3457 3397 3513 3440 et
3541 3385 3814 3440 inﬂexibi-

2207 3475 2277 3531 lis
2301 3485 2464 3546 qucat
2506 3475 2866 3546 permanere?
2891 3475 3007 3532 Hac
3045 3475 3116 3530 de
3145 3491 3304 3531 causa
3330 3492 3427 3546 pro
3474 3475 3688 3532 foribus
3713 3494 3784 3532 no
3806 3506 3818 3514 -

2207 3571 2333 3625 stris
2361 3579 2524 3633 stant,
2566 3577 2622 3623 et
2649 3569 2766 3640 ipso
2793 3578 3036 3638 aspectu,
3065 3571 3236 3640 magis
3279 3583 3439 3640 quam
3469 3571 3593 3625 ullis
3637 3573 3817 3625 verbis

2207 3673 2452 3732 possunt,
2484 3661 2550 3714 ad
2597 3661 3002 3716 beneficentiam
3040 3670 3334 3730 provocant
3379 3675 3473 3714 eos
3499 3661 3593 3730 qui
3641 3661 3818 3715 intro-

2210 3755 2546 3824 grediuutur.
2599 3753 3062 3819 Quemadmodum
3129 3753 3272 3808 enim
3333 3754 3578 3808 solemne
3630 3763 3716 3807 est
3762 3762 3820 3808 ut

2210 3847 2386 3903 fontes
2415 3857 2611 3917 prresto
2659 3847 2763 3901 sint
2789 3854 2914 3901 ante
2939 3847 3194 3912 oratoria,
3238 3856 3295 3900 ut
3323 3846 3599 3903 adoraturi
3646 3849 3818 3904 Deum

2211 3956 2400 3996 manus
2447 3941 2597 4011 prius
2644 3941 2782 3996 lotas
2830 3941 2972 3996 inter
3012 3940 3337 4009 precandum
3383 3940 3640 3996 attollant
3684 3961 3698 3996 :
3745 3942 3822 3997 ita

2212 4048 2480 4104 pauperes
2510 4031 2738 4088 fontium
2784 4033 2902 4088 vice
2933 4042 3058 4088 ante
3087 4033 3231 4088 fores
3253 4032 3662 4089 collocaverunt
3703 4049 3822 4087 ma-

2209 4126 2358 4192 jores
2386 4123 2577 4190 nostri,
2602 4134 2659 4178 ut
2678 4125 3130 4194 quemadmodum
3157 4139 3352 4180 manus
3366 4125 3638 4181 abluimus
3653 4140 3820 4194 aqua,

2214 4217 2293 4271 sic
2323 4217 2470 4288 prius
2506 4231 2600 4286 per
2628 4216 3035 4272 beneficentiam
3066 4217 3306 4273 abstersa
3346 4217 3551 4282 ranima,
3583 4225 3701 4272 tum
3727 4219 3825 4272 de-

2217 4323 2362 4361 mum
2390 4321 2578 4378 preces
2607 4316 2820 4363 nostras
2847 4307 3162 4364 otl‘eramus.

2289 4399 2377 4454 12.
2418 4398 2535 4454 Νοη
2577 4399 2720 4454 enim
2768 4407 2876 4454 tam
2925 4409 3046 4470 apta
3096 4409 3181 4455 est
3217 4414 3352 4470 aqua
3403 4399 3472 4454 ad
3519 4398 3826 4454 abluendas

2216 4491 2459 4560 corporis
2507 4491 2764 4556 maculas,
2814 4507 2977 4561 quam
3021 4491 3362 4562 eleemosyna
3402 4491 3473 4546 ad
3525 4491 3827 4547 abolendas

2217 4582 2407 4638 sordes
2433 4581 2644 4636 animae.
2677 4581 3139 4650 Quemadmodum
3171 4582 3333 4650 igitur
3359 4597 3468 4636 non
3499 4581 3668 4637 audes
3700 4582 3827 4635 illo-

2219 4674 2287 4728 tis
2319 4674 2563 4729 manibus
2591 4673 2660 4729 ad
2686 4675 3012 4745 precandum
3035 4675 3255 4739 intr-are,
3277 4675 3522 4744 quamvis
3557 4674 3734 4730 levius
3759 4674 3827 4726 sit

2225 4767 2327 4823 hoc
2354 4768 2580 4831 crimen,
2613 4768 2685 4821 ita
2731 4781 2831 4822 nec
2872 4767 3076 4836 absque
3104 4767 3449 4838 eleemosyna
3494 4768 3562 4821 ad
3596 4782 3828 4836 precan-

2219 4861 2346 4915 dum
2377 4875 2629 4931 umquam
2670 4859 2914 4915 accedas.
2960 4859 3121 4928 Atqui
3169 4875 3276 4913 non
3307 4874 3440 4913 raro
3487 4860 3655 4913 etiam
3704 4874 3830 4912 cum

2221 4968 2380 5023 puras
2407 4969 2597 5008 manus
2629 4951 2940 5016 habeamus,
2969 4967 3080 5006 non
3123 4950 3392 5006 tendimus
3423 4949 3496 5004 ad
3527 4951 3701 5005 Deum
3727 4949 3833 5004 nisi

2221 5046 2370 5116 prius
2401 5045 2537 5100 lotas
2568 5062 2581 5098 :
2611 5053 2816 5099 tantum
2849 5043 2990 5098 valet
3013 5041 3364 5099 consuetudo.
3395 5041 3635 5111 ldipsum
3667 5041 3836 5111 igitur

2221 5135 2274 5190 in
2299 5137 2638 5207 eleemosyna
2679 5145 2762 5190 est
2791 5134 3089 5190 faciendum
3115 5152 3129 5201 ;
3159 5145 3214 5189 et
3239 5135 3366 5190 licet
3411 5135 3616 5189 nullius
3645 5133 3836 5205 magni

2222 5228 2425 5297 peccati
2465 5228 2618 5282 nobis
2647 5227 2815 5282 simus
2843 5228 3042 5282 cotiscii
3060 5236 3285 5294 ,-tamcn
3325 5227 3680 5297 eleemosyna
3707 5226 3840 5281 data

2221 5321 2605 5376 conscientiam
2651 5331 2888 5375 nostram
2937 5320 3246 5390 abstergere
3283 5329 3519 5389 oportet.
3565 5319 3740 5375 Multa
3786 5322 3840 5376 in

2225 5412 2343 5467 foro
2380 5412 2473 5466 tibi
2513 5411 2826 5466 contraxisti
2859 5412 2998 5466 mala
3032 5429 3045 5466 :
3078 5411 3329 5476 inimicus
3367 5411 3617 5477 irritavit,
3665 5411 3841 5481 iudex

2224 5504 2421 5573 aliquid
2450 5518 2638 5573 parum
2667 5503 2923 5558 decorum
2954 5504 3131 5558 facere
3167 5503 3446 5572 compulit,
3479 5503 3646 5559 verba
3689 5518 3842 5574 sape

2225 5595 2496 5652 cffutivisti
2529 5612 2633 5650 non
2666 5595 2826 5661 bona,
2861 5612 2927 5649 ne
2955 5595 3183 5650 amicum
3206 5595 3519 5652 oileuderes
3538 5607 3838 5666 peccatum

2226 5689 2443 5758 aliquod
2471 5688 2733 5743 admisisti
2765 5706 2778 5740 :
2807 5690 2939 5742 alias
2967 5703 3074 5742 non
3105 5701 3297 5757 paucas
3329 5688 3565 5743 maculas
3603 5699 3840 5744 contn-

2232 5780 2373 5850 xisti,
2405 5789 2464 5836 ut
2505 5780 2681 5838 solent
2707 5778 2952 5837 homines
2979 5779 3071 5848 qui
3097 5779 3168 5836 .iu
3195 5778 3314 5836 foro
3341 5788 3654 5845 versantur,
3694 5777 3849 5846 judis
