4020 6370
226 367 345 425 299

228 481 459 535 νοῦσθαι
509 479 794 550 μέλλοντες
833 478 1136 547 ἀφίκωνται
1160 516 1175 538 ,
1228 477 1461 530 ἄκουσον
1511 473 1676 528 αὐτοῦ
1720 470 1814 525 τοῦ

233 563 393 636 [288]
428 563 642 616 Παύλου
667 563 914 631 λέγοντος
937 577 952 593 ⁸
984 562 1096 615 Τὸν
1107 560 1309 630 ἀγῶνα
1324 560 1431 613 τὸν
1453 559 1648 613 καλὸν
1672 556 1820 627 ἠνώ-

226 665 467 718 νισμαι,
500 647 610 701 τὸν
627 647 850 716 δρόμον
872 646 1173 707 τετέλεκα,
1202 646 1317 712 τὴν
1340 645 1549 699 πίστιν
1571 643 1811 713 τετήρη-

227 749 348 786 πα-
375 732 595 787 λοιπόν
616 732 924 786 ἀπόκειταί
941 747 1043 801 μοι
1063 732 1097 783 ὁ
1117 729 1227 797 τῆς
1258 728 1652 797 δικαιοσύνης
1677 725 1815 781 στέ-

227 834 462 887 φανος,
494 817 567 871 ὃν
589 817 886 872 ἀποδώσει
914 834 1016 887 μοι
1048 819 1089 870 ὁ
1120 815 1351 881 δίκαιος
1377 814 1601 882 κριτής.
1632 812 1769 867 Πότε
1800 829 1813 877 ;

242 903 355 956 Ἐν
384 903 586 970 ἐκείνῃ
628 902 703 971 τῇ
740 902 965 970 ἡμέρᾳ·
1009 902 1082 955 οὐ
1110 901 1305 970 μόνον
1350 899 1421 953 δὲ
1455 900 1585 969 ἐμοὶ
1610 939 1625 964 ,
1656 896 1818 954 ἀλλὰ

226 985 337 1039 καὶ
364 986 515 1040 πᾶσι
546 985 672 1051 τοῖς
697 986 1043 1056 ἠγαπηκόσι
1070 984 1186 1052 τὴν
1215 982 1573 1053 ἐπιφάνειαν·
1603 981 1813 1036 αὑτοῦ.

225 1070 345 1123 Καὶ
374 1070 540 1123 πάλιν
569 1069 808 1141 ἀλλαχοῦ
846 1069 1092 1133 δεικνὺς,
1124 1070 1205 1121 ὅτι
1238 1070 1392 1139 κοινῇ
1424 1068 1592 1120 πᾶσιν
1624 1068 1659 1138 ή
1706 1066 1816 1119 τῶν

224 1153 455 1220 ἀγαθῶν
478 1154 781 1216 ἀπόλαυσις
831 1153 1029 1207 δίδοται
1054 1192 1069 1213 ,
1095 1151 1549 1206 Θεσσαλονικεῦσι
1585 1150 1815 1223 γράφων

225 1237 418 1305 ἔλεγεν
437 1253 451 1267 ·
480 1238 668 1307 Εἴπερ
691 1237 926 1290 δίκαιον
946 1234 1107 1304 παρὰ
1155 1235 1279 1300 Θεῷ
1306 1234 1640 1290 ἀποδοῦναι
1690 1234 1815 1300 τοῖς

224 1323 549 1375 θλίϐουσιν
573 1320 730 1391 ὑμᾶς
749 1321 980 1389 θλίψιν,
1009 1320 1105 1373 καί
1133 1317 1276 1387 ὑμῖν
1297 1318 1422 1385 τοῖς
1445 1316 1815 1387 θλιϐομένοις

224 1404 449 1459 ἄνεσιν
478 1405 609 1474 μεθ’
639 1404 827 1474 ἡμῶν.
851 1404 960 1458 Καὶ
992 1404 1154 1457 πάλιν
1176 1419 1190 1435 ’
1218 1403 1349 1456 Ὅτι
1373 1401 1548 1472 ἡμεῖς
1589 1403 1645 1455 οἱ
1672 1399 1813 1461 ζῶν-

222 1506 351 1555 τες,
382 1491 438 1542 οἱ
458 1490 939 1558 ’περιλειπόμενοι
964 1490 1052 1553 είς
1070 1487 1188 1556 τὴν
1210 1486 1551 1554 παρουσίαν
1575 1484 1681 1539 τοῦ
1696 1486 1814 1538 Κυ-

215 1574 473 1641 ρίου,οὐ
492 1572 578 1642 μὴ
601 1572 924 1642 φθάσωμεν
942 1570 1085 1637 τοὺς
1110 1569 1534 1640 κοιμηθέντας*
1562 1568 1652 1624 διὰ
1677 1569 1814 1623 πάν-

221 1672 338 1709 των
367 1656 575 1710 τούτων
603 1656 801 1730 δηλῶν,
825 1656 907 1709 ὅτι
938 1657 1089 1727 κοινῇ
1119 1654 1329 1717 πάντας
1356 1653 1451 1707 καὶ
1474 1654 1610 1725 ὁμοῦ
1636 1668 1813 1724 παραυ

220 1738 557 1808 γενομένους
573 1739 685 1794 τῶν
704 1739 970 1811 οὐρανίων
988 1738 1164 1807 τιμῶν
1180 1736 1472 1791 ἀπολαύειν
1494 1738 1623 1809 χρή.
1642 1735 1814 1790 Τοῦτο

220 1821 460 1886 καὶτοῖς
490 1822 727 1893 φθάσασι
750 1822 951 1894 πολλὴν
976 1824 1130 1895 φέρει
1156 1821 1256 1893 τὴν
1283 1821 1498 1891 ἡδονὴν,
1520 1822 1648 1874 ὅταν
1675 1821 1813 1891 μετὰ

220 1905 335 1957 τῶν
360 1906 579 1960 οἰκείων
608 1907 789 1976 μελῶν
816 1907 923 1961 τῶν
962 1905 1289 1978 ἀπορρήτων
1326 1903 1549 1958 ἐκείνων
1576 1903 1812 1958 ἀπολαύ-

222 1980 397 2042 σωσιν
426 1989 667 2058 ἀγαθῶν.
712 1992 822 2045 Καὶ
869 1989 979 2062 γὰρ
1030 1989 1213 2061 πατὴρ
1240 1987 1518 2060 τραπέζης
1569 1987 1811 2059 μετέχων

218 2073 491 2145 λαμπρᾶς
518 2075 611 2128 καὶ
643 2075 1003 2139 πολυτελοῦς,
1031 2074 1154 2128 τότε
1191 2073 1331 2145 μετά
1371 2073 1615 2136 πλείονος
1639 2072 1813 2143 αὐτῆς

220 2157 599 2211 ἀπολαύσεται
621 2159 722 2229 τῆς
760 2159 1135 2231 εὐφροσύνης,
1164 2159 1292 2214 ὅταν
1324 2158 1464 2230 μετὰ
1503 2157 1613 2210 τῶν
1643 2155 1809 2210 αὐτοῦ

220 2240 460 2293 παιδίων
501 2242 702 2313 μετέχῃ
731 2243 831 2314 τῆς
857 2242 1091 2315 εὐωχίας
1130 2243 1224 2295 καὶ
1256 2241 1614 2315 εὐφροσύνης.
1652 2240 1811 2294 Οῦτω

216 2324 319 2376 καὶ
350 2323 565 2388 Παῦλος
615 2327 711 2377 καὶ
758 2328 807 2379 οἱ
852 2327 972 2379 κατ’
1022 2328 1228 2379 ἐκεῖνον
1281 2325 1518 2388 ἅπαντες
1567 2324 1811 2395 μείζονος

218 2406 583 2478 αἰσθήσονται
616 2408 718 2478 τῆς
763 2408 1059 2481 θυμηδίας,
1092 2408 1222 2463 ὅταν
1261 2408 1402 2479 μετά
1435 2407 1545 2461 τῶν
1592 2407 1811 2461 οἰκείων

221 2491 409 2561 μελῶν
444 2492 599 2555 ὅντες
626 2492 1009 2547 ἀπολαύσωσιν
1039 2493 1232 2564 αὐτῆς.
1278 2493 1353 2547 Οὐ
1398 2492 1508 2564 γὰρ
1540 2492 1810 2562 τοσαύτην

217 2576 462 2647 πατέρες
518 2577 646 2647 περὶ
701 2577 898 2641 παῖδας
954 2577 1352 2631 ἐπιδείκνυνται
1400 2576 1809 2648 φιλοστοργίαν,

215 2664 355 2732 ὅσην
383 2661 583 2714 ἐκεῖνοι
613 2662 740 2731 περὶ
762 2662 888 2724 τοὺς
910 2661 978 2715 τά
1009 2660 1149 2714 αὐτά
1171 2660 1604 2731 κατωρθωκότας
1627 2662 1809 2724 αὐτοῖς

216 2746 407 2815 ἔχουσι
438 2744 786 2814 κηδεμονίαν.
811 2744 908 2798 Ἷν’
939 2739 1031 2799 οὖν
1055 2745 1147 2797 καὶ
1169 2745 1329 2814 ἡμεῖς
1352 2742 1461 2797 τῶν
1480 2745 1601 2796 τότε
1632 2761 1807 2814 τιμω-

219 2830 410 2901 μένων
459 2828 788 2899 γενώμεθα,
851 2826 1243 2898 σπουδάζωμεν
1296 2826 1625 2881 καταλαϐεῖν
1682 2828 1809 2891 τοὺς

215 2914 416 2983 ἁγίους
450 2914 711 2977 ἐκείνους.
749 2914 859 2966 Καὶ
884 2911 1001 2975 πῶς
1028 2910 1390 2982 δυνησόμεθα,
1415 2913 1569 2982 φησὶ,
1610 2911 1809 2976 αὐτοὺς

214 2995 550 3050 καταλαϐεῖν
575 3013 589 3060 ;
622 2996 704 3059 τίς
730 2997 861 3067 ἡμῖν
886 2995 1050 3060 δείξει
1084 2996 1183 3066 τὴν
1208 2997 1325 3047 ἐκεῖ
1348 2993 1619 3064 φέρουσαν
1652 2994 1805 3057 όδόν;

214 3082 395 3144 Αὐτὸς
414 3083 442 3134 ὁ
470 3081 577 3133 τῶν
625 3081 798 3149 ἁγίων
845 3080 1067 3134 ἐκείνων
1097 3080 1373 3149 Δεσπότης
1398 3119 1414 3144 ,
1443 3080 1501 3143 ὃς
1531 3079 1629 3150 οὐχ
1659 3081 1808 3143 ὅπως

213 3167 424 3228 αὐτοὺς
446 3164 889 3235 καταληῲώμεθα
914 3166 1074 3237 μόνον
1097 3164 1359 3230 διδάσκει,
1385 3163 1523 3217 ἀλλὰ
1545 3166 1638 3217 καὶ
1658 3166 1807 3228 ὅπως

212 3248 520 3319 ὁμωρόφιοι
574 3249 666 3302 καὶ
721 3248 978 3321 σύσκηνοι
1037 3247 1323 3319 γενώμεθα
1368 3249 1534 3300 πᾶσιν
1585 3248 1803 3311 αὐτοῖς’

211 3331 524 3397 Ποιήσατε
557 3331 667 3403 7&9
696 3331 840 3401 ὑμῖν
872 3333 1093 3401 φίλους
1124 3331 1193 3386 ἐκ
1224 3331 1330 3384 τοῦ
1362 3330 1655 3399 μαμμωνᾶ
1695 3329 1807 3398 τῆς

212 3416 460 3482 ἀδικίας
478 3457 493 3481 ,
518 3418 702 3488 φησὶν,
735 3416 811 3470 ἵν’
833 3416 980 3471 ὅταν
1002 3418 1309 3485 ἐκλίπητε,
1331 3415 1617 3479 δέξωνται
1651 3414 1807 3484 ὑμᾶς

213 3502 305 3565 είς
346 3502 457 3565 τὰς
506 3501 785 3565 αἰωνίους
814 3498 1015 3555 αὐτῶν
1068 3498 1324 3567 σκηνάς.
1374 3498 1572 3561 Καλῶς
1631 3494 1805 3562 εἶπεν,

211 3585 505 3646 Αίωνίους.
554 3582 820 3637 Ἐνταῦθα
861 3584 959 3655 μὲν
991 3583 1103 3656 γὰρ
1134 3585 1240 3639 κᾶν
1265 3585 1525 3655 λαμπρὰν
1565 3584 1693 3654 ἔχῃς
1724 3586 1805 3637 οἰ-

214 3667 365 3730 κίαν,
399 3666 682 3720 ἀπολεῖται
714 3667 932 3729 πάντως
956 3667 1287 3740 φθειρομένη
1316 3667 1395 3737 τῷ
1425 3667 1601 3739 χρόνῳ
1622 3684 1633 3696 ·
1672 3667 1809 3736 μᾶλ-

212 3749 308 3802 λον
344 3750 405 3803 δὲ
436 3752 531 3804 καὶ
561 3750 667 3822 πρὸ
690 3750 790 3820 τῆς
815 3750 955 3803 κατά
982 3750 1074 3803 τὸν
1096 3752 1288 3822 χρόνον
1314 3751 1548 3821 φθορᾶς,
1580 3750 1807 3813 θάνατος

215 3832 480 3901 ἐμπεσὼν
510 3833 765 3885 ἐκϐάλλει
789 3850 847 3885 σε
873 3833 972 3903 τῆς
1002 3833 1264 3905 λαμπρᾶς
1287 3832 1491 3903 ταύτης
1520 3834 1805 3904 οἰκήσεως

215 3918 481 3981 πολλάκις
513 3919 569 3971 δὲ
594 3918 688 3972 καὶ
726 3917 832 3988 πρὸ
868 3919 963 3972 τοῦ
996 3917 1227 3972 θανάτου
1273 3918 1612 3989 πραγμάτων
1644 3918 1806 3971 τινῶν

214 4000 507 4055 δυσκολίαι
562 4002 658 4054 καὶ
713 3998 1069 4072 συκοφαντῶν
1129 4001 1312 4069 ἔφοδοι
1363 4003 1457 4054 καὶ
1517 4000 1806 4054 ἐπιϐουλαὶ

214 4087 477 4139 ἐκπεσεῖν
500 4087 666 4157 αὐτῆς
694 4086 1134 4160 παρεσκεύασαν.
1172 4084 1396 4138 Ἐκεῖδέ
1422 4085 1575 4139 οὐδὲν
1602 4085 1807 4138 τούτων

215 4170 372 4223 ἐστὶν
406 4171 746 4224 ὑποπτεῦσαι
766 4213 781 4237 ,
807 4171 867 4225 οὐ
906 4169 1134 4240 φθορὰν,
1170 4170 1231 4222 οὐ
1259 4170 1520 4229 θάνατον,
1552 4168 1612 4221 οὐ
1642 4169 1808 4222 κατά-

214 4271 432 4309 πτωσιν
456 4298 471 4319 ,
511 4256 573 4310 οὐ
619 4255 969 4325 συκοφαντῶν
1011 4256 1297 4325 ἐπήρειαν,
1341 4255 1442 4307 οὐκ
1469 4252 1597 4307 ἄλλο
1630 4253 1804 4319 οὐδὲν,

214 4339 337 4393 ἀλλ’
363 4338 621 4410 ἀκίνητος
647 4340 739 4392 καὶ
758 4338 1026 4402 ἀθάνατός
1054 4339 1200 4392 ἐστιν
1222 4341 1257 4409 ἡ
1279 4340 1511 4409 οἴκησις.
1530 4337 1628 4391 Διά
1650 4338 1808 4391 τοῦτο

215 4422 475 4487 αἰωνίους
506 4423 676 4487 αὐτὰς
724 4423 971 4477 ἐκάλεσε.
1008 4421 1309 4487 Ποιήσατε
1366 4421 1509 4492 ὑμῖν
1550 4421 1803 4489 φίλους,

216 4509 412 4576 φησὶν,
444 4507 515 4560 ἐκ
541 4507 646 4561 τοῦ
664 4506 959 4577 μαμμιιη⁴ᾶ
998 4506 1112 4575 τῆς
1141 4505 1398 4573 ἀδικίας.

296 4605 389 4654 ια’.
450 4597 592 4671 Ὄρα
616 4599 772 4669 πόση
805 4598 1183 4668 φιλανθρωπία
1210 4596 1305 4651 τοῦ
1336 4599 1628 4663 Δεσπότου,
1662 4599 1802 4668 πόση

216 4681 533 4753 χρηστότης
549 4682 645 4735 καὶ
662 4682 950 4735 ἐπιείκεια·
966 4682 1027 4734 οὐ
1045 4682 1154 4754 γὰρ
1173 4679 1357 4743 ἁπλῶς
1375 4681 1578 4752 ταύτην
1595 4681 1805 4735 τέθεικε

218 4769 320 4837 τὴν
354 4765 675 4837 προσθήκην
698 4783 711 4797 ⁸
736 4767 848 4819 ἀλλ’
883 4766 1069 4835 ἐπειδὴ
1100 4765 1313 4830 πολλοῖς
1343 4766 1617 4829 πλουσίοις
1644 4764 1807 4818 πλοῦ-

220 4867 311 4913 τος
348 4849 686 4903 συνείλεκται
720 4849 779 4912 ἐξ
806 4851 1061 4919 ἁρπαγῆς
1095 4849 1189 4903 καὶ
1224 4849 1556 4914 πλεονεξίας,
1600 4851 1803 4914 Κακῶς

221 4935 346 5003 μὲν,
390 4934 545 5002 φησὶ,
580 4934 671 4987 καὶ
707 4934 806 4985 οὐκ
839 4933 1005 5003 ἐχρῆν
1033 4949 1091 4984 σε
1113 4933 1254 4984 οὕτω
1296 4933 1541 4999 συλλέξαι
1571 4934 1639 4986 τὰ
1672 4934 1806 5005 χρή-

223 5037 375 5089 ματα
400 5034 413 5047 ·
446 5017 586 5088 πλὴν
613 5018 724 5071 ἀλλ’
748 5018 932 5089 ἐπειδὴ
966 5018 1255 5084 συνέλεξας
1274 5057 1287 5080 ,
1316 5017 1472 5087 στῆθι
1496 5018 1595 5088 τῆς
1626 5020 1805 5090 ἀρπα·

220 5110 328 5179 γῆς
354 5109 453 5161 καὶ
470 5108 568 5177 τῆς
592 5107 922 5171 πλεονεξίας,
947 5107 1042 5160 καὶ
1066 5107 1267 5177 χρῆσαι
1296 5108 1374 5170 εἷς
1399 5108 1515 5161 δέον
1538 5111 1649 5170 τοῖς
1672 5108 1801 5178 χρή·

224 5212 413 5265 μασιν.
454 5197 530 5249 UO
562 5195 706 5262 λέγω
731 5235 747 5257 ,
804 5195 891 5247 ἵνα
933 5192 1195 5265 ἁρπάξων
1224 5196 1380 5266 ἐλεῇς
1399 5237 1415 5261 ,
1451 5194 1563 5247 ἀλλ’
1592 5198 1678 5250 ἴνα
1706 5197 1804 5264 τῆς

224 5281 541 5348 πλεονεξίας
564 5281 808 5344 ἀποστὰς
829 5322 843 5345 ,
869 5282 1006 5351 πρὸς
1032 5282 1403 5353 ἐλεημοσύνην
1426 5282 1576 5353 [289]
1603 5284 1694 5336 καὶ
1724 5302 1807 5353 φι-

219 5368 574 5440 λανθρωπίαν
596 5370 882 5440 ἀποχρήσῃ
900 5368 981 5438 τῷ
1003 5369 1235 5439 πλούτῳ.
1256 5370 1318 5422 Εἰ
1344 5372 1452 5440 γάρ
1472 5388 1556 5435 τις
1579 5372 1652 5442 μὴ
1674 5372 1806 5424 παύ-

222 5474 383 5510 σαιτο
422 5457 525 5525 τῆς
573 5458 858 5527 ἁρπαγῆς,
894 5456 1018 5510 οὐδὲ
1064 5456 1434 5529 ἐλεημοσύνην
1471 5458 1801 5528 ἐργάσεται·

220 5544 363 5599 ἀλλὰ
397 5544 500 5598 κᾶν
532 5545 702 5615 μυρία
725 5543 1005 5617 καταϐάλῃ
1036 5545 1296 5615 χρήματα
1324 5546 1405 5608 είς
1431 5547 1530 5609 τὰς
1554 5547 1662 5600 τῶν
1690 5548 1803 5602 δεοο

224 5633 409 5703 μένων
426 5634 622 5704 χεῖρας
642 5674 658 5697 ,
687 5632 758 5687 τὰ
786 5633 988 5703 ἐτέρων
1027 5632 1289 5701 ἁρπάζων
1325 5634 1417 5686 καὶ
1446 5634 1803 5697 πλεονεκτῶν,

222 5723 336 5785 τοῖς
362 5722 714 5793 ἀνδροφόνοις
741 5720 928 5792 eam;
950 5721 1256 5790 λελόγισται
1290 5722 1367 5792 τῷ
1397 5721 1533 5791 Θεῷ.
1578 5724 1667 5776 Διὸ
1697 5724 1801 5795 χρὴ

224 5807 546 5875 πλεονεξίας
570 5810 883 5863 ἀποστάντα
905 5810 1189 5879 πρότερον,
1208 5808 1351 5864 οὕτω
1369 5810 1495 5874 τοὺς
1520 5811 1805 5881 δεομένους

544 5919 813 5986 ΡΑτιιοι.
857 5919 976 5986 Gn.
1020 5920 1122 5985 LI.

847 370 939 429 DE
976 368 1231 428 VERBIS
1266 370 1626 433 APOSTOLI.
1663 369 2030 429 HABENTES
2067 367 2356 427 EUMDEM
2398 365 2743 423 SPIRITUM.
2785 363 2872 418 Ill.

3389 368 3500 425 3'00

1926 474 2114 531 ἐλεεῖν.
2154 476 2331 550 Πολλὴ
2357 478 2467 551 γὰρ
2494 479 2595 548 τῆς
2620 478 2989 550 ἐλεημοσύνης
3020 482 3052 550 ή
3080 480 3337 551 δύναμις,
3372 484 3503 553 περὶ

1922 556 1991 632 ἦς
2016 560 2112 614 καὶ⁹
2136 563 2207 632 τῇ
2226 563 2527 635 προτεραίᾳ
2547 562 2765 628 συνάξει
2791 563 2928 631 πρὸς
2954 564 3097 633 ὑμᾶς
3126 564 3501 639 διελέχθημξν,

1923 643 2019 696 καὶ
2048 643 2143 697 νῦν
2163 645 2497 715 διαλέξομαι.
2538 646 2697 700 Ἀλλὰ
2741 646 2926 718 μηδεὶς
2960 648 3059 719 τὴν
3093 649 3375 719 συνέχειαν
3400 649 3502 718 τῆς

1924 726 2287 797 ὑπομνήσεως
2304 730 2639 801 κατηγορίαν
2661 730 2900 800 ἡγείσθω
2921 730 3029 785 τῶν
3051 732 3375 786 ἀκουόντων.
3391 734 3503 786 Καὶ

1923 809 2033 881 γὰρ
2058 811 2117 863 ἐν
2145 813 2259 872 τοῖς
2288 813 2494 881 ἀγῶσιν
2520 813 2761 876 ἐκείνους
2788 814 2896 867 τῶν
2934 813 3179 885 δρομέων
3202 815 3501 886 διεγείρου-

1926 909 2009 945 σιν
2041 896 2091 948 οἱ
2116 894 2323 961 θεαταὶ,
2343 895 2437 959 οὓς
2465 894 2530 949 ἂν
2558 895 2739 950 ἴδωσιν
2766 897 2929 965 ἐγγὺς
2956 897 3050 949 τοῦ
3078 897 3331 968 βραϐεῖον
3357 916 3502 966 γενο·

1927 977 2152 1046 μένους,
2186 980 2285 1032 καὶ
2312 980 2513 1042 πολλὰς
2539 980 2638 1050 τῆς
2669 980 2824 1049 νίκης
2858 980 3079 1045 ἐλπίδας
3116 981 3358 1052 ἔχοντας.
3388 984 3500 1037 Καὶ

1924 1060 2035 1129 ἐγὼ
2060 1062 2240 1115 τοίνυν
2258 1103 2287 1127 ,ν
2312 1062 2498 1132 ἐπειδὴ
2530 1063 2668 1131 μετά
2717 1064 2920 1134 πολλῆς
2946 1066 3032 1118 ἀεὶ
3058 1065 3365 1137 προθυμίας
3390 1065 3501 1138 όρῶ

1922 1147 2048 1209 τοὺς
2076 1147 2207 1217 περὶ
2234 1146 2603 1217 ἐλεημοσύνης
2631 1148 2952 1218 δεχομένους
2984 1148 3175 1216 λόγους
3203 1151 3348 1220 ὑμᾶς
3366 1193 3383 1217 ,
3412 1153 3502 1206 διά

1921 1230 2081 1283 τοῦτο
2104 1231 2200 1285 καὶ
2229 1232 2391 1295 αὐτὸς
2419 1232 2803 1305 συνεχέστερον
2831 1233 2931 1303 τὴν
2962 1234 3103 1305 ὐπέρ
3135 1234 3338 1288 τούτων
3365 1238 3501 1290 κινῶ

1923 1314 2260 1384 παραίνεσιν.
2282 1315 2479 1385 ’ἰατροὶ
2501 1315 2610 1367 τῶν
2633 1315 2822 1385 ψυχῶν
2840 1316 2995 1387 ἡμῶν
3018 1320 3154 1370 εἰσιν
3178 1320 3226 1371 οἱ
3248 1319 3500 1388 πένητες,

1923 1398 2205 1470 εὐεργέται
2240 1400 2331 1452 καὶ
2381 1399 2715 1469 προστάται’
2749 1402 2810 1453 οὐ
2869 1402 2976 1473 γὰρ
3023 1402 3276 1456 τοσοῦτον
3322 1402 3499 1467 δίδως.

1921 1481 2043 1535 ὅσον
2068 1481 2365 1551 λαμϐάνεις
2383 1496 2397 1511 ’
2424 1483 2580 1546 δίδως
2608 1482 2892 1556 ἀργύριον,
2913 1484 3015 1539 καὶ¹
3028 1486 3324 1555 λαμϐάνεις
3346 1486 3500 1556 βασι-

1920 1564 2070 1618 λείαν
2092 1565 2336 1637 οὐρανῶν
2351 1582 2366 1597 ·
2390 1565 2537 1630 λύεις
2568 1567 2779 1632 πενίαν,
2805 1569 2901 1622 καὶ
2920 1568 3310 1632 καταλλάττεις
3341 1586 3502 1622 σεαυ-

1919 1646 1999 1718 τῷ
2046 1649 2137 1702 τὸν
2175 1650 2473 1720 Δεσπότην.
2522 1648 2687 1722 Ὁρᾷς
2714 1652 2795 1705 ὅτι
2841 1652 2944 1705 οὐκ
2984 1653 3079 1723 ἴση
3121 1653 3153 1723 ή
3191 1652 3499 1715 ἀντίδοσιςς

1920 1730 2109 1785 Ταῦτα
2138 1731 2230 1784 ἐπὶ
2257 1732 2386 1803 γῆς,
2416 1735 2601 1787 ἐκεῖνα
2630 1736 2687 1787 ἐν
2705 1733 2945 1805 οὐρανῷ·
2977 1734 3150 1786 ταῦτα
3180 1734 3499 1798 ἀπόλλυται,

1919 1816 2100 1869 ἐκεῖνα
2122 1815 2369 1887 διαμένει
2389 1831 2402 1846 °
2426 1816 2599 1871 ταῦτα
2624 1818 2926 1889 φθείρεται,
2947 1819 3129 1872 ἐκεῖνα
3151 1819 3333 1889 πάσης
3353 1821 3501 1897 ἐστὶν

1919 1897 2166 1971 ἀνώτερα
2185 1899 2481 1964 ἀπωλείας.
2503 1902 2600 1956 Διά
2629 1902 2786 1957 τοῦτο
2806 1903 2901 1955 καὶ
2928 1903 3035 1975 πρὸ
3060 1903 3168 1958 τῶν
3193 1903 3370 1973 θυρῶν
3391 1904 3499 1957 τῶν

1918 1981 2084 2036 οἴκων
2114 1985 2222 2037 τῶν
2250 1987 2556 2058 εὐκτηρίων
2575 1986 2811 2057 ἔστησαν
2835 1989 2960 2052 τούς
2984 1988 3224 2061 πένητας
3250 1990 3300 2042 οἱ
3330 1992 3501 2043 πατέο

1920 2080 2013 2135 ρες
2030 2068 2080 2120 οἱ
2106 2068 2384 2140 ἡμέτεροι,
2405 2071 2608 2124 ίνακαὶ
2627 2070 2717 2125 τὸν
2739 2070 3075 2142 νωθρότατον
3093 2072 3191 2125 καὶ
3213 2072 3500 2144 ἀπανθρω-

1918 2149 2152 2205 πότατον
2177 2153 2317 2224 αὐτὴ
2366 2154 2479 2208 τῶν
2506 2157 2754 2226 πενήτων
2783 2157 2819 2226 ἡ
2850 2155 2975 2226 ὄψις
3024 2156 3161 2228 πρὸς
3190 2156 3498 2227 ὑπόμνησιν

1918 2234 2107 2306 ἐγείρῃ
2149 2237 2247 2306 τῆς
2300 2237 2688 2310 ἐλεημοσύνης.
2724 2241 2891 2294 Ὅταν
2919 2240 3027 2312 γὰρ
3082 2242 3286 2312 ἑστήκῃ
3339 2241 3499 2314 χορὸς

1917 2320 2187 2389 γερόντων
2212 2364 2227 2389 ,
2280 2324 2735 2393 συγκεκυφότων,
2779 2326 2945 2395 ῥάκια
2990 2325 3495 2397 περιϐεϐλημένων,

1918 2404 2253 2474 αὐχμώντων
2274 2445 2289 2471 ,
2340 2406 2664 2478 ρυπώντων,
2704 2408 3000 2481 βακτηρίας
3031 2410 3262 2480 ἐχόντων
3284 2449 3299 2472 ,
3346 2410 3498 2480 μόλις

1920 2487 2270 2558 στηρίζεσθαι
2300 2489 2631 2562 δυναμένων,
2656 2493 2915 2557 πολλάκις
2946 2493 3002 2545 δέ
3030 2493 3124 2546 καὶ
3144 2493 3271 2556 τοὺς
3296 2491 3498 2561 ὀφθαλ-

1921 2571 2055 2640 μοὺς
2082 2572 2506 2644 ἐκκεκομμένων
2530 2615 2545 2639 ,
2574 2576 2669 2629 καὶ
2719 2576 2781 2630 τὸ
2826 2576 2987 2647 σῶμα
3020 2578 3140 2631 ὅλον
3175 2578 3496 2649 ἀναπήρων.

1916 2654 2000 2717 τίς
2024 2653 2167 2708 οὕτω
2192 2655 2413 2721 λίθινος,
2444 2657 2527 2721 τίς
2553 2658 2725 2722 οὕτως
2758 2658 2988 2730 ἀδάμας,
3024 2660 3099 2723 ὡς
3128 2660 3224 2714 καὶ
3254 2660 3353 2730 τῆς
3380 2659 3497 2730 ἡλι-

1917 2737 2072 2831 κίας,
2104 2738 2204 2831 καὶὁ
2238 2739 2340 2809 τῆς
2393 2740 2676 2806 ἀσθενείας
2700 2783 2715 2807 ,
2764 2745 2857 2797 καὶ
2895 2744 2995 2813 τῆς
3028 2744 3331 2816 πηρώσεως
3355 2783 3371 2807 ,
3402 2746 3498 2798 καὶ

1915 2823 2013 2892 τῆς
2042 2823 2264 2888 πενίᾶς,
2316 2826 2411 2878 καὶ
2452 2826 2552 2895 τῆς
2602 2827 2851 2893 εὐτελοῦς
2886 2827 3080 2899 στολῆς
3102 2869 3117 2894 ,
3152 2828 3248 2882 καὶ
3278 2826 3497 2883 πάντων

1916 2905 2104 2969 ἁπλῶς
2129 2907 2266 2977 πρὸς
2299 2907 2642 2977 συμπάθειαν
2666 2910 3011 2965 ἐπικλώντων
3032 2912 3214 2975 αὐτὸν,
3244 2912 3498 2981 ἀντιστῆ-

1916 2983 2009 3041 ναι
2037 2990 2132 3043 καὶ
2189 2992 2367 3059 μεῖναι
2414 2992 2549 3062 πρὸς
2578 2993 2795 3048 ἅπαντα
2831 2995 3003 3048 ταῦτα
3055 2995 3363 3060 ἀνένδοτοςς
3396 2997 3497 3050 Διά

1914 3072 2087 3125 ταῦτα
2128 3073 2233 3145 πρὸ
2265 3073 2374 3126 τῶν
2408 3073 2586 3147 θυρῶν
2618 3077 2775 3147 ήμῶν
2804 3079 3070 3149 ἑστήκασι
3097 3078 3298 3143 παντὸς
3331 3078 3495 3148 λόγου

1914 3154 2308 3228 δυνατώτεροι,
2343 3157 2430 3211 διὰ
2466 3159 2566 3228 τῆς
2595 3159 2768 3229 ὅψεως
2808 3162 3210 3233 ἐπισπώμενοι,
3242 3162 3378 3233 πρὸς
3404 3181 3495 3231 φι-

1915 3237 2263 3309 λανθρωπίαν
2301 3242 2428 3304 τοὺς
2468 3243 2737 3306 είσιόντας
2780 3244 3188 3316 ἐκκαλούμενοι.
3225 3247 3495 3318 Καθάπερ

1914 3323 2024 3392 γὰρ
2055 3325 2261 3395 κρήνας
2284 3320 2423 3378 εἶναι
2444 3328 2501 3379 ἐν
2522 3329 2641 3390 ταῖς
2669 3328 2856 3392 αὐλαῖς
2875 3328 2986 3382 τῶν
3011 3331 3314 3401 εὐκτηρίων
3331 3334 3495 3385 οἴκων

1914 3407 2247 3477 νενόμισται,
2285 3412 2373 3464 ἵνα
2397 3412 2448 3463 οἱ
2483 3411 2766 3482 μέλλοντες
2798 3412 3054 3483 εὔχεσθαι
3082 3414 3160 3485 τῷ
3187 3413 3326 3485 Θεῷ,
3364 3416 3497 3486 πρό-

1914 3507 2072 3562 τερον
2102 3488 2500 3565 ἀπονιψάμενοι
2528 3495 2625 3558 τάς
2656 3499 2846 3567 χεῖρας
2864 3539 2879 3563 ,
2910 3496 3083 3561 οὕτως
3105 3499 3275 3561 αὐτὰς
3298 3500 3380 3562 είς
3406 3500 3498 3552 eb—

1915 3577 2017 3646 χὴν
2042 3577 2393 3631 ἀνατείνωσιν
2420 3595 2434 3609 ο
2470 3580 2611 3633 οὕτω
2663 3582 2756 3634 καὶ
2786 3582 2912 3645 τοὺς
2954 3582 3195 3653 πένητας
3233 3584 3353 3636 ἀντὶ
3391 3602 3497 3655 πη-

1914 3661 2027 3727 γῶν
2054 3663 2146 3714 καὶ
2177 3662 2391 3733 κρηνῶν
2421 3662 2655 3733 ἔστησαν
2681 3666 2731 3717 οί
2762 3665 2997 3736 πατέρες
3029 3667 3134 3737 πρὸ
3159 3667 3267 3720 τῶν
3293 3667 3493 3739 θυρῶν⁹

1915 3744 2002 3807 ἵν’,
2039 3744 2226 3817 ὥσπερ
2254 3746 2405 3799 ὐδατι
2437 3748 2537 3812 τὰς
2568 3752 2753 3820 χεῖρας
2780 3751 3182 3821 ἀπονίπτομεν,
3223 3752 3365 3806 οὓτω
3402 3772 3495 3823 φι-

1914 3827 2232 3901 λανθρωπίᾳ
2257 3831 2353 3903 τὴν
2375 3830 2552 3904 ψυχὴν
2579 3834 2991 3905 ἀποσμήχοντες
3012 3828 3295 3907 πρότερον,
3321 3836 3495 3902 οὕτως

1915 3914 2222 3985 εὐχώμεθα.

1988 4007 2075 4079 ιβ’.
2119 4009 2252 4062 Οὐδέ
2269 4009 2378 4081 γὰρ
2396 4010 2567 4073 οὕτως
2584 4011 2775 4074 ὓδατος
2790 4011 2952 4080 φύσις
2967 4013 3255 4066 ἀπονίπτει
3272 4014 3495 4084 κηλῖδας

1916 4092 2189 4164 σώματος,
2221 4094 2296 4157 ὡς
2330 4094 2701 4165 ἐλεημοσύνης
2729 4095 2957 4167 δύναμις
2985 4098 3295 4169 ἀποσμήχει
3320 4100 3493 4171 ῥύπον

1913 4176 2350 4248 ψυχῆς..’¹Ωσπερ
2381 4174 2476 4230 οῦν
2510 4179 2570 4231 οὐ
2598 4179 2803 4250 τολμᾷς
2829 4180 3077 4244 ἀνίπτοις
3104 4183 3290 4253 χερσὶν
3315 4183 3490 4235 εἰσελ-

1916 4259 2023 4311 θὼν
2044 4258 2323 4325 εὔξασθαι,
2346 4261 2522 4315 καίτοι
2543 4261 2762 4314 ἔλαττον
2782 4262 2842 4315 τὸ
2866 4261 3115 4333 ἔγκλημα
3136 4266 3332 4327 ἐκεῖνο,
3349 4264 3494 4317 οὕτω

1918 4344 2054 4413 μήτε
2093 4345 2258 4415 χωρὶς
2288 4344 2657 4416 ἐλεημοσύνης
2680 4347 2766 4398 ἐπ’
2801 4347 2965 4417 εὐχὴν
2989 4346 3149 4420 ἔλθῃς
3178 4350 3329 4404 ποτέ.
3362 4350 3493 4402 Καί-

1913 4445 1996 4480 τοι
2023 4428 2114 4479 καὶ
2141 4428 2388 4499 καθαρὰς
2422 4429 2681 4493 πολλάκις
2712 4429 2925 4501 ἔχοντες
2951 4431 3051 4495 τὰς
3076 4436 3283 4504 χεῖρας,
3318 4434 3384 4488 ἂν
3416 4436 3490 4505 μὴ

1915 4511 2178 4581 πρότερον
2208 4511 2377 4576 αὐτὰς
2398 4513 2794 4582 ἀποπλύνωμεν
2820 4513 2992 4577 ὕδατι,
3019 4517 3119 4568 οὐκ
3140 4518 3491 4587 ἀνατείνομεν

1915 4597 1994 4659 εἰς
2020 4595 2186 4665 εὐχήν
2209 4610 2222 4624 ο
2256 4595 2509 4650 τοσοῦτόν
2541 4599 2688 4650 ἐστιν
2728 4599 2761 4667 ή
2793 4599 3065 4668 συνήθεια.
3096 4600 3268 4653 Τοῦτο
3311 4602 3490 4654 τοίνυν

1915 4678 2009 4730 καὶ
2030 4678 2120 4729 ἐπὶ
2146 4678 2243 4746 τῆς
2272 4678 2394 4750 ἐλεη
2404 4680 2641 4750 μοσύνης
2664 4679 2903 4751 ποιῶμεν
2926 4699 2937 4711 ·
2966 4682 3068 4735 κᾶν
3093 4684 3255 4753 μηδὲν
3277 4685 3487 4746 ἑαυτοῖς

1914 4761 2062 4832 ὦμεν
2076 4762 2224 4834 [290]
2248 4764 2545 4827 συνειδότες
2570 4766 2710 4835 μέγα
2733 4766 3058 4836 ἁμάρτημα,
3076 4768 3225 4838 ὅμως
3246 4767 3488 4837 ἀποσμήο

1913 4864 2096 4917 χωμεν
2146 4848 2206 4899 τὸ
2242 4848 2479 4909 συνειδὸς
2510 4847 2595 4901 διὰ
2621 4849 2719 4918 τῆς
2750 4848 3135 4920 ἐλεημοσύνης.
3172 4850 3348 4903 Πολλά
3380 4851 3489 4904 ἀπὸ

1913 4931 2011 5000 τῆς
2036 4932 2239 5002 ἀγορᾶς
2266 4932 2562 4985 ἐπεσπάσω
2593 4933 2769 4985 δεινά·
2800 4933 2992 5003 ἐχθρὸς
3017 4933 3323 5004 παρώξυνε,
3342 4934 3489 4987 δικα-

1916 5020 2045 5089 στὴς
2074 5020 2351 5088 ἠνάγκασέ
2374 5038 2428 5073 τι
2459 5022 2681 5090 ποιῆσαι
2710 5020 2817 5073 τῶν
2845 5022 2903 5073 οὐ
2942 5039 2983 5074 π
3019 5021 3324 5092 οσηκόντων
3348 5040 3489 5093 πρα-

1916 5109 2162 5161 γμάτων.
2216 5109 2435 5161 ὸήιιατα
2482 5108 2737 5161 πολλάκις
2781 5040 3033 5161 ἐξέϐαλερς
3086 5110 3281 5161 ἄτοπα.
3338 5112 3489 5161 φίλος

1886 5109 2162 5185 ἱγμάτων,
2215 5109 2435 5179 ῥήματα
2482 5108 2737 5172 πολλάκις
2781 5108 3033 5173 ἐξέϐαλες
3086 5110 3281 5175 ἄτοπα,
3338 5112 3489 5181 φίλος

1914 5198 2259 5269 ἐδυσώπησεν
2308 5198 2644 5269 ἐργάσασθαί
2689 5217 2743 5251 τι
2781 5198 2887 5251 τῶν
2919 5199 3194 5270 ἁμαρτίαν
3231 5201 3483 5272 ἐχόντων.

1913 5286 2076 5358 ἔτερα
2110 5287 2458 5357 προσετρίψω
2490 5286 2659 5340 πολλὰ
2680 5328 2695 5352 ,
2738 5281 2824 5339 οἷα
2871 5288 3016 5351 εἰκὸς
3044 5288 3328 5359 ἄνθρωπον
3360 5289 3486 5343 ὅντα

1914 5374 2359 5445 προστρίϐεσθαι,
2391 5377 2450 5428 ἐν
2482 5375 2658 5445 ἀγορᾷ
2691 5375 3052 5446 στρεφόμενον
3077 5419 3090 5442 ,
3119 5375 3487 5446 δικαστηρίοις

1915 5462 2360 5532 προσεδρεύοντα,
2378 5463 2449 5516 τὰ
2473 5462 2572 5533 τῆς
2600 5463 2806 5527 πόλεως
2832 5463 3138 5535 πράττοντα
3162 5464 3482 5537 πράγματα’

1913 5550 2052 5619 ὑπὲρ
2075 5550 2280 5604 τούτων
2300 5550 2554 5604 ἁπάντων
2579 5550 2800 5622 είσέρχη
2821 5550 2913 5604 τὸν
2940 5551 3075 5605 Θεὸν
3103 5554 3337 5624 αἰτήσων
3362 5568 3487 5619 συγ-

1912 5637 2139 5709 γνώμην
2191 5638 2286 5691 καὶ
2320 5639 2813 5709 ἀπολογησόμενος.
2857 5640 3143 5694 Κατάϐαλε
3180 5641 3359 5694 τοίνυν
3386 5641 3485 5711 ἁρ-

1912 5724 2098 5795 γύριον
2138 5726 2218 5787 εἰς
2241 5725 2339 5789 τὰς
2364 5725 2473 5779 τῶν
2510 5727 2758 5795 πενήτων
2788 5730 2974 5799 χεῖρας
2992 5769 3006 5793 ,
3047 5730 3141 5783 καὶ
3169 5730 3486 5801 ἀπόσμςηξον

1910 5812 2011 5877 τὰς
2043 5813 2263 5884 κηλῖδας
2306 5814 2551 5883 ἐκείνας,
2585 5815 2672 5869 ἵνα
2724 5816 2862 5887 μετά
2896 5818 3205 5892 παρρησίας
3251 5818 3486 5887 καλέσῃς

3042 5938 3118 5999 19
