4020 6370
550 329 652 386 301

553 441 868 512 αἰτούμενος
890 441 982 496 τὸν
1005 440 1301 513 δυνάμενόν
1324 459 1407 495 σοι
1431 440 1600 496 ταῦτα
1624 442 1928 512 ἀφεῖναιτά
1952 446 2127 517 ἀμαρ-

553 529 787 600 τήματα.
828 528 923 579 Ἂν
963 527 1021 579 ἐν
1064 526 1320 596 συνηθείᾳ
1353 527 1699 601 καταστήσῃς
1733 529 1925 582 σαυτὸν
1964 531 2127 600 μηδέ·
2157 582 2188 605 Δ,

554 626 683 663 ποτε
713 611 880 680 χωρὶς
903 609 1269 680 ἐλεημοσύνης
1289 609 1399 661 τῶν
1428 610 1588 681 ἱερῶν
1615 611 1817 663 τούτων
1841 612 2126 683 προθύρων

554 692 875 755 ἐπιϐαίνειν,
904 694 1179 755 οὐδέποτε,
1214 693 1336 746 οὔτε
1363 693 1523 758 ἑκὼν,
1550 693 1674 747 οὐτε
1700 694 1868 759 άκων,
1897 695 2127 766 ὐστερή-

555 796 669 842 σεις
700 777 802 847 τῆς
854 778 1027 849 καλῆς
1060 778 1263 850 ταύτης
1320 778 1617 849 ἐργασίας,
1667 777 1908 832 τοιοῦτον
1950 778 2059 850 7&9
2090 781 2125 851 ή

554 862 833 933 συνήθεια.
872 862 983 914 Καὶ
1012 861 1200 933 ῶσπερ
1236 856 1331 915 οὖν
1363 862 1471 923 ἀεὶ,
1505 862 1604 915 ὅτι
1628 857 1721 915 οὖν
1742 862 1971 930 γένοιτο,
1998 880 2126 933 χερ-

556 947 641 999 σὶν
667 945 913 1008 ἀνίπτοις
948 946 1047 1015 οὐχ
1091 946 1380 1015 ὑπομένεις
1413 945 1702 1013 εὐξασθαι,
1734 946 1923 1016 ἐπειδὴ
1961 947 2126 999 κατέ-

555 1046 690 1100 στης
718 1031 799 1093 εἰς
827 1029 1115 1100 συνήθειαν
1149 1030 1295 1095 ἅπαξ
1316 1047 1331 1061 ·
1365 1029 1508 1083 οὕτω
1537 1032 1630 1083 καὶ
1655 1030 1749 1083 ἐπὶ
1773 1030 1871 1100 τῆς
1897 1030 2126 1101 ἐλεημο-

554 1113 755 1183 σύνης,
784 1112 853 1166 ἂν
897 1113 1085 1168 τοῦτον
1120 1114 1302 1184 σαυτῷ
1352 1113 1619 1186 ἐπιθήσῃς
1658 1113 1749 1167 τὸν
1794 1113 1991 1184 νόμον,
2032 1116 2127 1168 καὶ

554 1196 697 1251 ἐκὼν
753 1197 850 1250 καὶ
895 1198 1044 1251 ἄκων
1095 1198 1256 1252 αὐτὸν
1306 1198 1427 1251 καθ’
1482 1199 1716 1268 ἐκάστην
1747 1198 2127 1271 ἐκπληρώσεις

554 1281 769 1353 ἡμέραν
808 1279 914 1334 ὑπὸ
958 1282 1056 1352 τῆς
1087 1281 1373 1353 συνηθείας
1406 1282 1714 1353 ἑλκόμενος.

624 1438 745 1511 Πῦρ
798 1441 945 1492 ἐστιν
993 1440 1027 1509 ή
1075 1437 1241 1509 εὐχὴ,
1278 1438 1508 1508 μάλιστα
1549 1439 1677 1492 ὅταν
1709 1440 1817 1493 ἀπὸ
1852 1440 2128 1513 νηφούσης

554 1528 651 1581 καὶ
672 1525 1102 1597 διεγηγερμένης
1126 1525 1513 1595 ἀναπέμπηται
1540 1526 1715 1595 ψυχῆς
1732 1544 1743 1554 ·
1767 1526 1901 1580 ἀλλά
1927 1528 1988 1581 τὸ
2017 1526 2128 1598 πῦρ

554 1611 712 1665 τοῦτο
740 1612 833 1665 καὶ
862 1610 1040 1663 ἐλαίου
1076 1609 1280 1672 δεῖται,
1316 1609 1401 1661 ἵνα
1446 1608 1625 1663 αὐτῶν
1656 1610 1860 1680 ἅψηται
1901 1610 2010 1664 τῶν
2038 1613 2129 1665 οὐ-

558 1698 758 1767 ρανίων
809 1695 1047 1765 ἀψίδων·
1093 1694 1270 1748 ἔλαιον
1321 1694 1377 1747 δὲ
1413 1694 1507 1747 τοῦ
1542 1694 1713 1765 πυρὸς
1756 1695 1947 1749 τούτου
1977 1697 2128 1750 οὐδὲν

554 1780 741 1850 ἕτερόν
772 1781 921 1832 ἐστιν
945 1822 957 1840 ,
990 1777 1105 1832 ἀλλ’
1132 1778 1165 1849 ἢ
1206 1776 1561 1848 ἐλεημοσύνη.
1606 1778 1818 1849 Ἐπίχεε
1860 1780 2036 1833 τοίνυν
2067 1779 2130 1833 τὸ

554 1862 730 1916 ἐλαιον
769 1862 1017 1933 δαψιλὲς,
1054 1862 1141 1915 ἴνα
1191 1862 1614 1933 εὐφραινόμενος
1673 1862 1766 1913 ἐπὶ
1816 1862 1894 1933 τῷ
1929 1880 2127 1931 κατορ-

551 1946 789 2018 θώματι,
806 1946 944 2015 μετά
964 1946 1277 2018 παρρησίας
1299 1945 1541 2009 πλείονος
1565 1946 1658 1998 καὶ
1682 1945 1988 2018 προθυμίας
2010 1947 2126 2017 μεί-

553 2029 704 2094 ζονος
737 2030 835 2093 τὰς
861 2029 1025 2100 εὐχάς
1055 2046 1149 2083 σου
1185 2028 1459 2099 ἐπιτελῇς.
1498 2030 1705 2100 Ὥσπερ
1735 2028 1843 2099 7&9
1879 2032 1929 2082 οἰ
1961 2030 2127 2100 μηδὲν

552 2114 765 2179 ἑαυτοῖς
792 2114 1094 2179 συνειδότες
1119 2112 1355 2189 ἀγαθὸν,
1380 2113 1500 2168 οὐδέ
1532 2112 1791 2179 εὐξασθαι
1817 2115 1953 2183 μετὰ
1980 2117 2095 2187 παρ
2111 2142 2128 2157 ο

560 2382 938 2400 ἡ

1209 332 1266 388 S.
1302 332 1589 389 JOANNIS
1620 331 2118 391 CHRYSOSTOMI
2156 331 2481 395 ARCHIEP.
2523 339 3075 397 CONS’I‘ANTINOP.

3690 327 3798 383 ωε

2227 443 2422 516 ρησίας
2445 441 2733 505 δύνανται,
2781 439 2955 503 οὕτως
2981 440 3031 492 οἰ
3084 437 3525 510 κατορθώσαντες
3584 458 3673 503 τι,
3703 443 3802 497 καὶ

2229 526 2368 599 μετὰ
2386 526 2484 597 τήν
2514 524 2861 595 δικαιοσύνην
2886 524 3099 595 ἐκείνην
3130 524 3221 576 ἐπὶ
3254 522 3352 593 τὴν
3380 525 3543 595 εὐχὴν
3574 526 3801 597 ἐρχόμε-

2232 627 2344 675 νοι,
2384 611 2451 679 τῇ
2513 609 2703 681 μνήμῃ
2755 606 2850 661 τοῦ
2904 606 3327 678 κατορθώματος
3363 610 3801 680 εὐφραινόμενοι.

2228 692 2366 763 μετά
2395 692 2641 756 πλείονος
2669 693 2770 763 τῆς
2813 693 3123 762 προθυμίας
3169 692 3447 746 ποιοῦνται
3485 694 3586 763 τὴν
3622 696 3800 765 ίκετη-

2228 777 2369 848 ρίαν.
2413 778 2512 830 Ἵν’
2545 772 2641 830 οὖν
2686 776 2956 830 καὶκατὰ
3001 775 3160 829 τοῦτο
3206 777 3549 849 δυνατωτέρα
3581 779 3715 848 ήμῖν
3764 780 3805 847 ἢ

2226 861 2361 932 εὐχὴ
2387 861 2634 931 γένηται,
2655 860 3038 932 γρηγορούσης
3064 863 3196 931 ἡμῖν
3216 862 3316 931 τῆς
3342 862 3578 927 διανοίας
3602 865 3661 916 ἐν
3683 866 3803 923 ταῖς

2226 947 2475 1019 δεήσεσιν
2504 947 2611 1000 ἀπὸ
2631 947 2731 1016 τῆς
2761 946 2866 999 τῶν
2892 946 3333 1017 κατορθωμάτων
3367 950 3588 1018 μνήμης
3610 988 3625 1009 .
3659 951 3804 1018 μετὰ

2226 1032 2327 1103 τῆς
2359 1032 2483 1103 ἐλεη
2494 1031 2729 1101 μοσύνης
2763 1030 2857 1083 ἐπὶ
2885 1031 2985 1093 τὰς
3017 1030 3182 1100 εὐχάς
3214 1031 3526 1103 ἐρχώμεθα,
3551 1032 3647 1084 καὶ
3673 1049 3805 1102 μνη.

2230 1116 2545 1187 μονεύωμεν
2575 1116 2713 1186 μετὰ
2742 1113 3025 1186 ἀκριϐείας
3050 1114 3266 1168 ἅπαντα
3295 1115 3362 1167 τά
3382 1114 3647 1185 εἰρημένα
3668 1130 3683 1143 ·
3709 1116 3811 1172 καὶ

2228 1201 2337 1272 πρό
2383 1217 2446 1269 γε
2476 1200 2585 1254 τῶν
2608 1198 2782 1254 ἀλλων
2814 1198 3067 1252 ἁπάντων
3096 1197 3312 1268 ἐκείνην
3363 1215 3453 1267 μοι
3486 1197 3585 1268 τὴν
3614 1198 3804 1250 εἰκόνα

2228 1286 2533 1355 διατηρεῖτε
2584 1281 2847 1355 διηνεκῶς
2871 1322 2886 1345 ,
2931 1280 3053 1335 καθ’
3084 1281 3150 1351 ἠν
3183 1276 3336 1334 εἷπον
3381 1282 3507 1344 τοὺς
3562 1281 3802 1349 πένητας

2228 1368 2335 1439 πρὸ
2359 1366 2465 1420 τῶν
2489 1364 2666 1437 θυρῶν
2694 1365 2915 1418 ἑστάναι
2944 1363 3053 1417 τῶν
3076 1363 3378 1435 εὐκτηρίων
3399 1365 3582 1428 οἴκων,
3599 1364 3810 1433 ταύτην

2228 1453 2322 1505 ἐπὶ
2358 1450 2457 1520 τῆς
2505 1449 2684 1520 ψυχῆς
2716 1445 3153 1519 ἀναπληροῦντες
3200 1447 3300 1517 τὴν
3340 1447 3529 1517 χρείαν
3555 1489 3569 1513 ,
3612 1447 3682 1515 ἣν
3714 1447 3806 1500 ἐπὶ

2230 1533 2324 1589 τοῦ
2359 1534 2609 1605 σώματος
2661 1535 2695 1603 ή
2729 1533 2924 1602 κρήνη.
2959 1533 3057 1585 "Av
3101 1530 3210 1600 7&9
3250 1530 3408 1583 τοῦτο
3441 1524 3592 1599 ὦμεν
3629 1528 3806 1601 διηνε-

2231 1617 2341 1682 κῶς
2367 1616 2703 1689 μεμνημένοι
2724 1655 2739 1679 ,
2768 1612 3007 1685 συνεχῶς
3051 1613 3472 1685 ἀπονιπτόμενοι
3520 1614 3611 1667 τὸν
3659 1614 3805 1681 λογι-

2233 1703 2390 1772 σμὸν,
2425 1700 2672 1771 καθαρὰς
2703 1701 2801 1771 μὲν
2826 1698 3170 1771 δυνησόμεθα
3189 1698 3289 1762 τὰς
3316 1698 3482 1768 εὐχὰς
3509 1698 3804 1753 ἐπιτελεῖν.

2230 1784 2431 1856 πολλὴν
2459 1784 2514 1837 δὲ
2550 1782 2953 1837 ἐπισπάσασθαι
2988 1782 3139 1853 παρὰ
3178 1782 3272 1835 τοῦ
3296 1781 3432 1836 Θεοῦ
3459 1781 3559 1853 τὴν
3587 1784 3808 1853 παρῤη-

2228 1869 2371 1933 σίαν,
2406 1869 2500 1921 καὶ
2522 1867 2620 1937 τῆς
2658 1866 2934 1936 βασιλείας
2962 1865 3069 1919 τῶν
3103 1865 3347 1935 οὐρανῶν
3369 1868 3669 1935 ἐπιτυχεῖν,
3704 1868 3805 1934 χά-

2232 1968 2341 2023 ριτι
2367 1952 2460 2005 καὶ
2488 1950 2866 2021 φιλανθρωπίᾳ
2897 1949 2990 2002 τοῦ
3032 1949 3236 2020 Κυρίου
3262 1950 3417 2021 ήμῶν
3463 1948 3641 2018 Ἰησοῦ
3674 1948 3807 2019 Χριν

2231 2036 2359 2087 στοῦ
2385 2074 2399 2099 ,
2426 2028 2470 2103 ᾧ
2497 2037 2529 2104 ἡ
2572 2034 2702 2099 δόξα
2733 2032 2829 2087 καὶ
2860 2032 2920 2085 τὸ
2953 2033 3153 2103 κράτος
3184 2034 3264 2097 εἰς
3303 2035 3429 2096 τοὺς
3461 2033 3665 2097 αἰῶνας
3693 2033 3813 2087 τῶν

2230 2117 2462 2173 αἰώνων.
2506 2118 2700 2189 Ἀμήν.

1504 2626 1856 2688 MONITUM
1896 2628 1995 2688 AD
2032 2629 2407 2690 HOMILIAM
2448 2629 2525 2689 IN
2572 2626 2828 2701 ILLUD,

618 2820 839 2877 Nullam
870 2822 952 2879 vel
969 2822 1084 2880 'loci
1108 2824 1188 2879 vel
1218 2824 1475 2896 temporis
1500 2836 1685 2883 notam
1715 2844 1823 2898 pm
1847 2845 1905 2884 se
1936 2828 2039 2885 fert
2064 2831 2177 2887 hazc
2209 2832 2453 2889 homilia.
2487 2831 2592 2887 Sed
2618 2848 2648 2887 a
2683 2832 2832 2888 Pauli
2861 2832 3114 2889 laudibus
3140 2847 3301 2889 orsus
3325 2832 3786 2905 Chrysostomus,

558 2941 676 3011 eius
704 2942 952 3013 exemplo
975 2959 1247 3016 quemque
1268 2946 1427 3001 docet
1452 2946 1831 3002 abstinendum
1856 2963 2069 3019 semper
2104 2966 2225 3008 esse
2258 2968 2286 3007 a
2334 2954 2569 3023 propriis
2594 2954 2866 3020 laudibus,
2893 2962 3152 3023 quantum
3200 2952 3427 3008 facultas
3450 2954 3619 3021 ferat;
3653 2962 3707 3008 et
3736 2952 3788 3005 si

534 3060 794 3132 ‘quando,
821 3068 1045 3132 urgente
1068 3076 1223 3129 casu,
1250 3071 1487 3132 cogatur
1517 3063 1786 3135 quispiam
1818 3080 1889 3121 ea
1943 3081 2372 3125 commemorare
2415 3086 2539 3139 quae
2590 3071 2645 3125 in
2678 3086 2837 3127 suum
2878 3078 3094 3126 vertant
3144 3072 3429 3135 honorem,
3466 3071 3522 3124 id
3566 3086 3789 3126 summa

2298 3302 2513 3314 ——"*

1158 3443 1323 3518 139”
1361 3454 1536 3539 ΕΙΣ
1578 3452 1725 3536 ΤΟ
1781 3448 2585 3536 ΑΠΟΣΤΟΛΙΚΟΝ
2646 3452 3054 3546 ΡΗΤΟΝ,

1470 3642 1727 3711 Ὄφελον
1757 3639 2071 3711 ἅνέίχεσθέ
2087 3655 2210 3706 μου
2240 3634 2456 3706 μικρὸν
2488 3633 2562 3703 τῇ
2593 3635 2930 3705 ἀφροσύνῃ.

618 3973 688 4021 α’.
710 3966 993 4024 ’ῖΑπαντας
1022 3957 1120 4030 μέν
1143 3955 1282 4027 φιλῶ
1304 3954 1429 4019 τούς
1451 3952 1665 4021 ἁγίους,
1692 3950 1921 4023 μάλιστα
1943 3951 1999 4003 δὲ
2028 3947 2118 4003 τὸν

542 4052 818 4122 ,μακάριον
853 4042 1063 4098 Παῦλον
1082 4082 1098 4108 ,
1126 4041 1187 4094 τὸ
1214 4038 1404 4100 σκεῦος
1446 4037 1544 4108 τῆς
1585 4034 1833 4122 ἐκλογῆς,
1859 4034 1958 4122 τῂν
1990 4034 2118 4122 ad):-

548 4114 722 4203 Ῑπιγγα
769 4130 867 4201 τὴν
891 4126 1163 4198 οὐράνιον,
1204 4123 1295 4176 τὸν
1338 4120 1703 4203 νυμφαγωγὸν
1736 4117 1830 4170 τοῦ
1858 4114 2116 4203 ξριστοῦ.

547 4199 719 4273 Τοῦτο
762 4199 1025 4273 δέ-εἰπον,
1058 4208 1150 4262 καὶ
1198 4206 1257 4259 ὃν
1305 4204 1434 4275 περὶ
1473 4201 1632 4257 αὐτὸν
1674 4200 1850 4272 ἔρωτα
1879 4199 2007 4269 ἐχω,
2038 4199 2119 4263 εἰς

539 4301 713 4373 μέσον
740 4296 1025 4367 ἐξήνεγκα,
1056 4290 1145 4343 ἵνα
1175 4288 1269 4343 καὶ
1298 4287 1444 4357 ὑμᾶς
1485 4285 1771 4348 κοινωνοὺς
1795 4283 2005 4351 ποιήσω
2022 4281 2116 4335 τοῦ

547 4365 791 4455 φίλτρου.
823 4365 891 4432 Ἵυί
928 4378 1023 4447 μὲν
1054 4373 1163 4443 γὰρ
1199 4372 1290 4455 τδν
1324 4369 1631 4455 σωματικὸν
1679 4366 1855 4455 ἐρωτα
1885 4365 2118 4455 ἐρῶντες

542 4450 771 4528 εἰκότως
792 4460 1135 4532 αἰσχύνονται
1163 4450 1464 4526 ὁμολογεῖν,
1493 4452 1589 4506 ἆτε
1618 4453 1711 4505 καὶ
1732 4450 1955 4513 ἐαυτούς
1982 4467 2116 4503 κατ-

546 4549 916 4621 αισχύνοντες,
970 4541 1064 4597 καὶ
1098 4540 1224 4621 τούς
1255 4537 1551 4621 ἀκούοντας
1587 4534 1909 4621 βλάπτοντες
1931 4536 2031 4621 ’-οἰ
2058 4532 2116 4585 δέ

544 4615 1057 4700 τδνπνευματικδν,
1091 4620 1360 4693 μηδέποτε
1408 4617 1792 4689 ὁμολογοῦντες
1834 4615 2115 4700 παυέσθω-

548 4736 649 4773 σαν
668 4734 682 4748 °
705 4699 817 4768 καί
847 4710 958 4781 γὰρ
980 4707 1078 4762 καὶ
1106 4705 1332 4766 ἐαυτούς
1367 4704 1462 4755 καὶ
1487 4702 1613 4764 τούς
1649 4700 1940 4763 ἀκούοντας
1971 4699 2115 4768 ὠφε-

544 4799 700 4855 λοῦσι
724 4796 811 4851 διὰ
838 4792 940 4863 τῆς
962 4788 1137 4859 καλῆς
1166 4786 1371 4856 ταύτης
1400 4783 1708 4855 ὁμολογίας.
1755 4782 1988 4845 Ἐκεῖνος
2018 4781 2116 4852 μὲν

547 4886 655 4953 γὰρ
680 4884 709 4935 ό
745 4879 883 4949 ἔρως
900 4862 1177 4953 ἔγκλημα,
1205 4864 1358 4953 οὗτος
1380 4865 1726 4953 δέᾃέγκώμιογ
1744 4881 1759 4897 ·
1786 4865 1987 4953 ἐκεῖνος
2020 4862 2116 4935 μὲν

547 4943 720 5027 πάθος
753 4943 928 5032 ψυχῆς
951 4943 954 4944 ν
975 4951 1396 5024 διαϐεϐλημένον
1442 4949 1589 5003 ἐστὶν
1613 4988 1627 5013 ,
1656 4943 1807 5032 οὗτος
1838 4948 1893 5032 δέ
1923 4946 2117 5016 εὐφρο-

549 5048 685 5116 σύνη
710 5028 906 5114 ψοχῆής,
964 5040 1058 5113 κθ,
1086 5034 1438 5105 ’ἀγαλλίαμα,
1469 5031 1586 5116 καὶ
1613 5028 1830 5116 ῌκόσμος
1862 5030 2082 5116 ἄριστος
2098 5043 2112 5058 ’

547 5113 756 5191 ἐκεῖνος
787 5113 998 5194 εἰσάγει
1050 5121 1281 5189 πόλεμον
1311 5118 1391 5180 εἰς
1427 5115 1525 5187 τὴν
1572 5113 1678 5166 τῶν
1729 5113 1972 5184 ἐρώντων
2003 5113 2117 5167 διά-

548 5229 719 5272 νοιαν,
749 5202 903 5271 οὗτος
930 5207 1023 5262 καὶ
1060 5205 1150 5258 τὸν
1184 5204 1313 5255 ὄντα
1348 5197 1581 5268 πόλεμον
1613 5194 1883 5259 ἐκϐάλλει,
1929 5196 2022 5249 καὶ
2058 5197 2117 5249 ἐν

553 5297 744 5366 εἰρήνῃ
766 5292 932 5362 πολλῇ
959 5291 1084 5352 τοὺς
1110 5287 1351 5359 ἐρῶντας
1380 5280 1688 5349 καθίστησι.
1725 5279 1992 5334 Κάκεῖθεν
2024 5281 2122 5352 μέν

547 5374 701 5427 σύδέν
730 5370 919 5440 ὄφελος
957 5368 1187 5437 γίνεται,
1212 5363 1350 5418 ἀλλά
1376 5361 1469 5415 καὶ
1503 5358 1669 5429 πολλὴ
1708 5357 1878 5429 ζημία
1905 5358 2125 5430 χρημά-

548 5474 659 5511 των
704 5454 797 5509 καί
828 5451 1041 5520 δαπάνη
1084 5466 1169 5513 τις
1206 5446 1455 5516 ἀνόητος,
1499 5442 1594 5495 καὶ
1623 5441 1768 5510 ζωῆς
1812 5442 2123 5513 ἀνατροπὴ,

551 5541 649 5596 καὶ
680 5534 868 5591 οἰκιῶν
918 5532 1201 5602 ὁλόκληροι
1228 5525 1549 5598 διαφθοραί·
1581 5522 1833 5577 ἐντεῦθεν
1866 5523 1923 5576 δέ
1953 5522 2120 5588 πολὺς

554 5627 586 5679 ό
610 5620 845 5683 πλοῦτος
878 5618 999 5683 τῶν,
1032 5612 1494 5683 κατορθωμάτων,
1534 5606 1701 5676 πολλὴ
1747 5612 1781 5677 ή
1836 5606 2122 5678 περιουσία

551 5707 649 5779 τῆς
684 5705 902 5777 ἀρετῆς.
950 5698 1093 5771 Πρὸς
1122 5697 1177 5750 δέ
1210 5698 1321 5760 τοῖς
1352 5692 1686 5779 εἰρημένοις,
1719 5691 1768 5779 οἰ
1809 5690 1907 5759 μὲν
1927 5690 2124 5779 *σωμά-

553 5773 660 5846 των
684 5773 972 5859 εὐμόρφων
1001 5784 1252 5856 ἐρῶντες,
1295 5781 1387 5835 καὶ
1426 5776 1559 5848 πρὸς
1598 5774 1697 5838 τὰς
1725 5773 1980 5845 λαμπρὰς
2012 5774 2120 5831 τῶν

2218 3949 2392 4018 δψεων
2430 3949 2738 4020 κεχηνότες,
2777 3948 2845 4004 ἂν
2897 3940 3032 4002 ῶσιν
3089 3946 3305 4018 αἰσχροὶ
3360 3948 3454 4000 καὶ
3502 3947 3802 4011 δυσειδεΐς,

2216 4033 2369 4087 οὐδὲν
2419 4034 2483 4086 ὲκ
2513 4032 2613 4103 τῆς
2640 4032 2863 4085 ἐκείνων
2900 4028 3194 4101 ἐπιθυμίας
3235 4030 3317 4092 εἰς
3343 4030 3667 4101 ἀπαλλαγὴν
3699 4031 3805 4099 τῆς

2216 4115 2421 4178 οἰκείας
2444 4114 2815 4185 κερδαίνουσιν
2848 4112 3144 4185 ἀμορφίας,
3168 4113 3304 4166 ἀλλά
3335 4114 3427 4165 καὶ
3453 4115 3805 4183 αἰσχρότεροι

2217 4197 2492 4268 κρίνονται
2530 4197 2626 4249 καὶ
2648 4196 3038 4267 εἰδεχθέστεροι
3058 4213 3072 4226 ο
3107 4196 3201 4249 ἐπὶ
3230 4194 3287 4248 δέ
3322 4194 3415 4249 τοῦ
3438 4195 3644 4265 ἔρωτος
3672 4195 3807 4248 τού-

2217 4297 2314 4333 του
2339 4279 2647 4333 τούναντίον
2674 4278 2843 4333 ἆπαν.
2893 4278 2951 4331 '0
2983 4278 3092 4349 7&9
3118 4278 3296 4349 ψυχῆς
3325 4278 3484 4345 ἀγίας
3512 4278 3677 4347 ἐρῶν,
3708 4279 3807 4330 καὶ

2216 4362 2515 4433 εὐμόρφου,
2547 4362 2642 4415 καὶ
2667 4361 2949 4433 λαμπρᾶς,
2974 4358 3069 4414 καὶ
3098 4360 3476 4431 περικαλλοῦς,
3506 4362 3614 4413 κᾶν
3638 4360 3807 4421 αὐτὸς

2216 4446 2439 4516 αἰσχρὸς
2486 4441 2521 4519 ᾗ
2562 4444 2656 4497 καὶ
2704 4443 2974 4513 δυσειδής,
3031 4440 3133 4496 κᾶν
3188 4444 3444 4496 ἁπάντων
3497 4442 3808 4514 ἀνθρώπων

2217 4528 2518 4599 αἴσχιστος,
2570 4526 2824 4598 ἐμμένων
2858 4526 2935 4596 τῷ
2982 4526 3143 4597 ἔρωτι
3187 4526 3298 4579 τῶν
3350 4524 3543 4599 άγίων,
3591 4527 3808 4594 ταχέως

2214 4588 2369 4666 ἔσται
2401 4588 2661 4674 τοιοῦτός,
2694 4603 2807 4673 οἷος
2838 4610 2867 4662 ό
2902 4588 3195 4680 ἐρώμενος.
3233 4588 3484 4679 Καὶθγάρ
3517 4588 3615 4662 καὶ
3640 4588 3809 4661 τοῦτο

2214 4696 2315 4766 τῆς
2350 4694 2444 4749 τοῦ
2489 4691 2625 4748 Θεοῦ
2670 4692 3078 4763 φιλανθρωπίας
3129 4691 3309 4761 ἔργον,
3368 4692 3428 4743 τὸ
3490 4690 3657 4761 σῶμα
3708 4691 3810 4759 μὲν

2215 4780 2459 4849 ἄμορφον
2523 4777 2616 4830 καὶ
2653 4775 3052 4847 πεπηρωμένον
3102 4775 3177 4845 μὴ
3225 4774 3487 4827 δύνασθαι
3530 4773 3809 4843 διορθοῦν,

2214 4861 2392 4931 ψυχὴν
2421 4861 2478 4914 δέ
2508 4859 2741 4930 αἰσχρὰν
2771 4857 2866 4912 καὶ
2880 4857 3095 4927 δυσειδῆ
3133 4856 3389 4910 δύνασθαι
3412 4855 3680 4929 λαμπρὰν
3715 4857 3811 4908 καὶ

2217 4942 2516 5015 περικαλλῆ
2548 4941 2744 4995 ποιεῖν.
2783 4941 2916 4994 Ἀπὸ
2947 4941 3056 5011 7&9
3081 4941 3181 5009 τῆς
3209 4939 3516 5009 εὐμορφίας
3543 4938 3645 5006 τῆς
3670 4937 3804 4990 ὲκεί-

2216 5043 2310 5080 νου
2359 5025 2512 5079 οὐδὲν
2564 5025 2629 5079 ἂν
2658 5025 2869 5093 γένοιτο
2905 5022 3127 5092 κέρδος⁸
3171 5022 3277 5076 ἀπὸ
3319 5022 3378 5075 δὲ
3420 5021 3518 5074 τοῦ
3571 5019 3811 5082 κάλλους

2216 5110 2313 5163 τοῦ
2343 5109 2545 5178 ταύτης
2564 5107 2805 5162 τοσαῦτα
2837 5106 3015 5171 ἔξεστι
3039 5104 3436 5174 καρπώσασθαι
3466 5103 3677 5172 ἀγαθὰ,
3708 5104 3813 5156 ὅσα

2221 5191 2372 5265 [292]
2406 5191 2550 5255 εἰκὸς
2576 5190 2877 5260 κεκτῆσθαι
2908 5189 2998 5242 τὸν
3036 5187 3269 5260 ἐραστὴν
3301 5187 3495 5256 ἔχοντα
3524 5186 3616 5238 τὸν
3650 5185 3814 5239 Θεὸν.

2222 5276 2359 5346 Περὶ
2387 5274 2589 5345 ταύτης
2626 5274 2725 5342 τῆς
2758 5272 3064 5342 εὐμορφίας
3100 5272 3193 5324 καὶ
3230 5272 3259 5323 ὁ
3287 5268 3453 5322 Δαυῒδ
3481 5271 3537 5321 ἐν
3567 5268 3816 5337 ψαλμοῖς

2224 5358 2386 5429 ᾅδων,
2419 5359 2746 5421 Ἄκουσον,
2786 5356 2940 5425 φησί,
2967 5355 3239 5422 θύγατερ,
3268 5353 3365 5406 καί
3398 5351 3511 5414 ῑδε,
3546 5350 3649 5403 καὶ
3683 5353 3815 5405 κλῖ-

2225 5460 2336 5498 νον
2359 5441 2427 5495 τὸ
2448 5435 2558 5507 οὖς
2583 5457 2721 5503 σου,
2751 5438 2853 5492 καὶ
2890 5436 3180 5492 ἐπιλάθου
3201 5436 3311 5490 τοῦ
3348 5434 3507 5491 λαοῦ
3545 5449 3675 5487 σου
3715 5434 3818 5486 καί

2226 5525 2330 5581 τοῦ
2359 5524 2531 5579 οικου
2557 5522 2663 5577 τοῦ
2686 5522 2910 5589 πατρός
2947 5537 3084 5585 σου,
3120 5520 3219 5574 καί
3249 5518 3610 5588 ἐπιθυμήσει
3634 5520 3673 5570 ὁ
3697 5518 3810 5581 βα-

2223 5606 2436 5671 σιλεὺς
2467 5605 2575 5660 τοῦ
2602 5603 2870 5669 κάλλους
2902 5619 3020 5657 σου
3041 5620 3054 5632 ·
3095 5603 3292 5667 κάλλος
3339 5598 3572 5654 ἐνταῦθα
3629 5599 3817 5665 λέγων

2224 5692 2286 5745 τὸ
2315 5692 2455 5745 κατὰ
2481 5689 2677 5761 ψυχὴν,
2718 5688 2855 5757 ὅπερ
2881 5687 2946 5740 δι’
2977 5687 3176 5757 ἀρετῆς
3210 5686 3304 5740 καὶ
3349 5681 3643 5746 εὐλαϐείας
3694 5700 3818 5738 συν-

2231 5775 2460 5829 ἰσταται.
