4020 6370
241 390 338 448 '5'."

237 520 366 561 cum
399 503 688 560 consessui
712 503 1011 573 intersunt,
1046 522 1159 563 rem
1185 507 1369 578 populi
1392 506 1809 565 administrant:

239 613 344 668 pro
366 597 455 654 his
468 597 726 655 omnibus
740 598 960 655 accedis
973 598 1141 655 Deum
1159 608 1506 664 exoraturus,
1520 610 1575 656 et
1596 600 1810 656 veniam

232 690 530 760 petiturus.
549 688 692 762 Ergo
729 690 798 745 da
818 692 1107 761 pecuniam
1127 693 1183 747 in
1201 707 1395 747 manus
1418 707 1737 763 pauperum,
1758 700 1813 749 et

232 782 494 853 absterge
509 782 634 838 illas
651 784 915 848 maculas,
942 792 1003 838 ut
1025 799 1146 838 cum
1164 783 1358 840 fiducia
1373 786 1592 841 invoces
1611 800 1811 855 rogans

231 872 394 928 illum
428 873 525 944 qui
562 882 745 943 potest
778 875 895 931 haec
934 876 1034 933 tibi
1074 885 1298 948 peccata
1331 878 1630 934 remittere.
1671 878 1729 932 Si
1758 884 1812 933 te

231 963 605 1022 assuefeceris
644 982 945 1038 numquam
981 970 1101 1025 sine
1141 970 1482 1041 eleemosyna
1511 984 1668 1026 sacra
1697 970 1812 1024 haec

229 1054 512 1110 veStihula
552 1057 782 1122 intrare,
808 1072 910 1113 nec
947 1066 1165 1129 sponte,
1218 1058 1426 1115 invitus
1460 1073 1719 1129 umquam
1744 1058 1814 1113 ab

229 1144 344 1200 hoc
368 1143 517 1200 bono
546 1159 712 1217 opere
738 1148 1080 1207 abstinebis:
1111 1156 1323 1205 tantum
1347 1151 1493 1205 valet
1514 1157 1814 1206 consuetu-

216 1234 315 1289 do.
346 1234 416 1289 Et
431 1236 569 1291 sicut
589 1236 1086 1307 quomodocumque
1104 1252 1164 1293 se
1182 1250 1270 1292 res
1296 1235 1506 1303 habeat,
1525 1251 1811 1306 numquam

214 1326 458 1382 sustines
502 1326 662 1382 illotis
703 1326 949 1383 manibus
990 1326 1225 1398 precari,
1257 1334 1601 1398 posteaquam
1644 1327 1813 1383 semel

216 1422 662 1479 consuetudinem
683 1421 820 1479 hanc
834 1425 1120 1493 usurpasti,
1140 1424 1208 1478 ita
1226 1423 1385 1478 etiam
1406 1423 1462 1477 in
1477 1423 1814 1495 eleemosyna

216 1517 268 1571 si
297 1515 435 1572 hanc
464 1515 637 1586 legem
670 1515 764 1571 tibi
796 1515 1107 1585 praaiixeris,
1144 1516 1330 1571 volens
1358 1516 1549 1571 nolens
1577 1514 1815 1586 quotidie

216 1608 371 1664 illam
413 1608 676 1678 implebis,
722 1608 837 1679 ipsa
863 1607 1247 1665 consuetudine
1271 1608 1337 1663 ad
1367 1608 1471 1664 hoc
1496 1616 1811 1679 pertractus.

296 1700 536 1757 Precatio
579 1719 693 1756 cum
739 1702 856 1771 igne
896 1702 1101 1756 collata.
1131 1732 1203 1743 —
1229 1701 1370 1773 Ignis
1414 1710 1496 1757 est
1539 1702 1811 1772 precatio,

220 1793 495 1861 praecipue
519 1808 639 1848 cum
669 1808 700 1847 a
728 1791 979 1863 vigilante
1007 1802 1061 1860 et
1086 1794 1262 1850 sobria
1305 1802 1483 1849 mente
1523 1793 1816 1863 proﬁcisci-

221 1894 313 1936 tur
344 1900 357 1936 :
391 1881 485 1937 sed
529 1882 666 1953 ignis
692 1882 793 1939 iste
832 1897 966 1952 opus
995 1882 1157 1939 habet
1198 1884 1340 1949 oleo,
1370 1892 1429 1938 ut
1451 1883 1518 1938 ad
1546 1883 1658 1953 ipsa
1698 1883 1813 1938 cadi

222 1990 465 2029 convexa
513 1975 829 2045 perveniat:
858 1985 1112 2032 caeterum
1158 1976 1355 2043 oleum,
1400 1991 1508 2047 quo
1544 1974 1682 2047 ignis
1728 1974 1817 2031 hic

221 2066 471 2131 fovetur,
515 2082 620 2122 non
665 2068 808 2122 aliud
851 2076 935 2122 est
978 2083 1135 2138 quam
1184 2068 1543 2139 eleemosyna.
1590 2066 1816 2122 Aliunde

219 2157 386 2227 igitur
410 2158 586 2213 oleum
615 2161 717 2215 hoc
744 2160 980 2230 largiter,
1007 2168 1063 2214 ut
1086 2159 1417 2215 exhilaratus
1441 2158 1543 2215 hoc
1562 2167 1653 2213 tuo
1672 2164 1813 2213 bono

812 386 903 445 DE
943 386 1188 446 VERBIS
1214 388 1576 457 APOSTOLI,
1603 383 1852 448 UTINAM
1889 382 2379 443 SUSTINERETIS
2416 384 2745 455 MODICUM,
2784 385 2940 444 E'I‘C.

3391 377 3500 436 50‘]

1913 515 2099 570 opere,
2129 514 2251 557 cum
2295 501 2498 572 majore
2526 501 2799 556 alacritate
2838 500 3198 571 precationem
3228 502 3371 550 tuam
3400 492 3500 547 ah-

1911 592 2109 646 solvas.
2155 588 2305 648 Sicut
2344 593 2485 646 enim
2533 592 2621 662 qui
2664 590 2861 659 nullius
2908 588 3060 643 bonae
3109 587 3187 643 rei
3233 584 3335 641 sibi
3377 591 3501 638 sunt

1912 684 2133 752 conscii,
2167 684 2306 740 nulla
2348 699 2469 739 cum
2517 682 2707 739 ﬁducia
2750 683 2958 754 precari
3002 687 3266 752 possunt:
3296 676 3367 737 ita
3410 681 3503 744 qui

1914 778 2052 835 bene
2080 778 2280 849 aliquid
2327 770 2572 848 egerunt,
2600 788 2654 833 et
2682 786 2802 848 post
2829 778 2926 830 ista
2975 789 3137 843 Opera
3178 770 3243 827 ad
3270 784 3502 839 precan-

1913 873 2039 928 dum
2069 886 2130 928 se
2173 871 2472 936 conferunt,
2503 871 2610 926 lacti
2647 868 3014 926 recordatione
3044 866 3179 922 bene
3204 872 3499 935 gestorum,

1913 963 2116 1032 majore
2140 977 2261 1018 cum
2288 961 2563 1017 alacritate
2587 960 3027 1032 supplicationem
3052 971 3204 1012 suam
3244 952 3499 1009 offerunt.

1915 1053 1985 1110 Ut
2014 1055 2177 1125 igitur
2217 1053 2317 1110 hac
2358 1069 2570 1125 quoque
2612 1060 2765 1123 parte
2806 1047 3139 1106 efﬁcaciores
3177 1049 3286 1103 sint
3312 1058 3502 1116 preces

1915 1154 2133 1213 nostras,
2162 1145 2415 1201 nimirum
2456 1153 2637 1200 mente
2665 1158 2762 1214 per
2799 1139 3164 1198 beneﬁcentiae
3187 1136 3503 1193 memoriam

1915 1239 2163 1302 excitata,
2190 1252 2311 1293 cum
2339 1238 2677 1308 eleemosyna
2706 1235 2772 1290 ad
2799 1232 3123 1305 precandum
3160 1226 3501 1285 accedamus.

1915 1338 1969 1386 et
1997 1325 2281 1402 diligenter
2308 1330 2483 1385 omnia
2528 1344 2646 1399 qute
2674 1325 2814 1383 dicta
2844 1334 2968 1381 sunt
3009 1324 3063 1378 in
3093 1320 3350 1377 memoria
3378 1333 3507 1372 rett-

1917 1438 2159 1489 neamus,
2199 1430 2255 1478 et
2283 1431 2408 1477 ante
2435 1421 2613 1475 omnia
2658 1418 2803 1474 illam
2848 1429 3139 1487 pauperum
3180 1410 3502 1480 imaginem,

1917 1529 2020 1585 qua
2049 1528 2143 1569 eos
2170 1508 2279 1568 dixi
2304 1526 2403 1583 pro
2434 1511 2637 1566 foribus
2660 1508 2881 1565 oratorii
2921 1505 3237 1570 consistere,
3271 1500 3499 1572 idipsum

1917 1606 1973 1661 in
2002 1606 2193 1661 anima:
2222 1618 2376 1660 usum
2418 1611 2754 1675 praestantes,
2784 1597 2927 1672 quod
2970 1596 3025 1653 in
3065 1594 3305 1667 corporis
3348 1605 3505 1647 usum

1918 1698 2041 1755 fons
2064 1697 2300 1755 exhibet.
2323 1696 2381 1754 Si
2408 1700 2548 1752 enim
2571 1695 2760 1749 horum
2788 1706 3055 1748 memores
3075 1688 3328 1744 continue
3351 1698 3506 1739 men-

1918 1796 2025 1844 tem
2054 1788 2399 1853 ahluerimus,
2427 1785 2717 1856 poterimus
2746 1791 2802 1838 et
2828 1796 2988 1852 puras
3018 1793 3204 1851 preces
3228 1776 3296 1831 ad
3326 1774 3503 1830 Domi-

1920 1896 2046 1936 num
2080 1878 2333 1951 allegare,
2362 1879 2581 1933 multam
2605 1875 2745 1946 apud
2775 1876 2939 1930 Deum
2966 1872 3208 1927 fiduciam
3236 1868 3504 1931 obtinere,

1919 1984 1975 2029 et
2023 1972 2237 2028 caeleste
2284 1985 2507 2041 regnum
2550 1971 2827 2039 consequi,
2872 1966 3039 2037 gratia
3082 1973 3138 2019 et
3181 1960 3508 2032 benignitate

1922 2062 2131 2119 Domini
2161 2065 2332 2119 nostri
2360 2062 2487 2117 Jesu
2512 2059 2732 2127 Christi,
2760 2057 2845 2115 cui
2870 2057 3037 2129 gloria
3062 2066 3116 2111 et
3140 2053 3422 2125 imperium
3449 2050 3506 2105 in

1921 2156 2116 2212 sarcula
2137 2155 2477 2211 saeculorum.
2504 2154 2697 2207 Amen.

731 2692 1026 2756 UTINAM
1066 2695 1609 2759 SUSTINERETIS
1648 2697 1992 2761 MODICUM
2035 2699 2216 2773 QUID
2255 2694 2732 2762 INSIPIENTIIE
2772 2698 2972 2762 MEIE.

234 2915 365 2957 cum
405 2903 777 2961 moderatione
804 2908 1172 2976 praestandum
1209 2923 1351 2965 esse.
1381 2908 1619 2981 ld.psum
1666 2926 1795 2968 vero
1837 2911 2125 2968 conﬁrmat
2156 2912 2407 2984 exemplo
2442 2912 2662 2969 Davidis
2697 2920 2753 2969 et
2804 2910 3075 2967 Samuelis
3103 2929 3117 2966 :
3150 2920 3205 2966 et
3244 2910 3379 2965 nihil
3408 2925 3473 2967 ve

236 3015 422 3073 obiter
445 3020 639 3091 tangit,
662 3035 770 3092 quo
801 3021 1097 3081 internosci
1125 3026 1301 3083 valeat
1330 3028 1703 3085 Antiochiame
1730 3045 1798 3084 an
1831 3028 2304 3099 Constantinopoli
2344 3030 2487 3137 hev
2517 3029 2831 3087 concionem
2867 3027 3140 3084 habuerit.

294 3153 797 3227 lnterpretationcm
818 3160 1009 3219 incerti
1025 3162 1331 3235 cujusdam,
1350 3179 1470 3237 quae
1487 3166 1668 3222 minus
1686 3165 1821 3222 bene
1836 3166 2163 3222 concinnata
2180 3174 2318 3232 erat,
2335 3180 2399 3222 ex
2405 3164 2721 3236 punximus,
2741 3178 3047 3235 novamque
3064 3162 3471 3219 adornavimus.

269 3421 875 3436 ———-——.——---—_-——

1370 3430 1954 3442 -—.--———___-‘__~——

1126 3631 1236 3704 IN
1289 3631 1513 3703 HOC
1561 3624 2078 3703 APOSTOLI
2120 3627 2560 3717 DICTUM,

591 3801 836 3846 UTINAM
879 3802 1327 3849 SUSTINERETIS
1363 3802 1658 3850 uomens:
1700 3803 1854 3856 QUID
1895 3800 2298 3845 msrrreurm
2339 3799 2491 3847 una:
2522 3780 2629 3863 (2.
2676 3781 2827 3845 Cor.
2860 3781 2957 3842 11.
2990 3780 3097 3861 1).

1521 3944 1774 3959 _

288 4058 340 4112 1.
378 4055 496 4112 Veri
530 4059 718 4112 amoris
746 4059 897 4114 ratio.
920 4090 991 4099 —
1018 4058 1217 4115 Omnes
1242 4060 1489 4130 equidem
1531 4077 1653 4117 amo
1681 4077 1804 4118 san-

208 4160 353 4215 ctos,
386 4151 620 4207 maxime
661 4167 788 4206 vero
832 4152 1044 4208 beatum
1085 4154 1327 4220 Paulum,
1357 4169 1452 4209 vas
1480 4155 1758 4211 electionis
1785 4199 1800 4222 ,

210 4243 399 4298 tubam
442 4242 734 4308 caelestem,
778 4242 974 4299 Christi
1022 4246 1341 4314 pronuhum.
1387 4244 1445 4300 ld
1487 4262 1616 4302 vero
1653 4246 1800 4315 dixi,

209 4348 508 4404 meumque
533 4348 657 4405 erga
700 4335 848 4389 illum
874 4350 1111 4391 amorem
1141 4336 1195 4391 in
1225 4336 1456 4392 medium
1496 4337 1711 4407 protuli,
1744 4345 1804 4392 ut

210 4425 461 4495 ejusdem
483 4441 578 4479 vos
606 4424 892 4496 participes
921 4425 1210 4483 efﬁcerem.
1241 4428 1374 4483 Nam
1399 4430 1487 4500 qui
1517 4442 1800 4501 corporum

207 4532 403 4572 amore
425 4516 669 4587 ﬂagrant,
699 4518 772 4584 id,
804 4531 858 4574 et
884 4520 1004 4590 jure
1027 4521 1260 4591 quidem,
1293 4523 1614 4578 erubescunt
1640 4522 1801 4592 proﬁ-

208 4612 333 4676 teri,
372 4618 556 4682 utpote
577 4611 665 4682 qui
710 4612 789 4667 sic
833 4622 888 4667 ct
925 4614 1027 4668 sibi
1072 4615 1353 4683 pudorem,
1397 4625 1452 4672 et
1478 4616 1685 4672 ctcteris
1711 4616 1804 4672 da-

206 4717 402 4757 mnum
446 4701 674 4758 inferant
705 4721 719 4758 :
747 4704 836 4774 qui
866 4720 992 4759 vero
1014 4706 1272 4776 spirituali
1297 4707 1485 4762 ardent
1506 4722 1708 4776 amore,
1749 4709 1802 4763 id

205 4796 369 4854 fateri
398 4812 685 4867 numquam
713 4807 929 4853 cessent
963 4817 976 4855 :
1007 4800 1203 4855 etenim
1243 4808 1297 4855 et
1324 4801 1422 4856 sibi
1448 4810 1504 4857 et
1543 4802 1803 4857 auditori-

206 4889 313 4944 bus
366 4889 482 4944 suis
528 4889 630 4944 hac
691 4890 910 4959 pulchra
970 4891 1307 4948 confessione
1349 4894 1662 4962 proderunt.
1710 4893 1804 4949 ille

209 4994 450 5050 namque
480 4994 633 5034 amor
669 4982 871 5036 crimen
899 4990 1001 5049 est,
1045 4981 1133 5037 hic
1160 4998 1289 5037 vero
1316 4982 1489 5038 laudis
1517 4998 1802 5054 argumen-

205 5082 326 5127 tum
352 5090 369 5128 :
398 5072 491 5128 ille
533 5082 594 5128 ut
632 5073 851 5129 morbus
892 5074 1085 5129 animae
1130 5075 1268 5131 male
1314 5075 1480 5141 audit,
1528 5074 1614 5130 hic
1640 5076 1803 5130 animi

205 5164 401 5221 laetitia
426 5173 531 5229 est,
558 5164 861 5231 exsultatio,
889 5174 944 5221 et
969 5176 1185 5220 ornatus
1209 5166 1472 5236 optimus:
1495 5166 1582 5221 ille
1605 5166 1801 5221 bellum

206 5256 263 5311 in
292 5255 590 5311 amantium
618 5266 850 5312 mentem
881 5256 1104 5321 inducit,
1138 5256 1223 5311 hic
1249 5258 1292 5312 si
1322 5256 1467 5327 quod
1495 5257 1564 5312 sit
1604 5257 1801 5312 bellum

207 5349 478 5414 eliminat,
508 5348 562 5403 in
602 5363 899 5420 magnaque
946 5364 1077 5420 pace
1103 5350 1378 5405 constituit
1419 5359 1707 5405 amatores.
1736 5350 1803 5406 Et

210 5441 344 5497 hinc
390 5441 532 5497 nulla
577 5442 822 5511 provenit
848 5442 1047 5498 utilitas
1071 5484 1087 5508 ,
1114 5442 1210 5499 sed
1251 5443 1415 5498 multa
1456 5445 1800 5514 pecuniarum

204 5533 436 5605 jactura,
487 5542 729 5604 sumptus
774 5533 969 5603 insani,
1011 5536 1134 5591 vitae
1175 5535 1474 5601 subversio,
1521 5537 1799 5593 domorum

209 5637 460 5682 extrema
504 5627 810 5697 pernicies;
847 5628 970 5683 hinc
998 5628 1239 5699 ingentes
1268 5628 1530 5684 bonorum
1578 5645 1800 5701 operum

207 5720 435 5785 divitiae,
465 5719 675 5776 virtutis
701 5736 891 5793 magna
917 5721 1090 5792 copia.
1121 5722 1201 5776 Ad
1231 5721 1346 5777 haac
1383 5737 1512 5777 vero
1539 5721 1801 5777 formoso-

207 5824 334 5866 rum
349 5826 637 5884 corporum
654 5823 938 5882 amatores,
957 5814 1044 5890 qui
1065 5815 1129 5873 ad
1151 5814 1371 5873 decoras
1392 5814 1552 5873 facies
1572 5813 1796 5885 inhiant,

1775 3924 2171 3982 ams——

1911 4065 1955 4121 si
1985 4074 2166 4135 turpes
2193 4064 2293 4134 ipsi
2323 4063 2430 4119 sint
2457 4077 2520 4119 ac
2544 4061 2831 4127 deformes,
2861 4060 2991 4115 nihil
3030 4076 3097 4116 ex
3136 4075 3319 4116 earum
3345 4063 3499 4131 cupi-

1911 4156 2036 4212 dine
2061 4156 2127 4210 ad
2153 4154 2543 4210 deformitatem
2570 4168 2719 4207 suam
2740 4151 3166 4207 commutandam
3187 4153 3494 4219 lucramur;

1912 4247 2004 4302 sed
2034 4260 2101 4303 ex
2143 4247 2539 4316 comparatione
2583 4246 2847 4315 turpiores
2890 4245 3341 4313 deformioresque
3378 4259 3498 4298 esse

1910 4338 2157 4393 videntur
2187 4356 2200 4392 :
2230 4347 2415 4394 contra
2442 4352 2569 4393 vero
2595 4338 2786 4394 accidit
2809 4338 2861 4392 in
2894 4337 2994 4392 hoc
3021 4351 3222 4391 amore.
3252 4336 3382 4391 Nam
3407 4339 3497 4406 qui

1911 4443 2175 4500 sanctam,
2206 4432 2515 4495 formosam,
2563 4431 2897 4499 splendidam
2936 4440 2990 4485 et
3031 4430 3281 4485 decoram
3327 4430 3501 4501 diligit

1911 4526 2164 4590 animam,
2187 4525 2285 4579 etsi
2311 4524 2566 4579 deformis
2587 4524 2676 4578 ille
2697 4524 2787 4590 sit,
2811 4523 2908 4578 etsi
2930 4523 3165 4577 omnium
3192 4522 3493 4576 mortalium

1913 4618 2268 4686 turpissimus,
2316 4617 2368 4671 in
2413 4628 2716 4672 sanctorum
2758 4631 2941 4671 amore
2983 4629 3360 4685 perseverans,
3392 4614 3499 4667 cito

1913 4708 2032 4763 talis
2062 4708 2184 4775 erit,
2232 4709 2403 4780 qualis
2449 4709 2496 4763 is
2533 4709 2621 4779 qui
2653 4715 2881 4763 amatur.
2928 4707 2984 4761 ld
3013 4707 3154 4762 enim
3194 4715 3277 4761 est
3303 4706 3498 4760 divinae

1911 4801 2251 4872 benignitatis
2294 4816 2448 4872 opus,
2480 4801 2622 4872 quod
2650 4815 2844 4870 corpus
2869 4799 3109 4855 deforme
3150 4808 3205 4853 et
3249 4797 3496 4852 mutilum

1913 4898 2140 4962 nequeat
2181 4891 2492 4957 emendari,
2534 4894 2710 4947 anima
2752 4907 2879 4946 vero
2921 4891 3090 4960 turpis
3132 4904 3197 4944 ac
3239 4888 3501 4945 deformis

1912 4983 2187 5053 splendida
2230 4982 2530 5053 decoraque
2575 4984 2743 5053 possit
2786 4982 2946 5038 efﬁci.
2978 4981 3056 5036 Ex
3103 4980 3502 5051 pulchritudine

1912 5076 2053 5130 enim
2080 5075 2219 5129 illius
2240 5075 2371 5129 nihil
2392 5075 2523 5129 lucri
2562 5075 2843 5145 provenit,
2874 5090 2938 5129 ex
2977 5072 3368 5145 pulchritudine
3399 5089 3501 5129 atto

1914 5177 2019 5223 tem
2058 5168 2251 5223 animae
2294 5176 2373 5223 tot
2418 5177 2640 5238 possunt
2668 5166 2882 5238 excerpi
2928 5167 3087 5232 bona,
3119 5174 3249 5237 quot
3292 5180 3389 5236 par
3415 5171 3505 5223 est.

1910 5262 2152 5318 obtinere
2196 5279 2339 5330 eum,
2372 5263 2460 5334 qui
2491 5264 2657 5318 Deum
2706 5273 2997 5317 amatorem
3043 5260 3256 5315 habeat.
3287 5260 3362 5315 De
3394 5258 3497 5313 hac

1909 5354 2305 5424 pulchritudine
2326 5354 2491 5409 David
2509 5355 2561 5409 in
2584 5354 2808 5409 Psalmis
2829 5367 3028 5409 canens
3053 5353 3124 5406 ait
3150 5370 3164 5407 :
3190 5353 3341 5417 Audi,
3361 5352 3494 5420 ﬁlia.

1910 5458 1956 5501 et
1982 5448 2112 5513 uide,
2140 5459 2186 5503 et
2211 5448 2401 5502 inclina
2426 5464 2599 5502 aurem
2634 5458 2792 5513 tuam,
2839 5454 2887 5499 ct
2913 5444 3199 5499 obliviscere
3251 5442 3497 5516 populum

1911 5549 2073 5605 tuum,
2104 5549 2152 5594 et
2173 5540 2377 5595 domum
2403 5540 2561 5609 patris
2588 5539 2662 5593 tui
2689 5555 2708 5593 :
2733 5549 2780 5593 et
2819 5538 3135 5607 concupiscet
3157 5552 3245 5590 rea:
3269 5545 3497 5588 decorem

1910 5641 2050 5685 tuum
2082 5631 2251 5702 (Psal.
2283 5633 2371 5687 44.
2404 5633 2491 5686 Η.
2519 5631 2608 5702 1‘2)
2644 5649 2658 5685 :
2691 5631 2940 5685 decorem
2987 5629 3073 5685 hic
3114 5628 3304 5684 anima:
3330 5626 3493 5695 dicit,

1909 5724 1997 5794 qui
2025 5724 2219 5780 virtute
2248 5726 2544 5795 pietateque
2570 5726 2926 5780 constituitur.

1976 5817 2030 5873 2.
2061 5814 2191 5874 Cum
2216 5833 2343 5891 ergo
2368 5828 2575 5877 tantum
2602 5819 2671 5896 sit
2691 5818 2897 5877 lucrum
2928 5819 3009 5885 iis,
3030 5820 3121 5892 qui
3143 5830 3267 5874 cum
3286 5814 3490 5872 sanctis
