4020 6370
527 403 633 460 503

529 515 906 571 communione
926 518 1241 589 junguntur,
1262 515 1463 572 amoris
1485 516 1591 572 mei
1613 516 1896 588 participes
1917 524 2107 571 estote:

533 609 673 664 hunc
703 617 946 663 sanctum
972 624 1182 663 summo
1207 623 1328 664 cum
1355 608 1548 666 affectu
1569 609 1869 680 diligamus.
1909 609 2040 665 Nam
2068 613 2112 665 si

535 700 620 754 hic
647 714 799 753 amor
841 698 895 754 in
939 700 1173 754 animum
1215 700 1542 772 ingrediatur
1580 711 1844 768 nostrum,
1876 703 2112 773 splendi-

529 788 760 860 damquc
787 787 1054 844 ﬂammam
1084 791 1278 846 excitet
1306 809 1321 846 :
1353 792 1399 848 si
1443 793 1567 862 quid
1597 793 1893 862 spinosum,
1920 795 1963 849 si
1988 794 2114 865 quid

529 894 782 936 saxosum
807 883 894 936 vel
920 897 1192 952 asperum,
1220 883 1304 940 vel
1331 885 1598 956 stupidum
1630 885 1683 940 in
1709 885 2114 956 cogitationibus

533 973 733 1030 nostris
772 973 1028 1043 ollendat,
1057 985 1168 1031 tum
1198 976 1248 1032 id
1295 977 1601 1044 absumens,
1629 986 1740 1034 tum
1787 979 1916 1034 illud
1944 980 2113 1035 emol-

533 1063 688 1129 liens,
736 1065 967 1121 animam
1018 1076 1253 1122 nostram
1303 1083 1403 1124 ceu
1452 1069 1646 1140 pingue
1690 1085 1875 1125 arvum
1922 1071 2116 1127 divina:

533 1157 760 1211 sementi
805 1167 985 1226 aptum
1029 1159 1242 1216 elticiet.
1273 1159 1382 1216 Nec
1423 1161 1551 1216 mihi
1580 1160 1748 1227 dicas,
1781 1162 1976 1218 Paulus
2019 1179 2117 1218 nec

532 1247 684 1303 adest
713 1265 873 1314 nunc,
907 1265 1005 1306 nec
1031 1252 1200 1308 oculis
1224 1254 1548 1323 conspicitur
1571 1255 1808 1321 nostris;
1849 1256 2116 1327 quomodo

532 1340 703 1406 possit
725 1341 893 1395 amari
924 1343 988 1408 is,
1020 1359 1174 1412 quem
1207 1359 1310 1399 non
1343 1345 1626 1400 videmus?
1652 1346 1795 1401 Nihil
1823 1350 1964 1403 enim
1993 1347 2116 1403 huic

533 1431 702 1486 amori
732 1441 816 1486 est
841 1433 1218 1502 impedimento
1247 1453 1259 1489 :
1288 1438 1484 1492 etenim
1514 1448 1566 1493 et
1590 1437 1862 1496 absentem
1893 1455 2075 1497 amare
2097 1483 2113 1509 ,

532 1529 587 1575 et
613 1535 718 1576 non
746 1533 1090 1594 conspectum
1116 1525 1338 1597 diligere
1383 1543 1683 1599 possumus,
1727 1546 1847 1586 cum
1876 1535 2115 1590 maxime

534 1619 614 1667 tot
641 1621 697 1668 et
723 1614 845 1668 talia
880 1616 1114 1685 quotidie
1142 1618 1353 1674 virtutis
1395 1621 1538 1678 illius
1563 1634 1907 1681 monumenta
1933 1625 2114 1682 videa—

534 1719 674 1770 mus,
720 1720 912 1776 nempe
961 1705 1226 1765 Ecclesias
1271 1710 1468 1782 ubique
1511 1721 1772 1770 terrarum
1819 1716 2112 1785 stabilitas,

534 1795 821 1867 impietatis
850 1801 1206 1869 eversionem,
1229 1803 1488 1875 improbae
1512 1806 1635 1862 vita:
1657 1809 1707 1864 in
1730 1809 1919 1866 melius
1945 1821 2117 1868 muta-

534 1889 754 1956 tionem,
799 1895 996 1949 erroris
1038 1895 1430 1967 expulsionem,
1475 1898 1680 1957 dirutas
1723 1917 1862 1968 aras,
1904 1904 2114 1961 occlusa

534 1981 766 2052 templa,
809 1982 1112 2041 dtemonum
1163 1986 1450 2044 silentium.
1507 1989 1632 2046 Haec
1677 1994 1873 2064 quippe
1935 1997 2115 2052 omnia

532 2070 682 2126 Pauli
710 2073 894 2128 cl‘llcax
926 2074 1125 2148 lingua,
1157 2077 1333 2134 divina
1361 2079 1656 2152 inspirante
1682 2085 1870 2154 gratia,
1900 2084 2114 2140 destru-

531 2167 630 2231 xit,
647 2182 711 2222 ac
733 2167 1066 2238 splendidam
1092 2171 1288 2243 ubique
1315 2172 1522 2243 pictatis
1560 2174 1826 2230 ﬂammam
1851 2176 2111 2232 accendit.

532 2256 666 2312 Cum
711 2267 787 2312 tot
815 2261 1081 2331 tantisque
1108 2263 1273 2333 gestis
1322 2264 1457 2334 ejus,
1488 2264 1684 2320 adsunt
1711 2281 1922 2336 quoque
1949 2281 2116 2323 sacrm

533 2347 675 2403 illius
699 2349 959 2427 cpistolzc,
987 2367 1106 2422 qua:
1132 2353 1299 2409 beatis
1340 2355 1458 2424 ejus
1481 2356 1674 2411 animae
1699 2355 1920 2413 fortnam
1955 2372 2114 2414 accu-

536 2449 654 2494 rate
673 2441 828 2496 nohis
853 2441 1160 2515 depingant.
1191 2449 1266 2500 Ac
1291 2446 1336 2500 si
1374 2461 1503 2518 ergo
1529 2462 1650 2503 cum
1680 2448 1796 2520 ipso
1821 2450 1985 2505 Paulo
2005 2450 2114 2522 jam

536 2541 799 2597 praesente
822 2543 877 2588 et
905 2535 1181 2591 nobiscum
1206 2549 1455 2593 versante
1470 2538 1877 2610 dissereremus,
1905 2541 1982 2597 sic
2001 2543 2116 2612 ejus

535 2623 746 2692 scriptis
775 2625 1010 2681 studiose
1054 2627 1510 2698 obtemperemus,
1543 2632 1727 2688 intima
1757 2643 1811 2688 et
1855 2633 2116 2704 profunda

534 2714 886 2785 explicemus,
913 2718 1175 2774 discamus
1202 2721 1328 2791 quid
1356 2723 1482 2777 illud
1525 2725 1596 2780 sit
1619 2725 1761 2796 quod
1791 2725 1949 2784 hodie
1975 2729 2118 2783 voci-

540 2808 813 2866 ferabatnr
839 2811 1021 2867 dicens
1053 2830 1067 2868 :
1104 2813 1308 2868 Utinam
1356 2818 1667 2874 sustineretis
1703 2820 1956 2876 modicum
1996 2823 2118 2893 quid

535 2899 838 2970 insipientia
874 2919 998 2958 mete
1019 2920 1038 2970 ;
1063 2906 1152 2958 sed
1193 2917 1239 2959 et
1266 2916 1558 2976 supportate
1597 2925 1678 2963 me
1705 2925 1723 2963 :
1747 2910 1961 2966 temqu
1986 2913 2118 2966 enim

535 3007 623 3045 vos
673 2989 770 3046 Dei
814 2995 1132 3050 aemulatione
1182 2997 1256 3067 (2.
1293 2997 1412 3054 Cor.
1469 3001 1661 3074 Mhi.
1704 2999 1783 3074 2).
1831 3003 1970 3070 Quid
2013 3004 2116 3073 ais,

538 3081 744 3139 Paule?
773 3084 872 3153 Qui
913 3086 1069 3156 jubes
1114 3039 1412 3159 discipulos.
1832 3039 2119 3152 inbuit:

539 3189 665 3246 erga
691 3187 995 3244 extraneos,
1024 3181 1112 3250 qui
1137 3181 1291 3250 dicis,
1325 3183 1504 3239 Sermo
1532 3196 1688 3240 vester
1711 3203 1903 3258 semper
1922 3188 1974 3242 in
1995 3206 2116 3259 gra-

539 3268 610 3320 tia
634 3270 740 3323 sale
765 3271 830 3324 sit
871 3272 1124 3340 conditus,
1169 3283 1223 3328 ut
1272 3277 1442 3330 sciatis
1488 3278 1737 3345 quomodo
1778 3290 2002 3349 oporteat
2032 3295 2120 3334 vos

540 3359 807 3430 unicuique
829 3363 1132 3432 respondere
1158 3364 1378 3430 (Coloss.
1405 3367 1458 3422 4.
1487 3367 1540 3423 5.
1575 3367 1670 3438 6);
1702 3369 1791 3439 qui
1816 3373 2118 3441 apprecaris

537 3453 814 3517 omnibus,
849 3462 908 3508 ut
933 3457 1200 3525 sapientia
1226 3459 1544 3528 repleantur
1584 3463 1855 3532 spirituali
1883 3465 2120 3535 (Coloss.

541 3541 592 3594 1.
611 3542 686 3610 9),
714 3542 827 3611 ipse
849 3543 1008 3608 dicis,
1040 3545 1256 3601 Utinam
1273 3552 1598 3605 sustineretis
1622 3554 1878 3607 modicum
1898 3555 2025 3625 quid
2043 3556 2120 3608 in-

540 3633 797 3702 sipientia:
818 3637 982 3690 meat?
1002 3636 1122 3692 Non
1142 3640 1274 3695 satis
1296 3651 1415 3696 erat
1433 3643 1531 3696 tibi
1549 3644 1769 3714 aliquod
1789 3645 2117 3716 insipientia:

544 3724 762 3777 verbum
805 3727 1069 3793 emisisse,
1113 3729 1206 3784 sed
1239 3740 1293 3786 et
1319 3732 1592 3804 discipulis
1636 3738 1764 3793 illud
1793 3739 1994 3796 ellers?
2019 3757 2118 3798 nec

541 3812 703 3868 modo
731 3815 888 3872 ellers
934 3817 1226 3889 discipulis,
1254 3823 1344 3878 sed
1395 3825 1446 3880 id
1489 3828 1735 3883 omnibus
1783 3839 1902 3898 post
1928 3830 2117 3888 futuris

543 3903 845 3961 hominibus
874 3923 968 3978 per
992 3913 1270 3980 epistolam
1295 3923 1479 3970 notum
1505 3915 1675 3974 facis?
1705 3921 2118 3980 Animadvertite

541 4012 698 4066 quam
727 4013 832 4055 non
873 4014 1116 4071 oporteat
1145 4004 1284 4060 dicta
1328 4015 1530 4063 temere
1569 4022 1998 4082 praetercurrere,
2022 4017 2117 4074 sed

541 4107 705 4148 unum
732 4095 977 4166 quodque
1017 4108 1262 4155 accurate
1287 4102 1512 4156 scrutari
1534 4102 1556 4155 ?
1582 4103 1713 4158 Illud
1744 4107 1883 4160 enim
1914 4109 1956 4162 si
1985 4110 2119 4162 sim-

541 4183 752 4253 pliciter
793 4186 1030 4258 legatur,
1077 4190 1278 4246 circum
1321 4194 1578 4249 emittitur
1633 4196 1962 4253 auditoribus
1992 4217 2007 4254 :
2034 4200 2116 4255 sin

541 4291 671 4332 vero
692 4279 1042 4348 examinetur,
1075 4297 1316 4361 ttiagtmm
1343 4285 1575 4342 ostendit
1603 4285 1750 4342 Pauli
1781 4289 2116 4359 sapientiam,

545 4383 787 4438 magnam
831 4371 1186 4442 prudentiam,
1215 4374 1531 4432 ineffabilem
1561 4392 1762 4432 curam.

612 4459 669 4520 3.
702 4461 746 4514 Α
782 4459 1230 4534 Pseudoapostolis
1269 4477 1532 4522 accusatus
1573 4467 1769 4524 Paulus
1809 4486 1862 4524 se
1909 4469 2122 4526 laudare

540 4553 754 4622 cogitur.
784 4582 858 4594 —
884 4553 1019 4624 Quid
1047 4555 1256 4611 tandem
1283 4556 1410 4611 illttd
1432 4567 1512 4612 est
1537 4559 1674 4627 quod
1700 4559 1926 4614 dicitur?
1955 4560 2120 4615 Pseu-

542 4646 840 4716 doapostoli
864 4647 1015 4702 multi
1039 4659 1192 4703 erant
1217 4649 1354 4719 apud
1379 4648 1684 4706 Corinthios
1710 4653 1798 4724 qui
1827 4653 1967 4722 ipsos
1995 4669 2117 4708 cor-

541 4746 850 4806 rumperent
869 4752 931 4792 ac
960 4739 1177 4794 Paulum
1205 4751 1554 4808 accusarent,
1604 4742 1719 4813 ejus
1769 4743 1985 4810 famam,
2014 4760 2116 4814 qua

541 4827 693 4897 apud.
712 4828 999 4898 discipulos
1024 4845 1150 4887 suos
1177 4831 1404 4899 valebat,
1429 4833 1650 4889 subdole
1689 4835 1941 4891 lmdentes
1959 4877 1973 4897 ,
2000 4836 2116 4890 dic-

542 4921 691 4974 teriis
720 4921 866 4975 illum
896 4921 1284 4978 subsannantes
1308 4965 1323 4989 ,
1357 4932 1414 4977 ut
1445 4933 1778 4995 arrogantem
1807 4926 2116 4981 insimulau-

539 5021 641 5066 tes.
673 5010 782 5066 llos
803 5013 1115 5084 plerumque
1153 5013 1205 5068 in
1245 5013 1469 5084 epistola
1509 5030 1603 5070 sua
1643 5015 1899 5086 impetere
1927 5017 2117 5086 depre-

542 5101 790 5158 henditur
814 5121 828 5158 :
860 5105 1305 5176 quemadmodum
1326 5121 1446 5162 cum
1478 5103 1629 5174 dicit,
1651 5105 1771 5162 Non
1795 5125 1970 5162 sumus
1987 5110 2116 5164 sicut

541 5199 740 5262 ceteri,
773 5196 1111 5251 adulterantes
1155 5198 1356 5251 verbum
1408 5195 1500 5252 Dei
1540 5199 1635 5270 (2.
1658 5197 1776 5255 Cor.
1803 5195 1855 5252 2.
1881 5199 2000 5268 i7);
2054 5215 2118 5255 ac

542 5299 726 5338 rursus
746 5300 863 5338 cum
892 5285 1034 5352 dicit,
1055 5287 1182 5343 Siue
1205 5303 1354 5343 onere
1377 5304 1456 5341 me
1479 5287 1615 5342 vobis
1631 5289 1818 5342 servavi
1837 5287 1922 5360 (Ib
1948 5305 1995 5342 c.
2025 5290 2114 5344 il.

544 5375 636 5445 9):
664 5391 725 5430 ac
772 5376 1034 5446 pollicitus
1077 5393 1136 5433 se
1193 5380 1329 5434 hanc
1373 5378 1541 5450 legem
1587 5394 1798 5449 semper
1845 5381 2115 5436 immotam

540 5478 873 5525 servaturum
894 5485 1044 5526 esse:
1077 5468 1172 5524 Est
1202 5474 1364 5539 enim,
1398 5473 1586 5543 inquit,
1619 5473 1798 5527 veritas
1824 5471 2009 5527 Christi
2064 5474 2117 5527 in

542 5577 620 5614 me
644 5577 662 5615 :
691 5564 928 5629 quoniam
951 5563 1057 5616 hlL’C
1081 5564 1318 5634 gloriatio
1339 5581 1450 5619 mea
1479 5581 1579 5618 non
1606 5565 1910 5635 infringetur
1937 5565 1990 5618 in
2031 5581 2115 5618 re-

541 5654 773 5724 gionibus
798 5655 1001 5709 Achaia:
1021 5656 1039 5725 (
1059 5655 1140 5709 Ib.
1170 5671 1216 5709 v.
1243 5654 1369 5727 10);
1401 5671 1523 5712 cum
1543 5656 1735 5711 deinde
1757 5671 1969 5711 causam
1991 5655 2118 5711 sub-

536 5746 731 5815 jnnxit,
785 5746 1077 5802 sceleratos
1129 5747 1250 5802 illos
1295 5748 1591 5802 subindicat
1635 5748 1866 5803 dicens:
1902 5747 2117 5815 Quare?

545 5835 680 5902 Quia
705 5854 804 5892 non
831 5839 986 5910 diligo
1011 5853 1097 5893 vos
1119 5838 1145 5891 Ρ
1195 5838 1328 5894 Deus
1372 5840 1484 5893 scit.
1516 5839 1664 5909 Quod
1692 5851 1857 5895 autem
1884 5840 2019 5909 [acia
2064 5849 2114 5894 et

1238 398 1294 455 S.
1335 396 1611 456 JOANNIS
1645 397 2118 458 CHRYSOSTOMI
2159 399 2476 456 ARCHIEP.
2517 397 3048 456 CONSTANTINOP.

3691 400 3794 458 ὅθι

2227 513 2411 584 faciam
2432 530 2453 567 :
2471 523 2529 567 ut
2548 523 2804 584 amputem
2829 515 3142 567 occasionem
3170 527 3363 580 eorum,
3415 517 3506 588 qui
3529 513 3692 570 voluit
3713 529 3790 567 oc-

2219 605 2471 659 casionem
2499 603 2573 675 (2.
2600 605 2717 659 Cor.
2750 606 2840 660 Η.
2863 604 2990 676 12);
3023 615 3079 660 et
3108 616 3233 660 ante
3256 605 3371 660 htcc
3398 605 3686 675 discipulos
3710 619 3798 660 eo-

2223 693 2482 761 hortatur,
2505 710 2574 750 ne
2589 694 2759 766 ipsum
2775 696 3025 750 inducant
3043 695 3093 749 in
3112 697 3487 750 necessitatem
3508 711 3656 750 suam
3674 696 3802 765 ipsis

2223 793 2540 855 potestatem
2563 787 2869 852 exhibendi,
2899 787 2972 841 ita
3001 788 3185 842 dicens
3209 804 3222 840 :
3259 787 3402 857 Rogo
3424 796 3590 841 autem
3616 801 3703 841 vos
3742 803 3804 840 ne

2223 895 2441 948 pra'sens
2467 880 2702 943 audeam,
2739 897 2830 948 per
2867 895 2978 934 eam
3007 881 3365 948 conﬁdentiam
3408 895 3509 949 qua
3545 879 3805 934 existimor

2219 971 2428 1036 audere,
2449 971 2504 1024 in
2521 971 2767 1040 quosdam
2791 973 2876 1042 qui
2898 972 3208 1026 arbitrantur
3237 989 3328 1026 nos
3349 982 3603 1040 tamquam
3621 983 3802 1025 secun-

2221 1062 2344 1116 dum
2368 1078 2570 1116 carnem
2594 1065 2904 1118 ambulemus
2934 1063 3023 1132 (2.
3053 1062 3173 1119 Cor.
3203 1065 3289 1118 10.
3318 1063 3397 1136 2).
3419 1061 3483 1118 ﬂi
3514 1061 3658 1118 enim
3679 1058 3801 1133 ipsi,

2221 1152 2288 1206 de
2312 1153 2500 1221 quibus
2530 1149 2644 1208 hanc
2669 1154 2759 1218 ait,
2789 1169 2884 1224 per
2913 1155 3136 1208 ironiam
3168 1149 3340 1224 ipsum
3366 1155 3672 1210 incusantes
3691 1154 3806 1208 hmo

2221 1244 2470 1300 dicebant
2499 1265 2512 1300 :
2542 1245 2794 1316 epistolas
2837 1246 2981 1310 Pauli
3014 1261 3262 1318 magnum
3303 1263 3413 1318 pra:
3440 1262 3502 1302 se
3532 1249 3671 1303 I’erre
3721 1259 3806 1302 tu-

2223 1352 2424 1392 morem
2455 1346 2508 1392 et
2534 1339 2817 1394 verborum
2847 1339 3224 1408 arrogantiam,
3268 1339 3442 1408 ipsum
3473 1355 3602 1394 vero
3651 1339 3804 1393 nihili

2221 1444 2363 1494 esse,
2391 1428 2548 1485 vilem
2575 1440 2630 1484 et
2652 1429 2940 1500 abjectum.
2971 1429 3324 1501 Posteaquam
3358 1440 3536 1486 autem
3566 1431 3670 1486 huc
3711 1431 3807 1485 ad-

2224 1521 2450 1586 venerit,
2478 1521 2712 1587 aiebant,
2738 1520 2937 1577 nullius
2953 1521 3109 1592 pretii
3131 1519 3323 1592 dignus
3336 1519 3602 1577 Videbitur
3623 1541 3638 1578 :
3663 1524 3809 1593 quod

2222 1613 2395 1682 ipsum
2415 1611 2694 1668 declarans
2719 1612 2930 1669 dicebat
2955 1629 2970 1666 :
3009 1613 3081 1668 Ut
3096 1624 3263 1668 autem
3278 1627 3379 1669 non
3400 1614 3658 1670 existimer
3677 1625 3808 1668 tam-

2222 1723 2372 1778 quam
2417 1716 2601 1761 terrere
2622 1723 2709 1761 vos
2736 1723 2826 1777 per
2849 1707 3090 1773 epistolas
3116 1725 3135 1762 :
3161 1709 3401 1776 quoniam
3451 1707 3654 1778 quidem
3701 1709 3811 1777 epi-

2221 1799 2384 1867 stolte,
2407 1800 2662 1872 inquiunt,
2690 1816 2864 1872 graves
2901 1808 3018 1855 sunt
3042 1809 3089 1856 et
3114 1805 3267 1873 fortes
3292 1817 3310 1856 :
3343 1803 3611 1872 prccsentia
3639 1813 3810 1856 autem

2221 1892 2448 1961 corporis
2475 1890 2698 1961 inﬁnita,
2723 1901 2771 1946 et
2793 1894 3360 1964 senno_contemptibilis
3386 1892 3495 1962 (Ib.
3527 1907 3576 1950 ν.
3614 1894 3670 1951 9.
3693 1895 3809 1962 10).

2223 1982 2424 2038 Deinde
2449 1981 2755 2040 Corinthios
2784 1983 2951 2054 ipsos,
2980 1985 3070 2056 qui
3117 1982 3354 2056 persuasi
3382 1981 3616 2054 buerant,
3647 2001 3811 2042 accu-

2222 2091 2348 2131 sans
2371 2077 2462 2142 ait,
2497 2077 2760 2148 Numquid
2786 2087 3045 2148 peccatum
3083 2079 3202 2147 feci,
3234 2079 3483 2148 meipsum
3503 2080 3810 2141 humilium,

2222 2178 2277 2222 ut
2303 2185 2390 2223 vos
2415 2169 2705 2224 exaltemini
2733 2169 2811 2238 (2.
2834 2168 2953 2225 Cor.
2977 2171 3064 2225 Η.
3099 2168 3198 2239 7)?
3229 2169 3296 2224 Et
3321 2169 3423 2226 hoc
3469 2172 3674 2226 crimen
3721 2173 3813 2226 di-

2222 2262 2374 2317 luens
2399 2262 2472 2316 ait
2497 2263 2707 2327 iterum,
2729 2261 2865 2328 Quia
2884 2263 3057 2333 quales
3068 2279 3245 2318 sumus
3264 2263 3412 2317 verba
3442 2280 3532 2334 per
3560 2265 3812 2334 epistolas

2221 2357 2468 2422 absentes,
2488 2357 2612 2411 tales
2640 2365 2688 2411 et
2706 2366 2975 2425 pauentes
2995 2357 3047 2410 in
3060 2361 3192 2427 facta
3210 2355 3284 2427 (2.
3301 2355 3420 2412 Cor.
3437 2356 3525 2412 i0.
3548 2359 3657 2423 11).
3673 2357 3814 2424 Quia

2224 2445 2382 2515 igitur
2406 2446 2558 2501 multt
2587 2447 2725 2516 apud
2749 2447 2866 2502 illos
2891 2457 3040 2502 erant
3069 2447 3520 2517 pseudoapostoli,
3573 2462 3714 2518 quos
3758 2459 3817 2501 et

2221 2538 2498 2608 operarios
2523 2538 2739 2594 dolosas
2763 2539 3023 2605 nominat,
3053 2539 3129 2594 sic
3153 2539 3283 2594 dicit
3307 2557 3322 2592 :
3362 2539 3502 2593 Nam
3555 2540 3817 2611 ejusmodi

2227 2630 2635 2699 pseudoapostoli
2661 2631 2882 2696 operarii
2903 2629 3106 2684 subdoli
3126 2640 3263 2696 sunt,
3283 2631 3713 2701 transﬁgurantes
3760 2648 3815 2684 se

2221 2725 2275 2772 tn
2294 2719 2547 2790 apostolos
2573 2718 2780 2774 Christi.
2813 2717 2876 2773 Et
2919 2735 3019 2773 non
3042 2721 3266 2774 mirum:
3293 2721 3401 2790 ipse
3424 2721 3558 2774 enim
3584 2719 3818 2775 Satanas

2224 2812 2550 2882 transﬁgurat
2573 2828 2626 2866 se
2649 2813 2702 2866 in
2725 2813 2958 2883 angelum
2981 2814 3130 2866 lucis.
3163 2813 3283 2867 Non
3313 2823 3387 2867 est
3416 2831 3539 2884 ergo
3561 2832 3814 2884 magnum

2221 2904 2268 2958 si
2308 2905 2526 2958 ministri
2566 2907 2675 2976 ejus
2719 2906 3141 2976 trmts/igurentur
3178 2910 3312 2960 velut
3351 2907 3575 2962 ministri
3592 2907 3816 2978 justiti:

2223 2994 2568 3078 (2.Qor.il.
2611 2995 2824 3065 15-15).
2857 2995 2990 3051 Cum
3042 2997 3199 3066 igitur
3249 2997 3326 3059 hi,
3372 2997 3672 3052 innumeris
3716 3011 3815 3052 ex-

2223 3090 2465 3159 cogitatis
2484 3099 2670 3145 contra
2699 3104 2820 3144 eum
2867 3090 3169 3156 calumniis,
3202 3090 3476 3160 discipulis
3502 3103 3766 3147 nocerent
3794 3135 3813 3159 ,

2225 3182 2400 3236 minus
2426 3190 2807 3250 congruentem
2834 3180 3530 3237 doctorisexistimationem
3553 3183 3818 3240 inducen-

2226 3281 2328 3339 tes,
2365 3273 2573 3343 cogitur
2601 3272 2691 3329 ille
2719 3273 2936 3329 demum
2967 3275 3018 3328 in
3047 3276 3382 3344 propriarum
3413 3275 3632 3330 laudum
3657 3291 3814 3331 com-

2224 3366 2660 3420 memorationem
2707 3365 2974 3420 incidere:
3002 3381 3175 3435 neque
3199 3366 3340 3421 enim
3366 3365 3506 3420 ultra
3537 3369 3705 3423 silere
3730 3379 3818 3422 tn-

2225 3467 2337 3513 tum
2363 3466 2496 3512 erat.
2517 3457 2649 3525 Quia
2675 3457 2831 3528 igitur
2855 3472 2946 3512 sua
2973 3458 3127 3512 nobis
3147 3458 3434 3512 certamina
3459 3469 3816 3513 enarraturus

2223 3556 2326 3614 est,
2371 3563 2583 3604 necnon
2612 3563 2724 3616 eas,
2755 3564 2887 3619 quas
2907 3549 3058 3613 vidit,
3089 3549 3459 3616 revelationes,
3488 3550 3814 3620 laboresque

2223 3655 2358 3710 quos
2381 3641 2546 3696 subiit
2578 3655 2591 3694 :
2621 3650 2679 3695 ut
2705 3640 2954 3697 ostendat
2979 3641 3225 3696 omnibus
3250 3656 3308 3695 se
3333 3656 3475 3710 :egre
3497 3650 3552 3695 et
3583 3641 3815 3696 invitum

2224 3732 2278 3787 id
2325 3747 2505 3804 agere,
2533 3748 2597 3789 ac
2644 3733 2767 3788 licet
2810 3733 2862 3788 id
2900 3735 3258 3790 necessarium
3305 3748 3425 3790 esse
3452 3735 3655 3799 rideat,
3685 3736 3819 3790 insi—

2224 3825 2475 3896 pientiam
2504 3835 2680 3881 tamen
2704 3826 2756 3880 id
2783 3836 2958 3892 vocat,
2985 3827 3064 3881 sic
3089 3826 3330 3896 loquens,
3359 3826 3570 3882 Utinam
3593 3829 3822 3882 sustine-

2223 3917 2344 3971 retis
2371 3917 2625 3970 modicum
2645 3917 2766 3986 quid
2786 3917 3092 3986 insipientia:
3112 3931 3254 3970 meat.
3291 3916 3423 3972 Rem
3451 3917 3696 3980 stultam,
3723 3917 3820 3971 in-

2225 4009 2359 4079 quit,
2388 4022 2732 4079 aggressurus
2758 4023 2897 4074 sum,
2925 4016 2984 4062 ut
3011 4009 3273 4076 meipsum
3303 4007 3515 4062 laudem
3560 4017 3621 4063 et
3668 4009 3822 4064 cele-

2225 4101 2373 4154 brem
2397 4119 2412 4165 ;
2443 4109 2497 4154 at
2521 4115 2627 4154 non
2653 4114 2753 4170 ego
2775 4100 2827 4153 in
2853 4114 3013 4154 causa
3039 4114 3180 4165 sum,
3208 4099 3302 4155 sed
3324 4097 3358 4152 ii
3387 4100 3587 4169 potius.
3611 4101 3700 4170 qui
3728 4114 3822 4152 me

2220 4184 2278 4246 in
2307 4192 2442 4247 hanc
2464 4193 2831 4247 necessitatem
2847 4191 3206 4260 impulerunt:
3236 4206 3403 4261 quare
3429 4206 3564 4260 rogo
3585 4207 3673 4247 me
3692 4206 3824 4246 sus-

2227 4283 2461 4350 tineatis,
2491 4282 2706 4354 illisque
2728 4297 2845 4337 eam
2873 4295 3090 4336 causam
3116 4281 3410 4352 imputetis.

2295 4376 2351 4431 4.
2392 4375 2464 4430 At
2490 4375 2611 4431 vide
2646 4373 2773 4430 mihi
2823 4375 2970 4430 Pauli
2997 4374 3369 4444 prudentiam:
3396 4388 3524 4429 cum
3546 4374 3782 4429 dixisset
3805 4413 3827 4441 ,

2231 4465 2439 4522 Utinam
2462 4465 2776 4520 sustineretis
2801 4466 3053 4520 modicum
3076 4466 3199 4534 quid
3218 4466 3525 4535 insipientia:
3546 4480 3694 4529 metr,
3727 4466 3826 4517 sed

2226 4569 2273 4612 et
2297 4566 2593 4628 supportate
2629 4573 2708 4612 me
2731 4573 2752 4612 :
2779 4557 2990 4612 amtulor
3035 4557 3167 4611 enim
3192 4573 3277 4611 vos
3319 4549 3418 4610 Dei
3465 4557 3826 4620 wmulatione,

2226 4664 2331 4703 non
2363 4648 2543 4704 statim
2569 4649 2634 4703 ad
2662 4645 2876 4703 laudum
2908 4650 3265 4702 narrationem
3295 4647 3474 4713 venit,
3497 4646 3595 4701 sed
3648 4646 3829 4701 inter-

2226 4737 2416 4808 positis
2436 4737 2636 4803 verbis,
2669 4739 2746 4794 sic
2766 4737 2965 4793 infert:
2998 4737 3191 4792 Iterum
3215 4738 3348 4802 dico,
3381 4754 3446 4791 ne
3470 4738 3585 4809 quis
3611 4753 3693 4790 me
3717 4754 3826 4807 pu-

2226 4839 2294 4884 tet
2320 4823 2640 4901 insipientem
2664 4846 2770 4884 esse
2798 4844 2816 4884 :
2845 4829 3073 4898 alioquin
3101 4829 3232 4882 velut
3257 4828 3580 4896 insipientem
3599 4813 3831 4896 accipite

2223 4919 2418 4993 me(2.
2449 4917 2566 4974 Cor.
2598 4920 2686 4974 11.
2716 4917 2826 4991 16).
2870 4917 3054 4988 Neque
3085 4927 3258 4972 tamen
3288 4916 3366 4971 sic
3403 4916 3472 4970 ad
3511 4918 3830 4971 enarratio-

2225 5026 2347 5066 nem
2390 5012 2556 5078 venit,
2599 5010 2692 5065 scd
2725 5011 2916 5064 iterum
2949 5008 3218 5079 subjungit
3244 5023 3306 5062 ac
3333 5007 3499 5062 dicit:
3537 5007 3694 5074 Quod
3750 5010 3837 5060 ιο.

2223 5119 2371 5173 quor,
2399 5120 2502 5157 non
2528 5102 2706 5174 loquor
2735 5101 3008 5156 secundum
3035 5097 3332 5164 Dominum,
3360 5099 3452 5151 sed
3471 5099 3613 5167 quasi
3637 5098 3700 5151 in
3733 5101 3831 5151 in-

2223 5195 2482 5263 sipientia,
2502 5195 2554 5247 in
2584 5195 2678 5247 hac
2696 5193 2976 5248 substantia
3003 5192 3178 5262 gloria:
3198 5187 3302 5257 (Ib.
3318 5189 3500 5260 v.17).
3518 5187 3624 5244 Nec
3647 5191 3839 5245 etiam

2224 5298 2344 5356 post
2366 5287 2479 5341 inec
2505 5286 2664 5341 audet
2693 5284 2918 5354 ingredi,
2947 5282 3040 5339 sed
3071 5299 3182 5338 rem
3205 5279 3386 5337 dill‘ert
3403 5296 3468 5336 ac
3486 5281 3647 5337 dicit:
3680 5280 3840 5349 Quo-

2223 5377 2360 5430 niam
2400 5376 2544 5430 multi
2572 5377 2860 5448 gloriantur
2897 5375 3169 5429 secundum
3197 5389 3442 5439 carnem,
3488 5383 3533 5425 et
3565 5388 3661 5439 ego
3716 5378 3844 5440 glo-

2223 5471 2427 5534 riabor;
2451 5458 2656 5524 libenter
2682 5469 2816 5524 enim
2846 5467 3068 5536 suﬂ'ertis
3093 5467 3406 5536 insipientes,
3435 5481 3552 5519 cum
3575 5465 3702 5519 sitis
3732 5468 3844 5536 ipsi

2223 5563 2473 5633 sapientes
2494 5561 2599 5632 (Ib.
2622 5579 2671 5618 υ.
2703 5563 2791 5618 18.
2818 5562 2928 5632 l9).
2955 5561 3092 5630 Quin
3119 5561 3279 5616 etiam
3304 5569 3489 5629 postea
3533 5555 3753 5625 refugit
3783 5573 3842 5613 et

2222 5663 2521 5721 cunctatur,
2550 5669 2613 5710 ac
2635 5653 2946 5726 quibusdam
2970 5651 3260 5722 interjcctis
3278 5665 3490 5706 rursum
3511 5648 3686 5704 infert
3723 5669 3736 5703 :
3773 5650 3844 5704 In

2221 5764 2320 5818 quo
2349 5749 2458 5818 quis
2479 5750 2647 5814 audet,
2673 5749 2726 5802 in
2751 5748 3043 5814 insipientia
3068 5746 3201 5810 dico,
3252 5743 3416 5798 audeo
3448 5752 3496 5796 et
3519 5760 3612 5813 ego
3685 5745 3710 5816 (
3751 5744 3846 5796 Ib.

2224 5856 2271 5893 v.
2299 5837 2412 5911 9.1).
2442 5841 2516 5896 Ac
2547 5850 2669 5896 tunc
2694 5839 2929 5908 demum,
2981 5847 3098 5909 post
3129 5846 3203 5892 tot
3230 5835 3535 5907 prmissas
3587 5846 3856 5889 excusa-
