4020 6370
512 278 618 337 305

513 396 655 473 μετὰ
680 398 944 464 τοσαύτας
998 404 1417 478 προδωρθώσεις
1452 408 1820 480 κατετόλμησε
1861 408 1960 479 τῆς
2004 407 2080 461 δι-

509 485 763 560 ηγήσεως
778 486 885 543 τῶν
909 491 1219 561 ἐγκωμίων.
1234 494 1344 548 Καὶ
1368 495 1618 569 καθάπερ
1643 498 1808 561 ἵππος
1839 497 2083 570 κρημνὸν

507 575 785 642 ἀπότομον
814 578 1161 651 ὑπερϐαίνειν
1212 585 1422 655 μέλλων
1446 626 1463 652 ,
1490 590 1637 661 ὁρμᾷ
1671 589 1771 661 μὲν
1803 590 1878 654 ὡς
1912 590 2081 662 ὕπερ-

509 664 801 725 ϐάλλεσθαι
839 670 1047 741 μέλλων
1068 713 1084 737 ,
1114 674 1176 729 τὸ
1220 676 1277 731 δὲ
1310 677 1473 749 βάθος
1503 680 1625 736 ίδὼν
1653 683 1831 753 ναρκᾷ
1865 683 1956 737 καὶ
1985 696 2087 735 συδ

509 757 807 825 στέλλεται,
826 756 943 817 εἶτα
962 763 1052 819 τὸν
1080 766 1345 841 ἐπιϐάτην
1369 770 1510 841 ὀρῶν
1544 771 1895 846 σφοδρὰερον
1916 774 2084 843 ἀναγ-

508 846 766 916 κάζοντα,
791 852 952 909 πάλιν
975 856 1274 928 ἐπιχειρεῖ,
1304 861 1400 915 καὶ
1432 863 1493 916 τὸ
1522 864 1655 918 αὐτὸ
1680 864 1837 919 τοῦτο
1859 867 2076 936 πάσχει.

507 943 603 997 καὶ
622 942 720 1013 τὴν
742 944 988 1016 ἀνάγκην
1020 947 1421 1022 ἐνδεικνύμενος
1452 954 1543 1007 καὶ
1567 954 1665 1026 τὴν
1698 955 1837 1025 βίαν,
1867 957 2081 1011 ἵσταται

506 1034 604 1089 ἐπὶ
644 1037 779 1092 πολὺ
810 1040 1147 1110 χρεμετίξων
1174 1042 1267 1095 ἐπὶ
1292 1044 1384 1098 τοῦ
1414 1046 1625 1115 χείλους
1651 1050 1749 1118 τῆς
1777 1048 2078 1119 φάραγγος.

505 1125 656 1189 ὅπως
687 1128 1116 1201 παραθαρρύνας
1149 1132 1342 1187 ἐαυτὸν
1374 1137 1789 1209 κατατολμήσῃ·
1818 1137 1959 1192 οὕτω
1988 1139 2082 1192 καὶ

506 1219 537 1271 ὁ
570 1218 840 1289 μακάριος
879 1221 1089 1285 Παῦλος
1116 1223 1366 1295 καθάπερ
1404 1226 1496 1280 ἐπὶ
1529 1229 1773 1299 κρημνόν
1800 1246 1922 1283 τινα
1951 1230 2080 1302 μέλ-

508 1308 618 1363 λων
640 1311 833 1364 ἐαυτὸν
866 1314 1086 1382 ἀφιέναι
1116 1353 1132 1379 ,
1164 1316 1271 1369 τῶν
1302 1318 1515 1373 οἰκείων
1542 1318 1831 1391 ἐγκωμίων
1873 1321 1973 1392 τὴν
2006 1323 2079 1376 δι-

509 1400 733 1470 ήγησιν,
763 1402 857 1454 καὶ
886 1403 1034 1468 ἅπαξ
1062 1405 1154 1457 καὶ
1183 1405 1261 1468 δὶς
1288 1409 1380 1460 καὶ
1406 1409 1525 1479 τρὶς
1550 1410 1642 1463 καὶ⁵
1669 1411 1924 1475 πολλάκις
1954 1413 2083 1466 ἀνα-

505 1489 688 1546 δύεται
717 1490 863 1551 οὖτω
888 1492 1087 1563 λέγων·
1115 1496 1368 1563 Ὄφελον
1394 1499 1709 1568 ἀνείχεσθέ
1728 1519 1845 1571 μου
1868 1504 2082 1572 μικρὸν

507 1579 583 1649 τῇ
610 1580 925 1655 ἀφροσύνῃ
947 1601 962 1617 ·
994 1586 1088 1639 καὶ
1119 1587 1311 1653 πάλιν,
1341 1588 1437 1656 Μή
1467 1607 1558 1657 τις
1574 1608 1651 1660 με
1675 1591 1825 1661 δόξῃ
1851 1592 2082 1662 ἄφρονα

506 1667 661 1732 εἶναι
678 1687 693 1702 ·
711 1675 764 1726 ει
791 1672 859 1726 δὲ
875 1674 961 1744 μή
978 1693 1065 1743 γε,
1096 1676 1211 1731 κᾶν
1226 1679 1307 1745 ὡς
1320 1678 1553 1747 ἄφρονα
1576 1680 1833 1746 δέξασθέ
1840 1700 1937 1752 με·
1963 1684 2077 1748 καὶ,

512 1765 574 1814 ’0
598 1762 787 1828 λαλῶ,
821 1767 893 1819 οὐ
918 1766 1088 1827 λαλῶ
1102 1768 1252 1823 κατὰ
1276 1771 1518 1838 Κύριον,
1535 1772 1675 1826 ἀλλ’
1694 1774 1776 1840 ὡς
1796 1774 1867 1828 ἐν
1900 1775 2084 1844 ἀφρο-

508 1854 697 1922 σύνῃ,
720 1855 790 1913 ἐν
805 1856 990 1925 ταύτῃ
1007 1856 1082 1927 τῇ
1104 1859 1441 1919 ὑποστάσει
1460 1860 1569 1931 τῆς
1582 1863 1959 1933 καυχήσεως·
1985 1868 2081 1920 καὶ

510 1942 691 2011 πάλιν,
728 1945 1123 2004 Ἐπείπολλοί
1141 1950 1483 2020 καυχῶνται
1511 1954 1662 2009 κατὰ
1689 1953 1904 2023 σάρκα,
1920 1956 2081 2027 κάγὼ

506 2034 918 2106 καυχήσομαι·
948 2039 1137 2107 ἡδέως
1168 2042 1277 2111 γὰρ
1299 2043 1591 2112 ἀνέχεσθε
1632 2043 1751 2099 τῶν
1780 2046 2076 2116 ἀφρόνων,

505 2128 783 2201 φρόνιμοι
800 2128 970 2197 ὄντες
991 2148 1005 2162 ·
1025 2133 1121 2186 καὶ
1136 2133 1318 2199 πάλιν,
1338 2128 1501 2202 Ἕνῷ
1514 2136 1565 2189 δ’
1582 2137 1661 2191 άν
1676 2155 1763 2205 τις
1786 2138 1993 2209 τολμᾷ,
2012 2141 2082 2195 ἐν

505 2218 827 2287 ἀφροσύνη
859 2221 1042 2292 λέγω,
1075 2222 1275 2293 τολμῶ
1308 2224 1491 2296 κάγώ.
1522 2227 1631 2280 Καὶ
1671 2227 1928 2300 μυριάκις
1955 2231 2080 2289 ἐαυ-

506 2310 599 2363 τὸν
632 2311 842 2389 ἄφρονα
872 2313 1107 2377 καλέσας
1132 2315 1227 2368 καὶ
1252 2316 1497 2386 ἀνόητον,
1520 2318 1641 2371 τότε
1675 2318 1826 2389 μόλις
1851 2320 2080 2391 ἐτόλμη-

511 2418 603 2455 σεν
632 2384 806 2457 ἐλθεῖν
838 2406 917 2469 εἰς
945 2406 1070 2470 τοὺς
1104 2407 1356 2472 ἐπαίνους
1372 2384 1513 2473 τοὺς
1557 2384 1752 2463 ἐαυτοῦ
1775 2427 1788 2441 ·
1826 2384 2081 2480 Ἐϐραῖοί

507 2493 672 2557 είσι;
726 2492 887 2563 κάγώ
910 2509 928 2526 ⁶
990 2496 1343 2569 Ἰσραηλῖται
1397 2501 1515 2553 είσι
1543 2514 1564 2565 ;
1597 2500 1756 2571 κάγώ
1780 2518 1796 2534 ·
1840 2502 2083 2573 σπέρμα

519 2582 766 2653 Ἀϐραάμ
788 2587 944 2648 sim;
969 2587 1146 2657 κάγώ·
1167 2587 1435 2645 διάκονοι
1446 2592 1702 2659 Χριστοῦ
1729 2595 1845 2647 εισι
1861 2609 1879 2656 ;
1898 2594 2076 2672 κάγώ.

507 2675 619 2738 Καὶ
646 2674 767 2729 οὐδὲ
807 2677 1040 2732 ἐνταῦθα
1066 2679 1362 2734 ἐπελάϐετο
1390 2682 1583 2736 ἐαυτοῦ
1606 2725 1622 2751 ,
1652 2683 1786 2738 ἀλλὰ
1810 2685 1971 2741 πάλιν
2000 2686 2081 2740 τί·

506 2764 633 2836 θησι
683 2766 783 2838 τὴν
823 2769 1247 2842 προδιόρθωσιν,
1283 2771 1454 2837 οὕτως
1487 2776 1739 2843 ἐπάγων·
1772 2780 2080 2849 Παραφρο-

504 2855 630 2913 νῶν
657 2856 846 2922 λαλῶ,
879 2858 1032 2929 ὑπὲρ
1061 2861 1194 2931 ἐγώ.
1223 2863 1332 2916 Καὶ
1361 2864 1481 2917 ούδέ
1512 2866 1742 2920 ἐνταῦθα
1766 2868 1915 2941 ἔστη,
1944 2870 2080 2925 άλλὰ

507 2946 649 3014 μετὰ
672 2946 733 2999 τὸ
765 2947 1124 3019 διηγήσασθαι
1156 2950 1333 3006 πάντα
1375 2953 1539 3007 αὑτοῦ
1576 2956 1644 3009 τά
1674 2957 1923 3029 ἐγκώμια
1946 3000 1959 3023 ,
1990 2960 2079 3027 λέ-

503 3053 593 3105 γει
616 3054 630 3068 ·
660 3038 892 3108 Γέγονα
912 3041 1119 3110 ἄφρων
1138 3043 1522 3114 καυχώμενος
1546 3064 1559 3077 ·
1590 3049 1760 3117 ὑμεῖς
1787 3068 1864 3121 με
1892 3053 2075 3122 ἠναγ-

503 3128 749 3183 κάσατε.
769 3130 911 3184 Ὢσεὶ
942 3131 1148 3201 ἔλεγεν,
1195 3135 1450 3190 Ἐκείνων
1481 3156 1572 3207 μοι
1605 3138 1759 3208 λόγος
1791 3143 1962 3209 οὐδεὶς
1986 3141 2075 3216 ἦν,

502 3220 555 3272 εί
582 3218 653 3273 τά
698 3220 940 3294 ὑμέτερα
964 3219 1032 3294 ἦν
1077 3226 1360 3296 ἐρῤωμένα
1385 3265 1399 3289 ,
1444 3229 1494 3281 ει
1540 3229 1616 3301 μὴ
1646 3235 2075 3305 παρετρέπεσθε,

506 3310 643 3380 μηδὲ
669 3312 1015 3370 ἐσαλεύεσθε.
1043 3315 1153 3369 Καὶ
1191 3316 1299 3388 γάρ
1332 3320 1378 3371 εί
1406 3318 1693 3386 διαπαντὸς
1723 3324 1865 3394 ἡμᾶς
1893 3327 2077 3395 ἔλεγον

502 3402 705 3468 ἐκεῖνοι,
731 3406 916 3471 κακῶς
939 3446 954 3470 ,
981 3407 1205 3478 οὐδεμία
1238 3427 1326 3478 μοι
1382 3412 1555 3483 βλάϐη
1608 3414 1695 3468 διά
1725 3417 1822 3488 τῆς
1854 3418 2077 3473 ἐκείνων

504 3493 716 3567 ἐγίνετο
761 3499 1120 3577 κακηγορίας.
1169 3502 1387 3575 Ἐπειδὴ
1436 3504 1493 3558 δέ
1545 3500 1685 3559 εἶδον
1734 3508 1795 3561 τὸ
1828 3510 2076 3581 ποίμνιον

499 3584 947 3658 διαφθειρόμενον
972 3629 987 3654 ,
1022 3591 1148 3661 τοὺς
1201 3592 1449 3667 μαθητὰς
1478 3596 1901 3671 ἀποπηδῶντας,
1946 3621 2077 3660 κατ-

502 3674 781 3747 εφρόνησα
825 3679 1080 3750 φορτικοῦ
1141 3671 1461 3755 πράγματος
1509 3688 1603 3741 καὶ
1632 3690 1926 3760 ἐπαχθοῦς,
1981 3695 2076 3747 καὶ

500 3766 852 3839 ἠναγκάσθην
902 3770 1089 3844 ἄφρων
1147 3775 1438 3842 γενέσθαι,
1503 3778 1571 3833 τά
1608 3781 1844 3850 ἐμαυτοῦ
1902 3784 2072 3854 λέγων

500 3858 752 3943 ἐγκώμια
777 3860 1003 3932 δι’ύμᾶς
1028 3865 1121 3921 καὶ
1146 3865 1242 3936 τὴν
1277 3867 1545 3941 ὑμετέραν
1567 3874 1859 3943 σωτηρίαν.

571 3947 633 3996 ε’.
659 3942 909 4031 Τοιοῦτον
921 3946 1043 4031 -γάρ
1072 3948 1375 4031 τῶνάγίων
1411 3953 1471 4005 τὸ
1496 3952 1614 4018 ἔθος
1634 3970 1647 3983 ·
1674 3942 1838 4025 είμέν
1856 3975 1909 4010 τι
1934 3960 2070 4031 πρά-

500 4022 648 4088 ξαιεν
672 4024 893 4101 φαῦλον,
916 4029 1354 4101 ἐκπομπεύουσιν
1391 4036 1541 4102 αὐτὸ,
1570 4039 1663 4091 καὶ
1687 4022 1805 4092 καθ’
1834 4022 2070 4112 ἑκάστην

500 4108 713 4178 ἡμέραν
752 4108 1010 4180 θρηνοῦσι
1036 4114 1131 4166 καὶ
1152 4117 1287 4168 πᾶσι
1327 4117 1538 4171 ποιοῦσι
1572 4122 1868 4193 κατάδηλον
1896 4140 1910 4154 ·
1938 4126 1986 4178 εί
2010 4108 2068 4179 δέ

497 4194 820 4279 λιι-γενναῖον
849 4194 940 4279 καί
971 4196 1133 4279 μέγα,
1160 4199 1569 4279 ἀποκρύπτουσι
1600 4204 1693 4258 καὶ
1725 4204 1861 4275 λήθῃ
1896 4223 2071 4279 παρα-

498 4272 1039 4363 πέμπουσινὶδρὺτὸς
1067 4280 1200 4347 γοῦν
1226 4277 1378 4346 οὗτος
1405 4286 1433 4337 6
1459 4284 1614 4353 ἅγιος
1658 4287 1726 4340 τά
1756 4272 1860 4358 μὲν
1891 4272 2070 4363 ἁμαρ-

496 4358 716 4444 τήματα
772 4357 926 4444 [295]
987 4363 1078 4415 καὶ
1133 4365 1359 4435 μηδενὸς
1417 4357 1777 4439 βιαζομένου,
1834 4357 2069 4444 συνεχῶς

497 4439 727 4509 ἔστρεφε
778 4442 872 4494 καὶ
911 4444 1283 4515 ἐξεπόμπευε,
1313 4446 1407 4501 νῦν
1443 4452 1540 4518 μὲν
1579 4451 1784 4520 λέγων,
1817 4439 2069 4523 Χριστὸς

511 4523 749 4605 Ἰησοῦς
787 4525 976 4593 ἦλθεν
1005 4530 1093 4595 είς
1120 4530 1226 4586 τὸν
1272 4534 1502 4602 κόσμον
1545 4535 1929 4605 ἁμαρτωλοὺς
1954 4534 2070 4594 σῶ-

495 4623 634 4691 σαι,
807 4609 1037 4677 πρῶτός
1081 4614 1198 4681 εἰμι
1251 4614 1364 4682 ἐγώ
1384 4633 1397 4646 ·
1434 4617 1527 4670 νῦν
1559 4602 1616 4684 δέ
1649 4602 1821 4688 λέγων
1844 4662 1858 4687 ,
1886 4602 2070 4691 Χάριν

494 4689 614 4758 ἔχω
643 4689 724 4755 τῷ
768 4691 1260 4760 ἐνδυναμώσαντί
1285 4715 1362 4766 με
1402 4700 1670 4771 Χριστῷ,
1726 4702 1815 4757 ὅτι
1853 4689 2069 4760 πιστόν

489 4789 567 4839 με
606 4771 897 4840 ἡγήσατο,
934 4775 1180 4844 θέμενος
1204 4781 1290 4845 είς
1319 4780 1628 4844 διακονίαν
1652 4785 1757 4839 τὸν
1782 4789 2060 4854 πρότερον

496 4854 1022 4927 ὄνταβλάσφημον
1053 4860 1150 4913 καὶ
1183 4860 1435 4929 διώκτην
1462 4865 1559 4918 καὶ
1588 4868 1895 4935 ὑϐριστήν·
1929 4872 2065 4924 ἀλλ’

493 4937 782 5004 ἠλεήθην,
815 4940 904 4992 ὅτι
941 4941 1178 5009 ἀγνοῶν
1221 4944 1479 5013 ἐποίησα
1528 4949 1598 5000 ὲν
1642 4950 1928 5018 ἀπιστίᾳ·
1973 4953 2067 5005 καὶ

494 5019 687 5081 πάλιν,
725 5022 1031 5089 Ἕσχατον
1068 5025 1137 5077 δὲ
1176 5026 1417 5081 πάντων
1444 5031 1697 5099 ὡσπερεί
1739 5033 1820 5098 τῷ
1850 5035 2064 5102 ἐκτρώ-

485 5118 629 5170 ματι
654 5102 821 5171 ῶφθη
852 5106 1029 5175 κάμοί
1052 5122 1066 5136 ·
1100 5109 1214 5178 ἐγὼ
1238 5110 1350 5179 γάρ
1377 5114 1493 5182 είμι
1522 5117 1555 5167 ό
1599 5114 1921 5184 ἐλάχιστος
1948 5120 2067 5173 τῶν

490 5185 874 5251 ἀποστόλων,
922 5188 991 5254 ὃς
1035 5193 1146 5244 οὐκ
1184 5194 1299 5261 είμὶ
1334 5196 1539 5260 ἱκανὸς
1575 5198 1889 5255 καλεῖσθαι
1919 5202 2065 5257 ἀπό-

490 5270 744 5333 στολος,
778 5268 867 5321 ὅτι
915 5272 1131 5337 ἐδίωξα
1170 5277 1283 5343 τὴν
1327 5278 1695 5345 Ἐκκλησίαν
1736 5283 1841 5337 τοῦ
1876 5285 2022 5343 Θεοῦ
2045 5301 2061 5317 ·

491 5350 592 5435 καὶᾲ
616 5348 798 5435 πάλιν,
842 5352 1005 5421 Ἐμοὶ
1039 5355 1119 5420 τῷ
1150 5357 1587 5429 ἐλαχιστοτέρῳ
1619 5362 1859 5416 πάντων
1882 5368 2065 5435 ἁγίων

488 5432 666 5501 ἐδόθη
700 5433 739 5505 ἡ
765 5435 937 5502 χάρις
964 5438 1134 5505 αὕτη.
1180 5441 1341 5511 Ὁρᾷς
1376 5443 1492 5506 πῶς
1525 5446 1586 5497 οὐ
1616 5446 1723 5498 τῶν
1751 5432 2063 5505 ἀποστόλων

491 5515 672 5602 μόνον,
695 5516 829 5602 άλλά
864 5519 955 5570 καὶ
986 5521 1168 5585 ἁπλῶς
1193 5524 1301 5579 τῶν
1332 5526 1538 5581 πιστῶν
1560 5529 1815 5583 ἁπάντων
1837 5529 2062 5602 ἔσχατον

489 5597 679 5653 ἐαυτὸν
707 5598 881 5663 καλεῖ,
917 5601 1076 5669 Ἐμοὶ
1106 5604 1184 5668 τῷ
1210 5606 1679 5678 ἐλαχιστοτέρῳ,
1704 5597 2059 5678 εἰπὼνξπάν-

490 5699 605 5745 των
640 5682 755 5747 τῶν
782 5684 966 5761 ἁγίων
1008 5686 1186 5757 ἐδόθη
1216 5690 1253 5757 η
1295 5689 1465 5760 χάρις
1501 5695 1650 5764 αὕτη
1669 5711 1688 5759 ;
1721 5696 1906 5762 Οὕτως
1932 5701 2053 5755 οὐδὲ

1195 292 1249 348 S.
1288 292 1571 351 JOANNIS
1611 297 2101 358 CIIRYSOSTOMI
2147 304 2469 366 ARCHIEP.
2511 309 3060 369 CONSTANTINOP.

2184 410 2283 492 τῆς
2313 412 2614 485 σωτηρίας,
2643 415 2711 469 δι’
2742 411 2813 489 ἦς·
2847 417 3023 491 ἐσώθη
3049 459 3065 484 ,
3093 418 3242 486 ἄξιος
3274 415 3410 475 εἶναί
3440 440 3602 492 φησιν
3628 442 3641 456 ·
3673 429 3756 481 εἰ·

2187 490 2305 546 πὼν
2344 495 2452 568 γάρ
2491 498 2573 552 ὅτι
2601 501 2853 569 Χριστὸς
2903 490 3133 570 Ἰησοῦς
3176 500 3360 573 ἦλθεν
3388 490 3475 573 είς
3500 490 3609 562 τὸν
3653 514 3758 563 κό-

2185 591 2346 661 σμον
2370 579 2754 650 ἁμαρτωλοὺς
2778 583 2971 641 σῶσαι
2990 625 3005 650 ,
3034 579 3123 639 ὧν
3152 586 3382 656 πρῶτός
3437 592 3554 659 ειμι
3590 592 3708 661 ἐγώ
3733 606 3752 622 ·

2187 658 2415 714 ἄκουσον
2464 664 2559 717 καὶ
2608 665 2696 720 διὰ
2727 667 2887 721 ποίαν
2935 669 3111 722 αἰτίαν
3146 670 3304 723 τοῦτο
3339 658 3513 739 λέγει·
3574 658 3758 729 Ἀλλὰ

2304 745 2476 829 τοῦτο
2498 749 2782 819 ἠλεήθην,
2804 752 2904 805 ἵνα
2920 751 2989 805 ἑν
3013 752 3141 822 ἐμοὶ
3169 754 3402 823 πρῶτον
3421 758 3757 829 ἐνδείξηται

2199 823 2428 912 γησοῦς
2459 831 2713 899 Χριστὸς
2744 833 2858 901 τὴν
2909 834 3115 889 πᾶσαν
3164 843 3573 910 μακροθυμίαν
3599 823 3759 912 πρὸς

2186 906 2577 966 ὑποτύπωσιν
2612 914 2731 969 τῶν
2752 919 3103 986 μελλόντων
3128 906 3442 977 πιστεύειν
3467 926 3557 978 ἐπ’
3592 906 3759 993 αὖτῷ

2186 993 2273 1057 είς
2303 990 2456 1062 ζωὴν
2478 996 2733 1053 αἰώνιον.
2780 1001 2845 1054 '0
2865 1001 2921 1053 δέ
2950 1002 3097 1071 λέγει
3124 1043 3140 1067 ,
3169 1004 3324 1058 τοῦτό
3352 1009 3500 1061 ἐστιν
3521 1027 3534 1039 ·
3557 1012 3634 1064 Ού
3664 990 3758 1066 διά

2184 1077 2285 1162 τὴν
2316 1077 2474 1143 ἀξίαν
2502 1082 2785 1151 μετάθεσιν
2803 1085 2897 1138 τοῦ
2931 1086 3046 1156 βίου
3070 1087 3325 1159 ἠλεήθην,
3361 1090 3435 1162 μὴ
3471 1092 3630 1147 τοῦτο
3666 1112 3761 1148 νο-

2190 1161 2353 1246 μίσῃς
2377 1178 2390 1193 ·
2414 1164 2528 1217 ἁλλ’
2553 1166 2638 1219 ἵνα
2676 1168 2862 1237 μηδεὶς
2900 1168 3120 1240 ἀπογνῷ
3147 1172 3256 1224 τῶν
3282 1174 3340 1226 ἐν
3368 1161 3535 1246 κακίᾳ
3559 1175 3757 1245 βεϐιω-

2184 1244 2386 1310 κότων,
2438 1247 2573 1317 μηδὲ
2618 1248 2726 1303 τῶν
2778 1252 2856 1323 τῷ
2904 1254 3119 1324 Χριστῷ
3166 1244 3617 1327 πολεμησάντων,
3660 1258 3758 1314 τὸν

2186 1328 2401 1412 πάντων
2430 1328 2675 1401 ἔσχατον,
2706 1335 2800 1387 καὶ
2832 1334 2952 1406 μεθ’
2986 1336 3045 1390 δν
3073 1337 3247 1401 οὐδεὶς
3271 1335 3338 1408 ἦν
3384 1340 3566 1412 ἕτερος
3610 1342 3756 1397 οὕτω

2186 1411 2441 1497 πολέμιος
2461 1414 2539 1486 τῷ
2564 1417 2783 1488 Χριστῷ
2804 1458 2819 1482 ,
2845 1419 3081 1473 σωθέντα
3116 1421 3279 1493 ὁρῶν.
3310 1425 3419 1476 Καὶ
3440 1428 3468 1479 6
3483 1411 3596 1496 μὲν
3618 1427 3755 1497 Χρι-

2186 1494 2311 1559 στός
2360 1514 2561 1567 φησιν,
2595 1501 2715 1554 Ὅτι
2758 1501 2980 1569 σκεῦος
3034 1504 3292 1575 ἐκλογῆς
3319 1509 3425 1575 μοί
3468 1494 3599 1564 ἐστι
3642 1494 3755 1566 τοῦ

2179 1576 2490 1641 βαστάσαι
2529 1581 2593 1635 τὸ
2625 1582 2813 1653 ὄνομά
2849 1604 2970 1655 μου
3002 1586 3254 1643 ἐνώπιον
3291 1590 3479 1644 ἐθνῶν
3511 1594 3610 1646 καὶ
3632 1596 3754 1657 βα-

2185 1660 2439 1716 σιλέων·
2466 1660 2617 1729 οὗτος
2646 1666 2702 1719 δέ
2727 1667 2879 1721 οὐδὲν
2916 1670 3021 1723 ὑπὸ
3063 1671 3169 1725 τῶν
3202 1674 3489 1740 ἐγκωμίων
3524 1678 3753 1732 ἐκείνων

2185 1746 2483 1832 φυσηθεὶς,
2534 1749 2684 1819 μένει
2713 1749 3008 1817 ταλανίζων
3053 1753 3245 1807 ἐαυτὸν
3296 1757 3435 1826 μετά
3486 1760 3757 1832 τοσαύτην

2185 1829 2496 1899 παρρησίαν
2520 1870 2535 1895 ,
2579 1832 2793 1901 πρῶτον
2835 1834 2942 1888 τῶν
2975 1836 3311 1906 ἁμαρτωλῶν
3333 1840 3523 1894 ἐαυτὸν
3547 1829 3753 1905 καλῶν,

2184 1913 2278 1964 καὶ
2308 1912 2395 1966 διά
2424 1913 2580 1967 τοῦτο
2610 1915 2869 1987 ὴλεῆσθαι
2898 1917 3071 1987 λέγων
3095 1959 3110 1983 ,
3140 1920 3227 1973 ἵνα
3267 1923 3454 1993 μηδεὶς
3482 1925 3589 1978 τῶν
3615 1928 3757 1998 πρὸς

2183 1996 2417 2069 ἐσχάτην
2443 1998 2783 2069 ἐληλακότων
2814 2002 3010 2057 κακίαν
3039 2004 3258 2077 ἁπογνῷ
3287 2008 3383 2077 τῆς
3413 2009 3620 2074 οἰκείας
3647 1996 3757 2063 σωο

2181 2078 2411 2163 τηγριας,
2464 2081 2600 2155 πρὸς
2636 2083 2798 2137 αὑτὸν
2852 2086 2947 2139 καὶ
2976 2086 3075 2158 τὴν
3113 2089 3194 2151 είς
3246 2089 3410 2143 αὑτὸν
3451 2094 3755 2163 γενομένην

2184 2162 2591 2234 φιλανθρωπίαν
2619 2165 2849 2235 βλέπων.

2256 2252 2319 2309 ς’.
2345 2246 2427 2299 Τά
2449 2247 2550 2319 μέν
2581 2245 2674 2303 οὖν
2708 2251 3077 2324 ἁμαρτήματα
3096 2293 3112 2320 ,
3150 2254 3241 2312 καὶ
3287 2256 3557 2328 μηδεμιᾶς
3587 2256 3757 2329 οὔσης

2182 2329 2463 2399 ἀνάγκης,
2502 2331 2839 2403 ἐκπομπεύει
2871 2335 2993 2389 καθ’
3029 2338 3265 2408 ἑκάστην
3296 2339 3513 2411 ἡμέραν
3546 2344 3605 2395 ἐν
3633 2346 3756 2407 ταῖς

2182 2411 2490 2476 ἐπιστολαῖς
2509 2414 2674 2467 αὑτοῦ
2698 2416 2919 2482 πάσαις,
2954 2418 3283 2491 στηλιτεύων
3310 2424 3403 2475 καὶ
3424 2423 3559 2493 δῆλα
3583 2426 3755 2479 ποιῶν

2181 2494 2302 2578 οὐχὶ
2333 2498 2445 2559 τοῖς
2472 2496 2594 2550 τότε
2636 2498 2797 2568 μόνον
2826 2500 3152 2573 ἀνθρώποις,
3185 2503 3320 2557 ἀλλὰ
3344 2506 3438 2558 καὶ
3468 2510 3582 2569 τοῖς
3616 2508 3758 2578 μετὰ

2181 2577 2353 2662 ταῦτα
2382 2580 2658 2649 ἐσομένοις
2684 2584 2839 2636 πᾶσι·
2866 2585 2934 2638 τά
2975 2585 3032 2637 δὲ
3062 2585 3339 2656 ἐγκώμια,
3381 2594 3474 2642 καὶ
3506 2577 3757 2662 ἀνάγκην

2182 2654 2344 2715 οὖσαν
2377 2662 2539 2733 δρῶν,
2571 2663 2720 2735 ὅμως
2745 2667 2894 2720 ὀκνεῖ
2929 2668 3023 2721 καὶ
3050 2654 3337 2723 ἀναδύεται
3366 2654 3754 2742 διηγήσασθαι.

2181 2743 2291 2796 Καὶ
2326 2744 2482 2799 τοῦτο
2506 2746 2663 2818 δῆλον
2700 2749 2798 2819 μέν
2832 2749 2891 2816 ἐξ
2927 2743 3002 2806 ὧν
3057 2753 3312 2825 μυριάκις
3342 2753 3657 2826 ἀφροσύνην
3692 2757 3759 2809 τὸ

2183 2829 2414 2899 πρᾶγμα
2446 2831 2691 2898 ἐκάλεσε,
2727 2833 2885 2903 δῆλον
2915 2834 2973 2887 δέ
3006 2835 3102 2889 καὶ
3129 2837 3236 2889 ἀπὸ
3269 2836 3363 2888 τοῦ
3392 2840 3585 2907 χρόνου
3615 2857 3758 2895 παν-

2181 2912 2291 2975 τὸς,
2321 2914 2379 2968 δν
2402 2915 2621 2987 ἐσίγησε
2643 2916 2741 2988 τὴν
2766 2917 3083 2991 θαυμαστὴν
3112 2921 3205 2973 καὶ
3229 2920 3378 2974 θείαν
3410 2923 3759 2993 ἀποκάλυψιν

2180 2996 2431 3068 ἐκείνην·
2465 3000 2527 3052 ού
2552 3000 2661 3071 γὰρ
2691 3000 2755 3072 δὴ
2783 3003 2926 3066 τότε,
2957 3003 3077 3056 οὐδὲ
3095 3002 3201 3074 πρὸ
3220 3003 3314 3057 δύο
3346 3005 3440 3057 καὶ
3465 3006 3634 3076 τριῶν
3664 3010 3759 3062 καὶ

2142 3138 2153 3149 _
2180 3080 2312 3133 δέκα
2339 3080 2498 3147 ἐτῶν,
2527 3082 2663 3137 ἀλλὰ
2692 3082 2872 3161 πολλῷ
2901 3085 3158 3141 πλειόνων
3183 3082 3251 3158 ἦν
3276 3088 3447 3159 αὐτὴν
3467 3089 3753 3161 ἑωρακώς.

2180 3164 2278 3216 Διά
2300 3164 2458 3223 τοῦτο
2490 3166 2583 3218 καὶ
2615 3166 2704 3220 τὸν
2736 3168 2926 3239 χρόνον
2956 3169 3117 3223 αὐτὸν
3148 3166 3358 3241 τίθησιν
3388 3172 3531 3225 οὓτω
3554 3172 3753 3242 λέγων·

2185 3246 2327 3300 Οἶδα
2364 3246 2675 3315 ἄνθρωπον
2720 3240 2833 3317 πρὸ
2879 3250 3029 3304 ἐτῶν
3067 3240 3525 3322 δεκατεσσάρων
3558 3240 3757 3324 ἁρπα-

2180 3327 2357 3396 γέντα
2383 3330 2493 3396 ἕως
2518 3332 2714 3400 τρίτου
2751 3335 3011 3405 οὐρανοῦ
3031 3350 3045 3365 ·
3081 3336 3167 3389 ἵνα
3205 3336 3269 3389 σὺ
3313 3337 3512 3411 μάθῃς,
3541 3338 3625 3391 ὅτι
3653 3340 3758 3394 οὐκ

2178 3412 2244 3465 ἂν
2274 3413 2393 3466 ούδέ
2416 3415 2536 3467 τότε
2568 3415 2867 3484 ἐφθέγξατο
2885 3458 2900 3481 ,
2928 3420 2977 3471 εί
3007 3418 3080 3493 μὴ
3108 3419 3306 3491 πολλὴν
3335 3416 3473 3474 εἶδεν
3502 3422 3756 3493 ἀνάγκην

2180 3495 2555 3567 ἐπικειμένην.
2602 3499 2665 3554 El
2708 3499 2818 3570 γὰρ
2848 3496 3110 3569 ⁸ἐόούλετο
3145 3504 3271 3566 τοὺς
3314 3503 3549 3568 οἰκείους
3596 3507 3757 3566 ἐπαί-

2179 3594 2301 3641 νους
2329 3579 2608 3649 διεξιέναι,
2644 3582 2848 3647 εὐθέως
2881 3584 2946 3638 ἂν
2983 3585 3152 3656 αὐτὴν
3182 3582 3355 3652 εῐπεν,
3389 3588 3477 3642 ὅτε
3519 3583 3680 3650 εἶδεν,
3716 3588 3751 3659 ἢ

2176 3659 2254 3729 τῷ
2287 3660 2487 3732 πρώτῳ
2518 3664 2611 3716 καὶ
2646 3665 2884 3737 δευτέρῳ
2913 3669 3006 3721 καὶ
3042 3669 3212 3740 τρίτῳ
3240 3670 3381 3723 ἔτει·
3418 3671 3537 3723 νυνὶ
3567 3671 3626 3725 δὲ
3653 3670 3754 3741 ἐτη

2176 3744 2549 3815 δεκατέσσαρα
2565 3746 2898 3821 ἐκαρτέρησε
2923 3750 3017 3803 καὶ
3036 3752 3257 3823 ἐσίγησε
3284 3754 3378 3806 καὶ
3399 3754 3536 3825 πρὸς
3558 3754 3755 3808 οὐδένα

2179 3827 2409 3893 ἐξεῖπεν,
2433 3828 2568 3883 ἀλλὰ
2592 3832 2725 3901 πρὸς
2743 3834 3064 3903 Κορινθίους
3088 3834 3267 3904 μόνον.
3287 3837 3395 3890 Καὶ
3423 3836 3588 3900 πότε;
3617 3838 3754 3889 Ὀτε

2176 3914 2301 3977 τοὺς
2337 3913 2800 3981 ψευδαποστόλους
2832 3912 2972 3970 εἶδεν
3019 3918 3366 3987 ἐπιφυέντας,
3408 3919 3625 3982 δεικνὺς
3665 3921 3754 3972 ὅτι

2174 3997 2281 4050 οὐδ’
2319 3996 2385 4051 ἀν
2419 3997 2565 4070 [296]
2606 4000 2727 4053 τότε
2758 4000 3075 4069 ἐφθέγξατο,
3114 4003 3161 4054 εί
3200 4004 3272 4073 μὴ
3303 4004 3569 4074 τοσαύτην
3601 4004 3754 4075 ἐώρα

2179 4080 2477 4152 διαφθορὰν
2528 4087 2586 4134 ἐν
2632 4086 2741 4145 τοῖς
2776 4083 3047 4153 μαθηταῖς
3086 4086 3403 4157 γενομένην.
3465 4087 3607 4139 Ἀλλ’
3650 4090 3754 4159 οὐχ

2178 4165 2339 4233 ἡμεῖς
2368 4164 2537 4229 οὕτως
2558 4207 2572 4231 ,
2617 4165 2754 4218 ἀλλὰ
2784 4167 3090 4220 τούναντίον
3138 4168 3281 4223 ἆπαν
3312 4166 3594 4240 ποιοῦμεν·
3641 4171 3754 4225 τῶν

2180 4247 2279 4316 μὲν
2320 4248 2728 4319 ἁμαρτημάτων
2778 4250 2898 4302 οὐδὲ
2950 4250 3077 4320 μίαν
3130 4251 3455 4321 μεμνήμεθα
3511 4252 3753 4322 ἡμέραν,

2176 4324 2310 4378 ἀλλά
2334 4327 2435 4379 κᾶν
2455 4327 2657 4398 ἐτέρων
2681 4328 3026 4400 μνησθέντων
3050 4331 3388 4400 ἀκούσωμεν,
3411 4331 3755 4397 ἀγανακτοῦ-

2180 4426 2300 4479 μεν,
2338 4410 2779 4482 δυσχεραίνομεν,
2823 4412 2980 4485 ὓὸριν
3013 4414 3075 4466 τὸ
3117 4416 3347 4485 πρᾶγμα
3394 4413 3749 4485 λογιζόμεθα,

2178 4495 2400 4565 μυρίαις
2422 4496 2617 4559 αὐτοὺς
2643 4495 2914 4568 πλύνομεν
2935 4498 3229 4568 λοιδορίαις
3250 4514 3266 4529 ·
3300 4499 3349 4551 εί
3385 4498 3443 4551 δέ
3465 4515 3521 4550 τι
3555 4500 3755 4569 μικρὸν

2173 4576 2538 4648 ἐργασώμεθά
2559 4591 2583 4619 ι
2605 4579 2827 4646 ἁγαθὺν,
2858 4580 3017 4634 τοῦτο
3039 4580 3275 4651 συνεχῶς
3297 4581 3628 4651 στρέφομεν,
3654 4584 3755 4636 καὶ

2172 4662 2285 4723 τοῖς
2316 4661 2685 4731 μεμνημένοις
2713 4663 2844 4716 αὐτὸ
2871 4663 3030 4735 χάριν
3052 4665 3230 4735 ῐσμεν,
3264 4663 3359 4717 καὶ
3402 4663 3593 4732 φίλους
3620 4666 3751 4727 τοὺς

2172 4742 2443 4807 τοιούτους
2472 4741 2611 4799 εἶναι
2643 4746 2956 4816 νομίζομεν·
3006 4745 3184 4801 καίτοι
3230 4764 3294 4814 γε
3335 4747 3365 4798 6
3408 4746 3648 4817 Χριστὸς·
3687 4746 3755 4799 τὸ

2172 4835 2412 4889 ἐναντίον
2438 4837 2664 4901 ἐπέταξε
2684 4878 2698 4900 ,
2742 4838 3183 4910 κατορθωμάτων
3224 4838 3323 4909 μὲν
3351 4837 3705 4906 ἐπιλελῆσθαι
3730 4879 3749 4902 ,

2173 4920 2585 4991 ἁμαρτημάτων
2629 4922 2687 4974 δὲ
2720 4923 3052 4992 μεμνῆσθαι.
3090 4922 3200 4975 Καὶ
3242 4920 3401 4975 τοῦτο
3440 4922 3607 4991 δῆλον
3652 4920 3753 4991 μὲν

2172 5014 2303 5083 ἡμῖν
2331 5015 2556 5084 ἐποίησε
2585 5015 2679 5068 καὶ
2725 5015 2792 5067 δι’
2823 5008 2899 5069 ὧν
2937 5017 3050 5079 τοῖς
3082 5016 3349 5085 μαθηταῖς
3381 5014 3619 5086 παρῄνει
3662 5014 3752 5065 λέ-

2171 5120 2305 5171 γων·
2340 5107 2515 5159 Ὅταν
2538 5106 2735 5160 πάντα
2764 5106 3074 5176 ποιήσητε,
3102 5105 3323 5177 λέγετε,
3361 5106 3452 5159 ὅτι
3495 5108 3551 5159 Ἀ
3560 5105 3751 5175 χρεῖοι

2170 5196 2379 5255 δοῦλοί
2409 5198 2614 5267 ἐσμεν·
2649 5199 2742 5252 καὶ
2773 5199 2860 5253 διὰ
2887 5199 2987 5268 τῆς
3018 5198 3112 5252 τοῦ
3158 5198 3449 5269 Φαρισαίου
3498 5198 3743 5269 παραϐο-

2170 5288 2289 5357 λῆς,
2320 5290 2411 5342 τὸν
2438 5290 2675 5359 τελώνην
2704 5290 2870 5343 αὐτοῦ
2900 5290 3140 5360 προθείς.
3170 5291 3381 5360 Ὠσπερ
3413 5288 3523 5361 γάρ
3554 5289 3748 5342 τοῦτον

2170 5378 2204 5444 ἡ
2234 5380 2422 5448 μνήμη
2455 5379 2562 5431 τῶν
2586 5379 3000 5450 ἁμαρτημάτων
3027 5380 3361 5443 ἐδικαίωσεν,
3397 5378 3571 5439 οὕτως
3597 5380 3746 5441 ἐκεῖ-

2170 5482 2258 5519 νον
2289 5469 2321 5538 η
2349 5469 2538 5538 μνήμη
2563 5468 2671 5522 τῶν
2698 5468 3138 5539 κατορθωμάτων
3163 5468 3435 5523 ἀπώλεσε.
3469 5468 3577 5525 Καὶ
3615 5469 3747 5520 Ἰου-

2168 5559 2335 5619 δαίοις
2357 5560 2413 5611 δέ
2441 5562 2470 5613 ὁ
2497 5560 2626 5624 Θεὸς
2652 5562 2719 5616 τά
2765 5560 2905 5616 αὐτὰ
2938 5560 3004 5632 δή
3041 5559 3215 5614 ταῦτα
3243 5564 3521 5633 παραινεῖ,
3565 5559 3750 5628 λέγων

2240 5711 2263 5738 ⁸
2288 5706 2434 5757 Savil.
2466 5709 2767 5772 ἐργασόμεθα.
2792 5709 2909 5773 L93.
2937 5709 3007 5757 ἂν.
3038 5744 3049 5757 .
3078 5710 3341 5808 ἐργασώμ.,
