4020 6370
274 354 382 411 305

273 471 473 530 tiones,
509 461 721 518 laudum
747 455 1305 514 commemorationem
1325 451 1411 505 vix
1433 448 1592 504 audet
1621 444 1855 516 aggredi.

282 560 358 613 Ae
383 548 838 626 quemadmodum
867 559 1034 616 equus
1051 540 1395 615 praecipitium
1440 547 1496 592 et
1539 542 1863 606 praeruptum

282 646 551 701 transilire
571 656 784 714 parans,
807 648 1055 694 conatum
1080 634 1311 694 intendit
1329 642 1389 687 ut
1411 637 1662 693 transeat,
1687 637 1744 682 ut
1768 642 1865 682 ve-

284 754 347 794 ro
361 736 773 809 profunditatem
793 734 1044 795 intuetur,
1065 728 1392 797 obstupescit
1405 722 1863 791 contrahiturque,

295 832 419 886 hinc
443 831 535 886 ubi
561 829 704 884 videt
733 826 967 897 equitem
990 824 1166 878 acrius
1192 822 1408 885 instare,
1436 832 1621 872 rursus
1654 822 1821 870 tentat
1846 853 1863 877 ,

287 924 626 991 idipsumque
664 918 806 989 quod
835 929 1013 983 antea,
1038 913 1251 985 patitur,
1267 910 1634 967 necessitatem
1658 908 1868 976 vimque

288 1015 387 1068 sibi
415 1014 617 1067 illatam
645 1009 956 1074 ostendens,
979 1014 1085 1061 stat
1098 1005 1185 1060 diu
1204 1003 1454 1058 hinniens
1475 1000 1539 1054 ad
1562 1015 1709 1054 oram
1726 1012 1866 1068 pra:-

286 1106 450 1175 rupti,
472 1113 531 1159 ut
554 1103 653 1157 sibi
683 1102 890 1155 animos
915 1081 1114 1155 faciens
1149 1097 1400 1161 demum,
1459 1092 1723 1148 transilire
1768 1105 1870 1144 au-

290 1199 453 1251 deat:
490 1197 569 1250 sic
594 1203 648 1249 et
673 1194 859 1247 beatus
886 1189 1101 1254 Paulus,
1125 1178 1393 1256 tamquam
1428 1184 1482 1238 in
1523 1180 1869 1252 praecipitium

288 1286 557 1357 quoddam
584 1299 705 1340 sese
725 1298 848 1338 mox
872 1281 1223 1344 demissurus,
1242 1291 1435 1347 nempe
1458 1276 1513 1330 in
1540 1273 1872 1345 prOpriarum

293 1379 504 1433 laudum
526 1373 1108 1438 commemorationem,
1155 1369 1343 1435 semel,
1374 1368 1567 1422 iterum
1594 1374 1651 1419 et
1676 1363 1833 1419 tertio
1853 1400 1870 1427 ,

292 1471 398 1524 imo
424 1469 626 1539 pluries
649 1465 934 1522 retrocedit
958 1465 1035 1519 sic
1057 1463 1261 1525 dicens,
1293 1459 1500 1515 Utinam
1536 1454 1874 1511 sustinueritis

293 1562 551 1614 modicum
579 1558 702 1631 quid
734 1554 1038 1626 insipientiw
1064 1568 1188 1607 mea:
1205 1568 1224 1607 .'
1251 1560 1304 1607 et
1331 1552 1542 1614 iterum,
1568 1546 1651 1602 Ne
1668 1546 1779 1617 quis
1798 1561 1878 1600 me

296 1666 431 1724 putet
457 1653 775 1723 insipientem
797 1667 900 1705 esse
922 1666 940 1704 :
965 1650 1189 1718 alioquin
1214 1648 1349 1701 velut
1385 1644 1704 1714 insipientem
1731 1640 1874 1694 acci-

298 1750 399 1817 pite
423 1763 542 1811 me;
568 1756 641 1812 et,
672 1744 821 1811 Quod
850 1744 1045 1813 loquor,
1086 1758 1185 1794 non
1206 1740 1384 1810 loquor
1401 1736 1673 1793 secundum
1702 1734 1879 1789 Domi-

297 1857 439 1905 num,
464 1838 554 1893 sed
581 1838 728 1908 quasi
756 1837 808 1889 in
836 1834 1146 1904 insipientia,
1176 1833 1229 1886 in
1258 1833 1351 1884 hac
1370 1829 1650 1885 substantia
1665 1826 1840 1899 glorite
1856 1843 1878 1892 ;

297 1948 360 1986 ac
388 1946 622 1996 rursum,
658 1928 911 1996 Quoniam
938 1928 1085 1981 multi
1124 1926 1408 1998 gloriantur
1435 1922 1711 1978 secundum
1759 1935 1878 1974 car-

301 2039 437 2087 nem,
460 2030 509 2074 et
532 2037 624 2092 ego
635 2020 893 2091 gloriabor
904 2036 924 2084 ;
949 2017 1156 2072 libenter
1176 2016 1306 2070 enim
1322 2013 1549 2081 sulfertis
1566 2012 1878 2082 insipientes,

300 2130 415 2166 cum
438 2112 547 2165 sitis
574 2112 672 2175 ipsi
694 2112 975 2180 sapientes;
1003 2109 1323 2177 iterumque,
1352 2103 1418 2158 In
1445 2120 1547 2175 quo
1572 2104 1689 2174 quis
1708 2102 1879 2169 audet,

300 2206 353 2258 in
382 2204 674 2275 insipientia
700 2204 835 2268 dico,
866 2203 1028 2256 audeo
1055 2210 1102 2255 et
1133 2216 1242 2271 ego.
1295 2200 1373 2254 Ac
1427 2206 1706 2268 postquam
1756 2210 1882 2249 sex-

303 2299 510 2353 centies
535 2312 594 2351 se
618 2296 837 2351 stultum
867 2303 925 2349 et
953 2293 1288 2362 insipientem
1320 2290 1628 2359 appellavit,
1654 2288 1739 2341 vix
1765 2295 1883 2341 tan-

300 2392 425 2445 dem
481 2388 641 2444 audet
678 2390 730 2442 in
774 2387 1020 2456 proprias
1062 2384 1247 2439 Iaudes
1292 2382 1653 2438 descendere:
1688 2377 1887 2433 Ηώτωὶ

304 2489 441 2545 sunt,
482 2488 527 2533 et
573 2494 663 2550 ego
686 2496 705 2531 :
730 2475 983 2531 Israelin
1009 2483 1144 2540 sunt,
1199 2482 1245 2527 et
1293 2488 1427 2544 ego:
1456 2487 1623 2527 semen
1672 2468 1889 2523 Abraha:

307 2581 449 2635 sunt,
478 2580 524 2623 et
552 2585 641 2640 ego
662 2584 682 2622 :
710 2567 929 2622 ministri
972 2565 1160 2621 Christi
1198 2576 1337 2631 sunt,
1368 2571 1416 2617 et
1465 2578 1555 2633 ego
1584 2559 1699 2629 (Ib.
1719 2575 1767 2613 υ.
1794 2557 1887 2612 22.

302 2661 422 2733 23).
453 2662 525 2715 At
555 2674 725 2729 neque
769 2658 855 2713 hic
878 2657 1074 2713 oblitus
1107 2664 1189 2710 est
1211 2656 1316 2721 sui,
1341 2653 1436 2709 sed
1457 2666 1667 2708 rursum
1712 2664 1891 2705 corre-

305 2757 542 2809 ctionem
575 2753 814 2823 apponit,
844 2753 925 2807 sic
947 2751 1168 2817 addens,
1199 2747 1265 2804 Ut
1290 2749 1457 2802 minus
1495 2745 1695 2817 sapiens
1739 2742 1850 2796 dico
1872 2781 1889 2806 ,

311 2848 429 2915 plus
453 2862 544 2916 ego
570 2842 782 2916 (Ibid.).
818 2841 1001 2912 Neque
1022 2841 1108 2895 hic
1133 2838 1352 2911 gradum
1382 2837 1560 2902 sistit,
1606 2833 1703 2889 sed
1742 2839 1892 2903 post-

308 2950 471 3006 quam
514 2948 702 2989 omnes
741 2931 923 2987 laudes
963 2946 1087 2986 suas
1129 2934 1487 2993 enarraverat,
1517 2926 1595 2981 sic
1621 2924 1890 2994 loquitur:

321 3026 516 3080 Factus
564 3041 677 3079 sum
718 3024 962 3095 insipiens
989 3021 1253 3094 gloriando
1276 3060 1292 3087 ,
1324 3035 1411 3073 vos
1435 3034 1513 3072 me
1535 3015 1764 3086 coegistis
1803 3012 1894 3087 (2.

312 3118 437 3171 Cor.
467 3115 554 3172 η.
588 3116 696 3186 ll).
728 3116 807 3170 Ac
833 3114 880 3169 si
900 3114 1101 3169 diceret
1129 3132 1143 3167 :
1176 3112 1284 3167 Eos
1310 3125 1415 3181 ego
1441 3108 1592 3164 nihili
1612 3107 1895 3173 ducebam,

312 3211 363 3263 si
394 3224 480 3263 res
508 3215 697 3263 vestra:
718 3207 856 3262 bene
880 3220 939 3260 se
963 3205 1242 3270 haberent,
1274 3203 1377 3257 nisi
1406 3201 1578 3257 eversi
1619 3199 1854 3255 fuissetis
1876 3239 1893 3265 ,

318 3300 420 3354 nisi
443 3298 809 3354 vacillassetis.
838 3296 971 3351 Nam
1000 3296 1100 3351 etsi
1129 3309 1343 3363 semper
1363 3292 1441 3348 illi
1486 3308 1572 3347 me
1599 3289 1900 3346 maledictis

321 3392 698 3461 iinpetiissent,
730 3389 961 3443 nihilex
1008 3403 1193 3442 eorum
1230 3384 1527 3439 maledictis
1569 3382 1698 3437 mihi
1736 3379 1902 3436 detri-

321 3482 487 3537 menti
507 3480 813 3535 accedebat.
844 3479 976 3547 Quia
1002 3494 1133 3533 vero
1182 3492 1395 3547 gregem
1423 3475 1527 3529 vidi
1546 3471 1900 3545 pessumdari,

321 3575 611 3644 discipulos
638 3574 958 3639 resilientes,
986 3588 1099 3627 rem
1128 3586 1344 3641 gravem
1386 3578 1441 3624 et
1464 3582 1747 3623 onerosam
1776 3567 1903 3622 des-

325 3667 469 3735 pexi,
502 3674 557 3719 et
575 3665 835 3734 insipiens
852 3664 964 3719 ﬁeri
992 3672 1206 3718 coactus
1226 3677 1365 3727 sum,
1395 3661 1522 3716 dum
1548 3659 1734 3715 laudes
1759 3672 1905 3714 meas

324 3768 545 3829 propter
572 3773 669 3811 vos
692 3765 1025 3826 vestramque
1050 3755 1276 3810 salutem
1303 3754 1549 3809 decanto.

399 3852 455 3906 5.
496 3850 676 3905 Sancti
702 3858 905 3921 peccata
928 3864 1021 3903 sua
1046 3848 1214 3918 facile,
1243 3847 1417 3903 laudes
1441 3862 1556 3901 vero
1571 3861 1688 3900 suas
1708 3844 1909 3899 nonnisi

326 3944 492 3994 coacti
539 3941 822 3994 enuntiant.
852 3969 921 3978 —
940 3939 1038 3994 Hic
1065 3938 1208 3993 enim
1235 3953 1351 3993 mos
1379 3946 1681 3993 sanctorum
1708 3944 1792 3992 est
1818 3953 1833 3991 :
1862 3936 1909 3991 si

328 4031 459 4099 quid
480 4032 605 4085 mali
634 4030 873 4095 fecerint,
906 4029 1033 4084 illud
1048 4030 1326 4100 evulgant,
1349 4028 1587 4099 quotidie
1605 4027 1908 4097 deplorant,

329 4124 687 4193 omnibusque
713 4124 884 4193 palam
912 4123 1154 4188 faciunt;
1212 4122 1258 4176 si
1284 4136 1415 4177 vero
1460 4120 1585 4191 quid
1630 4119 1805 4190 magni
1849 4134 1913 4174 ac

332 4215 600 4283 generosi,
631 4215 900 4269 occultant
944 4224 999 4270 et
1053 4214 1304 4269 oblivioni
1331 4213 1562 4268 tradunt.
1612 4212 1709 4266 llic
1737 4213 1913 4281 itaque

334 4317 554 4361 sanctus
577 4316 815 4376 peccata,
839 4306 1051 4362 nemine
1075 4314 1321 4376 cogente,
1349 4304 1653 4373 frequenter
1673 4302 1915 4357 versabat

335 4409 391 4454 et
418 4400 718 4470 evulgabat,
770 4400 930 4455 modo
971 4400 1176 4465 dicens,
1218 4399 1449 4454 Christus
1493 4397 1645 4452 Iesus
1679 4397 1810 4451 venit
1861 4398 1916 4450 in

337 4492 605 4556 mundum,
633 4502 688 4546 ut
708 4502 990 4563 peccatores
1009 4493 1261 4556 solveret,
1312 4507 1525 4562 quorum
1573 4490 1763 4559 primus
1805 4505 1918 4543 sum

338 4600 433 4654 ego
465 4584 542 4653 (l.
574 4578 708 4637 Tim.
733 4585 786 4638 1.
817 4583 939 4653 l5):
970 4583 1131 4638 modo
1153 4592 1349 4646 autem,
1382 4580 1590 4635 Gratias
1610 4596 1707 4650 ago
1735 4579 1800 4643 ei,
1831 4579 1918 4649 qui

342 4692 423 4728 me
447 4676 769 4744 confortavit,
793 4675 1017 4740 Christo,
1047 4676 1165 4745 quia
1215 4673 1415 4742 ﬁdelem
1452 4688 1532 4726 me
1576 4671 1874 4725 existimarit
1900 4709 1916 4733 ,

344 4783 537 4835 ponens
563 4767 618 4819 in
646 4767 943 4832 ministerio,
974 4766 1061 4836 qui
1097 4767 1287 4836 primus
1337 4765 1658 4829 blasphemus
1704 4762 1781 4832 [ui
1804 4802 1819 4827 ,
1874 4770 1921 4815 et

346 4868 674 4927 persequutor
697 4867 745 4912 et
770 4858 1155 4913 contumeliosus
1183 4874 1202 4912 :
1227 4858 1315 4913 sed
1348 4855 1748 4911 misericordiam
1795 4871 1920 4908 con-

346 4958 583 5017 sequutus
607 4966 739 5016 sum,
754 4952 872 5020 quia
890 4951 1130 5021 ignorans
1162 4950 1256 5021 feci
1272 4950 1325 5003 in
1352 4948 1701 5003 incredulitate
1735 4944 1841 5010 (Ib.
1873 4961 1920 4999 υ.

348 5039 436 5093 12.
472 5041 597 5110 l3);
626 5054 690 5094 ac
719 5056 952 5107 rursum,
981 5040 1268 5095 Novissime
1307 5049 1473 5094 autem
1518 5039 1742 5092 omnium
1790 5047 1923 5091 tam-

346 5147 501 5196 quam
528 5132 752 5186 abortivo
776 5133 909 5186 visus
932 5142 1007 5186 est
1033 5142 1080 5186 et
1101 5131 1265 5185 mihi:
1295 5147 1389 5202 ego
1408 5130 1537 5184 enim
1561 5145 1671 5184 sum
1691 5129 1926 5182 minimus

349 5222 718 5289 apostolorum,
746 5221 832 5292 qui
856 5238 957 5277 non
978 5238 1091 5277 sum
1116 5222 1297 5293 dignus
1316 5221 1481 5275 vocari
1494 5221 1772 5290 apostolus,
1801 5234 1929 5289 quo-

350 5314 492 5366 niam
518 5322 845 5383 persequutus
863 5330 974 5367 sum
1004 5312 1285 5367 Ecclesium
1308 5311 1406 5366 Dei
1436 5311 1512 5385 (Ι.
1560 5309 1681 5365 Cor.
1735 5309 1828 5365 l5.
1869 5309 1921 5365 8.

353 5403 443 5472 9);
466 5419 532 5458 ac
549 5419 783 5473 rursum,
814 5404 945 5458 Mihi
968 5405 1198 5459 omnium
1226 5412 1516 5457 sanctorum
1556 5402 1764 5455 minimo
1809 5400 1930 5454 data

354 5496 565 5550 est'hmc
594 5494 992 5568 gratia(Ephes.
1044 5498 1100 5552 '5.
1149 5495 1229 5565 8).
1275 5496 1461 5551 Viden’
1506 5493 1775 5565 quomodo
1824 5509 1931 5549 non

358 5589 719 5656 apostolorum
746 5588 937 5656 modo,
983 5588 1076 5643 sed
1124 5590 1284 5644 etiam
1333 5586 1644 5656 simpliciter
1698 5584 1931 5639 fidelium

358 5680 596 5736 omnium
645 5695 704 5736 se
730 5681 1004 5735 minimum
1052 5680 1243 5736 vocet?
1285 5678 1417 5733 Mihi
1461 5678 1667 5731 minimo
1709 5675 1933 5729 omnium

354 5774 888 5851 sanctorumﬂnquit,
917 5774 1035 5829 data
1056 5782 1128 5829 est
1156 5773 1321 5843 gratia.
1353 5773 1475 5827 ha'c.
1529 5770 1709 5840 itaque
1758 5780 1934 5836 neque

834 344 921 398 DE
961 338 1206 397 VERBIS
1260 332 1612 400 APOSTOLI,
1653 328 1912 390 UTINAM
1949 320 2439 383 SUSTINERETIS
2474 317 2800 387 MODICUM,
2841 311 2992 372 ETC.

3438 305 3543 362 306

1969 442 2160 506 salute,
2187 454 2345 510 quam
2371 443 2731 506 consequutus
2756 440 2861 497 est,
2897 445 2957 486 se
2977 427 3195 499 dignum
3222 437 3344 480 esse
3368 421 3501 477 dicit
3529 438 3543 473 :

1967 548 2089 588 cum
2109 532 2250 587 enim
2277 531 2491 595 dixerit,
2513 526 2743 584 Christus
2765 524 2917 579 Iesus
2938 521 3069 576 venit
3088 520 3142 573 in
3170 518 3412 571 mundum
3440 554 3455 580 ,
3493 516 3547 566 ut

1971 634 2259 694 peccatores
2280 622 2496 676 saluam
2520 659 2535 683 ,
2561 632 2777 684 quorum
2807 614 2999 684 primus
3024 626 3115 683 ego
3143 624 3254 664 sum
3285 606 3374 676 (ι.
3409 603 3543 657 Tim.

1972 716 2023 770 l.
2052 713 2181 785 15):
2211 710 2334 767 audi
2356 725 2460 781 qua
2484 708 2553 764 de
2592 721 2752 761 causa
2777 704 2829 760 id
2855 702 3032 758 dicat:
3065 699 3169 755 Sed
3197 697 3310 752 ideo
3345 694 3548 750 miseri-

1970 805 2197 859 cordiam
2222 808 2558 871 consequutus
2578 813 2711 863 sum,
2763 804 2817 849 ut
2862 794 2914 848 in
2953 808 3034 847 me
3059 791 3221 863 primo
3268 786 3552 843 ostenderet

1972 895 2200 952 Christus
2244 892 2395 948 Iesus
2446 905 2645 945 omnem
2688 886 2981 958 patientiam
3029 883 3098 937 ad
3143 880 3552 954 informationem

1973 1003 2166 1052 eorum,
2192 985 2278 1055 qui
2300 981 2542 1037 credituri
2568 987 2684 1035 sunt
2725 977 2826 1043 illi,
2856 977 2910 1030 in
2931 976 3084 1030 vitam
3107 983 3347 1029 atemam
3371 968 3475 1042 (Ib.
3500 984 3550 1024 ν.

1974 1077 2086 1151 t6).
2120 1077 2321 1132 Horum
2347 1084 2523 1129 autem
2569 1084 2762 1126 sensus
2806 1077 2889 1123 est
2915 1084 2928 1121 :
2958 1065 3075 1121 Non
3123 1064 3192 1119 ob
3236 1061 3553 1129 condignam

1972 1172 2098 1226 vitae
2118 1168 2463 1224 mutationem
2506 1161 2926 1219 misericordiam
2976 1163 3334 1225 consequutus
3382 1168 3552 1207 sum:

1975 1278 2106 1319 cave
2121 1262 2172 1317 id
2201 1261 2509 1324 existimes;
2537 1255 2633 1312 sed
2661 1265 2718 1309 ut
2732 1268 2892 1308 nemo
2919 1265 3128 1315 eorum,
3156 1247 3246 1318 qui
3267 1247 3319 1301 in
3362 1244 3554 1314 nequi-

1979 1356 2051 1410 tia
2076 1355 2343 1418 vixerunt,
2369 1348 2578 1404 etiamsi
2600 1346 2812 1401 Christo
2839 1343 3037 1398 bellum
3067 1338 3275 1403 fecerit,
3304 1335 3559 1406 despera-

1979 1454 2082 1512 ret,
2114 1443 2239 1498 dum
2269 1452 2566 1497 extremum
2593 1437 2829 1491 omnium
2856 1476 2872 1500 ,
2926 1446 3034 1502 quo
3088 1428 3265 1483 nullus
3308 1437 3558 1493 umquam

1980 1536 2221 1592 infestior
2239 1532 2455 1588 Christo
2481 1530 2595 1595 fuit,
2630 1528 2856 1583 salutem
2890 1528 3284 1591 consequutum
3328 1515 3556 1569 videret.

1980 1627 2254 1699 Siquidem
2284 1624 2526 1681 Christus
2554 1622 2703 1686 dicit,
2754 1618 3006 1686 Quoniam
3049 1630 3140 1668 vas
3187 1610 3444 1666 electionis
3486 1615 3563 1663 est

1981 1721 2125 1786 mihi,
2155 1729 2210 1773 ut
2231 1727 2391 1789 portet
2418 1732 2605 1770 nomen
2632 1728 2798 1768 meum
2824 1726 2995 1764 coram
3021 1706 3250 1779 gentibus
3276 1714 3324 1758 et
3364 1701 3567 1773 regibus

1982 1813 2120 1886 (Act.
2145 1810 2198 1868 9.
2228 1808 2356 1880 l5);
2389 1808 2474 1862 hic
2500 1822 2630 1861 vero
2652 1813 2729 1860 tot
2750 1802 2996 1858 laudibus
3024 1813 3129 1854 non
3159 1797 3520 1852 intumescens
3543 1833 3563 1859 ,

1986 1883 2106 1977 post
2127 1913 2330 1958 tantam
2356 1899 2603 1955 ﬁduciam
2625 1911 2686 1951 se
2714 1895 2968 1949 miserum
3017 1888 3309 1961 praedicare
3350 1883 3520 1952 pergit
3544 1922 3562 1945 ,

1986 2014 2044 2054 se
2075 1997 2302 2068 primum
2327 2002 2663 2064 peccatorum
2688 2001 2906 2051 vocans,
2934 1994 3092 2053 atque
3121 1980 3242 2034 ideo
3261 1977 3568 2033 misericor-

1985 2088 2125 2144 diam
2153 2091 2540 2150 consequutum
2589 2080 2771 2134 dicens
2794 2119 2808 2142 ,
2853 2083 2911 2130 ut
2956 2087 3114 2129 nemo
3142 2070 3225 2125 vel
3257 2083 3441 2123 eorum
3472 2065 3563 2133 qui

1987 2178 2053 2233 ad
2084 2189 2381 2232 extremum
2408 2171 2657 2242 nequitia:
2683 2165 3017 2229 devenerint,
3041 2162 3110 2217 de
3151 2158 3365 2231 prOpria
3395 2155 3568 2209 salute

1988 2270 2333 2339 desperaret,
2360 2264 2485 2318 dum
2512 2277 2571 2317 se
2615 2260 2823 2329 sibique
2862 2255 3117 2311 collatum
3142 2247 3456 2306 beneﬁcium
3483 2259 3571 2300 re-

1989 2363 2238 2433 spiceret.

2062 2453 2116 2509 6.
2157 2452 2377 2506 Peccata
2422 2446 2599 2516 itaque
2646 2458 2761 2509 sua,
2810 2440 2955 2495 nulla
2999 2445 3216 2493 coactus
3256 2431 3574 2489 necessitate

1991 2542 2229 2615 quotidie
2258 2539 2472 2609 evulgat
2517 2537 2570 2590 in
2609 2532 2857 2589 omnibus
2900 2527 3139 2600 epistolis
3189 2523 3334 2589 suis;
3381 2521 3575 2590 illaque

1994 2613 2224 2692 traducit
2266 2641 2320 2687 et
2361 2628 2598 2685 declarat
2629 2642 2734 2679 non
2783 2623 2925 2678 illius
2969 2618 3227 2689 temporis
3271 2613 3576 2669 hominibus

1995 2736 2221 2792 tantum,
2249 2723 2344 2780 sed
2373 2723 2534 2777 etiam
2559 2718 2806 2772 omnibus
2830 2724 2951 2784 post
2972 2710 3194 2774 futuris;
3218 2706 3401 2762 laudes
3423 2717 3575 2767 vero,

1995 2820 2157 2876 etiam
2180 2817 2412 2872 instante
2436 2810 2772 2871 necessitate,
2805 2818 3022 2860 narrare
3045 2807 3322 2855 cunctatur
3347 2804 3403 2851 et
3429 2792 3585 2849 refuv.

1998 2912 2097 2984 git.
2150 2908 2204 2964 ld
2231 2920 2360 2962 sane
2385 2903 2473 2958 vel
2500 2918 2566 2957 ex
2595 2916 2660 2955 eo
2687 2898 2857 2968 palam
2890 2904 3001 2960 est,
3029 2891 3171 2963 quod
3200 2888 3252 2943 id
3279 2884 3598 2943 sexcenties.

1998 2999 2352 3072 insipientiam
2382 3001 2555 3058 vocet;
2591 2991 2762 3062 palam
2789 2987 2915 3042 item
2941 2992 3025 3040 est
3048 2998 3113 3037 ex
3139 2987 3287 3034 tanto
3314 2985 3603 3045 tempore,~

1999 3065 2425 3167 quo-mirabilem
2456 3085 2601 3138 illam
2627 3091 2683 3137 et
2707 3079 2942 3133 divinam
2967 3069 3347 3129 revelationem
3374 3065 3577 3121 tacuit;

2001 3158 2110 3242 non
2138 3182 2282 3239 enim
2310 3188 2453 3244 tunc,
2481 3174 2568 3231 vel
2596 3182 2720 3227 ante
2748 3170 2881 3225 duos
2906 3176 3085 3221 tresve
3126 3169 3223 3216 aut
3253 3158 3440 3215 decem
3481 3170 3581 3217 an;

2002 3291 2122 3344 nos,
2147 3274 2239 3330 sed
2266 3280 2391 3327 ante
2417 3267 2584 3324 multo
2606 3265 2787 3336 plures
2806 3260 2949 3315 illam
2977 3255 3200 3316 viderat.
3223 3247 3615 3320 Quamobrem-rt

2004 3334 2177 3442 ipsum
2204 3376 2411 3434 tempus
2434 3334 2673 3429 assignat
2695 3354 2779 3409 his
2801 3351 2979 3407 verbis
3008 3367 3021 3402 τ
3048 3346 3168 3403 Scio
3190 3334 3623 3397 hominem'ante

2004 3427 2166 3517 cinnos
2192 3427 2568 3531 quatuordecini
2592 3455 2800 3519 raptum
2824 3442 2894 3497 ad
2920 3447 3121 3499 tertium
3158 3435 3341 3497 caelum
3375 3430 3434 3501 (Ε).
3462 3427 3595 3487 Con,

2008 3555 2095 3611 l2.
2122 3550 2179 3623 2)
2204 3523 2229 3605 ἐ
2258 3557 2318 3603 ut
2353 3556 2410 3601 tu
2437 3543 2696 3604 disceres,
2727 3552 2795 3592 ue
2821 3545 2947 3591 tunc
2969 3530 3185 3603 quidem
3225 3528 3298 3581 ita
3337 3523 3601 3623 loquutus

2006 3660 2126 3702 rum
2152 3613 2339 3705 fuisse,
2366 3636 2469 3693 nisi
2501 3645 2690 3702 magna
2720 3632 2942 3699 urgente
2968 3618 3306 3678 necessitate.
3336 3613 3395 3669 Si
3433 3625 3587 3668 nam:-

2009 3751 2112 3808 que
2137 3702 2394 3788 voluisset
2418 3725 2603 3782 laudes
2630 3736 2755 3777 suas
2781 3728 3083 3781 recensere,
3111 3709 3292 3772 statim
3319 3714 3480 3776 atque
3512 3702 3597 3761 vis.

2010 3797 2178 3885 disset
2206 3840 2345 3887 eam,
2386 3820 2733 3881 declarasset,
2781 3810 2869 3866 vel
2912 3808 3101 3864 saltem
3148 3803 3355 3873 primo.
3376 3797 3463 3857 vel
3499 3811 3591 3851 se—

2011 3920 2187 3978 cundo
2215 3926 2308 3973 aut
2333 3912 2489 3970 tertio
2511 3924 2653 3969 anno
2683 3924 2699 3961 :
2731 3912 2785 3959 at
2810 3903 2897 3959 ille
2923 3893 3326 3971 quatuordecim
3355 3889 3510 3945 annis
3537 3889 3592 3946 in

2014 4011 2226 4068 silentio
2256 4001 2719 4079 perseveravit,‘et
2746 3993 2942 4055 nemini
2980 3988 3134 4054 dixit,
3172 3984 3275 4040 nisi
3305 3978 3596 4042 Corinthiis

2017 4070 2663 4167 tautttrn.'Quandonam‘l
2690 4087 2823 4144 Cum
2854 4075 3330 4153 pseudoapostolos
3356 4070 3489 4126 vidit
3509 4070 3595 4123 in-

2016 4165 2317 4268 surgentes,
2366 4187 2646 4244 declarans
2695 4195 2755 4235 se
2793 4192 2863 4233 ne
2904 4184 3031 4230 tunc
3075 4168 3292 4240 quidem
3330 4165 3629 4223 dicturum.

2018 4253 2202 4354 fuisse,
2241 4253 2347 4343 nisi
2374 4286 2579 4337 tantam
2615 4274 2837 4330 vidisset
2873 4265 3268 4340 corruptionem
3310 4253 3599 4324 discipulos

2019 4382 2290 4441 invadere.
2320 4378 2391 4431 At
2418 4387 2516 4427 nos
2540 4385 2646 4424 non
2676 4367 2807 4422 item
2839 4380 2853 4418 :
2895 4359 2991 4416 sed
3030 4367 3249 4430 prorsus
3264 4346 3599 4408 .contrarium

2020 4476 2260 4532 facimus.
2284 4470 2631 4525 Peccatorum
2654 4473 2724 4515 ne
2744 4469 2853 4511 uno
2870 4451 3087 4524 quidem
3116 4448 3203 4507 die
3223 4442 3597 4503 recordamur;

2020 4565 2116 4622 sed
2138 4564 2183 4619 si
2206 4558 2481 4631 quospiam
2503 4569 2564 4609 ea
2586 4557 3010 4606 commemorare
3033 4538 3331 4602 audiamus,
3348 4531 3603 4602 indigna,-

2025 4674 2165 4724 mur,
2193 4669 2337 4726 a'gre
2376 4649 2619 4713 ferimus,
2666 4636 3045 4699 contumeliam
3089 4632 3143 4687 id
3175 4644 3297 4686 esse
3328 4635 3601 4698 putamus,

2025 4717 2320 4807 innumeris
2344 4742 2463 4797 illos
2491 4733 2784 4794 maledictis
2812 4726 3161 4788 incessimus;
3197 4722 3242 4776 si
3268 4717 3397 4790 quid
3422 4721 3619 4774 autem.

2026 4841 2149 4898 boni
2179 4845 2518 4909 praestemus,
2543 4829 2598 4883 in
2622 4840 2719 4882 ore
2742 4823 3048 4892 frequenter
3066 4824 3361 4875 versamus,
3386 4806 3436 4862 id
3459 4821 3608 4862 com,-

2029 4897 2450 4990 memorantibus
2478 4922 2703 4992 gratiam
2728 4914 3013 4974 habemus,
3044 4906 3270 4975 illosque
3299 4899 3454 4953 nobis
3482 4897 3608 4949 ami-

2028 5041 2121 5081 cos
2148 5020 2519 5078 existimamus
2555 5029 2569 5064 :
2601 5010 2728 5064 licet
2764 5002 3011 5059 Christus
3040 4993 3367 5052 contrarium
3398 5002 3603 5059 pmice-

2030 5117 2186 5189 perit,
2219 5121 2277 5168 ut
2298 5117 2445 5165 recte
2472 5104 2731 5159 factorum
2753 5094 2970 5167 quidem
2996 5087 3393 5146 obliviscamur,
3418 5093 3609 5151 pecca-

2033 5174 2206 5269 iorum
2230 5221 2359 5263 vero
2383 5200 2749 5260 recordemur.
2772 5189 2926 5259 Quod
2962 5185 3118 5243 nobis
3154 5176 3446 5237 declaravit
3481 5174 3608 5231 dum

2033 5308 2111 5364 sic
2133 5299 2423 5371 discipulos
2455 5295 2826 5351 cohortaretur
2860 5300 2874 5338 :
2913 5281 3042 5338 Cum
3067 5276 3236 5333 omnia
3264 5269 3502 5371 feceritis,
3531 5266 3613 5318 di-

2177 5359 2413 5465 quoitiam
2442 5385 2571 5442 servi
2599 5380 2803 5437 inutiles
2831 5388 3005 5431 sumus
3034 5368 3186 5443 (Luc.
3218 5366 3306 5420 l7.
3328 5360 3453 5465 ρο)
3480 5359 3609 5413 etin

2037 5451 2287 5561 parabola
2310 5476 2586 5539 Pharisaai,
2614 5471 2700 5529 cui
2722 5468 3059 5541 publicanum
3079 5455 3384 5530 praeposuit.
3412 5451 3609 5553 Quem-

2036 5539 2320 5635 admodum
2346 5572 2488 5629 enim
2514 5568 2657 5623 hunc
2693 5569 3029 5634 peccatorum
3064 5542 3500 5609 commemoratio
3523 5539 3609 5609 ju-

2039 5667 2304 5732 stiticavit,
2332 5662 2411 5717 sic
2436 5667 2491 5717 et
2515 5658 2660 5713 illum
2682 5629 2830 5709 recte
2856 5649 3112 5703 factorum
3143 5632 3396 5694 memoria
3426 5629 3606 5732 pcrdi-

2040 5761 2136 5817 dit.
2174 5720 2369 5814 Judtizis
2406 5762 2617 5824 quoque
2652 5747 2789 5803 Deus
2829 5739 3015 5799 eadem
3058 5731 3255 5790 monita
3306 5725 3483 5788 tradit,
3528 5720 3631 5785 his,
