4020 6370
475 295 579 353 507

455 422 645 479 verbis
675 438 691 477 :
726 420 839 494 Ego
869 439 986 477 sum
1013 423 1145 492 ipse,
1172 424 1261 494 qui
1292 424 1439 479 deleo
1460 432 1676 493 peccata
1714 434 1831 489 tua,
1854 433 2029 479 etnon

453 512 802 579 recordabar;
831 524 886 568 tu
913 531 1030 569 tero
1060 515 1338 571 recordare
1360 514 1498 587 (Isti.
1520 515 1616 571 4'5.
1641 515 1755 585 ΞΒ).

530 605 583 661 7.
624 604 727 664 Hic
766 623 886 665 mos
919 616 1039 663 erat
1084 608 1482 679 apostolorum,
1512 607 1601 663 hic
1638 607 2030 679 prophetarum

451 707 506 753 et
520 699 794 769 justorum
809 702 1074 758 omnium.
1101 702 1273 758 David
1292 704 1436 758 enim
1463 704 1669 773 peccati
1715 703 1798 759 sui
1828 702 2031 773 jugiter

452 790 870 857 recordabatur,
897 792 1169 847 bonorum
1196 807 1429 863 operum
1454 808 1724 864 nusquam
1756 794 1859 847 nisi
1894 793 2033 847 forte

452 891 679 953 cogente
705 887 1031 939 necessitate
1053 884 1126 952 (1,
1154 884 1276 955 Reg.
1297 884 1416 952 l7).
1447 884 1582 939 Cum
1633 899 1765 955 ergo
1792 884 2035 939 barbari-

454 986 581 1027 cum
607 973 741 1027 illud
784 974 988 1029 bellum
1019 975 1265 1030 Judazum
1296 975 1547 1038 vexabat,
1571 976 1860 1043 omniaque
1888 974 2035 1043 peri-

456 1063 599 1120 culis
642 1065 802 1135 plena
832 1075 1027 1134 erant;
1069 1083 1194 1122 cum
1230 1067 1319 1122 ille
1350 1066 1567 1137 juvenis
1595 1066 1772 1120 adhuc
1800 1073 1947 1120 esset
1974 1072 2032 1120 et

454 1153 583 1209 belli
621 1156 935 1228 imperitus,
969 1160 1177 1214 relictis
1201 1159 1396 1215 ovibus
1429 1159 1483 1213 in
1511 1159 1686 1213 aciem
1722 1155 2029 1221 descendit,

454 1264 691 1320 cumque
707 1266 897 1307 omnes
919 1253 1236 1317 exterritos,
1268 1250 1630 1308 formidantes
1648 1266 1712 1306 ac
1734 1258 2031 1305 trementes

448 1351 714 1407 cerneret,
746 1343 875 1397 nihil
921 1343 1211 1399 humanum
1242 1360 1429 1415 passus
1458 1354 1560 1412 est,
1605 1358 1777 1413 neque
1806 1353 2031 1397 caeteros

449 1432 688 1501 abjectos
727 1433 913 1489 videns
957 1434 1336 1490 formidolosus
1378 1435 1499 1502 fuit,
1541 1435 1637 1490 sed
1684 1435 1789 1489 ﬁde
1830 1433 2028 1497 omnia,

451 1538 569 1591 quae
593 1526 1060 1593 conspiciebantur
1103 1526 1504 1593 transeendens,
1536 1526 1601 1580 ad
1632 1525 1831 1596 Regem
1870 1524 2033 1579 cteloo

450 1629 568 1668 rum
597 1616 908 1685 respiciens,
947 1618 1169 1672 multam
1198 1618 1377 1673 animo
1405 1618 1736 1673 alacritatem
1764 1615 2030 1684 concepit,

448 1716 503 1759 et
530 1705 598 1761 ad
629 1708 821 1763 milites
849 1708 1147 1779 fratresque
1170 1724 1295 1764 suos
1315 1712 1563 1775 accessit,
1593 1709 1856 1778 pollicens
1881 1722 1940 1764 se
1964 1706 2033 1760 ab

453 1796 674 1853 instanti
723 1799 962 1868 periculo
990 1801 1134 1869 ipsos
1163 1801 1533 1857 liberaturum.
1572 1802 1705 1858 Cum
1740 1812 1917 1857 autem
1947 1800 2033 1855 di-

450 1899 594 1945 ctum
641 1891 927 1948 irriderent
957 1892 1146 1949 fratres
1182 1895 1299 1965 ejus
1344 1895 1542 1966 (neque
1587 1896 1729 1950 enim
1784 1895 2035 1951 videbant

451 1982 619 2040 Deum
647 1985 790 2042 intus
820 1988 968 2043 illum
1008 1992 1389 2054 concitantem,
1422 2006 1596 2060 neque
1624 1999 1881 2045 noverant
1918 1990 2032 2043 ani-

449 2093 596 2133 mum
622 2078 769 2134 illum
799 2095 1138 2151 generosum,
1170 2082 1235 2137 ad
1278 2083 1468 2139 caelum
1515 2098 1681 2154 usque
1721 2084 2028 2153 pertingen-

450 2176 581 2235 tem,
611 2185 906 2241 magnaque
949 2172 1139 2229 fiducia
1184 2174 1447 2244 plenum),
1494 2174 1596 2229 illis
1635 2175 1853 2241 relictis,
1899 2174 2032 2229 alios

450 2260 598 2317 adiit.
628 2262 727 2318 Ubi
755 2275 930 2320 autem
962 2266 1107 2321 illum
1138 2267 1482 2323 adduxissent
1520 2267 1585 2323 ad
1629 2284 1828 2338 regem,
1872 2284 2029 2338 quem

451 2353 643 2409 timore
672 2367 975 2412 emortuum
1019 2360 1217 2429 reperit
1261 2361 1479 2430 :primo
1523 2361 1568 2415 is
1615 2361 1756 2415 illius
1783 2360 2029 2415 animum

447 2444 623 2513 erigit,
657 2446 737 2500 his
763 2447 961 2514 verbis,
992 2446 1075 2504 Ne
1110 2452 1346 2504 concidat
1381 2468 1469 2505 cor
1513 2450 1706 2505 domini
1746 2453 1843 2506 mei
1881 2470 2033 2522 super

448 2535 582 2604 ipso,
610 2539 728 2605 quia
757 2556 926 2594 servus
963 2549 1078 2595 tuus
1112 2542 1202 2595 ibit
1231 2551 1277 2596 et
1298 2542 1539 2613 pugnabit
1570 2559 1683 2595 cum
1722 2543 1818 2597 hoc
1846 2544 2030 2597 alieni-

452 2641 581 2695 gena
608 2627 682 2698 (l.
712 2628 842 2701 Reg.
868 2630 954 2686 Π.
982 2630 1095 2704 52).
1120 2631 1251 2688 Cum
1283 2643 1460 2688 autem
1491 2633 1581 2687 ille
1615 2648 1719 2688 non
1751 2636 1909 2689 fidem
1940 2636 2031 2690 lia-

454 2717 605 2773 beret
625 2733 686 2773 ac
706 2719 930 2788 diceret,
962 2721 1084 2778 Non
1117 2725 1305 2795 poteris
1330 2726 1436 2789 ire;
1463 2736 1520 2780 tu
1558 2743 1683 2797 puer
1710 2743 1785 2792 es,
1824 2727 1914 2783 ille
1937 2746 2027 2781 au-

448 2819 547 2862 tem
576 2811 651 2863 t'ir
679 2811 894 2868 bellator
920 2831 953 2868 a
972 2815 1235 2884 juventute
1264 2835 1356 2872 sua
1383 2817 1489 2889 (Ib.
1518 2834 1565 2874 υ.
1590 2818 1702 2891 55),
1734 2820 1785 2874 in
1814 2822 2031 2891 ancipiti

447 2901 770 2957 constitutus
829 2904 991 2959 David
1049 2908 1258 2977 cogitur
1302 2909 1543 2979 pr0prias
1585 2911 1777 2966 efferre
1819 2912 2029 2967 laudes.

449 2992 600 3058 Quod
626 2995 767 3050 enim
798 2996 850 3052 id
879 2998 1067 3068 nollet,
1097 3015 1163 3055 ex
1204 2999 1470 3070 prioribus
1501 3005 1759 3074 arguitur,
1788 3004 2031 3075 quando-

448 3084 664 3153 quidem
695 3102 792 3143 nec
818 3086 1071 3145 fratribus
1093 3091 1204 3146 suis
1224 3091 1292 3148 de
1315 3092 1476 3148 rebus
1495 3110 1525 3148 a
1552 3109 1612 3150 se
1637 3094 1843 3151 fortiter
1866 3100 2031 3167 gestis

447 3176 717 3247 quidpiam
759 3179 992 3249 dixerat,
1032 3192 1090 3238 nt
1128 3200 1300 3255 neque
1340 3186 1616 3254 militibus,
1672 3190 1778 3244 imo
1822 3204 1888 3244 ne
1930 3190 2031 3261 ipsi

449 3270 579 3340 regi,
626 3271 796 3327 donec
836 3273 970 3330 vidit
1008 3290 1131 3331 eum
1176 3292 1282 3333 non
1325 3278 1566 3347 credere,
1613 3282 1936 3338 contendere
1977 3290 2033 3337 et

448 3374 793 3431 congressum
820 3381 972 3420 suum
997 3375 1182 3422 contra
1203 3368 1566 3425 adversarium
1589 3371 1868 3441 impedire.
1892 3373 2029 3440 Quid

450 3461 574 3506 tunc
603 3451 904 3510 faciendum
948 3457 1221 3513 restabat?
1254 3474 1322 3514 an
1365 3460 1601 3516 tacenda:
1632 3462 1816 3518 laudes
1841 3465 2030 3519 erant?

448 3544 646 3600 Atnon
676 3546 889 3603 sivisset
914 3548 1117 3619 egredi,
1156 3560 1211 3606 et
1237 3550 1307 3606 ab
1347 3551 1643 3607 imminenti
1684 3554 1921 3624 periculo
1962 3555 2030 3609 li-

448 3634 657 3691 berare.
682 3636 808 3693 ideo
834 3653 955 3693 cum
981 3640 1253 3706 tacuisset,
1282 3643 1495 3713 quando
1525 3654 1701 3700 tacere
1728 3645 2027 3715 oportebat,

447 3727 538 3782 ubi
561 3727 692 3783 vidit
731 3731 983 3801 temporis
1013 3733 1272 3789 rationem
1314 3734 1365 3789 id
1405 3737 1672 3805 postulare
1700 3746 1755 3792 ut
1783 3738 2032 3809 loquere-

445 3827 553 3885 tur,
584 3834 689 3874 non
716 3820 850 3876 ultra
891 3823 1073 3889 tacuit,
1114 3825 1208 3879 sed
1247 3825 1326 3880 sic
1364 3841 1487 3882 eum
1529 3828 1833 3899 alloquutus
1876 3839 1959 3885 est
2010 3846 2025 3883 :

446 3909 673 3967 Pascens
708 3930 847 3969 eram
890 3932 1062 3971 servus
1106 3927 1222 3971 tuus
1250 3935 1447 3990 gregem
1476 3921 1637 3991 patris
1666 3922 1778 3987 mei,
1822 3932 1868 3977 et
1914 3940 2031 3977 cum

445 4003 633 4057 veniret
659 4005 737 4059 leo
763 4015 851 4059 aut
878 4023 1055 4076 ursus,
1085 4019 1132 4063 et
1155 4011 1401 4080 acciperet
1438 4026 1577 4065 ovem
1606 4012 1669 4065 de
1693 4030 1862 4084 grege,
1890 4031 2033 4086 egre-

447 4095 622 4149 diebar
648 4106 759 4165 post
787 4113 921 4165 eum,
949 4108 996 4152 et
1028 4100 1363 4170 pcrcutiebam
1392 4118 1525 4168 eum,
1550 4113 1597 4157 et
1627 4105 1945 4159 extraltebant
1968 4106 2031 4159 ab

446 4205 533 4242 ore
554 4190 685 4261 ejus,
713 4200 760 4244 et
789 4193 1228 4262 apprchendebam
1271 4204 1447 4266 guttur
1474 4197 1605 4266 ejus,
1653 4207 1700 4251 et
1745 4198 2032 4254 occidebant

447 4296 558 4333 cum
588 4295 609 4335 :
630 4297 691 4335 ac
721 4280 913 4337 leonem
939 4293 986 4337 et
1016 4301 1188 4339 ursum
1217 4288 1464 4355 percussit
1488 4305 1657 4344 servus
1681 4300 1798 4345 tuus
1828 4308 1846 4346 :
1870 4300 1917 4346 et
1937 4293 2031 4346 erit

445 4371 728 4443 alienigena
745 4374 826 4427 ln'c
849 4384 894 4428 et
922 4375 1301 4432 incircumcisus
1323 4380 1452 4433 sicut
1468 4397 1597 4434 unus
1617 4397 1679 4435 ea:
1698 4383 1769 4436 eis
1798 4384 1844 4453 (l
1859 4422 1871 4435 .
1896 4384 2027 4457 Reg.

448 4464 536 4518 17.
563 4463 773 4538 54-56).
828 4466 983 4523 Vides
1022 4470 1289 4540 quomodo
1327 4470 1616 4527 declaravit
1643 4488 1743 4544 qua
1773 4476 1841 4531 de
1869 4491 2028 4532 causa

447 4556 517 4611 ab
552 4571 613 4612 se
654 4558 859 4614 fortiter
893 4571 1041 4630 gesta
1084 4565 1622 4619 commemoraverit?
1651 4565 1786 4620 Tum
1829 4568 2032 4624 scilicet

442 4660 539 4705 rex
562 4660 830 4720 assumpta
849 4650 1059 4720 fiducia,
1076 4652 1236 4723 jussit
1254 4654 1420 4709 abire.
1452 4655 1597 4710 Abiit
1618 4671 1798 4728 porro,
1827 4673 2031 4730 pugna-

449 4740 524 4794 vit
543 4750 599 4796 et
622 4740 767 4797 vicit.
789 4744 859 4798 At
879 4744 980 4798 nisi
1006 4744 1193 4801 laudes
1207 4761 1331 4801 suas
1347 4759 1672 4816 enarrasset,
1695 4764 2030 4821 nequaquam

448 4847 541 4889 rex
556 4832 631 4888 illi
644 4834 1076 4890 monomachiam
1089 4834 1914 4905 ejusmodiconcessisset;sinon
1928 4857 2037 4900 cre-

446 4923 688 4990 didisset,
736 4940 843 4980 non
886 4925 1103 4984 sivisset
1131 4945 1255 4985 eum
1301 4930 1356 4985 in
1395 4931 1564 4986 aciem
1594 4933 1952 5001 descendere;
1985 4937 2029 4991 si

445 5030 552 5071 non
579 5016 811 5082 sivisset,
834 5018 1110 5077 victoriam
1137 5023 1502 5094 impedivisset
1528 5040 1541 5078 :
1571 5026 1821 5097 impedita
1851 5038 2028 5084 autem

446 5108 687 5176 victoria,
722 5125 896 5180 neque
929 5113 1069 5169 Deus
1098 5124 1225 5170 tunc
1252 5115 1596 5185 gloriﬁcatus,
1634 5134 1808 5190 neque
1844 5121 2030 5176 civitas

441 5201 511 5255 ab
558 5203 868 5271 urgentibus
911 5205 1067 5261 malis
1119 5206 1341 5263 liberata
1394 5220 1557 5263 esset.
1608 5209 1685 5265 Ne
1741 5211 1901 5282 igitur
1953 5223 2029 5267 tot

439 5292 670 5349 absurda
690 5294 1080 5365 contingerent,
1102 5314 1272 5369 neque
1291 5310 1449 5355 tanta:
1467 5301 1873 5371 dispensationis
1894 5320 2030 5373 opus

443 5386 848 5456 praepediretur,
884 5400 1102 5444 coactus
1138 5402 1220 5446 est
1261 5392 1424 5447 David
1472 5396 1713 5465 proprias
1750 5412 2030 5452 recensere

442 5477 712 5533 victorias.
735 5477 805 5534 Ut
825 5479 964 5533 enim
984 5489 1160 5537 tacere
1180 5486 1375 5549 sciunt,
1403 5485 1487 5538 ubi
1511 5486 1654 5540 nulla
1677 5495 1758 5540 est
1777 5485 2029 5556 loquendi

443 5570 758 5637 necessitas,
790 5571 864 5625 ita
895 5581 949 5626 et
976 5570 1119 5643 loqui
1149 5584 1361 5643 norunt,
1398 5574 1449 5629 vi
1479 5576 1710 5630 instante
1738 5587 1897 5648 atque
1924 5576 2028 5631 im-

444 5672 515 5713 nn
526 5677 625 5716 nun
635 5673 704 5722 te.

515 5750 569 5805 8.
615 5751 795 5824 Neque
824 5753 875 5809 in
918 5754 1020 5811 hoc
1062 5767 1287 5823 tantum,
1334 5760 1428 5814 sed
1472 5759 1631 5815 etiam
1676 5760 1728 5813 in
1776 5759 2027 5816 Samuele

1203 294 1257 349 S.
1287 291 1568 349 JOANNIS
1597 286 2075 346 CHRYSOSTOMI
2104 285 2419 342 ARCIilEP.
2452 278 2992 340 CUNSTANTINOP.

3602 273 3713 331 503

2148 415 2377 485 idipsum
2402 413 2693 485 contigisse
2717 411 2839 483 quis
2884 409 3081 467 videat.
3113 408 3324 465 Etenim
3358 407 3447 464 ille
3483 421 3605 463 cum
3642 413 3729 464 tot

2142 509 2295 563 armis
2320 506 2542 563 Iudaico
2571 504 2767 577 populo
2793 503 3115 575 praefuisset,
3146 501 3307 572 idque
3337 499 3405 555 ad
3429 499 3526 555 Dei
3554 499 3726 569 placi-

2142 610 2276 668 tum,
2304 615 2403 657 nec
2434 599 2707 670 quidpiam
2744 596 2921 667 magni
2963 594 3034 651 de
3074 609 3135 650 se
3172 607 3422 662 umquam
3472 592 3728 661 loquutus

2141 692 2349 755 fuisset,
2374 691 2540 746 multa
2562 690 2686 745 licet
2705 687 2923 744 haberet
2946 684 3191 751 dicenda,
3209 684 3254 739 si
3275 682 3549 748 voluisset,
3570 696 3729 736 suam

2139 800 2169 839 a
2198 785 2449 853 primaeva
2477 791 2633 837 :etate
2658 779 3057 845 educationem,
3100 776 3157 831 in
3195 775 3396 845 templo
3421 788 3727 829 commora-

2142 875 2361 936 tionem,
2391 871 2688 942 prophetiae
2715 869 2915 926 donum
2958 868 3028 923 ab
3071 864 3424 929 incunabulis,
3458 873 3579 934 post
3612 863 3732 917 haec

2142 962 2303 1029 bella,
2328 962 2598 1027 victorias,
2628 975 2761 1031 quas
2788 975 2894 1014 non
2923 958 3109 1023 armis,
3143 955 3238 1012 sed
3259 970 3327 1011 ex
3354 953 3729 1009 benevolentia

2146 1055 2237 1111 Dei
2276 1055 2445 1110 aciem
2480 1054 2752 1110 instruens
2778 1049 3067 1121 reportavit
3106 1066 3121 1103 :
3152 1048 3345 1103 horum
3377 1055 3554 1100 tamen
3596 1043 3731 1098 nihil

2142 1146 2402 1216 superiori
2433 1154 2673 1215 tempore
2697 1143 2927 1198 dixerat.
2953 1142 3026 1197 At
3068 1139 3156 1194 ubi
3195 1138 3549 1209 principatum
3572 1134 3732 1189 abdi-

2142 1249 2375 1301 caturus,
2425 1236 2691 1305 alterique
2735 1233 3017 1303 imperium
3070 1229 3363 1286 traditurus
3414 1237 3552 1292 erat,
3606 1236 3739 1282 tunc

2141 1340 2357 1386 coactus
2381 1337 2466 1385 est
2488 1329 2732 1399 proprias
2770 1325 2953 1381 laudes
2984 1337 3289 1389 recensere,
3339 1320 3500 1391 idque
3540 1319 3738 1373 admo-

2140 1422 2268 1476 dum
2296 1435 2475 1492 paree.
2517 1420 2861 1487 Evocatoque
2910 1417 3162 1471 universo
3204 1413 3424 1484 p0pulo,
3465 1416 3738 1482 praesente

2140 1514 2324 1579 Saule,
2350 1515 2420 1568 ita
2453 1514 2702 1583 loquutus
2728 1519 2813 1566 est
2853 1528 2869 1568 :
2917 1508 3049 1565 Ecce
3070 1507 3239 1561 audiui
3282 1521 3453 1559 uocem
3490 1511 3734 1563 uestram.

2141 1616 2190 1661 et
2216 1605 2452 1662 constitui
2478 1605 2617 1659 vobis
2641 1618 2807 1674 regem
2832 1617 2853 1656 :
2876 1610 2923 1655 et
2951 1616 3043 1672 ego
3069 1614 3180 1653 ecce
3198 1605 3518 1652 conversatus
3542 1608 3658 1647 sum
3682 1591 3736 1643 in

2139 1710 2411 1770 conspectu
2453 1707 2614 1753 uestro
2646 1714 2683 1750 α
2717 1697 2985 1767 juventute
3027 1709 3157 1758 mea,
3201 1701 3250 1746 et
3287 1705 3442 1761 usque
3482 1688 3552 1740 ad
3597 1686 3737 1738 diem

2141 1791 2296 1856 hanc,
2325 1801 2371 1845 et
2398 1793 2559 1844 senui.
2592 1788 2913 1860 Respondete
2939 1796 3116 1841 contra
3141 1802 3219 1839 me
3242 1785 3297 1839 in
3324 1791 3593 1851 conspectu
3616 1778 3737 1834 Do-

2142 1885 2286 1951 mini,
2308 1894 2355 1938 et
2376 1885 2428 1938 in
2448 1893 2715 1954 conspectu
2740 1881 2916 1937 christi
2934 1881 3077 1951 ejus;
3104 1879 3249 1950 cujus
3277 1886 3496 1931 uestrum
3521 1874 3739 1928 vitulum

2140 1974 2356 2044 accepi?
2387 1982 2477 2027 aut
2505 1974 2651 2042 cujus
2692 1972 2892 2026 asinum
2932 1969 3146 2039 accepi?
3188 1977 3278 2021 aut
3311 1982 3460 2038 quem
3503 1974 3732 2019 uestrum

2140 2064 2409 2135 oppressi?
2456 2073 2545 2118 aut
2597 2064 2679 2118 cui
2723 2072 2943 2116 uestrum
2996 2062 3095 2115 uim
3143 2058 3280 2128 feci?
3324 2068 3413 2110 aut
3467 2073 3531 2111 ea:
3581 2057 3736 2125 cujus

2140 2166 2358 2210 uestrum
2414 2171 2569 2209 manu
2620 2154 2789 2224 accepi
2841 2153 3177 2223 placationem
3228 2160 3317 2204 aut
3369 2148 3633 2213 calceum,
3687 2156 3737 2199 et

2138 2247 2381 2301 abscondi
2420 2246 2595 2301 oculos
2645 2262 2781 2300 meos
2821 2246 2877 2299 in
2919 2243 3053 2298 illo?
3091 2242 3255 2296 Dicite
3304 2250 3479 2295 contra
3528 2254 3627 2302 me,
3685 2247 3737 2290 et

2136 2341 2401 2395 restituant
2449 2340 2585 2395 vobis
2626 2338 2704 2411 (1.
2755 2336 2886 2407 Reg.
2936 2336 3024 2391 12.
3076 2333 3221 2406 1-5).
3276 2333 3455 2403 Ecqua
3495 2331 3738 2385 necessi-

2141 2443 2222 2487 tas
2265 2432 2381 2488 baec
2423 2431 2670 2497 dicendi,
2716 2427 2959 2501 inquies?
3002 2427 3164 2483 Multa
3219 2439 3540 2496 magnaque.
3584 2423 3736 2489 Quo-

2136 2528 2284 2580 niam
2337 2524 2477 2579 enim
2533 2523 2827 2592 principem
2882 2519 3193 2575 inducturus
3253 2517 3358 2573 illis
3414 2524 3532 2570 erat
3594 2513 3735 2568 Sau-

2141 2615 2265 2680 lem,
2312 2625 2368 2670 ut
2408 2616 2460 2669 in
2495 2615 2581 2670 sui
2624 2614 2791 2684 ipsius
2828 2612 3140 2667 defensione
3180 2609 3400 2665 doceret
3440 2619 3587 2671 eum,
3624 2619 3735 2675 quo

2134 2716 2295 2778 pacto
2338 2721 2570 2778 prmesse
2615 2712 2923 2775 oporteret,
2972 2712 3027 2758 et
3078 2716 3264 2757 curam
3310 2713 3501 2769 gerere
3552 2695 3735 2749 subdi-

2138 2810 2337 2867 torum,
2366 2800 2511 2870 ipsos
2535 2798 2777 2855 subditos
2798 2792 3151 2866 philosophia:
3170 2806 3281 2847 sua:
3306 2799 3472 2845 testes
3491 2786 3730 2841 adducit.

2134 2892 2247 2948 Nec
2273 2892 2399 2947 illud
2428 2892 2535 2961 egit
2560 2889 2769 2960 imperii
2793 2889 2874 2944 sui
2906 2898 3170 2957 tempore,
3200 2900 3270 2940 ne
3295 2883 3417 2954 quis
3438 2881 3648 2935 diceret
3668 2878 3734 2932 il-

2141 2986 2220 3040 los
2246 2999 2355 3054 prae
2383 2984 2550 3053 ipsius
2576 2995 2723 3039 metu
2751 2997 2813 3037 ac
2837 2980 3122 3036 formidine
3144 2994 3265 3049 qua:
3304 2992 3409 3030 non
3452 2983 3609 3030 erant
3652 2982 3732 3027 te-

2134 3080 2397 3134 stilicatos
2423 3092 2565 3141 esse;
2584 3091 2767 3131 verum
2791 3075 2900 3146 jam
2925 3073 3100 3129 soluta
3124 3086 3219 3127 sua
3246 3067 3727 3127 administratione,

2133 3187 2261 3226 cum
2287 3172 2340 3225 in
2368 3170 2532 3224 alium
2564 3166 2877 3238 praefectura
2908 3165 3163 3220 translata
3205 3171 3369 3226 esset,
3416 3160 3731 3228 nullumque

2139 3267 2409 3322 accusanti
2436 3263 2729 3336 periculum
2754 3262 2995 3327 instaret,
3021 3269 3147 3314 tunc
3170 3272 3292 3313 cum
3314 3255 3418 3310 illis
3442 3253 3727 3321 disceptet.

2140 3360 2471 3429 Quamquam
2510 3358 2557 3412 si
2599 3356 2738 3411 alius
2766 3354 2975 3420 fuisset,
3001 3351 3202 3407 Judzeis
3243 3350 3481 3405 infensus
3518 3344 3731 3400 futurus

2140 3460 2295 3517 erat,
2346 3464 2447 3505 nec
2495 3448 2753 3502 voluisset
2804 3445 3098 3515 principem
3152 3453 3521 3497 successorem
3570 3452 3726 3491 suum

2138 3558 2351 3614 umquam
2377 3540 2815 3609 moderatumque
2840 3552 2979 3603 esse,
3017 3536 3176 3606 idque
3201 3550 3309 3589 non
3346 3533 3521 3587 solum
3549 3545 3621 3585 ex
3648 3529 3730 3582 in-

2136 3636 2292 3707 juriae
2318 3644 2554 3704 accepta:
2582 3630 2861 3697 memoria,
2889 3628 2986 3685 sed
3011 3637 3071 3683 ut
3094 3636 3150 3683 et
3177 3626 3290 3696 ipse
3318 3624 3579 3693 majorem
3600 3636 3729 3676 con-

2139 3735 2454 3799 sequeretur
2478 3725 2713 3781 laudem.
3558 3782 3563 3799 ὲ

2211 3821 2264 3877 9.
2300 3819 2567 3891 Principes
2594 3826 2771 3888 optant
2794 3815 3051 3886 improbos
3088 3810 3273 3866 habere
3309 3822 3727 3865 successores.—

2142 3912 2269 3968 lllud
2295 3910 2438 3967 enim
2481 3909 2653 3964 morbi
2683 3906 2982 3978 principum
3010 3902 3204 3958 animis
3259 3899 3476 3962 insidet,
3510 3909 3570 3951 ut
3601 3910 3725 3951 suc-

2139 4017 2383 4059 cessores
2410 4016 2535 4055 suos
2558 3998 2831 4070 improbos
2855 3996 3252 4062 sceleratosque
3274 4006 3397 4048 esse
3422 3996 3724 4059 pemptent.

2140 4097 2270 4152 Nam
2301 4096 2347 4151 si
2393 4094 2599 4150 strenui
2636 4090 2993 4163 generosique
3037 4088 3261 4153 fuerint,
3305 4085 3627 4139 illuStriores
3668 4095 3727 4134 se

2138 4188 2523 4245 existimandos
2548 4200 2667 4241 esse
2712 4192 2920 4254 putant,
2950 4182 2997 4238 si
3043 4182 3098 4247 ii,
3141 4178 3237 4250 qui
3267 4177 3553 4247 imperium
3580 4172 3726 4229 exei-

2141 4282 2310 4351 piunt,
2346 4296 2455 4338 non
2490 4278 2573 4334 sui
2610 4277 2815 4332 similes
2843 4276 2950 4330 sint
2979 4291 2995 4329 :
3034 4273 3085 4327 si
3126 4284 3304 4326 autem
3335 4270 3576 4339 perversi
3604 4280 3724 4320 cor-

2140 4375 2389 4443 ruptique
2416 4372 2543 4435 sint,
2578 4381 2949 4424 successorum
2978 4362 3267 4434 nequitiam
3297 4360 3601 4430 apologiam
3628 4356 3726 4411 sibi

2140 4466 2254 4521 fore
2278 4474 2483 4536 putant.
2511 4462 2622 4518 Sed
2650 4477 2759 4517 non
2788 4459 2909 4514 talis
2945 4467 3065 4513 erat
3101 4457 3288 4511 beatus
3316 4455 3405 4508 ille
3430 4453 3549 4517 vir;
3581 4462 3727 4520 opta-

2140 4560 2231 4615 bat
2253 4559 2450 4629 quippe
2479 4556 2723 4625 votisque
2753 4552 3001 4607 omnibus
3039 4550 3309 4620 cupiebat,
3339 4554 3400 4601 ut
3426 4545 3585 4615 longe
3615 4560 3724 4596 ine-

2139 4653 2256 4707 liori
2285 4650 2511 4721 imperio
2538 4648 2844 4703 fruerentur
2876 4662 2890 4699 :
2921 4652 3075 4698 tanto
3107 4641 3312 4696 scilicet
3349 4652 3537 4693 amore
3580 4646 3723 4689 tene-

2139 4744 2316 4810 batur,
2348 4756 2517 4813 usque
2541 4739 2677 4794 adeo
2702 4738 2885 4793 livoris
2913 4750 3114 4805 expers
3138 4742 3274 4797 erat,
3298 4741 3353 4785 et
3378 4744 3411 4783 a
3448 4742 3587 4781 vana
3612 4726 3724 4795 glo—

2138 4837 2217 4891 ria
2242 4836 2468 4889 alienus.
2491 4831 2767 4903 Siquidem
2793 4844 2957 4884 unum
2980 4836 3183 4881 tantum
3210 4827 3516 4893 expetebat,
3541 4831 3725 4885 nempe

2140 4929 2415 4983 hominum
2449 4926 2695 4982 salutem.
2727 4923 2854 4979 Ideo
2882 4924 2934 4976 in
2978 4918 3295 4975 defensione
3333 4930 3429 4969 sua
3475 4912 3723 4984 principis

2138 5020 2315 5074 officia
2338 5018 2677 5089 depingebat.
2710 5015 2844 5083 Quia
2868 5014 3035 5077 enim,
3066 5011 3111 5066 si
3140 5024 3324 5080 regem
3356 5006 3723 5075 compellasset

2138 5129 2202 5169 ac
2230 5112 2473 5178 dixisset,
2521 5112 2651 5165 Esto
2675 5122 2876 5178 aequus,
2914 5115 3248 5167 mansuetus,
3288 5098 3607 5156 muneribus
3635 5096 3725 5150 im-

2139 5207 2371 5276 pervius,
2400 5204 2599 5259 nemini
2629 5202 2734 5256 vim
2761 5200 2979 5262 inferas,
3008 5198 3276 5251 neminem
3304 5193 3491 5257 laedas,
3520 5190 3605 5245 vel
3632 5188 3721 5241 de-

2138 5299 2371 5361 fraudes,
2400 5314 2562 5369 grave
2598 5296 2725 5351 illud
2761 5294 3151 5362 molestumque
3176 5289 3364 5344 fuisset
3382 5285 3654 5347 audienti;
3680 5280 3721 5333 si

2142 5392 2397 5447 tacuisset
2420 5392 2569 5456 item,
2594 5389 2722 5443 illud
2748 5397 2863 5443 erat
2885 5386 3139 5457 populum
3169 5380 3399 5451 prodere
3424 5397 3436 5431 :
3463 5377 3722 5433 defensio-

2139 5486 2222 5539 nis
2249 5485 2428 5555 specie
2458 5483 2667 5552 utrique
2693 5480 2987 5537 remedium
3030 5475 3271 5532 adhibuit
3312 5491 3324 5526 :
3358 5473 3507 5527 illum
3531 5470 3722 5543 quippe

2138 5579 2320 5633 docuit
2345 5593 2501 5648 quem
2529 5584 2803 5645 oporteret
2831 5587 2952 5628 esse
2980 5585 3183 5641 regem,
3210 5564 3444 5635 talisque
3461 5564 3719 5621 doctrina:

2139 5670 2436 5724 molestiam
2480 5667 2678 5735 effugit.
2726 5666 2791 5719 Et
2837 5663 3052 5734 quidem
3093 5660 3307 5715 videtur
3345 5657 3436 5711 illc
3482 5670 3578 5723 pro
3619 5666 3723 5706 suis

2139 5772 2341 5815 tantum
2372 5756 2530 5814 rebus
2556 5758 2879 5828 disceptare,
2910 5755 3174 5824 docetque
3202 5748 3415 5805 interim
3449 5746 3596 5801 illum
3620 5752 3723 5812 quo
