4020 6370
293 341 398 399 507

286 452 457 516 οὔτως
474 467 491 483 ·
535 447 676 520 Ἐγώ
693 450 809 518 ειμι
831 450 1018 516 αὐτὸς
1037 452 1070 504 ό
1095 449 1435 520 ἐξαλείφω·
1456 452 1567 516 τὰς
1583 451 1874 521 ἁμαρτιας

285 552 424 597 σου.
455 533 554 589 καὶ
578 534 654 590 οὐ
675 533 764 602 μὴ
783 532 1061 602 μνησθῶ·
1091 533 1177 590 σὺ
1209 533 1280 588 δὲ
1301 533 1628 603 μνήσθητι.

353 619 420 684 ζ’.
437 614 693 673 Τοιοῦτον
715 615 826 669 τῶν
841 615 1156 670 ἀποστόλων
1171 616 1232 669 τὸ
1247 611 1377 687 ἦθος
1405 612 1496 688 ἦν,
1508 635 1530 669 ’.
1540 617 1750 672 οιούτον
1765 616 1877 671 τῶν

286 698 582 774 προφητῶν
607 698 702 752 καὶ
733 696 842 752 τῶν
872 698 1099 754 δικαίων
1141 699 1422 754 ἁπάντων.
1469 701 1526 755 ’0
1557 701 1688 769 γοῦν
1710 699 1878 756 Δαυῖδ

283 786 378 856 τῆς
409 785 510 854 μὲν
535 781 813 852 ἁμαρτίας
828 782 928 850 τῆς
958 781 1156 838 ἑαυτοῦ
1177 783 1417 854 συνεχῶς
1440 784 1742 855 ἐμέμνητο,
1765 783 1875 838 τῶν

281 867 334 920 δὲ
363 864 810 936 κατορθωμάτων
843 864 1104 934 οὐδαμοῦ,
1145 865 1286 937 πλὴν
1334 865 1388 918 εί
1417 884 1549 921 ποτε
1597 884 1876 938 κατηναγ-

281 951 482 1022 κάσθη.
517 950 645 1002 Ὅτε
667 948 799 1017 γοῦν
822 951 851 1002 ὁ
882 949 1222 1024 βαρϐαρικὸς
1245 953 1455 1016 ἐκεῖνος
1500 952 1740 1027 πόλεμος
1774 953 1875 1022 τὴν

293 1035 552 1089 Ἰουδαίαν
580 1033 884 1099 κατέλαϐε,
919 1035 1014 1091 καὶ
1049 1036 1228 1090 πάντα
1280 1035 1543 1093 κινδύνων
1575 1033 1642 1107 ἦν
1678 1037 1872 1107 μεστά,

281 1119 398 1182 νέος
413 1117 492 1170 ὣν
518 1116 599 1169 ἔτι
623 1118 720 1170 καὶ
745 1116 1002 1186 πολέμων
1029 1117 1282 1187 ἄπειρος,
1310 1118 1627 1174 καταλιπὼν
1651 1120 1720 1172 τά
1742 1119 1877 1191 πρό-

279 1203 436 1266 ϐατα,
468 1201 564 1255 καὶ
596 1203 677 1263 εἰς
719 1199 821 1271 τὴν
868 1201 1177 1272 παράταξιν
1215 1200 1408 1267 ἐλθὼν,
1459 1205 1672 1267 πάντας
1736 1220 1875 1256 κατ-

277 1286 584 1356 επτηχότας
634 1284 849 1352 βλέπων
907 1285 1004 1338 καὶ
1029 1285 1338 1349 δεδοικότας
1383 1287 1481 1339 καὶ
1530 1286 1874 1358 τρέμοντας,

277 1370 427 1424 οὐδὲν
471 1369 676 1422 ἔπαθεν
723 1367 1089 1440 ἀνθρώπινον,
1139 1367 1262 1424 οὐδὲ
1299 1369 1522 1437 ἐγένετο
1573 1369 1876 1440 δειλότερος

275 1455 401 1517 τοὺς
433 1453 670 1516 οἰκείους
694 1452 1206 1522 τεταπεινωμένους
1233 1451 1397 1523 ὀρῶν·
1427 1452 1568 1510 ἀλλά
1594 1455 1661 1524 τῇ
1687 1453 1876 1506 πίστει

277 1536 458 1589 πάντα
486 1535 557 1588 τά
587 1534 899 1605 βλεπόμενα
935 1534 1203 1606 ὑπερϐάς,
1233 1535 1328 1590 καὶ
1357 1535 1496 1607 πρὸς
1514 1538 1608 1590 τὸν
1638 1535 1876 1590 Βασιλέα

275 1618 384 1674 τῶν
431 1620 681 1690 οὐρανῶν
723 1616 886 1682 ἰδὼν,
934 1619 1032 1672 καὶ
1087 1619 1289 1689 πολλῆς
1343 1619 1538 1674 ἐαυτὸν
1583 1619 1874 1692 ἐμπλήσας

277 1703 614 1776 προθυμίας,
679 1703 959 1774 προσῆλθε
1021 1705 1136 1768 τοῖς
1190 1702 1558 1774 στρατιώταις
1610 1706 1706 1760 καὶ
1758 1706 1873 1767 τοῖς

275 1788 548 1858 ἀδελφοῖς,
590 1785 1066 1856 ἐπαγγελλόμενος
1118 1785 1492 1841 ἀπαλλάσσειν
1538 1787 1737 1851 αὐτοὺς
1775 1787 1871 1841 τοῦ

276 1873 600 1941 κατέχοντος
642 1869 912 1926 κινδύνου.
972 1869 1060 1932 Ὠς
1101 1868 1158 1921 δὲ
1191 1869 1456 1938 ἐγέλασαν
1489 1869 1550 1922 τὸ
1579 1868 1874 1940 εἰρημένον

274 1957 322 2010 οἱ
357 1954 585 2024 ἀδελφοὶ
612 1953 706 2024 (οὐ
736 1955 846 2022 γὰρ
872 1953 1061 2024 ἐώρων
1093 1953 1183 2006 τὸν
1205 1953 1354 2006 ἔνδον
1387 1953 1553 2007 αὐτὸν
1579 1953 1874 2022 ἀλείφόντα

275 2039 428 2104 Θεὸν,
459 2039 584 2094 οὐδὲ
619 2039 719 2109 τὴν
743 2039 926 2108 ψυχὴν
950 2039 1053 2108 τὴν
1081 2037 1339 2106 γενναίαν
1379 2039 1621 2109 ἐκείνην,
1653 2037 1750 2090 καὶ
1777 2039 1872 2092 ού-

277 2125 586 2198 ρΜμὴκη,
618 2125 713 2178 καὶ
742 2123 948 2192 πολλῆς
973 2122 1252 2191 γέμουσαν
1274 2122 1655 2192 φιλοσοφίας),
1686 2141 1872 2178 κατα-

274 2208 452 2264 λιπὼν
487 2207 752 2271 ἐκείνους,
781 2208 919 2279 πρὸς
950 2205 1174 2278 ἑτέρους
1205 2204 1468 2275 ἀπῆλθεν.
1533 2205 1622 2270 Ὠς
1649 2207 1706 2260 δὲ
1735 2208 1873 2280 πρὸς

272 2296 366 2348 τὸν
407 2292 638 2365 βασιλέα
667 2291 832 2348 αὑτὸν
859 2292 1178 2360 εἰσήγαγον,
1211 2291 1308 2347 καὶ
1335 2282 1498 2360 εὗρεν
1529 2290 1696 2348 αὐτὸν
1736 2291 1872 2344 ἀπο-

273 2379 671 2453 τεθνηκότατῷ
703 2379 834 2446 δέει,
867 2378 1084 2450 πρῶτον
1111 2377 1282 2433 αὑτοῦ
1313 2377 1622 2446 διανίστησι
1647 2378 1710 2431 τὸ
1739 2379 1872 2449 φρό-

273 2489 446 2544 νημα,
479 2470 624 2530 οὕτω
659 2469 840 2538 λέγων
861 2485 874 2499 ·
905 2467 1006 2536 Μὴ
1054 2467 1417 2550 συμπεσέτω
1439 2468 1480 2535 ἡ
1516 2467 1731 2536 καρδία
1761 2468 1870 2521 τοῦ

272 2557 488 2624 κυρίου
521 2571 644 2625 μου
673 2554 769 2606 ἐπ’
802 2553 1010 2614 αὐτὸν,
1052 2551 1143 2605 ὅτι
1173 2555 1206 2606 ό
1245 2551 1470 2619 δοῦλός
1500 2567 1618 2607 σου
1650 2552 1870 2620 πορεύ-

270 2654 447 2693 σεται
472 2638 572 2690 καὶ
591 2634 925 2705 πολεμήσει
946 2634 1098 2704 μετὰ
1119 2635 1226 2688 τοῦ
1246 2635 1608 2703 ἀλλοφύλου
1629 2636 1867 2689 τούτου.

285 2721 509 2795 Ἐπειδὴ
546 2721 606 2775 δὲ
637 2723 847 2784 ἐκεῖνος
876 2719 1102 2789 ἠπίστει
1131 2719 1329 2788 λέγων,
1367 2721 1450 2774 Οὐ
1486 2719 1730 2788 δυνήσῃ
1759 2737 1868 2773 πο-

270 2809 594 2880 ρευθῆναι·
627 2807 710 2864 σὺ
738 2806 1057 2876 παιδάριον
1089 2803 1164 2872 εἷ,
1193 2807 1378 2873 αὐτὸς
1406 2806 1476 2860 δὲ
1500 2807 1658 2876 ἀνὴρ
1691 2811 1871 2862 πολε-

268 2897 499 2970 μιστὴς
523 2897 595 2951 ἐκ
625 2897 911 2962 νεότητος
935 2893 1145 2957 αὐτοῦ,
1179 2895 1238 2948 ὲν
1269 2896 1480 2966 ἀπορία
1522 2894 1600 2948 ὣν
1635 2895 1821 2950 λοιπὸν
1840 2899 1870 2950 ό

270 2982 436 3037 Δαυῖδ
478 2979 852 3050 ἀναγκάζεται
896 2978 969 3033 τά
1017 2980 1195 3033 οἰκεῖα
1231 2978 1542 3050 διηγεῖσθαι
1590 2979 1866 3051 ἐγκώμια.

273 3069 401 3120 Ὅτι
433 3065 545 3137 γὰρ
575 3065 676 3118 οὐκ
717 3063 972 3117 ἐϐούλετο
993 3105 1006 3126 ,
1047 3063 1136 3116 διά
1167 3062 1276 3116 τῶν
1314 3062 1600 3133 προτέρων
1645 3063 1868 3131 ἔδειξεν,

270 3148 399 3203 οὕτε
425 3149 566 3220 πρὸς
591 3147 720 3211 τοὺς
745 3147 1010 3216 ἀδελφοὺς
1043 3147 1214 3200 εἰπών
1247 3164 1300 3199 τι
1331 3146 1438 3200 τῶν
1471 3145 1639 3199 αὑτοῦ
1667 3164 1870 3219 κατορ-

272 3235 572 3308 θωμάτων,
599 3233 729 3290 οὔτε
746 3234 887 3306 πρὸς
907 3236 1036 3298 τοὺς
1058 3232 1426 3306 στρατιώτας,
1454 3233 1571 3288 ἀλλ’
1593 3234 1714 3288 οὐδὲ
1735 3235 1871 3306 πρὸς

270 3322 440 3376 αὐτὸν
465 3320 561 3374 τὸν
606 3319 852 3391 βασιλέα,
881 3319 988 3383 ἓως
1022 3315 1163 3372 εἶδεν
1195 3318 1358 3372 αὑτὸν
1401 3317 1736 3373 ἀπιστοῦντα
1775 3319 1873 3373 καὶ

269 3403 598 3474 ἀγωνιῶντα
629 3405 723 3457 καί
751 3402 1033 3457 κωλύοντα
1071 3403 1174 3476 τὴν
1198 3403 1392 3472 ἔφοδον
1431 3401 1536 3473 τὴν
1563 3404 1686 3456 κατ’
1722 3403 1872 3456 ἐκεί-

271 3507 390 3546 νου.
423 3487 491 3540 Τί
517 3487 630 3558 γὰρ
662 3487 772 3540 ἔδει
812 3486 1020 3558 πρᾶξαι
1058 3486 1279 3554 λοιπόν;
1317 3487 1542 3559 σιγῆσαι
1588 3485 1655 3540 τά
1696 3484 1874 3555 ἐγκώ-

275 3589 421 3646 μια;
461 3571 604 3624 Ἀλλ’
639 3570 740 3624 οὐκ
778 3570 846 3623 ἂν
885 3569 1193 3641 ἐπέτρεψεν
1219 3569 1499 3632 ἀπελθεῖν,
1538 3569 1660 3622 οὐδὲ
1691 3569 1872 3623 ἀπαλ-

270 3653 436 3722 λάξαι
484 3654 598 3708 τῶν
633 3652 976 3723 κατεχόντων
1015 3652 1300 3708 κινδύνων.
1362 3652 1514 3726 [297]
1559 3653 1660 3707 Διά
1708 3651 1872 3706 τοῦτο

272 3742 513 3811 σιγήσας
553 3739 722 3809 ἡνίκα
759 3737 902 3804 ἔδει,
951 3738 1143 3810 ἐπειδὴ
1184 3737 1283 3791 ’τὸν
1322 3738 1518 3810 καιρὸν
1575 3734 1684 3792 εἶδε
1736 3756 1876 3793 κατ-

271 3821 666 3892 αναγκάζοντα
714 3821 913 3884 εἰπεῖν,
947 3822 1049 3875 οὐκ
1087 3821 1167 3874 ἐτι
1199 3822 1326 3890 σιγᾷ
1347 3861 1362 3884 ,
1397 3821 1534 3876 ἀλλά
1575 3838 1710 3892 φησι
1737 3821 1875 3894 πρὸς

271 3907 461 3962 αὐτόν·
499 3905 844 3976 Ποιμαίνων
865 3903 1029 3973 ἤμην
1054 3907 1086 3959 ό
1127 3903 1350 3970 δοῦλός
1382 3918 1500 3958 σου
1528 3904 1599 3958 ἐν
1628 3903 1709 3970 τῷ
1735 3921 1870 3958 ποι-

266 3991 428 4063 μνίῳ
446 3989 555 4044 τοῦ
579 3989 802 4056 πατρός
817 4005 957 4056 μου,
979 3987 1078 4040 καὶ
1109 3987 1255 4040 ὅταν
1273 3986 1492 4056 ἤρχετο
1522 3991 1681 4042 λέων
1708 3987 1747 4056 ἢ
1776 3987 1874 4055 dp.

271 4091 439 4140 κτος,
463 4071 561 4125 καὶ
575 4073 874 4141 ἐλάμϐανε
895 4072 1196 4138 πρόϐατον
1215 4070 1283 4123 ἐκ
1301 4069 1412 4138 τῆς
1435 4070 1679 4140 ἀγέλης,
1707 4070 1875 4139 ἐξηρ-

270 4159 478 4228 χόμην
500 4156 869 4211 κατόπισθεν
890 4154 1106 4221 αὑτοῦ,
1145 4153 1244 4206 καὶ
1267 4153 1628 4208 ἐπάτασσον
1658 4153 1868 4218 αὐτὸν,

269 4252 375 4306 καὶ
395 4250 674 4316 ἐξέσπων
691 4251 758 4304 ἐκ
776 4250 882 4304 τοῦ
898 4249 1200 4319 στόματος
1227 4248 1437 4314 αὐτοῦ,
1461 4250 1560 4303 καὶ
1576 4249 1872 4318 ἐκράτουν

272 4335 384 4390 τοῦ
399 4333 709 4405 φάρυγγος
723 4332 928 4398 αὐτοῦ,
952 4331 1615 4388 καϊέθανάτουναὺτόν·
1641 4332 1737 4386 καὶ
1763 4332 1873 4385 τόν

269 4420 502 4474 λέοντα
515 4417 614 4471 καί
639 4417 756 4484 τὴν
779 4416 1002 4486 ἄρκτον
1022 4416 1280 4470 ἔτυπτεν
1299 4419 1332 4470 ό
1351 4416 1574 4482 δοῦλός
1599 4431 1734 4470 σου·
1770 4415 1870 4469 καὶ

272 4505 456 4560 ἔσται
500 4505 534 4557 ό
568 4503 926 4571 ἀλλόφυλος
966 4497 1146 4566 οὗτος
1184 4500 1285 4554 καὶ
1319 4501 1751 4569 ἀπερίτμητος,
1790 4500 1872 4566 ὡς

271 4589 348 4644 ἐν
379 4587 631 4642 τούτων.
677 4587 842 4658 ὐρᾷς
886 4583 1006 4647 πῶς
1039 4583 1302 4650 ἐδήλωσε,
1337 4583 1490 4646 τίνος.
1513 4584 1698 4638 ἕνεκεν
1749 4578 1873 4637 εἷπε

276 4672 348 4727 τά
379 4673 562 4726 οἰκεῖα
603 4669 1033 4740 κατορθώματα;
1075 4670 1209 4722 Τότε
1255 4669 1342 4739 δὴ,
1377 4669 1502 4722 τότε
1531 4668 1813 4740 θαρρήσας
1843 4671 1872 4722 ὁ

282 4755 538 4818 3ασιλεὺς
575 4752 762 4806 λοιπὸν
807 4752 1092 4806 ἐκέλευσεν
1133 4751 1410 4806 ἀπελθεῖν.
1466 4753 1578 4806 Καὶ
1614 4753 1866 4823 ἀπῆλθε,

276 4839 376 4893 καὶ
421 4836 801 4908 παρετάξατο,
843 4837 941 4888 καὶ
986 4835 1260 4906 ἐνίκησεν.
1297 4835 1362 4889 Εἰ
1398 4834 1456 4888 δὲ
1494 4835 1568 4906 μὴ
1620 4833 1873 4905 ἐγκώμια

275 4919 460 4985 εἶπεν,
489 4921 590 4974 οὐκ
610 4918 676 4973 ἂν
703 4917 854 4990 αὐτῷ
878 4917 977 4990 τὴν
1011 4917 1348 4988 μονομαχίαν
1376 4917 1594 4990 ἐκείνην
1616 4918 1872 4971 ἐπίστευ-

280 5022 375 5058 σεν
395 5007 425 5060 ὁ
449 5003 718 5075 βασιλεύς·
753 5002 829 5074 μὴ
855 5001 1148 5064 πιστεύσας
1169 5001 1244 5066 δὲ,
1269 5002 1370 5055 οὐκ
1387 5000 1454 5054 ἂν
1476 5002 1687 5073 ἀφῆκεν
1708 5001 1872 5055 αὐτὸν

277 5090 364 5151 είς
398 5089 502 5158 τὴν
534 5086 842 5156 παράταξιν
879 5084 1154 5138 ἀπελθεῖν·
1196 5085 1271 5154 μὴ
1312 5085 1472 5154 ἀφεὶς
1501 5084 1578 5150 δὲ,
1614 5082 1872 5137 διεκώλυ-

289 5189 378 5225 σεν
410 5171 478 5225 ἂν
517 5170 582 5223 τὸ
623 5169 977 5241 κατόρθωμα·
1019 5167 1113 5221 τοῦ
1145 5167 1203 5221 δὲ
1240 5165 1663 5238 κατορθώματος
1693 5166 1872 5220 κωλυ-

289 5254 473 5318 ὓέντος
495 5294 510 5317 ,
539 5251 664 5306 οὔτε
696 5254 725 5305 ὁ
755 5251 887 5315 Θεὸς
915 5251 982 5305 ἂν
1023 5249 1283 5320 ἐδοξάσθη
1321 5252 1463 5312 τότε,
1499 5248 1623 5304 οὔτε
1649 5253 1682 5322 ἡ
1717 5250 1873 5314 πόλις

289 5339 396 5394 τῶν
418 5337 782 5408 ἐπικειμένων
805 5335 1094 5406 ἀπηλλάγη
1123 5333 1405 5388 κινδύνων.
1436 5335 1532 5388 Ἵν’
1563 5330 1657 5388 οὖν
1688 5334 1762 5405 μὴ
1793 5351 1875 5387 τοο

284 5420 464 5476 σαῦτα
494 5422 722 5490 γένηται
754 5419 952 5483 ἄτοπα,
988 5417 1122 5488 μηδὲ
1147 5417 1461 5488 οἰκονομίας
1508 5418 1737 5488 μέγεθος
1764 5435 1875 5471 κω-

282 5505 424 5577 λυθῇ
462 5503 737 5567 τοσοῦτον,
766 5501 1085 5572 ἠναγκάσθη
1127 5501 1254 5564 τοὺς
1291 5501 1523 5566 οἰκείους
1565 5501 1758 5565 ἄθλους
1793 5503 1873 5554 εἰ-

287 5593 415 5642 πεῖν
441 5590 470 5643 ὀ
500 5587 686 5641 Δαυῖδ.
718 5586 930 5654 Ὥσπερ
955 5584 1064 5655 γὰρ
1085 5584 1243 5654 σιγᾷν
1272 5582 1470 5646 ίσασιν,
1499 5586 1758 5656 οὐδεμιᾶς
1784 5583 1875 5637 ού-

289 5689 392 5743 σης
431 5672 710 5741 ἀνάγκης,
743 5666 886 5722 οὕτω
923 5667 1016 5722 καὶ
1049 5667 1228 5736 λέγειν
1259 5667 1619 5738 ἐπίστανται,
1653 5668 1873 5723 ἐπειδάν

288 5757 495 5825 πολλὴν
525 5756 676 5810 ἴδωσι
701 5753 819 5824 βίαν
853 5750 1224 5825 ἐπικειμένην,

337 5821 528 5900 η’.0’ύκ
539 5827 635 5880 ἐπὶ
656 5821 842 5879 τούτου
858 5823 914 5878 δὲ
940 5824 1118 5895 μόνον,
1141 5821 1274 5878 ἀλλὰ
1289 5822 1382 5877 καὶ
1394 5822 1485 5876 ἐπὶ
1499 5821 1591 5875 τοῦ
1611 5822 1867 5889 Σαμουὴλ

831 335 920 392 DE
958 335 1206 395 VERBIS
1241 338 1614 406 APOSTOLI,
1660 339 1920 396 UT'NAM
1957 339 2463 399 SUSTINERE’I‘IS
2500 289 2842 409 HODICUM,
2885 318 3036 399 ETC.

3453 359 3560 417 308

1974 454 2036 508 τὸ
2058 457 2191 542 αύτδ
2207 459 2368 514 τοῦτο
2390 465 2756 536 γεγενημένον
2781 466 2877 520 ίδοι
2906 486 2990 533 τις
3011 469 3097 523 ἄν.
3124 469 3236 522 Καὶ
3272 469 3382 542 γὰρ
3412 474 3559 528 ἐκεῖ·

1975 557 2066 624 νος
2093 541 2188 614 ἔτη
2233 545 2471 600 τοσαῦτα
2507 550 2752 618 προστὰς
2778 551 2874 606 τοῦ
2921 552 3095 624 δήμου
3137 555 3243 608 τῶν
3291 541 3562 610 Ἰουδαίων

1973 621 2169 689 οὕτως,
2204 626 2331 692 ὼςό
2361 630 2496 695 Θεὸς
2535 633 2719 702 ἤθελε,
2750 636 2845 689 καὶ
2877 621 3046 708 μηδὲν
3099 639 3370 708 μηδέποτε
3413 640 3563 709 μέγα

2145 711 2343 765 ἑαυτοῦ
2371 713 2778 786 φθεγξάμενος,
2806 720 2984 774 καίτοι
3012 721 3185 774 πολλὰ
3209 722 3368 792 ἔχων,
3401 723 3562 794 εῐπερ

1974 790 2491 887 ἐϐούλετοζλέγεινἱ
2508 801 2607 870 τὴν
2635 801 2700 887 ἐκ
2728 802 2954 887 πρώτης
2979 804 3205 877 ἡλικίας,
3226 790 3557 887 ἀνατροφὴν,

1973 875 2074 942 τὴν
2105 875 2164 927 ὲν
2202 875 2283 946 τῷ
2323 877 2438 949 ναῷ
2464 879 2766 952 διατριϐὴν,
2801 883 2900 952 τὴν
2925 885 2992 937 ἐκ
3023 875 3356 955 σπαργάνων
3369 875 3559 938 ⁷σαὺτοῦ

1974 958 2335 1027 προφητείαν,
2365 962 2493 1026 τοὺς
2523 964 2659 1034 μετὰ
2680 965 2853 1020 ταῦτα
2878 967 3170 1037 πολέμους,
3193 967 3292 1032 τὰς
3313 969 3467 1037 νίκας
3493 969 3561 1032 ἃς

1975 1041 2247 1112 ἐνίκησεν,
2287 1044 2386 1114 οὐχ
2411 1045 2598 1109 ὅπλοις
2633 1047 2949 1118 χρώμενος,
2976 1049 3114 1104 ἀλλὰ
3147 1051 3287 1121 μετά
3329 1055 3429 1123 τῆς
3475 1053 3561 1106 εύ-

1973 1123 2123 1188 νοίας
2160 1124 2256 1180 τοῦ
2289 1127 2427 1182 Θεοῦ
2470 1131 2976 1201 παραταττόμενος,
3001 1136 3061 1187 ὲν
3093 1138 3206 1200 τοῖς
3248 1135 3562 1206 ἔμπροσθεν

1973 1209 2188 1279 χρόνοις
2211 1211 2366 1264 οὐδὲν
2393 1211 2601 1267 τούτων
2641 1211 2814 1270 εἶπεν.
2856 1217 3074 1286 Ἐπειδὴ
3101 1217 3158 1270 δὲ
3200 1217 3423 1289 ἔμελλεν
3453 1222 3560 1289 ἀφ-

1978 1293 2226 1348 ίστασθαι
2252 1295 2356 1365 τῆς
2390 1300 2750 1369 προστασίας,
2779 1302 2877 1354 καὶ
2907 1302 3008 1374 τὴν
3034 1302 3208 1374 ἀρχὴν
3235 1304 3563 1375 ἐγχειρίζειν

1974 1377 2182 1449 ἑτέρῳ,
2227 1380 2350 1434 τότε
2383 1380 2574 1436 λοιπὸν
2614 1384 2939 1456 ἠναγκάσθη
2986 1386 3056 1440 τὰ
3095 1385 3349 1458 ἐγκώμια
3395 1386 3560 1440 αὐτοῦ

1969 1460 2282 1528 διεξελθεῖν,
2326 1466 2422 1518 καὶ
2461 1465 2634 1520 ταῦτα
2673 1469 3003 1539 ὑφειμένως.
3038 1471 3150 1523 Καὶ
3183 1470 3422 1534 καλέσας
3464 1471 3562 1524 τὸν

1971 1545 2145 1616 δῆμον
2174 1546 2415 1612 ἅπαντα,
2460 1551 2730 1621 παρόντος
2765 1553 2862 1605 καὶ
2897 1552 2994 1605 τοῦ
3044 1554 3236 1620 Σαοὺλ,
3270 1553 3410 1607 οὕτω
3445 1554 3562 1619 πώς

1973 1645 2158 1700 φησιν·
2207 1631 2353 1687 Ἰδοὺ
2381 1632 2623 1703 ἤκουσα
2649 1634 2761 1703 τῆς
2783 1635 2994 1706 φωνῆς
3017 1636 3204 1706 ὑμῶν,
3236 1637 3335 1691 καὶ
3361 1639 3564 1692 ἐϐασί-

1971 1716 2170 1770 λευσα
2191 1715 2286 1785 ἐφ’
2306 1718 2464 1787 ὑμᾶς
2487 1719 2775 1782 βασιλέα·
2803 1721 2904 1774 καί
2926 1720 3042 1790 ἐγὼ
3061 1720 3194 1775 ἰδοὺ
3225 1721 3563 1791 ἀνεστραμ-

1967 1813 2074 1866 μαι
2103 1797 2363 1853 ἐνώπιον
2397 1799 2568 1871 ὑμῶν
2595 1803 2667 1856 ὲκ
2704 1804 2992 1872 νεότητός
3009 1821 3152 1873 μου,
3193 1805 3296 1860 καὶ
3320 1805 3431 1870 ἕως
3449 1805 3562 1874 τῆς

1971 1881 2198 1950 ἡμέρας
2228 1883 2474 1952 ταύτης,
2501 1887 2604 1941 καὶ
2643 1887 2966 1958 τετήρακα.
3010 1889 3391 1957 Ἀποκρίθητε
3428 1890 3561 1943 κατ’

1969 1965 2117 2034 ἐμοῦ
2136 1967 2394 2022 ἐνώπιον
2407 1969 2513 2024 τοῦ
2531 1971 2776 2040 Kvplov,
2800 1971 2899 2025 καί
2914 1971 3174 2025 ἐνώπιον
3185 1973 3434 2040 χριστοῦ
3452 1975 3562 2027 αὐ-

1970 2050 2110 2104 τοῦ·
2148 2053 2391 2121 μόσχον
2436 2053 2602 2120 τινος
2643 2054 2813 2125 ὑμῶν
2847 2056 3154 2124 εἷληφωῆ
3204 2056 3351 2110 ὄνον
3391 2059 3560 2124 τίνος

1969 2134 2229 2202 είληςριι;
2250 2134 2290 2204 ἣ
2309 2137 2472 2202 τίνος
2489 2136 2657 2206 ὑμῶν
2677 2138 3241 2205 κατεδυνιίστευσα;
3257 2139 3296 2207 ἢ
3314 2139 3449 2193 τίνα
3468 2140 3567 2205 ἐξ·

1970 2218 2194 2272 επίασα
2222 2219 2429 2287 ὑμῶν;
2457 2220 2496 2290 ἢ
2523 2221 2591 2275 ἐκ
2622 2224 2820 2292 χειρὸς
2842 2223 3009 2289 τίνος
3026 2221 3190 2292 ὑμῶν
3219 2221 3442 2291 ετληφα
3465 2223 3566 2286 ἐε-

1971 2306 2201 2375 ιζλασμα
2215 2307 2252 2376 ἣ
2269 2308 2573 2379 ὑπόδημα,
2599 2310 2702 2365 καὶ
2717 2310 3041 2380 ἀπὶ-ἔκρυψα
3057 2311 3198 2377 τοὺς
3217 2311 3565 2381 ὀφθαλμούς

1965 2412 2086 2465 μου
2098 2397 2167 2450 ἐν
2188 2396 2350 2462 αὐτῷ
2367 2415 2387 2463 ;
2403 2397 2628 2452 Εἴπατε
2644 2399 2951 2469 κατ’ἐμοῦ,
2964 2400 3065 2454 καὶ
3081 2399 3376 2455 ἀποδώσω
3393 2399 3556 2469 ὑμῖν.

1971 2480 2080 2534 Καὶ
2109 2481 2240 2536 ποία
2274 2479 2342 2554 ἦν
2375 2481 2590 2554 ἀνάγκη
2627 2484 2803 2538 ταῦτα
2830 2484 3030 2552 λέγειν,
3065 2484 3229 2555 φησί;
3261 2485 3438 2557 Πολλὴ
3470 2487 3565 2538 καὶ

1974 2575 2207 2646 μεγάλη.
2239 2577 2459 2648 Ἐπειδὴ
2479 2576 2587 2650 γὰρ
2607 2577 2842 2650 ἄρχοντα
2866 2577 3090 2648 ἔμελλεν
3103 2578 3346 2646 εἰσάγειν
3378 2579 3564 2644 αὐτοῖς

1968 2663 2061 2716 τὸν
2083 2661 2276 2723 Σαοὺλ.
2299 2662 2358 2714 ἐν
2382 2663 2447 2733 τῇ
2472 2661 2594 2715 καθ’
2627 2661 2820 2716 ἑαυτὸν
2849 2662 3116 2733 ἀπολογίᾳ
3148 2661 3356 2727 διδάξαι
3380 2662 3564 2732 βουλό-

1973 2770 2133 2824 μενος
2161 2754 2387 2817 ἐκεῖνον,
2417 2754 2536 2817 πῶς
2559 2753 2919 2824 προΐστασθαι
2941 2753 3022 2806 δεῖ
3044 2755 3140 2808 καὶ
3160 2753 3424 2826 κήδεσθαι
3457 2753 3566 2806 τῶν

1971 2843 2316 2916 ἀρχομένων,
2362 2843 2561 2907 αὐτοὺς
2587 2846 2716 2908 τοὺς
2753 2845 3030 2915 ὑπηκόους
3065 2845 3350 2916 μάρτυρας
3397 2844 3566 2896 αὑτοῦ

1969 2936 2074 3006 τῆς
2116 2934 2438 3004 φιλοσοφίας
2476 2935 2739 3008 παράγει.
2772 2933 2887 2988 Καὶ⁸
2934 2934 2997 2986 ού
3041 2937 3188 2988 ποιεῖ
3211 2934 3371 2987 τοῦτο
3401 2936 3458 2987 ἐν
3487 2933 3566 3004 τῷ

1971 3023 2152 3096 καιρῷ
2188 3025 2290 3094 τῆς
2333 3023 2546 3095 ἀρχῆς,
2588 3024 2678 3078 ἵνα
2710 3025 2785 3095 μή
2821 3041 2906 3087 τις
2938 3024 3102 3096 εἴπῃ,
3152 3023 3235 3076 ὅτι
3263 3021 3566 3085 δεδοικότες

1971 3113 2136 3168 αὐτὸν
2181 3113 2275 3167 καὶ
2319 3112 2683 3183 φοϐούμενοι,
2727 3111 2798 3167 τά
2841 3112 2917 3182 μὴ
2961 3111 3092 3165 δντα
3137 3110 3562 3182 ἐμαρτύρησαν·

1971 3199 2088 3254 ἀλλ’
2119 3201 2209 3254 ὅτε
2238 3199 2519 3272 παρελύθη
2540 3199 2610 3253 τά
2632 3201 2734 3272 τῆς
2754 3200 3136 3272 δημαγωγίας,
3159 3200 3254 3252 καὶ
3271 3199 3352 3262 είς
3375 3197 3567 3268 ἕτερον

1975 3289 2210 3361 μετέστη
2248 3289 2316 3342 τὰ
2343 3289 2444 3360 τῆς
2481 3287 2633 3360 [ἳ98]
2663 3287 3034 3358 προστασίας,
3077 3287 3171 3342 καὶ
3198 3285 3441 3355 κίνδυνος
3469 3287 3562 3339 οὗ·

1971 3376 2083 3434 δεὶς
2111 3371 2180 3448 ἦν
2207 3375 2286 3446 τῷ
2315 3375 2710 3447 κατηγοροῦντι
2736 3375 2946 3439 λοιπὸν,
2973 3375 3096 3428 τότε
3116 3374 3396 3439 δικάζεται
3427 3371 3566 3443 πρὸς

1973 3463 2192 3526 αὐτούς.
2229 3463 2424 3518 Καίτοι
2453 3480 2519 3530 γε
2562 3464 2615 3516 εἰ
2646 3461 2836 3533 ἕτερός
2871 3479 2955 3525 τις
2994 3457 3084 3531 ἦν,
3121 3460 3568 3532 ἐμνησικάκησεν

1969 3551 2038 3604 ἂν
2063 3554 2178 3615 τοῖς
2231 3550 2544 3614 Ἰουδαίοις,
2574 3541 2670 3606 καὶ
2713 3549 2814 3604 οὐκ
2839 3549 2906 3607 ἂν
2928 3549 3166 3621 ἠθέλησε
3193 3549 3285 3605 τὸν
3325 3548 3565 3623 ἄρχοντα

1968 3639 2064 3694 τὸν
2095 3639 2212 3710 μετ’
2242 3639 2404 3693 αὑτὸν
2430 3638 2649 3709 ἐπιεικῆ
2687 3637 2944 3707 γενέσθαι
2972 3637 3068 3690 καὶ
3097 3637 3340 3708 μέτριον,
3380 3636 3440 3688 οὐ
3475 3635 3566 3689 διὰ

1976 3729 2346 3798 μνησικακίαν
2371 3727 2430 3780 δὲ
2463 3728 2645 3799 μόνον,
2674 3727 2790 3782 ἀλλ’
2826 3726 2915 3782 ἵνα
2948 3726 3044 3780 καὶ
3071 3725 3237 3788 αὐτὸς
3265 3724 3559 3795 ἐπαινῆται

1975 3813 2265 3883 μειζόνως.

2035 3905 2100 3960 θ’.
2117 3906 2227 3959 Καὶ
2237 3905 2345 3976 γάρ
2360 3905 2576 3976 νόσημα
2596 3903 2757 3957 τοῦτο
2771 3903 2944 3957 δεινὸν
2954 3905 3067 3966 τοῖς
3079 3902 3341 3974 ἄρχουσιν
3362 3899 3561 3962 ἔνεστι·

1970 3995 2100 4057 τοὺς
2125 3993 2241 4064 μετ’
2275 3994 2472 4056 αὐτοὺς
2499 3993 2594 4044 ἐπὶ
2621 3992 2721 4062 τὴν
2745 3993 2921 4062 ἀρχὴν
2949 3989 3280 4060 ἐρχομένους
3311 3987 3564 4056 εὖχονται

1973 4084 2211 4154 φαύλους
2245 4078 2502 4137 εἶναικαὶ
2528 4080 2819 4152 πονηρούς.
2855 4080 2955 4133 Ἀν
2976 4096 3035 4131 τε
3068 4077 3177 4148 γὰρ
3201 4081 3439 4147 γενναῖοι
3475 4076 3566 4129 τύ-

1972 4189 2142 4243 χωσιν
2175 4171 2329 4233 ὄντες
2349 4210 2363 4235 ,
2403 4168 2820 4240 λαμπροτέρους
2852 4167 3050 4230 αὐτοὺς
3083 4164 3372 4236 φανεῖσθαι
3406 4163 3560 4234 νομί-ο

1969 4260 2149 4327 ζουσι,
2174 4259 2284 4314 τῶν
2304 4258 2704 4330 διαδεξαμένων
2726 4257 2828 4328 τὴν
2865 4256 3040 4328 ἀρχὴν
3063 4255 3161 4308 οὐκ
3187 4253 3356 4307 ὅντων
3383 4252 3561 4306 τοιούς

1970 4365 2110 4405 των·
2143 4349 2208 4402 ἄν
2234 4365 2296 4401 τε
2325 4347 2508 4400 σκαιοὶ
2545 4347 2640 4400 καὶ
2682 4343 3104 4415 διεφθαρμένοι,
3137 4340 3432 4410 ἀπολογίαν
3460 4341 3563 4412 τῆς

1971 4439 2179 4503 οἰκείας
2209 4437 2430 4506 ἔσεσθαι
2468 4435 2736 4507 πονηρίας
2765 4433 2860 4487 τοῦ
2894 4431 3034 4504 μετὰ
3077 4430 3256 4486 ταῦτα
3298 4433 3561 4503 ἄρχοντος

1972 4530 2072 4601 τὴν
2089 4528 2309 4583 κακίαν.
2349 4527 2486 4581 Ἀλλ’
2513 4529 2612 4596 οὐχ
2629 4527 2658 4578 ό
2681 4524 2954 4596 μακάριος
2975 4517 3130 4586 οὗτος
3155 4521 3414 4583 τοιοῦτος·
3442 4519 3559 4573 ἀλλ’

1971 4618 2234 4690 ἠϐούλετο
2262 4617 2357 4670 καὶ
2393 4614 2591 4686 ηὗχετο
2623 4612 2719 4672 καὶ
2752 4610 3018 4681 ἐπεθύμει
3063 4608 3246 4680 πολλῷ
3293 4607 3560 4678 βελτίονος

1973 4705 2172 4769 αὐτοὺς
2198 4703 2505 4758 ἀπολαῦσαι
2531 4702 2630 4772 τῆς
2657 4698 2991 4772 προστασίας
3007 4717 3020 4728 ·
3044 4696 3187 4751 οὕτω
3209 4696 3559 4766 φιλόστοργος

1971 4789 2062 4866 ἦν,
2089 4793 2231 4847 οὕτω
2271 4791 2467 4862 φθόνου
2506 4789 2775 4860 καθαρὸς,
2802 4786 2946 4840 οὕτω
2975 4785 3279 4851 κενοδοξίας
3312 4782 3559 4853 ἀπηλλα-

1973 4887 2194 4959 γμένος.
2236 4885 2431 4939 Καίτοι
2461 4901 2525 4952 γε
2559 4882 2618 4935 ἓν
2661 4881 2820 4953 μόνον
2863 4880 3068 4950 ἐζήτει,
3107 4878 3217 4931 τῶν
3254 4877 3558 4949 ἀνθρώπων

1973 4981 2073 5052 τὴν
2099 4978 2394 5050 σωτηρίαν.
2428 4976 2527 5029 Διά
2561 4973 2721 5028 τοῦτο
2752 4973 2848 5027 καὶ
2874 4972 2966 5025 τὸν
2996 4971 3234 5042 ἄρχοντα
3277 4970 3461 5033 αὐτοῖς
3499 4971 3559 5022 ἐν

1972 5074 2040 5144 τῇ
2075 5071 2197 5124 καθ’
2234 5068 2426 5123 ἑαυτὸν
2466 5064 2796 5140 ἐρῤύθμιζεν
2838 5063 3124 5133 ἀπολογίᾳ.
3181 5061 3403 5132 Ἐπειδὴ
3449 5060 3558 5132 γάρ

1972 5161 2034 5214 τὸ
2066 5161 2167 5232 μὲν
2198 5159 2423 5213 καλέσαι
2452 5159 2542 5210 τὸν
2566 5155 2789 5228 βασιλέα
2815 5155 2910 5208 καὶ
2935 5156 3129 5219 εἰπεῖν,
3172 5153 3448 5223 Ἐπιεικὴς
3467 5153 3560 5205 ἔσο

1976 5255 2072 5307 καὶ
2103 5252 2322 5324 μέτριος
2369 5250 2463 5304 καὶ
2499 5249 2923 5322 ἀδωροδόκητος,
2959 5247 3052 5300 καὶ
3089 5245 3296 5317 μηδένα
3331 5243 3518 5314 βιάζου
3540 5285 3554 5306 ,

1977 5346 2115 5417 μηδὲ
2139 5344 2336 5406 ἀδίκει,
2371 5341 2505 5414 μηδὲ
2545 5341 2877 5404 πλεονέκτει,
2930 5338 3186 5408 φορτικὸν
3213 5332 3283 5408 ἦν
3318 5337 3411 5389 καὶ
3458 5338 3556 5388 ἐπ-
3660 5348 3664 5353 ·

1976 5437 2140 5508 αχθές
2153 5435 2232 5507 τῷ
2253 5435 2500 5508 μέλλοντι
2526 5433 2701 5488 ταῦτα
2725 5433 2962 5488 ἀκούειν·
2984 5431 3046 5484 τὸ
3066 5430 3124 5484 δὲ
3147 5431 3366 5501 σιγῆσαι
3395 5427 3561 5482 πάλιν

1975 5528 2234 5601 προδοσία
2273 5526 2368 5580 τοῦ
2407 5527 2579 5598 δήμου
2618 5526 2846 5594 ἐγίνετο·
2890 5526 2948 5578 ἐν
2978 5521 3274 5591 ἀπολογίας
3312 5524 3556 5590 προσχήο

1977 5639 2109 5694 ματι
2136 5619 2421 5693 ἀμφότερα
2447 5616 2621 5673 ταῦτα
2645 5615 2998 5686 κατώρθωσε,
3033 5617 3284 5669 κάκεῖνον
3316 5610 3559 5676 ἐδίδαξεν

1973 5716 2155 5768 ὁποῖον
2178 5709 2318 5766 εἶναι
2350 5710 2457 5783 χρὴ
2478 5711 2570 5765 τὸν
2596 5709 2966 5780 βασιλεύοντα,
3003 5708 3097 5760 καὶ
3135 5707 3231 5776 τὴν
3267 5706 3332 5756 ἐκ
3353 5703 3446 5756 τοῦ
3475 5703 3552 5755 δι-

1975 5802 2192 5858 δάσκειν
2224 5801 2518 5874 ἐπάχθειαν
2557 5798 2747 5870 ἔφυγε.
2797 5797 2906 5851 Καὶ
2941 5796 3090 5850 δοκεῖ
3125 5796 3224 5866 μὲν
3259 5787 3402 5866 ὑπὲρ
3446 5792 3559 5846 τῶν
