4020 6370
479 313 586 371 309

482 425 586 479 καθ
645 422 836 479 ἑαυτὸν
871 424 1255 494 ἀγωνίζεσθαι·
1291 429 1536 484 παιδεύει
1577 429 1635 485 δὲ
1663 431 1892 492 ἐκεῖνον.
1940 430 2060 494 πῶς

480 507 577 564 καὶ
601 509 706 562 τίνι
727 509 918 580 τρόπῳ
934 510 1044 564 τῶν
1072 511 1393 584 ἀρχομένων
1425 515 1802 587 ἐπιμελεῖσθαι
1834 515 1961 587 χρὴ.
1986 515 2058 568 Σὺ

475 591 536 646 δέ
569 609 660 662 μοι
689 592 880 646 σκόπει
917 593 1037 657 πῶς
1067 596 1207 666 μετά
1251 597 1540 670 ἀκριϐείας
1574 600 1792 669 ἀπάσης
1817 597 2060 670 καθαρὸν

475 673 670 729 ἑαυτὸν
702 675 867 744 ἔδειξε
893 675 1222 748 λημμάτων.
1253 681 1388 734 Οὐδὲ
1410 682 1518 753 γὰρ
1551 676 1694 747 εἶπε,
1731 683 1824 754 Μὴ
1853 681 2059 754 ἀγρούς

475 779 620 826 τινος
651 762 805 834 ὑμῶν
835 763 1024 818 έλαδον
1039 782 1058 830 ;
1091 765 1166 838 μὴ
1205 767 1464 836 χρυσίον;
1493 768 1609 822 ἀλλ’
1654 768 1684 821 ὅ
1717 767 1936 824 πάντων
1970 769 2059 821 εύ-

475 849 789 921 τελέστερον
811 845 901 922 ἦν,
921 851 1016 920 Μὴ
1034 853 1337 924 ὑπόδημας
1364 854 1549 927 φησίν.
1585 852 1719 910 Εἶτα
1750 858 1844 910 καὶ
1865 857 2058 930 ἑτέραν

475 937 674 991 ἑαυτοῦ
704 937 906 1009 πολλὴν
934 940 1067 1010 ἡμῖν
1101 940 1371 1012 ἐδήλωσεν
1407 944 1628 1015 ἀρετήν.
1689 944 1908 1016 Ἐπειδὴ
1947 943 2057 1017 γάρ

475 1022 660 1076 πολλοὶ
686 1021 795 1076 τῶν
816 1023 1114 1094 ἀρχόντων,
1147 1025 1276 1079 ὅταν
1305 1027 1406 1097 μὲν
1439 1027 1766 1095 κλέπτωσιν,
1794 1029 2058 1092 ἐπιεικεῖς

472 1107 581 1160 εἰσι
607 1107 702 1160 καὶ
728 1107 938 1180 μέτριοι
965 1108 1060 1162 καὶ
1091 1114 1385 1182 προσηνεῖς
1413 1111 1511 1165 οὑκ
1536 1113 1769 1177 οἴκοθεν,
1804 1113 1939 1167 ἀλλά
1967 1113 2057 1167 διά

471 1191 571 1262 τὴν
590 1191 836 1263 ἀνάγκην
864 1192 957 1246 τοῦ
980 1193 1298 1260 συνειδότος,
1318 1196 1382 1248 ἐκ
1409 1196 1517 1250 τῶν
1539 1197 1869 1270 κλεμμάτων
1897 1215 2054 1270 περι-

471 1277 738 1348 ῃρημένοι
784 1277 884 1348 τὴν
930 1278 1268 1350 παῤῥησίαν’
1295 1283 1345 1333 οί
1381 1279 1438 1333 δὲ
1466 1281 1859 1354 ἀδωροδόκητοι
1879 1324 1894 1349 ,
1925 1301 2056 1353 φορ-

469 1360 614 1412 τικοὶ
652 1359 746 1414 καὶ
778 1360 1073 1430 ἐπαχθεῖς,
1123 1362 1243 1415 οὐδὲ
1282 1363 1437 1417 αὐτοὶ
1479 1365 1643 1419 πάλιν
1679 1366 1910 1428 οἴκοθεν,
1940 1367 2053 1420 ἀλλ’

471 1443 576 1496 ὑπό
600 1460 744 1507 τινος
767 1443 1072 1509 κενοδοξίας
1096 1446 1302 1500 καὶτοῦ
1320 1447 1548 1520 καθαροὶ
1564 1449 1866 1522 λημμάτων
1891 1447 2051 1506 εἶναι’

469 1526 757 1598 ἀμφότερα
789 1526 846 1580 δέ
875 1527 974 1581 οὐκ
1005 1529 1070 1582 ἄν
1106 1546 1190 1593 τις
1229 1530 1328 1584 ίδοι
1369 1531 1566 1602 ῥᾳδίως
1605 1533 1927 1587 συνελθόντα
1971 1535 2053 1599 είς

467 1611 566 1665 ἕνα
584 1627 596 1638 ·
622 1611 792 1675 δεῖξαι
822 1611 1146 1682 βουλόμενος
1171 1615 1200 1667 ὁ
1227 1613 1382 1683 ἀγιος
1408 1608 1584 1682 οὗτος,
1616 1618 1700 1671 ὅτι
1724 1618 2052 1690 ἀμφοτέρων

468 1694 850 1766 περιεγένετο,
882 1695 976 1749 καὶ
1008 1695 1314 1768 λημμάτων
1347 1699 1570 1771 ἐκράτει
1605 1702 1698 1756 καὶ
1745 1703 1938 1774 ὀργῆς,
1971 1704 2051 1756 εί-

469 1777 607 1844 πὼν,
638 1777 735 1846 Μὴ
759 1779 1000 1848 μόσχον
1033 1780 1189 1848 τινὸς
1226 1781 1397 1852 ὖμῶν
1426 1785 1650 1854 summ
1668 1802 1687 1849 ;
1727 1789 1830 1841 οὐκ
1862 1787 2051 1860 ἐσίγη-

469 1880 581 1928 σεν,
603 1863 718 1917 ἀλλ’
739 1865 1038 1934 ἐπήγαγεν,
1067 1867 1145 1920 ’Ἠ
1164 1867 1700 1925 κατεδυνάστευσά
1723 1887 1857 1925 τινα
1884 1871 2054 1942 ὑμῶν

466 1946 507 2016 ἢ
557 1946 886 2012 ἐξεπίασ(ι;
925 1947 1070 2002 τοῦτ’
1114 1950 1282 2012 ἐστιν,
1335 1952 1618 2022 ἐξέθλιψας
1675 1955 1740 2008 "0
1787 1955 1844 2008 δὲ
1905 1955 2053 2024 λέγει

462 2030 702 2086 τοιοῦτόν
734 2034 910 2086 ἐστιν·
947 2034 1134 2098 Οὐδεὶς
1177 2034 1243 2088 ἂν
1276 2035 1388 2106 ἔχοι
1421 2036 1584 2091 τοῦτο
1616 2039 1812 2102 εἰπεῖν,
1841 2039 1924 2092 ὅτι
1950 2040 2052 2093 οὐκ

463 2113 654 2168 ἐλασον
695 2116 817 2186 μέν,
851 2117 1040 2190 ἐπειδὴ
1080 2118 1137 2171 δὲ
1171 2119 1270 2172 οὐκ
1308 2118 1523 2180 ἔλαϐον,
1566 2120 1826 2192 φορτικὸς
1863 2122 2050 2190 ἐγενό-

465 2215 577 2269 μην
612 2198 705 2253 καὶ
755 2199 1000 2271 ἐπαχθὴς
1041 2201 1137 2254 καὶ
1177 2201 1328 2270 ὠμὸς
1369 2203 1464 2256 καὶ
1508 2202 1716 2274 ἄγριος.
1749 2203 1849 2256 Διὰ
1889 2202 2052 2257 τοῦτο

462 2282 668 2351 ἔλεγεν,
701 2285 769 2338 Ἢ
818 2283 1356 2340 κατεδυνάστευσά
1390 2303 1527 2340 τινα
1577 2287 1784 2355 ὑμῶν-ς
1839 2286 1905 2340 Τί
1955 2285 2051 2342 οὖν

462 2367 680 2433 ἑκεῖνοις
721 2366 870 2420 οὔτε
915 2367 1487 2435 κατεδυνάστευσας
1530 2368 1726 2439 ἡμᾶς,
1762 2371 1901 2424 οὔτε
1947 2370 2049 2436 ἐξ·

461 2449 733 2516 επίεσας,
749 2449 893 2504 οὐδὲ
917 2451 1174 2520 εἴληφας
1203 2452 1273 2507 ἐκ
1298 2453 1498 2522 χειρὸς
1527 2452 1700 2523 ἡμῶν
1722 2453 1920 2509 οὐδέν.
1941 2455 2050 2508 Καὶ

460 2531 550 2585 ἵνα
583 2531 780 2605 μάθῃς,
807 2534 890 2587 ὅτι
912 2534 1004 2588 καὶ
1030 2535 1122 2588 τὸν
1153 2535 1379 2605 βασιλέα
1399 2535 1564 2589 αὑτὸν
1585 2537 1856 2591 παιδεύων
1875 2537 2049 2593 ταῦτα

461 2614 666 2684 ἔλεγεν,
697 2617 964 2688 ἐπήγαγε’
997 2616 1238 2686 Μάρτυς
1261 2617 1424 2690 [2991.
1441 2619 1675 2688 Κύριος,
1703 2621 1800 2674 καί
1819 2620 2050 2690 μάρτυς

461 2701 496 2752 ό
541 2699 788 2767 χριστὸς
825 2700 1014 2755 αὐτοῦ
1035 2716 1050 2731 ο
1096 2700 1255 2754 τοῦτο
1291 2702 1348 2755 δὲ
1394 2703 1526 2773 ἡμῖν
1556 2703 1686 2756 αὐτὸ
1721 2705 2048 2777 παραδηλῶν

461 2783 555 2836 καὶ
597 2783 847 2850 δεικνὺς,
887 2784 963 2850 ὡς
995 2785 1097 2839 οὐκ
1135 2781 1202 2858 ἦν
1238 2787 1272 2856 ὴ
1327 2786 1604 2858 μαρτυρία
1647 2791 2046 2862 κεχαρισμένη,

459 2865 623 2920 αὑτὸν
658 2866 888 2920 ἐκάλεσε
941 2868 1197 2940 μάρτυρα
1227 2869 1319 2923 τὸν
1358 2870 1428 2924 τά
1473 2871 1764 2943 ἀπόρρητα
1798 2873 1901 2942 τῆς
1928 2873 2047 2927 δια-

457 2949 605 3014 νοίας
633 2949 842 3015 εἰδότα,
873 2951 1011 3022 ὅπερ
1045 2953 1163 3005 ἐστὶ
1205 2952 1447 3023 καθαροῦ
1489 2955 1790 3018 συνειδότος
1823 2956 2044 3010 ἀπόδει-

459 3032 562 3098 ξις.
593 3033 781 3097 Οὐδεὶς
815 3033 946 3106 γὰρ,
989 3036 1195 3100 οὐδεὶς,
1228 3037 1276 3089 εἰ
1322 3037 1399 3108 μὴ
1449 3037 1654 3110 σφόδρα
1689 3035 1758 3110 ἦν
1787 3041 2049 3112 μεμηνὼς

459 3116 553 3170 καὶ
577 3116 886 3189 ἐξεστηκὼς
908 3158 924 3183 ,
953 3118 1049 3172 τοῦ
1077 3119 1377 3184 συνειδότος
1407 3118 1504 3173 τοῦ
1535 3122 1732 3176 ἑαυτοῦ
1768 3123 2047 3178 καλέσειεν

457 3201 523 3253 ἀν
554 3217 682 3254 ποτε
708 3201 962 3274 μάρτυρα
981 3201 1073 3256 τὸν
1104 3203 1257 3266 Θεδν,
1283 3206 1332 3257 εἰ
1360 3203 1434 3276 μὴ
1470 3204 1677 3276 σφόδρα
1711 3207 1892 3278 ἐαυτῷ
1914 3209 2048 3282 θαρο

459 3281 602 3353 ῥοίη.
650 3285 1139 3358 Μαρτυρησὰντων
1187 3287 1368 3340 τοίνυν
1400 3288 1627 3343 ἐκείνων
1666 3290 1760 3343 ἐπὶ
1810 3293 1923 3354 τοῖς
1959 3281 2045 3344 εί-

462 3366 718 3436 ρημένοις
769 3368 947 3439 αὐτῷ,
995 3371 1090 3423 καὶ
1121 3370 1316 3440 ἑτέραν
1344 3370 1544 3425 ἑαυτοῦ
1583 3371 1859 3426 δείκνυσιν
1885 3372 2048 3437 αὐτὸς

456 3449 661 3522 ἀρετήν
679 3466 694 3480 ⁸
724 3452 818 3504 καὶ
850 3451 959 3506 τῶν
1003 3453 1251 3508 παλαιῶν
1289 3455 1616 3527 ἀναμνήσας
1647 3457 1908 3511 ἁπάντων
1936 3456 2048 3511 τῶν

457 3533 600 3587 κατά
619 3532 718 3605 τὴν
746 3535 1047 3604 Αἴγυπτον,
1091 3538 1187 3591 καὶ
1237 3538 1339 3607 τῆς
1365 3539 1460 3592 τοῦ
1493 3539 1631 3593 Θεοῦ
1673 3543 2044 3614 προστασίας,

459 3615 553 3669 καὶ
596 3617 704 3671 τῶν
741 3621 857 3688 μετ’
898 3620 1140 3684 ἐκείνους
1175 3620 1450 3692 πολέμων,
1498 3624 1905 3694 ἀναμιμνήσκει
1948 3625 2048 3694 τῆς

461 3699 642 3771 μάχης
682 3702 782 3771 τῆς
812 3703 899 3756 ἐπ’
941 3702 1108 3757 αὐτοῦ
1149 3705 1448 3776 γενομένης
1485 3706 1581 3760 καὶ
1623 3706 1725 3777 τῆς
1753 3708 1912 3777 νίκης
1949 3708 2048 3779 τῆς

459 3783 789 3852 παραδόξου·
834 3787 927 3839 καὶ
952 3786 1122 3841 εἰπὼν
1153 3787 1270 3851 πῶς
1295 3788 1557 3852 πολλάκις
1586 3788 1677 3842 διά
1708 3790 1807 3853 τὰς
1837 3791 2048 3853 οἰκείας

458 3866 734 3938 ἁμαρτίας
781 3872 896 3934 τοῖς
954 3871 1236 3944 πολεμίοις
1297 3872 1734 3944 παραδοθέντων,
1769 3873 2047 3939 ,ἐκάλεσεν

1180 322 1239 378 S.
1278 320 1565 379 JOANNIS
1601 322 2091 380 CHRYSOSTOMI
2130 328 2452 388 ARCHIEP.
2495 335 3046 393 CONSTANTI‘NOP.

3628 331 3739 390 5w

2160 433 2323 498 αὐτὸς
2339 434 2432 489 τὸν
2452 435 2609 502 Θεὸν,
2633 437 2730 491 καὶ
2751 436 3060 508 ἀπήλλαξεν
3083 437 3280 504 αὐτοὺς
3307 439 3416 494 τῶν
3435 442 3734 514 πολεμίων,

2161 518 2447 574 συνάπτων
2491 523 2607 586 τοῖς
2646 521 2898 585 παλαιοῖς
2942 521 3010 576 τὰ
3043 522 3172 588 νέα,
3210 524 3402 594 ἐπάγει
3435 527 3530 580 καὶ
3561 529 3731 598 λέγει·

2171 600 2588 666 Ἑξαπέστειλε
2612 606 2828 674 Κύριος
2854 606 2962 659 τὸν
2998 603 3313 674 ἰεροόάαλ,
3345 607 3454 661 τὸν
3476 611 3736 677 Γεδεὼν,

2157 691 2384 747 καὶτὸν
2403 694 2623 760 Βαράκ,
2648 695 2748 749 καί
2768 694 2876 748 τὸν
2914 695 3151 764 Ἰεφθάε,
3175 697 3273 750 καί
3298 696 3404 750 τὸν
3422 701 3734 768 Σαμουὴλ,

2159 775 2255 828 καί
2274 775 2542 840 ἐξείλετο
2561 774 2717 847 ὑμᾶς
2735 778 3043 832 κύκλωθεν
3059 779 3128 831 ἐκ
3143 778 3343 849 χειρὸς
3365 780 3485 834 τῶν
3505 783 3736 852 ἐχθρῶν

2156 856 2344 927 ὑμῶν,
2369 859 2467 912 καί
2487 860 2814 914 κατοικεῖτε
2827 862 3198 928 πεποιθότες.

2232 945 2282 995 ι’.
2318 941 2481 1013 Ὁρᾷς
2497 942 2614 1006 πῶς
2630 941 2751 1006 ἑθος
2778 945 2891 1008 τοῖς
2910 943 3088 1012 ἁγίοις
3105 943 3263 1014 μὴτά
3291 944 3500 998 ἑαυτῶν
3529 963 3735 1018 κατορ-

2157 1021 2384 1094 θώματα
2424 1024 2625 1095 λέγειν,
2665 1027 2714 1078 εἰ
2756 1027 2830 1098 μή
2879 1043 3010 1080 ποτε
3052 1028 3588 1097 καταναγκασθεῖεν;
3634 1035 3735 1087 Διά

2153 1107 2313 1162 τοῦτο
2339 1109 2434 1163 καὶ
2469 1111 2498 1162 ό
2532 1109 2747 1174 Παῦλος
2784 1110 2922 1183 πρὸς
2957 1110 3181 1175 τούτους
3209 1111 3439 1182 βλέπων,
3478 1117 3572 1168 καὶ
3605 1133 3734 1170 παι-

2153 1185 2439 1258 δευόμενος
2469 1187 2734 1261 ἀκριϐῶς,
2779 1190 2862 1244 ὅτι
2901 1190 2966 1243 τὸ
2996 1191 3160 1244 αὐτόν
3196 1209 3319 1246 τινα
3361 1194 3491 1264 περὶ
3535 1196 3734 1250 ἑαυτοῦ

2153 1269 2335 1337 λέγειν
2362 1271 2598 1342 ἐπαχθὲς
2625 1272 2720 1326 καὶ⁵
2742 1273 3026 1342 φορτικὸν,
3042 1274 3248 1343 ἔλεγεν·
3279 1277 3543 1344 Ὄφελον
3571 1280 3733 1333 ἀνει-

2153 1357 2336 1428 χεσθέ
2361 1377 2480 1430 μου
2522 1360 2739 1430 μικρὸν
2778 1360 2855 1429 τῇ
2899 1362 3215 1432 ἀφροσύνῃ
3234 1380 3250 1395 ·
3278 1365 3342 1417 ού
3390 1365 3555 1434 μέγα,
3597 1368 3732 1422 ἀλλὰ

2156 1443 2352 1515 μικρόν
2373 1461 2448 1497 τι.
2483 1444 2618 1498 Οὐδὲ
2650 1444 2760 1516 γάρ
2787 1446 3035 1517 ἀνάγκης
3070 1445 3237 1518 οῦσης
3281 1449 3418 1517 μετά
3458 1449 3732 1519 δαψιλείας

2152 1529 2336 1599 ἐκχεῖν
2369 1528 2566 1583 ἑαυτὸν
2599 1530 2680 1594 είς
2705 1528 2804 1599 τὴν
2851 1530 3105 1602 διήγησιν
3134 1530 3243 1584 τῶν
3269 1534 3560 1603 ἐγκωμίων
3589 1553 3731 1607 παρ’

2151 1612 2483 1666 εσκεύασται
2506 1653 2522 1677 ,
2549 1613 2686 1666 ἀλλά
2709 1613 2798 1667 διὰ
2827 1613 3072 1685 βραχέων
3097 1614 3237 1670 αύτά
3254 1618 3613 1688 παρατρέχειο
3636 1622 3733 1674 καὶ

2153 1694 2286 1748 αὐτὸ
2315 1695 2378 1768 δὴ
2403 1696 2561 1750 τοῦτο
2590 1696 2656 1750 δι’
2679 1696 2921 1761 ἐκείνους
2943 1699 3037 1750 καὶ
3057 1696 3155 1768 τὴν
3178 1699 3402 1753 ἐκείνων
3431 1702 3728 1773 σωτηρίαν.

2155 1779 2365 1850 Ὥσπερ
2384 1779 2513 1850 γὰρ,
2540 1780 2640 1832 οὐκ
2663 1777 2828 1849 οὔσης
2849 1778 3092 1850 ἀνάγκης
3122 1779 3299 1850 λέγειν
3321 1781 3389 1836 τὰ
3406 1784 3582 1838 οἰκεῖα
3602 1803 3733 1840 κατ-

2151 1860 2479 1933 ορθώματα,
2520 1861 2708 1926 ἀνοίας
2759 1862 2908 1916 ἐστὶν
2954 1864 3218 1935 ἐσχάτης,
3269 1863 3445 1930 οὕτως
3484 1867 3731 1941 ἀνάγκης

2152 1945 2506 2015 ἐπικειμένης
2537 1945 2632 1999 καὶ
2662 1944 2782 2015 βίας
2812 1945 3080 2016 ὠθούσης,
3122 1947 3284 2000 πάλιν
3317 1949 3578 2019 προδοσία
3610 1953 3731 2005 ἐστὶ

2149 2026 2214 2081 τδ
2239 2031 2394 2099 σιγᾷν
2418 2029 2487 2082 τά
2505 2029 2683 2082 αὐτῶν
2707 2030 3092 2102 πεπραγμένα.
3126 2031 3268 2085 Ἀλλ’
3294 2034 3444 2104 ὅμως
3464 2035 3493 2087 ό
3519 2036 3732 2094 Παῦλος

2152 2113 2247 2165 καὶ
2283 2112 2533 2183 ἀνάγκην
2561 2109 2729 2168 οὖσαν
2753 2113 2916 2185 ὁρῶν,
2959 2113 3204 2168 ἀπώκνει
3223 2155 3238 2177 ,
3270 2117 3366 2169 καὶ⁵
3398 2117 3460 2170 τὸ
3497 2121 3733 2191 πρᾶγμα

2151 2195 2463 2267 ἀφροσύνην
2493 2197 2697 2262 ἐκάλει,
2726 2197 2814 2252 ἵνα
2857 2197 3036 2270 μάθῃς
3067 2198 3232 2252 αὑτοῦ
3259 2201 3358 2272 τὴν
3387 2201 3605 2256 σύνεσιν
3637 2206 3732 2258 καὶ

2151 2279 2248 2350 τὴν
2272 2280 2460 2348 σοφίαν
2484 2281 2580 2334 καὶ
2601 2281 2698 2352 τὴν
2719 2281 2916 2353 πολλὴν
2937 2282 3257 2351 ἀσφάλειαν.
3280 2285 3389 2337 Καὶ
3408 2286 3516 2356 γὰρ
3537 2286 3729 2352 εἰπὼν,

2157 2364 2219 2416 Ὅ
2249 2361 2438 2425 λαλῶ.
2479 2365 2552 2419 οὐ
2579 2363 2748 2419 λαλῶ
2773 2366 2924 2420 κατὰ
2953 2367 3194 2435 Κύριον,
3219 2367 3588 2439 προσέθηκεν,
3630 2373 3733 2427 ’Er

2150 2447 2335 2516 ταύτῃ
2361 2445 2438 2516 τῇ
2459 2447 2796 2526 ὑποστάσει
2816 2447 2928 2517 τῆς
2952 2449 3331 2518 καυχήσεως.
3358 2451 3450 2521 Μὴ
3477 2454 3730 2526 νομίσῃς.

2151 2513 2310 2600 φησὶ,
2322 2513 2560 2585 καθόλου
2591 2547 2660 2600 με
2682 2513 2840 2585 τοῦτο
2861 2513 3060 2601 λέγειν.
3073 2513 3257 2586 ’Ὥστε
3281 2513 3368 2586 διὰ
3389 2513 3555 2588 τοῦτο

2152 2613 2388 2684 μάλιστα
2419 2615 2628 2668 ἐπαινῶ
2655 2615 2749 2668 καὶ
2783 2615 3049 2687 θαυμάζω
3079 2617 3175 2670 καὶ
3209 2617 3521 2686 σοφώτατον
3552 2622 3729 2686 καλῶ,

2148 2697 2232 2750 ὃτι
2254 2699 2487 2769 πρᾶγμα
2508 2698 2824 2770 ἀφροσύνης
2854 2695 2995 2753 εἶναι
3016 2701 3233 2771 ἐνόμισε
3264 2701 3323 2754 τὸ
3349 2702 3542 2754 ἐαυτὸν
3563 2705 3734 2771 ἐγκω-

2153 2780 2371 2850 μιάζειν
2414 2781 2510 2835 καί¹
2555 2783 2816 2836 ἐπαινεῖν.
2863 2783 2928 2836 Εἰ
2973 2783 3031 2836 δέ
3069 2776 3225 2848 οὗτος
3274 2785 3521 2857 ἀνάγκην
3567 2783 3733 2840 οὖσαν

2149 2865 2314 2936 ὁρῶν,
2345 2866 2656 2938 ἀφροσύνην
2679 2865 2835 2920 τοῦτο
2856 2867 3065 2932 ἐκάλει,
3093 2868 3240 2932 τίνος
3267 2868 3333 2922 ἂν
3359 2866 3468 2922 εἶεν
3495 2872 3735 2940 συγγνώ-

2153 2966 2261 3020 μης
2298 2949 2462 3016 ἄξιοι,
2497 2951 2658 3013 ποίας
2683 2951 3003 3019 ἀπολογίας,
3041 2953 3088 3004 οί
3122 2951 3257 3023 μηδὲ
3285 2953 3534 3025 ἀνάγκης
3561 2955 3733 3025 οὔσης

2149 3032 2278 3103 περὶ
2318 3032 2532 3086 ἑαυτῶν
2559 3032 2807 3100 λέγοντες
2843 3033 3076 3104 μεγάλα,
3106 3034 3140 3104 ἢ
3178 3035 3270 3088 καί
3296 3036 3515 3105 ἑτέρους
3554 3036 3736 3105 λέγειν

2148 3115 2694 3184 καταναγκάζοντεςς
2739 3116 2906 3170 Ταῦτ’
2929 3113 3023 3171 οῦν
3055 3117 3274 3181 εἰδότες,
3305 3117 3380 3189 μὴ
3414 3120 3736 3191 ἐπαινῶμεν

2144 3198 2215 3252 τά
2239 3197 2508 3269 λεγόμενα
2541 3200 2722 3270 μόνον,
2745 3200 2884 3254 ἀλλά
2910 3201 3004 3255 καὶ
3037 3200 3406 3272 μιμησώμεθα
3438 3205 3535 3258 καὶ
3558 3205 3736 3276 ξηλὼ-

2147 3297 2353 3352 σωμεν,
2407 3282 2504 3336 καὶ
2553 3282 2995 3355 κατορθωμάτων
3050 3282 3568 3355 ἐπιλανθανόμενοι,
3622 3287 3734 3340 τῶν

2148 3363 2565 3436 ἁμαρτημάτων
2589 3366 2676 3420 ἀεὶ
2705 3365 3156 3438 μνημονεύωμεν,
3179 3366 3265 3420 ἵνα
3287 3368 3382 3420 καὶ
3416 3370 3733 3439 μετριάζειν

2146 3445 2465 3518 δυνώμεθα,
2497 3449 2594 3502 καὶ
2638 3448 2774 3521 πρὸς
2801 3449 2870 3502 τὰ
2912 3449 3224 3521 ἔμπροσθεν
3252 3450 3730 3523 ἐπεκτεινόμενοι,

2146 3529 2209 3583 τὸ
2247 3530 2501 3602 βραδεῖον
2535 3531 2789 3602 λάϐωμεν
2817 3533 2918 3604 τῆς
2946 3533 3059 3585 ἀνω
3099 3532 3378 3604 κλήσεως,
3411 3535 3595 3608 χάριτι
3635 3537 3732 3589 καὶ

2148 3612 2530 3689 φιλανθρωπίᾳ
2555 3613 2650 3667 τοῦ
2680 3615 2887 3687 Κυρίου
2918 3615 3074 3686 ήμῶν
3113 3615 3290 3686 Ἰησοῦ
3311 3618 3571 3688 Χριστοῦ,
3606 3619 3732 3689 μεθ’

2146 3688 2210 3748 οῦ
2247 3695 2326 3767 τῷ
2355 3698 2531 3770 Πατρὶ
2559 3697 2678 3769 ἅμα
2702 3699 2782 3771 τῷ
2815 3699 2960 3770 ἀγίῳ
2989 3699 3266 3771 Πνεύματι
3297 3700 3424 3765 δόξα
3448 3741 3463 3768 ,
3494 3688 3696 3773 κράτος
3714 3742 3730 3762 ,

2146 3781 2302 3852 τιμὴ,
2336 3779 2432 3838 νῦν
2458 3783 2554 3838 καὶ
2579 3783 2689 3852 ἀεὶ,
2717 3784 2812 3838 καὶ
2846 3785 2927 3849 εἰς
2958 3785 3085 3849 τοὺς
3117 3783 3320 3850 αἰῶνας
3344 3784 3458 3841 τῶν
3493 3784 3738 3840 αἰώνων.

2161 3864 2355 3936 Ἀμήν.
