4020 6370
303 341 410 399 309

304 454 465 510 modo
502 474 679 529 quave
699 456 911 512 ratione
926 454 1262 513 subditorum
1293 473 1477 513 curam
1506 472 1692 527 gerere
1730 472 1893 528 opor-

303 554 431 601 teat.
476 545 559 602 'l'u
588 562 717 602 vero
747 547 878 602 mihi
906 549 1177 619 perpende
1204 548 1474 620 quomodo
1512 565 1573 604 se
1608 548 1893 619 diligenter

297 638 447 692 omni
471 653 694 693 munere
711 654 904 710 purum
925 655 1045 696 esse
1064 641 1415 697 demonstret.
1440 641 1554 696 Non
1572 642 1713 696 enim
1734 641 1889 703 dixit,

298 730 435 786 Num
467 746 626 802 agros
661 732 957 803 cujuspiam
984 744 1222 789 vestrum
1251 734 1481 790 abstuli?
1507 750 1631 789 num
1663 734 1891 789 aurum?

296 822 394 876 sed
435 821 579 891 quod
622 823 859 878 omnium
904 824 1221 880 vilissimum
1264 835 1400 892 erat,
1450 825 1587 880 Num
1623 826 1887 894 calceum,

295 914 509 984 inquit?
568 915 772 971 Deinde
833 917 990 971 aliam
1060 935 1287 989 eamque
1341 935 1587 990 magnam
1636 920 1888 975 virtutem

293 1021 447 1060 suam
478 1006 747 1076 patefecit.
778 1007 910 1075 Quia
945 1010 1086 1063 enim
1124 1012 1278 1065 multi
1321 1011 1606 1081 principes,
1637 1011 1763 1066 dum
1807 1010 1889 1067 fu-

292 1107 503 1164 rantur,
544 1100 808 1156 mansueti
841 1111 965 1157 sunt
1002 1111 1057 1158 et
1100 1103 1382 1170 moderati,
1424 1119 1532 1159 non
1570 1113 1758 1175 suapte
1795 1120 1889 1160 na-

293 1196 434 1258 tura,
465 1190 561 1245 sed
591 1200 816 1262 cogente
841 1193 1188 1259 conscientia,
1231 1195 1372 1265 quod
1412 1195 1618 1251 scilicet
1654 1196 1759 1250 illis
1787 1195 1886 1250 ad-

298 1282 524 1336 missum
553 1282 749 1337 furtum
780 1284 1027 1339 fiduciam
1055 1286 1204 1340 tollat
1231 1304 1244 1340 :
1277 1296 1461 1341 contra
1489 1302 1618 1342 vero
1645 1289 1734 1357 qni
1763 1303 1885 1341 mu-

292 1387 422 1427 nera
461 1386 799 1443 aversantur,
843 1377 1055 1432 molesti
1097 1379 1421 1448 onerosique
1457 1389 1601 1444 sunt,
1649 1393 1750 1434 nec
1784 1378 1885 1448 ipsi

290 1474 481 1533 suapte
513 1473 727 1534 natura,
756 1467 851 1521 sed
889 1484 953 1523 ex
984 1469 1213 1539 quadam
1255 1485 1388 1524 vana
1421 1470 1613 1541 gloria,
1658 1480 1710 1525 et
1739 1470 1883 1541 quod

289 1555 605 1611 muneribus
628 1558 781 1612 vacui
810 1559 919 1613 sint
953 1576 967 1613 :
1013 1569 1239 1631 utraque
1278 1570 1455 1616 autem
1498 1563 1634 1616 mala
1679 1562 1731 1617 in
1776 1577 1884 1617 uno

288 1660 618 1704 concurrere
642 1663 747 1703 non
779 1648 935 1706 facile
960 1652 1143 1707 videas
1192 1672 1204 1706 :
1248 1668 1368 1707 cum
1406 1654 1690 1709 ostendere
1725 1654 1883 1710 vellet

288 1735 370 1789 vir
396 1736 489 1791 ille
524 1748 763 1805 sanctus,
813 1754 871 1796 se
914 1750 968 1796 et
1000 1743 1311 1798 muneribus
1340 1752 1393 1798 et
1428 1745 1504 1799 ira
1549 1746 1879 1814 superiorem

289 1825 475 1895 fuisse,
512 1829 602 1884 ubi
631 1830 875 1899 dixisset,
922 1832 1067 1885 Num
1109 1834 1320 1888 vitulum
1357 1837 1627 1906 cujusdam
1664 1848 1881 1892 vestrum

287 1919 496 1989 accepi?
521 1936 628 1975 non
656 1924 839 1989 tacuit,
870 1924 964 1979 sed
993 1925 1288 1995 subjunxit,
1319 1927 1420 1981 Aut
1448 1929 1676 1999 oppressi
1701 1946 1879 1998 quem-

287 2009 425 2075 piam
454 2014 714 2067 vestrum?
738 2017 836 2081 ,‘aut
879 2014 1124 2086 depressi,
1172 2017 1225 2072 id
1263 2026 1366 2082 est,
1410 2018 1673 2073 contrivi?
1710 2021 1878 2089 liujus

285 2115 449 2170 porro
469 2102 598 2159 dicti
620 2121 812 2163 sensus
835 2118 919 2164 est
943 2128 956 2163 :
981 2109 1150 2164 Nemo
1170 2110 1297 2165 illud
1325 2110 1503 2167 dicere
1525 2113 1707 2181 possit,
1734 2113 1876 2184 quod

283 2208 390 2249 non
408 2198 709 2267 acceperim
735 2200 973 2270 quidem,
1003 2202 1098 2258 sed
1119 2204 1243 2273 quia
1267 2219 1373 2259 non
1398 2219 1730 2275 acceperam,
1756 2206 1875 2262 ideo

280 2288 479 2354 gravis,
509 2290 792 2358 molestus,
835 2293 1066 2350 crudelis
1109 2302 1166 2349 et
1210 2295 1457 2350 immanis
1495 2296 1706 2351 fuerim.
1738 2297 1873 2353 Pro-

283 2387 469 2446 pterea
518 2379 731 2436 dicebat
778 2399 794 2437 :
847 2382 988 2437 Nunt
1037 2386 1265 2456 Oppressi
1319 2389 1608 2458 quempiam
1653 2400 1872 2443 vestrum

280 2468 358 2540 (1.
404 2471 537 2543 Reg.
592 2473 680 2528 l2.
715 2474 861 2547 3-4).
899 2475 1043 2542 Quid
1073 2477 1232 2547 igitur
1269 2478 1385 2532 illi?
1418 2478 1540 2533 Non
1580 2482 1871 2550 oppressisti

278 2577 394 2625 nos,
424 2579 585 2632 neque
609 2567 820 2629 vexasti,
854 2584 943 2621 nec
968 2571 1207 2638 accepisti
1232 2587 1295 2625 ea:
1321 2588 1473 2625 manu
1512 2583 1684 2626 nostra
1717 2573 1867 2644 quid-

278 2652 437 2722 piam.
492 2653 561 2708 Et
599 2664 658 2709 ut
700 2657 874 2712 discas
926 2659 1073 2714 illum
1125 2672 1184 2715 nt
1236 2678 1426 2733 regem,
1466 2665 1701 2719 erndiret
1754 2665 1868 2721 haec

275 2742 498 2809 dixisse,
527 2746 801 2815 subjunxit
841 2764 858 2804 :
905 2749 1063 2804 Testis
1101 2750 1368 2821 Dominus,
1398 2763 1446 2807 et
1488 2757 1623 2809 testis
1651 2757 1866 2812 c/tristus

272 2836 386 2904 ejus
407 2835 516 2905 (Ib.
541 2854 588 2891 υ.
617 2840 671 2909 5)
701 2857 717 2896 :
744 2840 844 2896 hoc
867 2836 1041 2897 autem
1068 2845 1357 2899 ostendens
1383 2855 1542 2916 atque
1563 2848 1861 2915 declarans,

278 2941 475 2996 nempe
511 2930 876 2987 testimonium
923 2949 1028 2989 non
1071 2934 1235 2991 fuisse
1276 2937 1341 2991 ad
1390 2940 1611 3009 gratiam
1656 2940 1861 3010 datum,

272 3018 450 3086 ipsum
468 3020 746 3078 advocavit
775 3036 986 3092 testem,
1009 3028 1097 3097 qui
1115 3029 1308 3084 mentis
1338 3046 1531 3085 arcana
1542 3034 1707 3099 novit,
1723 3035 1862 3104 quod

269 3118 355 3165 est
393 3113 604 3182 signum
634 3130 781 3185 pune
820 3120 1183 3177 conscientiae.
1222 3122 1391 3177 Nemo
1430 3126 1646 3195 quippe,
1679 3124 1858 3197 nemo,

270 3205 373 3259 nisi
399 3216 581 3263 mente
626 3218 814 3278 captus
846 3226 911 3266 ac
952 3211 1189 3269 furiosus
1232 3216 1322 3281 sit,
1367 3219 1709 3273 conscientia:
1750 3235 1860 3277 suae

277 3307 472 3355 testem
512 3302 853 3359 advocaverit
895 3306 1085 3373 Deum,
1124 3309 1227 3364 nisi
1266 3309 1333 3364 ad
1371 3312 1584 3366 modum
1614 3313 1714 3369 sibi
1757 3314 1858 3385 ipsi

268 3388 417 3445 fidat.
477 3391 609 3447 Cum
672 3397 850 3465 itaque
916 3398 990 3453 illi
1044 3399 1183 3454 dicta
1238 3402 1404 3470 ipsius
1464 3418 1561 3459 suo
1617 3408 1857 3463 testimo-

266 3481 358 3535 nio
391 3483 791 3553 confirmarent,
835 3488 991 3543 aliam
1039 3490 1153 3559 ipse
1192 3492 1438 3549 virtutem
1476 3511 1625 3551 suam
1661 3499 1855 3568 prmdi-

266 3582 354 3626 cat
381 3590 396 3626 :
428 3589 492 3629 ac
523 3580 958 3635 commemoratis
994 3583 1224 3652 antiquis
1251 3585 1355 3639 illis
1380 3586 1647 3653 omnibus,
1682 3591 1771 3660 qui
1800 3590 1853 3647 in

263 3663 499 3737 Egypto
545 3668 780 3733 fuerunt,
828 3688 1037 3729 necnon
1085 3675 1177 3731 Dei
1218 3679 1549 3747 patrocinio,
1595 3682 1854 3754 bellisque

263 3773 385 3826 quae
419 3767 602 3828 postea
631 3764 989 3834 contigerunt,
1020 3770 1183 3823 refert
1208 3786 1435 3841 pugnam
1466 3788 1524 3829 se
1547 3774 1681 3832 duce
1706 3793 1853 3833 com-

264 3852 483 3907 missam
528 3862 584 3908 et
626 3855 904 3912 victoriam
951 3859 1276 3930 inopinatam
1310 3880 1323 3916 :
1363 3879 1427 3919 ac
1471 3880 1591 3920 cum
1630 3867 1852 3925 dixisset

261 3943 533 4011 quomodo
556 3961 700 4016 saepe
728 3947 799 4003 ob
823 3959 1039 4018 peccata
1064 3968 1159 4006 sua
1196 3954 1427 4012 inimicis
1458 3959 1699 4026 traditos,
1732 3962 1850 4031 ipso

259 4044 540 4104 precante,
570 4038 714 4093 Deus
736 4040 806 4095 ab
829 4041 1073 4098 hostibus
1110 4045 1435 4115 liberaverit,
1463 4053 1734 4107 veteribus
1763 4070 1849 4108 re-

256 4126 434 4181 centia
475 4127 789 4199 adjungens,
838 4131 917 4187 sic
962 4133 1123 4189 infert
1160 4153 1175 4192 :
1220 4136 1365 4192 Misit
1399 4141 1539 4197 Deus
1579 4141 1840 4212 Jerobaal,

259 4215 467 4271 Gedeon
492 4218 591 4290 (a),
620 4219 812 4290 Barac,
844 4223 1102 4296 .Ieplttlue,
1144 4238 1192 4282 et
1223 4228 1531 4299 Samuelem,
1577 4242 1623 4286 et
1662 4235 1845 4305 eripuit

317 4327 395 4391 (a)
430 4334 483 4379 In
504 4328 631 4382 hunc
654 4330 814 4385 locum
854 4341 989 4388 notat
1017 4336 1219 4391 Savilius
1250 4353 1447 4403 vocem,
1490 4344 1701 4406 Gedeon,
1728 4359 1842 4397 esse

903 338 993 394 DE
1034 337 1278 398 VERBIS
1316 341 1672 413 APOSTOLI,
1716 345 1981 404 UTlNAM
2021 349 2524 409 SUSTINERETIS
2559 353 2892 414 MODICUM.
2933 357 3023 415 Ill.

3476 358 3585 418 3I0

2004 473 2092 513 vos
2118 460 2171 512 in
2196 460 2406 513 circuitu
2437 460 2501 514 de
2528 477 2680 514 manu
2706 461 3024 516 inimicorum
3048 469 3344 531 vestrorum,
3377 471 3424 517 et
3444 463 3588 519 habi-

1998 553 2114 606 tatis
2139 552 2450 616 conﬁdenter
2475 554 2553 625 (1.
2585 552 2713 624 Reg.
2748 553 2835 608 l2.
2868 554 2980 626 11).

1999 669 2022 693 .-
2070 643 2152 695 l0.
2185 643 2364 697 Sancti
2384 644 2583 697 nonnisi
2608 654 2817 715 urgente
2838 645 3128 700 necessitate
3160 644 3338 700 Iaudes
3366 661 3486 699 suas
3507 647 3580 716 ef-

1994 736 2184 804 ferunt.
2212 765 2285 774 —
2311 735 2499 790 Viden’
2525 737 2790 806 quomodo
2827 737 2881 791 in
2926 752 3077 803 more
3118 741 3189 793 sit
3231 739 3430 793 sanctis
3473 753 3581 793 non

1994 824 2250 892 przeclara
2294 840 2388 881 sua
2418 835 2566 897 gesta
2606 842 2825 882 narrare
2846 828 2944 882 nisi
2977 837 3196 899 urgente
3224 828 3582 885 necessitate?

1993 914 2119 970 Ideo
2147 916 2340 972 Paulus
2364 917 2432 972 ad
2455 918 2553 973 hos
2577 918 2869 987 respiciens
2888 963 2903 987 ,
2932 928 2985 975 et
3010 930 3257 975 accurate
3282 920 3577 984 institutus,

1992 1008 2274 1062 molestum
2303 1025 2691 1080 onerosumque
2715 1025 2865 1075 esse,
2896 1011 2939 1065 si
2977 1012 3096 1081 quis
3139 1012 3206 1066 de
3256 1011 3433 1080 seipso
3475 1011 3576 1065 ali-

1991 1097 2116 1168 quid
2154 1098 2453 1168 proferret,
2484 1100 2717 1167 dicebat,
2754 1099 2958 1155 Utinam
2982 1102 3295 1155 sustineretis
3322 1104 3581 1156 modicum

1989 1190 2111 1260 quid
2157 1191 2461 1261 insipientia:
2500 1209 2659 1256 meae;
2700 1209 2807 1248 non
2849 1209 3136 1262 magnum,
3183 1194 3277 1248 sed
3323 1194 3575 1248 modicum

1987 1282 2112 1351 quid
2136 1282 2211 1351 (2.
2236 1281 2354 1338 Cor.
2383 1285 2471 1338 11.
2498 1282 2574 1356 1).
2604 1284 2787 1355 Neque
2811 1285 2952 1339 enim
3001 1296 3222 1353 cogente
3261 1286 3575 1341 necessitate

1988 1373 2259 1443 cupiosam
2282 1374 2495 1429 laudum
2526 1390 2741 1429 suarum
2778 1376 3136 1429 narrationem
3176 1374 3448 1430 effundere
3475 1391 3573 1445 pa-

1988 1473 2136 1521 ratus
2159 1475 2272 1520 erat
2294 1507 2311 1533 ,
2338 1464 2433 1521 sed
2476 1467 2659 1536 paucis
2686 1466 2803 1519 illas
2830 1467 3089 1535 percurrit
3135 1483 3147 1519 :
3195 1476 3249 1520 et
3277 1466 3376 1520 hoc
3400 1466 3572 1535 ipsum

1987 1566 2209 1626 propter
2230 1570 2324 1612 eos
2350 1572 2642 1626 eorumque
2666 1557 2910 1610 salutem.
2946 1555 3403 1622 Quemadmodum
3427 1557 3570 1611 enim

1985 1647 2100 1701 sine
2123 1647 2299 1718 aliqua
2330 1648 2647 1703 necessitate
2673 1663 2769 1702 sua
2810 1663 3093 1703 recensere
3139 1649 3393 1717 praeclara
3423 1656 3569 1718 gesta

1985 1746 2240 1793 extremae
2264 1738 2548 1793 dementiae
2577 1747 2690 1803 est;
2720 1739 2798 1792 sic
2824 1738 3055 1792 instante
3090 1737 3409 1792 necessitate
3435 1746 3491 1793 et
3517 1737 3569 1792 vi

1983 1828 2366 1898 compellente,
2396 1828 2623 1899 proditio
2645 1838 2788 1883 esset
2812 1828 2903 1881 illa
2930 1836 3107 1883 tacere
3132 1844 3251 1897 qua:
3293 1828 3462 1899 probe
3492 1828 3568 1884 fe-

1981 1920 2135 1975 cerit.
2159 1918 2408 1974 Attamen
2435 1919 2630 1975 Paulus
2658 1920 2816 1974 etiam
2845 1935 2965 1973 cum
2998 1927 3208 1989 urgeret
3236 1920 3562 1988 necessitas,

1989 2011 2354 2077 cunctabatur,
2387 2026 2608 2081 remque
2651 2011 2795 2064 illam
2826 2011 3182 2080 insipientiam
3220 2010 3477 2079 vocabat,
3510 2020 3566 2067 ut

1978 2101 2155 2157 discas
2200 2102 2314 2172 ejus
2363 2102 2701 2172 prudentiam
2752 2111 2806 2157 et
2835 2102 3143 2171 sapientiam
3167 2143 3183 2167 ,
3215 2117 3566 2172 magnamque

1977 2194 2300 2248 cautionem.
2335 2193 2469 2248 Nam
2508 2210 2629 2248 cum
2656 2194 2911 2260 dixisset,
2947 2193 3096 2262 Quod
3126 2195 3322 2265 loquor,
3351 2211 3452 2248 non
3477 2195 3561 2248 lo-

1976 2300 2103 2352 quor
2126 2283 2403 2337 secundum
2432 2283 2708 2337 Dominum
2727 2325 2742 2349 ,
2785 2283 2978 2352 adjecit
2996 2324 3011 2350 ,
3054 2281 3122 2336 In
3149 2286 3242 2337 hac
3279 2284 3561 2338 substantia

1974 2374 2294 2445 gloriationis
2325 2374 2398 2445 (2.
2424 2373 2541 2428 Cor.
2573 2375 2661 2428 11.
2696 2372 2770 2446 7).
2797 2374 2875 2428 Ne
2898 2382 3053 2444 putes
3074 2415 3090 2434 .
3123 2373 3320 2443 inquit,
3356 2389 3441 2429 me
3468 2390 3561 2444 ge-

1975 2464 2199 2519 neratim
2230 2465 2333 2520 hoc
2354 2465 2552 2520 dicere.
2576 2464 2759 2535 Itaque
2784 2465 2905 2519 ideo
2921 2465 3151 2519 maxime
3176 2464 3348 2519 virum
3377 2464 3559 2530 laudo,

1972 2558 2207 2613 admiror
2236 2569 2291 2613 et
2314 2558 2765 2628 sapientissimum
2799 2572 2931 2612 voco
2949 2599 2965 2623 ,
2993 2556 3135 2627 quod
3164 2572 3274 2611 rem
3307 2557 3562 2627 insipien-

1974 2658 2078 2705 tem
2110 2666 2231 2707 esse
2258 2658 2468 2721 putaret
2494 2651 2728 2721 seipsum
2755 2649 2972 2704 laudare
3012 2659 3065 2704 et
3088 2650 3378 2705 celebrare.
3408 2650 3559 2718 Quod

1970 2744 2015 2797 si
2046 2743 2135 2798 ille
2158 2784 2172 2808 ,
2204 2744 2327 2798 licet
2354 2743 2725 2797 necessitatem
2756 2742 2955 2796 instare
2970 2740 3178 2796 videret
3196 2781 3214 2808 ,
3238 2741 3340 2795 hoc
3368 2743 3553 2796 stulti-

1970 2834 2095 2887 tiam
2113 2832 2354 2899 vocabat,
2368 2848 2470 2904 qua
2488 2833 2663 2900 venia,
2682 2847 2784 2904 qua
2803 2832 3143 2887 excusatione
3163 2832 3304 2902 digni
3319 2842 3479 2887 erunt
3498 2834 3553 2899 ii,

1968 2923 2057 2994 qui
2086 2924 2231 2978 nulla
2258 2925 2577 2979 necessitate
2600 2925 2667 2980 de
2694 2924 2885 2993 seipsis
2907 2938 3095 2994 magna
3121 2923 3345 2993 jactant,
3376 2933 3555 2985 aut.a-

1967 3016 2068 3071 lios
2087 3016 2286 3085 jactare
2312 3017 2542 3087 cogunt?
2560 3017 2683 3070 Haec
2711 3031 2831 3071 cum
2859 3023 3129 3085 comperta
3144 3015 3453 3080 habeamus,
3486 3031 3555 3072 ne

1966 3106 2075 3173 illa,
2096 3122 2214 3177 quae
2240 3106 2380 3162 dicta
2410 3116 2553 3173 sunt,
2574 3105 2848 3161 laudemus
2871 3114 3094 3170 tantum,
3119 3104 3213 3160 sed
3241 3107 3399 3160 etiam
3429 3106 3553 3160 imi—

1965 3208 2138 3254 temur
2167 3208 2223 3254 et
2246 3199 2585 3265 aemulemur,
2616 3208 2671 3253 et
2699 3208 2843 3253 recte
2871 3197 3134 3252 factorum
3162 3198 3309 3252 obliti
3337 3208 3551 3269 peccata

1962 3304 2177 3359 semper
2200 3304 2704 3357 commemoremus,
2735 3298 2874 3345 utet
2914 3290 3188 3345 moderate
3225 3305 3383 3360 agere
3426 3307 3550 3361 pos-

1961 3382 2151 3449 simus,
2201 3393 2256 3438 et
2283 3381 2349 3437 ad
2391 3397 2453 3437 ea
2499 3398 2617 3453 quae
2647 3392 2771 3436 ante
2818 3397 2916 3437 nos
2964 3390 3086 3436 sunt
3134 3382 3547 3450 contendentes,

1963 3472 2208 3528 hravium
2259 3487 2504 3544 superna:
2543 3474 2834 3528 vocationis
2885 3474 3235 3542 accipiamus,
3290 3473 3453 3543 gratia
3495 3482 3549 3528 et

1959 3564 2289 3634 benignitate
2331 3564 2542 3618 Domini
2575 3564 2745 3619 nostri
2766 3564 2893 3619 Jesu
2939 3563 3135 3619 Christi
3156 3605 3171 3630 ,
3204 3565 3418 3633 quicum
3448 3564 3549 3619 Pa-

1962 3657 2047 3722 tri,
2098 3673 2200 3713 una
2258 3673 2380 3713 cum
2443 3667 2631 3712 sancto
2681 3657 2911 3727 Spiritu,
2968 3657 3173 3727 gloria,
3227 3658 3542 3727 imperium,

1957 3747 2149 3816 honor,
2192 3764 2333 3804 nunc
2380 3756 2435 3804 et
2477 3763 2709 3819 semper,
2748 3757 2804 3803 et
2845 3748 2899 3802 in
2949 3748 3146 3804 saecula
3201 3747 3541 3803 saeculorum.

1955 3839 2149 3893 Amen.

1953 4014 2247 4077 superﬂuam
2270 4020 2526 4077 ortamque
2543 4027 2607 4065 ex
2632 4013 2931 4077 glossemate
2952 4013 3201 4077 marginali
3219 4014 3280 4063 ad
3299 4014 3538 4065 Jerobaal.

1953 4075 2227 4138 Et‘quidem
2251 4078 2379 4123 idem
2406 4075 2514 4138 erat
2544 4075 2770 4126 Jerobaal
2794 4082 2846 4125 et
2883 4075 3099 4125 Gedeon.
3126 4083 3294 4138 Itaque
3317 4084 3402 4126 aut
3422 4092 3537 4135 vox,

1953 4092 2006 4125 ιιι
2063 4092 2227 4124 utnem
2251 4092 2379 4123 idem
2406 4092 2514 4125 erat
2544 4092 2770 4126 Jerooaat
2794 4092 2846 4125 et.
2883 4092 3099 4125 ueneon.
3126 4092 3294 4138 itaque
3317 4092 3402 4126 aut
3422 4092 3537 4135 vox,

1950 4092 2156 4195 segem,
2184 4145 2266 4187 aut
2288 4136 2480 4199 virgula
2504 4139 2633 4200 inter
2654 4139 2843 4187 Gedeon
2866 4144 2917 4200 et
2926 4137 3161 4200 _Jerobaat
3194 4140 3347 4200 posita
3367 4138 3538 4188 delea-

1952 4204 2029 4247 tur
2054 4212 2261 4248 necesse
2286 4198 2409 4247 est’:
2449 4199 2637 4261 virgula
2660 4206 2825 4249 autem
2856 4198 3026 4249 deleta
3048 4233 3064 4249 .
3096 4198 3209 4261 duo?
3226 4201 3421 4249 nomina
3452 4212 3538 4250 stl-

1950 4267 2146 4310 mcntur
2168 4262 2457 4324 conjunction
2478 4260 2628 4310 unum
2651 4269 2704 4311 et
2727 4261 2955 4312 eumdem
2977 4260 3313 4324 significantia.
