4020 6370
1190 316 1249 373 S.
1283 315 1571 374 JOANNB
1603 314 2093 376 CI'RYSOSTOMI
2146 314 2464 372 ARClIlEP.
2503 313 3040 370 (IONSTANTINOP.
3616 318 3703 373 ’ὀιί

515 451 574 462 δ..
602 451 700 460 .-...
735 451 762 456 --
779 443 2516 480 Μᾙ--ο-η-
2535 450 2640 455 —-—
2661 445 3680 462 —-—-——————_———~

1263 621 1618 685 MONITUM
1661 621 1759 682 AD
1793 622 2170 682 HOMILIAM
2213 623 2290 682 ΙΝ
2332 620 2555 680 ILLUD
2598 619 2987 692 APOSTOLI,

573 769 725 826 llaue
752 768 1028 824 homiliam
1053 767 1312 824 habuisse
1351 767 1804 838 Chrysostomum
1847 780 1956 833 quo
2000 776 2241 838 tempore
2281 763 2720 838 cumﬁnomteis
2765 763 3064 838 Antiochia:
3110 764 3499 838 concertabat,
3532 763 3574 815 si
3601 779 3711 838 __non

509 846 734 896 omnino
754 850 979 900 certum,
1006 839 1297 892 admodum
1330 832 1520 891 saltem
1551 837 1845 890 verisimile
1871 832 1978 888 est.
2009 835 2062 888 Id
2089 832 2232 888 enim
2265 835 2475 887 exordii
2517 837 2677 887 verba
2705 836 2955 888 suadent.
2979 833 3110 886 Cum
3140 851 3324 902 nuper,
3359 835 3560 898 inquit,
3594 832 3714 884 Pha-

505 913 654 967 riswi
677 923 724 965 et
756 910 1021 979 publicani
1057 911 1368 979 mentionem
1401 909 1688 979 faceremus
1719 915 1768 960 et
1799 907 1927 957 duos
1965 921 2150 979 currus
2184 920 2249 958 ea:
2277 907 2469 979 virtute
2497 914 2546 979 et
2589 905 2806 979 ea:_nitio
2835 906 3175 979 jungeremus
3199 944 3213 966 ,
3249 917 3530 979 utrumque
3558 912 3717 979 esten-

505 985 702 1045 domus,
734 973 988 1045 quantum
1018 980 1083 1032 sit
1110 980 1163 1031 in
1193 977 1492 1031 humilitate
1519 977 1674 1039 lucri,
1711 989 1758 1030 et
1786 986 2042 1044 quantum
2071 975 2136 1045 in,
2158 977 2465 1045 arrogantia
2501 974 2678 1026 danmi
2699 1015 2714 1039 ,
2746 985 2852 1028 etc.
2894 973 3016 1028 Haec
3065 990 3227 1042 porro
3268 974 3455 1028 confer
3489 988 3620 1045 cum
3645 973 3718 1026 his

509 998 702 1045 annus,
769 998 988 1032 uamum
1018 998 1163 1032 sum
1193 998 1492 1031 uunmuate
1519 998 1674 1039 tucrs,
1711 998 1758 1030 et
1786 998 2042 1044 quantum
2071 998 2123 1026 ιιι
2158 998 2465 1044 arrogatum
2501 998 2714 1039 uumm,
2746 998 2852 1028 cus.
2894 998 3016 1028 nam:
3065 998 3227 1042 purl'u
3268 998 3454 1028 cumcr
3489 998 3603 1025 cum
3645 998 3718 1026 ms

509 1052 690 1107 verbis
717 998 962 1104 “omnia:
994 1050 1196 1118 quinta:
1225 1059 1413 1101 contra
1448 1048 1740 1118 Anommos
1781 1062 1932 1099 ιιιιιιι.
1974 1045 2007 1098 6
2040 1054 2093 1096 et
2129 1044 2158 1096 7
2193 1063 2204 1098 :
2243 1043 2308 1098 Ut
2339 1054 2516 1097 autem
2549 1045 2756 1107 discas,
2797 1054 3052 1118 quantum
3093 1045 3303 1118 bonum
3329 1045 3396 1118 sit
3432 1059 3533 1095 non
3572 1041 3718 1118 altum

508 1139 713 1188 sapere,
752 1121 881 1173 duos
920 1114 1055 1188 ﬁnge
1082 1135 1292 1176 currus.
1321 1118 1485 1186 junge
1510 1117 1777 1188 justitiam
1809 1133 1926 1168 cum
1959 1118 2288 1188 arrogantia,
2319 1123 2375 1188 et
2399 1124 2667 1188 percatum
2695 1131 2812 1188 cum
2845 1114 3141 1167 humilitate
3167 1131 3185 1168 :
3219 1114 3516 1188 videbisque
3536 1115 3720 1188 peccati

509 1183 720 1245 currunt
747 1183 979 1258 justitiw
997 1183 1213 1241 'currum
1239 1183 1622 1258 prandere...
1671 1185 1737 1240 Ut
1768 1201 1923 1254 porro
1962 1183 2136 1239 videas
2163 1187 2298 1238 hanc
2324 1186 2499 1258 bigant
2521 1186 2618 1238 illa
2653 1185 2959 1258 velociorem
2989 1201 3120 1250 esse,
3152 1186 3430 1258 recordare
3477 1183 3716 1258 Pharisazi

506 1272 559 1315 et
590 1253 892 1331 publicani;
921 1261 1104 1328 junxit
1132 1253 1436 1331 Pharisa'us
1457 1257 1728 1331 justitiam
1762 1253 1809 1310 et
1838 1258 2224 1331 arrogantiam,
2249 1253 2491 1331 etc.-’_ll_is
2513 1256 2819 1331 conspectis
2854 1257 2942 1309 vix
2976 1255 3577 1331 est_quod_dubitemus
3602 1253 3724 1331 hanc

512 1325 791 1387 hoiniliam
817 1325 1005 1398 paucis
1027 1339 1147 1396 post
1165 1325 1482 1384 concionem
1510 1328 1756 1396 quintam
1793 1336 1983 1398 contra
2006 1325 2310 1398 ᾼιιοιιιωυε
2349 1325 2542 1398 diebus
2569 1327 2972 1398 pronuntiatam
3013 1326 3201 1398 fuisse.
3229 1325 3426 1398 Quinta
3479 1339 3602 1398 vero
3638 1325 3721 1398 lio-

512 1402 661 1457 milia
687 1392 876 1454 contra
907 1392 1194 1452 Anoinaeos
1217 1413 1335 1452 eam
1359 1392 1654 1467 praecessit,
1682 1413 1803 1466 qua:
1830 1397 1882 1448 in
1921 1395 1977 1449 S.
2005 1394 2388 1467 Philogoninm
2421 1392 2676 1467 dicta—est
2703 1397 2942 1465 quinque
2969 1405 3094 1448 ante
3115 1393 3358 1467 Natalem
3387 1392 3596 1447 Domini
3622 1393 3721 1467 die-

514 1473 636 1525 bus.
670 1471 1036 1535 Quamobrem
1067 1473 1114 1522 si
1145 1470 1284 1522 inter
1314 1463 1669 1536 Homiliasﬂin
1699 1463 2078 1536 l’hilogonium
2108 1463 2248 1518 (tl—ill
2277 1465 2521 1519 Natalem
2573 1463 2803 1536 Domini
2826 1463 2972 1520 nulla
3016 1465 3423 1527 intercesserit,
3459 1463 3725 1536 utoptitne

511 1533 730 1620 cunjieit
761 1539 1158 1620 Tillemonti‘t‘ts,
1189 1539 1304 1620 haec
1338 1539 1392 1592 in
1421 1533 1547 1620 dies
1570 1535 1811 1620 Natalem
1844 1533 2057 1620 Domini
2083 1539 2505 1620 subsequentes',
2539 1547 2702 1620 atque
2723 1535 2880 1618 'adeo
2917 1537 2970 1590 in
3003 1545 3329 1620 postremos
3361 1536 3489 1620 anni
3645 1548 3726 1610 ap-

513 1603 690 1682 posite
715 1610 1027 1680 conjicitur.
1058 1608 1175 1675 Qua
1205 1609 1274 1664 de
1297 1623 1359 1664 re
1385 1607 1636 1678 pluribus
1669 1616 1860 1679 agetur
1885 1607 1942 1661 iu
1971 1604 2089 1662 Vita
2115 1603 2513 1678 Chrysostomi.
2544 1603 2772 1664 Occasio
2796 1618 2976 1662 autem
3001 1603 3164 1677 hujus
3185 1605 3444 1662 habenda:
3466 1603 3728 1659 conciouis

1942 2087 2052 2160 IN
2105 2088 2300 2164 EOS

621 2243 730 2297 QUI
775 2245 945 2288 MALE
991 2244 1290 2286 UTUNTUR
1335 2242 1459 2286 HOC
1504 2241 1802 2286 APOSTOL!
1846 2240 2059 2294 DICTO,
2106 2241 2246 2284 SIVE
2289 2242 2409 2284 PER
2451 2242 2868 2297 OCCASIONEM,
2899 2244 3036 2287 SIVE
3081 2244 3199 2285 PER
3243 2241 3635 2298 VERITATEM,

974 2323 1286 2376 ,cnntsrus
1334 2322 1785 2366 ANNUNTu'run
1832 2301 2162 2383 (Philipp.
2197 2304 2254 2363 1.
2285 2305 2363 2365 13
2395 2304 2462 2385 );
2509 2325 2590 2366 ET
2631 2325 2715 2366 DE
2758 2324 3153 2367 HUMILITATE
3200 2303 3309 2386 (α).

2187 2443 2441 2458 -——_

591 2549 639 2604 I.
701 2547 764 2602 In
803 2546 1096 2600 humilitate
1128 2554 1384 2616 quantum
1418 2545 1559 2607 boni,
1600 2552 1649 2597 et
1687 2545 1740 2598 in
1775 2548 2087 2614 arrogantia

516 2647 773 2709 quantum
833 2635 961 2689 mali
1011 2636 1158 2688 insit.
1219 2666 1289 2674 —
1340 2634 1477 2688 Cum
1522 2650 1700 2703 nuper
1743 2634 1997 2688 Pharisaei
2030 2641 2088 2690 et

513 2727 793 2800 publicani
849 2726 1184 2780 mentionem
1241 2723 1584 2787 faceremus,
1645 2739 1711 2777 ac
1763 2723 1902 2779 duos
1954 2738 2085 2777 cur-

515 2835 612 2874 rus
646 2835 712 2873 ex
748 2817 953 2872 virtute
986 2826 1042 2872 et
1079 2833 1146 2870 ex
1183 2817 1318 2870 vitio
1345 2816 1739 2887 jungeremus,
1790 2825 2086 2886 utrumque

513 2908 856 2964 ostendimus
880 2947 894 2972 ,
959 2915 1226 2977 quantum
1265 2905 1338 2960 sit
1377 2906 1432 2959 in
1470 2903 1777 2958 humilitate
1815 2905 1991 2969 lucri,
2029 2915 2086 2960 et

513 3008 780 3070 quantum
820 2999 876 3052 in
909 2996 1219 3067 arrogantia
1259 2995 1466 3050 damni.
1509 2993 1634 3050 llzee
1666 2993 1869 3063 quippe
1917 2993 2082 3048 etiam

514 3106 641 3144 eum
678 3089 917 3160 justitia,
976 3098 1033 3143 et
1069 3104 1196 3143 eum
1231 3086 1484 3157 jejuniis,
1541 3094 1706 3156 atque
1744 3085 2083 3140 decimarum

511 3180 790 3236 solutione
849 3181 1174 3250 conjuncta,
1232 3177 1435 3234 defecit
1493 3187 1675 3233 tamen
1736 3195 1751 3232 :
1810 3177 1904 3232 illa
1952 3192 2085 3232 vero

509 3268 680 3322 etiam
729 3283 853 3324 cum
918 3278 1144 3337 peccato
1189 3267 1484 3337 copulata,
1548 3266 1884 3322 Pharisaaum
1945 3282 2088 3338 prte-

514 3352 711 3418 vertit,
741 3354 842 3408 etsi
869 3353 1167 3420 improbum
1193 3356 1432 3423 aurigam
1457 3366 1632 3411 nacta.
1666 3357 1804 3424 Quid
1830 3358 1971 3416 enim
2000 3372 2096 3427 pe-

513 3446 600 3518 jus
630 3447 944 3517 publicano?
969 3449 1214 3502 Attamen
1243 3449 1362 3517 quia
1392 3448 1622 3502 animam
1647 3463 1798 3503 suam
1824 3449 2095 3516 contrivit,

517 3547 654 3592 etse
681 3548 1016 3606 peceatorem
1063 3537 1374 3604 declaravit,
1425 3550 1482 3592 ut
1521 3555 1711 3594 revera
1735 3549 1876 3603 erat,
1908 3540 2096 3594 Phari-

518 3644 684 3684 sazum
704 3629 992 3698 superavit,
1019 3629 1319 3699 quijejunia
1339 3638 1394 3684 et
1417 3629 1747 3685 decimarum
1775 3631 2096 3686 solutionem

519 3720 763 3790 proferre
822 3731 1050 3790 poterat,
1092 3731 1312 3790 eratque
1354 3722 1422 3776 ab
1452 3723 1598 3777 omni
1651 3724 1886 3792 nequitia
1939 3723 2092 3777 liber.

520 3815 647 3875 Cur,
673 3823 728 3867 et
747 3829 845 3883 qua
870 3813 936 3867 de
957 3815 1159 3868 causa?
1186 3814 1318 3881 Quia
1345 3815 1444 3869 etsi
1471 3815 1538 3868 ab
1563 3817 1782 3869 avaritia
1811 3825 1866 3870 et
1890 3831 1922 3870 a
1952 3815 2096 3885 rapi-

521 3919 588 3959 na
627 3913 771 3960 esset
793 3905 1019 3969 alieuus,
1069 3905 1304 3959 ninnium
1356 3905 1617 3960 malorum
1649 3915 1875 3961 matrem
1905 3921 2096 3961 vanam

519 3997 740 4064 gloriam
790 4007 843 4050 et
882 3996 1239 4066 arrogantiam
1272 3995 1455 4050 habuit
1492 3996 1544 4051 in
1575 3999 1755 4052 animo
1785 3999 2094 4052 radicatam.

524 4088 647 4144 Ideo
701 4088 896 4144 Paulus
945 4087 1186 4142 hortatur
1213 4098 1267 4143 ct
1316 4088 1444 4143 dicit
1492 4107 1506 4145 :
1555 4089 1699 4158 Opus
1735 4106 1883 4142 suum
1926 4089 2097 4159 probet

523 4180 862 4248 unusquisque
892 4219 906 4243 ,
939 4189 984 4231 et
1012 4179 1083 4232 sic
1111 4179 1164 4237 in
1199 4180 1465 4248 semetipso
1519 4180 1734 4250 gloriam
1776 4178 2004 4241 habebit,
2051 4187 2100 4232 et

523 4288 624 4325 non
653 4273 705 4325 in
726 4271 884 4324 altera
914 4271 1053 4339 (Gal.
1078 4271 1132 4325 6.
1171 4270 1245 4336 4).
1289 4269 1382 4325 Ille
1423 4279 1599 4325 autem
1629 4271 1788 4326 totius
1829 4270 1976 4324 orbis
2010 4285 2100 4325 ac-

522 4373 740 4418 cusator
769 4364 823 4417 in
851 4363 1083 4417 medium
1117 4363 1373 4432 prorupit,
1401 4377 1565 4432 seque
1591 4363 1840 4416 omnibus
1867 4361 2100 4415 homini-

525 4457 627 4510 bus
657 4456 933 4510 meliorem
962 4455 1112 4510 dixit.
1142 4455 1299 4525 Atqui
1327 4455 1370 4509 si
1401 4455 1575 4523 denis,
1621 4455 1667 4511 si
1691 4455 1869 4525 quinis
1888 4495 1902 4518 ,
1933 4454 1978 4510 si
2023 4454 2104 4508 bi-

523 4547 628 4611 nis,
667 4546 774 4600 imo
799 4547 845 4600 si
874 4546 965 4600 uni
1017 4546 1249 4615 seipsum
1279 4547 1632 4615 praetulisset,
1679 4562 1748 4600 ne
1793 4545 1846 4600 id
1885 4545 2100 4614 quidem

525 4639 802 4694 ferendum
844 4647 959 4692 erat
992 4637 1140 4707 :jam
1174 4653 1303 4692 vero
1347 4653 1451 4691 non
1495 4651 1556 4693 se
1597 4647 1798 4691 tantum
1854 4638 1947 4690 toti
1983 4637 2101 4691 orbi

525 4733 850 4803 anteposuit,
880 4733 972 4787 sed
1003 4733 1164 4786 etiam
1193 4747 1378 4786 onmes
1393 4731 1679 4786 accusavit.
1711 4730 1837 4785 Ideo
1861 4731 1914 4784 in
1940 4746 2103 4784 cursu

522 4823 737 4879 defecit.
767 4825 832 4878 Et
853 4839 954 4878 ceu
975 4824 1142 4886 navis,
1165 4823 1254 4891 qui
1285 4821 1591 4876 innumeros
1612 4821 1801 4875 fluctus
1828 4829 2102 4890 pertrans-

524 4915 604 4978 iit,
647 4925 702 4970 et
750 4922 1091 4984 tempestates
1117 4913 1309 4967 multas
1349 4913 1550 4982 effugit,
1576 4927 1639 4966 ac
1667 4913 1860 4966 deinde
1889 4913 1941 4965 in
1988 4915 2106 4980 ipso

528 5015 712 5074 portus
731 5007 869 5060 ostio
892 5006 945 5058 in
973 5005 1202 5074 aliquem
1239 5003 1516 5071 scopulum
1548 5003 1784 5071 impegit,
1816 5018 2027 5054 otnnem
2051 5018 2104 5055 ιιι

527 5111 586 5150 se
608 5096 895 5165 repositum
918 5096 1224 5150 thesaurum
1253 5093 1446 5146 amittit
1474 5109 1485 5144 :
1517 5092 1584 5145 ita
1607 5101 1660 5144 et
1691 5091 1776 5144 hic
1806 5091 2105 5144 Phariszeus

528 5194 649 5253 post
670 5183 856 5252 jejunii
885 5195 1306 5252 ceterarumque
1333 5182 1571 5236 omnium
1588 5182 1839 5236 virtutum
1868 5181 2098 5245 labores,

531 5275 653 5342 quia
682 5275 913 5341 linguam
942 5289 1046 5326 nou
1076 5272 1331 5336 cohibuit,
1361 5272 1412 5324 in
1442 5271 1558 5340 ipso
1587 5280 1740 5340 portu
1776 5270 2104 5339 naufragium

531 5365 678 5420 fecit.
703 5366 778 5420 Ex
807 5366 1050 5434 precibus
1067 5365 1229 5430 enim,
1256 5365 1392 5419 unde
1409 5364 1615 5418 lucrum
1631 5373 1746 5418 erat
1761 5363 2102 5432 sperandum,

535 5473 656 5511 cum
689 5465 836 5510 tanto
859 5456 1006 5511 abire
1045 5456 1275 5522 damno,
1324 5455 1457 5511 nihil
1501 5453 1644 5510 aliud
1690 5467 1822 5520 erat,
1865 5469 2022 5524 quam
2051 5455 2102 5507 in

539 5558 692 5617 portu
716 5547 1042 5615 naufragium
1072 5547 1264 5600 facere.

591 5639 666 5699 (α)
699 5638 879 5686 Collata
902 5651 1011 5686 cum
1033 5645 1139 5684 uss.
1163 5636 1452 5686 Colbertinis
1480 5637 1574 5699 970
1607 5635 1822 5699 et75058,
1847 5635 1927 5699 qui
1951 5635 2020 5682 sic
2043 5634 2106 5682 ti-

530 5697 684 5748 tulum
719 5702 932 5748 etl'eruut
950 5713 962 5746 :
980 5700 1223 5757 Liusdem;
1254 5706 1360 5748 ante
1379 5699 1501 5746 hunc
1513 5697 1758 5746 humilium
1775 5699 1835 5745 de
1857 5697 2099 5744 rlzunsrco

533 5762 1019 5824 scrmociaatus,nunr
1046 5760 1096 5811 in
1115 5773 1194 5812 eos
1211 5761 1350 5812 verba
1373 5759 1488 5823 facit
1510 5760 1592 5822 qui
1614 5758 1738 5809 male
1761 5764 1971 5819 utuntur,
1998 5765 2094 5807 etc.

2269 2547 2326 2602 2.
2359 2549 2484 2604 "me
2505 2563 2626 2603 cum
2655 2548 2906 2610 sciamus,
2935 2545 3136 2610 dilecti,
3158 2544 3363 2600 etiamsi
3391 2543 3443 2596 in
3475 2544 3640 2612 ipsum
3659 2541 3755 2594 vir-

2195 2643 2322 2696 tutis
2369 2641 2636 2709 fastigium
2681 2638 3114 2709 pervenerimus,
3152 2653 3250 2690 nos
3289 2635 3530 2688 omnium
3571 2643 3755 2702 postre-

2196 2748 2311 2787 mos
2340 2733 2708 2787 existimemus
2737 2748 2750 2785 :
2789 2746 2910 2784 cum
2953 2729 3298 2783 didicerimus
3322 2726 3674 2795 arrogantiam
3700 2739 3755 2776 et

2195 2826 2312 2895 ipso
2332 2826 2465 2880 czelo
2491 2840 2645 2894 posse
2670 2840 2791 2879 eum
2813 2864 2830 2890 ,
2865 2822 2957 2892 qui
2986 2837 3091 2876 non
3117 2820 3215 2875 sibi
3247 2819 3495 2880 attendit,
3527 2816 3757 2886 dejicere,

2194 2927 2249 2971 ct
2278 2916 2628 2971 humilitatem
2657 2930 2802 2979 eum,
2830 2914 2917 2982 qui
2950 2912 3003 2966 in
3035 2921 3374 2982 peccatorum
3400 2909 3648 2979 abyssum
3675 2905 3758 2958 de-

2197 3022 2408 3062 mersus
2431 3007 2532 3072 sit,
2558 3007 2608 3060 in
2638 3005 2803 3060 altum
2827 3004 3085 3059 reducere
3107 3044 3123 3067 ,
3156 3004 3201 3055 si
3226 3000 3470 3055 modeste
3489 3008 3626 3068 agat.
3653 2997 3762 3051 Nate

2195 3099 2338 3154 enim
2369 3099 2638 3153 Phariszeo
2663 3097 3002 3167 publicanum
3028 3094 3346 3164 prmposuit;
3377 3093 3471 3146 illa
3499 3107 3625 3144 vero
3644 3132 3658 3152 ,
3687 3088 3760 3140 ni-

2199 3190 2392 3245 mirum
2423 3189 2724 3258 arrogantia
2753 3199 2810 3244 et
2845 3187 3093 3256 superbia
3115 3227 3131 3252 ,
3162 3186 3327 3256 ipsius
3352 3184 3551 3240 diaboli
3604 3181 3761 3236 incor-

2201 3281 2351 3351 porei
2387 3281 2492 3334 vim
2513 3281 2814 3349 superavit,
2859 3279 3133 3332 humilitas
3163 3289 3341 3332 autem
3367 3285 3424 3330 et
3451 3274 3762 3344 propriorum

2205 3380 2544 3440 peccatorum
2574 3369 2774 3441 agnitio
2800 3370 3059 3424 latronem
3089 3378 3215 3421 ante
3254 3365 3532 3436 apostolos
3555 3365 3605 3418 in
3632 3375 3766 3432 para-

2201 3463 2373 3517 disum
2396 3461 2623 3516 induxit.
2651 3461 2706 3515 Si
2742 3471 2920 3516 autem
2946 3459 3016 3523 ii,
3045 3459 3132 3525 qui
3177 3472 3271 3510 sua
3306 3456 3630 3511 conﬁtentur
3657 3468 3766 3521 pec-

2201 3564 2315 3610 cata
2335 3597 2350 3621 ,
2376 3564 2575 3609 tantam
2606 3553 2706 3607 sibi
2744 3553 2990 3608 fiduciam
3017 3550 3302 3605 conciliant
3332 3567 3346 3602 :
3377 3549 3410 3601 ii
3446 3549 3539 3618 qui
3564 3547 3660 3601 sibi
3689 3545 3768 3597 bo-

2203 3663 2393 3702 norum
2425 3648 2710 3702 multorum
2738 3646 2937 3702 conscii
2963 3645 3194 3699 animam
3227 3654 3402 3696 tamen
3435 3657 3588 3696 suam
3619 3637 3771 3692 humi-

2203 3739 2363 3804 liant,
2407 3747 2632 3808 quantas
2691 3753 2799 3792 non
2845 3750 3074 3790 coronas
3120 3734 3514 3803 assequentur?
3567 3727 3769 3798 Quando

2201 3828 2344 3883 enim
2383 3840 2653 3899 peccaturo
2682 3844 2803 3883 cum
2828 3828 3122 3882 humilitate
3137 3825 3373 3896 jugatur,
3406 3835 3515 3878 tam
3543 3822 3770 3891 expedite

2202 3920 2404 3985 currit,
2433 3931 2489 3974 ut
2509 3919 2769 3988 justitiam
2806 3933 2930 3972 cum
2960 3917 3259 3986 arrogantia
3282 3915 3530 3983 junctam
3575 3923 3772 3981 snperct

2201 4020 2362 4079 atque
2388 4019 2689 4078 prierertat.
2721 4008 2775 4063 Si
2797 4023 2926 4078 ergo
2954 4008 3097 4062 illam
3127 4021 3249 4060 cum
3277 4005 3488 4075 justitia
3511 4004 3770 4074 junxeris,

2203 4117 2308 4170 quo
2356 4116 2460 4154 non
2517 4099 2826 4169 perveniet?
2876 4107 3006 4168 quot
3034 4097 3202 4157 ccelos
3246 4113 3354 4151 non
3399 4092 3772 4164 pertransihit?

2203 4192 2370 4245 Stabit
2392 4191 2543 4259 plane
2567 4189 2753 4244 fiducia
2770 4203 2956 4257 magna
2972 4189 3111 4242 inter
3130 4185 3348 4256 angelos
3359 4197 3489 4239 ante
3512 4185 3675 4253 ipsum
3696 4181 3773 4234 Dei

2207 4285 2474 4338 tln'otnnn.
2503 4281 2697 4336 Contra
2741 4281 2784 4333 si
2809 4280 3108 4350 arrogantia
3138 4294 3257 4332 cum
3288 4277 3496 4346 iustitia
3527 4275 3772 4343 copulata,

2207 4373 2454 4442 nequiti;e
2483 4390 2592 4427 sum
2618 4373 2760 4426 mole
2797 4386 2861 4426 ac
2893 4369 3125 4439 pondere
3153 4369 3269 4437 ejus
3322 4367 3577 4421 fiduciam
3619 4365 3777 4418 detr.»-

2205 4465 2336 4519 here
2386 4465 2554 4534 potuit
2583 4480 2596 4515 :
2627 4464 2671 4516 si
2723 4477 2844 4516 cum
2875 4469 3095 4530 peccato
3117 4459 3391 4529 jungatur,
3428 4457 3484 4511 in
3511 4471 3667 4526 quam
3695 4469 3773 4522 ge-

2207 4555 2436 4610 hennam
2469 4569 2573 4606 non
2604 4551 2954 4621 prmeipitabit
2981 4567 3103 4605 eum
3125 4591 3141 4616 ,
3169 4550 3258 4619 qni
3287 4549 3373 4603 illa
3404 4549 3656 4604 detentus
3683 4541 3776 4596 sit?

2282 4644 2558 4698 Ilnmilitas
2585 4643 2920 4712 philosOphia:
2948 4651 3134 4696 nostra:
3157 4641 3647 4710 fundamentum.——
3669 4636 3776 4690 Hec

2207 4737 2328 4790 dico
2371 4744 2553 4790 nonut
2587 4735 2845 4804 justitiam
2891 4733 3251 4802 negligantus,
3286 4729 3381 4785 sed
3423 4740 3487 4785 ut
3537 4730 3778 4798 fugiamus

2209 4828 2596 4898 arrOgautiam;
2627 4841 2731 4878 non
2759 4834 2814 4878 ut
2843 4839 3154 4893 peccemus,
3188 4823 3280 4876 sed
3310 4832 3368 4876 ut
3396 4822 3644 4875 modeste
3665 4833 3774 4885 agav

2210 4935 2348 4973 mus.
2392 4916 2746 4984 PhilosOphiaz
2785 4915 2981 4984 quippe
3020 4923 3217 4968 nostra:
3265 4911 3674 4966 fundamentum
3710 4914 3780 4960 est

2211 5010 2500 5063 humilitas.
2531 5007 2642 5061 Etsi
2673 5007 2951 5060 imnnnera
2980 5021 3191 5058 sursum
3221 5002 3460 5056 mdiﬁces
3482 5044 3495 5060 .
3529 5001 3627 5055 etsi
3655 4998 3780 5048 elue-

2213 5116 2510 5171 mnsynam,
2559 5112 2743 5167 preces
2773 5139 2788 5165 ,
2840 5096 3139 5165 jejunium,
3208 5109 3510 5162 omnesque
3575 5091 3781 5143 virtutes

2209 5207 2491 5260 congeras,
2521 5190 2624 5244 nisi
2653 5205 2770 5244 eam
2819 5203 2915 5258 pro
2941 5187 3287 5242 fundamento
3316 5185 3588 5254 posueris,
3622 5179 3781 5232 omnia

2211 5284 2406 5338 frustra
2430 5267 2483 5337 et
2507 5283 2773 5337 incassum
2799 5281 3096 5346 aedificasti,
3124 5280 3336 5346 citoque
3363 5286 3643 5332 corruent.
3661 5288 3771 5343 ιιι-ι·-

2212 5375 2335 5429 inde
2383 5385 2541 5443 atque
2602 5374 2886 5428 aedilicium
2929 5371 3058 5426 illud
3108 5385 3271 5439 super
3313 5384 3546 5423 arenam
3588 5377 3782 5420 Chlru-

2210 5481 2374 5522 ctmn.
2408 5467 2616 5521 Nullum
2673 5467 2870 5534 quippe
2902 5479 3040 5532 opus
3090 5463 3290 5516 bonum
3344 5474 3455 5513 non
3513 5459 3601 5512 illa
3646 5460 3784 5522 eget.

2213 5563 2414 5616 nullum
2454 5561 2568 5614 sine
2599 5559 2684 5614 illa
2712 5570 2854 5612 stare
2883 5557 3095 5626 poterit.
3123 5555 3232 5610 Sed
3270 5553 3486 5608 etiamsi
3517 5553 3783 5606 continen-

2215 5653 2340 5706 tiam
2367 5651 2567 5706 dixeris
2589 5692 2604 5716 ,
2640 5650 2848 5704 etiamsi
2876 5648 3266 5718 virginitatem,
3294 5645 3509 5698 etiamsi
3542 5639 3778 5709 pecunia-

2204 5762 2322 5801 rum
2337 5754 2718 5814 contemptum,
2739 5740 2949 5798 etiamsi
2968 5739 3177 5810 quidvis
3193 5734 3557 5802 aliud,omnia
3573 5735 3786 5789 immun-
