4020 6370
322 320 421 378 3H

1474 318 1565 374 DE
1599 317 1967 375 PROFECTU
2004 316 2406 375 EVANGELII.

3462 320 3566 374 ’512

328 448 3568 481 W

736 604 910 666 SIVE
951 604 1104 665 PER
1155 602 1647 677 OCCASIONEM,
1695 603 1867 664 SIVE
1904 602 2057 665 PER
2096 598 2535 663 VERITATEM
2572 601 2974 677 CHRISTUS,
3021 620 3154 665 ETC.

324 750 428 807 ista
456 748 574 812 fuit,
609 759 669 804 ut
690 748 806 818 ipse
830 763 938 803 non
961 746 1149 813 semel,
1189 745 1426 818 maxime
1445 754 1644 818 autem
1662 762 1814 801 num.
1847 748 1881 803 5
1909 756 1962 801 et
1988 748 2020 818 6
2046 755 2230 816 aperte
2251 744 2539 818 signiﬁcat.
2568 745 2705 818 Cum
2732 744 2952 814 quidam
2975 746 3089 801 hrec
3110 746 3355 818 Apostoli
3381 747 3566 811 verba,

325 821 448 875 Sive
476 835 568 885 per
592 815 938 881 occasionem,
974 819 1078 871 sive
1106 832 1198 885 per
1226 817 1497 869 veritatem
1524 815 1763 871 Christus
1791 815 2154 880 annuntietur,
2189 826 2240 870 et
2269 818 2324 869 in
2355 817 2451 869 hoc
2475 817 2696 885 gaudeo,
2731 831 2852 884 quae
2882 818 2935 869 in
2968 825 3113 872 cmtu

3190 818 3399 871 cclesize
3424 819 3565 871 lecta

324 891 568 951 fuerant,
599 889 671 943 ita
697 904 861 957 prave
886 889 1371 957 interpretarentur
1402 896 1460 957 ut
1486 886 1748 952 dicerent,
1780 888 1907 942 dum
1942 887 2194 941 Christus
2218 887 2667 957 anniintiaretur,
2711 886 2844 938 nihil
2880 886 3142 941 interesse
3163 925 3176 949 ,
3208 903 3274 940 an
3316 887 3569 957 haeretica

324 976 395 1014 an
428 974 557 1013 vera
596 955 849 1027 dog—mata
875 955 1059 1012 essent
1090 975 1103 1011 :
1139 957 1243 1010 hoc
1268 955 1474 1009 erroris
1504 965 1812 1027 portentum
1837 958 2059 1026 depellit
2096 958 2206 1019 ille,
2231 956 2589 1027 pluribusque
2614 955 2952 1027 demonstrat
2976 971 3083 1009 non
3116 972 3233 1010 eam
3252 972 3389 1027 esse
3414 955 3567 1027 Pauli

325 1041 567 1083 mentem
594 1046 611 1094 ;
642 1024 735 1082 sed
764 1044 831 1081 ex
857 1042 986 1081 vera
1016 1042 1197 1080 rerum
1225 1035 1499 1094 gestarum
1543 1024 1769 1081 historia
1800 1024 1952 1081 Pauli
1987 1024 2311 1081 sententiam
2342 1026 2484 1079 hanc
2502 1024 2629 1079 esse
2655 1024 2941 1078 continuat
2970 1044 2982 1079 :
3009 1028 3143 1079 Cum
3170 1026 3391 1094 quidam
3416 1026 3571 1079 Pauli

327 1099 538 1153 inimici
572 1114 697 1152 eum
722 1098 955 1151 vinculis
978 1096 1345 1165 constrictum
1378 1105 1683 1157 cernerent,
1719 1106 1777 1149 ut
1810 1097 2076 1151 Neronem
2107 1098 2160 1149 in
2185 1112 2311 1150 eum
2356 1096 2529 1165 magis
2564 1104 2972 1162 exasperarcnt,
3022 1096 3233 1165 ipsique
3276 1096 3571 1165 perniciem

328 1169 677 1231 molirentur,
714 1183 896 1221 veram
924 1181 1221 1235 sanamque
1251 1164 1408 1235 ﬁdem
1458 1165 1579 1235 ideo
1631 1167 2016 1234 prtedicahant,
2067 1177 2125 1219 ut
2168 1178 2331 1219 aucto
2376 1164 2769 1234 discipulorum
2809 1164 3057 1219 numero
3087 1164 3347 1235 tyrannus
3388 1166 3475 1219 ille
3515 1166 3574 1218 in

327 1240 607 1292 doctorem
642 1239 851 1291 catenis
887 1232 1150 1290 onustum
1173 1232 1359 1305 magis
1380 1232 1662 1305 magisque
1692 1238 1927 1298 srevirct,
1960 1244 2145 1305 utpote
2177 1236 2297 1305 ejus
2331 1232 2592 1289 doctrina:
2632 1249 2937 1305 prmconem
2970 1232 3231 1289 eximium
3258 1254 3271 1289 :
3311 1237 3414 1289 hac
3441 1250 3573 1289 vero

329 1310 399 1361 de
430 1323 620 1371 causa,
651 1308 727 1360 ait
758 1307 1201 1375 Chrysostomus,
1233 1304 1435 1375 Paulus
1470 1303 1622 1375 dicit,
1655 1305 1775 1360 Sive
1799 1323 1888 1372 per
1925 1303 2271 1365 occasionem,
2300 1307 2405 1359 sive
2443 1321 2533 1374 per
2561 1306 2831 1375 veritatem
2855 1304 3093 1359 Christus
3126 1306 3489 1370 annuntietur,
3523 1312 3574 1357 et

328 1379 387 1431 in
422 1379 520 1430 hoc
546 1379 770 1443 gaudeo.
803 1372 971 1430 uana
1002 1378 1218 1446 praii'ert
1244 1377 1359 1429 haec
1384 1372 1609 1428 humilia
1636 1376 1689 1429 in
1728 1378 1997 1446 principio
2028 1378 2093 1430 de
2118 1372 2451 1442 humilitate,
2476 1385 2529 1429 ct
2553 1377 2609 1429 in
2640 1374 2745 1429 line
2768 1374 2836 1428 de
2874 1377 3109 1430 utilitate
3143 1376 3577 1445 necessitatequc

330 1448 687 1516 precationis.

406 1516 602 1571 Incerti
627 1516 1125 1587 interpretationem
1146 1515 1460 1587 rejecimus,
1500 1531 1810 1585 novamque
1847 1515 2183 1586 paravimus.

336 1656 403 1669 ..η
434 1659 545 1667 .-α-κ
572 1660 641 1666 ...-

851 1652 1985 1669 ...ον-ᾙ-ῌ--η-ψ---οω

1994 1660 2089 1667 --.-.-
2108 1645 3565 1667 ν-μ-ῤ-*--μ.-..ρ----οσ--,---σ-⁴

1588 1849 1739 1926 [δοίη
1758 1794 2046 1952 ΠΡΟΣ
2083 1875 2110 1911 ³
2147 1870 2438 1956 ΤΟΥΣ

413 2003 531 2058 Οὐκ
564 2003 653 2071 εἰς
681 2003 822 2059 δέον
846 2006 1190 2076 χρωμένους
1212 2006 1291 2073 τῷ
1321 2008 1711 2077 ἀποστολικῷ
1724 2010 1891 2079 ῥητῷ
1920 2012 2003 2077 τῷ
2023 2013 2284 2083 λέγοντι,
2318 2034 2335 2067 ι
2356 2017 2491 2069 Εἴτε
2518 2017 2836 2086 προφάσει,
2878 2018 2998 2072 είτε
3025 1974 3274 2087 ἀληθείᾳ
3305 2016 3557 2086 Χριστὸς

1300 2103 1815 2175 καταγγέλλεται-ι
1853 2105 1953 2159 καὶ
1979 2108 2112 2177 περὶ
2154 2111 2719 2181 ταπεινοφροσύνης.

394 2440 461 2488 α’.
480 2432 586 2488 Τοῦ
613 2436 905 2510 Φαρισαίου
934 2440 1030 2492 xui
1058 2441 1152 2494 τοῦ
1176 2440 1409 2497 τελώνου
1434 2444 1906 2513 μνημονεύσαντες

322 2514 537 2587 πρώην,
565 2516 660 2569 xui
682 2517 905 2588 ἅρματα
927 2518 1021 2572 δύο
1042 2520 1122 2590 τῷ
1151 2521 1294 2593 λόγῳ
1314 2521 1600 2588 ζεύξαντες
1623 2524 1681 2589 ἐξ
1704 2525 1909 2596 ἀρετῆς

321 2602 419 2657 καὶ
468 2602 687 2667 κακίας,
727 2605 986 2676 ἑκάτερον
1039 2607 1342 2679 ἐδείξαμεν,
1374 2610 1498 2663 ὅσον
1538 2611 1638 2681 μὲν
1682 2615 1782 2681 τῆς
1806 2630 1908 2666 τα·-

320 2686 751 2757 σπεινοςρροσύνης
803 2687 864 2740 τὸ
902 2688 1112 2761 κέρδος,
1160 2691 1283 2745 ὅσον
1314 2692 1371 2745 δὲ
1418 2692 1519 2762 τῆς
1552 2695 1810 2760 ἀπονοίας
1849 2695 1911 2748 τὸ

322 2768 543 2839 βλάϐος.
567 2769 716 2841 Δῦτη
752 2771 852 2841 μὲν
877 2772 983 2844 γὰρ
1006 2774 1101 2827 xui
1136 2773 1450 2847 δικαιοσύνῃ
1488 2777 1908 2851 συμϐεϐλημένη

320 2854 419 2905 καὶ
447 2853 720 2923 νηστείαις
752 2855 845 2908 καὶ
878 2855 1152 2925 δεκάταις,
1180 2859 1507 2931 ὑστέρησεν·
1529 2862 1710 2932 ἐκείνη
1735 2864 1791 2916 δὲ
1816 2864 1913 2916 καὶ

324 2935 467 3006 μετά
511 2937 786 3008 ἁμαρτίας
834 2940 1120 3009 ζευχθείσα
1162 2942 1428 3013 προέλαϐε
1456 2943 1517 2997 τὸ
1557 2944 1652 2997 τοὺ
1698 2945 1724 2984 δ
1751 2949 1914 3017 Φαρι-

325 3023 480 3074 σαίου
514 3020 727 3090 ζεῦγος,
756 3024 935 3077 καίτοι
987 3025 1193 3078 καὶτὸν
1221 3027 1434 3097 ἡνίοχον
1472 3027 1668 3099 ἔχουσα
1690 3031 1909 3100 φαῦλον.

325 3106 389 3158 Τί
409 3105 518 3176 γὰρ
532 3104 765 3158 τελώνου
786 3109 1003 3179 χεῖρον;
1039 3109 1179 3163 Ἀλλ’
1207 3110 1357 3182 ὅμως
1384 3112 1570 3183 ἐπειδὴ
1599 3114 1913 3185 συνέτριψεν

283 3184 289 3190 ’
324 3189 489 3243 αὑτοῦ
528 3189 628 3261 τὴν
647 3189 844 3260 ψυχὴν,
899 3193 994 3245 xui.
1044 3193 1368 3265 ἁμαρτωλὸν
1414 3196 1609 3250 ἑαυτὸν
1636 3184 1913 3262 ἐκάλεσεν,

325 3275 461 3345 ὅπερ
492 3269 584 3344 ἦν,
616 3274 859 3345 ὑπερέϐη
905 3274 999 3328 τὸν
1037 3277 1328 3349 Φαρισαῖον
1353 3280 1447 3332 xui
1478 3282 1730 3348 νηστείας
1763 3281 1914 3354 [301]

324 3358 519 3427 ἔχοντα
576 3357 752 3410 εἰπεῖν
795 3358 889 3411 xui
920 3358 1171 3426 δεκάτας,
1197 3362 1291 3415 καὶ
1318 3362 1512 3427 κακίας
1531 3364 1709 3434 πάσης
1742 3366 1918 3437 ἀπηλ-

325 3442 614 3513 λαγμένον.
647 3442 802 3505 Τίνος
824 3442 1029 3509 ἕνεκεν,
1057 3445 1151 3498 xui
1170 3445 1259 3499 διὰ
1280 3446 1364 3513 τί,
1384 3447 1507 3501 "Ott
1531 3449 1581 3501 εί
1611 3449 1706 3501 καὶ
1729 3450 1919 3502 πλεον-

325 3525 476 3589 εξίας
529 3525 627 3578 καὶ
686 3526 942 3597 ἁρπαγῆς
999 3526 1351 3599 ἀπήλλακτο,
1410 3530 1508 3601 τὴν
1561 3531 1773 3602 μητέρα
1809 3533 1919 3586 τῶν

325 3607 514 3662 κακῶν
554 3608 770 3662 πάντων
809 3609 1113 3678 κενοδοξίαν
1146 3630 1202 3665 τε
1239 3612 1334 3666 xui
1361 3613 1621 3668 ἀπόνοιαν
1647 3610 1792 3684 εἶχεν
1828 3616 1920 3686 ἐρ-

326 3690 637 3763 ριζωμένην
668 3692 763 3746 ἐπὶ
808 3693 906 3762 τῆς
954 3692 1148 3764 ψυχῆς.
1196 3694 1295 3748 Διά
1336 3696 1493 3749 τοῦτο
1524 3697 1618 3749 xui
1646 3699 1674 3750 0
1709 3697 1919 3762 Παῦλος

326 3783 639 3853 παρακαλεῖ
688 3782 784 3837 xui
832 3783 1014 3852 λέγει’
1045 3786 1337 3853 Ἕκαστος
1374 3786 1441 3841 τὸ
1483 3788 1703 3844 ἑαυτοῦ
1739 3792 1915 3859 ἔργον

327 3872 703 3943 δοκιμαζέτω,
726 3874 824 3927 καί
846 3875 981 3928 τότε
1014 3876 1102 3942 εὶς
1126 3875 1344 3932 ἑαυτὸν
1366 3877 1434 3932 τὸ
1463 3880 1745 3949 καύχημα
1773 3882 1917 3946 ἕξει,

328 3966 429 4021 καὶ
453 3967 569 4020 οὐκ
595 3967 684 4031 εις
715 3965 821 4019 τὸν
850 3966 1074 4035 ἕτερον.
1118 3967 1354 4032 Ἐκεῖνος
1387 3970 1445 4023 δὲ
1468 3971 1566 4042 τῆς
1598 3972 1921 4043 οἰκουμένης

329 4050 552 4121 ἀπάσης
606 4050 882 4122 παρῆλθεν
907 4052 989 4115 εἰς
1020 4051 1183 4123 μέσον
1211 4054 1535 4125 κατήγορος,
1579 4056 1675 4109 xui
1707 4058 1923 4110 πάντων

328 4144 441 4196 τῶν
489 4142 659 4196 ὄντων
713 4141 1015 4213 ἀνθρώπων
1061 4144 1253 4197 ἐαυτὸν
1304 4143 1505 4215 ἔφησεν
1536 4142 1676 4201 εἶναι
1712 4147 1924 4219 βελτίω.

330 4232 530 4286 Καίτοι
572 4232 668 4286 xui
718 4233 766 4285 εί
798 4231 931 4285 δέκα
962 4233 1141 4301 μόνον,
1182 4234 1276 4286 xui
1307 4234 1356 4286 εί
1388 4235 1568 4300 πέντε,
1599 4237 1694 4290 xui
1722 4240 1771 4291 εί
1808 4238 1921 4299 δύο,

330 4324 429 4377 καὶ
459 4323 507 4376 εί
542 4321 660 4386 ἐνὸς
682 4320 871 4375 ἑαυτὸν
902 4320 1231 4392 προύθηκεν,
1254 4322 1373 4376 οὑδέ
1397 4322 1554 4377 τοῦτο
1574 4327 1796 4379 ἀνεκτὸν
1818 4322 1886 4397 ἦν
1904 4344 1919 4357 ⁸

329 4413 453 4467 νυνὶ
490 4413 547 4467 δὲ
568 4414 687 4484 οὑχὶ
709 4412 1017 4485 προύθηκεν
1042 4413 1231 4468 ἑαυτὸν
1264 4414 1422 4484 μόνον
1452 4416 1551 4487 τῆς
1578 4418 1921 4489 οἰκουμένης,

330 4507 473 4562 ἀλλά
509 4508 604 4560 xui
636 4507 1011 4577 κατηγόρησεν
1048 4506 1321 4560 ἁπάντων.
1349 4505 1447 4560 Διά
1471 4507 1627 4561 τοῦτο
1661 4510 1925 4581 ὑστέρησε

332 4599 480 4654 κατά
507 4600 595 4653 τὸν
628 4596 845 4672 δρόμον.
896 4599 1007 4652 Καὶ
1061 4598 1311 4668 καθάπερ
1344 4599 1471 4663 ναῦς
1502 4601 1672 4671 μυρία
1711 4601 1929 4674 διαδρα-

337 4691 517 4765 μοῢσα
537 4690 779 4762 κύματα,
802 4690 896 4745 xui
922 4691 1149 4755 πολλοὺς
1166 4690 1479 4761 ἐκφυγοῦσα
1501 4692 1790 4761 χειμῶνας,
1812 4688 1931 4746 εἶτα

336 4784 398 4835 ἐν
423 4780 572 4851 αὑτῷ
584 4779 661 4851 τῷ
684 4780 911 4850 στόματι
934 4780 1025 4833 τοῦ
1040 4778 1256 4850 λιμένος
1282 4779 1528 4849 σκοπέλῳ
1540 4780 1642 4832 τινὶ
1658 4781 1934 4851 προσαρά-

341 4875 484 4939 ξασα
544 4873 723 4927 πάντα
769 4872 860 4926 τὸν
882 4873 1304 4943 ἐναποκείμενον
1330 4871 1599 4934 ξάπόλλυσι
1624 4871 1896 4944 θησαυρόν
1914 4890 1928 4904 ⁶

336 4962 482 5016 οὕτω
503 4962 567 5033 δὴ
596 4963 689 5016 xui
733 4964 761 5015 0
805 4963 1118 5034 Φαρισαῖοις
1138 4954 1312 5026 οὗτος,
1334 4962 1459 5025 τοὺς
1486 4962 1681 5025 πόνους
1712 4964 1811 5031 τῆς
1840 4981 1932 5034 νη-

341 5055 524 5118 στείσς
544 5054 840 5124 ὑπομείνας
855 5055 950 5108 xui
970 5054 1067 5124 τῆς
1087 5053 1252 5125 ἄλλης
1270 5053 1472 5124 ἀρετῆς
1490 5054 1727 5122 ἀπάσης,
1742 5055 1931 5126 ἐπειδὴ

340 5144 590 5215 γλώττης
613 5146 713 5198 οὑκ
740 5145 1061 5217 ἐκράτησεν,
1094 5146 1151 5198 ἐν
1185 5142 1334 5214 αὑτῷ
1359 5143 1436 5214 τῷ
1464 5144 1641 5214 λιμένι
1666 5145 1727 5197 τὸ
1757 5163 1935 5214 φορτι-

342 5237 440 5291 x0v
462 5237 720 5306 ναυάγιον
741 5238 1017 5308 ὑπέμεινε.
1047 5236 1118 5291 Τὸ
1143 5237 1250 5309 γὰρ
1283 5238 1341 5304 ἐξ
1375 5239 1560 5309 εὑχῆς,
1580 5239 1700 5291 ὅθεν
1726 5240 1936 5310 κερδαί·

342 5347 457 5382 νειν
500 5329 629 5394 ἔδει,
679 5329 914 5382 τοσαῦτα
950 5328 1211 5398 βλαϐέντα
1242 5328 1438 5399 μᾶλλον
1477 5328 1749 5394 ἀπελθεῖν,
1784 5331 1934 5383 οὐδὲν

343 5423 529 5493 ἕτερόν
560 5422 726 5486 ἐστιν,
755 5422 788 5493 ἢ
822 5423 880 5476 ἐν
906 5422 1084 5495 λιμένι
1108 5422 1362 5491 ναυάγιον
1396 5423 1702 5493 ὑπομεῖναι.

411 5574 441 5602 ⁸
465 5571 579 5619 MSS.
608 5570 879 5621 Coibertini
909 5573 1002 5622 v70
1027 5577 1078 5622 et
1099 5572 1221 5621 5058
1245 5592 1257 5620 :
1298 5570 1396 5621 Τοῦ
1430 5571 1594 5623 αὑτοῦ.
1622 5576 1723 5638 Πρὸ
1760 5577 1935 5634 ταύτης

344 5632 580 5681 ὁμιλήσας
601 5636 665 5681 εἰς
686 5635 965 5681 Φαρισαῖον.
998 5634 1077 5681 νῖιν
1112 5636 1227 5681 πρὸς
1265 5634 1374 5681 τοὺς
1396 5635 1483 5681 οὑκ
1502 5638 1565 5681 εἰς
1588 5638 1714 5681 δέον.
1738 5655 1787 5681 x-
1811 5655 1858 5681 τ.
1886 5640 1929 5681 λ-

376 5635 580 5695 μιλήσας
601 5636 665 5689 εἰς
686 5635 965 5697 Φαρισαῖον,
998 5635 1077 5683 νῦν
1112 5636 1227 5697 πρὸς
1265 5635 1374 5689 τοὺς
1396 5635 1483 5682 οὑκ
1502 5638 1565 5690 εἰς
1588 5635 1714 5693 δέον,
1738 5655 1787 5686 κ.
1811 5655 1858 5685 τ.
1886 5640 1929 5685 λ.

414 5695 439 5732 b
470 5694 978 5765 Βυοχιιεεπροέλαϐε
1014 5698 1095 5745 καὶ
1136 5697 1401 5758 προέδραμε
1438 5697 1493 5744 τὸ
1528 5697 1631 5745 τοῦ.
1677 5701 1830 5749 Savil.
1880 5702 1932 5748 in

347 5767 504 5819 marg.
527 5759 607 5804 καὶ
625 5759 912 5818 παρέδραμε.

2080 2447 2147 2517 β’.
2172 2446 2338 2500 Ταῦτ’
2372 2440 2467 2499 οὖν
2489 2443 2707 2509 εἰδότες,
2734 2444 3030 2515 ἀγαπητοὶ,
3065 2446 3169 2500 κᾶν
3194 2448 3274 2511 εἰς
3302 2448 3473 2519 αὐτὴν
3498 2450 3597 2521 τῆς

2006 2530 2208 2601 ἀρετῆς
2274 2529 2374 2601 τὴν
2425 2527 2669 2600 κορυφὴν
2724 2526 3055 2599 ἀνέλθωμεν,
3108 2530 3327 2585 πάντων
3370 2533 3597 2595 ἑαυτοὺς

2007 2612 2267 2683 ἐσχάτους
2290 2610 2624 2683 νομίζωμεν,
2658 2609 2920 2682 μαθόντες
2950 2613 3029 2665 δτι
3062 2614 3157 2667 xui.
3202 2613 3262 2678 ἐξ
3282 2614 3460 2668 αὑτῶν
3489 2615 3601 2668 τῶν

2009 2696 2253 2769 οὐρανῶν
2303 2696 2534 2750 ἀπόνοια
2572 2694 2792 2747 δύναται
2826 2700 3175 2763 κατενεγκεῖν
3200 2700 3292 2752 τὸν
3322 2699 3396 2770 μὴ
3434 2716 3603 2770 προσ-

2010 2780 2225 2851 έχοντα,
2259 2782 2354 2834 καὶ
2381 2780 2441 2845 ἐξ
2469 2778 2637 2847 αὐτῆς
2656 2778 2755 2847 τῆς
2776 2777 3013 2830 ἀϐύσσου
3050 2779 3160 2832 τῶν
3189 2782 3601 2855 ἁμαρτημάτων
3699 2842 3707 2850 ,

2011 2865 2323 2932 ἀνενεγκεῖν
2357 2863 2438 2926 είς
2482 2860 2614 2931 ὕψος
2657 2861 3120 2931 ταπεινοφροσύνη
3166 2864 3256 2916 τὸν
3291 2864 3604 2934 μετριάζειν

2010 2948 2213 3001 εἰδότα.
2280 2946 2429 3014 Αὑτη
2483 2945 2593 3015 γὰρ
2638 2942 2744 3013 πρὸ
2779 2942 2871 2995 τοῦ
2913 2945 3212 3015 Φαρισαίου
3244 2947 3335 2999 τὸν
3364 2946 3603 3015 τελώνην

2014 3029 2269 3099 ἔστησεν·
2327 3027 2511 3097 ἐκείνη
2574 3026 2651 3088 δὲ,
2685 3027 2719 3095 ἡ
2768 3025 2994 3079 ἀπόνοια
3047 3026 3210 3095 λέγω,
3259 3028 3605 3099 καὶήὑπερ-

2014 3112 2237 3183 ηφανία,
2270 3113 2366 3165 xui
2399 3110 2690 3181 ἀσωμάτου
2711 3109 3057 3180 περιεγένετο
3079 3110 3357 3181 δυνάμεως
3380 3111 3472 3164 τοὺ
3491 3111 3606 3165 δια-

2016 3196 2208 3248 ϐόλου·
2248 3194 2281 3265 ἡ
2314 3193 2371 3246 δὲ
2403 3192 2869 3262 ταπεινοφροσύνη
2904 3195 2999 3245 xui
3040 3192 3147 3245 τῶν
3183 3194 3398 3247 οἰκείων
3425 3195 3607 3263 ἀμαρ-

2016 3279 2278 3349 τημάτων
2328 3276 2362 3346 ἡ
2415 3276 2711 3345 ἐπίγνωσις
2758 3277 2838 3339 είς
2888 3276 3214 3347 παράδεισον
3258 3276 3348 3329 τὸν
3403 3275 3606 3348 λῃστὴν

2019 3362 2281 3431 εἰσήγαγε
2310 3359 2415 3430 πρὸ
2436 3358 2545 3411 τῶν
2567 3358 2899 3413 ἀποστόλων.
2935 3360 2997 3413 Ei
3015 3360 3072 3412 δὲ
3100 3360 3149 3412 οἱ
3175 3360 3243 3412 τά
3269 3360 3445 3413 οἰκεῖα
3474 3361 3607 3429 ὁμο-

2017 3443 2299 3513 λογοῦντες
2337 3443 2728 3513 ἁμαρτήματα,
2758 3442 3026 3512 τοσαύτην
3060 3443 3269 3505 ἑαυτοῖς
3292 3441 3610 3513 προξενοῠσι

2018 3529 2119 3599 τὴν
2169 3527 2501 3598 παρρησίαν,
2549 3528 2598 3579 οί
2660 3525 2833 3578 πολλὰ
2890 3527 2986 3597 μὲν
3042 3527 3251 3587 ἑαυτοῖς
3310 3524 3609 3588 συνειδότες

2022 3610 2224 3680 ἀγαθὰ,
2256 3608 2639 3672 ταπεινοῦντες
2698 3609 2754 3661 δὲ
2804 3608 3011 3662 ἑαυτῶν
3057 3610 3156 3679 τὴν
3188 3609 3387 3680 ψυχὴν,
3426 3608 3609 3662 πόσων

2022 3697 2123 3748 οὑκ
2152 3692 2524 3757 ἐπιτεύξονται
2542 3693 2819 3761 στεφάνων
2843 3711 2857 3758 ;
2891 3693 3059 3745 Ὅταν
3081 3693 3188 3763 γὰρ
3212 3691 3453 3763 ἁμαρτία
3473 3708 3613 3762 συμ-

2023 3777 2330 3849 ϐεϐλημένη
2452 3779 2519 3847 τῇ
2574 3776 3059 3849 ταπεινοφροσύνῃ,
3102 3777 3242 3830 οὕτω
3277 3777 3460 3848 τρέχει
3491 3776 3611 3846 μετ’

2016 3861 2287 3925 εὐκολίας,
2322 3861 2398 3922 ὡς
2425 3858 2768 3927 δικαιοσύνην
2802 3861 2920 3929 μετ’
2949 3860 3205 3924 ἀπονοίας
3247 3856 3411 3913 οὖσαν
3444 3860 3614 3929 ὑπερ-

2019 3943 2183 4014 ϐῆναι
2233 3944 2326 3997 xui
2374 3942 2687 4014 προλαϐεῖν.
2722 3944 2820 3996 ’Ἂν
2874 3944 3055 3996 τοίνυν
3101 3944 3239 4015 μετά
3271 3942 3612 4011 δικαιοσύνης

2022 4027 2192 4098 αὑτὴν
2226 4025 2488 4095 συνάψῃς,
2520 4024 2623 4077 ποῦ
2654 4025 2753 4077 οὑκ
2777 4025 3064 4093 digitium;
3107 4027 3305 4090 πόσους
3326 4026 3385 4079 οὑ
3418 4026 3612 4097 διαϐή-

2028 4126 2177 4162 σεται
2224 4108 2522 4179 οὑρανούς;
2572 4108 2710 4178 Παρ⁹
2761 4109 2923 4161 αὑτὸν
2982 4110 3199 4173 πάντως
3238 4112 3491 4181 στήσεται
3518 4109 3612 4164 τοῦ

2028 4192 2162 4247 Θεοῦ
2200 4193 2291 4245 τὸν
2314 4192 2502 4264 θρόνον
2532 4191 2637 4245 ἀνά
2673 4192 2838 4263 μέσον
2866 4191 2972 4246 τῶν
3004 4193 3251 4261 ἀγγέλων
3296 4193 3435 4266 μετά
3469 4198 3613 4265 παῤ-

2031 4285 2226 4356 ρησίας
2254 4285 2474 4353 πολλῆς.
2504 4284 2674 4339 Πάλιν
2706 4286 2755 4338 εί
2784 4286 2918 4355 μετὰ
2950 4285 3291 4354 δικαιοσύνης
3319 4288 3353 4357 ἡ
3390 4286 3616 4340 ἀπόνοια

2031 4377 2337 4449 ζευχθεῖσα,
2358 4380 2426 4448 τῇ
2456 4380 2555 4446 τῆς
2579 4376 2785 4440 οἰκείας
2806 4378 3004 4441 κακίας
3033 4378 3302 4449 ὑπερϐολῇ
3327 4379 3421 4432 xui
3449 4378 3618 4449 βαρύ-

2031 4487 2154 4540 τητι
2197 4468 2528 4522 καθελκύσαι
2558 4468 2655 4538 τὴν
2685 4468 2900 4539 ἐκείνης
2943 4470 3255 4540 παρρησίαν
3284 4471 3521 4539 ἴσχυσεν,
3549 4470 3618 4524 ἂν

2036 4556 2175 4627 μετά
2196 4558 2470 4628 ἁμαρτίας
2581 4556 3023 4629 συμϐεϐλημέν-η,
3053 4560 3134 4622 εἰς
3166 4560 3337 4630 πόσην
3364 4560 3425 4613 οὑ
3453 4577 3619 4614 κατα·

2034 4649 2330 4721 κρημνίσαι
2363 4650 2650 4720 δυνήσεται
2681 4650 2772 4703 τὸν
2794 4651 2983 4721 ἔχοντα
3009 4652 3177 4722 αὐτὴν
3199 4652 3450 4721 γέενναν;

2103 4755 2289 4808 Ταῦτα
2324 4748 2506 4823 λέγω,
2539 4754 2635 4825 οὑχ
2670 4756 2759 4809 ἵνα
2788 4756 3080 4827 ἀμελῶμεν
3118 4757 3480 4827 δικαιοσύνης,
3503 4757 3616 4811 ἀλλ’

2035 4838 2122 4892 ἵνα
2151 4838 2411 4909 φύγωμεν
2463 4838 2750 4892 ἀπόνοιαν·
2788 4841 2884 4909 οὐχ
2932 4842 3017 4893 ἵνα
3054 4842 3474 4911 ἀμαρτάνωμεν,
3505 4842 3620 4894 ἀλλ’

2036 4924 2123 4977 ἵνα
2162 4923 2560 4992 μετριάζωμεν.
2609 4923 2868 4993 Θεμέλιος
2898 4924 3005 4996 γάρ
3054 4927 3168 4978 ἐστι
3207 4927 3305 4995 τῆς
3332 4926 3450 4979 καθ’
3476 4927 3621 4996 ἡμᾶς

2036 5006 2352 5075 φιλοσοφίας
2409 5008 2441 5076 ἡ
2486 5007 2971 5077 ταπεινοφροσύνη.
3021 5008 3139 5061 Κᾶν
3195 5010 3362 5080 μυρία
3419 5009 3622 5064 ἄνωθεν

2034 5091 2412 5159 οἱκοδομήσῃς,
2474 5090 2577 5142 κᾶν
2610 5090 2996 5161 ἐλεημοσύνην,
3032 5092 3132 5145 κᾶν
3177 5094 3363 5164 εὐχὰς,
3398 5093 3499 5147 κᾶν
3527 5112 3621 5163 νη-

2040 5172 2242 5236 στείαν,
2268 5172 2368 5225 κᾶν
2403 5174 2581 5225 πᾶσαν
2638 5174 2856 5245 ἀρετὴν,
2890 5176 3091 5246 ταύτης
3139 5177 3214 5247 μὴ
3250 5178 3622 5248 προκαταὸλη-

2038 5254 2243 5324 θείσης,
2297 5255 2474 5308 πάντα
2530 5256 2650 5325 εἰκῆ
2689 5258 2781 5309 καὶ
2832 5258 3007 5327 μάτην
3051 5259 3620 5330 ἐποικοδομηθήσεται,

2038 5340 2132 5391 xui
2184 5342 2570 5393 καταπεσεῖται
2601 5341 2799 5410 ῥᾳδίως
2838 5341 2977 5394 κατὰ
3013 5342 3111 5412 τὴν
3150 5345 3439 5415 οἰκοδομὴν
3471 5343 3623 5415 [502]

2039 5422 2251 5490 ἐκείνην
2295 5422 2393 5491 τὴν
2446 5424 2537 5474 ἐπὶ
2598 5425 2697 5493 τῆς
2731 5424 2955 5495 ψάμμου
3003 5427 3270 5482 τεθεῖσαν.
3322 5424 3483 5481 Οὐδὲν
3516 5425 3623 5495 γάρ

2040 5506 2206 5565 ἐστιν,
2238 5505 2389 5557 οὐδὲν
2414 5504 2522 5558 τῶν
2543 5507 2827 5578 ἡμετέρων
2866 5509 3325 5580 κατορθωμάτων,
3350 5510 3377 5561 ὃ
3416 5510 3475 5562 οὑ
3500 5509 3624 5561 ταύ-

2038 5604 2137 5657 της
2157 5589 2355 5641 δεῖται·
2392 5588 2542 5642 οὐδέν
2571 5593 2735 5653 ἐστιν,
2778 5591 2805 5643 ὃ
2835 5591 3003 5661 χωρὶς
3039 5592 3244 5662 ταύτης
3276 5592 3624 5663 στῆναιδυνή.

2044 5687 2213 5723 σεται.
2279 5671 2437 5724 Ἀλλά
2484 5673 2585 5726 κᾶν
2633 5674 2986 5744 σωφροσύνην
3048 5677 3224 5747 εἴπῃς,
3280 5676 3382 5727 κᾶν
3426 5677 3624 5744 παρθε-

2041 5753 2303 5819 νίαν,κᾶν
2358 5757 2654 5827 χρημάτων
2704 5757 3023 5828 ὑπεροψίαν,
3069 5757 3171 5811 κᾶν
3203 5758 3401 5822 ὁτιοῦν,
3449 5760 3624 5813 πάντα
