4020 6370
417 322 520 377 515

412 439 699 511 ἀκάθαρτα
752 440 845 493 καὶ
884 440 1055 513 ἐναγῆ
1096 440 1193 495 καὶ
1241 440 1473 511 βδελυρά
1501 434 2006 509 ταπεινοφροσύνης

414 522 683 593 ἀπούσης.
725 524 1008 595 Πανταχοῦ
1059 526 1239 579 τοίνυν
1262 523 1430 593 αὐτὴν
1459 520 2002 593 παραλαμϐάνωμεν,

415 609 473 659 ἐν
508 608 763 677 ῥήμασιν,
804 609 861 661 ἐν
890 610 1237 681 πράγμασιν,
1265 608 1323 660 ἐν
1351 606 1722 678 ἐνθυμήμασι,
1757 606 1852 658 καὶ
1868 603 2006 676 μετὰ

411 692 615 762 ταύτης
633 692 804 747 ταῦτα
824 693 1215 765 οίκοδομῶμεν.

482 782 551 844 γ’.
584 776 742 830 Ἀλλά
769 777 837 830 τά
861 778 956 847 μὲν
980 779 1108 848 περὶ
1122 774 1623 847 ταπεινοφροσύνης
1638 771 1837 834 ἱκανῶς
1857 768 2009 842 εἴρη-

412 875 523 920 ται,
542 862 602 912 οὐ
633 861 768 931 πρὸς
792 862 892 932 τὴν
912 860 1069 928 ἀξίαν
1090 862 1182 915 τοῦ
1207 859 1633 932 κατορθώματος
1657 875 1671 889 ο
1703 855 1876 918 οὐδεὶς
1897 854 2006 925 γὰρ

415 942 584 1013 αὐτὴν
613 945 733 997 κατ’
763 944 920 1010 ἀξίαν
946 946 1185 1017 ὑμνῆσαι
1217 946 1503 1015 δυνήσεται
1530 961 1543 973 ·
1572 942 1709 995 ἀλλά
1750 939 1887 1011 πρὸς
1906 938 2007 1009 τὴν

416 1025 631 1079 σύνεσιν
657 1028 756 1098 τῆς
777 1028 1048 1100 ὑμετέρας
1070 1030 1309 1099 ἀγάπης.
1327 1024 1398 1082 Εὐ
1420 1027 1527 1097 γὰρ
1553 1022 1649 1079 οἷδ’
1665 1028 1746 1080 ὃτι
1773 1025 1867 1078 καὶ
1899 1021 2008 1077 ἀπὸ

412 1109 611 1178 ὀλίγων
629 1111 737 1165 τῶν
796 1112 1099 1183 εἰρημένων
1151 1113 1288 1183 μετά
1328 1112 1530 1181 πολλῆς
1562 1109 1730 1182 αὐτὴν
1774 1108 2008 1162 ἐπισπάο

415 1193 574 1246 σεσθε
606 1195 701 1265 τῆς
722 1197 978 1266 σπουδῆς.
1023 1195 1239 1266 Ἐπειδὴ
1292 1194 1349 1248 δέ
1382 1195 1597 1264 ἀνάγκη
1630 1194 1723 1246 καὶ
1742 1192 1841 1263 τὴν
1869 1193 2009 1245 ἀπο-

415 1276 665 1348 στολικήν
700 1277 858 1349 ῥῆσιν
888 1279 985 1350 τὴν
1015 1280 1255 1349 σήμερον
1287 1276 1753 1347 ἀναγνωσθεῖσαν,
1795 1274 2010 1338 πολλοῖς

412 1358 674 1414 δοκοῦσαν
699 1362 956 1432 παρέχειν
999 1362 1270 1433 ῥᾳθυμίας
1317 1362 1621 1433 πρόφασιν,
1651 1360 1875 1430 ποιῆσαι
1905 1375 2010 1427 φα-

414 1444 579 1513 νερὰν
615 1445 709 1499 καὶ
748 1446 937 1516 δήλην,
976 1444 1117 1498 ὥστε
1169 1444 1243 1515 μὴ
1281 1444 1495 1517 ψυχράν
1538 1460 1658 1498 τινα
1714 1440 2010 1509 ἀπολογίαν

416 1526 665 1581 ἐντεῦθέν
688 1545 837 1592 τινας
868 1528 1256 1601 ποριζομένους
1296 1528 1397 1599 τῆς
1429 1529 1636 1591 οἰκείας
1660 1525 1884 1596 ἀμελεῖν
1908 1540 2012 1576 σω-

415 1611 634 1682 τηρίας.
665 1612 817 1683 φέρε,
871 1613 963 1666 ἐπὶ
995 1612 1199 1682 ταύτην
1227 1612 1320 1665 τὸν
1360 1612 1517 1681 λόγον
1553 1610 1875 1682 ἀγάγωμεν.
1914 1607 2012 1671 Τίς

414 1688 509 1747 οὖν
530 1696 731 1767 ἐστινή
759 1697 945 1768 ῥῆσιςς
982 1692 1117 1750 Εἴτε
1150 1694 1470 1766 προφάσει,
1498 1695 1681 1765 φησὶν,
1713 1695 1834 1747 εἴτε
1858 1693 2011 1758 ἀλη-

416 1779 546 1845 θείᾳ
576 1780 830 1847 Χριστὸς
857 1781 1345 1850 καταγγέλλεται.
1377 1779 1547 1833 Τοῦτο
1571 1779 1756 1833 πολλοὶ
1780 1776 2013 1849 περιφέ-

421 1877 603 1932 ρουσιν
628 1863 813 1927 ἀπλῶς
841 1866 937 1920 καὶ
982 1864 1058 1929 ὡς
1103 1863 1314 1935 ἔτυχεν,
1348 1865 1409 1918 οὐ
1437 1865 1508 1917 τά
1550 1863 1815 1935 πρότερα,
1854 1862 1914 1914 οὐ
1944 1860 2013 1914 τά

419 1945 559 2015 μετὰ
589 1946 761 2001 ταῦτα
803 1948 1296 2018 ἀναγινώσκοντες·
1335 1948 1473 2003 ἀλλά
1531 1950 1631 2018 τῆς
1688 1945 2015 2009 ἀκολουθίας

415 2030 524 2083 τῶν
548 2031 748 2085 λοιπῶν
778 2032 1152 2103 ἀποκόψαντες
1187 2033 1364 2104 μελῶν
1405 2033 1491 2086 ἐπ’
1515 2032 1722 2103 ὀλέθρῳ
1750 2030 1850 2102 τῆς
1892 2031 2017 2083 ἐαυ-

414 2113 527 2167 τῶν
576 2114 753 2188 ψυχῆς
803 2119 914 2180 τοῖς
971 2117 1363 2189 ῥᾳθυμοτέρως
1416 2116 1834 2188 προϐάλλονται.
1875 2115 2017 2167 Ἐπι-

417 2198 729 2269 χειροῦντες
757 2199 865 2268 γάρ
898 2201 1095 2265 αὐτοὺς
1130 2203 1228 2274 τῆς
1259 2200 1446 2270 ὑγιοῦς
1492 2200 1726 2267 ἀπάγειν
1757 2198 2014 2262 πίστεως,

417 2278 537 2335 εἶτα
582 2283 819 2354 ὁρῶντες
878 2284 1186 2349 δεδοικότας
1248 2286 1343 2340 καὶ
1393 2284 1738 2353 τρέμοντας,
1787 2282 1862 2346 ὼς
1915 2281 2018 2334 οὐκ

419 2364 701 2419 ἀκίνδυνον
756 2366 817 2421 ὃν
865 2367 1026 2422 τοῦτο
1060 2371 1254 2435 ποιεῖν,
1285 2370 1379 2422 καὶ
1432 2366 1748 2438 βουλόμενοι
1786 2365 1879 2419 τὸν
1924 2363 2020 2433 φό-

420 2448 517 2500 ϐον
552 2448 732 2502 αὐτῶν
772 2449 1019 2518 ἐκλῦσαι,
1060 2454 1158 2521 τήν
1195 2450 1559 2521 ἀποστολικήν
1614 2448 1820 2520 ταύτην
1873 2463 2019 2518 παρ-

421 2532 645 2601 άγουσιν
664 2534 842 2605 ῥῆσιν,
870 2534 1139 2605 λέγοντες·
1162 2537 1223 2589 '0
1241 2535 1452 2599 Παῦλος
1474 2534 1821 2607 συνεχώρησε
1837 2532 2016 2595 τοῦτον

423 2615 597 2670 εἰπών
621 2633 635 2648 ·
675 2619 813 2672 Εἴτε
840 2619 1158 2689 προφάσει,
1185 2620 1306 2673 εἶτε
1330 2618 1585 2688 ἀληθεία
1612 2616 1867 2686 Χριστὸς
1891 2632 2021 2669 κατ-

423 2700 795 2769 αγγελλέσθω.
829 2703 969 2757 Ἀλλ’
994 2706 1095 2759 οὐκ
1139 2705 1255 2758 ἐστι
1274 2703 1472 2765 ταῦτα,
1502 2704 1604 2757 οὐκ
1626 2701 1765 2755 ἐστι.
1794 2698 2020 2773 Πρῶτον

428 2785 529 2856 μὲν
555 2785 666 2857 γάρ
689 2787 789 2841 οὐκ
826 2788 1038 2859 είρηκε,
1073 2787 1552 2857 καταγγελλέσθω,
1590 2785 1745 2851 ἀλλά,
1801 2800 2020 2853 καταγ-

424 2870 703 2938 γέλλεται
722 2886 736 2901 ο
768 2870 906 2924 πολὺ
933 2871 990 2925 δὲ
1017 2871 1081 2925 τὸ
1113 2872 1277 2942 μέσον
1301 2871 1496 2925 τούτου
1528 2869 1804 2925 κάκείνου.
1824 2866 1899 2921 Τὸ
1921 2866 2021 2937 μὲν

423 2949 535 3023 γὰρ
588 2954 797 3020 εἰπεῖν,
842 2954 1332 3023 καταγγελλέσθω,
1388 2952 1807 3026 νομοθετοῦντός
1862 2953 2021 3004 ἐστι·

425 3034 488 3086 τὸ
514 3035 571 3088 δὲ
606 3038 801 3100 εἰπεῖν,
866 3038 1361 3108 καταγγέλλεται,
1407 3038 1467 3091 τὸ
1512 3036 1810 3103 συμϐαῖνον
1842 3035 2024 3101 ἀπαγ-

427 3116 729 3185 γέλλοντος.
773 3121 897 3176 Ὀτι
924 3122 982 3176 δὲ
1024 3123 1085 3176 οὐ
1130 3122 1408 3195 νομοθετεῖ
1435 3120 1644 3185 Παῦλος
1678 3118 1916 3191 αἱρέσεις
1943 3109 2023 3169 εἷ-

429 3218 539 3265 ναι,
596 3204 733 3257 ἀλλὰ
787 3205 990 3275 ἀπάγει
1030 3207 1237 3271 πάντας
1278 3206 1405 3269 τοὺς
1445 3203 1593 3275 αὐτῷ
1634 3202 2022 3275 προσέχοντας,

431 3287 664 3345 ἄκουσον
684 3290 738 3344 τί
766 3309 931 3364 φησιν
951 3310 964 3324 ο
992 3292 1068 3345 El
1097 3310 1189 3359 τις
1224 3288 1379 3361 ὑμᾶς
1422 3285 1861 3359 εὐαγγελίζεται
1888 3291 2024 3355 παρ’

433 3371 465 3423 ὃ
496 3374 879 3441 παρελάϐετε,
900 3374 1168 3445 ἀνάθεμα
1199 3373 1375 3439 ἔστω,
1407 3372 1522 3427 κᾶν
1548 3373 1683 3443 ἐγὼ,
1704 3372 1813 3425 κᾶν
1851 3370 2025 3441 ἀγγε-

432 3458 543 3522 λος
570 3456 639 3521 ἑξ
677 3459 965 3526 οὐρανῶν.
998 3460 1112 3513 Οὐκ
1143 3458 1207 3513 ἂν
1233 3458 1289 3510 δέ
1320 3457 1677 3528 ἀνεθεμάτισε
1716 3456 1812 3509 καὶ
1835 3452 2026 3507 ἐαυτὸν

434 3540 530 3592 καὶ
552 3540 800 3608 ἄγγελον,
825 3544 872 3596 εἰ
892 3543 952 3595 τὸ
978 3543 1208 3612 πρᾶγμα
1234 3542 1513 3595 ἀκίνδυνον
1535 3540 1673 3611 ᾔδει.
1708 3538 1813 3592 Καὶ
1840 3538 2025 3603 πάλιν,

434 3622 610 3690 Ζηλῶ
667 3625 777 3694 γὰρ
818 3624 978 3695 ὑμᾶς
1011 3626 1159 3680 Θεοῦ
1206 3624 1382 3692 ζήλῳ,
1427 3626 1625 3696 φησίν·
1665 3622 2030 3693 ἡρμοσάμην

433 3703 546 3773 ⁸γὰρ
572 3706 729 3774 ὑμᾶς
754 3707 845 3760 ἐνὶ
875 3708 1047 3776 ἀνδρὶ
1070 3710 1370 3777 παρθένον
1392 3708 1605 3779 ἁγνήν.
1632 3706 1931 3777 Φοϐοῦμαι
1959 3705 2029 3759 δὲ

430 3789 665 3859 μήποτε
683 3792 763 3857 ὡς
782 3794 815 3845 ό
835 3790 967 3861 ὄφις
989 3794 1151 3847 Εὕαν
1169 3792 1485 3860 ἠπάτησεν
1507 3790 1666 3859 ἐντῇ
1694 3790 2031 3859 πανουργίᾳ

437 3874 645 3940 αὐτοῦ,
696 3874 849 3929 οὕτω
884 3875 1082 3944 φθαρῇ
1115 3877 1189 3931 τὰ
1237 3874 1510 3945 νοήματα
1554 3876 1725 3945 ὑμῶν
1756 3875 1875 3929 ἀπὸ
1916 3873 2029 3943 τῆς

437 3956 781 4025 ἁπλότητος
808 3957 915 4027 τῆς
942 3962 1029 4025 εις
1058 3959 1165 4013 τὸν
1187 3960 1465 4028 Χριστόν.
1484 3958 1614 4013 Ἰδοὺ
1636 3958 1729 4012 καὶ
1749 3957 2030 4027 ἁπλότητα

436 4038 670 4106 τέθεικε,
705 4043 801 4094 καὶ
824 4041 1152 4113 συγγνώμην
1177 4044 1277 4096 οὐκ
1307 4042 1528 4096 ἔδωκεν.
1564 4042 1627 4095 Εἰ
1664 4041 1770 4112 γὰρ
1796 4036 1864 4112 ἦν
1896 4057 2031 4109 συγ-

436 4124 651 4196 γνώμη,
709 4125 953 4190 κίνδυνος
990 4128 1090 4179 οὐκ
1138 4123 1233 4200 ἦν·
1270 4128 1317 4180 εἰ
1351 4127 1407 4180 δὲ
1430 4125 1668 4189 κίνδυνος
1697 4125 1798 4178 οὐκ
1819 4121 1907 4196 ἦν,
1932 4123 2031 4176 οὐκ

438 4210 506 4261 ἂν
534 4210 776 4281 ἐφοϐήθη
804 4210 1015 4274 Παῦλος
1036 4227 1049 4239 ·
1074 4211 1168 4263 καὶ
1196 4210 1295 4279 οὐχ
1321 4211 1349 4261 ό
1380 4208 1613 4280 Χριστὸς
1635 4208 1693 4261 δέ
1722 4210 1789 4262 τά
1819 4206 2031 4274 ζιζάνια

437 4295 542 4349 κᾶν
568 4295 819 4348 ἐκέλευσε
853 4306 879 4336 ι
906 4295 1273 4365 κατακαῆναι,
1300 4296 1349 4346 εἰ
1384 4295 1616 4365 πρᾶγμα
1641 4292 1934 4365 ἀδιάφορον
1963 4289 2032 4364 ἦν

438 4380 533 4432 καὶ
560 4379 763 4452 τούτῳ,
793 4379 1051 4451 κάκείνῳ,
1079 4380 1174 4433 καὶ
1206 4379 1376 4450 ἐτέρῳ
1404 4378 1717 4451 προσέχειν,
1734 4378 1826 4431 καὶ
1867 4379 2031 4431 πᾶσιν

440 4462 648 4527 ἁπλῶς.

512 4548 575 4602 δ’.
603 4548 670 4601 Τί
726 4548 845 4601 ποτ’
872 4543 965 4602 οῦν
994 4548 1111 4602 ἐστι
1133 4548 1194 4602 τὸ
1225 4548 1552 4619 λεγόμενον;
1583 4544 1796 4617 Μικρὸν
1828 4544 2036 4600 ἄνωθεν

444 4634 572 4702 ὑμῖν
611 4632 710 4703 τὴν
744 4633 984 4704 ἱστορίαν
1041 4632 1258 4687 ἅπασαν
1312 4630 1678 4703 διηγήσασθαι
1732 4628 2030 4700 βούλομαι’

443 4719 524 4772 δεῖ
567 4718 674 4788 γὰρ
726 4717 924 4770 εἰδέναι
974 4719 1032 4770 ἐν
1058 4718 1201 4770 τίσιν
1228 4719 1257 4770 ὁ
1290 4716 1501 4780 Παῦλος
1539 4711 1628 4786 ἦν,
1658 4715 1823 4783 ἡνίκα
1860 4712 2035 4767 ταῦτα

447 4801 786 4855 ἐπέστελλεν.
814 4802 901 4854 Ἐν
922 4800 1031 4853 τίσι
1060 4799 1239 4853 τοίνυν
1262 4796 1330 4871 ἦν
1347 4800 1466 4853 τότε
1489 4816 1503 4863 ;
1541 4798 1631 4851 Ἐν
1672 4797 2032 4868 δεσμωτηρίῳ

382 4887 386 4893 ’
450 4884 703 4956 [505]καί
723 4883 1051 4938 ἀλύσεσικαί
1068 4883 1332 4946 κινδύνοις
1354 4883 1666 4954 ἀφορήτοις.
1688 4879 1859 4935 Πόθεν
1878 4879 2035 4933 τοῦτο

450 4970 638 5041 δῆλον;
665 4968 755 5035 Ἐξ
781 4970 949 5040 αὐτῆς
976 4969 1076 5037 τῆς
1094 4966 1401 5039 ἐπιστολῆς.
1430 4965 1828 5036 ’Δνωτέρωγάρ
1844 4962 2034 5016 τούτου

453 5052 587 5124 φησί
610 5071 623 5084 ο
654 5053 987 5107 Γινώσκειν
1011 5050 1080 5106 δὲ
1108 5051 1265 5121 ὑμᾶς
1285 5050 1607 5119 βούλομαι,
1646 5047 1920 5117 ἀδελφοὶ,
1948 5046 2038 5099 ὅτι

452 5136 527 5190 τὰ
554 5135 677 5189 κατ’
702 5135 806 5205 ἐμὲ
819 5134 1058 5204 μᾶλλον
1080 5138 1167 5202 εὶς
1192 5132 1510 5203 προκοπὴν
1532 5132 1640 5185 τοῦ
1668 5131 2038 5201 Εὑαγγελίου

453 5220 778 5286 ἐλήλυθεν,
817 5219 974 5273 ὥστε
1010 5219 1154 5285 τοὺς
1193 5218 1451 5288 δεσμούς
1487 5235 1605 5287 μου
1636 5213 1933 5286 φανεροὺς
1968 5214 2040 5267 ἐν

455 5302 686 5375 Χριστῷ
702 5303 976 5373 γενέσθαι
999 5304 1067 5357 ἐν
1082 5302 1202 5368 ὅλῳ
1218 5301 1297 5368 τῷ
1308 5303 1651 5371 πραιτωρίῳ,
1667 5302 1764 5354 καί
1782 5300 1905 5365 τοῖς
1924 5303 2041 5354 λοι-

457 5390 594 5456 ποῖς
617 5390 825 5445 ἅπασιο
844 5387 1096 5454 καὶτοὺς
1119 5389 1405 5454 πλείονας
1428 5386 1497 5440 δὲ
1514 5386 1633 5441 τῶν
1655 5384 1931 5454 ἀδελφῶν
1947 5400 2041 5436 πε-

460 5475 740 5539 ποιθότας
769 5471 893 5538 τοῖς
939 5473 1180 5542 δεσμοῖς
1202 5490 1321 5542 μου
1347 5469 1787 5541 περισσοτέρως
1814 5467 2042 5538 τολμᾷν

461 5558 694 5625 ἀφόϐως
724 5557 831 5611 τόν
856 5557 1042 5625 λόγον
1076 5556 1307 5612 λαλεῖν.
1342 5557 1532 5625 Νέρων
1561 5555 1617 5609 δὲ
1644 5552 1712 5626 ἦν
1748 5553 1909 5611 αὐτὸν
1946 5555 2044 5623 ἐμ-

462 5640 740 5711 ϐεϐληκὼς
775 5643 897 5696 τότε
967 5640 1046 5711 τῷ
1090 5642 1466 5712 δεσμωτηρίῳ.
1520 5639 1787 5711 Καθάπερ
1826 5636 1934 5707 γάρ
1961 5652 2045 5698 τις

465 5754 714 5865 nl?“
745 5771 834 5807 ⁵³³·
856 5754 949 5805 ⁷4⁸
974 5755 1056 5804 καὶ
1079 5756 1105 5804 δ
1142 5754 1345 5817 Χριστὸς
1376 5755 1427 5803 δὲ
1462 5753 1521 5801 τὰ
1545 5752 1721 5808 ζιζάνια
1747 5750 1834 5799 οὐκ
1852 5750 1908 5798 ἂν
1940 5748 2045 5797 ἐκέ-

1131 326 1192 385 S.
1228 323 1509 385 JOANNIS
1541 317 2037 379 CHRYSOSTOMI
2073 315 2395 374 ARCHIEP.
2432 308 2984 370 CONSTANTINOP.

3571 299 3678 357 εει

2104 430 2314 502 λῃστὴς
2349 431 2449 503 τῆς
2498 429 2679 493 οἰκίας
2727 426 2943 491 ἐπιϐάς,
2998 421 3369 477 καθευδόντων
3418 420 3695 483 ἁπάντων,

2104 522 2176 570 τὰ
2234 516 2413 570 πάντα
2470 513 2891 587 ὑφαιρούμενος,
2932 509 3153 565 ἐπειδὰν
3208 510 3295 582 ῖδῃ
3345 506 3467 560 τινὰ
3501 505 3699 575 λύχνον

2106 600 2343 668 ἆψαντα,
2367 600 2464 653 καὶ⁸
2478 598 2540 652 τὸ
2571 598 2688 668 φῶς
2712 597 2982 657 σϐέννυσι,
3003 590 3208 647 καὶτὸν
3229 589 3518 662 λυχνοῦχον
3544 589 3702 642 ἀναι-

2108 687 2212 756 ρεῖ,
2247 684 2335 738 ῖνα
2359 682 2498 754 μετά
2532 681 2719 744 ἀδείας
2739 677 2886 748 αὐτῷ
2913 677 2983 731 τά
3013 676 3123 729 τῶν
3152 675 3328 729 ἀλλων
3349 671 3699 756 ὑφαιρεῖσθαι

2107 754 2202 821 καὶ
2232 764 2500 838 ἁρπάζειν
2529 764 2624 835 ἐξῇ
2648 780 2661 792 ·
2683 762 2828 816 οὕτω
2852 761 2917 833 δὴ
2939 760 3034 814 καὶ
3055 758 3246 831 Νέρων
3268 760 3297 812 ό
3318 759 3534 827 Καῖσαρ
3551 754 3701 838 τότε,

2107 837 2391 922 ῶσπερτις
2415 848 2618 920 λῃστὴς
2640 848 2734 901 καὶ
2747 841 3098 916 τοιχωρύχος,
3126 841 3494 897 καθευδόντων
3526 837 3704 893 άπάν-

2107 953 2216 989 των
2248 934 2416 1006 βαθύν
2470 950 2591 987 τινα
2630 931 2727 985 καὶ
2749 929 3070 999 ἀναίσθητον
3120 927 3307 991 ὕπνον,
3355 924 3424 978 τὰ
3482 923 3703 977 πάντων

2110 1019 2393 1091 ἀρπάζων,
2420 1018 2633 1089 γάμους
2647 1013 2965 1085 διορύττων,
2983 1011 3160 1075 οἰκίας
3194 1010 3536 1081 ἀνατρέπων,
3555 1007 3705 1091 ἅπαν

2108 1084 2310 1168 κακίας
2342 1084 2483 1166 εἶδος
2500 1084 2980 1169 ἐπιδεικνύμενος,
3022 1094 3210 1165 ἐπειδὴ
3242 1094 3334 1147 τὸν
3360 1091 3572 1146 Παῦλον
3596 1084 3706 1143 εἶδε

2108 1186 2301 1258 λύχνον
2359 1185 2575 1256 ἄφαντα
2607 1182 2750 1238 κατά
2798 1180 2897 1252 τήν
2930 1178 3277 1250 οἰκουμένην,
3317 1176 3406 1231 τὸν
3434 1172 3531 1246 τῆς
3559 1172 3707 1258 διδα-

2111 1257 2337 1334 σκαλίας
2366 1269 2547 1338 λόγον,
2604 1268 2701 1321 καὶ
2753 1266 3046 1335 ἐλέγχοντα
3084 1261 3248 1316 αὐτοῦ
3281 1259 3379 1332 τὴν
3412 1257 3705 1328 πονηρίαν,

2109 1351 2408 1417 ἐσπούδαζε
2432 1352 2528 1406 καὶ
2551 1350 2613 1405 τὸ
2634 1352 2901 1422 κήρυγμα
2944 1346 3158 1408 σϐέσαι,
3191 1346 3289 1398 καὶ
3328 1342 3419 1395 τὸν
3447 1341 3709 1395 διδάσκα-

2109 1437 2200 1491 λον
2253 1437 2481 1503 ἀνελεῖν,
2529 1436 2615 1488 ῐνα
2672 1433 2789 1504 μετ’
2837 1429 3085 1497 ἐξουσίας
3124 1427 3275 1498 αὐτῷ
3304 1426 3481 1479 πάντα
3535 1425 3710 1477 ποιεῖν

2109 1520 2328 1593 ἐξῇ,καί
2350 1519 2519 1591 δήσας
2539 1518 2631 1573 τὸν
2661 1518 2817 1586 ἅγιον
2834 1518 3038 1570 ἐκεῖνον
3061 1512 3315 1568 ἐνέϐαλεν
3334 1511 3414 1572 εἰς
3429 1507 3713 1593 δεσμωτή-

2114 1591 2247 1678 ριον.
2283 1604 2417 1658 Τότε
2448 1603 2629 1657 τοίνυν
2652 1601 2825 1655 ταῦτα
2848 1599 3086 1671 ἔγραφεν
3113 1600 3142 1652 ό
3170 1596 3440 1668 μακάριος
3470 1591 3709 1651 Παῦλος.

2182 1690 2280 1753 Τίς
2299 1689 2401 1743 οὐκ
2436 1688 2502 1743 ἂν
2526 1684 2864 1756 ἐκπλαγείη;
2892 1684 2977 1747 τίς
3003 1683 3104 1736 οὐκ
3122 1680 3189 1735 ἂν
3218 1679 3545 1750 θαυμάσειε;
3570 1676 3713 1746 μᾶλ-

2111 1774 2200 1828 λον
2224 1774 2280 1828 δέ
2301 1772 2386 1837 τίς
2411 1773 2529 1826 κατ’
2565 1770 2722 1836 ἀξίαν
2763 1765 3069 1836 ἐκπλαγείη
3125 1765 3221 1818 καὶ
3263 1762 3597 1833 θαυμάσειεν
3646 1757 3715 1811 ἂν

2111 1857 2210 1930 τήν
2242 1856 2495 1926 γενναίαν
2528 1854 2745 1923 ἐκείνην
2777 1850 2873 1906 καὶ
2888 1848 3240 1920 οὐρανομήκη
3271 1848 3471 1930 ψυχὴν,
3510 1843 3609 1930 ὅτιΔ
3626 1841 3715 1895 δε-

2112 1926 2337 2011 δενμένος
2380 1940 2438 1993 ἐν
2493 1938 2682 2009 Ῥώμῃ
2709 1936 2802 1992 καί⁵
2851 1933 3270 2007 καθειργμένος,
3318 1928 3425 1982 ἀπὸ
3456 1926 3715 2011 τοσούτου

2114 2010 2482 2095 διαστήματος
2497 2020 2879 2091 Φιλιππησίοις
2897 2016 3217 2073 ἐπέστελλεν
3241 2031 3256 2081 ;
3286 2015 3429 2067 Ἴστε
3454 2012 3565 2095 7&9
3590 2010 3716 2095 ὃσρν

2112 2108 2174 2162 τὸ
2233 2093 2397 2179 μέσον
2442 2103 2783 2168 Μακεδονίας
2832 2102 2927 2157 καὶ
2967 2101 3203 2173 Ῥώμης.
3269 2097 3407 2151 Ἀλλ’
3450 2094 3577 2148 οὐτε
3614 2093 3719 2179 τῆς

2113 2177 2244 2248 ὁδοῦ
2266 2193 2327 2246 τὸ
2354 2193 2547 2263 μῆκος,
2575 2188 2699 2243 οὔτε
2726 2186 2819 2242 τοῦ
2844 2188 3037 2259 χρόνου
3062 2184 3124 2238 τὸ
3144 2182 3365 2255 πλῆθος,
3404 2179 3530 2234 οὐτε
3559 2177 3719 2263 ότῶν

2116 2261 2460 2349 πραγμάτων
2508 2273 2685 2344 ὄχλος.
2722 2270 2846 2325 οὔτε
2872 2273 2899 2324 ό
2926 2270 3168 2332 κίνδυνος
3201 2266 3297 2321 καὶ
3324 2265 3392 2318 τά
3435 2261 3720 2330 ἐπάλληλα

2116 2360 2284 2424 δεινὰ,
2314 2358 2436 2412 οὐτε
2472 2358 2601 2413 ἄλλο
2659 2356 2811 2410 οὐδὲν
2850 2355 2950 2425 τὴν
2990 2353 3210 2424 ἀγάπην
3241 2352 3337 2405 καὶ
3362 2349 3461 2419 τὴν
3495 2348 3719 2418 μνήμην

2118 2442 2339 2510 ἐξέϐαλε
2359 2440 2469 2495 τῶν
2511 2439 2790 2512 μαθητῶν,
2821 2439 2936 2493 ἀλλ’
2979 2432 3123 2507 εἶχεν
3165 2434 3362 2496 αὐτοὺς
3388 2434 3636 2491 ἅπαντας
3661 2430 3720 2479 ἐν

2115 2525 2354 2597 διανοίᾳ·
2383 2526 2478 2579 καὶ
2506 2525 2605 2595 οὐχ
2634 2523 2810 2586 οὕτως
2834 2520 2985 2591 αὐτῷ
3012 2522 3135 2583 ταῖς
3171 2516 3424 2573 ἀλύσεσιν
3451 2515 3507 2567 αἱ
3535 2515 3721 2583 χεῖρες

2118 2595 2375 2673 ἐδέδεντο,
2405 2608 2482 2672 ὡς
2508 2607 2587 2678 τῷ
2619 2607 2770 2677 πόθῳ
2801 2604 2912 2659 τῶν
2967 2602 3228 2674 μαθητῶν
3259 2604 3293 2671 ή
3322 2599 3470 2669 ψυχὴ
3504 2595 3724 2678 συνεδές

2117 2692 2237 2747 δετο
2266 2693 2360 2747 καὶ
2386 2676 2706 2763 προσήλωτο
2725 2706 2737 2718 ·
2758 2690 2898 2761 ὅπερ
2935 2684 3031 2743 οῦν
3063 2688 3158 2742 καὶ
3186 2684 3317 2740 αὐτὸ
3342 2681 3523 2752 δηλῶν
3545 2681 3604 2732 ἐν

2120 2777 2392 2849 προοιμίῳ
2406 2762 2505 2847 τῆς
2544 2762 2831 2845 ἐπιστολῆς
2867 2774 3054 2842 ἐλεγε·
3088 2770 3192 2825 Διὰ
3219 2769 3287 2824 τὸ
3308 2769 3477 2839 ἔχειν
3525 2781 3603 2835 με

2119 2845 2193 2932 τῇ
2225 2845 2441 2930 καρδίᾳ.
2462 2845 2586 2930 μου
2619 2858 2796 2929 ὑμᾶς,
2828 2858 2900 2913 έν
2929 2875 2995 2912 τε
3022 2856 3147 2923 τοῖς
3175 2853 3420 2923 δεσμοῖς
3446 2868 3590 2921 μου,
3621 2845 3724 2901 και

2120 2948 2193 3000 έν
2216 2945 2290 3014 τῇ
2361 2945 2662 3014 ἀπολογίᾳ
2714 2941 2815 2997 καί
2839 2941 3163 3007 ,βεϐαιώσει
3184 2938 3292 2993 τοῦ
3321 2934 3721 3005 Εὑαγγελίου.

2122 3032 2233 3086 Καὶ
2253 3029 2504 3101 καθάπερ
2528 3025 2782 3098 βασιλεὺς
2816 3026 2909 3079 ἐπὶ
2926 3024 3018 3078 τὸν
3047 3023 3234 3095 θρόνον
3256 3018 3461 3082 ἀναϐὰς
3493 3016 3600 3071 ὑπὸ
3623 3016 3727 3101 τὴν

2122 3114 2198 3166 ἐω
2225 3115 2319 3167 καὶ
2372 3098 2601 3173 καθίσας
2646 3110 2706 3163 ἐν
2752 3110 2870 3173 ταῖς
2920 3107 3227 3180 βασιλικαῖς
3253 3102 3465 3165 αὐλαῖς,
3521 3098 3725 3171 μυρίας

2123 3196 2325 3260 εὐθέως
2356 3196 2574 3265 δέχεται
2604 3190 2943 3263 πανταχόθεν
2998 3188 3285 3251 ἐπιστολάς
3305 3203 3319 3217 ’
3352 3185 3496 3238 οὕτω
3522 3183 3587 3255 δὴ
3618 3182 3725 3235 κά-

2126 3282 2321 3344 κεῖνος,
2354 3279 2606 3349 καθάπερ
2640 3279 2697 3332 ἐν
2729 3275 3034 3347 βασιλικαῖς
3075 3274 3265 3336 αὐλαῖς
3328 3269 3405 3341 τῷ
3442 3268 3727 3337 δεσμωτη-

2130 3364 2229 3436 ρίῳ
2248 3362 2582 3435 καθήμενος,
2616 3360 2797 3432 πολλῷ
2819 3360 2990 3415 πλείω
3010 3360 3105 3415 καὶ
3121 3358 3331 3428 ἐδέχετο
3371 3355 3465 3408 καὶ
3505 3353 3727 3436 ἔπεμπε

2122 3435 2192 3501 τά
2217 3445 2695 3519 γράμματαδ,τῶν
2723 3445 3060 3516 πανταχόθεν
3080 3441 3250 3496 ἐθνῶν
3270 3439 3361 3493 ἐπὶ
3388 3437 3487 3508 τὴν
3512 3435 3729 3489 ἐκείνου

2127 3518 2319 3602 σοφίαν
2336 3518 2341 3519 ί
2356 3532 2496 3602 ὑπὲρ
2525 3531 2633 3586 τῶν
2655 3530 2778 3584 καθ’
2801 3529 3025 3591 ἐαυτούς
3056 3523 3397 3596 πραγμάτων
3422 3518 3731 3602 ἀναφερόν-

2125 3601 2235 3669 των
2265 3601 2500 3669 ἆπαντὼ
2538 3613 2633 3668 καὶ
2663 3612 2902 3681 τοσούτῳ
2930 3610 3151 3664 πλείονα
3174 3608 3478 3677 πράγματα
3498 3602 3594 3655 τοῦ
3633 3601 3735 3671 βα-

2127 3698 2430 3762 σιλεύοντος
2454 3697 2745 3769 ᾠκονόμει,
2775 3697 2885 3766 ὅσῳ
2901 3695 2994 3749 καὶ
3028 3693 3252 3764 μείζονα
3281 3690 3463 3761 ἀρχὴν
3490 3685 3735 3769 ἐμπεπί-

2128 3799 2336 3836 στευτο.
2369 3781 2445 3835 Οὐ
2474 3768 2584 3852 γὰρ
2611 3780 2677 3851 δὴ
2703 3780 2830 3843 τοὺς
2855 3779 2954 3851 τὴν
2989 3774 3277 3847 Ῥωμαίων
3300 3771 3585 3833 οἰκοῦντας
3615 3768 3732 3839 χώ-

2131 3884 2230 3938 ραν
2266 3866 2449 3936 μόνον,
2498 3851 2636 3917 ἀλλά
2669 3863 2765 3917 καὶ
2813 3863 2939 3925 τοὺς
2988 3860 3295 3931 βαρϐάρους
3336 3856 3603 3921 ἅπαντας,
3632 3851 3734 3938 καὶ

2126 3937 2233 4020 γῆν
2260 3950 2354 4003 καὶ
2386 3947 2656 4001 θάλατταν
2690 3946 2871 4016 φέρων
2899 3947 2979 4007 εἱς
3006 3943 3105 4006 τὰς
3147 3940 3356 3994 ἐκείνου
3389 3939 3581 4020 χεῖρας
3636 3937 3735 3988 ὲν-

2127 4032 2325 4105 έθηκεν
2381 4031 2410 4084 ὁ
2457 4029 2737 4093 Θεός.Καὶ
2762 4026 2923 4081 τοῦτο
2956 4024 3132 4098 δηλῶν
3172 4022 3464 4094 Ῥωμαίοις
3506 4019 3730 4105 ἔλεγενο

2132 4102 2222 4171 Οὐ
2249 4115 2403 4170 θέλω
2429 4114 2497 4168 δὲ
2520 4111 2677 4183 ὑμᾶς
2707 4110 2970 4182 ἀγνοεῖν,
3008 4107 3283 4176 ἀδελφοὶ,
3315 4105 3403 4159 ὅτι
3427 4102 3734 4167 πολλάκις

2127 4198 2328 4253 ἐλθεῖν
2353 4196 2690 4267 προεθέμην
2718 4194 2869 4264 πρὸς
2900 4189 3079 4263 ὑμεῖς,
3115 4190 3214 4244 καὶ
3243 4188 3560 4253 ἐκωλύθην
3586 4184 3734 4253 ἄχρι

2130 4282 2238 4337 τοῦ
2287 4282 2486 4350 δεῦρο,
2538 4281 2639 4334 ἳνα
2701 4276 2837 4333 τινὰ
2886 4276 3119 4345 καρπὸν
3168 4272 3299 4342 σχῶ
3334 4270 3433 4324 καὶ
3465 4268 3730 4337 ὲνύμῖν,

2130 4366 2326 4433 καθὼς
2369 4364 2468 4419 καί
2506 4364 2576 4418 ἐν
2599 4361 2726 4429 τοῖς
2768 4359 3004 4426 λοιποῖς
3042 4359 3313 4412 ἔθνεσιν·
3346 4352 3614 4420 Ἕλλησί
3663 4367 3733 4405 τε

2130 4451 2229 4505 καί
2248 4451 2589 4520 βαρθάροις,
2610 4445 2824 4516 σοφοῖς
2854 4462 2918 4499 τε
2940 4443 3037 4498 καί
3065 4438 3217 4515 [504]
3254 4436 3534 4505 ἀνοήτοις
3567 4436 3734 4520 ὀφει-

2131 4534 2317 4603 λέτης
2336 4519 2472 4603 είμί.
2507 4531 2640 4585 Καθ’
2671 4531 2907 4600 ἐκάστην
2934 4527 3114 4580 τοίνυν
3146 4521 3432 4593 ἐφρόντιζε
3469 4520 3567 4590 τὴν
3585 4519 3733 4603 ὴμέ-

2134 4602 2450 4691 ραν,ίτοῦτο
2482 4615 2546 4686 δὴ
2582 4611 2911 4685 Κορινθίοις,
2962 4609 3121 4662 τοῦτο
3258 4604 3559 4691 Μακεδόσι,
3604 4602 3734 4691 πῶς

2131 4685 2503 4772 ἑιιιλιπιτιτήσιοι,
2536 4685 2661 4760 πῶς
2713 4692 3101 4750 Καππαδόκαι,
3143 4689 3260 4751 πῶς
3298 4688 3557 4749 Γαλάται,
3607 4685 3733 4749 πῶς

2145 4770 2438 4857 Ἀθηναῖοι,
2473 4782 2590 4846 πῶς
2617 4781 2666 4833 οἰ
2692 4778 2785 4832 τὸν
2810 4778 3011 4831 Πόντον
3030 4774 3328 4840 οἰκοῦντες,
3345 4772 3463 4835 πῶς
3489 4770 3733 4833 ἅπαντες

2132 4852 2431 4940 ἄνθρωποι.
2477 4864 2613 4917 Ἀλλ’
2636 4863 2785 4933 ὅμως
2811 4860 2910 4931 τὴν
2942 4859 3048 4929 γῆν
3077 4860 3295 4912 ἃπασαν
3311 4852 3733 4940 ἐγκεχειρισμέ-

2132 4935 2248 5015 νος
2276 4952 2377 5021 οὐχ
2428 4948 2568 5019 ὐπέρ
2619 4946 2789 4999 ἐθνῶν
2855 4942 3164 5014 ὁλοκλήρων
3211 4939 3484 5009 ἐμερίμνα
3543 4935 3728 5007 μόνον,

2132 5036 2267 5093 ἀλλά
2290 5020 2384 5088 κάι
2416 5033 2557 5103 ὑπὲρ
2581 5031 2697 5093 ἐνὸς
2718 5026 3005 5101 ἀνθρώπου
3027 5045 3038 5056 -
3074 5025 3167 5079 και
3200 5022 3295 5078 νῦν
3336 5023 3435 5093 μὲν
3462 5021 3532 5073 δι’
3566 5020 3728 5089 Ὀνή-

2137 5137 2295 5192 σιμον
2330 5120 2426 5189 τὴν
2463 5127 2486 5156 α
2531 5113 2819 5183 ἐπιστολὴν
2870 5111 3105 5181 ἔπεμπε,
3133 5107 3229 5162 νῦν
3341 5105 3432 5192 διὰ
3459 5105 3551 5158 τὸν
3575 5104 3731 5174 παρά

2135 5188 2444 5274 Κόρινθίοις
2469 5196 2899 5269 πεπορνευκότα.
2919 5194 3053 5248 Οὐδὲ
3069 5192 3177 5263 γὰρ
3198 5189 3617 5274 τοῦωῗέσκόπει,
3645 5188 3729 5239 ὅτι

2139 5270 2357 5357 εἷς-ἦνό
2388 5282 2669 5355 ἁμαρτὼν,
2697 5281 2792 5333 καὶ
2825 5279 3076 5349 δεόμενος
3101 5273 3437 5357 προστασίας
3460 5289 3473 5302 ·
3645 5271 3728 5323 ὅτι

2140 5371 2233 5425 ἄνθ
2244 5351 2534 5441 ρωπος-ἧν,
2558 5365 2840 5435 ἄνθρωπος
2866 5362 2927 5414 τὸ
2950 5360 3028 5431 τῷ
3051 5358 3170 5428 Θεῷ
3212 5355 3541 5441 τιμιώτατον
3559 5351 3727 5441 ζῶον,

2140 5436 2254 5509 καὶ-
2281 5454 2347 5505 δι’
2390 5436 2615 5505 δνῖούδέ
2656 5446 2752 5500 τοῦ
2784 5441 3123 5511 Μονογενοῦς
3168 5438 3409 5507 όΠατὴρ
3450 5436 3725 5505 ἐφείσατο.

2211 5547 2271 5594 ε’.
2294 5537 2385 5608 Μὴ
2414 5537 2521 5604 γάρ
2556 5550 2643 5603 μοι
2694 5530 2851 5583 τοῦτο
2879 5528 3061 5597 εἴπῃς,
3086 5527 3166 5577 ὅτι
3193 5522 3479 5608 Δραπέτης
3507 5521 3537 5572 ὁ
3555 5520 3723 5608 δεῖνα,

2142 5624 2236 5677 καὶ
2264 5601 2464 5693 λῃστής
2491 5601 2596 5671 ’καὶ
2626 5615 2882 5681 κλέπτης,
2932 5611 3028 5662 καὶ
3071 5612 3278 5678 μυρίων
3306 5605 3493 5673 γέμων
3516 5601 3725 5666 κακῶν,

2205 5743 2234 5783 b
2264 5742 2399 5791 Unus
2420 5751 2509 5786 ms.
2547 5737 2726 5797 ἔπεμπε
2748 5732 3045 5797 συνεχῶς.τά
3075 5744 3147 5791 γρ.
3174 5724 3290 5779 Cod.
3338 5722 3432 5774 748
3479 5723 3682 5784 σνχνῶς.

2213 5808 2235 5836 ⁸
2272 5806 2382 5855 Duo
2401 5813 2514 5850 mss.
2547 5792 2642 5860 μέν’
2660 5794 2904 5856 Ὀνησίμῳ
2926 5792 3029 5848 τήν.
